3936 6358
445 374 512 428 ει
1654 377 1737 433 CA
1747 377 1793 432 ll
1824 373 2089 433 ROMANI
2131 367 2564 432 PRESBYTER!
3624 385 3683 441 ss

446 481 729 537 Christum
754 482 932 553 ipsum
962 483 1195 556 denique
1228 485 1643 556 ignoraverunt:
1698 505 1807 544 non
1840 489 2017 560 inqui-

2121 489 2455 560 hyvoﬁmatv
2475 507 2488 521 ·
2523 490 2585 544 οὐ
2616 489 2668 543 τί
2701 492 2756 544 αἱ
2787 490 2927 546 θεῖαι
2957 492 3170 563 λέγουσι
3197 496 3428 567 Γραφαὶ,
3470 495 3698 570 ζητοῦνι

446 582 632 628 rentes
659 575 792 643 quid
839 592 1012 632 sacrae
1054 578 1291 633 doceant
1342 577 1656 648 Scripturae,
1692 582 1784 635 sed
1834 583 2020 652 cujus-

442 665 594 719 modi
642 667 1087 738 syllogismorum
1124 671 1298 741 ﬁgura
1332 671 1398 724 ad
1439 672 1871 727 conﬁrmandam
1917 674 2022 728 im-

443 757 700 825 pietatem
725 775 881 814 suam
913 761 1236 830 reperiatur,
1267 762 1486 818 assidue
1516 762 2020 830 meditantes.Quod

443 849 495 903 si
529 851 656 920 quis
689 852 933 922 aliquem
973 853 1170 909 divinae
1217 855 1511 924 Scriptura
1542 855 1723 911 locum
1755 857 1836 910 eis
1876 857 2018 926 obji-

445 942 578 1006 ciat,
615 947 930 1000 examinant
981 955 1162 1002 utrum
1211 963 1521 1004 connexum
1574 963 1643 1002 an
1685 949 2017 1018 disjunctum

449 1034 746 1107 syllogismi
798 1053 970 1108 genus
1013 1053 1079 1094 ex
1111 1054 1179 1094 eo
1210 1039 1403 1096 conﬁci
1444 1041 1638 1110 possit.
1688 1039 2020 1107 Relictisque

448 1136 614 1196 atque
669 1129 899 1198 ahjectis
943 1132 1117 1187 sacris
1165 1130 1261 1187 Dei
1313 1131 1648 1205 Scripturis,
1711 1131 2021 1203 geometria:

447 1219 702 1286 student;
732 1220 931 1290 quippe
963 1221 1058 1292 qui
1116 1231 1400 1279 terrestres
1456 1224 1566 1280 sint
1608 1234 1662 1279 et
1726 1223 2022 1293 loquantur

441 1320 699 1376 terrena,
751 1322 805 1368 et
855 1315 1008 1369 illum
1043 1317 1138 1385 qui
1167 1317 1234 1373 de
1284 1317 1423 1372 cmlo
1480 1317 1699 1372 advenit
1746 1317 2016 1387 ignorent.

420 1402 690 1468 ,Euclidis
745 1405 910 1475 igitur
965 1409 1260 1478 geometria
1306 1409 1448 1479 apud
1500 1409 1792 1463 nonnullos
1827 1423 2016 1462 eorum

447 1495 696 1550 studiose
717 1495 1016 1562 excolitur;
1036 1498 1354 1554 Aristoteles
1375 1515 1504 1554 vero
1527 1509 1579 1554 et
1608 1498 2018 1569 Theophrastus

446 1601 663 1641 summa
700 1589 1061 1646 admiratione
1103 1591 1512 1661 suscipiuntur;
1551 1591 1788 1647 Calenus
1835 1602 2015 1646 autem

445 1693 479 1732 ει
527 1679 854 1747 quibusdam
899 1681 1066 1736 etiam
1120 1683 1402 1738 adoratur.
1460 1683 1693 1738 Proinde
1738 1682 1872 1738 istos
1921 1682 2017 1752 qui

449 1765 752 1824 inﬁdelium
799 1771 1012 1826 artibus
1058 1787 1124 1828 ac
1155 1773 1461 1843 disciplinis
1511 1773 1577 1828 ad
1633 1772 2012 1828 stabiliendam

2124 595 2234 643 τες,
2283 577 2398 632 ἀλλ’
2449 581 2634 632 όποῖον
2691 581 2875 651 σχῆμα
2915 582 3270 655 συλλογισμοῦ
3321 586 3401 648 εἰς
3440 586 3541 655 τὴν
3596 589 3697 659 τῆς

2120 669 2412 740 ἀθεότητος
2458 668 2656 742 εὑρεθῇ
2706 670 2996 739 σύστασιν,
3037 674 3338 744 φιλοπόνως
3368 677 3695 744 ἀσκοῦντες·

2120 759 2221 814 κᾶν
2247 763 2432 825 αὐτοῖς
2477 762 2731 834 προτείνῃ
2775 781 2858 827 τις
2888 765 3049 836 ῥητὸν
3084 766 3308 836 Γραφῆς
3341 767 3547 839 θεῖκῆς,
3581 770 3700 834 ἑξε-

2119 850 2340 914 τάζουσι
2398 851 2628 922 πότερον
2687 854 3028 924 συνημμένον
3079 856 3112 926 ἦ
3155 855 3529 928 διεζευγμένον
3583 859 3696 929 (l7)

2118 941 2340 995 δύναται
2392 943 2616 1013 ποιῆσαι
2670 944 2854 1014 σχῆμα
2910 945 3306 1018 συλλογισμοῦ⁶
3366 949 3695 1004 καταλιπόν-

2119 1049 2208 1096 τες
2256 1033 2312 1087 δέ
2359 1034 2459 1098 τάς
2513 1035 2674 1104 ἁγίας
2715 1036 2808 1089 τοῦ
2851 1037 2985 1090 Θεοῦ
3045 1039 3298 1111 Γραφὰς,
3352 1043 3696 1114 γεωμετρίαν

2119 1125 2528 1196 ἐπιτηδεύουσιν
2559 1144 2573 1158 ·
2627 1127 2703 1191 ὡς
2735 1127 2801 1182 ἂν
2857 1130 2921 1182 ἐκ
2958 1130 3055 1200 τῆς
3113 1131 3216 1201 γῆς
3273 1131 3422 1196 ὅντες
3474 1133 3566 1186 καὶ
3629 1136 3695 1187 ἐκ

2119 1217 2218 1287 τῆς
2261 1217 2363 1288 γῆς
2394 1216 2715 1283 λαλοῦντες,
2765 1221 2858 1274 καὶ
2902 1221 2994 1274 τὸν
3026 1222 3229 1277 ἀνωθεν
3255 1225 3544 1296 ἐρχόμενον
3581 1225 3691 1295 (18)

2118 1309 2455 1377 ἀγνοοῦντες.
2493 1310 2789 1382 Εὐκλείδης
2815 1312 2946 1380 γοῦν
2982 1315 3130 1385 παρά
3161 1333 3300 1368 τισιν
3333 1317 3512 1370 αὐτῶν
3544 1318 3695 1388 φιλοη

2118 1401 2297 1464 πόνως
2333 1405 2754 1474 γεωμετρεῖται’
2807 1405 3180 1477 Ἀριστοτέλης
3222 1407 3279 1460 δέ
3311 1409 3404 1460 καὶ
3445 1409 3691 1482 Θεόφρα-

2119 1510 2242 1556 στος
2276 1492 2672 1564 θαυμάζονται·
2711 1495 2947 1566 Γαληνὸς
2973 1496 3080 1570 γάρ
3110 1497 3240 1562 ἴσως
3269 1499 3374 1552 ὑπό
3405 1517 3565 1554 τινων
3598 1502 3692 1554 καὶ

2116 1586 2498 1655 προσκυνεῖται
2533 1585 2664 1656 (19).
2702 1588 2764 1638 Οἱ
2805 1586 2861 1639 δέ
2892 1590 3010 1651 ταῖς
3057 1589 3162 1642 τῶν
3193 1589 3434 1643 ἀπίστων
3478 1591 3692 1660 τέχναις

2115 1675 2196 1738 είς
2236 1676 2334 1746 τὴν
2365 1675 2464 1743 τῆς
2492 1675 2758 1746 αἱρέσεως
2798 1676 2976 1731 αὐτῶν
3007 1676 3230 1750 γνώμην
3277 1678 3689 1751 ἀποχρώμενοι,

2117 1765 2211 1818 καὶ
2240 1767 2307 1836 τῇ
2341 1765 2449 1818 τῶν
2493 1765 2668 1819 ἀθέων
2713 1767 3014 1839 πανουργίᾳ
3055 1771 3153 1840 τὴν
3183 1768 3359 1842 ἁπλῆν
3389 1770 3495 1824 τῶν
3533 1771 3694 1826 θείων

446 1859 674 1917 haeresis
706 1878 819 1917 sua:
850 1863 1161 1933 opinionem
1200 1866 1529 1930 abutuntur,
1582 1874 1636 1920 et
1679 1864 1864 1920 subtili
1909 1864 2012 1918 im-

2121 1855 2338 1928 Γραφῶν
2369 1856 2548 1910 πίστιν
2581 1858 3006 1930 καπηλεύοντες,
3065 1861 3148 1914 ὅτι
3215 1862 3349 1933 μηδὲ
3393 1863 3558 1932 ἐγγὺς
3600 1865 3693 1917 πί-

445 1951 662 2020 piorum
696 1953 983 2008 hominum
1015 1957 1252 2010 versutia
1299 1956 1766 2026 simplicissimam
1804 1956 2015 2010 divina-

444 2056 566 2094 rum
608 2041 1014 2112 Scripturarum
1049 2045 1356 2099 adulterant
1386 2047 1568 2112 tidem,
1621 2045 2014 2100 remotissimos

441 2143 566 2184 esse
603 2147 634 2184 a
669 2133 774 2186 ﬁde
813 2133 943 2202 quid
992 2136 1186 2190 attinet
1237 2136 1456 2191 dicere?
1511 2133 1647 2188 llinc
1701 2145 1813 2201 est,
1870 2135 2015 2206 quod

444 2221 646 2278 divinis
676 2222 974 2293 Scripturis
1021 2227 1280 2281 audacter
1309 2241 1507 2281 manus
1547 2226 1877 2292 intulerunt,
1920 2243 2016 2282 eas

447 2326 479 2365 a
511 2326 571 2366 se
597 2314 917 2369 emendatas
942 2329 1067 2370 esse
1105 2315 1368 2370 dicentes.
1417 2314 1596 2385 Atque
1622 2315 1674 2369 id
1718 2331 1748 2369 a
1779 2331 1865 2370 me
1907 2331 2014 2369 non

446 2402 582 2459 falso
612 2405 691 2460 eis
722 2405 905 2475 ohjici,
938 2405 1190 2476 quisquis
1215 2407 1466 2475 voluerit,
1501 2406 1660 2462 facile
1699 2416 2012 2478 cognoscet.

442 2491 577 2547 Nam
603 2493 650 2549 si
674 2496 800 2565 quis
827 2496 1162 2564 exemplaria
1189 2497 1406 2552 illorum
1442 2496 1681 2566 undique
1709 2495 2013 2565 conquisita

443 2586 607 2641 simul
656 2587 796 2643 inter
845 2604 905 2643 se
956 2589 1282 2657 contulerit,
1316 2589 1554 2645 inveniet
1599 2587 1883 2659 proiecto,
1927 2590 2014 2643 illa

445 2681 590 2736 inter
625 2698 685 2737 se
736 2683 1032 2752 plurimum
1087 2685 1396 2741 dissentire.
1447 2685 1606 2740 Certe
1649 2685 2012 2756 Asclepiodoti

441 2776 776 2845 exemplaria
824 2792 933 2830 non
983 2779 1318 2833 conveniunt
1375 2793 1502 2831 cum
1560 2778 1668 2833 illis
1721 2793 1842 2847 quae
1887 2786 2018 2832 sunt

445 2865 737 2922 Theodoti.
774 2867 942 2924 Multa
977 2884 1140 2939 porro
1170 2870 1484 2939 liujusmodi
1516 2871 1846 2939 exemplaria
1882 2885 2017 2924 nan-

443 2958 576 3014 cisci
612 2959 756 3024 licet,
776 2971 1058 3032 propterea
1082 2963 1226 3033 quod
1257 2963 1507 3033 discipuli
1530 2964 1744 3017 illorum
1771 2962 2016 3018 studiose

443 3053 879 3123 perscripserunt
936 3069 998 3110 ea
1040 3071 1162 3125 quae
1215 3071 1247 3110 a
1298 3055 1576 3126 magistris
1605 3056 1749 3122 suis,
1805 3062 1864 3109 ut
1912 3055 2013 3124 ipsr

444 3279 558 3344 tum
580 3269 743 3339 hujus
761 3270 960 3344 edicto,
981 3280 1091 3326 tum
1113 3271 1426 3344 Zephyrini,
1446 3274 1557 3328 imo
1581 3283 1635 3328 et
1657 3273 1747 3328 Dei
1772 3272 2018 3330 Natalem

445 3343 658 3414 lapsum
707 3341 774 3394 ad
825 3341 1204 3414 paenitentiam
1247 3341 1355 3397 non
1403 3360 1504 3398 una
1557 3345 1766 3414 ratione
1821 3361 2018 3414 provo-

444 3411 618 3464 cantis
653 3412 1011 3476 auctoritate,
1051 3415 1418 3480 praedamnata
1450 3423 1534 3468 est
1573 3411 1860 3468 Novatiani
1909 3417 2014 3470 du—

448 3479 600 3555 ritia,
629 3497 736 3555 qu_a
765 3481 932 3548 lapsis
957 3479 1121 3536 etiam
1159 3485 1552 3554 paenitentibus
1581 3485 1794 3539 veniam
1830 3485 2018 3555 negari

454 3551 646 3604 voluit.
682 3550 965 3606 Con-ram.

517 3621 628 3692 (l7)
654 3623 915 3695 Πότερον
937 3623 1328 3695 συνημμένον
1357 3623 1395 3692 ἢ
1427 3622 1850 3695 διεζευγμένον.
1877 3623 2019 3691 Quid

445 3689 920 3764 εἰισυνημμένον,
955 3702 1010 3747 et
1036 3689 1166 3764 quid
1203 3689 1580 3764 διεζευγμένον
1599 3689 1854 3758 ,ἸΙοοθιιι
1893 3689 2017 3750 dia-

448 3709 516 3744 sn.
554 3709 920 3815 συνημμένον,
955 3709 1010 3747 et
1036 3709 1166 3764 quid
1203 3709 1614 3764 οιεςευγμενον,
1656 3709 1854 3750 uocent
1893 3709 2017 3750 uia-

448 3761 644 3836 lectiei.
736 3765 1046 3836 renuntiata
1083 3781 1203 3836 quae
1254 3765 1423 3836 Stoici
1458 3763 1745 3836 ἀξιώματα
1789 3775 2018 3833 vocant,

447 3831 554 3886 alia
585 3843 714 3886 sunt
738 3833 1029 3902 simplicia,
1057 3831 1115 3891 ut
1140 3835 1272 3888 illud
1299 3854 1312 3889 :
1343 3836 1454 3888 dies
1477 3845 1554 3888 est
1573 3831 1724 3898 {alia
1751 3849 1857 3889 non
1886 3831 2020 3890 simé

447 3902 628 3972 plicia.
662 3905 739 3974 Ex
772 3904 856 3958 his
901 3921 1023 3974 quae
1063 3921 1170 3959 non
1217 3915 1344 3961 sunt
1395 3905 1701 3974 simplicia,
1739 3906 1846 3960 alia
1893 3915 2021 3961 sunt

449 3973 790 4054 συνημμένα,
818 3975 868 4029 id
902 3973 985 4054 est
1015 3992 1414 4054 c_onnexa_,_qu_a:
1427 3973 1688 4054 constant
1717 3991 1783 4030 ex
1806 3977 2021 4054 duobus

446 4042 680 4113 diversis
720 4047 1119 4113 pronuntiatis,
1159 4042 1387 4110 utillud,
1417 4045 1477 4100 Si
1509 4047 1620 4098 dies
1662 4058 1761 4112 est,
1798 4047 1889 4099 lux
1918 4057 2016 4100 est.

385 4149 388 4151 μ
446 4112 567 4166 Alia
601 4112 1108 4186 διεζευγμέναηεοιι
1149 4118 1438 4186 disjuncta,
1473 4127 1532 4186 ut
1562 4117 1716 4180 illud,
1772 4117 1878 4168 Aut
1911 4119 2020 4170 dies

446 4195 552 4248 est,
584 4193 677 4236 aut
713 4200 816 4237 nox
847 4197 944 4238 εει.
987 4185 1118 4240 Vide
1159 4184 1448 4248 Diogenem
1492 4184 1768 4239 Laertium
1819 4187 1870 4238 in
1922 4186 2022 4240 Ze-

449 4268 612 4307 none.
648 4252 847 4326 Sextus
891 4253 1206 4326 Empiricus
1236 4252 1298 4308 τό
1333 4257 1677 4326 συνημμένον
1708 4254 1918 4326 deﬁnit,
1953 4256 2016 4309 τὸ

448 4322 718 4397 συνεστῲς
748 4323 808 4389 ἐξ
848 4322 1153 4397 ἀξιώματος
1192 4322 1646 4397 διαφορουμένου,
1757 4326 1814 4397 ἐξ
1860 4326 2022 4397 ἀξιω-

451 4393 1043 4468 μάτων-διαφερόντων,
1071 4395 1158 4450 διὰ
1181 4398 1275 4468 τοῦ
1296 4393 1406 4468 εϊῆ
1426 4393 1593 4464 εἴπερ
1621 4393 1935 4468 συνδέσμου.
1955 4396 2022 4450 Ει

446 4465 753 4533 exemplum
792 4465 1022 4520 cunnexi
1050 4467 1195 4536 quod
1235 4467 1293 4521 tit
1333 4465 1405 4520 ex'
1438 4468 1791 4536 pronuntiato
1817 4465 2016 4535 διαφο-

2117 1965 2286 2012 στεως
2317 1951 2648 2021 ὑπάρχουσι,
2683 1953 2735 2005 τί
2767 1952 2847 2005 δεῖ
2889 1953 2984 2006 καὶ
3014 1952 3227 2021 λέγειν;
3267 1954 3526 2008 Διατοῦτο
3572 1959 3692 2021 ταῖς

2115 2039 2286 2104 θείαις
2317 2041 2559 2114 Γραφαῖς
2591 2043 2808 2112 ἀφόϐως
2841 2044 3102 2098 ἐπέϐαλον
3131 2044 3231 2110 τὰς
3261 2050 3467 2118 χεῖρας,
3505 2048 3694 2118 λέγον-

2114 2146 2206 2192 τες
2260 2130 2430 2195 αύτάς
2481 2131 2866 2204 διωρθωκέναι.
2923 2134 3032 2186 Καὶ
3082 2134 3164 2189 ὅτι
3195 2135 3352 2189 τοῦτο
3401 2137 3475 2208 μὴ
3527 2155 3694 2191 καταο

2113 2220 2438 2292 ψευδόμενος
2459 2223 2639 2277 αὐτῶν
2669 2224 2833 2293 λέγω,
2849 2226 2877 2277 ό
2899 2223 3217 2296 βουλόμενος
3231 2226 3450 2281 δύναται
3475 2228 3685 2298 μαθεῖν.

2115 2311 2178 2364 Ei
2215 2312 2323 2384 γάρ
2371 2331 2457 2388 τις
2509 2313 2725 2386 θελήσει
2779 2315 3114 2388 συγκομίσας
3153 2317 3328 2371 αὐτῶν
3359 2319 3586 2373 ἑκάστου
3620 2320 3689 2373 τὰ

2115 2387 2425 2474 ἀντίγραφα
2472 2403 2744 2470 ἐξετάζειν
2792 2407 2926 2479 πρὸς
2970 2407 3193 2480 ἄλληλα,
3241 2409 3382 2462 κατά
3439 2411 3573 2464 πολὺ
3623 2411 3689 2465 ἂν

2115 2495 2266 2568 εὕροι
2287 2497 2682 2566 διαφωνοῦντασ
2705 2498 3008 2571 ἀσύμφωνα
3031 2499 3160 2569 γοῦν
3189 2499 3340 2553 ἔσται
3369 2501 3437 2554 τά
3462 2502 3690 2572 Ἀσκλη-

2117 2591 2307 2644 πιάδου
2343 2590 2452 2661 (20)
2495 2595 2607 2655 τοῖς
2655 2593 2929 2646 Θεοδότου.
2981 2593 3196 2647 Πολλῶν
3226 2593 3285 2647 δὲ
3332 2593 3479 2647 ἐστιν
3526 2595 3690 2649 εὐπο-

2118 2681 2300 2751 ρῆσαι,
2324 2681 2411 2735 διὰ
2437 2682 2497 2735 τὸ
2530 2682 2827 2754 φιλοτίμως
2867 2685 3241 2756 ἐγγεγράφθαι
3269 2685 3395 2748 τοὺς
3435 2685 3687 2757 μαθητὰς

2115 2775 2294 2829 αὐτῶν
2324 2775 2394 2830 τὰ
2424 2776 2514 2846 ὑφ’
2545 2777 2773 2830 ἑκάστου
2808 2777 3008 2846 αὐτῶν,
3040 2779 3114 2842 ὼς
3127 2778 3278 2832 αὐτοὶ
3293 2778 3538 2843 καλοῦσι,
3557 2797 3691 2834 κατ-

2115 2867 2437 2938 ωρθωμένα,
2492 2869 2773 2924 τουτέστιν
2799 2871 3164 2941 ἠφανισμένα.
3199 2870 3365 2923 Πάλιν
3392 2870 3449 2923 δὲ
3478 2869 3688 2934 τούτοις

2115 2957 2184 3011 τά
2216 2958 2541 3031 Ἕρμοφίλου
2569 2959 2630 3012 ού
2661 2959 2896 3031 συνᾴδει.
2931 2959 3012 3013 Τὰ
3041 2959 3148 3032 γὰρ
3192 2961 3544 3014 Ἀπολλωνίου
3567 2961 3684 3014 οὐδὲ

2116 3051 2254 3105 αύτά
2293 3053 2501 3116 ἑαυτοῖς
2531 3054 2677 3106 ἐστιν
2706 3051 2986 3124 σύμφωνα.
3019 3054 3234 3107 Ἐνεστι
3262 3053 3372 3126 γὰρ
3405 3056 3688 3125 συγκρῖναι

2119 3271 2212 3342 qui
2277 3273 2632 3342 interpretes,
2690 3289 2980 3327 connexum
3028 3287 3093 3328 ac
3133 3272 3494 3343 disjunctum,
3574 3273 3688 3329 duo

2121 3343 2571 3416 syllogismorum,
2589 3359 2786 3416 genera
2814 3359 2934 3399 esse
2956 3343 3357 3398 existimarunt.
3386 3343 3513 3398 Mihi
3538 3345 3690 3416 prior

2118 3413 2399 3468 distinctio
2434 3415 2606 3480 magis
2641 3414 2834 3481 placet.

2191 3483 2303 3553 (18)
2348 3483 2460 3536 Τὸν
2490 3483 2718 3536 ἀνωθεν
2762 3483 3110 3552 ἐρχόμενον.
3151 3482 3688 3553 ChristOphorsonus

2119 3555 2312 3608 vertit:
2349 3553 2620 3624 Christum
2657 3554 2749 3624 qui
2789 3554 2852 3606 de
2904 3555 3030 3608 caelo
3063 3563 3309 3609 venturus
3340 3565 3448 3617 εει,
3480 3557 3688 3623 penitus

2119 3623 2631 3694 ignorant.LQuam
2671 3623 3213 3693 interpretationem
3266 3625 3517 3694 equidem
3572 3641 3686 3680 non

2119 3693 2339 3747 damno.
2403 3691 2494 3747 Sic
2537 3695 2680 3749 enim
2714 3691 2871 3762 loqui
2914 3696 3092 3750 solent
3136 3691 3329 3749 sancti
3366 3694 3554 3748 Patres
3613 3695 3684 3749 de

2120 3779 2375 3832 supremo
2398 3764 2634 3818 adventu
2657 3764 2882 3834 Christi,
2910 3780 3019 3834 quo
3050 3767 3311 3819 mundum
3335 3764 3690 3834 judicaturus

2119 3843 2235 3899 est;
2269 3850 2381 3888 non
2425 3835 2583 3904 quasi
2615 3835 2681 3889 de
2724 3833 2948 3904 futuro,
2987 3837 3079 3890 sed
3126 3833 3382 3904 tanquam
3436 3835 3503 3904 de
3551 3851 3693 3904 pra:-

2120 3904 2295 3958 senti:
2337 3903 2557 3976 ἕρχεται
2606 3905 2807 3976 κρίνειν
2841 3903 3046 3976 ζῶντας
3079 3905 3170 3958 καὶ
3201 3904 3445 3976 νεκρούς.
3482 3903 3563 3959 Ιιεί
3586 3905 3693 3960 lle-

2121 3974 2378 4060 gesippus
2404 3974 2466 4057 in
2497 3974 2758 4060 martyrii»
2789 3975 2960 4060 sancti
2988 3974 3206 4060 Jacohi‘,
3241 3974 3311 4029 et‘
3337 3975 3436 4060 alii
3480 3978 3690 4058 passim

2121 4046 2189 4097 ab
2219 4044 2455 4100 Eusebio
2481 4044 2654 4100 citati;
2699 4044 2936 4100 Possunt
2968 4054 3149 4099 tamen
3181 4045 3295 4098 hac
3326 4044 3488 4099 verba
3521 4048 3691 4100 etiam

2119 4114 2188 4235 (ἐξ
2210 4117 2388 4235 primo
2404 4115 2608 4170 Christi
2639 4113 2878 4170 adventu
2900 4115 3148 4187 intelligi,
3181 4116 3456 4185 quomodo
3479 4117 3694 4188 accepit

2176 4200 2205 4235 ll
2231 4201 2376 4235 lllllS.

2176 4188 2376 4238 ulinus.

2193 4253 2304 4323 (l9)
2343 4253 2624 4324 Γαληνὸς
2651 4255 2763 4324 γὰρ
2802 4255 2949 4321 ἴσως
2986 4257 3108 4309 ὑπό
3139 4272 3317 4310 τινων
3361 4253 3463 4308 καὶ
3496 4268 3694 4323 προσ-

2121 4325 2404 4378 κυνεῖται.
2439 4323 2680 4380 Galenus
2711 4327 2856 4380 enim
2895 4329 2962 4380 de
3005 4327 3195 4394 ﬁguris
3245 4325 3689 4396 syllogismorum

2120 4404 2173 4466 et
2202 4396 2268 4448 de
2295 4404 2403 4448 tota
2432 4396 2777 4466 philosophia
2813 4397 2983 4452 lihros
3029 4397 3459 4466 conscripserat,
3512 4406 3571 4450 ut
3620 4414 3694 4452 ex

2121 4463 2387 4536 libroruin
2434 4463 2556 4533 ejus
2608 4463 2788 4520 indice
2829 4463 3373 4536 cognoscimustst
3411 4476 3590 4521 autem
3623 4469 3694 4521 il-

451 4535 698 4612 ρουμένῳ
723 4536 846 4612 _lioc
891 4535 1083 4612 aﬁ'eijti
1115 4536 1175 4592 Si
1221 4538 1332 4612 dies
1377 4535 1473 4612 est,
1511 4537 1623 4612 dies
1655 4547 1756 4612 _e_st.
1801 4536 1874 4590 Ex
1905 4552 2015 4612 quo

2123 4535 2293 4590 lustre
2313 4606 2324 4612 _
2346 4537 2449 4612 hoc
2500 4537 2867 4612 testimonium
2899 4535 2991 4612 de.
3021 4536 3256 4612 Caleno.
3315 4538 3514 4612 quippe
3543 4539 3695 4606 quod

449 4606 934 4678 corrigenduskest
962 4607 1228 4678 Diogenes
1264 4607 1513 4662 Laertius
1551 4608 1615 4678 in,
1655 4606 1874 4678 Zenone
1911 4608 2017 4662 hoc

450 4672 648 4749 modo,
673 4672 1092 4749 réﬁrdﬁttbpatog'
1123 4679 1258 4749 μετὰ
1292 4677 1736 4749 διαφορουμένου,
1770 4672 1881 4749 οἷον
1903 4717 1917 4741 ,
1951 4679 2016 4731 Εἰ

449 4745 632 4818 ἡμέρα
664 4748 832 4821 ἐστιν,
864 4745 1045 4821 ἡμέρα
1073 4745 1566 4821 ἐστίν.Ροι·ιόλὶίιιιί
1591 4751 1732 4821 apud
1767 4748 2014 4821 Sextum,

446 4832 612 4886 quam
631 4819 772 4886 apud
797 4817 1071 4891 Laertium
1113 4820 1328 4875 mallem
1351 4819 1589 4891 scribere
1605 4817 2014 4891 διφορουμένου,

449 4891 913 4962 quemadmodum
940 4890 1137 4962 legitur
1165 4891 1310 4960 apud
1354 4889 2019 4962 Alexandrtnn'Aphrodi-

450 4959 685 5032 aiensem
735 4959 789 5012 in
835 4958 1025 5032 priora
1076 4958 1382 5032 Anaiytica.
1426 4958 1571 5032 Nam
1609 4959 2014 5032 διφορούμενον,

453 5028 594 5104 idem
624 5037 708 5083 est
732 5028 876 5098 quod
899 5029 991 5104 δὶς
1017 5028 1446 5104 λαμϐανόμενον.
1465 5029 1532 5084 Et
1561 5031 1677 5104 inec
1701 5028 1917 5104 quidem
1950 5030 2018 5104 de

454 5098 650 5153 harum
677 5114 872 5154 vocum
898 5098 1342 5172 interpretatione
1375 5103 1519 5156 dicta
1551 5098 1838 5156 sulliciant.
1861 5099 2016 5172 Quod

453 5183 584 5225 vero
612 5179 824 5238 spectat
847 5171 913 5226 ad
941 5171 1104 5242 hujus
1134 5175 1236 5229 loci
1282 5172 1794 5241 intcrpunctionem,
1823 5171 2015 5240 scripti

453 5239 673 5295 codices
719 5243 858 5296 inter
894 5258 952 5296 se
990 5244 1340 5298 dissentiunt.
1385 5242 1517 5296 Nam
1559 5241 1760 5311 Regius
1802 5243 2017 5310 quidem

452 5313 627 5365 codex
656 5327 817 5382 quem
847 5322 1066 5368 secutus
1096 5325 1179 5368 est
1204 5314 1472 5368 Robertus
1515 5311 1824 5382 Stephanus
1845 5351 1859 5375 ,
1895 5321 2020 5381 post

451 5394 641 5454 vocem
668 5380 1066 5453 διεζευγμένον,
1091 5385 1356 5454 virgulam
1388 5384 1550 5454 habet
1589 5380 1921 5454 appositam;
1957 5391 2016 5436 ut

454 5453 635 5526 scias,
653 5468 817 5508 voces
856 5456 977 5526 illas
1003 5453 1345 5526 συνημμένον
1374 5455 1483 5526 xui
1499 5453 1896 5526 διεζευγμένον,
1932 5466 2020 5505 re-

456 5521 705 5579 ferendas
745 5539 869 5580 esse
915 5525 982 5580 ad
1026 5525 1088 5578 τὸ
1125 5521 1814 5596 ’ῥητὸνίίιιιοιὶλριωοοεείι
1851 5542 1864 5576 :
1909 5536 2019 5596 non

457 5605 638 5667 autem
664 5597 729 5667 ad
761 5597 946 5667 σχῆμα
981 5592 1338 5667 συλλογίσμοῦ
1360 5592 1528 5667 quod
1561 5592 2019 5667 proxime_se_qui-

455 5673 567 5735 t_ur.
597 5662 709 5735 Sed
733 5662 926 5735 reliqui
956 5662 1194 5728 codices,
1229 5662 1366 5718 Maz.
1390 5662 1450 5719 et
1483 5662 1622 5719 Med.
1649 5680 1774 5718 cum
1803 5662 1943 5735 Fuit.
1967 5671 2021 5735 et

460 5733 758 5806 Saviliano,
793 5732 915 5805 post
950 5754 1134 5793 vocem
1169 5735 1574 5806 διεζευγμένον,
1624 5735 1828 5788 nullam
1859 5732 2018 5788 adhi—

461 5805 590 5859 bent
620 5807 1043 5873 distinctionem,
1074 5809 1167 5863 sed
1191 5805 1401 5862 tantum
1439 5815 1561 5874 post
1590 5820 1778 5860 vocem
1811 5820 2019 5873 συνημ-

461 5877 641 5943 μένον.
669 5877 840 5944 Quam
875 5877 1276 5938 distinctionem
1318 5887 1534 5934 secutus
1554 5875 1780 5932 Ruﬁnus
1811 5883 1866 5932 et
1893 5874 2017 5931 reli-

2119 4606 2358 4661 auctoris
2378 4607 2450 4676 sit
2477 4607 2865 4675 antiquissimi,
2885 4616 2938 4661 et
2954 4606 3142 4661 Caleni
3165 4606 3501 4675 temporibus
3545 4623 3688 4676 pene

2115 4677 2367 4744 aequalis.
2398 4675 2509 4732 Nec
2539 4693 2670 4732 vero
2697 4693 2764 4732 ex
2797 4678 2901 4732 hoc
2927 4687 3136 4732 tantum
3173 4679 3469 4746 scriptore,
3498 4675 3691 4734 verum

2115 4747 2280 4818 etiam
2325 4762 2391 4818 ex
2417 4747 2539 4803 aliis
2581 4748 3487 4818 quampluribusjdemcolligere
3538 4749 3691 4814 licet,

2115 4816 2210 4886 qui
2241 4815 2506 4888 Calenum
2578 4815 2858 4872 Aristoteli
2909 4832 2974 4872 ac
3016 4815 3429 4888 Theophrasto,
3473 4817 3691 4888 ipsique

2116 4888 2254 4958 adeo
2284 4886 2496 4942 Platoni
2521 4903 2738 4958 aequare
2768 4903 2877 4942 non
2905 4886 3240 4943 dubitarunt.
3269 4887 3428 4958 Certe
3453 4886 3691 4944 Alexan-

2116 4957 2213 5012 der
2244 4956 2712 5027 Aphrodisiensis,
2744 4958 2798 5012 in
2835 4959 3033 5013 librum
3063 4970 3314 5014 octavum
3373 4957 3690 5028 Tepicorum

2116 5042 2224 5098 non
2255 5028 2440 5098 procul
2479 5028 2549 5082 ab
2594 5029 2770 5094 initio,
2807 5031 2942 5084 satis
2987 5030 3211 5096 indicat,
3257 5029 3333 5082 ita
3385 5045 3576 5085 omnes
3619 5030 3690 5085 de

2117 5097 2323 5154 Galeno
2349 5098 2713 5170 existimasse.
2742 5098 3037 5170 Postquam
3066 5101 3211 5170 enim
3239 5099 3443 5170 docuit,
3467 5100 3690 5170 proble-

2119 5178 2325 5223 matum
2354 5169 2459 5240 alia
2483 5169 2674 5240 ,ἔνδοξα
2704 5184 2856 5234 esse,
2889 5169 2992 5225 alia
3024 5169 3219 5236 ἄδοξα,
3254 5179 3307 5224 et
3340 5169 3524 5236 ἔνδοξα
3565 5171 3689 5240 qui-

2118 5240 2240 5293 dem
2267 5240 2318 5292 in
2345 5239 2546 5308 duplici
2568 5255 2687 5296 esse
2705 5241 3006 5296 dillerentia
3022 5281 3036 5304 ,
3056 5241 3158 5294 alia
3177 5241 3321 5294 enim
3343 5256 3462 5296 esse
3476 5239 3689 5305 ἁπλῶς,

2119 5309 2223 5382 alia
2258 5308 2609 5382 ὡρισμένως,
2647 5311 2761 5382 haec
2808 5310 3120 5382 subiunxit:
3156 5309 3474 5382 ὡρισμένως
3512 5311 3556 5363 δ’
3600 5311 3687 5364 ἒν-

2117 5379 2263 5446 δοξα,
2549 5382 2655 5452 τινὶ
2685 5380 2792 5434 τῶν
2817 5376 3039 5452 ἐνδόξων
3069 5376 3339 5452 ἑπόμέναξο
3369 5376 3508 5445 οἷον,
3545 5382 3689 5436 Πλά-

2117 5449 2320 5522 τωνι,ἢ
2359 5451 2734 5522 Ἀριστοτέλει,
2764 5452 2796 5522 ἢ
2831 5451 3070 5522 Γαληνῷ.

2190 5520 2316 5590 (20)
2348 5520 2919 5592 ΤὰλἈσκληπιάδου.
2959 5520 3110 5590 Apud
3137 5520 3504 5592 Nicephorum
3546 5521 3686 5574 scri-

2119 5590 2266 5662 bitur
2309 5590 2777 5662 Ἀσκληπιοδότου,
2805 5593 3078 5662 quomodo
3103 5590 3414 5662 etiam‘legit
3433 5590 3684 5646 Ruﬁnus.

2120 5661 2290 5715 Paulo
2322 5672 2465 5730 post,
2497 5661 2588 5714 ubi
2623 5661 2837 5732 legitur’
2866 5662 2934 5716 τὰ
2964 5663 3070 5732 γὰρ
3118 5661 3492 5723 Ἀπολλωνίου,
3531 5662 3690 5716 resti-

2121 5734 2379 5786 tuendum
2413 5742 2496 5787 est
2533 5731 2919 5786 Ἀπολλωνίδου
2949 5749 3014 5788 ex
3042 5731 3384 5790 Theodoreto
3408 5733 3461 5786 in
3487 5731 3626 5787 libro
3650 5747 3688 5785 ιι

2121 5802 2378 5928 ἷζιηξειίο.
2435 5803 2770 5874 fabularum,
2825 5820 2946 5876 cap.
2981 5805 3035 5872 5,
3077 5815 3132 5861 et
3176 5822 3241 5860 ex
3282 5801 3588 5874 Nicephoro
3624 5816 3690 5858 ac

2174 5890 2338 5928 uiuo.

2174 5875 2338 5928 uﬁuo.
