3936 6358
412 358 484 412 55
1667 356 1904 414 JULlUS
1943 345 2350 410 AFRICANUS.
3577 355 3648 408 55

414 468 530 525 suis
562 467 802 539 proferat
849 470 1035 526 dicens
1086 471 1140 524 in
1183 469 1476 540 semetipso
1519 490 1531 524 :

414 559 582 612 oculis
614 561 830 625 nostris,
869 569 918 612 et
963 559 1178 613 auribus
1208 559 1527 624 audiuimus,
1575 570 1622 612 et
1653 575 1838 611 manus
1879 575 1973 611 no-

413 660 538 703 strae
567 650 932 718 palpaverunt,
968 650 1078 702 haec
1100 651 1425 719 scripsimus.
1465 649 1554 704 Sic
1580 651 1723 704 enim
1757 665 1860 703 non
1887 665 1976 705 so-

415 740 528 792 lum
562 740 820 802 visorem,
845 740 937 792 sed
971 738 1295 804 auditorem,
1319 739 1410 793 sed
1435 747 1488 792 et
1519 739 1838 808 scriptorem
1858 753 1978 792 om-

416 831 565 884 nium
602 830 931 884 mirabilium
966 829 1177 883 Domini
1206 845 1298 898 per
1323 830 1568 884 ordinem
1596 830 1899 899 proﬁtetur.

486 921 548 974 ll.
581 924 712 975 Acta
744 929 924 975 autem
959 922 1201 974 omnium
1234 920 1590 990 apostolorum
1630 921 1732 974 sub
1765 935 1875 975 uno
1909 921 1977 974 li-

417 1013 513 1064 bro
545 1011 746 1081 scripta
779 1020 907 1065 sunt
951 1010 1122 1063 Lucas
1173 1011 1375 1080 optime
1412 1009 1689 1080 Theophila
1725 1026 1974 1080 compre-

421 1103 628 1165 hcndit,
657 1103 785 1172 quia
811 1103 912 1155 sub
939 1103 1224 1170 prtesentia
1252 1102 1370 1170 ejus
1392 1103 1604 1170 singula
1627 1103 1972 1171 gerebantur,

415 1193 556 1246 sicut
585 1201 639 1246 et
669 1199 876 1245 semote
901 1191 1211 1260 passionem
1240 1189 1388 1244 Petri
1420 1190 1692 1244 evidenter
1715 1190 1973 1255 declarat,

413 1284 504 1337 sed
540 1282 925 1353 profectionem
969 1281 1121 1336 Pauli
1151 1282 1220 1336 ab
1253 1279 1398 1337 Urbe
1427 1281 1495 1334 ad
1527 1280 1784 1352 Spaniam
1812 1284 1976 1352 proli-

418 1377 699 1431 eiseentis.

483 1467 573 1519 lll.
616 1465 852 1535 Epistola
891 1473 1069 1519 autem
1103 1463 1285 1529 Pauli,
1319 1479 1460 1534 quae,
1490 1479 1521 1518 a
1553 1480 1663 1534 quo
1705 1465 1860 1532 loco,
1890 1466 1976 1522 vel

411 1573 516 1626 qna
545 1573 610 1611 ex
641 1572 807 1611 causa
839 1556 1040 1610 directe
1071 1557 1199 1620 sint,
1254 1555 1625 1610 voluntatibus
1652 1556 1971 1627 intelligere,

411 1650 526 1720 ipse
551 1651 846 1704 declarant.
873 1649 1114 1703 Primum
1143 1649 1386 1702 omnium
1406 1648 1711 1703 Corinthiis
1735 1651 1974 1706 sehisma

412 1741 635 1795 haeresis
669 1741 1016 1807 interdicens,
1064 1741 1256 1796 deinde
1288 1741 1542 1798 Callactis
1595 1743 1972 1798 circumcisio-

1583 468 1714 534 Qun:
1749 469 1972 523 vidimus
2003 474 2046 528 Α
2073 467 2260 521 orbem
2309 476 2465 522 terrae
2511 467 2750 523 Ecclesia
2787 467 2982 522 diﬂusa
3033 481 3153 522 esse
3184 466 3522 521 denoscitur.
3576 467 3651 521 Et

2077 558 2352 614 Johannes
2383 560 2528 613 enim
2563 559 2617 612 in
2647 558 2968 629 Apocalypsi
2999 558 3124 613 licet
3157 568 3364 628 septem
3390 559 3643 614 ecclesiis

2079 647 2306 710 scribat,
2342 654 2522 700 tamen
2557 648 2812 702 omnibus
2840 647 2990 702 dicit.
3029 648 3224 701 Verum
3255 647 3324 700 ad
3366 646 3646 702 Philemo-

2078 755 2192 792 nem
2218 754 2352 802 una,
2384 747 2439 793 et
2469 739 2538 792 ad
2575 737 2752 792 Titum
2781 755 2911 806 una,
2943 748 2999 794 et
3037 740 3105 792 ad
3143 739 3472 794 Timotheum
3506 741 3646 796 duas

2076 845 2176 899 pro
2207 828 2405 882 affectu
2445 837 2501 884 et
2529 829 2848 894 dilectione;
2898 831 2951 883 in
2987 829 3193 884 honore
3239 839 3416 885 tamen
3458 830 3648 886 Eccle-

2078 921 2172 975 siae
2215 921 2517 985 catholicae,
2559 921 2620 989 lin
2667 920 3011 975 ordinatione
3056 921 3442 976 ecclesiasticae
3475 921 3646 976 disci-

2077 1013 2237 1082 plinae
2268 1012 2623 1067 sanctiﬁcata:
2645 1020 2792 1066 sunt.
2825 1011 3018 1066 Fertur
3049 1013 3213 1066 etiam
3239 1014 3306 1065 ad
3335 1012 3646 1066 Laudecen-

2077 1116 2180 1166 ses,
2211 1100 2317 1154 alia
2347 1101 2413 1154 ad
2446 1100 2835 1154 Alexandrinos
2863 1100 3017 1155 Pauli
3042 1102 3260 1156 nomine
3286 1102 3425 1158 ﬁctae
3441 1103 3506 1156 ad
3535 1103 3646 1157 lue-

2077 1207 2249 1246 resem
2281 1192 2605 1259 Marcionis;
2636 1202 2690 1248 et
2733 1193 2836 1247 alia
2878 1193 3034 1262 plura
3065 1209 3187 1262 qua:
3218 1193 3271 1247 in
3316 1194 3642 1249 catholicam

2075 1281 2377 1338 Eeclesiam
2414 1285 2582 1354 recipi
2628 1301 2736 1340 non
2764 1295 2959 1356 potest.
2995 1284 3088 1341 Fel
3127 1287 3272 1340 enim
3314 1301 3438 1341 cum
3484 1287 3644 1341 melle

2076 1375 2295 1430 misceri
2328 1392 2434 1430 non
2468 1378 2740 1447 congruit.

2146 1468 2236 1522 IV.
2275 1467 2519 1538 Epistola
2545 1483 2676 1524 sane
2704 1468 2884 1534 ludw,
2911 1477 2966 1522 et
2997 1468 3347 1539 superscripli
3381 1468 3642 1523 Johannis

2073 1559 2208 1613 duas
2239 1559 2292 1612 in
2327 1557 2601 1612 Catholica
2635 1558 2922 1612 habentur.
2957 1555 3024 1611 Et
3053 1557 3325 1626 Sapientia
3352 1557 3420 1612 ab
3446 1557 3643 1611 amicis

2075 1650 2376 1705 Salomonis
2415 1651 2471 1704 in
2507 1651 2769 1704 honorem
2817 1650 2991 1720 ipsius
3031 1651 3253 1719 scripta.
3291 1649 3640 1718 Apocalypsis

2074 1744 2238 1798 etiam
2267 1743 2529 1796 Johannis
2565 1757 2618 1796 et
2647 1742 2816 1808 Petri,
2850 1751 3060 1796 tantum
3110 1743 3425 1812 recipimus,
3473 1757 3640 1810 quam

413 1848 558 1886 nem.
595 1833 855 1887 Romanis
888 1845 1068 1887 autem
1115 1833 1307 1888 ordine
1339 1832 1766 1904 Scripturarum,
1795 1835 1889 1889 sed
1923 1844 1976 1890 et
2005 1827 2049 1884 Β
2077 1837 2296 1908 quidam
2317 1851 2384 1891 ex
2406 1835 2729 1904 uostrislegi
2763 1835 2815 1887 in
2848 1833 3082 1888 Ecclesia
3117 1834 3328 1887 nolunt.
3363 1831 3640 1885 Pastorem

410 1923 738 1990 principium
778 1938 964 1977 earum
1009 1939 1129 1979 esse
1175 1924 1455 1980 Christum
1506 1927 1797 1991 intimans,
1843 1941 1971 1997 pro-

409 2013 573 2066 lixius
600 2013 838 2082 scripsit,
871 2015 937 2068 de
963 2015 1162 2083 quibus
1195 2016 1425 2086 singulis
1453 2032 1676 2072 necesse
1705 2026 1787 2073 est
1810 2034 1841 2072 a
1870 2033 1972 2072 no-

409 2101 492 2156 bis
541 2103 841 2171 disputari;
887 2119 1011 2158 cum
1049 2105 1164 2174 ipse
1207 2105 1398 2162 beatus
1441 2107 1720 2176 apostolus
1768 2106 1972 2163 Paulus

2075 1942 2206 1982 vero
2234 1942 2535 1982 uersuum:
2585 1941 2916 1980 rsnroamus
2955 1940 3180 1979 NOSTRIS
3214 1924 3268 1976 in
3301 1923 3434 1977 urbe
3467 1922 3639 1975 Roma

2079 2017 2280 2072 Herma
2321 2017 2668 2086 conscripsit,
2702 2017 2923 2071 sedente
2965 2015 3221 2070 cathedra
3265 2015 3417 2068 urbis
3455 2013 3642 2067 Romtn

2076 2106 2334 2162 Ecclesiae
2363 2106 2462 2161 Pio
2491 2108 2747 2176 episcopo
2781 2105 2945 2160 fratre
2969 2105 3107 2173 ejus.
3139 2103 3205 2158 Et
3235 2103 3358 2157 ideo
3387 2103 3490 2172 legi
3513 2118 3636 2156 eum

410 2209 646 2262 sequens
679 2196 1095 2264 prmdecessoris
1123 2197 1208 2252 sui
1243 2196 1506 2253 Johannis
1539 2199 1808 2266 ordinem,
1834 2215 1976 2254 non-
2075 2199 2293 2268 quidem
2321 2207 2565 2267 oportet;
2600 2212 2657 2252 se
2699 2196 2976 2266 publicare
3004 2210 3133 2250 vero
3169 2199 3224 2248 in
3257 2193 3500 2250 Ecclesia
3537 2209 3638 2263 po-

408 2284 512 2338 nisi
543 2286 861 2340 nominatim
890 2295 1092 2356 septem
1111 2287 1370 2342 Ecclesiis
1397 2289 1600 2343 scribat
1632 2290 1823 2344 ordine
1853 2291 1970 2345 tali:

407 2373 488 2426 Ad
523 2372 819 2428 Corinthios
849 2377 1044 2444 prima,
1079 2376 1146 2428 ad
1179 2375 1428 2446 Ephesios
1453 2379 1714 2444 secunda,
1743 2384 1812 2433 ad
1838 2380 1971 2432 Phi-

407 2465 661 2534 lippenses
707 2469 886 2534 tertia,
921 2470 989 2521 ad
1035 2468 1364 2524 Colossettses
1398 2482 1611 2540 quarta,
1641 2472 1709 2525 ad
1748 2471 1968 2526 Galatas

406 2554 616 2622 quinta,
652 2557 720 2609 ad
753 2555 1230 2612 Thessalonicenses
1264 2569 1437 2621 sexta,
1473 2561 1541 2614 ad
1587 2561 1850 2616 Romanos
1885 2577 1963 2618 se-

406 2644 596 2712 p:ima.
632 2644 832 2701 Verum
864 2646 1158 2706 Corinthiis
1189 2660 1242 2705 et
1271 2649 1814 2708 Tessalonicensibus
1837 2653 1963 2708 licet

405 2747 504 2801 pro
544 2737 886 2796 carrebtione
932 2739 1176 2806 iteretur,
1226 2757 1334 2796 una
1385 2751 1565 2797 tamen
1613 2759 1709 2813 per
1747 2760 1964 2799 omnem

2075 2291 2226 2360 pulo,
2260 2303 2436 2358 neque
2469 2289 2609 2342 inter
2658 2287 2948 2357 prophetas
2996 2285 3324 2354 completum
3371 2300 3635 2345 numero,

2072 2395 2247 2450 neque
2279 2381 2419 2434 inter
2464 2380 2741 2450 apostolos
2787 2380 2843 2433 in
2885 2378 3046 2432 ﬁnem
3092 2386 3398 2446 temporum
3435 2385 3634 2445 potest.

2070 2471 2285 2525 Arsinoi
2311 2481 2490 2526 autem
2520 2487 2615 2527 seu
2661 2470 2947 2535 Valentini,
2988 2471 3071 2525 vel
3100 2469 3361 2523 Miltiadis
3396 2469 3532 2522 nihil
3576 2469 3628 2520 in

2070 2571 2244 2618 totum
2274 2564 2597 2634 recipimus;
2631 2564 2723 2634 qui
2750 2563 2915 2618 etiam
2955 2577 3156 2617 novum
3197 2561 3536 2616 Psalmorum
3566 2560 3635 2611 li-

2071 2655 2222 2708 brum
2252 2656 2514 2711 Marcioni
2561 2657 3022 2727 conscripserunt,
3072 2672 3179 2710 una
3229 2669 3354 2710 cum
3402 2652 3639 2708 Basilide

2066 2747 2356 2803 Assianum
2389 2748 2740 2820 Catafrygum
2769 2750 3184 2804 constitutorem
3221 2747 3356 2818 (25).

618 2839 892 2916 Vidistin',
945 2862 1077 2922 quot
1113 2855 1338 2908 vulnera
1381 2854 1616 2912 frustulo
1662 2857 1789 2913 huic
1835 2858 2176 2928 antiquitatis
2213 2861 2472 2918 inﬁixerit
2532 2863 2878 2918 librariorum
2923 2863 3134 2918 incuria
3176 2871 3336 2932 atque
3380 2862 3636 2934 ignoran-

403 2917 516 2972 tia?
538 2917 827 2976 Mnemon.

404 3081 3626 3117 Ἣ

1674 3242 1845 3286 ANNO
1888 3243 2116 3288 DOMINI
2158 3243 2393 3292 CCXIII.

725 3420 1656 3632 JULIUS
1795 3421 3293 3643 AFRICANUS

1605 3760 2396 4045 NOT—ITIA

883 4151 1122 4214 (Ἐλεειοη
1155 4151 1446 4205 Bibliotheca
1471 4157 1660 4217 erca,
1690 4160 1769 4209 ed.
1795 4161 2008 4222 Hamas,
2036 4169 2151 4213 tom.
2175 4163 2256 4223 IV,
2282 4178 2330 4226 p.
2358 4163 2464 4212 2H.
2491 4163 2776 4228 Hamburgi,
2800 4165 2940 4227 17935,
2965 4163 3019 4215 in
3040 4164 3139 4231 ιο.)

470 4391 682 4487 Ssxrus
705 4393 982 4487 (ψψυε
1009 4395 1329 4461 AFRICANUS,
1352 4395 1543 4466 Syrus,
1573 4413 1638 4452 ex
1667 4398 1957 4467 Emaunte,
1988 4411 2032 4470 C
2063 4405 2224 4460 lando
2251 4408 2502 4477 pingendi
2533 4410 2961 4480 sagittarumque
2989 4411 3185 4466 ictibus
3212 4411 3446 4469 formam
3470 4431 3588 4487 ejus
3607 4460 3626 4485 ,

400 4485 504 4540 sub
529 4486 804 4539 Antonino
835 4484 1162 4557 HelOgabalo
1184 4495 1238 4542 et
1271 4487 1578 4542 Alexandro
1611 4489 1814 4546 Severo
1846 4493 1960 4547 cla-

399 4578 510 4633 ruit
552 4577 648 4648 (2).
688 4576 965 4630 Zachariae
1012 4574 1207 4631 Lundii
1251 4581 1705 4634 commentarium
1749 4598 1854 4637 ms.
1907 4582 1961 4636 in

398 4670 639 4724 Africani
667 4669 846 4724 Cestos
889 4672 1133 4735 servari,
1177 4673 1358 4742 accepi
1401 4672 1616 4728 Hasnim
1653 4690 1685 4728 a
1729 4675 1959 4744 Wolfio,

399 4763 561 4830 regite
592 4762 837 4818 bibliotb.
870 4762 1115 4817 custode.
1157 4763 1216 4816 lu
1254 4764 1360 4819 illis
1386 4764 1706 4835 fragmentis
1738 4783 1856 4836 cap.
1892 4767 1961 4822 29

401 4862 590 4906 auctor
631 4861 877 4917 testatur,
923 4852 1124 4908 Vidisse
1147 4869 1206 4908 se
1248 4854 1607 4911 Bardesanem
1661 4859 1918 4913 Parthum
1943 4900 1959 4925 ,

399 4959 559 5013 quem
592 4944 862 4997 diversum
911 4947 1043 5000 mihi
1081 4963 1202 5003 esse
1244 4949 1543 5016 persuadeo
1586 4965 1614 5003 a
1658 4950 1962 5006 Bardesane

400 5036 684 5105 scriptore.
751 5035 884 5090 Nam
927 5046 980 5092 et
1009 5039 1135 5093 huic
1168 5040 1348 5094 minus
1383 5041 1638 5096 convenit
1679 5043 1765 5095 illa
1805 5043 1962 5111 jacu-

470 5171 558 5249 (l_)_
588 5169 802 5249 Sextum
845 5189 986 5229 unus
1020 5182 1179 5229 vocat
1219 5175 1961 5249 Suidas._FAnmc._£é_xwp

400 5244 687 5363 islcribitur,
758 5242 942 5297 forsan
1017 5260 1304 5313 operarum
1367 5247 1528 5310 vitio,
1598 5249 1666 5302 ab
1704 5242 1960 5302 Eudocia.

449 5329 572 5363 ΑΜ.
806 5341 809 5346 ι

449 5329 572 5369 ΛΜ.
806 5341 809 5346 ·

471 5383 546 5452 ('2)
575 5381 742 5460 Circa
769 5396 896 5435 ann.
934 5383 1541 5460 Chr.‘22_l.AVi_d.-Sayti_i
1586 5387 1772 5460 Quom.
1813 5388 1892 5442 lit.
1917 5386 1958 5451 l,

400 5467 522 5534 pag.
706 5469 838 5534 .59.,
866 5463 957 5506 aut
980 5469 1031 5507 a.
1064 5455 1124 5510 C.
1316 5457 1832 5534 Vitl.__ll_ambergeri
1867 5476 1962 5510 zu-

397 5521 522 5616 pet'l.
578 5521 966 5616 Nae/trichten,
997 5534 1141 5616 Διςξιγι.
1178 5525 1248 5589 ll,
1279 5542 1400 5596 pag.
1441 5528 1672 5616 525nm].
1724 5521 1961 5597 Uterque

397 5592 755 5678 plupesncitat,
776 5595 867 5678 qui
899 5595 964 5648 de
987 5592 1508 5678 africauo‘ege'runt.
1543 5592 1736 5678 Haec.

468 5662 545 5785 (Σῗί
583 5661 736 5743 Quod
778 5661 1130 5748 ζωγραφῆσαι
1180 5661 1397 5749 βέλεᾶιν.
1433 5679 1592 5721 vocat
1626 5667 1913 5750 Africanus
1939 5707 1954 5731 ,

397 5746 500 5806 apu
581 5730 964 5806 Philostratum
1011 5738 1104 5792 lib.
1162 5753 1196 5790 ιι
1238 5736 1313 5789 De
1351 5747 1456 5791 vita
1505 5737 1802 5806 Apollomt,
1831 5753 1950 5806 cap.

394 5801 485 5870 28,
514 5816 634 5872 pag.
660 5804 748 5881 Si,
775 5805 971 5881 dicitur
992 5808 1394 5881 σκιαγραφῆσαι
1424 5801 1661 5887 gerem.
1679 5801 1955 5887 Magisque

2061 4516 2220 4570 quem
2240 4502 2416 4564 vellet,
2449 4503 2672 4572 pulchre
2703 4504 3040 4560 describendi
3072 4507 3293 4562 solertia
3331 4506 3428 4577 (5),
3465 4525 3628 4578 quam

2062 4592 2116 4646 in
2148 4609 2248 4648 suo
2277 4593 2567 4649 Africanus
2591 4597 2867 4666 praedicat,
2892 4607 2945 4652 et
2967 4599 3056 4653 hic
3077 4597 3310 4654 Parthus
3344 4601 3467 4666 fuit,
3491 4601 3630 4656 alter

2061 4682 2408 4756 Babylonius.
2435 4687 2676 4758 Denique
2698 4691 2789 4760 qui
2821 4689 2923 4743 sub
2944 4689 3218 4745 Antonino
3241 4692 3442 4746 vixisse
3466 4694 3633 4762 serip-

2062 4784 2231 4831 torem
2255 4778 2449 4834 docent
2478 4778 2810 4852 Porphyrius
2847 4792 2897 4836 et
2934 4781 3229 4847 Eusebius,
3263 4784 3309 4838 si
3356 4784 3624 4854 Elagaha-

2061 4866 2194 4934 lum,
2228 4885 2337 4923 non
2391 4868 2630 4925 Marcum
2662 4871 3048 4942 Philosophum
3082 4874 3503 4941 intellexissent,
3534 4890 3630 4944 pe-

2062 4963 2218 5018 rinde
2248 4972 2307 5017 ut
2348 4961 2711 5034 Hieronymus
2740 4978 2858 5033 cap.
2887 4965 2954 5017 65
2975 5008 2989 5030 ,
3017 4965 3108 5018 ubi
3141 4966 3207 5020 de
3235 4965 3491 5022 Africano
3515 4969 3630 5026 dis—

2062 5052 2230 5118 serit,
2265 5062 2391 5106 nota
2425 5054 2658 5122 quadam
2691 5055 2873 5110 addita
2901 5056 3157 5110 Antonini
3199 5072 3396 5112 nomen
3431 5059 3630 5114 distin-

2061 5185 2437 5258 aﬁdmirandum
2484 5185 2618 5250 hoc,
2668 5203 2829 5257 quam
2880 5188 3347 5258 quod-in_veteri
3395 5189 3629 5258 inscrip-

2062 5257 2208 5310 tione
2234 5258 2373 5325 apud
2401 5255 2698 5310 Gruteruni
2726 5274 2845 5328 pag.
2863 5255 3034 5321 υὶςιι,
3055 5258 3120 5311 de
3142 5256 3355 5312 Sorano
3371 5255 3584 5319 Batavo
3607 5275 3621 5312 :

2201 5347 2566 5418 Emissumque
2590 5367 2715 5403 arcu
2751 5352 2874 5403 dum
2907 5351 3087 5418 pendet
3113 5351 3167 5402 in
3199 5368 3317 5405 aere
3344 5353 3506 5405 telum

2203 5421 2273 5470 Ac
2301 5420 2468 5481 redit,
2497 5437 2560 5473 ex
2583 5423 2690 5472 alia
2709 5421 2807 5487 ﬁxi
2835 5421 3064 5490 [regique
3094 5422 3310 5490 sagitta.

2065 5527 2158 5582 Vel
2199 5526 2344 5597 quod
2378 5524 2446 5580 de
2484 5524 2785 5603 Domitiano
2852 5533 3074 5588 Sueton.
3106 5549 3226 5603 cap.
3261 5535 3347 5598 l9,
3380 5534 3443 5588 In
3475 5537 3630 5603 pueri

2059 5603 2239 5673 procul
2287 5611 2478 5652 stantis
2531 5598 2901 5673 prabeuttsque
2956 5620 3048 5671 pro
3106 5598 3258 5672 scopo
3316 5598 3633 5673 dispansam

2061 5669 2258 5721 dextra:
2293 5685 2474 5722 manus
2508 5670 2772 5738 palmam,
2804 5669 3029 5738 saginas
3067 5669 3214 5728 tanta
3245 5685 3356 5729 arte
3389 5669 3584 5728 direxit
3619 5719 3631 5737 ,

2061 5747 2114 5789 ut
2134 5754 2310 5793 omnes
2361 5756 2452 5810 per
2500 5741 2775 5796 intervalla
2831 5743 3115 5815 digitorum
3169 5747 3389 5800 innorue
3437 5746 3628 5799 evade-

2058 5818 2191 5861 rent.
