3936 6358
463 342 535 397 39
1737 337 1981 396 IULIUS
2012 323 2407 390 AFRICANUS
3633 337 3705 392 ιο

460 456 796 513 V-indobone
840 454 897 510 in
927 454 1183 510 thesauro
1209 451 1433 508 librario
1460 452 1822 523 potentissimi
1852 452 2020 522 impe—

2145 446 2362 518 ιετρίως
2396 447 2649 519 ἐπήϐολοι
2693 448 2939 512 παιδείας
2963 447 3072 501 τῶν
3096 447 3382 501 Εὐκλείδου
3418 452 3706 520 στοιχείων

462 548 679 604 ratoris.
720 545 847 602 Fuit
890 545 1053 601 etiam
1100 542 1154 597 in
1198 542 1447 603 biblituh.
1491 540 1857 607 Seorialensi,
1897 551 2033 597 teste

463 641 615 695 Alex.
643 636 951 700 Baruoetio,
978 634 1071 706 qui
1097 633 1165 690 de
1195 634 1309 699 illo,
1338 633 1552 701 Nescio,
1575 633 1782 704 inquit,
1813 650 1880 688 an
1914 642 2034 688 tan-

446 717 575 787 tum
618 731 739 785 boni
789 746 916 800 opus
966 726 1104 781 illud
1161 727 1460 794 contineat,
1493 735 1751 796 quantum
1805 727 2034 781 continet

465 823 640 879 ntali:
680 829 1030 890 praterquam
1082 820 1224 873 enim
1258 816 1399 888 quod
1436 816 1690 887 sequioris
1723 815 1843 881 teri,
1868 815 2029 870 adeo-

463 929 564 980 que
582 909 711 983 styli
742 911 812 964 sit
843 917 1032 962 auctor
1056 907 1178 975 ille,
1200 906 1367 961 multa
1400 905 1553 959 habet
1593 904 1795 960 similia
1828 894 2034 961 .acticis

466 1002 688 1065 Leonis,
713 1000 957 1071 qucdam
991 998 1154 1052 etiam
1190 996 1588 1066 superstitiosa,
1612 1011 1675 1048 ac
1714 994 1885 1048 multa
1912 995 2039 1049 ridi-

467 1095 607 1159 cula,
635 1104 691 1149 ut
726 1094 790 1147 de
811 1093 1084 1146 curatione
1106 1106 1199 1159 per
1219 1087 1617 1154 Abracadabra,
1652 1086 1894 1158 quadam
1920 1104 2037 1141 mu-

468 1187 745 1251 lomedica,
775 1184 918 1256 falsa
943 1184 1194 1253 plurima.
1226 1181 1446 1236 ΕΑιιιιιε.
1468 1180 1601 1234 --ln
1628 1179 1843 1235 duobus
1874 1179 2033 1235 codd.

465 1276 822 1333 Leidensibus
850 1273 1109 1332 Africano
1134 1272 1391 1328 tribuitur
1423 1272 1518 1326 lib.
1561 1269 1640 1325 De
1670 1271 1825 1324 modo
1855 1270 2037 1339 defen-

464 1370 649 1424 dendae
684 1369 827 1422 urbis
857 1367 1100 1422 obsessas.

538 1462 855 1520 Africanum
874 1464 949 1519 De
965 1461 1153 1516 bellico
1182 1464 1443 1530 apparatu
1465 1470 1597 1519 ms.,
1619 1453 1686 1509 de
1698 1469 1808 1524 quo
1823 1452 2034 1510 Casau-

466 1558 645 1614 bonus
669 1558 738 1612 ad
766 1556 1010 1613 Suetonii
1032 1553 1291 1610 Ctesarem
1309 1593 1325 1619 ,
1348 1567 1398 1607 c.
1427 1550 1584 1617 5l,et
1603 1546 1923 1610 Salmasius,
1946 1562 2033 1617 ep.

472 1648 602 1716 l25,
637 1649 704 1704 ad
742 1647 989 1706 lsaacum
1017 1644 1306 1708 Vossium,
1340 1641 1574 1710 intellige
1598 1648 1804 1709 partem
1849 1637 2034 1692 Cesto-

466 1757 584 1795 rum
629 1740 907 1806 Africani,
946 1748 1062 1795 tum
1113 1737 1293 1792 adhuc
1349 1733 1646 1796 ineditam,
1695 1730 1788 1786 sed
1847 1739 2035 1800 postea

466 1834 650 1890 Graece
677 1834 900 1889 Parisiis
940 1832 1269 1902 evulgatam.
1310 1827 1509 1884 Eodem
1545 1824 1685 1880 refer
1717 1822 1862 1895 quod
1895 1822 2034 1879 scri-

2205 1786 2469 1841 Eumdem
2514 1785 2684 1841 fuisse
2721 1785 2943 1842 Sextum
2982 1786 3092 1856 (l2)

2145 1878 2226 1902 -..ι
2261 1876 2709 1902 numnum-
2737 1877 2905 1902 mm-
2969 1894 3001 1902 _.
3034 1879 3092 1902 ιιι

464 1928 545 1983 bit
570 1925 882 1982 Gassendus
915 1924 982 1980 ad
1011 1938 1141 1979 ann.
1180 1921 1347 1983 1622,
1385 1917 1717 1974 Peirescium
1749 1916 2036 1971 obtinuisse

465 2029 579 2075 tum
608 2035 672 2072 ea:
710 2017 997 2083 Vaticana,
1027 2026 1137 2070 tum
1171 2030 1235 2069 ea:
1259 2013 1613 2068 Ambrosiana
1655 2006 2035 2064 Mediolanensi

461 2110 699 2181 exempla
730 2110 975 2182 quasdam
1002 2107 1246 2178 Africani
1282 2105 1611 2174 aliorumque
1644 2103 1952 2156 tacticorum
1982 2100 2038 2153 in

465 2204 694 2275 gratiam
738 2200 879 2257 Lud.
937 2198 1197 2254 Machalti
1238 2198 1337 2253 uiri
1385 2195 1621 2261 strenui,
1662 2201 2037 2262 auctorumque

464 2295 780 2350 militarium
810 2303 864 2349 et
896 2292 1386 2348 mathematicorum
1422 2288 1668 2342 studiosi.
1695 2285 1760 2340 Et
1788 2285 1934 2355 quod
1971 2284 2039 2338 li—

464 2389 624 2444 brum
662 2387 956 2457 septimum
997 2384 1305 2445 Gestorum,
1332 2380 1425 2452 qui
1465 2389 1548 2435 est
1573 2380 1640 2435 de
1676 2393 1735 2433 re
1778 2374 2034 2438 militari,

468 2478 723 2533 habuisse
761 2491 865 2531 ms.
909 2484 1139 2530 testatur
1183 2471 1494 2527 Holstenius
1528 2469 1672 2541 apud
1713 2465 2036 2523 Morlioliutn

465 2570 561 2625 lib.
598 2584 614 2624 ι
644 2567 996 2638 Polyhistoris
1020 2607 1035 2633 ,
1072 2581 1194 2637 pag.
1233 2564 1323 2620 69.
1369 2563 1448 2617 Ex
1475 2561 1642 2616 Cestis
1669 2550 1832 2615 etiau't
1872 2558 2037 2628 petita
2080 2580 2081 2583 η

467 2670 597 2717 sunt
628 2676 749 2731 qua:
769 2659 872 2715 sub
899 2657 1142 2712 Africani
1168 2656 1386 2712 nomine
1413 2654 1470 2710 in
1497 2653 1803 2723 Gcoponicis
1834 2659 1889 2706 et
1910 2648 2040 2721 Hip-
2096 2708 2101 2717 ,

475 2755 717 2827 piatricis
748 2751 953 2808 Graecis
985 2751 1255 2820 leguntur,
1305 2762 1369 2802 ac
1400 2747 1629 2802 fortasse
1665 2753 1912 2800 nostrum
1949 2755 2039 2799 re-

467 2851 645 2922 spexit
672 2848 988 2917 Fulgentius
1008 2860 1091 2908 m,
1111 2841 1578 2913 7,Mythologicon,
1605 2841 1694 2896 ubi
1719 2838 2037 2895 Africanum

468 2943 911 3013 iatrosopliistam
950 2938 1155 2993 laudat.
1192 2936 1352 2991 Certe
1394 2936 1448 2989 in
1489 2933 1657 2989 Cestis
1701 2932 1947 3005 ἰατρικὰς
1985 2942 2040 2989 et

466 3036 701 3109 φυσικὰς
738 3033 994 3105 δυνάμεις
1028 3039 1191 3101 atque
1230 3029 1398 3093 ἰάσεις
1432 3027 1697 3083 contineri
1724 3067 1738 3091 ,
1763 3028 1875 3098 jam
1908 3026 2036 3081 olitn

467 3129 737 3186 Eusebius
773 3128 829 3181 in
859 3126 1055 3181 Chron.
1083 3132 1137 3179 et
1168 3122 1365 3177 Suidas
1406 3121 1462 3174 in
1502 3119 1847 3189 Ἀφρικανός
1881 3128 2037 3173 nota-
2062 3142 2106 3200 ρ

469 3230 619 3278 runt.
654 3220 801 3275 Inter
822 3218 964 3273 edita
988 3215 1261 3271 Cestorum
1279 3212 1456 3282 capita
1476 3218 1561 3266 est
1589 3211 1752 3266 etiam
1784 3210 1913 3265 illttd
1944 3210 2035 3275 57,

467 3313 611 3384 Περὶ
635 3312 895 3382 κρυφίας
919 3307 1256 3364 ἐπιστολῶν
1288 3301 1624 3373 εισπομπῆς
1643 3344 1660 3369 ,
1688 3305 1834 3374 quod
1853 3304 2040 3359 laudat

469 3409 545 3462 ls.
571 3404 802 3461 Vossius
841 3405 907 3459 ad
939 3401 1141 3457 Justini
1179 3418 1215 3455 ll
1237 3440 1252 3465 ,
1288 3400 1388 3461 l0.
1417 3417 1578 3472 quem
1607 3401 1729 3455 vide
1767 3396 1930 3454 etiam
1971 3398 2037 3452 ad

467 3495 739 3553 Catullum
758 3538 773 3564 ,
794 3511 920 3567 pag.
950 3494 1050 3558 50,
1080 3494 1171 3548 ubi
1192 3494 1258 3548 de
1288 3494 1545 3549 Africano
1559 3491 1802 3562 quaedam
1829 3489 2040 3545 erudite

471 3589 759 3653 observat,
790 3599 844 3643 et
876 3590 1013 3643 inter
1050 3587 1154 3642 alia
1197 3585 1461 3650 afﬁrmat,
1487 3581 1891 3658 Στρατηγικῶν,
1918 3592 2040 3651 quae

471 3691 786 3752 supersunt,
818 3681 1138 3751 fragmenta,
1171 3678 1519 3735 constituisse
1543 3686 1755 3732 sextum
1782 3692 1846 3731 ac
1873 3676 2039 3745 septi-

472 3787 624 3828 mum
654 3771 925 3827 Gestorum
952 3771 1173 3825 librum.
1206 3769 1384 3824 Cestos
1415 3767 1606 3823 Latine
1634 3777 1841 3822 vertere
1873 3766 2039 3836 coepit

467 3863 721 3920 Julianus
750 3863 1087 3928 Pucltardus,
1114 3880 1204 3919 an.
1238 3862 1395 3927 l705,
1414 3863 1501 3918 die
1527 3862 1593 3915 l2
1621 3860 1769 3924 Dec.,
1796 3875 1885 3914 an.
1911 3870 2041 3916 aeta-

470 3958 542 4014 tis
562 3957 633 4014 19
656 3955 881 4013 Parisiis
911 3956 1173 4022 donatus,
1209 3956 1303 4011 sed
1339 3970 1447 4009 non
1482 3952 1703 4024 perfecit
1746 3967 1921 4023 neque
1950 3952 2036 4006 in~

466 4049 908 4118 terpretationem
941 4062 1096 4103 suam
1121 4048 1281 4102 edere
1302 4047 1500 4113 voluit,
1525 4045 1669 4116 quod
1702 4044 2040 4100 existimaret

468 4142 717 4212 quaedam
747 4142 800 4195 in
835 4141 939 4195 illis
965 4141 1121 4195 obvia
1152 4140 1352 4193 rectius
1372 4139 1532 4208 vulgo
1565 4138 1825 4208 ignorari.

542 4232 723 4287 Cestos
739 4231 978 4285 Africani
996 4229 1431 4285 Gallo-Francice
1454 4231 1611 4284 vertit
1626 4228 1994 4284 Guiseltardus
2018 4243 2032 4279 :

471 4325 570 4381 Les
592 4325 767 4382 Cestos
793 4326 856 4381 de
873 4324 1000 4381 Jule
1022 4325 1062 4377 Α
1072 4325 1286 4393 fricain,
1310 4324 1536 4378 traduits
1558 4339 1689 4392 pour
1712 4322 1765 4375 In
1787 4322 2036 4392 premiére

475 4419 575 4485 {nis
605 4419 731 4472 d'un
760 4417 1048 4471 manuscrit
1076 4430 1213 4487 grec.
1241 4415 1374 4471 Vide
1412 4424 1550 4470 tom.
1584 4411 1654 4469 Ill
1696 4416 1844 4470 illius
1870 4412 2036 4468 Com-

473 4508 866 4564 mentariorum
897 4524 909 4560 :
944 4506 1221 4563 Mentuires
1252 4507 1497 4579 critiques
1512 4518 1560 4561 et
1588 4508 1772 4562 histor.
1805 4523 1898 4560 sur
1918 4506 2041 4576 plu-
2072 4491 2117 4546 ι)

472 4600 643 4652 sicurs
696 4601 873 4668 points
918 4599 1260 4670 d‘antiquités
1320 4600 1640 4665 militaires,
1685 4615 1785 4670 par
1824 4597 2042 4653 Charles

475 4688 768 4742 Guischard
790 4731 805 4755 ,
830 4688 1034 4744 nommé
1074 4690 1305 4756 Quintus
1342 4688 1531 4745 Icilius
1553 4732 1569 4758 ,
1598 4688 1834 4747 Berolini
1866 4687 2005 4745 1⁷774
2023 4729 2040 4754 ,

472 4778 508 4833 ι
532 4791 585 4834 et
608 4779 661 4845 8,
693 4778 757 4833 Ν
790 4780 917 4837 voll.
950 4778 1118 4836 ΙΙΑιιι..

548 4869 805 4941 Superest
833 4883 891 4927 ut
927 4873 1232 4929 referantur
1270 4888 1301 4926 a
1338 4888 1426 4928 me
1463 4873 1684 4927 nomina
1712 4872 2039 4943 scriptorum

475 4975 607 5016 sane
632 4976 931 5030 paucorum
954 5002 970 5027 ,
997 4979 1137 5033 quos
1169 4963 1223 5017 in
1258 4963 1434 5019 istlioc
1459 4965 1724 5033 opusculo
1750 4965 2041 5020 memorari

474 5053 648 5123 reperi
677 5070 693 5107 :

549 5142 789 5200 Ettclidis
814 5145 1109 5217 Στοιχεῖα,
1134 5162 1256 5219 pag.
1288 5146 1394 5203 295
1430 5148 1487 5205 b.
1518 5150 1581 5203 Οἱ
1620 5150 1719 5222 τῆς
1747 5150 2036 5221 ἐγκυκλίου

548 5359 660 5432 (l2)
690 5359 910 5438 Sextum
935 5372 1093 5438 vocat
1119 5362 1319 5438 suidas
1346 5365 1399 5420 in
1424 5366 1650 5438 A’Aggptat.
1683 5380 1737 5422 et
1760 5368 2033 5426 Σωσάννα.

548 5385 660 5432 μη
690 5385 910 5419 aeuum
935 5385 1093 5419 vocat
1119 5385 1315 5420 autuas
1346 5385 1399 5420 tu
1443 5385 1495 5419 ’Λ
1542 5385 1650 5438 ρικ.
1683 5385 1737 5422 et
1761 5385 2033 5426 ωσαννα.

472 5425 660 5499 Neque
690 5433 1095 5488 assentiendum
1127 5436 1260 5490 viris
1291 5436 1466 5491 doctis
1592 5436 1809 5492 Valesio
1841 5441 1906 5493 ad
1937 5441 2040 5494 Eu-

476 5501 591 5580 seb.
631 5517 753 5580 pag.
781 5504 883 5580 127
932 5512 988 5557 et
1015 5503 1234 5580 Labbeo
1282 5522 1296 5559 ι
1329 5506 1413 5580 _De
1442 5504 1639 5580 Script.
1659 5508 1866 5573 eccles.,
1913 5526 2035 5580 pag.

474 5568 740 5649 659,;qu
772 5571 987 5628 Cestum
1019 5575 1222 5649 dictum
1254 5576 1446 5649 volunt
1478 5593 1510 5632 a
1542 5568 1813 5649 Cestorum
1852 5568 2034 5649 opere.

549 5640 831 5710 (15)]αηι
871 5660 990 5700 vero
1031 5646 1309 5700 historiam
1355 5646 1449 5702 tibi
1489 5648 1743 5701 tradituri
1767 5640 1945 5704 sumus
1973 5665 2038 5704 ea:

472 5723 670 5773 QUINTO
686 5711 821 5790 libro
843 5716 1394 5790 Africani,s_criptoris
1420 5720 1651 5773 chronici
1835 5723 1879 5774 is
1902 5736 2040 5790 qua:-

472 5795 673 5853 cunque
699 5785 762 5837 de
790 5788 983 5842 nostris
1020 5785 1236 5860 regibus
1256 5788 1578 5863 (Armeniae)
1610 5800 1814 5860 narrat,
1856 5785 1924 5846 ια’
1952 5791 2038 5845 de-

2132 533 2392 589 ὲπιποσὸν
2412 534 2487 599 ὡς
2506 535 2653 599 εἰκὸς
2680 536 2974 607 ἐφήψαντο.

2202 624 2472 684 Homerus
2499 642 2621 697 pag.
2658 626 2767 681 292
2811 627 2878 681 b:
2916 625 3182 698 ’ἰαμϐεῖον
3227 626 3473 699 ἀρχαῖον,
3496 627 3575 691 ὡς
3604 626 3704 680 λυ-

2134 718 2502 791 σιτελέστερος
2529 720 2662 773 πᾶσι
2679 717 2773 773 τοῦ
2803 718 3106 793 προπετοῦς
3133 719 3162 771 ὁ
3189 718 3433 791 ἀσφαλὴς
3455 718 3704 791 ἡγεμών,

2132 826 2259 882 pag.
2279 810 2406 866 27s.
3251 838 3255 842 ›

2203 900 2408 958 Versus
2458 900 2574 972 ipse
2619 909 2798 957 exstat
2848 898 2990 972 apud
3031 897 3394 966 Suetonium,
3440 901 3705 970 Augusto,

2134 1007 2260 1063 cap.
2284 992 2389 1047 25:

2288 1078 2583 1153 Ἀσφαλὴς
2609 1083 2720 1155 γὰρ
2746 1083 2877 1137 ἐστ’
2906 1081 3182 1153 ἀμείνων,
3200 1077 3238 1149 ἣ
3272 1079 3708 1222 θιῖιέξὲἕτῖιέρα-

3348 1168 3628 1219 mutatae.

2203 1241 2527 1314 Neptuniani
2564 1242 2809 1314 Physica,
2845 1258 2967 1314 pag.
2996 1242 3093 1296 50f
3132 1240 3169 1296 b
3195 1261 3206 1296 :
3234 1241 3540 1296 Φιλοπονῶν
3575 1244 3706 1313 περὶ

2134 1333 2231 1404 τὴν
2278 1331 2371 1386 τοῦ
2416 1331 2677 1404 παρόντος
2723 1331 3147 1404 συγγράμματος
3184 1331 3420 1397 ἔκθεσιν,
3465 1332 3708 1402 ἀνέγνων

2134 1424 2193 1477 ὲν
2225 1426 2335 1487 τοῖς
2363 1421 2762 1477 Νεπτουνιανοῦ
2799 1424 3064 1494 φυσικοῖς,
3088 1433 3192 1476 etc.

2208 1512 2275 1569 Ol
2318 1515 2640 1570 Κυντίλιοι.
2691 1530 2813 1584 pag.
2859 1513 2957 1568 301
3021 1515 3053 1567 b
3086 1531 3100 1567 :
3133 1512 3414 1580 Quinctilii
3470 1512 3705 1580 fratres,

2135 1606 2227 1676 qui
2276 1606 2379 1661 sub
2429 1606 2729 1662 Commodo
2785 1607 2917 1677 imp.
2965 1607 3097 1661 clari
3146 1606 3486 1675 scripserunt
3530 1609 3599 1664 de
3648 1624 3709 1663 re

2139 1696 2364 1751 rustica.

3123 1785 3327 1843 Iulium
3360 1787 3705 1852 Africanum,

2134 1878 2230 1947 qui
2260 1876 2709 1947 Chronographite
2737 1877 2908 1933 libros
2969 1894 3001 1930 v
3031 1879 3145 1947 (15)
3195 1880 3264 1935 ab
3297 1879 3428 1935 orbe
3471 1880 3699 1935 condito

2135 1969 2202 2023 ad
2236 1983 2288 2022 a.
2314 1967 2377 2025 C.
2406 1969 2506 2023 221
2539 1970 2780 2040 scripsit.
2815 1979 2868 2024 et
2895 1967 3099 2024 Julium
3126 1969 3470 2033 Africanum,
3519 1970 3707 2026 Cesto-

2135 2078 2254 2116 rum
2286 2064 2635 2134 scriptorem,
2671 2052 2954 2119 credemus
2984 2065 3166 2134 potius
3197 2065 3452 2130 Eusebio,
3485 2065 3707 2134 Photio,

2138 2153 2409 2227 Syncello,
2450 2165 2504 2211 et
2537 2155 2738 2222 Suidas,
2781 2157 2888 2211 hoc
2928 2156 3345 2223 allirmantibus,
3372 2158 3570 2227 quibus
3596 2157 3708 2213 Pe-

2135 2246 2335 2310 tavius,
2369 2244 2616 2309 Vossius,
2649 2245 2921 2313 Labbeus,
2959 2247 3313 2321 Lambecius,
3343 2248 3706 2318 Wetstenius,

2136 2338 2514 2394 Tillemontius
2534 2337 2851 2412 [Needham,
2879 2338 3299 2410 Hatnbergerus,
3328 2339 3703 2413 Saxius,etc.]

2137 2431 2550 2497 assentiuntur,
2620 2447 2782 2502 quam
2828 2429 2945 2487 los.
2989 2430 3249 2503 Scaligeri
3288 2441 3342 2487 et
3387 2431 3452 2486 ll.
3501 2431 3707 2488 Valesii

2136 2521 2379 2577 virorum
2405 2523 2532 2578 licet
2555 2523 2921 2578 maximorum
2954 2524 3286 2594 conjecturis
3332 2533 3520 2580 contra
3566 2525 3712 2579 nite-

2137 2630 2281 2670 mur.
2323 2614 2612 2682 Czeterum,
2644 2615 2787 2683 quod
2817 2613 3261 2687 Chronographia:
3296 2624 3351 2670 et
3377 2615 3602 2669 Κεστῶν
3640 2617 3711 2669 li-

2138 2708 2267 2764 bros
2302 2723 2402 2778 pro
2430 2723 2539 2763 uno
2572 2708 2872 2778 eodemque
2910 2723 3071 2779 Opere
3098 2709 3289 2764 habuit
3312 2707 3567 2763 Petavius
3606 2724 3709 2774 xu,

2136 2797 2227 2865 40,
2256 2798 2332 2853 De
2359 2798 2604 2852 doctrina
2638 2808 2818 2867 temp.,
2851 2800 2955 2854 hoc
2987 2800 3185 2854 merito
3229 2799 3545 2855 retractavit
3591 2799 3710 2870 ipse

2138 2904 2257 2953 vm,
2282 2890 2338 2953 2,
2367 2891 2610 2943 Auctarii
2634 2891 2766 2943 diss.
2793 2889 3263 2962 [Chronographiw
3290 2908 3418 2963 pars
3443 2891 3566 2958 fuit,
3595 2906 3702 2945 non

2139 2982 2428 3053 peculiaris
2456 2982 2594 3036 liber
2625 2983 2901 3054 ἐπίτομος,
2930 2983 3149 3053 quando
3171 2984 3367 3055 legitur
3398 2983 3452 3038 in
3487 2984 3704 3039 Eusebii

2140 3074 2336 3132 Chron.
2394 3074 2716 3147 Ἀφρικανὸς
2765 3076 2823 3128 ὲν
2871 3075 3150 3146 ὲπιτόμῳ,
3204 3077 3280 3129 uti
3326 3074 3605 3132 Fabricius
3649 3077 3705 3131 in

2140 3177 2267 3223 nota
2313 3182 2417 3222 ms.
2458 3167 2525 3222 ad
2564 3165 2787 3221 Suidam
2818 3164 3184 3221 Basileensem
3231 3168 3375 3237 apud
3419 3164 3600 3223 Niclas
3637 3168 3708 3223 ad

2140 3257 2456 3329 Geoponica,
2485 3259 2721 3328 prolegg.
2748 3272 2870 3329 pag.
2893 3274 3058 3321 XLVII,
3087 3267 3200 3313 not.
3220 3259 3275 3324 5,
3304 3259 3490 3315 docuit
3519 3271 3711 3316 contra

2138 3349 2453 3416 Meursium,
2488 3348 2581 3419 qui
2634 3349 2688 3402 in
2735 3347 2990 3402 Bibliotlt.
3019 3347 3229 3415 Grteca,
3273 3364 3397 3421 pag.
3430 3350 3591 3418 1199,
3638 3367 3712 3407 ex

2139 3439 2231 3494 illo
2257 3439 2473 3494 Eusebii
2512 3438 2633 3493 loco
2663 3439 2936 3509 singulare
2964 3438 3207 3494 Africani
3238 3456 3397 3511 opus,
3426 3442 3710 3516 ἐπίτομον,

2142 3529 2432 3599 oxsculpit.
2452 3526 2652 3601 HARL.}

2207 3621 2326 3675 Alia
2353 3622 2420 3676 de
2441 3619 2701 3675 Africano
2730 3620 2957 3690 ejusque
2989 3621 3209 3693 scriptis
3238 3624 3381 3694 apud
3407 3624 3715 3680 accuratis-

2139 3712 2340 3768 simum
2390 3710 2800 3766 Tillemontium
2859 3720 2992 3766 tom.
3031 3711 3128 3778 ΙΙΙ,
3172 3714 3225 3779 5,
3289 3714 3456 3771 Mem.
3494 3715 3714 3783 ecclés.,

2137 3822 2259 3876 pag.
2305 3803 2426 3869 115,
2477 3813 2531 3859 et
2582 3806 3096 3874 praestantissimum
3152 3804 3391 3861 Caveum
3452 3804 3613 3878 [tom.
3667 3806 3711 3871 Ι,

2137 3911 2259 3967 pag.
2289 3895 2390 3950 ll0
2414 3894 2525 3967 sq.]
2550 3896 2603 3949 in
2630 3907 2783 3966 parte
2811 3906 3038 3967 utraque
3061 3895 3207 3952 Hist.
3233 3897 3513 3953 litterariae
3538 3896 3717 3952 lector

2136 3989 2365 4051 evolvet,
2408 3988 2608 4057 quibus
2655 3988 2921 4043 ambobus
2972 3988 3025 4042 in
3067 3998 3304 4044 mentem
3334 3991 3484 4045 venit
3524 3990 3715 4060 suspi-

2137 4080 2276 4143 cari,
2310 4080 2453 4149 quod
2486 4076 2669 4132 Cestos
2721 4077 2861 4134 forte
2894 4081 3173 4151 scripserit
3216 4082 3531 4151 Africanus,
3566 4101 3716 4139 non-

2136 4172 2264 4225 dum
2295 4170 2499 4226 ChriSLi
2534 4172 2707 4227 sacris
2751 4173 2996 4227 initiatus
3037 4191 3051 4227 :
3092 4173 3220 4229 licet
3262 4176 3317 4229 in
3357 4176 3524 4230 altera
3552 4188 3719 4247 parte

2135 4261 2348 4315 Caveus
2408 4261 2559 4314 malit
2608 4263 2952 4319 subscribere
3008 4279 3200 4320 eorum
3260 4269 3542 4323 sententiae
3605 4270 3715 4340 qui

2138 4344 2319 4399 Cestos
2360 4347 2424 4399 ad
2461 4347 2627 4401 alium
2676 4346 2919 4403 referunt
2948 4349 3290 4407 Africanum.
3339 4351 3444 4408 Sed
3489 4354 3556 4409 de
3594 4365 3718 4412 tota

2143 4448 2202 4488 re
2234 4434 2429 4490 melius
2459 4435 2708 4504 judicare
2741 4438 2947 4505 liceret,
2976 4439 3020 4494 si
3051 4455 3189 4511 opus
3223 4442 3402 4511 ipsum
3446 4454 3713 4514 exstaret;

2144 4523 2289 4605 quod
2316 4565 2330 4590 ,
2375 4526 2564 4596 paucis
2605 4526 2744 4582 forte
2794 4527 3113 4600 fragmentis
3171 4533 3450 4603 exceptis,
3501 4544 3561 4589 ut
3590 4535 3717 4604 jam

2141 4617 2327 4672 notavi
2349 4655 2366 4681 ,
2401 4615 2699 4674 intercidit.
2758 4618 2893 4675 Nam
2925 4631 2980 4676 et
3005 4621 3285 4677 Boivinius
3316 4624 3490 4693 prima
3517 4626 3606 4680 vix
3638 4628 3715 4682 46

2141 4707 2319 4778 capita
2360 4706 2620 4764 Africano
2663 4709 2826 4765 audet
2868 4711 3129 4777 tribuere,
3171 4726 3292 4767 cum
3323 4714 3394 4770 45
3424 4730 3595 4783 usque
3639 4717 3712 4772 ad

2142 4798 2212 4855 59
2236 4801 2349 4855 fere
2372 4800 2439 4854 ad
2466 4801 2689 4856 verbum
2721 4800 2830 4857 sint
2856 4800 3129 4874 descripta
3154 4819 3218 4860 ex
3239 4802 3427 4861 Enea:
3455 4805 3710 4871 Tacticis,

2140 4900 2196 4945 et
2236 4892 2640 4963 sexagesimum
2691 4909 2815 4950 cum
2878 4893 3102 4968 reliquis
3169 4907 3387 4968 propter
3443 4900 3711 4955 vocabula
3785 4901 3800 4913 '

2151 4982 2382 5037 barbara
2415 4992 2469 5039 et
2494 4984 3027 5056 stylidiversitatem,
3063 4984 3232 5044 alium
3265 4996 3319 5044 et
3347 4989 3710 5046 recentiorem

2140 5086 2417 5131 auctorem
2469 5074 2804 5145 referant;e
2835 5080 3040 5149 quibus
3086 5080 3176 5135 illa
3201 5079 3341 5149 Περὶ
3393 5081 3707 5151 φυλακῶν,

2137 5182 2265 5238 pag.
2291 5168 2419 5235 515,
2464 5167 2695 5225 Heronis
2737 5170 2880 5227 forte
2922 5173 3159 5242 junioris
3204 5189 3326 5231 esse
3353 5175 3492 5230 idem
3523 5177 3713 5231 erudi-

2138 5373 2393 5449 prompsit
2442 5374 2692 5449 universa
2751 5390 2816 5428 ea:
2860 5376 3139 5449 tabulario
3185 5376 3433 5449 Edessat.
3473 5394 3591 5449 qua:
3626 5387 3708 5432 est

2142 5440 2332 5518 Urha':
2366 5443 2757 5518 cujusquidem
2797 5446 3046 5518 tabularis
3082 5447 3205 5501 libri
3240 5448 3303 5503 de
3340 5440 3586 5518 fanorum
3624 5450 3711 5503 hi-

2137 5514 2325 5586 storiis
2364 5530 2391 5567 e
2416 5514 2599 5586 Nesibi
2634 5515 2902 5586 etSinope
2924 5515 3149 5570 Pontica
3189 5514 3357 5586 [ueras
3374 5536 3433 5573 eo
3476 5519 3704 5584 advecti,

2138 5583 2217 5655 ait
2269 5583 2633 5638 Cheronensis
2690 5583 2902 5650 Moses,
2968 5588 3061 5655 qui
3119 5583 3361 5643 Africani
3417 5583 3705 5644 historiam

2138 5650 2679 5729 Edessaenexcerpsit,
2717 5670 2838 5729 pag.
2868 5654 2962 5729 191
2989 5650 3125 5710 edit.
3152 5658 3428 5723 Whiston,
3462 5657 3703 5729 Londin.

2141 5722 2301 5800 l75_6.
2348 5722 2465 5778 Viti.
2497 5722 2675 5778 Nielas
2703 5722 2767 5778 ad
2794 5722 3089 5800 Neetlltattii
3123 5730 3418 5800 prolegmu.
3468 5729 3536 5786 ad
3568 5726 3705 5784 Geo-

2135 5794 2371 5863 punicas,
2402 5810 2521 5867 pag.
2551 5811 2715 5863 vatt,
2751 5812 2801 5853 ιι.
2918 5796 3089 5854 ΗΑΜ..
3124 5794 3139 5799 ’
3277 5794 3302 5800 ⁷
3417 5839 3421 5843 ν
