4006 6356
273 323 337 378 41
1773 347 2068 406 ΝΟἸἹΤΙΑ.

3436 361 3508 418 4⁸1

276 446 529 504 tissimus
576 450 864 512 Boivinius
908 461 1149 531 coniicit.
1201 462 1467 521 Caeterum
1504 468 1848 526 Christianos
1877 477 1921 531 Α
1949 466 2166 524 Labbeo
2223 479 2357 525 tom.
2389 470 2409 523 l
2458 471 2600 526 Bibl.
2653 489 2796 528 nova
2833 491 2980 542 πται,
3013 493 3133 546 pag.
3163 478 3286 546 298,
3327 482 3506 539 editus

275 541 436 594 etiam
469 544 758 619 τερατώδη
787 559 1045 617 sectatos,
1078 571 1142 609 ac
1171 560 1647 626 superstitionibus
1675 580 1850 634 quan-

275 629 453 698 doque
482 635 706 692 deditos
738 638 942 708 fuisse,
972 655 1152 701 vetera
1189 650 1521 707 convincunt
1561 629 1806 724 exempla
1828 699 1844 724 ,

272 731 326 774 et
356 721 705 818 Gfoponicon
759 733 995 802 scriptor
1056 737 1220 808 (haud
1251 743 1412 817 dubie
1443 721 1840 818 Christianus).

274 823 326 866 et
382 811 705 884 Tryphouis
768 828 1020 896 martyris
1102 834 1438 891 exorcismus
1515 837 1840 894 insectorum

274 902 444 960 hortis
506 910 794 982 vineisque
841 919 1127 975 noxiorum
1167 927 1306 992 apud
1361 925 1705 985 Lambecium
1741 949 1838 996 vu,

272 1011 389 1066 pag.
415 999 548 1064 217,
584 1012 639 1057 et
668 1005 818 1072 plura
859 1010 1127 1078 ejusmodi
1172 1031 1280 1070 non
1312 1019 1447 1074 adeo
1496 1021 1711 1078 iuobvia
1757 1024 1844 1078 fu-

273 1098 392 1144 tura
427 1094 473 1144 si
515 1097 649 1163 quis
676 1099 988 1170 diligentius
1031 1107 1373 1177 inquisierit:
1413 1113 1576 1183 inque
1617 1116 1700 1172 bis
1735 1117 1840 1173 fre-

271 1192 528 1247 quentata
560 1190 813 1255 quaedam
840 1197 1218 1263 superstitiosa
1250 1199 1320 1254 ita
1362 1203 1593 1270 publice,
1627 1217 1685 1260 ut
1708 1224 1838 1262 eon-

196 1343 202 1346 ν
265 1273 519 1366 ciliorum
566 1278 805 1337 decretis
857 1287 1189 1354 prohibenda
1236 1289 1472 1360 fuerint,
1525 1295 1590 1350 de
1634 1300 1834 1366 quibus

261 1359 479 1415 Burnus
500 1405 516 1427 ,
541 1371 780 1427 Oratorii
807 1371 935 1429 Jesu
974 1379 1269 1450 presbyter,
1315 1397 1466 1451 parte
1501 1359 1666 1441 tertia.
1687 1389 1831 1457 libri,

259 1452 470 1509 Gallice
501 1471 636 1512 ann.
664 1460 824 1527 nos,
861 1465 942 1530 ιε,
988 1468 1139 1534 editi,
1168 1487 1328 1541 quem
1359 1475 1635 1546 inscripsit
1672 1497 1686 1533 ε
1730 1452 1832 1534 Ili;

256 1548 424 1600 stoire
471 1552 709 1622 critique
743 1562 833 1610 des
874 1563 1144 1632 pratiques
1174 1569 1586 1635 supcrstitieuses
1625 1574 1713 1642 qui
1745 1585 1832 1628 ont

252 1638 432 1692 séduit
462 1642 541 1695 les
576 1647 788 1714 peuples
818 1662 867 1704 et
898 1655 1227 1710 embarrassé
1259 1658 1333 1713 les
1392 1678 1596 1717 savans.
1623 1638 1700 1720 Ex
1734 1682 1830 1722 eo-

250 1730 379 1784 dem
410 1732 751 1803 Ceoponicon
781 1743 1047 1812 scriptore
1077 1757 1219 1804 recte
1248 1751 1488 1823 colligas,
1514 1755 1829 1813 Africanum

246 1820 640 1882 Christianum
692 1830 881 1899 fuisse,
913 1851 1043 1891 cum
1082 1837 1260 1894 Cestos
1294 1820 1576 1913 scriberet,
1611 1847 1667 1902 in
1710 1849 1830 1918 qui-

247 1914 358 1970 bus
398 1922 814 1978 commendavit
854 1926 1038 1984 eliicax
1084 1932 1344 1989 adversus
1374 1937 1482 1990 viui
1522 1941 1828 2009 corruptio-

247 2019 377 2058 nem
433 2011 784 2076 remedium,
831 2015 877 2070 si
921 2017 1068 2073 dolio
1120 2022 1491 2080 inscribantur
1552 2026 1671 2081 θεῖοι
1716 2029 1830 2085 haec

247 2096 412 2152 verba
442 2098 628 2170 (Psal.
652 2119 840 2170 xxxrv,
865 2107 919 2178 8)
952 2125 966 2161 :
997 2109 1216 2167 Gustate
1256 2125 1304 2169 et
1342 2116 1530 2183 videte,
1580 2122 1827 2188 quoniam

243 2193 424 2244 suavis
464 2193 748 2261 Dominus,
779 2199 882 2265 vel,
929 2202 976 2255 si
1009 2219 1250 2272 pomum,
1298 2206 1382 2263 bis
1412 2209 1592 2265 verbis
1627 2211 1828 2268 inscri-

243 2294 423 2352 ptum,
481 2287 805 2357 projiciatur
851 2293 906 2346 in
950 2295 1156 2362 vinum,
1203 2313 1314 2362 xiv,
1363 2300 1398 2355 5
1448 2301 1771 2374 Ἀφρικάνου
1808 2323 1822 2337 ο

254 2376 572 2447 ’Δμήχανον
601 2383 879 2452 τραπῆναι
905 2385 996 2438 τὸν
1026 2382 1165 2440 οἶνον
1201 2389 1296 2442 ἐὰν
1321 2392 1628 2467 ἐπιγράψεις
1662 2397 1718 2449 ἐν
1747 2397 1825 2468 τῷ

238 2467 454 2537 ἀγγείῳ
508 2470 542 2539 ἢ
592 2473 653 2526 ἐν
705 2476 818 2537 τοῖς
867 2474 1040 2540 πίθοις
1083 2477 1253 2532 ταῦτα
1298 2481 1366 2534 τὰ
1411 2484 1528 2539 θεῖα
1578 2467 1819 2558 ῥήματα)

240 2561 289 2611 Γ
290 2561 573 2615 accurras
612 2563 711 2616 καὶ
739 2564 913 2630 ἴδετε,
933 2566 1020 2620 ὅτι
1035 2571 1298 2638 χρηστὸς
1326 2576 1359 2626 ό
1385 2576 1614 2643 Κύριος.
1634 2578 1824 2643 Καλῶς

235 2651 290 2703 δὲ
322 2653 586 2722 ποιήσεις
629 2657 725 2710 καὶ
762 2660 844 2721 εἰς
885 2659 1051 2730 μῆλον
1081 2661 1221 2717 οὕτω
1256 2665 1500 2736 γράφων,
1543 2670 1821 2740 ἐμϐάλλων

235 2741 294 2792 τὸ
331 2743 510 2813 μῆλον
551 2746 638 2809 εἱς
669 2747 760 2823 cev
795 2743 960 2803 οἶνον.
1007 2749 1171 2808 Plura
1212 2755 1587 2825 hujuscemodi
1631 2759 1821 2820 farina:

235 2851 298 2888 ex
320 2834 648 2906 Geoponicis
698 2840 838 2896 infra
884 2843 1024 2900 libro
1055 2861 1106 2901 γι
1139 2847 1334 2914 refero,
1367 2850 1460 2906 ubi
1501 2852 1567 2908 de
1598 2852 1819 2926 Hippia-

236 2928 387 2983 tricis
431 2945 662 3001 quoque
711 2933 954 2991 dicturus
996 2953 1150 3006 sum,
1193 2956 1425 3010 quorum
1470 2947 1719 3013 collectio
1761 2958 1816 3005 et

238 3019 356 3088 ipsa
398 3038 468 3077 ex
503 3020 768 3080 Africani
811 3025 977 3082 Cestis
1027 3032 1270 3099 quaedam
1320 3036 1483 3091 habet
1531 3039 1811 3106 adnotata,

239 3113 319 3167 uti
368 3115 510 3172 alius
567 3116 715 3173 liber
763 3135 868 3175 ms.
941 3121 1282 3180 Constantini
1329 3125 1879 3218 Porphyrogenetrec

233 3208 418 3277 jussu,
461 3220 528 3266 ut
570 3211 816 3278 videtur,
857 3215 1135 3281 collectus,
1183 3218 1250 3273 de
1293 3236 1403 3290 quo
1431 3221 1713 3281 Boi'viuius
1757 3227 1811 3282 in

234 3304 701 3375 castigationibus
737 3307 806 3362 ad
827 3306 1170 3378 Africanum,
1204 3327 1326 3384 pag.
1357 3314 1482 3369 560.
1519 3315 1814 3374 Fannio.—

234 3393 363 3448 Adii.
417 3393 483 3450 L.
527 3394 622 3450 El.
666 3396 742 3452 du
781 3396 917 3467 Pin,
966 3398 1138 3456 Noua.
1183 3403 1564 3478 Bibliotltéque,
1608 3417 1737 3464 tom.
1765 3411 1810 3478 Ι,

235 3498 350 3552 pag.
387 3485 520 3542 115.
585 3485 760 3543 Stolle
785 3528 803 3555 ,
866 3487 1224 3548 Nachricltten
1280 3511 1373 3550 von
1406 3498 1503 3552 den
1544 3497 1807 3556 Kirchen-

239 3579 425 3642 vitem,
475 3593 536 3648 p.
569 3577 679 3632 154
726 3595 872 3650 sqq.,
903 3581 994 3652 qui
1038 3583 1174 3639 alios
1221 3585 1284 3643 V.
1311 3584 1374 3638 D.
1421 3587 1625 3653 laudat,
1669 3589 1808 3646 lena

251 3665 388 3732 {755,
414 3668 482 3734 ις
535 3665 595 3722 J.
616 3667 837 3724 Fabric.
887 3669 944 3725 in
985 3670 1230 3728 Historia
1259 3675 1515 3732 Biblioth.
1561 3677 1802 3747 Fabric.,

258 3766 377 3825 part
398 3775 454 3823 ιι,
485 3776 625 3831 pag.
652 3760 788 3824 579.
842 3770 896 3816 et
919 3774 1058 3833 part.
1084 3780 1166 3830 ιη,
1202 3782 1325 3838 pag.
1353 3768 1493 3835 559;
1525 3768 1576 3825 J.
1600 3773 1799 3828 Christ.

250 3844 384 3916 Neu,
428 3852 474 3904 in
500 3853 945 3910 Accessionihus
995 3855 1064 3910 ad
1100 3854 1321 3912 Wheari
1359 3858 1646 3918 Relection.
1693 3862 1802 3918 Ilie-

240 3941 412 4007 nales,
437 3960 568 4016 pag.
597 3944 734 3999 255.

293 4034 642 4107 Praecipuum
696 4035 936 4092 Africani
990 4053 1128 4111 opus
1179 4040 1284 4097 fuit
1330 4042 1795 4118 Chronographia,

224 4141 487 4183 annorum
541 4128 714 4195 56%,
740 4129 855 4186 sive
888 4130 1013 4186 libri
1036 4149 1068 4188 v
1093 4132 1170 4188 De
1198 4136 1536 4206 temporibus,
1566 4141 1636 4195 ab
1665 4141 1797 4197 orbe

220 4224 652 4292 conditousque
681 4223 749 4278 ad
779 4239 830 4278 a.
859 4223 993 4282 Chr.
1026 4226 1151 4296 221,
1187 4229 1385 4301 olymp.
1416 4247 1530 4300 ccc,
1549 4233 1600 4300 1,
1632 4233 1796 4291 Grato

218 4326 268 4370 et
304 4317 549 4374 Seleuco
603 4332 750 4374 coss.
806 4318 886 4374 Ex
928 4334 1059 4390 quo,
1107 4322 1231 4378 licet
1277 4324 1440 4381 hodie
1491 4327 1791 4399 deperdito,

215 4410 376 4463 multa
405 4409 695 4465 Eusebius
745 4409 799 4464 in
843 4425 946 4467 suo
973 4411 1230 4468 Chronico
1282 4425 1338 4472 et
1367 4416 1668 4490 Syncellus,
1702 4419 1788 4476 Jo.

1947 559 2173 626 Latine,
2219 579 2380 632 quem
2424 562 2554 618 Julii
2600 564 2836 621 Africani
2874 585 3011 624 .esse
3065 571 3324 640 suspicati
3379 588 3506 629 sunt

1948 649 2172 708 Vossius
2197 651 2266 706 111
2295 653 2372 708 De
2402 654 2591 709 histor.
2620 655 2796 711 Latin.
2848 670 2986 728 part.
3020 677 3093 726 tv,
3126 677 3246 732 cap.
3279 664 3334 728 5,
3377 681 3501 737 pag.

1945 741 2067 810 756,
2099 754 2154 798 et
2184 743 2418 801 Sandius
2453 746 2518 800 ad
2550 744 2802 802 Vossium
2861 766 2982 820 pag.
3019 753 3123 808 279
3158 771 3266 826 sq.,
3323 758 3503 826 potius

1942 835 2255 894 referendus
2292 848 2376 893 est
2419 840 2487 893 ad
2521 838 2890 912 Hippolytum,
2935 844 3321 912 Portueusem,
3354 848 3502 902 Afri-

1939 929 2058 981 caui
2093 931 2374 999 aequalem.
2423 931 2742 1002 Quanquam
2778 933 3018 990 Africani
3062 939 3226 992 etiam
3269 937 3503 994 Chroni-

1939 1033 2039 1073 con
2074 1018 2224 1075 fuere
2257 1022 2350 1090 qui
2392 1021 2582 1078 Latine
2629 1026 3131 1096 interpretarentur,
3168 1040 3222 1084 et
3251 1030 3497 1096 fortasse,

1938 1117 1997 1162 ut
2020 1107 2322 1165 Dodwellus
2349 1113 2482 1167 diss.
2529 1113 2604 1167 De
2650 1118 2974 1170 successione
3004 1121 3328 1189 pontiﬁcum,
3371 1139 3493 1193 pag.

1937 1200 2025 1263 98,
2052 1217 2116 1256 ex
2142 1203 2366 1272 antiquo
2393 1220 2495 1258 ms.
2519 1203 2712 1259 Latino
2735 1206 2981 1261 Chronici
3001 1208 3291 1266 Euscbiaui
3314 1215 3498 1268 codice

1935 1287 2259 1344 Mertonensi
2315 1292 2551 1361 colligit,
2600 1305 2890 1363 antequam
2935 1295 3153 1352 Eusebii
3200 1299 3494 1356 Chronicon

1935 1393 2163 1436 verteret
2207 1381 2586 1454 Hieronymus.
2654 1380 2734 1439 Illi
2773 1387 3090 1456 interpretes
3120 1391 3202 1443 vel
3237 1393 3397 1446 etiam
3434 1396 3466 1448 li

1932 1474 2119 1542 brarii,
2166 1485 2260 1530 aut
2305 1478 2399 1546 qui
2442 1477 2858 1533 describendum
2915 1481 3016 1535 sibi
3059 1481 3299 1538 Africani
3349 1502 3486 1556 opus

1931 1577 2276 1632 curaverunt,
2328 1568 2558 1623 diversis
2605 1569 2798 1624 deinde
2846 1573 3178 1640 temporibus
3222 1576 3288 1629 ad
3337 1593 3492 1632 suam

1930 1657 2214 1726 cujusque,
2245 1674 2350 1727 qua
2384 1659 2799 1724 vixit,,tetalem
2854 1664 3244 1718 continuarunt
3296 1669 3491 1722 seriem

1929 1750 2232 1814 consulum,
2257 1751 2470 1820 aliaque
2491 1767 2590 1821 pro
2616 1768 2714 1807 suo
2732 1753 2964 1824 quisque
2986 1767 3141 1826 captu
3168 1759 3493 1814 addiderunt

1859 1815 1904 1873 Β
1933 1837 2015 1891 vel
2047 1839 2349 1894 omiserunt
2385 1815 2878 1910 interpolaruntve.
2921 1844 3234 1901 Africanum
3281 1850 3339 1901 ἐν
3371 1853 3490 1914 ταῖς

1930 1931 2350 2001 χρονογραφίαις
2398 1931 2582 1986 laudat
2625 1935 2785 1988 etiam
2826 1933 3091 1992 Maximus
3147 1938 3215 1992 ad
3241 1938 3480 2011 Dionysii

1926 2019 2266 2092 Areopagitze
2294 2023 2574 2092 epistolam
2601 2027 2655 2078 4.
2692 2025 2811 2080 Alia
2841 2037 3080 2082 veterum
3108 2030 3248 2095 loca,
3277 2031 3490 2086 Africa-

1925 2124 2054 2163 num
2107 2112 2402 2177 laudantia,
2453 2115 2707 2183 quoniam
2759 2133 2787 2170 a
2824 2118 2953 2173 viris
2980 2121 3178 2186 doctis,
3213 2123 3488 2194 Scaligero

1923 2210 1978 2255 et
2007 2199 2222 2258 Valesio
2268 2206 2335 2258 ad
2385 2203 2608 2272 Euseb,
2654 2206 2853 2262 Allatio
2893 2211 2958 2263 ad
3003 2209 3249 2266 Eustatb.
3292 2216 3487 2270 Antio-

1922 2293 2104 2358 chen.,
2133 2312 2255 2366 pag.
2289 2299 2321 2351 5
2391 2313 2499 2367 sq.,
2538 2297 2774 2365 Lahbeo,
2810 2300 3176 2373 Tillemontio,
3216 2308 3393 2364 Caveo
3432 2320 3485 2365 et

1923 2386 2220 2445 Wctstenio
2261 2391 2338 2460 (in
2383 2393 2523 2447 notis
2553 2393 2617 2446 ad
2648 2394 2932 2462 epistolam
2987 2399 3052 2452 ad
3080 2395 3367 2467 Origenem
3413 2402 3480 2458 de

1922 2479 2192 2549 Susanna,
2226 2499 2346 2554 pag.
2377 2483 2478 2538 148
2513 2487 2620 2554 sq.)
2654 2486 2816 2540 allata
2842 2497 2988 2555 sunt,
3022 2492 3230 2546 omitto.

1989 2572 2070 2626 Ex
2111 2576 2306 2628 eodem
2346 2573 2590 2630 Africani
2639 2591 2800 2646 opere
2843 2579 3006 2647 petita
3051 2582 3282 2646 videtur,
3316 2601 3479 2654 quam

1919 2678 2023 2717 ms.
2051 2663 2104 2719 in
2129 2653 2259 2720 bibl.
2292 2667 2694 2723 \‘iudoboneusi
2739 2680 2951 2726 exstare
2996 2683 3220 2728 testatur
3253 2653 3482 2734 Lambe-

1917 2756 2054 2822 cius,
2110 2767 2241 2812 tom.
2270 2757 2334 2826 V,
2378 2775 2500 2831 pag.
2538 2761 2639 2818 297
2687 2764 2832 2837 [pag.
2876 2766 2980 2820 69.5
3023 2768 3149 2822 edit.
3199 2767 3474 2846 Kollarii],

1915 2849 2177 2921 Διήγησις
2203 2853 2524 2922 Ἀφρικανοῦ
2553 2857 2678 2928 περὶ
2703 2859 2808 2911 τῶν
2838 2861 2893 2911 ὲν
2920 2858 3136 2929 Περσίδι
3165 2861 3476 2932 γενομένων

1915 2940 2002 2996 διὰ
2041 2942 2138 3013 τῆς
2180 2944 2636 3018 ὲνανθρωπήσεως
2691 2949 2784 3002 τοῦ
2835 2951 3038 3021 Κυρὶου
3094 2954 3186 3006 καὶ
3229 2955 3475 3028 Σωτῆρος

1917 3034 2072 3105 ἡμῶν
2095 3035 2264 3106 Ἰησοῦ
2292 3038 2544 3108 Χριστοῦ.
2578 3038 2767 3110 Incipit
2798 3043 2922 3096 εἘκ
2950 3045 3203 3116 Περσίδος
3231 3046 3481 3120 ἐγνώσθη.

1913 3125 2007 3178 ἀπ’
2036 3127 2210 3199 ἀρχῆς
2258 3128 2285 3180 ὁ
2313 3127 2571 3200 Χριστόςο
2618 3132 2766 3186 οὐδὲν
2804 3134 2911 3206 γὰρ
2956 3134 3206 3190 λανθάνει
3251 3141 3375 3202 τοὺς
3416 3141 3472 3194 ἐν

1911 3218 2048 3290 αὐτῇ
2095 3219 2418 3291 νομομαοείς
2459 3221 2670 3275 ἅπαντα
2709 3223 3145 3292 φιλοπονοῦντας.
3197 3229 3331 3282 Ὅσα
3365 3230 3472 3304 γάρ

1911 3328 1964 3364 κ.
1996 3327 2044 3363 τ.
2087 3309 2138 3366 λ.
2181 3309 2310 3381 (14).
2373 3309 2502 3368 Vide
2558 3323 2613 3368 et
2657 3313 2895 3371 Africani
2963 3316 3264 3387 fragmenta
3322 3325 3469 3392 apud

1909 3402 2255 3460 Lambecium
2300 3403 2394 3460 lib.
2425 3421 2463 3469 ι,
2519 3422 2642 3477 pag.
2669 3407 2791 3475 Nl,
2840 3417 2894 3463 et
2937 3410 3031 3464 lib.
3072 3427 3154 3475 ut,
3218 3428 3340 3485 pag.
3373 3416 3464 3470 59.

1907 3490 2080 3563 [Adde
2129 3494 2292 3548 catal.
2341 3494 2498 3550 codd.
2550 3495 2642 3550 Gr.
2670 3495 2861 3553 Venet.
2911 3497 2972 3552 D.
3019 3499 3210 3568 Marci,
3245 3519 3369 3576 pag.
3396 3505 3468 3560 42

1906 3585 2022 3652 lin.,
2053 3595 2106 3640 et
2129 3586 2288 3641 calal.
2321 3586 2450 3642 bibl.
2487 3587 2736 3643 Monach.
2771 3588 2990 3656 Bavar.,
3021 3607 3142 3664 pag.
3172 3595 3286 3668 55.]

1993 3675 2169 3732 Etiam
2215 3678 2353 3759 Acta
2397 3680 2641 3749 martyrii
2688 3679 3057 3752 Symp/iorem:
3117 3684 3463 3759 ﬁliorumque

1901 3767 2043 3836 ejus,
2095 3770 2198 3824 sub
2243 3751 2482 3824 Adriano
2530 3786 2838 3841 passorum,
2888 3775 2947 3829 in
2998 3791 3130 3832 mss.
3181 3777 3463 3836 codicibus

1899 3857 2042 3914 Julio
2083 3859 2339 3914 Africano
2386 3862 2702 3919 tribuuntur
2754 3874 2809 3920 et
2858 3867 2962 3922 sub
3004 3868 3124 3938 ejus
3169 3873 3387 3927 nomine
3427 3889 3459 3927 a

1898 3949 2206 4006 Mombritio
2248 3952 2659 4019 Mediolaneusi,
2709 3964 2845 4011 tom.
2882 3956 2924 4011 ll
2957 3959 3075 4012 Act.
3109 3958 3356 4015 Sanctor.
3405 3973 3461 4019 et

1898 4044 1952 4098 in
1985 4054 2254 4114 postrema
2289 4043 2436 4100 Surii
2483 4047 2726 4102 editione
2770 4049 2835 4103 ad
2866 4049 2931 4103 18
2960 4048 3091 4105 Julii
3123 4053 3263 4107 edita
3308 4063 3456 4110 sunt.

1902 4136 2030 4193 Vide
2069 4137 2363 4194 Barouium
2409 4139 2480 4194 ad
2525 4137 2870 4213 Martyrolog.
2923 4141 3081 4196 Rom.
3110 4143 3175 4198 18
3227 4144 3336 4201 Jul.
3385 4146 3458 4202 Et

1892 4230 2098 4302 quidem
2128 4231 2245 4299 ﬁeri
2269 4230 2462 4300 potuit,
2513 4229 2690 4302 inquit
2730 4231 3106 4292 Theodoricus
3129 4234 3454 4306 Ruinartus,

1893 4321 1986 4391 qui
2021 4321 2215 4376 iterum
2263 4320 2447 4376 recudi
2481 4321 2694 4377 curavit
2740 4325 2793 4377 in
2819 4325 2968 4379 Actis
3008 4327 3212 4381 selectis
3250 4340 3456 4402 marty-

1893 4427 2010 4465 rum
2045 4412 2138 4478 20,
2182 4413 2237 4467 in
2285 4411 2434 4468 Actis
2464 4412 2564 4468 SS.
2583 4415 2869 4486 Autwerp.,
2896 4416 2961 4471 ad
2991 4417 3046 4473 d.
3075 4418 3142 4472 18
3169 4417 3300 4487 Jul.,
3328 4439 3448 4494 pag.

210 4495 399 4553 Halala
453 4499 588 4573 [qui
639 4500 811 4556 octies
852 4517 978 4557 eum
1032 4503 1194 4571 citat,
1241 4506 1558 4580 plerumque
1609 4511 1794 4567 addito
1822 4516 1870 4576 ι)
1894 4504 2020 4571 558,
2045 4514 2181 4560 tom.
2205 4503 2297 4572 IV,
2323 4514 2380 4559 ut
2409 4507 2465 4559 in
2489 4507 2730 4576 Africani
2762 4507 2912 4564 libris
2933 4510 2998 4563 de
3020 4507 3452 4584 Chronograpliia

209 4590 295 4643 οοῦ
327 4593 664 4662 σοφωτάτου
707 4593 1009 4667 epitheto],
1065 4595 1419 4667 Theophanes
1442 4642 1458 4670 ,
1512 4601 1787 4659 Cedrenus

209 4685 406 4755 aliique
464 4686 822 4756 cbronologi,
871 4695 1035 4758 atque
1087 4688 1142 4743 in
1184 4689 1270 4745 bis
1310 4702 1501 4747 auctor
1539 4692 1787 4750 Chronici

209 4779 502 4844 paschalis,
539 4779 689 4848 quod
729 4781 1152 4836 Alexandrinum
1205 4783 1365 4854 vulgo
1407 4797 1623 4850 vocant,
1669 4796 1781 4843 tum

208 4867 723 4926 Latino-Barbarus
765 4874 996 4942 scriptor
1043 4883 1422 4944 excerptorum
1469 4877 1784 4934 utilissimo-

205 4977 318 5016 rum
361 4980 434 5018 ex
471 4961 746 5030 Eusebio,
790 4963 1046 5018 Africano
1089 4973 1145 5019 et
1188 4966 1330 5029 aliis,
1375 4984 1496 5038 qua:
1543 4969 1782 5040 Scaliger

201 5054 364 5109 edidit
395 5056 472 5110 ad
498 5055 713 5110 calcem
745 5053 1000 5111 Chronici
1025 5054 1426 5127 Hieronymiani
1452 5074 1574 5129 pag.
1597 5060 1664 5114 58
1694 5077 1776 5132 sq.

199 5145 322 5217 [Sed
365 5147 697 5219 fragmenta
723 5146 987 5212 Africani,
1017 5147 1235 5204 Eusebii
1258 5158 1315 5205 et
1339 5150 1572 5222 Syncelli
1605 5151 1779 5208 Scali-

195 5251 282 5307 ger
325 5237 591 5292 confuse
634 5237 847 5305 posuit;
899 5244 1087 5292 contra
1117 5234 1235 5292 Jac.
1287 5235 1498 5292 Goarus
1552 5239 1779 5293 sollicite

193 5329 620 5384 discriminavit
662 5329 715 5384 in
756 5344 854 5384 sua
894 5329 1176 5401 editione]
1227 5329 1297 5383 At
1339 5327 1484 5384 enim
1533 5329 1670 5386 liber
1703 5331 1775 5385 De

189 5421 558 5476 incisionibus
603 5430 655 5474 et
678 5420 1094 5490 generationibus
1123 5423 1350 5491 gentium
1384 5421 1603 5477 Cauisio
1637 5431 1771 5478 tom.

188 5509 228 5566 11
265 5517 585 5584 Antiquar.
638 5511 871 5568 Lection.
927 5529 1046 5585 pag.
1075 5513 1202 5581 579,
1233 5523 1395 5584 atque
1432 5513 1774 5570 emendatius

251 5655 370 5736 (11)
400 5653 779 5736 Opuseulum
797 5654 918 5736 hoc.
934 5669 1005 5736 ex
1031 5652 1254 5736 duobus.
1268 5653 1775 5736 Acodi‘eibus‘Mona-

190 5722 661 5781 censibus—edidit
685 5735 738 5777 et
767 5725 1035 5777 latinitate
1061 5725 1283 5779 donavit
1311 5722 1360 5778 J.
1378 5723 1508 5778 Chr.
1534 5723 1771 5778 Freheru

191 5809 288 5852 von
315 5796 552 5859 Aretini,
588 5796 644 5847 in
670 5795 847 5848 diario
876 5811 889 5845 :
923 5794 1173 5867 Beytrtige
1205 5813 1299 5851 sur
1323 5793 1637 5868 Geschichte.
1663 5794 1770 5849 und

529 5891 799 5951 ΡΑτιιοι.
842 5888 937 5949 Gtt
999 5890 1082 5952 X-

1889 4595 2090 4648 inserta
2118 4595 2336 4664 fuerint.
2377 4593 2482 4650 Sed
2531 4596 2584 4650 in
2621 4598 2954 4667 temporibus
2996 4615 3027 4655 a
3061 4600 3281 4658 Christo
3321 4615 3450 4661 nato

1887 4687 2043 4757 longe
2075 4687 2397 4751 breviorem,
2427 4702 2591 4757 quam
2635 4688 2690 4743 in
2721 4690 3163 4748 antecedentibus
3199 4697 3447 4754 aetatibus

1889 4779 2082 4844 fuisse,
2132 4786 2363 4834 testatur
2391 4778 2616 4835 letius
2641 4780 2762 4836 cod.
2794 4798 2980 4838 xxxiv.
3030 4783 3234 4856 Itaque,
3277 4790 3322 4843 si
3355 4807 3448 4848 ve-

1884 4872 2004 4924 r'um
2059 4877 2143 4926 est
2192 4869 2432 4931 Eusebii,
2485 4871 2630 4940 quod
2677 4871 2732 4925 in
2783 4872 2973 4928 iisdem
3021 4877 3172 4932 Actis
3203 4879 3441 4948 additur,

1885 4962 2294 5028 testimonium,
2379 4963 2525 5032 quod
2579 4962 2870 5020 Africanus
2930 4975 3050 5020 acta
3115 4982 3437 5042 martyrum,

1879 5062 2143 5123 quotquot
2185 5053 2370 5108 Romae
2400 5064 2454 5128 et
2493 5069 2589 5123 per
2614 5053 2818 5108 Italiam
2847 5054 2992 5125 passi
3036 5069 3211 5126 erant,
3245 5061 3441 5121 litteris

1879 5146 2312 5215 consignaverit,
2361 5147 2414 5200 in
2457 5147 2565 5201 alio
2607 5162 2768 5217 opere
2811 5164 2875 5202 ac
2912 5148 2968 5203 in
3005 5150 3436 5225 Chronograplria

1879 5235 2086 5292 fecerit.

1949 5330 2188 5401 Denique
2217 5328 2399 5385 Hebed
2435 5329 2562 5386 Jesu
2605 5331 2660 5385 in
2682 5331 2938 5402 Catalogo
2984 5333 3245 5388 librorum
3272 5334 3434 5391 Chal-

1855 5424 2139 5488 .dzeorum,
2177 5439 2230 5476 η.
2259 5424 2343 5486 15,
2379 5421 2626 5486 aﬂirmat,
2681 5432 2894 5478 exstare
2926 5423 2990 5478 Β.
3013 5425 3275 5494 Africani,
3318 5430 3429 5496 epi-

1874 5516 2016 5585 scopi
2066 5513 2286 5581 Entaits,
2341 5515 2738 5568 commentarios
2791 5513 2859 5568 N.
2915 5515 2977 5571 Τ.
3017 5525 3068 5570 et
3110 5514 3426 5576 Cltronicou.

1877 5650 2118 5704 Litterat.
2151 5661 2277 5714 etc.,
2306 5662 2449 5701 anno
2474 5646 2630 5709 1804,
2667 5662 2719 5714 p.
2753 5646 2887 5707 u,P.
2917 5647 3007 5710 lii),
3034 5661 3065 5703 e
3093 5661 3202 5714 quo
3221 5648 3429 5704 exscri-

1875 5722 2106 5774 bendum
2165 5719 2374 5773 curavit
2435 5725 2486 5771 et
2530 5717 2687 5782 nobis
2727 5717 3027 5770 transmisit
3078 5715 3141 5768 D'
3165 5717 3430 5776 Henricus

1876 5791 2195 5862 Deuzinger,
2227 5785 2715 5858 Wirceburgeusis.
2751 5785 2909 5841 Eutr.
2942 5785 3113 5842 Pun.
