  <div class='ocr_page' id='page_1' title='image "/cluster/home/n/w/nwhite01/storage/ocr_20150623/10/hvd.32044073501348/027.png"; bbox 0 0 3936 6358; ppageno 0'>
   <div class='ocr_carea' id='block_1_1' title="bbox 536 315 2057 392">
    <p class='ocr_par' dir='ltr' id='par_1_1' title="bbox 536 324 2048 383">
     <span class='ocr_line' id='line_1_1' title="bbox 536 324 2048 383; baseline 0.001 -6"><span class='ocrx_word' id='word_1_1' title='bbox 536 325 606 378; x_wconf 61' lang='grc'><strong>15</strong></span> <span class='ocrx_word' id='word_1_2' title='bbox 1807 324 2048 383; x_wconf 69' lang='grc' dir='ltr'><strong>ιυιιυε</strong></span> 
     </span>
    </p>
   </div>
   <div class='ocr_carea' id='block_1_2' title="bbox 2163 315 3765 392">
    <p class='ocr_par' dir='ltr' id='par_1_2' title="bbox 2163 315 3765 392">
     <span class='ocr_line' id='line_1_2' title="bbox 2163 315 3765 392; baseline 0.008 -21"><span class='ocrx_word' id='word_1_3' title='bbox 2163 315 2507 381; x_wconf 68' lang='lat' dir='ltr'><strong>FRICAXUS.</strong></span> <span class='ocrx_word' id='word_1_4' title='bbox 3690 338 3765 392; x_wconf 74' lang='grc' dir='ltr'>ιι</span> 
     </span>
    </p>
   </div>
   <div class='ocr_carea' id='block_1_3' title="bbox 537 443 3769 518">
    <p class='ocr_par' dir='ltr' id='par_1_3' title="bbox 537 443 3769 518">
     <span class='ocr_line' id='line_1_3' title="bbox 537 443 3769 518; baseline 0.004 -20"><span class='ocrx_word' id='word_1_5' title='bbox 537 444 680 499; x_wconf 83' lang='lat' dir='ltr'><strong>Sane</strong></span> <span class='ocrx_word' id='word_1_6' title='bbox 706 443 984 517; x_wconf 83' lang='lat' dir='ltr'><strong>Origenes,</strong></span> <span class='ocrx_word' id='word_1_7' title='bbox 1016 459 1129 514; x_wconf 88' lang='lat' dir='ltr'><strong>pag.</strong></span> <span class='ocrx_word' id='word_1_8' title='bbox 1167 443 1273 498; x_wconf 71' lang='lat'><strong>2:14</strong></span> <span class='ocrx_word' id='word_1_9' title='bbox 1307 445 1548 514; x_wconf 74' lang='lat' dir='ltr'><strong>epistolae</strong></span> <span class='ocrx_word' id='word_1_10' title='bbox 1572 446 1636 502; x_wconf 88' lang='lat' dir='ltr'><strong>de</strong></span> <span class='ocrx_word' id='word_1_11' title='bbox 1663 445 1912 501; x_wconf 77' lang='lat' dir='ltr'><strong>Susanna</strong></span> <span class='ocrx_word' id='word_1_12' title='bbox 1943 447 2088 501; x_wconf 81' lang='lat' dir='ltr'><strong>Afri—</strong></span> <span class='ocrx_word' id='word_1_13' title='bbox 2118 453 2164 510; x_wconf 80' lang='grc' dir='ltr'><strong>Α</strong></span> <span class='ocrx_word' id='word_1_14' title='bbox 2193 445 2251 501; x_wconf 89' lang='lat' dir='ltr'><strong>S.</strong></span> <span class='ocrx_word' id='word_1_15' title='bbox 2293 445 2582 513; x_wconf 86' lang='lat' dir='ltr'><strong>Trinitate,</strong></span> <span class='ocrx_word' id='word_1_16' title='bbox 2625 446 2701 502; x_wconf 82' lang='lat' dir='ltr'><strong>De</strong></span> <span class='ocrx_word' id='word_1_17' title='bbox 2733 449 3144 516; x_wconf 74' lang='lat' dir='ltr'><strong>circumcisione,</strong></span> <span class='ocrx_word' id='word_1_18' title='bbox 3179 450 3255 504; x_wconf 76' lang='lat' dir='ltr'><strong>De</strong></span> <span class='ocrx_word' id='word_1_19' title='bbox 3295 451 3498 518; x_wconf 78' lang='lat' dir='ltr'><strong>Attalo,</strong></span> <span class='ocrx_word' id='word_1_20' title='bbox 3535 452 3616 509; x_wconf 78' lang='lat' dir='ltr'><strong>De</strong></span> <span class='ocrx_word' id='word_1_21' title='bbox 3648 455 3769 510; x_wconf 83' lang='lat' dir='ltr'><strong>Pa-</strong></span> 
     </span>
    </p>
   </div>
   <div class='ocr_carea' id='block_1_4' title="bbox 533 536 2089 611">
    <p class='ocr_par' dir='ltr' id='par_1_4' title="bbox 533 536 2089 611">
     <span class='ocr_line' id='line_1_4' title="bbox 533 536 2089 611; baseline 0.001 -19"><span class='ocrx_word' id='word_1_22' title='bbox 533 554 732 593; x_wconf 91' lang='lat' dir='ltr'><strong>canum</strong></span> <span class='ocrx_word' id='word_1_23' title='bbox 766 538 970 600; x_wconf 85' lang='lat' dir='ltr'><strong>laudat,</strong></span> <span class='ocrx_word' id='word_1_24' title='bbox 1005 545 1064 592; x_wconf 88' lang='lat' dir='ltr'><strong>ut</strong></span> <span class='ocrx_word' id='word_1_25' title='bbox 1101 536 1297 600; x_wconf 74' lang='grc' dir='ltr'>πολλὰς</span> <span class='ocrx_word' id='word_1_26' title='bbox 1330 537 1608 611; x_wconf 77' lang='grc' dir='ltr'>διατριϐὰς</span> <span class='ocrx_word' id='word_1_27' title='bbox 1651 539 1838 610; x_wconf 79' lang='grc' dir='ltr'>ἔχοντα</span> <span class='ocrx_word' id='word_1_28' title='bbox 1873 541 1930 592; x_wconf 86' lang='grc' dir='ltr'><strong>ὲν</strong></span> <span class='ocrx_word' id='word_1_29' title='bbox 1973 543 2089 604; x_wconf 83' lang='grc' dir='ltr'>ταῖς</span> 
     </span>
    </p>
   </div>
   <div class='ocr_carea' id='block_1_5' title="bbox 531 628 2090 703">
    <p class='ocr_par' dir='ltr' id='par_1_5' title="bbox 531 628 2090 703">
     <span class='ocr_line' id='line_1_5' title="bbox 531 628 2090 703; baseline 0.001 -20"><span class='ocrx_word' id='word_1_30' title='bbox 531 629 808 696; x_wconf 81' lang='grc' dir='ltr'>ὲξετάσεσι</span> <span class='ocrx_word' id='word_1_31' title='bbox 847 632 940 684; x_wconf 73' lang='grc' dir='ltr'><strong>καὶ</strong></span> <span class='ocrx_word' id='word_1_32' title='bbox 972 628 1218 701; x_wconf 81' lang='grc' dir='ltr'><strong>μελέταις</strong></span> <span class='ocrx_word' id='word_1_33' title='bbox 1245 632 1340 703; x_wconf 83' lang='grc' dir='ltr'><strong>τῆς</strong></span> <span class='ocrx_word' id='word_1_34' title='bbox 1367 631 1605 702; x_wconf 66' lang='grc' dir='ltr'><strong>Γραφῆς.</strong></span> <span class='ocrx_word' id='word_1_35' title='bbox 1677 632 1742 686; x_wconf 85' lang='lat' dir='ltr'><strong>Et</strong></span> <span class='ocrx_word' id='word_1_36' title='bbox 1765 632 1938 685; x_wconf 81' lang='lat' dir='ltr'><strong>Julius</strong></span> <span class='ocrx_word' id='word_1_37' title='bbox 1967 633 2090 701; x_wconf 84' lang='lat' dir='ltr'><strong>qui-</strong></span> 
     </span>
    </p>
   </div>
   <div class='ocr_carea' id='block_1_6' title="bbox 532 721 2084 788">
    <p class='ocr_par' dir='ltr' id='par_1_6' title="bbox 532 721 2084 788">
     <span class='ocr_line' id='line_1_6' title="bbox 532 721 2084 788; baseline 0 -12"><span class='ocrx_word' id='word_1_38' title='bbox 532 724 654 776; x_wconf 90' lang='lat' dir='ltr'><strong>dam</strong></span> <span class='ocrx_word' id='word_1_39' title='bbox 699 722 929 776; x_wconf 88' lang='lat' dir='ltr'><strong>subinde</strong></span> <span class='ocrx_word' id='word_1_40' title='bbox 974 721 1026 774; x_wconf 91' lang='lat' dir='ltr'><strong>in</strong></span> <span class='ocrx_word' id='word_1_41' title='bbox 1054 721 1272 776; x_wconf 86' lang='lat' dir='ltr'><strong>Catenis</strong></span> <span class='ocrx_word' id='word_1_42' title='bbox 1301 721 1519 788; x_wconf 91' lang='lat' dir='ltr'><strong>eitatur,</strong></span> <span class='ocrx_word' id='word_1_43' title='bbox 1555 732 1608 777; x_wconf 94' lang='lat' dir='ltr'><strong>et</strong></span> <span class='ocrx_word' id='word_1_44' title='bbox 1631 723 1683 776; x_wconf 91' lang='lat' dir='ltr'><strong>in</strong></span> <span class='ocrx_word' id='word_1_45' title='bbox 1717 723 1918 777; x_wconf 91' lang='lat' dir='ltr'><strong>Catena</strong></span> <span class='ocrx_word' id='word_1_46' title='bbox 1945 722 2084 776; x_wconf 58' lang='lat' dir='ltr'><strong>Core</strong></span> 
     </span>
    </p>
   </div>
   <div class='ocr_carea' id='block_1_7' title="bbox 531 810 2086 881">
    <p class='ocr_par' dir='ltr' id='par_1_7' title="bbox 531 810 2086 881">
     <span class='ocr_line' id='line_1_7' title="bbox 531 810 2086 881; baseline 0.001 -16"><span class='ocrx_word' id='word_1_47' title='bbox 531 813 748 867; x_wconf 88' lang='lat' dir='ltr'><strong>deriana</strong></span> <span class='ocrx_word' id='word_1_48' title='bbox 779 813 833 865; x_wconf 93' lang='lat' dir='ltr'><strong>in</strong></span> <span class='ocrx_word' id='word_1_49' title='bbox 861 810 1124 866; x_wconf 88' lang='lat' dir='ltr'><strong>Joannem</strong></span> <span class='ocrx_word' id='word_1_50' title='bbox 1155 821 1378 867; x_wconf 88' lang='lat' dir='ltr'><strong>vocatur</strong></span> <span class='ocrx_word' id='word_1_51' title='bbox 1403 811 1578 866; x_wconf 85' lang='lat' dir='ltr'><strong>Julius</strong></span> <span class='ocrx_word' id='word_1_52' title='bbox 1606 812 1908 881; x_wconf 90' lang='lat' dir='ltr'><strong>episcopus.</strong></span> <span class='ocrx_word' id='word_1_53' title='bbox 1943 811 2086 866; x_wconf 89' lang='lat' dir='ltr'><strong>Lau-</strong></span> 
     </span>
    </p>
   </div>
   <div class='ocr_carea' id='block_1_8' title="bbox 530 903 2081 961">
    <p class='ocr_par' dir='ltr' id='par_1_8' title="bbox 530 903 2081 961">
     <span class='ocr_line' id='line_1_8' title="bbox 530 903 2081 961; baseline -0.001 -2"><span class='ocrx_word' id='word_1_54' title='bbox 530 907 688 961; x_wconf 86' lang='lat' dir='ltr'><strong>datur</strong></span> <span class='ocrx_word' id='word_1_55' title='bbox 747 905 910 959; x_wconf 90' lang='lat' dir='ltr'><strong>etiam</strong></span> <span class='ocrx_word' id='word_1_56' title='bbox 963 903 1089 959; x_wconf 82' lang='lat' dir='ltr'><strong>Julii</strong></span> <span class='ocrx_word' id='word_1_57' title='bbox 1143 906 1564 960; x_wconf 80' lang='lat' dir='ltr'><strong>commentarius</strong></span> <span class='ocrx_word' id='word_1_58' title='bbox 1626 905 1679 959; x_wconf 90' lang='lat' dir='ltr'><strong>in</strong></span> <span class='ocrx_word' id='word_1_59' title='bbox 1734 903 1995 959; x_wconf 89' lang='lat' dir='ltr'><strong>Joannem</strong></span> <span class='ocrx_word' id='word_1_60' title='bbox 2052 921 2081 958; x_wconf 93' lang='lat' dir='ltr'><strong>a</strong></span> 
     </span>
    </p>
   </div>
   <div class='ocr_carea' id='block_1_9' title="bbox 529 995 2083 1068">
    <p class='ocr_par' dir='ltr' id='par_1_9' title="bbox 529 995 2083 1068">
     <span class='ocr_line' id='line_1_9' title="bbox 529 995 2083 1068; baseline -0.001 -16"><span class='ocrx_word' id='word_1_61' title='bbox 529 998 676 1052; x_wconf 81' lang='lat' dir='ltr'><strong>Mose</strong></span> <span class='ocrx_word' id='word_1_62' title='bbox 726 997 1032 1068; x_wconf 84' lang='lat' dir='ltr'><strong>Bareepha,</strong></span> <span class='ocrx_word' id='word_1_63' title='bbox 1091 995 1264 1068; x_wconf 86' lang='lat' dir='ltr'><strong>Syro,</strong></span> <span class='ocrx_word' id='word_1_64' title='bbox 1319 997 1386 1051; x_wconf 83' lang='lat' dir='ltr'><strong>de</strong></span> <span class='ocrx_word' id='word_1_65' title='bbox 1439 995 1708 1066; x_wconf 81' lang='lat' dir='ltr'><strong>paradiso.</strong></span> <span class='ocrx_word' id='word_1_66' title='bbox 1770 995 1851 1068; x_wconf 83' lang='lat' dir='ltr'><strong>[In</strong></span> <span class='ocrx_word' id='word_1_67' title='bbox 1884 995 2083 1052; x_wconf 75' lang='lat' dir='ltr'><strong>Nicette</strong></span> 
     </span>
    </p>
   </div>
   <div class='ocr_carea' id='block_1_10' title="bbox 529 1088 2081 1160">
    <p class='ocr_par' dir='ltr' id='par_1_10' title="bbox 529 1088 2081 1160">
     <span class='ocr_line' id='line_1_10' title="bbox 529 1088 2081 1160; baseline 0.002 -18"><span class='ocrx_word' id='word_1_68' title='bbox 529 1090 734 1144; x_wconf 91' lang='lat' dir='ltr'><strong>Catena</strong></span> <span class='ocrx_word' id='word_1_69' title='bbox 761 1090 874 1144; x_wconf 92' lang='lat' dir='ltr'><strong>sive</strong></span> <span class='ocrx_word' id='word_1_70' title='bbox 923 1089 1124 1160; x_wconf 87' lang='lat' dir='ltr'><strong>sylloge</strong></span> <span class='ocrx_word' id='word_1_71' title='bbox 1179 1089 1530 1159; x_wconf 88' lang='lat' dir='ltr'><strong>interpretum</strong></span> <span class='ocrx_word' id='word_1_72' title='bbox 1577 1088 1778 1158; x_wconf 90' lang='lat' dir='ltr'><strong>Evang.</strong></span> <span class='ocrx_word' id='word_1_73' title='bbox 1818 1088 1975 1144; x_wconf 68' lang='lat' dir='ltr'><strong>Luca:</strong></span> <span class='ocrx_word' id='word_1_74' title='bbox 2014 1106 2081 1144; x_wconf 77' lang='lat' dir='ltr'><strong>ex</strong></span> 
     </span>
    </p>
   </div>
   <div class='ocr_carea' id='block_1_11' title="bbox 524 1179 2078 1250">
    <p class='ocr_par' dir='ltr' id='par_1_11' title="bbox 524 1179 2078 1250">
     <span class='ocr_line' id='line_1_11' title="bbox 524 1179 2078 1250; baseline 0.003 -18"><span class='ocrx_word' id='word_1_75' title='bbox 524 1179 780 1236; x_wconf 77' lang='lat' dir='ltr'><strong>Africano</strong></span> <span class='ocrx_word' id='word_1_76' title='bbox 810 1183 1055 1250; x_wconf 68' lang='lat' dir='ltr'><strong>quaedam</strong></span> <span class='ocrx_word' id='word_1_77' title='bbox 1085 1195 1202 1236; x_wconf 88' lang='lat' dir='ltr'><strong>esse</strong></span> <span class='ocrx_word' id='word_1_78' title='bbox 1232 1189 1505 1250; x_wconf 74' lang='lat' dir='ltr'><strong>excerpta,</strong></span> <span class='ocrx_word' id='word_1_79' title='bbox 1535 1181 1610 1234; x_wconf 90' lang='lat' dir='ltr'><strong>ait</strong></span> <span class='ocrx_word' id='word_1_80' title='bbox 1641 1179 1992 1236; x_wconf 86' lang='lat' dir='ltr'><strong>Montfaueon</strong></span> <span class='ocrx_word' id='word_1_81' title='bbox 2021 1183 2078 1236; x_wconf 90' lang='lat' dir='ltr'><strong>in</strong></span> 
     </span>
    </p>
   </div>
   <div class='ocr_carea' id='block_1_12' title="bbox 526 1267 2079 1342">
    <p class='ocr_par' dir='ltr' id='par_1_12' title="bbox 526 1267 2079 1342">
     <span class='ocr_line' id='line_1_12' title="bbox 526 1267 2079 1342; baseline 0.001 -18"><span class='ocrx_word' id='word_1_82' title='bbox 526 1267 784 1327; x_wconf 84' lang='lat' dir='ltr'><strong>Biblioth.</strong></span> <span class='ocrx_word' id='word_1_83' title='bbox 818 1271 1175 1337; x_wconf 88' lang='lat' dir='ltr'><strong>Coisliniana,</strong></span> <span class='ocrx_word' id='word_1_84' title='bbox 1213 1287 1332 1341; x_wconf 89' lang='lat' dir='ltr'><strong>pag.</strong></span> <span class='ocrx_word' id='word_1_85' title='bbox 1353 1270 1464 1342; x_wconf 80' lang='lat'><strong>63.]</strong></span> <span class='ocrx_word' id='word_1_86' title='bbox 1498 1270 1698 1326; x_wconf 86' lang='lat' dir='ltr'><strong>Confer</strong></span> <span class='ocrx_word' id='word_1_87' title='bbox 1731 1270 1883 1325; x_wconf 88' lang='lat' dir='ltr'><strong>Pauli</strong></span> <span class='ocrx_word' id='word_1_88' title='bbox 1917 1272 2079 1326; x_wconf 88' lang='lat' dir='ltr'><strong>Colo-</strong></span> 
     </span>
    </p>
   </div>
   <div class='ocr_carea' id='block_1_13' title="bbox 522 1363 2072 1436">
    <p class='ocr_par' dir='ltr' id='par_1_13' title="bbox 522 1363 2072 1436">
     <span class='ocr_line' id='line_1_13' title="bbox 522 1363 2072 1436; baseline -0.001 -17"><span class='ocrx_word' id='word_1_89' title='bbox 522 1365 679 1420; x_wconf 88' lang='lat' dir='ltr'><strong>mesii</strong></span> <span class='ocrx_word' id='word_1_90' title='bbox 717 1365 782 1420; x_wconf 89' lang='lat' dir='ltr'><strong>de</strong></span> <span class='ocrx_word' id='word_1_91' title='bbox 823 1365 1179 1435; x_wconf 77' lang='lat' dir='ltr'><strong>scriptoribus</strong></span> <span class='ocrx_word' id='word_1_92' title='bbox 1220 1364 1604 1420; x_wconf 81' lang='lat' dir='ltr'><strong>ecclesiasticis</strong></span> <span class='ocrx_word' id='word_1_93' title='bbox 1641 1363 2072 1436; x_wconf 88' lang='lat' dir='ltr'><strong>Paralipomena.</strong></span> 
     </span>
    </p>
   </div>
   <div class='ocr_carea' id='block_1_14' title="bbox 592 1455 2074 1528">
    <p class='ocr_par' dir='ltr' id='par_1_14' title="bbox 592 1455 2074 1528">
     <span class='ocr_line' id='line_1_14' title="bbox 592 1455 2074 1528; baseline 0 -18"><span class='ocrx_word' id='word_1_94' title='bbox 592 1458 667 1512; x_wconf 89' lang='lat' dir='ltr'><strong>De</strong></span> <span class='ocrx_word' id='word_1_95' title='bbox 702 1457 923 1526; x_wconf 85' lang='lat' dir='ltr'><strong>epistola</strong></span> <span class='ocrx_word' id='word_1_96' title='bbox 955 1457 1023 1510; x_wconf 87' lang='lat' dir='ltr'><strong>ad</strong></span> <span class='ocrx_word' id='word_1_97' title='bbox 1055 1456 1327 1528; x_wconf 87' lang='lat' dir='ltr'><strong>Origenem</strong></span> <span class='ocrx_word' id='word_1_98' title='bbox 1364 1458 1559 1526; x_wconf 89' lang='lat' dir='ltr'><strong>scripta</strong></span> <span class='ocrx_word' id='word_1_99' title='bbox 1593 1457 1657 1511; x_wconf 91' lang='lat' dir='ltr'><strong>de</strong></span> <span class='ocrx_word' id='word_1_100' title='bbox 1685 1455 1948 1512; x_wconf 80' lang='lat' dir='ltr'><strong>Susanna:</strong></span> <span class='ocrx_word' id='word_1_101' title='bbox 1995 1459 2074 1511; x_wconf 87' lang='lat' dir='ltr'><strong>hi-</strong></span> 
     </span>
    </p>
   </div>
   <div class='ocr_carea' id='block_1_15' title="bbox 519 1547 2074 1620">
    <p class='ocr_par' dir='ltr' id='par_1_15' title="bbox 519 1547 2074 1620">
     <span class='ocr_line' id='line_1_15' title="bbox 519 1547 2074 1620; baseline 0.001 -18"><span class='ocrx_word' id='word_1_102' title='bbox 519 1551 686 1603; x_wconf 90' lang='lat' dir='ltr'><strong>storia</strong></span> <span class='ocrx_word' id='word_1_103' title='bbox 729 1558 782 1604; x_wconf 91' lang='lat' dir='ltr'><strong>et</strong></span> <span class='ocrx_word' id='word_1_104' title='bbox 813 1549 1058 1620; x_wconf 88' lang='lat' dir='ltr'><strong>Origenis</strong></span> <span class='ocrx_word' id='word_1_105' title='bbox 1095 1549 1161 1603; x_wconf 91' lang='lat' dir='ltr'><strong>ad</strong></span> <span class='ocrx_word' id='word_1_106' title='bbox 1194 1547 1510 1605; x_wconf 86' lang='lat' dir='ltr'><strong>Africanum</strong></span> <span class='ocrx_word' id='word_1_107' title='bbox 1546 1549 1922 1618; x_wconf 86' lang='lat' dir='ltr'><strong>responsione,</strong></span> <span class='ocrx_word' id='word_1_108' title='bbox 1951 1565 2074 1619; x_wconf 77' lang='lat' dir='ltr'><strong>qua:</strong></span> 
     </span>
    </p>
   </div>
   <div class='ocr_carea' id='block_1_16' title="bbox 517 1639 2070 1707">
    <p class='ocr_par' dir='ltr' id='par_1_16' title="bbox 517 1639 2070 1707">
     <span class='ocr_line' id='line_1_16' title="bbox 517 1639 2070 1707; baseline -0.003 -13"><span class='ocrx_word' id='word_1_109' title='bbox 517 1639 702 1695; x_wconf 62' lang='lat' dir='ltr'><strong>Graece</strong></span> <span class='ocrx_word' id='word_1_110' title='bbox 731 1648 784 1694; x_wconf 87' lang='lat' dir='ltr'><strong>et</strong></span> <span class='ocrx_word' id='word_1_111' title='bbox 812 1639 1001 1694; x_wconf 88' lang='lat' dir='ltr'><strong>Latine</strong></span> <span class='ocrx_word' id='word_1_112' title='bbox 1035 1647 1230 1703; x_wconf 81' lang='lat' dir='ltr'><strong>exstat,</strong></span> <span class='ocrx_word' id='word_1_113' title='bbox 1259 1639 1464 1694; x_wconf 90' lang='lat' dir='ltr'><strong>dictum</strong></span> <span class='ocrx_word' id='word_1_114' title='bbox 1497 1647 1580 1694; x_wconf 87' lang='lat' dir='ltr'><strong>est</strong></span> <span class='ocrx_word' id='word_1_115' title='bbox 1610 1639 1822 1694; x_wconf 89' lang='lat' dir='ltr'><strong>abunde</strong></span> <span class='ocrx_word' id='word_1_116' title='bbox 1867 1639 1922 1693; x_wconf 92' lang='lat' dir='ltr'><strong>in</strong></span> <span class='ocrx_word' id='word_1_117' title='bbox 1950 1653 2070 1707; x_wconf 89' lang='lat' dir='ltr'><strong>cap.</strong></span> 
     </span>
    </p>
   </div>
   <div class='ocr_carea' id='block_1_17' title="bbox 514 1729 2069 1804">
    <p class='ocr_par' dir='ltr' id='par_1_17' title="bbox 514 1729 2069 1804">
     <span class='ocr_line' id='line_1_17' title="bbox 514 1729 2069 1804; baseline -0.002 -17"><span class='ocrx_word' id='word_1_118' title='bbox 514 1733 580 1788; x_wconf 87' lang='lat' dir='ltr'><strong>de</strong></span> <span class='ocrx_word' id='word_1_119' title='bbox 607 1733 835 1804; x_wconf 87' lang='lat' dir='ltr'><strong>Origene</strong></span> <span class='ocrx_word' id='word_1_120' title='bbox 883 1731 1018 1802; x_wconf 81' lang='grc'>(15).</span> <span class='ocrx_word' id='word_1_121' title='bbox 1075 1731 1365 1787; x_wconf 84' lang='lat' dir='ltr'><strong>Meminere</strong></span> <span class='ocrx_word' id='word_1_122' title='bbox 1415 1731 1558 1786; x_wconf 90' lang='lat' dir='ltr'><strong>illius</strong></span> <span class='ocrx_word' id='word_1_123' title='bbox 1606 1729 1803 1786; x_wconf 82' lang='lat' dir='ltr'><strong>Euseb.</strong></span> <span class='ocrx_word' id='word_1_124' title='bbox 1852 1746 1929 1794; x_wconf 81' lang='lat' dir='ltr'><strong>vr,</strong></span> <span class='ocrx_word' id='word_1_125' title='bbox 1980 1731 2069 1795; x_wconf 88' lang='grc'><strong>51,</strong></span> 
     </span>
    </p>
   </div>
   <div class='ocr_carea' id='block_1_18' title="bbox 2189 538 3761 616">
    <p class='ocr_par' dir='ltr' id='par_1_18' title="bbox 2189 538 3761 616">
     <span class='ocr_line' id='line_1_18' title="bbox 2189 538 3761 616; baseline 0.006 -22"><span class='ocrx_word' id='word_1_126' title='bbox 2189 541 2344 604; x_wconf 80' lang='lat' dir='ltr'><strong>scha,</strong></span> <span class='ocrx_word' id='word_1_127' title='bbox 2381 539 2454 594; x_wconf 90' lang='lat' dir='ltr'><strong>De</strong></span> <span class='ocrx_word' id='word_1_128' title='bbox 2482 538 2710 594; x_wconf 88' lang='lat' dir='ltr'><strong>Sabbato</strong></span> <span class='ocrx_word' id='word_1_129' title='bbox 2731 581 2746 603; x_wconf 92' lang='lat'><strong>,</strong></span> <span class='ocrx_word' id='word_1_130' title='bbox 2777 541 2959 597; x_wconf 89' lang='lat' dir='ltr'><strong>nullus</strong></span> <span class='ocrx_word' id='word_1_131' title='bbox 2991 551 3267 606; x_wconf 81' lang='lat' dir='ltr'><strong>veterum,</strong></span> <span class='ocrx_word' id='word_1_132' title='bbox 3309 543 3454 612; x_wconf 90' lang='lat' dir='ltr'><strong>quod</strong></span> <span class='ocrx_word' id='word_1_133' title='bbox 3495 546 3761 616; x_wconf 87' lang='lat' dir='ltr'><strong>equidem</strong></span> 
     </span>
    </p>
   </div>
   <div class='ocr_carea' id='block_1_19' title="bbox 2189 634 2821 696">
    <p class='ocr_par' dir='ltr' id='par_1_19' title="bbox 2189 634 2821 696">
     <span class='ocr_line' id='line_1_19' title="bbox 2189 634 2821 696; baseline 0.002 -7"><span class='ocrx_word' id='word_1_134' title='bbox 2189 634 2380 696; x_wconf 85' lang='lat' dir='ltr'><strong>sciam,</strong></span> <span class='ocrx_word' id='word_1_135' title='bbox 2413 643 2821 691; x_wconf 81' lang='lat' dir='ltr'><strong>commemorat.</strong></span> 
     </span>
    </p>
   </div>
   <div class='ocr_carea' id='block_1_20' title="bbox 2255 723 3764 798">
    <p class='ocr_par' dir='ltr' id='par_1_20' title="bbox 2255 723 3764 798">
     <span class='ocr_line' id='line_1_20' title="bbox 2255 723 3764 798; baseline 0.006 -22"><span class='ocrx_word' id='word_1_136' title='bbox 2255 723 2632 778; x_wconf 90' lang='lat' dir='ltr'><strong>Commentum</strong></span> <span class='ocrx_word' id='word_1_137' title='bbox 2674 725 2968 779; x_wconf 86' lang='lat' dir='ltr'><strong>absurdum</strong></span> <span class='ocrx_word' id='word_1_138' title='bbox 3019 724 3086 779; x_wconf 92' lang='lat' dir='ltr'><strong>de</strong></span> <span class='ocrx_word' id='word_1_139' title='bbox 3123 725 3306 780; x_wconf 81' lang='lat' dir='ltr'><strong>Abdiae</strong></span> <span class='ocrx_word' id='word_1_140' title='bbox 3331 725 3644 798; x_wconf 87' lang='lat' dir='ltr'><strong>Babylonici</strong></span> <span class='ocrx_word' id='word_1_141' title='bbox 3690 730 3764 785; x_wconf 84' lang='lat' dir='ltr'><strong>li-</strong></span> 
     </span>
    </p>
   </div>
   <div class='ocr_carea' id='block_1_21' title="bbox 2185 812 3758 890">
    <p class='ocr_par' dir='ltr' id='par_1_21' title="bbox 2185 812 3758 890">
     <span class='ocr_line' id='line_1_21' title="bbox 2185 812 3758 890; baseline 0.006 -24"><span class='ocrx_word' id='word_1_142' title='bbox 2185 812 2297 866; x_wconf 89' lang='lat' dir='ltr'><strong>bris</strong></span> <span class='ocrx_word' id='word_1_143' title='bbox 2345 827 2413 867; x_wconf 80' lang='lat' dir='ltr'><strong>ex</strong></span> <span class='ocrx_word' id='word_1_144' title='bbox 2462 812 2729 868; x_wconf 88' lang='lat' dir='ltr'><strong>Hebraico</strong></span> <span class='ocrx_word' id='word_1_145' title='bbox 2778 831 2873 882; x_wconf 90' lang='lat' dir='ltr'><strong>per</strong></span> <span class='ocrx_word' id='word_1_146' title='bbox 2920 813 3262 884; x_wconf 77' lang='lat' dir='ltr'><strong>Eutropiuin,</strong></span> <span class='ocrx_word' id='word_1_147' title='bbox 3317 820 3504 873; x_wconf 91' lang='lat' dir='ltr'><strong>nescio</strong></span> <span class='ocrx_word' id='word_1_148' title='bbox 3561 836 3758 890; x_wconf 87' lang='lat' dir='ltr'><strong>quem,</strong></span> 
     </span>
    </p>
   </div>
   <div class='ocr_carea' id='block_1_22' title="bbox 2183 894 3755 978">
    <p class='ocr_par' dir='ltr' id='par_1_22' title="bbox 2183 894 3755 978">
     <span class='ocr_line' id='line_1_22' title="bbox 2183 894 3755 978; baseline 0.006 -20"><span class='ocrx_word' id='word_1_149' title='bbox 2183 903 2384 968; x_wconf 78' lang='lat' dir='ltr'><strong>Grzeee;</strong></span> <span class='ocrx_word' id='word_1_150' title='bbox 2427 914 2588 974; x_wconf 88' lang='lat' dir='ltr'><strong>atque</strong></span> <span class='ocrx_word' id='word_1_151' title='bbox 2636 906 2758 958; x_wconf 85' lang='lat' dir='ltr'><strong>inde</strong></span> <span class='ocrx_word' id='word_1_152' title='bbox 2802 921 2832 960; x_wconf 91' lang='lat' dir='ltr'><strong>a</strong></span> <span class='ocrx_word' id='word_1_153' title='bbox 2858 903 3002 960; x_wconf 87' lang='lat' dir='ltr'><strong>Julio</strong></span> <span class='ocrx_word' id='word_1_154' title='bbox 3035 907 3291 960; x_wconf 81' lang='lat' dir='ltr'><strong>Africano</strong></span> <span class='ocrx_word' id='word_1_155' title='bbox 3325 894 3523 964; x_wconf 81' lang='lat' dir='ltr'><strong>Latine</strong></span> <span class='ocrx_word' id='word_1_156' title='bbox 3553 913 3755 978; x_wconf 82' lang='lat' dir='ltr'><strong>versis,</strong></span> 
     </span>
    </p>
   </div>
   <div class='ocr_carea' id='block_1_23' title="bbox 2180 996 3754 1070">
    <p class='ocr_par' dir='ltr' id='par_1_23' title="bbox 2180 996 3754 1070">
     <span class='ocr_line' id='line_1_23' title="bbox 2180 996 3754 1070; baseline 0.009 -22"><span class='ocrx_word' id='word_1_157' title='bbox 2180 1004 2233 1048; x_wconf 87' lang='lat' dir='ltr'><strong>et</strong></span> <span class='ocrx_word' id='word_1_158' title='bbox 2261 1011 2381 1064; x_wconf 70' lang='lat' dir='ltr'><strong>quae</strong></span> <span class='ocrx_word' id='word_1_159' title='bbox 2423 996 2475 1049; x_wconf 91' lang='lat' dir='ltr'><strong>in</strong></span> <span class='ocrx_word' id='word_1_160' title='bbox 2513 997 2683 1050; x_wconf 83' lang='lat' dir='ltr'><strong>Abdia</strong></span> <span class='ocrx_word' id='word_1_161' title='bbox 2719 996 2834 1066; x_wconf 91' lang='lat' dir='ltr'><strong>ipso</strong></span> <span class='ocrx_word' id='word_1_162' title='bbox 2867 997 2960 1052; x_wconf 88' lang='lat' dir='ltr'><strong>lib.</strong></span> <span class='ocrx_word' id='word_1_163' title='bbox 2989 1013 3063 1062; x_wconf 75' lang='lat' dir='ltr'><strong>vr,</strong></span> <span class='ocrx_word' id='word_1_164' title='bbox 3103 1014 3223 1069; x_wconf 87' lang='lat' dir='ltr'><strong>cap.</strong></span> <span class='ocrx_word' id='word_1_165' title='bbox 3251 1001 3342 1065; x_wconf 87' lang='lat'><strong>20,</strong></span> <span class='ocrx_word' id='word_1_166' title='bbox 3373 1003 3442 1057; x_wconf 85' lang='lat' dir='ltr'><strong>de</strong></span> <span class='ocrx_word' id='word_1_167' title='bbox 3469 1003 3754 1070; x_wconf 84' lang='lat' dir='ltr'><strong>Cratonis,</strong></span> 
     </span>
    </p>
   </div>
   <div class='ocr_carea' id='block_1_24' title="bbox 2179 1086 3754 1164">
    <p class='ocr_par' dir='ltr' id='par_1_24' title="bbox 2179 1086 3754 1164">
     <span class='ocr_line' id='line_1_24' title="bbox 2179 1086 3754 1164; baseline 0.007 -24"><span class='ocrx_word' id='word_1_168' title='bbox 2179 1086 2426 1155; x_wconf 85' lang='lat' dir='ltr'><strong>discipuli</strong></span> <span class='ocrx_word' id='word_1_169' title='bbox 2459 1087 2844 1155; x_wconf 85' lang='lat' dir='ltr'><strong>apostolorum,</strong></span> <span class='ocrx_word' id='word_1_170' title='bbox 2876 1088 3025 1142; x_wconf 78' lang='lat' dir='ltr'><strong>libris</strong></span> <span class='ocrx_word' id='word_1_171' title='bbox 3055 1089 3231 1142; x_wconf 79' lang='lat' dir='ltr'><strong>decem</strong></span> <span class='ocrx_word' id='word_1_172' title='bbox 3274 1102 3500 1145; x_wconf 74' lang='lat' dir='ltr'><strong>actuum</strong></span> <span class='ocrx_word' id='word_1_173' title='bbox 3535 1110 3754 1164; x_wconf 84' lang='lat' dir='ltr'><strong>aposto-</strong></span> 
     </span>
    </p>
   </div>
   <div class='ocr_carea' id='block_1_25' title="bbox 2179 1177 3754 1249">
    <p class='ocr_par' dir='ltr' id='par_1_25' title="bbox 2179 1177 3754 1249">
     <span class='ocr_line' id='line_1_25' title="bbox 2179 1177 3754 1249; baseline 0.008 -17"><span class='ocrx_word' id='word_1_174' title='bbox 2179 1179 2535 1249; x_wconf 87' lang='lat' dir='ltr'><strong>licorum,pcr</strong></span> <span class='ocrx_word' id='word_1_175' title='bbox 2555 1177 2756 1233; x_wconf 90' lang='lat' dir='ltr'><strong>Julium</strong></span> <span class='ocrx_word' id='word_1_176' title='bbox 2781 1180 3098 1234; x_wconf 83' lang='lat' dir='ltr'><strong>Africanum</strong></span> <span class='ocrx_word' id='word_1_177' title='bbox 3124 1180 3312 1236; x_wconf 86' lang='lat' dir='ltr'><strong>Latine</strong></span> <span class='ocrx_word' id='word_1_178' title='bbox 3339 1185 3638 1245; x_wconf 78' lang='lat' dir='ltr'><strong>translatis.</strong></span> <span class='ocrx_word' id='word_1_179' title='bbox 3672 1189 3754 1244; x_wconf 91' lang='lat' dir='ltr'><strong>le-</strong></span> 
     </span>
    </p>
   </div>
   <div class='ocr_carea' id='block_1_26' title="bbox 2177 1269 3748 1341">
    <p class='ocr_par' dir='ltr' id='par_1_26' title="bbox 2177 1269 3748 1341">
     <span class='ocr_line' id='line_1_26' title="bbox 2177 1269 3748 1341; baseline 0.007 -19"><span class='ocrx_word' id='word_1_180' title='bbox 2177 1279 2396 1338; x_wconf 88' lang='lat' dir='ltr'><strong>guntur,</strong></span> <span class='ocrx_word' id='word_1_181' title='bbox 2435 1269 2691 1338; x_wconf 91' lang='lat' dir='ltr'><strong>rejectum</strong></span> <span class='ocrx_word' id='word_1_182' title='bbox 2731 1285 2759 1324; x_wconf 87' lang='lat' dir='ltr'><strong>a</strong></span> <span class='ocrx_word' id='word_1_183' title='bbox 2794 1285 2879 1325; x_wconf 90' lang='lat' dir='ltr'><strong>me</strong></span> <span class='ocrx_word' id='word_1_184' title='bbox 2905 1272 3106 1336; x_wconf 89' lang='lat' dir='ltr'><strong>videre,</strong></span> <span class='ocrx_word' id='word_1_185' title='bbox 3131 1273 3194 1327; x_wconf 83' lang='lat' dir='ltr'><strong>&#39;si</strong></span> <span class='ocrx_word' id='word_1_186' title='bbox 3227 1274 3362 1328; x_wconf 92' lang='lat' dir='ltr'><strong>tanti</strong></span> <span class='ocrx_word' id='word_1_187' title='bbox 3395 1283 3500 1341; x_wconf 88' lang='lat' dir='ltr'><strong>est,</strong></span> <span class='ocrx_word' id='word_1_188' title='bbox 3535 1276 3663 1332; x_wconf 89' lang='lat' dir='ltr'><strong>licet</strong></span> <span class='ocrx_word' id='word_1_189' title='bbox 3689 1280 3748 1333; x_wconf 93' lang='lat' dir='ltr'><strong>in</strong></span> 
     </span>
    </p>
   </div>
   <div class='ocr_carea' id='block_1_27' title="bbox 2175 1361 3420 1432">
    <p class='ocr_par' dir='ltr' id='par_1_27' title="bbox 2175 1361 3420 1432">
     <span class='ocr_line' id='line_1_27' title="bbox 2175 1361 3420 1432; baseline 0.003 -16"><span class='ocrx_word' id='word_1_190' title='bbox 2175 1361 2370 1416; x_wconf 89' lang='lat' dir='ltr'><strong>Codice</strong></span> <span class='ocrx_word' id='word_1_191' title='bbox 2401 1361 2712 1431; x_wconf 90' lang='lat' dir='ltr'><strong>apocrypho</strong></span> <span class='ocrx_word' id='word_1_192' title='bbox 2744 1361 2880 1416; x_wconf 87' lang='lat' dir='ltr'><strong>Novi</strong></span> <span class='ocrx_word' id='word_1_193' title='bbox 2909 1361 3147 1418; x_wconf 85' lang='lat' dir='ltr'><strong>Testam.</strong></span> <span class='ocrx_word' id='word_1_194' title='bbox 3185 1375 3324 1432; x_wconf 89' lang='lat' dir='ltr'><strong>part.</strong></span> <span class='ocrx_word' id='word_1_195' title='bbox 3358 1380 3420 1420; x_wconf 90' lang='grc' dir='ltr'><strong>ιι.</strong></span> 
     </span>
    </p>
   </div>
   <div class='ocr_carea' id='block_1_28' title="bbox 2241 1449 3747 1517">
    <p class='ocr_par' dir='ltr' id='par_1_28' title="bbox 2241 1449 3747 1517">
     <span class='ocr_line' id='line_1_28' title="bbox 2241 1449 3747 1517; baseline 0.008 -14"><span class='ocrx_word' id='word_1_196' title='bbox 2241 1449 2443 1505; x_wconf 88' lang='lat' dir='ltr'><strong>Julium</strong></span> <span class='ocrx_word' id='word_1_197' title='bbox 2496 1461 2743 1506; x_wconf 88' lang='lat' dir='ltr'><strong>nostrum</strong></span> <span class='ocrx_word' id='word_1_198' title='bbox 2785 1451 3126 1517; x_wconf 82' lang='lat' dir='ltr'><strong>Africanum,</strong></span> <span class='ocrx_word' id='word_1_199' title='bbox 3161 1453 3436 1508; x_wconf 77' lang='lat' dir='ltr'><strong>Gestorum</strong></span> <span class='ocrx_word' id='word_1_200' title='bbox 3481 1465 3536 1512; x_wconf 88' lang='lat' dir='ltr'><strong>et</strong></span> <span class='ocrx_word' id='word_1_201' title='bbox 3569 1457 3747 1514; x_wconf 80' lang='lat' dir='ltr'><strong>Chro-</strong></span> 
     </span>
    </p>
   </div>
   <div class='ocr_carea' id='block_1_29' title="bbox 2172 1541 3744 1616">
    <p class='ocr_par' dir='ltr' id='par_1_29' title="bbox 2172 1541 3744 1616">
     <span class='ocr_line' id='line_1_29' title="bbox 2172 1541 3744 1616; baseline 0.008 -22"><span class='ocrx_word' id='word_1_202' title='bbox 2172 1541 2392 1610; x_wconf 71' lang='lat' dir='ltr'><strong>nologia:</strong></span> <span class='ocrx_word' id='word_1_203' title='bbox 2429 1541 2778 1611; x_wconf 86' lang='lat' dir='ltr'><strong>scriptorem,</strong></span> <span class='ocrx_word' id='word_1_204' title='bbox 2829 1544 2881 1596; x_wconf 92' lang='lat' dir='ltr'><strong>in</strong></span> <span class='ocrx_word' id='word_1_205' title='bbox 2936 1544 3043 1597; x_wconf 87' lang='lat' dir='ltr'><strong>duo</strong></span> <span class='ocrx_word' id='word_1_206' title='bbox 3075 1545 3158 1600; x_wconf 86' lang='lat' dir='ltr'><strong>vel</strong></span> <span class='ocrx_word' id='word_1_207' title='bbox 3208 1555 3317 1600; x_wconf 90' lang='lat' dir='ltr'><strong>tres</strong></span> <span class='ocrx_word' id='word_1_208' title='bbox 3373 1558 3568 1616; x_wconf 59' lang='lat' dir='ltr'><strong>printer</strong></span> <span class='ocrx_word' id='word_1_209' title='bbox 3620 1565 3744 1606; x_wconf 86' lang='lat' dir='ltr'><strong>rem</strong></span> 
     </span>
    </p>
   </div>
   <div class='ocr_carea' id='block_1_30' title="bbox 2171 1631 3749 1704">
    <p class='ocr_par' dir='ltr' id='par_1_30' title="bbox 2171 1631 3749 1704">
     <span class='ocr_line' id='line_1_30' title="bbox 2171 1631 3749 1704; baseline 0.006 -18"><span class='ocrx_word' id='word_1_210' title='bbox 2171 1632 2480 1686; x_wconf 87' lang='lat' dir='ltr'><strong>distrahunt</strong></span> <span class='ocrx_word' id='word_1_211' title='bbox 2510 1633 2611 1686; x_wconf 73' lang='lat' dir='ltr'><strong>viri</strong></span> <span class='ocrx_word' id='word_1_212' title='bbox 2642 1633 2806 1686; x_wconf 87' lang='lat' dir='ltr'><strong>docti.</strong></span> <span class='ocrx_word' id='word_1_213' title='bbox 2843 1631 2900 1686; x_wconf 85' lang='grc' dir='ltr'><strong>ιιι</strong></span> <span class='ocrx_word' id='word_1_214' title='bbox 2935 1634 3091 1704; x_wconf 86' lang='lat' dir='ltr'><strong>longe</strong></span> <span class='ocrx_word' id='word_1_215' title='bbox 3127 1636 3308 1704; x_wconf 88' lang='lat' dir='ltr'><strong>plures</strong></span> <span class='ocrx_word' id='word_1_216' title='bbox 3349 1646 3531 1692; x_wconf 86' lang='lat' dir='ltr'><strong>autem</strong></span> <span class='ocrx_word' id='word_1_217' title='bbox 3559 1638 3749 1696; x_wconf 58' lang='lat' dir='ltr'><strong>Heridu</strong></span> 
     </span>
    </p>
   </div>
   <div class='ocr_carea' id='block_1_31' title="bbox 2173 1721 3742 1798">
    <p class='ocr_par' dir='ltr' id='par_1_31' title="bbox 2173 1721 3742 1798">
     <span class='ocr_line' id='line_1_31' title="bbox 2173 1721 3742 1798; baseline 0.008 -23"><span class='ocrx_word' id='word_1_218' title='bbox 2173 1723 2406 1778; x_wconf 88' lang='lat' dir='ltr'><strong>reiehius</strong></span> <span class='ocrx_word' id='word_1_219' title='bbox 2435 1723 2487 1777; x_wconf 89' lang='lat' dir='ltr'><strong>in</strong></span> <span class='ocrx_word' id='word_1_220' title='bbox 2505 1721 2781 1777; x_wconf 80' lang='lat' dir='ltr'><strong>Pandectis</strong></span> <span class='ocrx_word' id='word_1_221' title='bbox 2797 1725 3408 1798; x_wconf 87' lang='lat' dir='ltr'><strong>Brandenburgicis.—F</strong></span> <span class='ocrx_word' id='word_1_222' title='bbox 3415 1745 3540 1784; x_wconf 86' lang='lat' dir='ltr'><strong>uere</strong></span> <span class='ocrx_word' id='word_1_223' title='bbox 3557 1740 3742 1788; x_wconf 87' lang='lat' dir='ltr'><strong>tamen</strong></span> 
     </span>
    </p>
   </div>
   <div class='ocr_carea' id='block_1_32' title="bbox 517 1816 3739 1893">
    <p class='ocr_par' dir='ltr' id='par_1_32' title="bbox 517 1816 3739 1893">
     <span class='ocr_line' id='line_1_32' title="bbox 517 1816 3739 1893; baseline 0.002 -18"><span class='ocrx_word' id='word_1_224' title='bbox 517 1817 692 1888; x_wconf 82' lang='lat' dir='ltr'><strong>llist.;</strong></span> <span class='ocrx_word' id='word_1_225' title='bbox 724 1822 1080 1891; x_wconf 83' lang='lat' dir='ltr'><strong>Hieronymus</strong></span> <span class='ocrx_word' id='word_1_226' title='bbox 1120 1824 1172 1875; x_wconf 90' lang='lat' dir='ltr'><strong>in</strong></span> <span class='ocrx_word' id='word_1_227' title='bbox 1215 1821 1491 1892; x_wconf 87' lang='lat' dir='ltr'><strong>Catalogo,</strong></span> <span class='ocrx_word' id='word_1_228' title='bbox 1535 1836 1653 1890; x_wconf 91' lang='lat' dir='ltr'><strong>cap.</strong></span> <span class='ocrx_word' id='word_1_229' title='bbox 1686 1820 1783 1885; x_wconf 74' lang='lat'><strong>65;</strong></span> <span class='ocrx_word' id='word_1_230' title='bbox 1819 1819 2064 1885; x_wconf 88' lang='lat' dir='ltr'><strong>Photius,</strong></span> <span class='ocrx_word' id='word_1_231' title='bbox 2101 1837 2141 1893; x_wconf 74' lang='grc' dir='ltr'><strong>υ</strong></span> <span class='ocrx_word' id='word_1_232' title='bbox 2170 1829 2201 1868; x_wconf 81' lang='lat' dir='ltr'><strong>a</strong></span> <span class='ocrx_word' id='word_1_233' title='bbox 2246 1824 2431 1868; x_wconf 79' lang='lat' dir='ltr'><strong>nostro</strong></span> <span class='ocrx_word' id='word_1_234' title='bbox 2492 1816 2734 1871; x_wconf 83' lang='lat' dir='ltr'><strong>distincti</strong></span> <span class='ocrx_word' id='word_1_235' title='bbox 2770 1835 2784 1871; x_wconf 88' lang='lat'><strong>:</strong></span> <span class='ocrx_word' id='word_1_236' title='bbox 2838 1817 2891 1870; x_wconf 92' lang='lat'><strong>1.</strong></span> <span class='ocrx_word' id='word_1_237' title='bbox 2926 1817 3104 1870; x_wconf 80' lang='lat' dir='ltr'><strong>Julius</strong></span> <span class='ocrx_word' id='word_1_238' title='bbox 3161 1819 3471 1888; x_wconf 76' lang='lat' dir='ltr'><strong>Africanus,</strong></span> <span class='ocrx_word' id='word_1_239' title='bbox 3527 1833 3739 1892; x_wconf 91' lang='lat' dir='ltr'><strong>orator,</strong></span> 
     </span>
    </p>
   </div>
   <div class='ocr_carea' id='block_1_33' title="bbox 513 1909 2066 1982">
    <p class='ocr_par' dir='ltr' id='par_1_33' title="bbox 513 1909 2066 1982">
     <span class='ocr_line' id='line_1_33' title="bbox 513 1909 2066 1982; baseline 0.001 -16"><span class='ocrx_word' id='word_1_240' title='bbox 513 1914 636 1968; x_wconf 88' lang='lat' dir='ltr'><strong>eod.</strong></span> <span class='ocrx_word' id='word_1_241' title='bbox 664 1929 864 1977; x_wconf 77' lang='lat' dir='ltr'><strong>xxxrv;</strong></span> <span class='ocrx_word' id='word_1_242' title='bbox 899 1912 1232 1982; x_wconf 88' lang='lat' dir='ltr'><strong>Nicephorus</strong></span> <span class='ocrx_word' id='word_1_243' title='bbox 1265 1929 1317 1976; x_wconf 79' lang='grc' dir='ltr'><strong>ν,</strong></span> <span class='ocrx_word' id='word_1_244' title='bbox 1344 1913 1433 1977; x_wconf 94' lang='lat'><strong>21,</strong></span> <span class='ocrx_word' id='word_1_245' title='bbox 1467 1922 1522 1966; x_wconf 89' lang='lat' dir='ltr'><strong>et</strong></span> <span class='ocrx_word' id='word_1_246' title='bbox 1549 1909 1748 1967; x_wconf 85' lang='lat' dir='ltr'><strong>Suidas</strong></span> <span class='ocrx_word' id='word_1_247' title='bbox 1789 1913 1846 1967; x_wconf 91' lang='lat' dir='ltr'><strong>in</strong></span> <span class='ocrx_word' id='word_1_248' title='bbox 1879 1913 2066 1982; x_wconf 67' lang='grc' dir='ltr'><strong>Ἄφριο</strong></span> 
     </span>
    </p>
   </div>
   <div class='ocr_carea' id='block_1_34' title="bbox 511 2004 1788 2078">
    <p class='ocr_par' dir='ltr' id='par_1_34' title="bbox 511 2004 1788 2078">
     <span class='ocr_line' id='line_1_34' title="bbox 511 2004 1788 2078; baseline 0 -20"><span class='ocrx_word' id='word_1_249' title='bbox 511 2008 694 2072; x_wconf 74' lang='grc' dir='ltr'><em>κανός</em></span> <span class='ocrx_word' id='word_1_250' title='bbox 721 2023 784 2061; x_wconf 90' lang='lat' dir='ltr'><strong>ac</strong></span> <span class='ocrx_word' id='word_1_251' title='bbox 810 2005 1119 2059; x_wconf 71' lang='lat' dir='ltr'><strong>Ewcdrra.</strong></span> <span class='ocrx_word' id='word_1_252' title='bbox 1143 2037 1214 2046; x_wconf 91' lang='lat'><strong>——</strong></span> <span class='ocrx_word' id='word_1_253' title='bbox 1243 2004 1408 2078; x_wconf 85' lang='lat' dir='ltr'><strong>[edita</strong></span> <span class='ocrx_word' id='word_1_254' title='bbox 1437 2014 1520 2059; x_wconf 89' lang='lat' dir='ltr'><strong>est</strong></span> <span class='ocrx_word' id='word_1_255' title='bbox 1547 2005 1692 2059; x_wconf 87' lang='lat' dir='ltr'><strong>illius</strong></span> <span class='ocrx_word' id='word_1_256' title='bbox 1785 2063 1788 2066; x_wconf 29' lang='grc' dir='ltr'>λ</span> 
     </span>
    </p>
   </div>
   <div class='ocr_carea' id='block_1_35' title="bbox 581 2097 2064 2168">
    <p class='ocr_par' dir='ltr' id='par_1_35' title="bbox 581 2097 2064 2168">
     <span class='ocr_line' id='line_1_35' title="bbox 581 2097 2064 2168; baseline 0.001 -17"><span class='ocrx_word' id='word_1_257' title='bbox 581 2098 824 2168; x_wconf 80' lang='lat' dir='ltr'><strong>Epistula</strong></span> <span class='ocrx_word' id='word_1_258' title='bbox 871 2099 939 2151; x_wconf 87' lang='lat' dir='ltr'><strong>ad</strong></span> <span class='ocrx_word' id='word_1_259' title='bbox 989 2097 1263 2168; x_wconf 82' lang='lat' dir='ltr'><strong>Origenem</strong></span> <span class='ocrx_word' id='word_1_260' title='bbox 1309 2099 1371 2152; x_wconf 90' lang='lat' dir='ltr'><strong>de</strong></span> <span class='ocrx_word' id='word_1_261' title='bbox 1421 2097 1695 2164; x_wconf 83' lang='lat' dir='ltr'><strong>Susanna,</strong></span> <span class='ocrx_word' id='word_1_262' title='bbox 1747 2115 1866 2153; x_wconf 89' lang='lat' dir='ltr'><strong>cum</strong></span> <span class='ocrx_word' id='word_1_263' title='bbox 1913 2100 2064 2154; x_wconf 87' lang='lat' dir='ltr'><strong>initio</strong></span> 
     </span>
    </p>
   </div>
   <div class='ocr_carea' id='block_1_36' title="bbox 509 2187 2061 2257">
    <p class='ocr_par' dir='ltr' id='par_1_36' title="bbox 509 2187 2061 2257">
     <span class='ocr_line' id='line_1_36' title="bbox 509 2187 2061 2257; baseline 0.003 -16"><span class='ocrx_word' id='word_1_264' title='bbox 509 2189 856 2256; x_wconf 81' lang='lat' dir='ltr'><strong>responsionis</strong></span> <span class='ocrx_word' id='word_1_265' title='bbox 883 2187 1143 2257; x_wconf 82' lang='lat' dir='ltr'><strong>Origenis.</strong></span> <span class='ocrx_word' id='word_1_266' title='bbox 1169 2187 1350 2242; x_wconf 61' lang='lat' dir='ltr'><strong>Graece</strong></span> <span class='ocrx_word' id='word_1_267' title='bbox 1376 2203 1470 2257; x_wconf 89' lang='lat' dir='ltr'><strong>per</strong></span> <span class='ocrx_word' id='word_1_268' title='bbox 1496 2187 1630 2241; x_wconf 88' lang='lat' dir='ltr'><strong>Dan.</strong></span> <span class='ocrx_word' id='word_1_269' title='bbox 1663 2187 2061 2257; x_wconf 82' lang='lat' dir='ltr'><strong>lloeschelium,</strong></span> 
     </span>
    </p>
   </div>
   <div class='ocr_carea' id='block_1_37' title="bbox 507 2276 2064 2350">
    <p class='ocr_par' dir='ltr' id='par_1_37' title="bbox 507 2276 2064 2350">
     <span class='ocr_line' id='line_1_37' title="bbox 507 2276 2064 2350; baseline 0.001 -16"><span class='ocrx_word' id='word_1_270' title='bbox 507 2295 632 2334; x_wconf 87' lang='lat' dir='ltr'><strong>cum</strong></span> <span class='ocrx_word' id='word_1_271' title='bbox 669 2279 889 2332; x_wconf 90' lang='lat' dir='ltr'><strong>Adriani</strong></span> <span class='ocrx_word' id='word_1_272' title='bbox 939 2276 1152 2346; x_wconf 82' lang='lat' dir='ltr'><strong>lsagoge</strong></span> <span class='ocrx_word' id='word_1_273' title='bbox 1191 2278 1244 2330; x_wconf 88' lang='lat' dir='ltr'><strong>in</strong></span> <span class='ocrx_word' id='word_1_274' title='bbox 1291 2294 1474 2331; x_wconf 86' lang='lat' dir='ltr'><strong>sacras</strong></span> <span class='ocrx_word' id='word_1_275' title='bbox 1509 2277 1761 2345; x_wconf 85' lang='lat' dir='ltr'><strong>Litteras,</strong></span> <span class='ocrx_word' id='word_1_276' title='bbox 1809 2281 2064 2350; x_wconf 57' lang='lat' dir='ltr'><strong>Augustae</strong></span> 
     </span>
    </p>
   </div>
   <div class='ocr_carea' id='block_1_38' title="bbox 506 2367 2059 2442">
    <p class='ocr_par' dir='ltr' id='par_1_38' title="bbox 506 2367 2059 2442">
     <span class='ocr_line' id='line_1_38' title="bbox 506 2367 2059 2442; baseline 0.001 -19"><span class='ocrx_word' id='word_1_277' title='bbox 506 2369 771 2423; x_wconf 70' lang='lat' dir='ltr'><strong>Vindelie.</strong></span> <span class='ocrx_word' id='word_1_278' title='bbox 806 2368 963 2432; x_wconf 78' lang='lat'><strong>1602,</strong></span> <span class='ocrx_word' id='word_1_279' title='bbox 990 2367 1145 2433; x_wconf 65' lang='lat'><strong>4;—</strong></span> <span class='ocrx_word' id='word_1_280' title='bbox 1168 2376 1220 2422; x_wconf 89' lang='lat' dir='ltr'><strong>et</strong></span> <span class='ocrx_word' id='word_1_281' title='bbox 1250 2383 1372 2422; x_wconf 89' lang='lat' dir='ltr'><strong>cum</strong></span> <span class='ocrx_word' id='word_1_282' title='bbox 1407 2370 1759 2437; x_wconf 88' lang='lat' dir='ltr'><strong>responsione</strong></span> <span class='ocrx_word' id='word_1_283' title='bbox 1791 2370 2059 2442; x_wconf 87' lang='lat' dir='ltr'><strong>Origenis,</strong></span> 
     </span>
    </p>
   </div>
   <div class='ocr_carea' id='block_1_39' title="bbox 507 2456 2057 2528">
    <p class='ocr_par' dir='ltr' id='par_1_39' title="bbox 507 2456 2057 2528">
     <span class='ocr_line' id='line_1_39' title="bbox 507 2456 2057 2528; baseline -0.001 -9"><span class='ocrx_word' id='word_1_284' title='bbox 507 2461 601 2520; x_wconf 87' lang='lat' dir='ltr'><strong>Gr.</strong></span> <span class='ocrx_word' id='word_1_285' title='bbox 639 2470 691 2517; x_wconf 88' lang='lat' dir='ltr'><strong>et</strong></span> <span class='ocrx_word' id='word_1_286' title='bbox 714 2460 834 2515; x_wconf 91' lang='lat' dir='ltr'><strong>Lat.</strong></span> <span class='ocrx_word' id='word_1_287' title='bbox 871 2475 992 2516; x_wconf 90' lang='lat' dir='ltr'><strong>eum</strong></span> <span class='ocrx_word' id='word_1_288' title='bbox 1025 2458 1169 2513; x_wconf 90' lang='lat' dir='ltr'><strong>notis</strong></span> <span class='ocrx_word' id='word_1_289' title='bbox 1197 2456 1246 2511; x_wconf 78' lang='lat' dir='ltr'><strong>J.</strong></span> <span class='ocrx_word' id='word_1_290' title='bbox 1279 2459 1543 2527; x_wconf 84' lang='lat' dir='ltr'><strong>Rudolphi</strong></span> <span class='ocrx_word' id='word_1_291' title='bbox 1600 2459 1903 2528; x_wconf 82' lang='lat' dir='ltr'><strong>Wetstenii,</strong></span> <span class='ocrx_word' id='word_1_292' title='bbox 1935 2479 2057 2518; x_wconf 89' lang='lat' dir='ltr'><strong>cum</strong></span> 
     </span>
    </p>
   </div>
   <div class='ocr_carea' id='block_1_40' title="bbox 504 2548 2057 2623">
    <p class='ocr_par' dir='ltr' id='par_1_40' title="bbox 504 2548 2057 2623">
     <span class='ocr_line' id='line_1_40' title="bbox 504 2548 2057 2623; baseline -0.001 -14"><span class='ocrx_word' id='word_1_293' title='bbox 504 2552 751 2623; x_wconf 81' lang='lat' dir='ltr'><strong>Origenis</strong></span> <span class='ocrx_word' id='word_1_294' title='bbox 779 2550 992 2621; x_wconf 78' lang='lat' dir='ltr'><strong>dialogo</strong></span> <span class='ocrx_word' id='word_1_295' title='bbox 1021 2559 1203 2603; x_wconf 87' lang='lat' dir='ltr'><strong>contra</strong></span> <span class='ocrx_word' id='word_1_296' title='bbox 1231 2548 1597 2603; x_wconf 79' lang='lat' dir='ltr'><strong>Marcionitas.</strong></span> <span class='ocrx_word' id='word_1_297' title='bbox 1629 2548 1791 2605; x_wconf 88' lang='lat' dir='ltr'><strong>Basil.</strong></span> <span class='ocrx_word' id='word_1_298' title='bbox 1821 2551 1974 2619; x_wconf 79' lang='grc'>1674,</span> <span class='ocrx_word' id='word_1_299' title='bbox 2003 2553 2057 2618; x_wconf 73' lang='grc'><strong>4,</strong></span> 
     </span>
    </p>
   </div>
   <div class='ocr_carea' id='block_1_41' title="bbox 503 2637 2060 2714">
    <p class='ocr_par' dir='ltr' id='par_1_41' title="bbox 503 2637 2060 2714">
     <span class='ocr_line' id='line_1_41' title="bbox 503 2637 2060 2714; baseline 0 -15"><span class='ocrx_word' id='word_1_300' title='bbox 503 2659 625 2714; x_wconf 89' lang='lat' dir='ltr'><strong>pag.</strong></span> <span class='ocrx_word' id='word_1_301' title='bbox 654 2640 986 2697; x_wconf 84' lang='lat' dir='ltr'><strong>220.—Pars</strong></span> <span class='ocrx_word' id='word_1_302' title='bbox 1013 2640 1252 2709; x_wconf 67' lang='lat' dir='ltr'><strong>epistolas</strong></span> <span class='ocrx_word' id='word_1_303' title='bbox 1272 2637 1519 2709; x_wconf 82' lang='lat' dir='ltr'><strong>Origenis</strong></span> <span class='ocrx_word' id='word_1_304' title='bbox 1548 2641 1614 2694; x_wconf 90' lang='lat' dir='ltr'><strong>ad</strong></span> <span class='ocrx_word' id='word_1_305' title='bbox 1640 2640 1950 2696; x_wconf 76' lang='lat' dir='ltr'><strong>Africanum</strong></span> <span class='ocrx_word' id='word_1_306' title='bbox 1978 2653 2060 2699; x_wconf 89' lang='lat' dir='ltr'><strong>est</strong></span> 
     </span>
    </p>
   </div>
   <div class='ocr_carea' id='block_1_42' title="bbox 505 2731 2059 2796">
    <p class='ocr_par' dir='ltr' id='par_1_42' title="bbox 505 2731 2059 2796">
     <span class='ocr_line' id='line_1_42' title="bbox 505 2731 2059 2796; baseline 0 -4"><span class='ocrx_word' id='word_1_307' title='bbox 505 2738 557 2792; x_wconf 91' lang='lat' dir='ltr'><strong>in</strong></span> <span class='ocrx_word' id='word_1_308' title='bbox 587 2735 709 2792; x_wconf 89' lang='lat' dir='ltr'><strong>eod.</strong></span> <span class='ocrx_word' id='word_1_309' title='bbox 737 2735 964 2790; x_wconf 88' lang='lat' dir='ltr'><strong>Coislin.</strong></span> <span class='ocrx_word' id='word_1_310' title='bbox 993 2731 1135 2796; x_wconf 79' lang='lat' dir='ltr'><strong>XXI,</strong></span> <span class='ocrx_word' id='word_1_311' title='bbox 1166 2733 1291 2787; x_wconf 88' lang='lat' dir='ltr'><strong>olim</strong></span> <span class='ocrx_word' id='word_1_312' title='bbox 1319 2731 1693 2795; x_wconf 73' lang='lat' dir='ltr'><strong>CCXXXVIII,</strong></span> <span class='ocrx_word' id='word_1_313' title='bbox 1729 2743 1862 2792; x_wconf 90' lang='lat' dir='ltr'><strong>teste</strong></span> <span class='ocrx_word' id='word_1_314' title='bbox 1885 2735 2059 2792; x_wconf 82' lang='lat' dir='ltr'><strong>Mont-</strong></span> 
     </span>
    </p>
   </div>
   <div class='ocr_carea' id='block_1_43' title="bbox 502 2822 1744 2896">
    <p class='ocr_par' dir='ltr' id='par_1_43' title="bbox 502 2822 1744 2896">
     <span class='ocr_line' id='line_1_43' title="bbox 502 2822 1744 2896; baseline -0.005 -14"><span class='ocrx_word' id='word_1_315' title='bbox 502 2827 698 2884; x_wconf 90' lang='lat' dir='ltr'><strong>faucon</strong></span> <span class='ocrx_word' id='word_1_316' title='bbox 733 2827 785 2880; x_wconf 90' lang='lat' dir='ltr'><strong>in</strong></span> <span class='ocrx_word' id='word_1_317' title='bbox 816 2824 953 2880; x_wconf 88' lang='lat' dir='ltr'><strong>Bibl.</strong></span> <span class='ocrx_word' id='word_1_318' title='bbox 981 2823 1232 2885; x_wconf 86' lang='lat' dir='ltr'><strong>Coislin.,</strong></span> <span class='ocrx_word' id='word_1_319' title='bbox 1273 2839 1390 2894; x_wconf 89' lang='lat' dir='ltr'><strong>pag.</strong></span> <span class='ocrx_word' id='word_1_320' title='bbox 1426 2823 1514 2878; x_wconf 84' lang='grc'>65.</span> <span class='ocrx_word' id='word_1_321' title='bbox 1550 2822 1744 2896; x_wconf 70' lang='grc' dir='ltr'><strong>ΗΑιιι..]</strong></span> 
     </span>
    </p>
   </div>
   <div class='ocr_carea' id='block_1_44' title="bbox 571 2913 2058 2989">
    <p class='ocr_par' dir='ltr' id='par_1_44' title="bbox 571 2913 2058 2989">
     <span class='ocr_line' id='line_1_44' title="bbox 571 2913 2058 2989; baseline 0.001 -16"><span class='ocrx_word' id='word_1_322' title='bbox 571 2919 650 2974; x_wconf 76' lang='lat' dir='ltr'><strong>Ex</strong></span> <span class='ocrx_word' id='word_1_323' title='bbox 691 2917 911 2989; x_wconf 83' lang='lat' dir='ltr'><strong>epistola</strong></span> <span class='ocrx_word' id='word_1_324' title='bbox 953 2915 1021 2970; x_wconf 87' lang='lat' dir='ltr'><strong>ad</strong></span> <span class='ocrx_word' id='word_1_325' title='bbox 1054 2916 1361 2980; x_wconf 78' lang='lat' dir='ltr'><strong>Aristidem,</strong></span> <span class='ocrx_word' id='word_1_326' title='bbox 1390 2931 1498 2985; x_wconf 88' lang='lat' dir='ltr'><strong>qua</strong></span> <span class='ocrx_word' id='word_1_327' title='bbox 1531 2913 1765 2972; x_wconf 68' lang='lat' dir='ltr'><strong>Matthazi</strong></span> <span class='ocrx_word' id='word_1_328' title='bbox 1808 2927 1861 2973; x_wconf 90' lang='lat' dir='ltr'><strong>et</strong></span> <span class='ocrx_word' id='word_1_329' title='bbox 1896 2917 2058 2976; x_wconf 62' lang='lat' dir='ltr'><strong>Luca</strong></span> 
     </span>
    </p>
   </div>
   <div class='ocr_carea' id='block_1_45' title="bbox 501 3007 2057 3080">
    <p class='ocr_par' dir='ltr' id='par_1_45' title="bbox 501 3007 2057 3080">
     <span class='ocr_line' id='line_1_45' title="bbox 501 3007 2057 3080; baseline -0.001 -13"><span class='ocrx_word' id='word_1_330' title='bbox 501 3012 839 3067; x_wconf 85' lang='lat' dir='ltr'><strong>narrationes</strong></span> <span class='ocrx_word' id='word_1_331' title='bbox 871 3008 934 3062; x_wconf 81' lang='lat' dir='ltr'><strong>de</strong></span> <span class='ocrx_word' id='word_1_332' title='bbox 959 3007 1256 3080; x_wconf 82' lang='lat' dir='ltr'><strong>genealogia</strong></span> <span class='ocrx_word' id='word_1_333' title='bbox 1285 3007 1481 3062; x_wconf 83' lang='lat' dir='ltr'><strong>Christi</strong></span> <span class='ocrx_word' id='word_1_334' title='bbox 1510 3009 1648 3063; x_wconf 90' lang='lat' dir='ltr'><strong>inter</strong></span> <span class='ocrx_word' id='word_1_335' title='bbox 1675 3025 1732 3064; x_wconf 90' lang='lat' dir='ltr'><strong>se</strong></span> <span class='ocrx_word' id='word_1_336' title='bbox 1761 3011 2057 3066; x_wconf 86' lang='lat' dir='ltr'><strong>concilian-</strong></span> 
     </span>
    </p>
   </div>
   <div class='ocr_carea' id='block_1_46' title="bbox 502 3099 2053 3174">
    <p class='ocr_par' dir='ltr' id='par_1_46' title="bbox 502 3099 2053 3174">
     <span class='ocr_line' id='line_1_46' title="bbox 502 3099 2053 3174; baseline 0.001 -17"><span class='ocrx_word' id='word_1_337' title='bbox 502 3114 610 3171; x_wconf 89' lang='lat' dir='ltr'><strong>tur,</strong></span> <span class='ocrx_word' id='word_1_338' title='bbox 638 3101 842 3173; x_wconf 77' lang='lat' dir='ltr'><strong>profert</strong></span> <span class='ocrx_word' id='word_1_339' title='bbox 863 3101 1120 3154; x_wconf 89' lang='lat' dir='ltr'><strong>nonnnlla</strong></span> <span class='ocrx_word' id='word_1_340' title='bbox 1151 3099 1417 3156; x_wconf 90' lang='lat' dir='ltr'><strong>Eusebius</strong></span> <span class='ocrx_word' id='word_1_341' title='bbox 1445 3101 1538 3155; x_wconf 91' lang='lat' dir='ltr'><strong>lib.</strong></span> <span class='ocrx_word' id='word_1_342' title='bbox 1569 3115 1583 3153; x_wconf 91' lang='grc' dir='ltr'><strong>ι</strong></span> <span class='ocrx_word' id='word_1_343' title='bbox 1609 3099 1838 3168; x_wconf 87' lang='lat' dir='ltr'><strong>Ilistor.,</strong></span> <span class='ocrx_word' id='word_1_344' title='bbox 1863 3119 1978 3174; x_wconf 84' lang='lat' dir='ltr'><strong>cap.</strong></span> <span class='ocrx_word' id='word_1_345' title='bbox 1998 3103 2053 3172; x_wconf 89' lang='lat'><strong>7,</strong></span> 
     </span>
    </p>
   </div>
   <div class='ocr_carea' id='block_1_47' title="bbox 497 3191 2121 3266">
    <p class='ocr_par' dir='ltr' id='par_1_47' title="bbox 497 3191 2121 3266">
     <span class='ocr_line' id='line_1_47' title="bbox 497 3191 2121 3266; baseline -0.001 -16"><span class='ocrx_word' id='word_1_346' title='bbox 497 3207 660 3266; x_wconf 86' lang='lat' dir='ltr'><strong>atque</strong></span> <span class='ocrx_word' id='word_1_347' title='bbox 691 3211 757 3250; x_wconf 79' lang='lat' dir='ltr'><strong>ex</strong></span> <span class='ocrx_word' id='word_1_348' title='bbox 795 3195 886 3247; x_wconf 94' lang='lat' dir='ltr'><strong>illo</strong></span> <span class='ocrx_word' id='word_1_349' title='bbox 919 3191 1256 3262; x_wconf 81' lang='lat' dir='ltr'><strong>Nicephorus</strong></span> <span class='ocrx_word' id='word_1_350' title='bbox 1287 3193 1380 3246; x_wconf 91' lang='lat' dir='ltr'><strong>lib.</strong></span> <span class='ocrx_word' id='word_1_351' title='bbox 1415 3208 1452 3255; x_wconf 90' lang='grc' dir='ltr'><strong>ι,</strong></span> <span class='ocrx_word' id='word_1_352' title='bbox 1489 3209 1610 3264; x_wconf 90' lang='lat' dir='ltr'><strong>cap.</strong></span> <span class='ocrx_word' id='word_1_353' title='bbox 1638 3194 1696 3248; x_wconf 86' lang='lat'><strong>11</strong></span> <span class='ocrx_word' id='word_1_354' title='bbox 1733 3211 1840 3265; x_wconf 91' lang='lat' dir='ltr'><strong>sq.,</strong></span> <span class='ocrx_word' id='word_1_355' title='bbox 1872 3205 1924 3251; x_wconf 88' lang='lat' dir='ltr'><strong>et</strong></span> <span class='ocrx_word' id='word_1_356' title='bbox 1950 3198 2053 3252; x_wconf 83' lang='lat' dir='ltr'><strong>Ca-</strong></span> <span class='ocrx_word' id='word_1_357' title='bbox 2079 3191 2121 3248; x_wconf 88' lang='lat' dir='ltr'><strong>C</strong></span> 
     </span>
    </p>
   </div>
   <div class='ocr_carea' id='block_1_48' title="bbox 499 3283 2047 3357">
    <p class='ocr_par' dir='ltr' id='par_1_48' title="bbox 499 3283 2047 3357">
     <span class='ocr_line' id='line_1_48' title="bbox 499 3283 2047 3357; baseline 0 -14"><span class='ocrx_word' id='word_1_358' title='bbox 499 3300 620 3343; x_wconf 89' lang='lat' dir='ltr'><strong>tena</strong></span> <span class='ocrx_word' id='word_1_359' title='bbox 650 3303 754 3341; x_wconf 88' lang='lat' dir='ltr'><strong>ms.</strong></span> <span class='ocrx_word' id='word_1_360' title='bbox 803 3286 855 3340; x_wconf 90' lang='lat' dir='ltr'><strong>in</strong></span> <span class='ocrx_word' id='word_1_361' title='bbox 883 3284 1083 3340; x_wconf 91' lang='lat' dir='ltr'><strong>Lucam</strong></span> <span class='ocrx_word' id='word_1_362' title='bbox 1119 3284 1260 3354; x_wconf 89' lang='lat' dir='ltr'><strong>apud</strong></span> <span class='ocrx_word' id='word_1_363' title='bbox 1307 3283 1655 3338; x_wconf 90' lang='lat' dir='ltr'><strong>Lambecium</strong></span> <span class='ocrx_word' id='word_1_364' title='bbox 1688 3303 1770 3351; x_wconf 86' lang='grc' dir='ltr'><strong>ιιι,</strong></span> <span class='ocrx_word' id='word_1_365' title='bbox 1803 3303 1924 3357; x_wconf 89' lang='lat' dir='ltr'><strong>pag.</strong></span> <span class='ocrx_word' id='word_1_366' title='bbox 1958 3289 2047 3353; x_wconf 86' lang='lat'><strong>62,</strong></span> 
     </span>
    </p>
   </div>
   <div class='ocr_carea' id='block_1_49' title="bbox 496 3375 2054 3446">
    <p class='ocr_par' dir='ltr' id='par_1_49' title="bbox 496 3375 2054 3446">
     <span class='ocr_line' id='line_1_49' title="bbox 496 3375 2054 3446; baseline -0.001 -11"><span class='ocrx_word' id='word_1_367' title='bbox 496 3381 620 3435; x_wconf 88' lang='lat' dir='ltr'><strong>licet</strong></span> <span class='ocrx_word' id='word_1_368' title='bbox 673 3378 1017 3433; x_wconf 86' lang='lat' dir='ltr'><strong>traditionem</strong></span> <span class='ocrx_word' id='word_1_369' title='bbox 1073 3377 1141 3430; x_wconf 89' lang='lat' dir='ltr'><strong>ab</strong></span> <span class='ocrx_word' id='word_1_370' title='bbox 1183 3375 1436 3430; x_wconf 88' lang='lat' dir='ltr'><strong>Africano</strong></span> <span class='ocrx_word' id='word_1_371' title='bbox 1468 3375 1520 3429; x_wconf 90' lang='lat' dir='ltr'><strong>in</strong></span> <span class='ocrx_word' id='word_1_372' title='bbox 1553 3377 1640 3430; x_wconf 83' lang='lat' dir='ltr'><strong>illa</strong></span> <span class='ocrx_word' id='word_1_373' title='bbox 1676 3379 1900 3446; x_wconf 91' lang='lat' dir='ltr'><strong>epistola</strong></span> <span class='ocrx_word' id='word_1_374' title='bbox 1934 3379 2054 3435; x_wconf 84' lang='lat' dir='ltr'><strong>lau-</strong></span> 
     </span>
    </p>
   </div>
   <div class='ocr_carea' id='block_1_50' title="bbox 497 3465 2051 3540">
    <p class='ocr_par' dir='ltr' id='par_1_50' title="bbox 497 3465 2051 3540">
     <span class='ocr_line' id='line_1_50' title="bbox 497 3465 2051 3540; baseline -0.001 -13"><span class='ocrx_word' id='word_1_375' title='bbox 497 3473 675 3528; x_wconf 88' lang='lat' dir='ltr'><strong>datam</strong></span> <span class='ocrx_word' id='word_1_376' title='bbox 707 3485 803 3539; x_wconf 93' lang='lat' dir='ltr'><strong>pro</strong></span> <span class='ocrx_word' id='word_1_377' title='bbox 832 3474 1082 3537; x_wconf 86' lang='lat' dir='ltr'><strong>suspecta</strong></span> <span class='ocrx_word' id='word_1_378' title='bbox 1116 3466 1313 3520; x_wconf 86' lang='lat' dir='ltr'><strong>habeat</strong></span> <span class='ocrx_word' id='word_1_379' title='bbox 1341 3465 1666 3534; x_wconf 79' lang='lat' dir='ltr'><strong>Dodwellus,</strong></span> <span class='ocrx_word' id='word_1_380' title='bbox 1698 3485 1824 3540; x_wconf 85' lang='lat' dir='ltr'><strong>pag.</strong></span> <span class='ocrx_word' id='word_1_381' title='bbox 1853 3471 1940 3538; x_wconf 87' lang='grc'><strong>58,</strong></span> <span class='ocrx_word' id='word_1_382' title='bbox 1983 3473 2051 3526; x_wconf 90' lang='lat' dir='ltr'><strong>ad</strong></span> 
     </span>
    </p>
   </div>
   <div class='ocr_carea' id='block_1_51' title="bbox 495 3558 2049 3630">
    <p class='ocr_par' dir='ltr' id='par_1_51' title="bbox 495 3558 2049 3630">
     <span class='ocr_line' id='line_1_51' title="bbox 495 3558 2049 3630; baseline -0.001 -11"><span class='ocrx_word' id='word_1_383' title='bbox 495 3564 777 3620; x_wconf 67' lang='lat' dir='ltr'><strong>Irenmum.</strong></span> <span class='ocrx_word' id='word_1_384' title='bbox 821 3560 1027 3616; x_wconf 88' lang='lat' dir='ltr'><strong>Laudat</strong></span> <span class='ocrx_word' id='word_1_385' title='bbox 1067 3558 1212 3612; x_wconf 89' lang='lat' dir='ltr'><strong>illam</strong></span> <span class='ocrx_word' id='word_1_386' title='bbox 1242 3559 1524 3630; x_wconf 90' lang='lat' dir='ltr'><strong>epistolam</strong></span> <span class='ocrx_word' id='word_1_387' title='bbox 1555 3559 1823 3618; x_wconf 85' lang='lat' dir='ltr'><strong>Eusebius</strong></span> <span class='ocrx_word' id='word_1_388' title='bbox 1859 3564 2049 3618; x_wconf 83' lang='lat' dir='ltr'><strong>iterum</strong></span> 
     </span>
    </p>
   </div>
   <div class='ocr_carea' id='block_1_52' title="bbox 492 3651 2051 3724">
    <p class='ocr_par' dir='ltr' id='par_1_52' title="bbox 492 3651 2051 3724">
     <span class='ocr_line' id='line_1_52' title="bbox 492 3651 2051 3724; baseline -0.001 -13"><span class='ocrx_word' id='word_1_389' title='bbox 492 3673 570 3721; x_wconf 82' lang='lat' dir='ltr'><strong>vr,</strong></span> <span class='ocrx_word' id='word_1_390' title='bbox 598 3656 689 3722; x_wconf 83' lang='grc'><strong>51,</strong></span> <span class='ocrx_word' id='word_1_391' title='bbox 722 3670 784 3709; x_wconf 93' lang='lat' dir='ltr'><strong>ac</strong></span> <span class='ocrx_word' id='word_1_392' title='bbox 812 3663 1007 3724; x_wconf 67' lang='lat' dir='ltr'><strong>praeter</strong></span> <span class='ocrx_word' id='word_1_393' title='bbox 1034 3651 1441 3723; x_wconf 79' lang='lat' dir='ltr'><strong>Hieronymum,</strong></span> <span class='ocrx_word' id='word_1_394' title='bbox 1465 3651 1828 3724; x_wconf 85' lang='lat' dir='ltr'><strong>Photiumque</strong></span> <span class='ocrx_word' id='word_1_395' title='bbox 1864 3672 1927 3712; x_wconf 89' lang='lat' dir='ltr'><strong>ac</strong></span> <span class='ocrx_word' id='word_1_396' title='bbox 1956 3655 2051 3710; x_wconf 83' lang='lat' dir='ltr'><strong>Ni-</strong></span> 
     </span>
    </p>
   </div>
   <div class='ocr_carea' id='block_1_53' title="bbox 491 3744 2046 3819">
    <p class='ocr_par' dir='ltr' id='par_1_53' title="bbox 491 3744 2046 3819">
     <span class='ocr_line' id='line_1_53' title="bbox 491 3744 2046 3819; baseline 0 -16"><span class='ocrx_word' id='word_1_397' title='bbox 491 3749 788 3819; x_wconf 90' lang='lat' dir='ltr'><strong>cephorum</strong></span> <span class='ocrx_word' id='word_1_398' title='bbox 812 3763 864 3813; x_wconf 86' lang='lat' dir='ltr'><strong>v,</strong></span> <span class='ocrx_word' id='word_1_399' title='bbox 885 3747 976 3814; x_wconf 87' lang='lat'><strong>21,</strong></span> <span class='ocrx_word' id='word_1_400' title='bbox 1002 3745 1340 3816; x_wconf 83' lang='lat' dir='ltr'><strong>Augustinus</strong></span> <span class='ocrx_word' id='word_1_401' title='bbox 1397 3759 1460 3810; x_wconf 88' lang='grc' dir='ltr'><strong>ιι,</strong></span> <span class='ocrx_word' id='word_1_402' title='bbox 1490 3744 1543 3810; x_wconf 86' lang='lat' dir='ltr'><strong>&#39;l,</strong></span> <span class='ocrx_word' id='word_1_403' title='bbox 1572 3744 2046 3802; x_wconf 86' lang='lat' dir='ltr'><strong>Retractationum.</strong></span> 
     </span>
    </p>
   </div>
   <div class='ocr_carea' id='block_1_54' title="bbox 563 3837 2050 3914">
    <p class='ocr_par' dir='ltr' id='par_1_54' title="bbox 563 3837 2050 3914">
     <span class='ocr_line' id='line_1_54' title="bbox 563 3837 2050 3914; baseline -0.001 -17"><span class='ocrx_word' id='word_1_404' title='bbox 563 3839 956 3914; x_wconf 90' lang='lat' dir='ltr'><strong>[Scriptoribus</strong></span> <span class='ocrx_word' id='word_1_405' title='bbox 995 3839 1088 3909; x_wconf 86' lang='lat' dir='ltr'><strong>qui</strong></span> <span class='ocrx_word' id='word_1_406' title='bbox 1121 3839 1187 3894; x_wconf 91' lang='lat' dir='ltr'><strong>de</strong></span> <span class='ocrx_word' id='word_1_407' title='bbox 1213 3837 1450 3893; x_wconf 86' lang='lat' dir='ltr'><strong>Africani</strong></span> <span class='ocrx_word' id='word_1_408' title='bbox 1486 3840 1594 3893; x_wconf 87' lang='lat' dir='ltr'><strong>vita</strong></span> <span class='ocrx_word' id='word_1_409' title='bbox 1637 3850 1689 3895; x_wconf 92' lang='lat' dir='ltr'><strong>et</strong></span> <span class='ocrx_word' id='word_1_410' title='bbox 1719 3840 1842 3896; x_wconf 91' lang='lat' dir='ltr'><strong>fatis</strong></span> <span class='ocrx_word' id='word_1_411' title='bbox 1883 3858 2050 3912; x_wconf 78' lang='lat' dir='ltr'><strong>expo-</strong></span> 
     </span>
    </p>
   </div>
   <div class='ocr_carea' id='block_1_55' title="bbox 489 3929 2044 4006">
    <p class='ocr_par' dir='ltr' id='par_1_55' title="bbox 489 3929 2044 4006">
     <span class='ocr_line' id='line_1_55' title="bbox 489 3929 2044 4006; baseline -0.001 -16"><span class='ocrx_word' id='word_1_412' title='bbox 489 3944 719 3990; x_wconf 88' lang='lat' dir='ltr'><strong>suerunt</strong></span> <span class='ocrx_word' id='word_1_413' title='bbox 763 3931 1207 3987; x_wconf 90' lang='lat' dir='ltr'><strong>annumerandus</strong></span> <span class='ocrx_word' id='word_1_414' title='bbox 1261 3938 1345 3986; x_wconf 90' lang='lat' dir='ltr'><strong>est</strong></span> <span class='ocrx_word' id='word_1_415' title='bbox 1371 3929 1665 3987; x_wconf 86' lang='lat' dir='ltr'><strong>Gallandus</strong></span> <span class='ocrx_word' id='word_1_416' title='bbox 1716 3933 1769 3986; x_wconf 92' lang='lat' dir='ltr'><strong>in</strong></span> <span class='ocrx_word' id='word_1_417' title='bbox 1799 3933 2044 4006; x_wconf 87' lang='lat' dir='ltr'><strong>Prolegg.</strong></span> 
     </span>
    </p>
   </div>
   <div class='ocr_carea' id='block_1_56' title="bbox 490 4023 2046 4095">
    <p class='ocr_par' dir='ltr' id='par_1_56' title="bbox 490 4023 2046 4095">
     <span class='ocr_line' id='line_1_56' title="bbox 490 4023 2046 4095; baseline -0.002 -12"><span class='ocrx_word' id='word_1_418' title='bbox 490 4027 558 4083; x_wconf 84' lang='lat' dir='ltr'><strong>ad</strong></span> <span class='ocrx_word' id='word_1_419' title='bbox 594 4026 844 4080; x_wconf 82' lang='lat' dir='ltr'><strong>Biblioth.</strong></span> <span class='ocrx_word' id='word_1_420' title='bbox 880 4025 1054 4088; x_wconf 85' lang='lat' dir='ltr'><strong>Patr.,</strong></span> <span class='ocrx_word' id='word_1_421' title='bbox 1089 4033 1128 4078; x_wconf 87' lang='lat' dir='ltr'><strong>t.</strong></span> <span class='ocrx_word' id='word_1_422' title='bbox 1162 4023 1240 4088; x_wconf 86' lang='lat' dir='ltr'><strong>Il,</strong></span> <span class='ocrx_word' id='word_1_423' title='bbox 1273 4039 1321 4080; x_wconf 93' lang='lat' dir='ltr'><strong>e.</strong></span> <span class='ocrx_word' id='word_1_424' title='bbox 1349 4023 1440 4089; x_wconf 88' lang='lat'><strong>26,</strong></span> <span class='ocrx_word' id='word_1_425' title='bbox 1500 4040 1555 4093; x_wconf 91' lang='lat' dir='ltr'><strong>p.</strong></span> <span class='ocrx_word' id='word_1_426' title='bbox 1587 4041 1767 4080; x_wconf 75' lang='lat' dir='ltr'><strong>xxxvii</strong></span> <span class='ocrx_word' id='word_1_427' title='bbox 1815 4041 1922 4095; x_wconf 84' lang='lat' dir='ltr'><strong>sq.,</strong></span> <span class='ocrx_word' id='word_1_428' title='bbox 1955 4027 2046 4095; x_wconf 88' lang='lat' dir='ltr'><strong>qui</strong></span> 
     </span>
    </p>
   </div>
   <div class='ocr_carea' id='block_1_57' title="bbox 489 4111 2048 4187">
    <p class='ocr_par' dir='ltr' id='par_1_57' title="bbox 489 4111 2048 4187">
     <span class='ocr_line' id='line_1_57' title="bbox 489 4111 2048 4187; baseline -0.002 -12"><span class='ocrx_word' id='word_1_429' title='bbox 489 4128 545 4175; x_wconf 87' lang='lat' dir='ltr'><strong>et</strong></span> <span class='ocrx_word' id='word_1_430' title='bbox 566 4119 746 4174; x_wconf 89' lang='lat' dir='ltr'><strong>omnia</strong></span> <span class='ocrx_word' id='word_1_431' title='bbox 775 4111 1234 4186; x_wconf 76' lang='lat' dir='ltr'><strong>Chronographia:</strong></span> <span class='ocrx_word' id='word_1_432' title='bbox 1259 4115 1377 4184; x_wconf 85' lang='lat' dir='ltr'><strong>ejus</strong></span> <span class='ocrx_word' id='word_1_433' title='bbox 1409 4115 1728 4184; x_wconf 88' lang='lat' dir='ltr'><strong>fragmenta,</strong></span> <span class='ocrx_word' id='word_1_434' title='bbox 1758 4133 1877 4186; x_wconf 69' lang='lat' dir='ltr'><strong>qua:</strong></span> <span class='ocrx_word' id='word_1_435' title='bbox 1905 4118 2048 4187; x_wconf 84' lang='lat' dir='ltr'><strong>apud</strong></span> 
     </span>
    </p>
   </div>
   <div class='ocr_carea' id='block_1_58' title="bbox 485 4206 2045 4279">
    <p class='ocr_par' dir='ltr' id='par_1_58' title="bbox 485 4206 2045 4279">
     <span class='ocr_line' id='line_1_58' title="bbox 485 4206 2045 4279; baseline -0.003 -13"><span class='ocrx_word' id='word_1_436' title='bbox 485 4210 802 4272; x_wconf 79' lang='lat' dir='ltr'><strong>Eusebium,</strong></span> <span class='ocrx_word' id='word_1_437' title='bbox 827 4207 1112 4272; x_wconf 89' lang='lat' dir='ltr'><strong>Basilium,</strong></span> <span class='ocrx_word' id='word_1_438' title='bbox 1145 4206 1450 4279; x_wconf 85' lang='lat' dir='ltr'><strong>Syncellum</strong></span> <span class='ocrx_word' id='word_1_439' title='bbox 1485 4217 1538 4261; x_wconf 89' lang='lat' dir='ltr'><strong>et</strong></span> <span class='ocrx_word' id='word_1_440' title='bbox 1569 4207 1705 4262; x_wconf 90' lang='lat' dir='ltr'><strong>alios</strong></span> <span class='ocrx_word' id='word_1_441' title='bbox 1731 4218 2045 4273; x_wconf 92' lang='lat' dir='ltr'><strong>occurrunt,</strong></span> 
     </span>
    </p>
   </div>
   <div class='ocr_carea' id='block_1_59' title="bbox 482 4294 2047 4374">
    <p class='ocr_par' dir='ltr' id='par_1_59' title="bbox 482 4294 2047 4374">
     <span class='ocr_line' id='line_1_59' title="bbox 482 4294 2047 4374; baseline -0.003 -16"><span class='ocrx_word' id='word_1_442' title='bbox 482 4304 639 4374; x_wconf 80' lang='lat' dir='ltr'><strong>juxta</strong></span> <span class='ocrx_word' id='word_1_443' title='bbox 667 4301 911 4356; x_wconf 89' lang='lat' dir='ltr'><strong>ordinem</strong></span> <span class='ocrx_word' id='word_1_444' title='bbox 952 4299 1214 4354; x_wconf 89' lang='lat' dir='ltr'><strong>librorum</strong></span> <span class='ocrx_word' id='word_1_445' title='bbox 1248 4294 1361 4354; x_wconf 83' lang='lat' dir='ltr'><strong>sive</strong></span> <span class='ocrx_word' id='word_1_446' title='bbox 1384 4313 1483 4368; x_wconf 91' lang='lat' dir='ltr'><strong>pro</strong></span> <span class='ocrx_word' id='word_1_447' title='bbox 1509 4309 1807 4368; x_wconf 90' lang='lat' dir='ltr'><strong>temporum</strong></span> <span class='ocrx_word' id='word_1_448' title='bbox 1841 4300 2047 4354; x_wconf 87' lang='lat' dir='ltr'><strong>ratione</strong></span> 
     </span>
    </p>
   </div>
   <div class='ocr_carea' id='block_1_60' title="bbox 487 4389 2044 4464">
    <p class='ocr_par' dir='ltr' id='par_1_60' title="bbox 487 4389 2044 4464">
     <span class='ocr_line' id='line_1_60' title="bbox 487 4389 2044 4464; baseline -0.003 -14"><span class='ocrx_word' id='word_1_449' title='bbox 487 4394 716 4464; x_wconf 76' lang='lat' dir='ltr'><strong>digesta.</strong></span> <span class='ocrx_word' id='word_1_450' title='bbox 755 4409 864 4447; x_wconf 90' lang='lat' dir='ltr'><strong>una</strong></span> <span class='ocrx_word' id='word_1_451' title='bbox 894 4407 1017 4448; x_wconf 92' lang='lat' dir='ltr'><strong>cum</strong></span> <span class='ocrx_word' id='word_1_452' title='bbox 1061 4391 1283 4462; x_wconf 83' lang='lat' dir='ltr'><strong>cpistola</strong></span> <span class='ocrx_word' id='word_1_453' title='bbox 1323 4390 1390 4444; x_wconf 88' lang='lat' dir='ltr'><strong>ad</strong></span> <span class='ocrx_word' id='word_1_454' title='bbox 1423 4389 1697 4461; x_wconf 84' lang='lat' dir='ltr'><strong>Origenem</strong></span> <span class='ocrx_word' id='word_1_455' title='bbox 1731 4391 1793 4445; x_wconf 81' lang='lat' dir='ltr'><strong>de</strong></span> <span class='ocrx_word' id='word_1_456' title='bbox 1821 4391 2044 4445; x_wconf 78' lang='lat' dir='ltr'><strong>historia</strong></span> 
     </span>
    </p>
   </div>
   <div class='ocr_carea' id='block_1_61' title="bbox 2168 1905 3739 1974">
    <p class='ocr_par' dir='ltr' id='par_1_61' title="bbox 2168 1905 3739 1974">
     <span class='ocr_line' id='line_1_61' title="bbox 2168 1905 3739 1974; baseline 0.01 -16"><span class='ocrx_word' id='word_1_457' title='bbox 2168 1920 2326 1974; x_wconf 91' lang='lat' dir='ltr'><strong>quem</strong></span> <span class='ocrx_word' id='word_1_458' title='bbox 2356 1905 2783 1970; x_wconf 88' lang='lat' dir='ltr'><strong>concitatiorem,</strong></span> <span class='ocrx_word' id='word_1_459' title='bbox 2811 1908 2905 1962; x_wconf 89' lang='lat' dir='ltr'><strong>sed</strong></span> <span class='ocrx_word' id='word_1_460' title='bbox 2941 1909 2992 1961; x_wconf 93' lang='lat' dir='ltr'><strong>in</strong></span> <span class='ocrx_word' id='word_1_461' title='bbox 3022 1925 3153 1964; x_wconf 89' lang='lat' dir='ltr'><strong>cura</strong></span> <span class='ocrx_word' id='word_1_462' title='bbox 3182 1912 3473 1968; x_wconf 80' lang='lat' dir='ltr'><strong>verborum</strong></span> <span class='ocrx_word' id='word_1_463' title='bbox 3505 1918 3739 1973; x_wconf 86' lang='lat' dir='ltr'><strong>eimium</strong></span> 
     </span>
    </p>
   </div>
   <div class='ocr_carea' id='block_1_62' title="bbox 2167 1997 3737 2068">
    <p class='ocr_par' dir='ltr' id='par_1_62' title="bbox 2167 1997 3737 2068">
     <span class='ocr_line' id='line_1_62' title="bbox 2167 1997 3737 2068; baseline 0.006 -17"><span class='ocrx_word' id='word_1_464' title='bbox 2167 2006 2220 2051; x_wconf 86' lang='lat' dir='ltr'><strong>et</strong></span> <span class='ocrx_word' id='word_1_465' title='bbox 2248 1997 2639 2066; x_wconf 89' lang='lat' dir='ltr'><strong>compositione</strong></span> <span class='ocrx_word' id='word_1_466' title='bbox 2669 2012 3059 2067; x_wconf 88' lang='lat' dir='ltr'><strong>nonnunquam</strong></span> <span class='ocrx_word' id='word_1_467' title='bbox 3098 1999 3424 2068; x_wconf 87' lang='lat' dir='ltr'><strong>longiorem,</strong></span> <span class='ocrx_word' id='word_1_468' title='bbox 3455 2019 3521 2058; x_wconf 88' lang='lat' dir='ltr'><strong>ac</strong></span> <span class='ocrx_word' id='word_1_469' title='bbox 3550 2013 3737 2063; x_wconf 57' lang='lat' dir='ltr'><strong>trans.</strong></span> 
     </span>
    </p>
   </div>
   <div class='ocr_carea' id='block_1_63' title="bbox 2165 2087 3740 2160">
    <p class='ocr_par' dir='ltr' id='par_1_63' title="bbox 2165 2087 3740 2160">
     <span class='ocr_line' id='line_1_63' title="bbox 2165 2087 3740 2160; baseline 0.008 -20"><span class='ocrx_word' id='word_1_470' title='bbox 2165 2087 2456 2144; x_wconf 80' lang='lat' dir='ltr'><strong>lationihus</strong></span> <span class='ocrx_word' id='word_1_471' title='bbox 2491 2104 2680 2158; x_wconf 88' lang='lat' dir='ltr'><strong>parum</strong></span> <span class='ocrx_word' id='word_1_472' title='bbox 2717 2088 2990 2143; x_wconf 90' lang='lat' dir='ltr'><strong>modicum</strong></span> <span class='ocrx_word' id='word_1_473' title='bbox 3023 2089 3210 2155; x_wconf 76' lang='lat' dir='ltr'><strong>fuisse,</strong></span> <span class='ocrx_word' id='word_1_474' title='bbox 3251 2093 3440 2148; x_wconf 84' lang='lat' dir='ltr'><strong>scribit</strong></span> <span class='ocrx_word' id='word_1_475' title='bbox 3475 2095 3740 2160; x_wconf 84' lang='lat' dir='ltr'><strong>Quineti-</strong></span> 
     </span>
    </p>
   </div>
   <div class='ocr_carea' id='block_1_64' title="bbox 2165 2177 3736 2254">
    <p class='ocr_par' dir='ltr' id='par_1_64' title="bbox 2165 2177 3736 2254">
     <span class='ocr_line' id='line_1_64' title="bbox 2165 2177 3736 2254; baseline 0.006 -24"><span class='ocrx_word' id='word_1_476' title='bbox 2165 2177 2340 2231; x_wconf 89' lang='lat' dir='ltr'><strong>lianus</strong></span> <span class='ocrx_word' id='word_1_477' title='bbox 2367 2193 2422 2241; x_wconf 68' lang='grc' dir='ltr'><strong>χ,</strong></span> <span class='ocrx_word' id='word_1_478' title='bbox 2453 2179 2603 2244; x_wconf 73' lang='lat'><strong>1;--—</strong></span> <span class='ocrx_word' id='word_1_479' title='bbox 2623 2179 2678 2232; x_wconf 89' lang='lat'><strong>2-.</strong></span> <span class='ocrx_word' id='word_1_480' title='bbox 2710 2179 2942 2232; x_wconf 89' lang='lat' dir='ltr'><strong>oratoris</strong></span> <span class='ocrx_word' id='word_1_481' title='bbox 2995 2195 3181 2249; x_wconf 86' lang='lat' dir='ltr'><strong>nepos,</strong></span> <span class='ocrx_word' id='word_1_482' title='bbox 3209 2179 3388 2235; x_wconf 83' lang='lat' dir='ltr'><strong>Julius</strong></span> <span class='ocrx_word' id='word_1_483' title='bbox 3421 2185 3736 2254; x_wconf 75' lang='lat' dir='ltr'><strong>Africanus,</strong></span> 
     </span>
    </p>
   </div>
   <div class='ocr_carea' id='block_1_65' title="bbox 2163 2268 3737 2340">
    <p class='ocr_par' dir='ltr' id='par_1_65' title="bbox 2163 2268 3737 2340">
     <span class='ocr_line' id='line_1_65' title="bbox 2163 2268 3737 2340; baseline 0.005 -16"><span class='ocrx_word' id='word_1_484' title='bbox 2163 2271 2229 2324; x_wconf 89' lang='lat' dir='ltr'><strong>de</strong></span> <span class='ocrx_word' id='word_1_485' title='bbox 2265 2284 2373 2338; x_wconf 89' lang='lat' dir='ltr'><strong>quo</strong></span> <span class='ocrx_word' id='word_1_486' title='bbox 2412 2268 2621 2324; x_wconf 89' lang='lat' dir='ltr'><strong>Plinius</strong></span> <span class='ocrx_word' id='word_1_487' title='bbox 2655 2286 2752 2333; x_wconf 82' lang='lat' dir='ltr'><strong>vn,</strong></span> <span class='ocrx_word' id='word_1_488' title='bbox 2776 2271 2841 2336; x_wconf 88' lang='lat'><strong>6,</strong></span> <span class='ocrx_word' id='word_1_489' title='bbox 2865 2270 3138 2340; x_wconf 86' lang='lat' dir='ltr'><strong>Epist.;—</strong></span> <span class='ocrx_word' id='word_1_490' title='bbox 3167 2271 3222 2325; x_wconf 83' lang='lat'><strong>5.</strong></span> <span class='ocrx_word' id='word_1_491' title='bbox 3253 2271 3446 2328; x_wconf 76' lang='lat' dir='ltr'><strong>Sextus</strong></span> <span class='ocrx_word' id='word_1_492' title='bbox 3482 2275 3737 2332; x_wconf 81' lang='lat' dir='ltr'><strong>Ccecilius</strong></span> 
     </span>
    </p>
   </div>
   <div class='ocr_carea' id='block_1_66' title="bbox 2165 2359 3734 2437">
    <p class='ocr_par' dir='ltr' id='par_1_66' title="bbox 2165 2359 3734 2437">
     <span class='ocr_line' id='line_1_66' title="bbox 2165 2359 3734 2437; baseline 0.011 -27"><span class='ocrx_word' id='word_1_493' title='bbox 2165 2359 2806 2430; x_wconf 76' lang='lat' dir='ltr'><strong>Africanus,juriscons.,</strong></span> <span class='ocrx_word' id='word_1_494' title='bbox 2827 2370 2879 2416; x_wconf 91' lang='lat' dir='ltr'><strong>et</strong></span> <span class='ocrx_word' id='word_1_495' title='bbox 2909 2363 3044 2417; x_wconf 84' lang='lat' dir='ltr'><strong>alter</strong></span> <span class='ocrx_word' id='word_1_496' title='bbox 3069 2364 3275 2432; x_wconf 88' lang='lat' dir='ltr'><strong>junior,</strong></span> <span class='ocrx_word' id='word_1_497' title='bbox 3301 2365 3582 2437; x_wconf 88' lang='lat' dir='ltr'><strong>Papiniani</strong></span> <span class='ocrx_word' id='word_1_498' title='bbox 3617 2372 3734 2427; x_wconf 90' lang='lat' dir='ltr'><strong>dis-</strong></span> 
     </span>
    </p>
   </div>
   <div class='ocr_carea' id='block_1_67' title="bbox 2164 2450 3732 2522">
    <p class='ocr_par' dir='ltr' id='par_1_67' title="bbox 2164 2450 3732 2522">
     <span class='ocr_line' id='line_1_67' title="bbox 2164 2450 3732 2522; baseline 0.009 -18"><span class='ocrx_word' id='word_1_499' title='bbox 2164 2450 2412 2518; x_wconf 86' lang='lat' dir='ltr'><strong>cipulus,</strong></span> <span class='ocrx_word' id='word_1_500' title='bbox 2448 2452 2515 2506; x_wconf 93' lang='lat' dir='ltr'><strong>de</strong></span> <span class='ocrx_word' id='word_1_501' title='bbox 2541 2451 2738 2522; x_wconf 89' lang='lat' dir='ltr'><strong>quibus</strong></span> <span class='ocrx_word' id='word_1_502' title='bbox 2767 2451 2877 2506; x_wconf 78' lang='lat' dir='ltr'><strong>dixi</strong></span> <span class='ocrx_word' id='word_1_503' title='bbox 2914 2453 2967 2506; x_wconf 90' lang='lat' dir='ltr'><strong>in</strong></span> <span class='ocrx_word' id='word_1_504' title='bbox 2992 2452 3323 2511; x_wconf 81' lang='lat' dir='ltr'><strong>Bibliotheca</strong></span> <span class='ocrx_word' id='word_1_505' title='bbox 3353 2457 3573 2515; x_wconf 86' lang='lat' dir='ltr'><strong>Latina.</strong></span> <span class='ocrx_word' id='word_1_506' title='bbox 3591 2461 3732 2518; x_wconf 85' lang='lat' dir='ltr'><strong>Illud</strong></span> 
     </span>
    </p>
   </div>
   <div class='ocr_carea' id='block_1_68' title="bbox 2161 2541 3731 2617">
    <p class='ocr_par' dir='ltr' id='par_1_68' title="bbox 2161 2541 3731 2617">
     <span class='ocr_line' id='line_1_68' title="bbox 2161 2541 3731 2617; baseline 0.01 -25"><span class='ocrx_word' id='word_1_507' title='bbox 2161 2553 2288 2594; x_wconf 87' lang='lat' dir='ltr'><strong>vero</strong></span> <span class='ocrx_word' id='word_1_508' title='bbox 2316 2541 2572 2610; x_wconf 88' lang='lat' dir='ltr'><strong>lepidum,</strong></span> <span class='ocrx_word' id='word_1_509' title='bbox 2605 2542 2750 2612; x_wconf 89' lang='lat' dir='ltr'><strong>quod</strong></span> <span class='ocrx_word' id='word_1_510' title='bbox 2778 2543 3094 2599; x_wconf 80' lang='lat' dir='ltr'><strong>Africanum</strong></span> <span class='ocrx_word' id='word_1_511' title='bbox 3129 2556 3367 2616; x_wconf 84' lang='lat' dir='ltr'><strong>poetam,</strong></span> <span class='ocrx_word' id='word_1_512' title='bbox 3402 2565 3628 2617; x_wconf 66' lang='lat' dir='ltr'><strong>caseum,</strong></span> <span class='ocrx_word' id='word_1_513' title='bbox 3655 2554 3731 2608; x_wconf 85' lang='lat' dir='ltr'><strong>ab</strong></span> 
     </span>
    </p>
   </div>
   <div class='ocr_carea' id='block_1_69' title="bbox 2159 2629 3727 2706">
    <p class='ocr_par' dir='ltr' id='par_1_69' title="bbox 2159 2629 3727 2706">
     <span class='ocr_line' id='line_1_69' title="bbox 2159 2629 3727 2706; baseline 0.013 -24"><span class='ocrx_word' id='word_1_514' title='bbox 2159 2629 2332 2685; x_wconf 88' lang='lat' dir='ltr'><strong>Ennio</strong></span> <span class='ocrx_word' id='word_1_515' title='bbox 2357 2633 2652 2699; x_wconf 85' lang='lat' dir='ltr'><strong>laudatum,</strong></span> <span class='ocrx_word' id='word_1_516' title='bbox 2672 2635 3340 2706; x_wconf 81' lang='lat' dir='ltr'><strong>exsculpitHendrcichius</strong></span> <span class='ocrx_word' id='word_1_517' title='bbox 3367 2657 3434 2697; x_wconf 85' lang='lat' dir='ltr'><strong>ex</strong></span> <span class='ocrx_word' id='word_1_518' title='bbox 3458 2642 3727 2701; x_wconf 88' lang='lat' dir='ltr'><strong>Lactantii</strong></span> 
     </span>
    </p>
   </div>
   <div class='ocr_carea' id='block_1_70' title="bbox 2157 2724 3728 2800">
    <p class='ocr_par' dir='ltr' id='par_1_70' title="bbox 2157 2724 3728 2800">
     <span class='ocr_line' id='line_1_70' title="bbox 2157 2724 3728 2800; baseline 0.011 -22"><span class='ocrx_word' id='word_1_519' title='bbox 2157 2724 2250 2779; x_wconf 83' lang='lat' dir='ltr'><strong>lib.</strong></span> <span class='ocrx_word' id='word_1_520' title='bbox 2285 2725 2581 2783; x_wconf 82' lang='lat' dir='ltr'><strong>tlnstitutt.</strong></span> <span class='ocrx_word' id='word_1_521' title='bbox 2610 2729 2856 2796; x_wconf 62' lang='lat' dir='ltr'><strong>divinam,</strong></span> <span class='ocrx_word' id='word_1_522' title='bbox 2893 2746 3012 2799; x_wconf 91' lang='lat' dir='ltr'><strong>cap.</strong></span> <span class='ocrx_word' id='word_1_523' title='bbox 3037 2731 3124 2800; x_wconf 94' lang='lat'><strong>18,</strong></span> <span class='ocrx_word' id='word_1_524' title='bbox 3153 2750 3277 2789; x_wconf 89' lang='lat' dir='ltr'><strong>eum</strong></span> <span class='ocrx_word' id='word_1_525' title='bbox 3307 2736 3380 2790; x_wconf 86' lang='lat' dir='ltr'><strong>ibi</strong></span> <span class='ocrx_word' id='word_1_526' title='bbox 3406 2736 3728 2796; x_wconf 84' lang='lat' dir='ltr'><strong>Lactantius</strong></span> 
     </span>
    </p>
   </div>
   <div class='ocr_carea' id='block_1_71' title="bbox 2158 2818 3734 2894">
    <p class='ocr_par' dir='ltr' id='par_1_71' title="bbox 2158 2818 3734 2894">
     <span class='ocr_line' id='line_1_71' title="bbox 2158 2818 3734 2894; baseline 0.011 -22"><span class='ocrx_word' id='word_1_527' title='bbox 2158 2818 2348 2874; x_wconf 81' lang='lat' dir='ltr'><strong>aﬂ&#39;erat</strong></span> <span class='ocrx_word' id='word_1_528' title='bbox 2378 2836 2568 2876; x_wconf 86' lang='lat' dir='ltr'><strong>versus</strong></span> <span class='ocrx_word' id='word_1_529' title='bbox 2593 2820 2773 2887; x_wconf 88' lang='lat' dir='ltr'><strong>Ennii,</strong></span> <span class='ocrx_word' id='word_1_530' title='bbox 2806 2823 3004 2891; x_wconf 88' lang='lat' dir='ltr'><strong>quibus</strong></span> <span class='ocrx_word' id='word_1_531' title='bbox 3037 2825 3269 2894; x_wconf 86' lang='lat' dir='ltr'><strong>loquens</strong></span> <span class='ocrx_word' id='word_1_532' title='bbox 3302 2828 3579 2887; x_wconf 89' lang='lat' dir='ltr'><strong>inducitur</strong></span> <span class='ocrx_word' id='word_1_533' title='bbox 3604 2831 3734 2890; x_wconf 81' lang='lat' dir='ltr'><strong>Sci-</strong></span> 
     </span>
    </p>
   </div>
   <div class='ocr_carea' id='block_1_72' title="bbox 2156 2911 3725 2991">
    <p class='ocr_par' dir='ltr' id='par_1_72' title="bbox 2156 2911 3725 2991">
     <span class='ocr_line' id='line_1_72' title="bbox 2156 2911 3725 2991; baseline 0.011 -26"><span class='ocrx_word' id='word_1_534' title='bbox 2156 2912 2244 2981; x_wconf 88' lang='lat' dir='ltr'><strong>pio</strong></span> <span class='ocrx_word' id='word_1_535' title='bbox 2274 2911 2597 2980; x_wconf 79' lang='lat' dir='ltr'><strong>Africanus,</strong></span> <span class='ocrx_word' id='word_1_536' title='bbox 2638 2915 2960 2986; x_wconf 85' lang='lat' dir='ltr'><strong>ja-ctansque</strong></span> <span class='ocrx_word' id='word_1_537' title='bbox 3003 2917 3184 2974; x_wconf 89' lang='lat' dir='ltr'><strong>clades</strong></span> <span class='ocrx_word' id='word_1_538' title='bbox 3235 2923 3426 2991; x_wconf 80' lang='lat' dir='ltr'><strong>generi</strong></span> <span class='ocrx_word' id='word_1_539' title='bbox 3476 2923 3725 2982; x_wconf 81' lang='lat' dir='ltr'><strong>humano</strong></span> 
     </span>
    </p>
   </div>
   <div class='ocr_carea' id='block_1_73' title="bbox 2156 3004 2934 3071">
    <p class='ocr_par' dir='ltr' id='par_1_73' title="bbox 2156 3004 2934 3071">
     <span class='ocr_line' id='line_1_73' title="bbox 2156 3004 2934 3071; baseline 0 -13"><span class='ocrx_word' id='word_1_540' title='bbox 2156 3017 2188 3057; x_wconf 86' lang='lat' dir='ltr'><strong>a</strong></span> <span class='ocrx_word' id='word_1_541' title='bbox 2218 3018 2275 3058; x_wconf 90' lang='lat' dir='ltr'><strong>se</strong></span> <span class='ocrx_word' id='word_1_542' title='bbox 2306 3004 2516 3071; x_wconf 80' lang='lat' dir='ltr'><strong>illatas,</strong></span> <span class='ocrx_word' id='word_1_543' title='bbox 2550 3006 2698 3060; x_wconf 87' lang='lat' dir='ltr'><strong>hisce</strong></span> <span class='ocrx_word' id='word_1_544' title='bbox 2723 3005 2934 3061; x_wconf 89' lang='lat' dir='ltr'><strong>verbis:</strong></span> 
     </span>
    </p>
   </div>
   <div class='ocr_carea' id='block_1_74' title="bbox 2225 3117 3643 3196">
    <p class='ocr_par' dir='ltr' id='par_1_74' title="bbox 2225 3117 3643 3196">
     <span class='ocr_line' id='line_1_74' title="bbox 2225 3117 3643 3196; baseline 0.008 -23"><span class='ocrx_word' id='word_1_545' title='bbox 2225 3117 2289 3173; x_wconf 86' lang='lat' dir='ltr'><strong>Si</strong></span> <span class='ocrx_word' id='word_1_546' title='bbox 2317 3117 2400 3188; x_wconf 79' lang='lat' dir='ltr'><strong>fas</strong></span> <span class='ocrx_word' id='word_1_547' title='bbox 2419 3119 2677 3196; x_wconf 57' lang='lat' dir='ltr'><strong>credendo</strong></span> <span class='ocrx_word' id='word_1_548' title='bbox 2711 3121 3220 3196; x_wconf 52' lang='lat' dir='ltr'><strong>cqlestiascandere</strong></span> <span class='ocrx_word' id='word_1_549' title='bbox 3249 3125 3496 3196; x_wconf 77' lang='lat' dir='ltr'><strong>cuiquam</strong></span> <span class='ocrx_word' id='word_1_550' title='bbox 3527 3144 3606 3186; x_wconf 82' lang='lat' dir='ltr'><strong>est</strong></span> <span class='ocrx_word' id='word_1_551' title='bbox 3625 3171 3643 3196; x_wconf 93' lang='lat'><strong>,</strong></span> 
     </span>
    </p>
   </div>
   <div class='ocr_carea' id='block_1_75' title="bbox 2410 3188 3439 3264">
    <p class='ocr_par' dir='ltr' id='par_1_75' title="bbox 2410 3188 3439 3264">
     <span class='ocr_line' id='line_1_75' title="bbox 2410 3188 3439 3264; baseline 0.009 -22"><span class='ocrx_word' id='word_1_552' title='bbox 2410 3188 2487 3242; x_wconf 81' lang='lat' dir='ltr'><strong>Mi</strong></span> <span class='ocrx_word' id='word_1_553' title='bbox 2525 3190 2626 3244; x_wconf 88' lang='lat' dir='ltr'><strong>soli</strong></span> <span class='ocrx_word' id='word_1_554' title='bbox 2665 3193 2778 3245; x_wconf 73' lang='lat' dir='ltr'><strong>cxli</strong></span> <span class='ocrx_word' id='word_1_555' title='bbox 2817 3193 3048 3246; x_wconf 65' lang='lat' dir='ltr'><strong>maxime</strong></span> <span class='ocrx_word' id='word_1_556' title='bbox 3084 3205 3237 3264; x_wconf 81' lang='lat' dir='ltr'><strong>porta</strong></span> <span class='ocrx_word' id='word_1_557' title='bbox 3273 3188 3439 3263; x_wconf 75' lang='lat' dir='ltr'><strong>patet.</strong></span> 
     </span>
    </p>
   </div>
   <div class='ocr_carea' id='block_1_76' title="bbox 2154 3300 3722 3382">
    <p class='ocr_par' dir='ltr' id='par_1_76' title="bbox 2154 3300 3722 3382">
     <span class='ocr_line' id='line_1_76' title="bbox 2154 3300 3722 3382; baseline 0.011 -28"><span class='ocrx_word' id='word_1_558' title='bbox 2154 3300 2362 3368; x_wconf 86' lang='lat' dir='ltr'><strong>Quibus</strong></span> <span class='ocrx_word' id='word_1_559' title='bbox 2392 3303 2586 3359; x_wconf 85' lang='lat' dir='ltr'><strong>deinde</strong></span> <span class='ocrx_word' id='word_1_560' title='bbox 2619 3303 2934 3361; x_wconf 88' lang='lat' dir='ltr'><strong>Lactantius</strong></span> <span class='ocrx_word' id='word_1_561' title='bbox 2977 3307 3257 3381; x_wconf 86' lang='lat' dir='ltr'><strong>subjungit</strong></span> <span class='ocrx_word' id='word_1_562' title='bbox 3285 3326 3298 3362; x_wconf 93' lang='lat'>:</span> <span class='ocrx_word' id='word_1_563' title='bbox 3335 3311 3622 3382; x_wconf 82' lang='lat' dir='ltr'><strong>O&#39;quantis</strong></span> <span class='ocrx_word' id='word_1_564' title='bbox 3659 3317 3722 3371; x_wconf 82' lang='lat' dir='ltr'><strong>in</strong></span> 
     </span>
    </p>
   </div>
   <div class='ocr_carea' id='block_1_77' title="bbox 2153 3392 3722 3477">
    <p class='ocr_par' dir='ltr' id='par_1_77' title="bbox 2153 3392 3722 3477">
     <span class='ocr_line' id='line_1_77' title="bbox 2153 3392 3722 3477; baseline 0.011 -29"><span class='ocrx_word' id='word_1_565' title='bbox 2153 3392 2410 3459; x_wconf 84' lang='lat' dir='ltr'><strong>tenebris,</strong></span> <span class='ocrx_word' id='word_1_566' title='bbox 2457 3397 2740 3465; x_wconf 74' lang='lat' dir='ltr'><strong>Africane,</strong></span> <span class='ocrx_word' id='word_1_567' title='bbox 2796 3411 3030 3452; x_wconf 87' lang='lat' dir='ltr'><strong>versatus</strong></span> <span class='ocrx_word' id='word_1_568' title='bbox 3081 3416 3155 3464; x_wconf 86' lang='lat' dir='ltr'><strong>es,</strong></span> <span class='ocrx_word' id='word_1_569' title='bbox 3208 3401 3286 3455; x_wconf 82' lang='lat' dir='ltr'><strong>vel</strong></span> <span class='ocrx_word' id='word_1_570' title='bbox 3338 3406 3509 3473; x_wconf 86' lang='lat' dir='ltr'><strong>potius</strong></span> <span class='ocrx_word' id='word_1_571' title='bbox 3558 3420 3722 3477; x_wconf 82' lang='lat' dir='ltr'><strong>poeta</strong></span> 
     </span>
    </p>
   </div>
   <div class='ocr_carea' id='block_1_78' title="bbox 2153 3485 3727 3566">
    <p class='ocr_par' dir='ltr' id='par_1_78' title="bbox 2153 3485 3727 3566">
     <span class='ocr_line' id='line_1_78' title="bbox 2153 3485 3727 3566; baseline 0.011 -28"><span class='ocrx_word' id='word_1_572' title='bbox 2153 3485 2412 3558; x_wconf 74' lang='lat' dir='ltr'><strong>(Ennii),</strong></span> <span class='ocrx_word' id='word_1_573' title='bbox 2459 3490 2548 3558; x_wconf 85' lang='lat' dir='ltr'><strong>qui</strong></span> <span class='ocrx_word' id='word_1_574' title='bbox 2586 3506 2677 3558; x_wconf 90' lang='lat' dir='ltr'><strong>per</strong></span> <span class='ocrx_word' id='word_1_575' title='bbox 2716 3491 2879 3544; x_wconf 72' lang='lat' dir='ltr'><strong>credes</strong></span> <span class='ocrx_word' id='word_1_576' title='bbox 2915 3500 2963 3544; x_wconf 88' lang='lat' dir='ltr'><strong>et</strong></span> <span class='ocrx_word' id='word_1_577' title='bbox 2998 3495 3303 3563; x_wconf 77' lang='lat' dir='ltr'><strong>sanguinem</strong></span> <span class='ocrx_word' id='word_1_578' title='bbox 3337 3509 3514 3566; x_wconf 83' lang='lat' dir='ltr'><strong>patere</strong></span> <span class='ocrx_word' id='word_1_579' title='bbox 3542 3501 3727 3554; x_wconf 83' lang='lat' dir='ltr'><strong>homi-</strong></span> 
     </span>
    </p>
   </div>
   <div class='ocr_carea' id='block_1_79' title="bbox 2151 3579 3723 3656">
    <p class='ocr_par' dir='ltr' id='par_1_79' title="bbox 2151 3579 3723 3656">
     <span class='ocr_line' id='line_1_79' title="bbox 2151 3579 3723 3656; baseline 0.01 -24"><span class='ocrx_word' id='word_1_580' title='bbox 2151 3579 2301 3633; x_wconf 89' lang='lat' dir='ltr'><strong>nibus</strong></span> <span class='ocrx_word' id='word_1_581' title='bbox 2332 3582 2638 3635; x_wconf 80' lang='lat' dir='ltr'><strong>adscensum</strong></span> <span class='ocrx_word' id='word_1_582' title='bbox 2669 3583 2725 3636; x_wconf 91' lang='lat' dir='ltr'><strong>in</strong></span> <span class='ocrx_word' id='word_1_583' title='bbox 2753 3583 2937 3637; x_wconf 75' lang='lat' dir='ltr'><strong>cmlum</strong></span> <span class='ocrx_word' id='word_1_584' title='bbox 2966 3595 3145 3656; x_wconf 80' lang='lat' dir='ltr'><strong>putas.</strong></span> <span class='ocrx_word' id='word_1_585' title='bbox 3196 3586 3474 3646; x_wconf 86' lang='lat' dir='ltr'><strong>Hactenus</strong></span> <span class='ocrx_word' id='word_1_586' title='bbox 3515 3591 3723 3648; x_wconf 58' lang='lat' dir='ltr'><strong>Fabria</strong></span> 
     </span>
    </p>
   </div>
   <div class='ocr_carea' id='block_1_80' title="bbox 2151 3669 2487 3726">
    <p class='ocr_par' dir='ltr' id='par_1_80' title="bbox 2151 3669 2487 3726">
     <span class='ocr_line' id='line_1_80' title="bbox 2151 3669 2487 3726; baseline 0 0"><span class='ocrx_word' id='word_1_587' title='bbox 2151 3669 2285 3726; x_wconf 91' lang='lat' dir='ltr'><strong>eius.</strong></span> <span class='ocrx_word' id='word_1_588' title='bbox 2317 3669 2487 3726; x_wconf 74' lang='lat' dir='ltr'><strong>&quot;ABL.</strong></span> 
     </span>
    </p>
   </div>
   <div class='ocr_carea' id='block_1_81' title="bbox 2219 3761 3721 3844">
    <p class='ocr_par' dir='ltr' id='par_1_81' title="bbox 2219 3761 3721 3844">
     <span class='ocr_line' id='line_1_81' title="bbox 2219 3761 3721 3844; baseline 0.011 -28"><span class='ocrx_word' id='word_1_589' title='bbox 2219 3761 2433 3817; x_wconf 90' lang='lat' dir='ltr'><strong>Claudit</strong></span> <span class='ocrx_word' id='word_1_590' title='bbox 2486 3764 2858 3821; x_wconf 90' lang='lat' dir='ltr'><strong>collectionem</strong></span> <span class='ocrx_word' id='word_1_591' title='bbox 2904 3766 3370 3828; x_wconf 87' lang='lat' dir='ltr'><strong>Thevenotianam</strong></span> <span class='ocrx_word' id='word_1_592' title='bbox 3419 3783 3721 3844; x_wconf 80' lang='lat' dir='ltr'><strong>tractatus,</strong></span> 
     </span>
    </p>
   </div>
   <div class='ocr_carea' id='block_1_82' title="bbox 2149 3854 3714 3935">
    <p class='ocr_par' dir='ltr' id='par_1_82' title="bbox 2149 3854 3714 3935">
     <span class='ocr_line' id='line_1_82' title="bbox 2149 3854 3714 3935; baseline 0.009 -25"><span class='ocrx_word' id='word_1_593' title='bbox 2149 3854 2470 3910; x_wconf 87' lang='lat' dir='ltr'><strong>Casaubono</strong></span> <span class='ocrx_word' id='word_1_594' title='bbox 2505 3857 2711 3926; x_wconf 86' lang='lat' dir='ltr'><strong>pridem</strong></span> <span class='ocrx_word' id='word_1_595' title='bbox 2745 3857 2812 3910; x_wconf 89' lang='lat' dir='ltr'><strong>ad</strong></span> <span class='ocrx_word' id='word_1_596' title='bbox 2843 3857 3124 3929; x_wconf 83' lang='lat' dir='ltr'><strong>Polybium</strong></span> <span class='ocrx_word' id='word_1_597' title='bbox 3161 3873 3214 3916; x_wconf 89' lang='lat' dir='ltr'><strong>et</strong></span> <span class='ocrx_word' id='word_1_598' title='bbox 3239 3863 3467 3920; x_wconf 61' lang='lat' dir='ltr'><strong>Encam</strong></span> <span class='ocrx_word' id='word_1_599' title='bbox 3501 3867 3714 3935; x_wconf 79' lang='lat' dir='ltr'><strong>lectus,</strong></span> 
     </span>
    </p>
   </div>
   <div class='ocr_carea' id='block_1_83' title="bbox 2149 3947 3722 4020">
    <p class='ocr_par' dir='ltr' id='par_1_83' title="bbox 2149 3947 3722 4020">
     <span class='ocr_line' id='line_1_83' title="bbox 2149 3947 3722 4020; baseline 0.01 -19"><span class='ocrx_word' id='word_1_600' title='bbox 2149 3956 2308 4018; x_wconf 88' lang='lat' dir='ltr'><strong>atque</strong></span> <span class='ocrx_word' id='word_1_601' title='bbox 2360 3949 2411 4002; x_wconf 92' lang='lat' dir='ltr'><strong>in</strong></span> <span class='ocrx_word' id='word_1_602' title='bbox 2457 3947 2750 4003; x_wconf 85' lang='lat' dir='ltr'><strong>Barberina</strong></span> <span class='ocrx_word' id='word_1_603' title='bbox 2799 3950 3026 4020; x_wconf 86' lang='lat' dir='ltr'><strong>aliisque</strong></span> <span class='ocrx_word' id='word_1_604' title='bbox 3114 3953 3455 4012; x_wconf 85' lang='lat' dir='ltr'><strong>bibliothecis</strong></span> <span class='ocrx_word' id='word_1_605' title='bbox 3520 3961 3722 4017; x_wconf 73' lang='lat' dir='ltr'><strong>obvius</strong></span> 
     </span>
    </p>
   </div>
   <div class='ocr_carea' id='block_1_84' title="bbox 2149 4040 3722 4120">
    <p class='ocr_par' dir='ltr' id='par_1_84' title="bbox 2149 4040 3722 4120">
     <span class='ocr_line' id='line_1_84' title="bbox 2149 4040 3722 4120; baseline 0.009 -26"><span class='ocrx_word' id='word_1_606' title='bbox 2149 4041 2280 4113; x_wconf 86' lang='lat' dir='ltr'><strong>[vid.</strong></span> <span class='ocrx_word' id='word_1_607' title='bbox 2313 4042 2555 4095; x_wconf 90' lang='lat' dir='ltr'><strong>notitiam</strong></span> <span class='ocrx_word' id='word_1_608' title='bbox 2578 4040 2822 4095; x_wconf 91' lang='lat' dir='ltr'><strong>codicum</strong></span> <span class='ocrx_word' id='word_1_609' title='bbox 2855 4057 3018 4111; x_wconf 90' lang='lat' dir='ltr'><strong>supra</strong></span> <span class='ocrx_word' id='word_1_610' title='bbox 3048 4044 3278 4120; x_wconf 89' lang='lat' dir='ltr'><strong>datam],</strong></span> <span class='ocrx_word' id='word_1_611' title='bbox 3310 4058 3472 4119; x_wconf 89' lang='lat' dir='ltr'><strong>atque</strong></span> <span class='ocrx_word' id='word_1_612' title='bbox 3503 4067 3532 4104; x_wconf 89' lang='lat' dir='ltr'><strong>a</strong></span> <span class='ocrx_word' id='word_1_613' title='bbox 3557 4050 3722 4108; x_wconf 82' lang='lat' dir='ltr'><strong>Pari-</strong></span> 
     </span>
    </p>
   </div>
   <div class='ocr_carea' id='block_1_85' title="bbox 2148 4131 3722 4198">
    <p class='ocr_par' dir='ltr' id='par_1_85' title="bbox 2148 4131 3722 4198">
     <span class='ocr_line' id='line_1_85' title="bbox 2148 4131 3722 4198; baseline 0.008 -12"><span class='ocrx_word' id='word_1_614' title='bbox 2148 4133 2417 4187; x_wconf 86' lang='lat' dir='ltr'><strong>siensibus</strong></span> <span class='ocrx_word' id='word_1_615' title='bbox 2449 4133 2629 4186; x_wconf 87' lang='lat' dir='ltr'><strong>itidem</strong></span> <span class='ocrx_word' id='word_1_616' title='bbox 2656 4131 2839 4186; x_wconf 76' lang='lat' dir='ltr'><strong>Grzece</strong></span> <span class='ocrx_word' id='word_1_617' title='bbox 2869 4142 3079 4189; x_wconf 82' lang='lat' dir='ltr'><strong>tantum</strong></span> <span class='ocrx_word' id='word_1_618' title='bbox 3113 4136 3291 4192; x_wconf 90' lang='lat' dir='ltr'><strong>editus</strong></span> <span class='ocrx_word' id='word_1_619' title='bbox 3323 4139 3388 4194; x_wconf 90' lang='lat' dir='ltr'><strong>de</strong></span> <span class='ocrx_word' id='word_1_620' title='bbox 3422 4141 3722 4198; x_wconf 88' lang='lat' dir='ltr'><strong>obsidione</strong></span> 
     </span>
    </p>
   </div>
   <div class='ocr_carea' id='block_1_86' title="bbox 2147 4223 3720 4302">
    <p class='ocr_par' dir='ltr' id='par_1_86' title="bbox 2147 4223 3720 4302">
     <span class='ocr_line' id='line_1_86' title="bbox 2147 4223 3720 4302; baseline 0.009 -25"><span class='ocrx_word' id='word_1_621' title='bbox 2147 4224 2422 4278; x_wconf 84' lang='lat' dir='ltr'><strong>toleranda</strong></span> <span class='ocrx_word' id='word_1_622' title='bbox 2469 4231 2524 4276; x_wconf 88' lang='lat' dir='ltr'><strong>et</strong></span> <span class='ocrx_word' id='word_1_623' title='bbox 2568 4223 2892 4291; x_wconf 85' lang='lat' dir='ltr'><strong>repellenda,</strong></span> <span class='ocrx_word' id='word_1_624' title='bbox 2945 4227 3127 4282; x_wconf 87' lang='lat' dir='ltr'><strong>nescio</strong></span> <span class='ocrx_word' id='word_1_625' title='bbox 3177 4230 3334 4298; x_wconf 90' lang='lat' dir='ltr'><strong>cujus</strong></span> <span class='ocrx_word' id='word_1_626' title='bbox 3386 4233 3720 4302; x_wconf 84' lang='lat' dir='ltr'><strong>scriptoris,</strong></span> 
     </span>
    </p>
   </div>
   <div class='ocr_carea' id='block_1_87' title="bbox 2147 4314 3724 4400">
    <p class='ocr_par' dir='ltr' id='par_1_87' title="bbox 2147 4314 3724 4400">
     <span class='ocr_line' id='line_1_87' title="bbox 2147 4314 3724 4400; baseline 0.006 -30"><span class='ocrx_word' id='word_1_627' title='bbox 2147 4317 2262 4377; x_wconf 87' lang='lat' dir='ltr'><strong>sed,</strong></span> <span class='ocrx_word' id='word_1_628' title='bbox 2307 4325 2364 4369; x_wconf 92' lang='lat' dir='ltr'><strong>ut</strong></span> <span class='ocrx_word' id='word_1_629' title='bbox 2391 4314 2624 4382; x_wconf 81' lang='lat' dir='ltr'><strong>videtur,</strong></span> <span class='ocrx_word' id='word_1_630' title='bbox 2657 4315 2981 4382; x_wconf 89' lang='lat' dir='ltr'><strong>Christiani,</strong></span> <span class='ocrx_word' id='word_1_631' title='bbox 3017 4319 3118 4373; x_wconf 90' lang='lat' dir='ltr'><strong>sub</strong></span> <span class='ocrx_word' id='word_1_632' title='bbox 3152 4321 3306 4376; x_wconf 90' lang='lat' dir='ltr'><strong>titulo</strong></span> <span class='ocrx_word' id='word_1_633' title='bbox 3335 4339 3350 4375; x_wconf 89' lang='lat'><strong>:</strong></span> <span class='ocrx_word' id='word_1_634' title='bbox 3383 4325 3568 4390; x_wconf 84' lang='grc' dir='ltr'><strong>Ὀπως</strong></span> <span class='ocrx_word' id='word_1_635' title='bbox 3600 4327 3724 4400; x_wconf 73' lang='grc' dir='ltr'><strong>χρὴ</strong></span> 
     </span>
    </p>
   </div>
   <div class='ocr_carea' id='block_1_88' title="bbox 2144 4404 3726 4492">
    <p class='ocr_par' dir='ltr' id='par_1_88' title="bbox 2144 4404 3726 4492">
     <span class='ocr_line' id='line_1_88' title="bbox 2144 4404 3726 4492; baseline 0.009 -35"><span class='ocrx_word' id='word_1_636' title='bbox 2144 4404 2234 4458; x_wconf 79' lang='grc' dir='ltr'><strong>τὸν</strong></span> <span class='ocrx_word' id='word_1_637' title='bbox 2259 4405 2358 4475; x_wconf 76' lang='grc' dir='ltr'><strong>τῆς</strong></span> <span class='ocrx_word' id='word_1_638' title='bbox 2387 4406 2842 4476; x_wconf 79' lang='grc' dir='ltr'><strong>πολιορκουμένης</strong></span> <span class='ocrx_word' id='word_1_639' title='bbox 2877 4409 3081 4474; x_wconf 81' lang='grc' dir='ltr'><strong>πόλεως</strong></span> <span class='ocrx_word' id='word_1_640' title='bbox 3119 4415 3417 4485; x_wconf 83' lang='grc' dir='ltr'><strong>στρατηγὸν</strong></span> <span class='ocrx_word' id='word_1_641' title='bbox 3444 4416 3581 4487; x_wconf 82' lang='grc' dir='ltr'>πρὸς</span> <span class='ocrx_word' id='word_1_642' title='bbox 3614 4420 3726 4492; x_wconf 73' lang='grc' dir='ltr'><strong>τὴν</strong></span> 
     </span>
    </p>
   </div>
   <div class='ocr_carea' id='block_1_89' title="bbox 491 4483 2057 4580">
    <p class='ocr_par' dir='ltr' id='par_1_89' title="bbox 491 4483 2044 4556">
     <span class='ocr_line' id='line_1_89' title="bbox 491 4483 2044 4556; baseline -0.003 -15"><span class='ocrx_word' id='word_1_643' title='bbox 491 4485 1144 4556; x_wconf 79' lang='lat' dir='ltr'><strong>Susannw,&#39;0rigenisque</strong></span> <span class='ocrx_word' id='word_1_644' title='bbox 1169 4483 1537 4554; x_wconf 79' lang='lat' dir='ltr'><strong>reSponsione,</strong></span> <span class='ocrx_word' id='word_1_645' title='bbox 1557 4483 1792 4553; x_wconf 90' lang='lat' dir='ltr'><strong>itemque</strong></span> <span class='ocrx_word' id='word_1_646' title='bbox 1807 4484 2044 4554; x_wconf 72' lang='lat' dir='ltr'><strong>epistola:</strong></span> 
     </span>
    </p>
   </div>
   <div class='ocr_carea' id='block_1_90' title="bbox 2163 4483 3724 4580">
    <p class='ocr_par' dir='ltr' id='par_1_90' title="bbox 2163 4483 3724 4580">
     <span class='ocr_line' id='line_1_90' title="bbox 2163 4483 3724 4580; baseline 0.008 -30"><span class='ocrx_word' id='word_1_647' title='bbox 2163 4497 2456 4568; x_wconf 69' lang='grc' dir='ltr'>πολιορκίαν</span> <span class='ocrx_word' id='word_1_648' title='bbox 2501 4498 2911 4552; x_wconf 83' lang='grc' dir='ltr'><strong>ἀντιτάσσεσθαι</strong></span> <span class='ocrx_word' id='word_1_649' title='bbox 2961 4502 3200 4571; x_wconf 66' lang='grc' dir='ltr'>(16),κα“ι</span> <span class='ocrx_word' id='word_1_650' title='bbox 3251 4483 3382 4569; x_wconf 78' lang='grc' dir='ltr'>οἵοις</span> <span class='ocrx_word' id='word_1_651' title='bbox 3423 4483 3724 4580; x_wconf 74' lang='grc' dir='ltr'><strong>ἐπιτηδεᾶ-</strong></span> 
     </span>
    </p>
   </div>
   <div class='ocr_carea' id='block_1_91' title="bbox 487 4575 2044 4650">
    <p class='ocr_par' dir='ltr' id='par_1_91' title="bbox 487 4575 2044 4650">
     <span class='ocr_line' id='line_1_91' title="bbox 487 4575 2044 4650; baseline -0.004 -16"><span class='ocrx_word' id='word_1_652' title='bbox 487 4579 554 4634; x_wconf 88' lang='lat' dir='ltr'><strong>ad</strong></span> <span class='ocrx_word' id='word_1_653' title='bbox 574 4578 864 4633; x_wconf 78' lang='lat' dir='ltr'><strong>Aristidem</strong></span> <span class='ocrx_word' id='word_1_654' title='bbox 889 4576 1133 4650; x_wconf 56' lang='lat' dir='ltr'><strong>piis-etab</strong></span> <span class='ocrx_word' id='word_1_655' title='bbox 1152 4575 1381 4630; x_wconf 89' lang='lat' dir='ltr'><strong>Eusebio</strong></span> <span class='ocrx_word' id='word_1_656' title='bbox 1399 4584 1630 4638; x_wconf 86' lang='lat' dir='ltr'><strong>servata,</strong></span> <span class='ocrx_word' id='word_1_657' title='bbox 1655 4575 1825 4630; x_wconf 89' lang='lat' dir='ltr'><strong>eidem</strong></span> <span class='ocrx_word' id='word_1_658' title='bbox 1843 4575 2044 4628; x_wconf 85' lang='lat' dir='ltr'><strong>Biblio-</strong></span> 
     </span>
    </p>
   </div>
   <div class='ocr_carea' id='block_1_92' title="bbox 488 4667 2043 4740">
    <p class='ocr_par' dir='ltr' id='par_1_92' title="bbox 488 4667 2043 4740">
     <span class='ocr_line' id='line_1_92' title="bbox 488 4667 2043 4740; baseline -0.001 -18"><span class='ocrx_word' id='word_1_659' title='bbox 488 4671 647 4725; x_wconf 80' lang='lat' dir='ltr'><strong>theca:</strong></span> <span class='ocrx_word' id='word_1_660' title='bbox 675 4686 786 4726; x_wconf 66' lang='lat' dir='ltr'><strong>sum.</strong></span> <span class='ocrx_word' id='word_1_661' title='bbox 812 4680 959 4725; x_wconf 90' lang='lat' dir='ltr'><strong>tomo</strong></span> <span class='ocrx_word' id='word_1_662' title='bbox 1001 4669 1124 4723; x_wconf 89' lang='lat' dir='ltr'><strong>inde</strong></span> <span class='ocrx_word' id='word_1_663' title='bbox 1165 4685 1197 4723; x_wconf 91' lang='lat' dir='ltr'><strong>a</strong></span> <span class='ocrx_word' id='word_1_664' title='bbox 1225 4684 1344 4740; x_wconf 90' lang='lat' dir='ltr'><strong>pag.</strong></span> <span class='ocrx_word' id='word_1_665' title='bbox 1373 4667 1608 4723; x_wconf 83' lang='grc'>559-576</span> <span class='ocrx_word' id='word_1_666' title='bbox 1644 4668 1889 4732; x_wconf 85' lang='lat' dir='ltr'><strong>inseruit,</strong></span> <span class='ocrx_word' id='word_1_667' title='bbox 1923 4667 2043 4722; x_wconf 78' lang='lat' dir='ltr'><strong>bis-</strong></span> 
     </span>
    </p>
   </div>
   <div class='ocr_carea' id='block_1_93' title="bbox 485 4759 2041 4832">
    <p class='ocr_par' dir='ltr' id='par_1_93' title="bbox 485 4759 2041 4832">
     <span class='ocr_line' id='line_1_93' title="bbox 485 4759 2041 4832; baseline -0.002 -17"><span class='ocrx_word' id='word_1_668' title='bbox 485 4776 592 4830; x_wconf 88' lang='lat' dir='ltr'><strong>que</strong></span> <span class='ocrx_word' id='word_1_669' title='bbox 629 4760 947 4832; x_wconf 83' lang='lat' dir='ltr'><strong>fragmentis</strong></span> <span class='ocrx_word' id='word_1_670' title='bbox 972 4759 1182 4828; x_wconf 79' lang='lat' dir='ltr'><strong>Proleg.</strong></span> <span class='ocrx_word' id='word_1_671' title='bbox 1226 4776 1279 4826; x_wconf 88' lang='lat' dir='ltr'><strong>p.</strong></span> <span class='ocrx_word' id='word_1_672' title='bbox 1304 4775 1390 4812; x_wconf 75' lang='lat' dir='ltr'><strong>xu</strong></span> <span class='ocrx_word' id='word_1_673' title='bbox 1434 4759 1576 4813; x_wconf 88' lang='lat' dir='ltr'><strong>aliud</strong></span> <span class='ocrx_word' id='word_1_674' title='bbox 1615 4759 1794 4814; x_wconf 90' lang='lat' dir='ltr'><strong>adhuc</strong></span> <span class='ocrx_word' id='word_1_675' title='bbox 1835 4759 2041 4813; x_wconf 90' lang='lat' dir='ltr'><strong>addidit</strong></span> 
     </span>
    </p>
   </div>
   <div class='ocr_carea' id='block_1_94' title="bbox 485 4848 2036 4922">
    <p class='ocr_par' dir='ltr' id='par_1_94' title="bbox 485 4848 2036 4922">
     <span class='ocr_line' id='line_1_94' title="bbox 485 4848 2036 4922; baseline 0.001 -17"><span class='ocrx_word' id='word_1_676' title='bbox 485 4866 550 4905; x_wconf 79' lang='lat' dir='ltr'><strong>ex</strong></span> <span class='ocrx_word' id='word_1_677' title='bbox 578 4850 772 4906; x_wconf 86' lang='lat' dir='ltr'><strong>Euseb.</strong></span> <span class='ocrx_word' id='word_1_678' title='bbox 803 4851 1050 4922; x_wconf 76' lang='lat' dir='ltr'><strong>Prop/iet.</strong></span> <span class='ocrx_word' id='word_1_679' title='bbox 1084 4851 1264 4921; x_wconf 85' lang='lat' dir='ltr'><strong>Eclog.</strong></span> <span class='ocrx_word' id='word_1_680' title='bbox 1307 4852 1370 4905; x_wconf 89' lang='lat' dir='ltr'><strong>de</strong></span> <span class='ocrx_word' id='word_1_681' title='bbox 1403 4848 1611 4905; x_wconf 80' lang='lat' dir='ltr'><strong>Christo</strong></span> <span class='ocrx_word' id='word_1_682' title='bbox 1643 4853 1819 4906; x_wconf 89' lang='lat' dir='ltr'><strong>adhuc</strong></span> <span class='ocrx_word' id='word_1_683' title='bbox 1851 4851 2036 4906; x_wconf 87' lang='lat' dir='ltr'><strong>incdit.</strong></span> 
     </span>
    </p>
   </div>
   <div class='ocr_carea' id='block_1_95' title="bbox 486 4939 2038 5012">
    <p class='ocr_par' dir='ltr' id='par_1_95' title="bbox 486 4939 2038 5012">
     <span class='ocr_line' id='line_1_95' title="bbox 486 4939 2038 5012; baseline 0 -18"><span class='ocrx_word' id='word_1_684' title='bbox 486 4941 579 4996; x_wconf 93' lang='lat' dir='ltr'><strong>lib.</strong></span> <span class='ocrx_word' id='word_1_685' title='bbox 618 4956 702 5005; x_wconf 92' lang='grc' dir='ltr'><strong>ιιι,</strong></span> <span class='ocrx_word' id='word_1_686' title='bbox 746 4956 866 5011; x_wconf 90' lang='lat' dir='ltr'><strong>cap.</strong></span> <span class='ocrx_word' id='word_1_687' title='bbox 906 4942 1029 5002; x_wconf 89' lang='lat' dir='ltr'><strong>nlt.,</strong></span> <span class='ocrx_word' id='word_1_688' title='bbox 1069 4942 1471 5012; x_wconf 90' lang='lat' dir='ltr'><strong>depromptum,</strong></span> <span class='ocrx_word' id='word_1_689' title='bbox 1505 4948 1559 4994; x_wconf 88' lang='lat' dir='ltr'><strong>et</strong></span> <span class='ocrx_word' id='word_1_690' title='bbox 1597 4957 1627 4994; x_wconf 89' lang='lat' dir='ltr'><strong>a</strong></span> <span class='ocrx_word' id='word_1_691' title='bbox 1656 4939 1948 4996; x_wconf 89' lang='lat' dir='ltr'><strong>Lambecio</strong></span> <span class='ocrx_word' id='word_1_692' title='bbox 1984 4942 2038 4994; x_wconf 93' lang='lat' dir='ltr'><strong>in</strong></span> 
     </span>
    </p>
   </div>
   <div class='ocr_carea' id='block_1_96' title="bbox 483 5030 2036 5102">
    <p class='ocr_par' dir='ltr' id='par_1_96' title="bbox 483 5030 2036 5102">
     <span class='ocr_line' id='line_1_96' title="bbox 483 5030 2036 5102; baseline 0.002 -17"><span class='ocrx_word' id='word_1_693' title='bbox 483 5030 775 5087; x_wconf 81' lang='lat' dir='ltr'><strong>Comment.</strong></span> <span class='ocrx_word' id='word_1_694' title='bbox 803 5032 866 5086; x_wconf 88' lang='lat' dir='ltr'><strong>de</strong></span> <span class='ocrx_word' id='word_1_695' title='bbox 889 5032 1016 5087; x_wconf 89' lang='lat' dir='ltr'><strong>bibl.</strong></span> <span class='ocrx_word' id='word_1_696' title='bbox 1047 5032 1358 5097; x_wconf 82' lang='lat' dir='ltr'><strong>Vindobon.,</strong></span> <span class='ocrx_word' id='word_1_697' title='bbox 1387 5033 1423 5086; x_wconf 91' lang='lat' dir='ltr'><strong>l.</strong></span> <span class='ocrx_word' id='word_1_698' title='bbox 1451 5049 1486 5097; x_wconf 87' lang='lat' dir='ltr'><strong>I,</strong></span> <span class='ocrx_word' id='word_1_699' title='bbox 1511 5031 2036 5102; x_wconf 67' lang='lat' dir='ltr'><strong>p.251ed.Kollar.,</strong></span> 
     </span>
    </p>
   </div>
   <div class='ocr_carea' id='block_1_97' title="bbox 484 5123 2037 5196">
    <p class='ocr_par' dir='ltr' id='par_1_97' title="bbox 484 5123 2037 5196">
     <span class='ocr_line' id='line_1_97' title="bbox 484 5123 2037 5196; baseline 0 -16"><span class='ocrx_word' id='word_1_700' title='bbox 484 5126 538 5180; x_wconf 93' lang='lat' dir='ltr'><strong>in</strong></span> <span class='ocrx_word' id='word_1_701' title='bbox 570 5124 746 5178; x_wconf 87' lang='lat' dir='ltr'><strong>lucem</strong></span> <span class='ocrx_word' id='word_1_702' title='bbox 770 5124 1002 5192; x_wconf 91' lang='lat' dir='ltr'><strong>primum</strong></span> <span class='ocrx_word' id='word_1_703' title='bbox 1028 5133 1381 5195; x_wconf 90' lang='lat' dir='ltr'><strong>protractum.</strong></span> <span class='ocrx_word' id='word_1_704' title='bbox 1419 5123 1551 5180; x_wconf 85' lang='lat' dir='ltr'><strong>Acta</strong></span> <span class='ocrx_word' id='word_1_705' title='bbox 1582 5133 1762 5179; x_wconf 89' lang='lat' dir='ltr'><strong>autem</strong></span> <span class='ocrx_word' id='word_1_706' title='bbox 1793 5128 2037 5196; x_wconf 83' lang='lat' dir='ltr'><strong>martyrii</strong></span> 
     </span>
    </p>
   </div>
   <div class='ocr_carea' id='block_1_98' title="bbox 482 5213 2035 5284">
    <p class='ocr_par' dir='ltr' id='par_1_98' title="bbox 482 5213 2035 5284">
     <span class='ocr_line' id='line_1_98' title="bbox 482 5213 2035 5284; baseline -0.001 -15"><span class='ocrx_word' id='word_1_707' title='bbox 482 5224 684 5270; x_wconf 76' lang='lat' dir='ltr'><strong>sancta:</strong></span> <span class='ocrx_word' id='word_1_708' title='bbox 727 5213 1104 5284; x_wconf 71' lang='lat' dir='ltr'><strong>Symphorosze</strong></span> <span class='ocrx_word' id='word_1_709' title='bbox 1148 5215 1364 5274; x_wconf 82' lang='lat' dir='ltr'><strong>exhibet</strong></span> <span class='ocrx_word' id='word_1_710' title='bbox 1412 5215 1652 5284; x_wconf 89' lang='lat' dir='ltr'><strong>ejusdem</strong></span> <span class='ocrx_word' id='word_1_711' title='bbox 1689 5215 2035 5281; x_wconf 87' lang='lat' dir='ltr'><strong>Bibliotheca,</strong></span> 
     </span>
    </p>
   </div>
   <div class='ocr_carea' id='block_1_99' title="bbox 483 5304 1165 5375">
    <p class='ocr_par' dir='ltr' id='par_1_99' title="bbox 483 5304 1165 5375">
     <span class='ocr_line' id='line_1_99' title="bbox 483 5304 1165 5375; baseline 0.001 -16"><span class='ocrx_word' id='word_1_712' title='bbox 483 5316 521 5359; x_wconf 82' lang='lat' dir='ltr'><strong>t.</strong></span> <span class='ocrx_word' id='word_1_713' title='bbox 552 5305 596 5370; x_wconf 85' lang='grc' dir='ltr'><strong>Ι,</strong></span> <span class='ocrx_word' id='word_1_714' title='bbox 632 5321 686 5373; x_wconf 91' lang='lat' dir='ltr'><strong>p.</strong></span> <span class='ocrx_word' id='word_1_715' title='bbox 709 5304 834 5358; x_wconf 69' lang='lat'><strong>3&#39;39.</strong></span> <span class='ocrx_word' id='word_1_716' title='bbox 879 5304 1165 5375; x_wconf 60' lang='lat' dir='ltr'><strong>flantessJ</strong></span> 
     </span>
    </p>
   </div>
   <div class='ocr_carea' id='block_1_100' title="bbox 550 5392 2037 5471">
    <p class='ocr_par' dir='ltr' id='par_1_100' title="bbox 550 5392 2037 5471">
     <span class='ocr_line' id='line_1_100' title="bbox 550 5392 2037 5471; baseline 0.003 -22"><span class='ocrx_word' id='word_1_717' title='bbox 550 5395 684 5462; x_wconf 72' lang='lat' dir='ltr'><strong>Qua:</strong></span> <span class='ocrx_word' id='word_1_718' title='bbox 719 5393 770 5450; x_wconf 91' lang='lat' dir='ltr'><strong>J.</strong></span> <span class='ocrx_word' id='word_1_719' title='bbox 800 5392 1130 5452; x_wconf 89' lang='lat' dir='ltr'><strong>Trithemius</strong></span> <span class='ocrx_word' id='word_1_720' title='bbox 1166 5398 1234 5451; x_wconf 89' lang='lat' dir='ltr'><strong>ab</strong></span> <span class='ocrx_word' id='word_1_721' title='bbox 1256 5396 1509 5452; x_wconf 81' lang='lat' dir='ltr'><strong>Africano</strong></span> <span class='ocrx_word' id='word_1_722' title='bbox 1546 5399 1742 5471; x_wconf 87' lang='lat' dir='ltr'><strong>scripta</strong></span> <span class='ocrx_word' id='word_1_723' title='bbox 1771 5399 1932 5456; x_wconf 89' lang='lat' dir='ltr'><strong>refert</strong></span> <span class='ocrx_word' id='word_1_724' title='bbox 1965 5399 2037 5453; x_wconf 87' lang='lat' dir='ltr'><strong>De</strong></span> 
     </span>
    </p>
   </div>
   <div class='ocr_carea' id='block_1_101' title="bbox 551 5587 2029 5659">
    <p class='ocr_par' dir='ltr' id='par_1_101' title="bbox 551 5587 2029 5659">
     <span class='ocr_line' id='line_1_101' title="bbox 551 5587 2029 5659; baseline 0.005 -18"><span class='ocrx_word' id='word_1_725' title='bbox 551 5587 664 5656; x_wconf 88' lang='grc'><strong>(15)</strong></span> <span class='ocrx_word' id='word_1_726' title='bbox 698 5587 833 5642; x_wconf 81' lang='lat' dir='ltr'><strong>Vide</strong></span> <span class='ocrx_word' id='word_1_727' title='bbox 865 5598 996 5644; x_wconf 89' lang='lat' dir='ltr'><strong>tom.</strong></span> <span class='ocrx_word' id='word_1_728' title='bbox 1039 5588 1143 5652; x_wconf 78' lang='lat' dir='ltr'><strong>XI,</strong></span> <span class='ocrx_word' id='word_1_729' title='bbox 1183 5591 1429 5659; x_wconf 82' lang='lat' dir='ltr'><strong>proxime</strong></span> <span class='ocrx_word' id='word_1_730' title='bbox 1485 5599 1817 5659; x_wconf 88' lang='lat' dir='ltr'><strong>sequentem.</strong></span> <span class='ocrx_word' id='word_1_731' title='bbox 1874 5591 2029 5649; x_wconf 83' lang='lat' dir='ltr'><strong>Eoir.</strong></span> 
     </span>
    </p>
   </div>
   <div class='ocr_carea' id='block_1_102' title="bbox 480 5657 2033 5809">
    <p class='ocr_par' dir='ltr' id='par_1_102' title="bbox 480 5657 2033 5809">
     <span class='ocr_line' id='line_1_102' title="bbox 480 5657 2033 5809; baseline 0.003 -28"><span class='ocrx_word' id='word_1_732' title='bbox 480 5657 662 5809; x_wconf 43' lang='grc' dir='ltr'><strong>ιῖλᾶιὲ)</strong></span> <span class='ocrx_word' id='word_1_733' title='bbox 697 5721 797 5809; x_wconf 58' lang='lat' dir='ltr'><strong>Est</strong></span> <span class='ocrx_word' id='word_1_734' title='bbox 821 5703 1631 5809; x_wconf 42' lang='lat' dir='ltr'><strong>vocabulum.militarehJacobi</strong></span> <span class='ocrx_word' id='word_1_735' title='bbox 1652 5746 1722 5793; x_wconf 85' lang='lat' dir='ltr'><strong>iv,</strong></span> <span class='ocrx_word' id='word_1_736' title='bbox 1751 5731 1805 5809; x_wconf 62' lang='lat'><strong>6.</strong></span> <span class='ocrx_word' id='word_1_737' title='bbox 1819 5730 2033 5809; x_wconf 72' lang='lat' dir='ltr'><strong>Plutar-</strong></span> 
     </span>
    </p>
   </div>
   <div class='ocr_carea' id='block_1_103' title="bbox 470 5797 2035 5874">
    <p class='ocr_par' dir='ltr' id='par_1_103' title="bbox 470 5797 2035 5874">
     <span class='ocr_line' id='line_1_103' title="bbox 470 5797 2035 5874; baseline 0.002 -19"><span class='ocrx_word' id='word_1_738' title='bbox 470 5797 612 5856; x_wconf 80' lang='lat' dir='ltr'><strong>chus</strong></span> <span class='ocrx_word' id='word_1_739' title='bbox 640 5797 694 5852; x_wconf 90' lang='lat' dir='ltr'><strong>in</strong></span> <span class='ocrx_word' id='word_1_740' title='bbox 722 5797 949 5868; x_wconf 78' lang='lat' dir='ltr'><strong>Pyrrho,</strong></span> <span class='ocrx_word' id='word_1_741' title='bbox 992 5812 1121 5856; x_wconf 85' lang='lat' dir='ltr'><strong>tum.</strong></span> <span class='ocrx_word' id='word_1_742' title='bbox 1159 5799 1202 5855; x_wconf 90' lang='lat' dir='ltr'><strong>ll</strong></span> <span class='ocrx_word' id='word_1_743' title='bbox 1241 5801 1369 5860; x_wconf 86' lang='lat' dir='ltr'><strong>edit.</strong></span> <span class='ocrx_word' id='word_1_744' title='bbox 1399 5797 1597 5869; x_wconf 59' lang='lat'><strong>03011.,</strong></span> <span class='ocrx_word' id='word_1_745' title='bbox 1629 5817 1752 5874; x_wconf 87' lang='lat' dir='ltr'><strong>pag.</strong></span> <span class='ocrx_word' id='word_1_746' title='bbox 1779 5803 1906 5870; x_wconf 71' lang='lat'><strong>166,</strong></span> <span class='ocrx_word' id='word_1_747' title='bbox 1939 5804 2035 5858; x_wconf 81' lang='grc' dir='ltr'><strong>ἀν-</strong></span> 
     </span>
    </p>
   </div>
   <div class='ocr_carea' id='block_1_104' title="bbox 2149 4589 3719 4674">
    <p class='ocr_par' dir='ltr' id='par_1_104' title="bbox 2149 4589 3719 4674">
     <span class='ocr_line' id='line_1_104' title="bbox 2149 4589 3719 4674; baseline 0.01 -32"><span class='ocrx_word' id='word_1_748' title='bbox 2149 4607 2279 4660; x_wconf 79' lang='grc' dir='ltr'>μασι</span> <span class='ocrx_word' id='word_1_749' title='bbox 2325 4589 2525 4659; x_wconf 80' lang='grc' dir='ltr'><strong>ταύτην</strong></span> <span class='ocrx_word' id='word_1_750' title='bbox 2573 4590 2990 4661; x_wconf 79' lang='grc' dir='ltr'><strong>ἀποκρούεσθαι,</strong></span> <span class='ocrx_word' id='word_1_751' title='bbox 3041 4610 3162 4665; x_wconf 86' lang='lat' dir='ltr'><strong>pag.</strong></span> <span class='ocrx_word' id='word_1_752' title='bbox 3192 4596 3450 4663; x_wconf 50' lang='grc'>5164550,</span> <span class='ocrx_word' id='word_1_753' title='bbox 3493 4610 3547 4655; x_wconf 87' lang='lat' dir='ltr'><strong>et</strong></span> <span class='ocrx_word' id='word_1_754' title='bbox 3580 4618 3719 4674; x_wconf 83' lang='lat' dir='ltr'><strong>pag.</strong></span> 
     </span>
    </p>
   </div>
   <div class='ocr_carea' id='block_1_105' title="bbox 2145 4682 2400 4738">
    <p class='ocr_par' dir='ltr' id='par_1_105' title="bbox 2145 4682 2400 4738">
     <span class='ocr_line' id='line_1_105' title="bbox 2145 4682 2400 4738; baseline -0.012 0"><span class='ocrx_word' id='word_1_755' title='bbox 2145 4684 2212 4738; x_wconf 85' lang='grc'><strong>56</strong></span> <span class='ocrx_word' id='word_1_756' title='bbox 2225 4687 2238 4737; x_wconf 94' lang='lat' dir='ltr'><strong>l</strong></span> <span class='ocrx_word' id='word_1_757' title='bbox 2251 4682 2400 4737; x_wconf 58' lang='grc'>4164.</span> 
     </span>
    </p>
   </div>
   <div class='ocr_carea' id='block_1_106' title="bbox 2213 4773 3781 4852">
    <p class='ocr_par' dir='ltr' id='par_1_106' title="bbox 2213 4773 3781 4852">
     <span class='ocr_line' id='line_1_106' title="bbox 2213 4773 3781 4852; baseline 0.005 -21"><span class='ocrx_word' id='word_1_758' title='bbox 2213 4775 2255 4831; x_wconf 85' lang='grc' dir='ltr'><strong>Ε</strong></span> <span class='ocrx_word' id='word_1_759' title='bbox 2280 4774 2534 4846; x_wconf 88' lang='lat' dir='ltr'><strong>Polybio,</strong></span> <span class='ocrx_word' id='word_1_760' title='bbox 2579 4775 2832 4839; x_wconf 76' lang='lat' dir='ltr'><strong>Arriano,</strong></span> <span class='ocrx_word' id='word_1_761' title='bbox 2865 4773 3112 4847; x_wconf 64' lang='lat' dir='ltr'><strong>Polymno</strong></span> <span class='ocrx_word' id='word_1_762' title='bbox 3153 4785 3208 4832; x_wconf 90' lang='lat' dir='ltr'><strong>et</strong></span> <span class='ocrx_word' id='word_1_763' title='bbox 3247 4777 3435 4833; x_wconf 80' lang='lat' dir='ltr'><strong>Flavio</strong></span> <span class='ocrx_word' id='word_1_764' title='bbox 3467 4777 3725 4852; x_wconf 85' lang='lat' dir='ltr'><strong>Josepho</strong></span> <span class='ocrx_word' id='word_1_765' title='bbox 3777 4803 3781 4806; x_wconf 89' lang='grc'><strong>·</strong></span> 
     </span>
    </p>
   </div>
   <div class='ocr_carea' id='block_1_107' title="bbox 2142 4867 3722 4939">
    <p class='ocr_par' dir='ltr' id='par_1_107' title="bbox 2142 4867 3722 4939">
     <span class='ocr_line' id='line_1_107' title="bbox 2142 4867 3722 4939; baseline 0.005 -17"><span class='ocrx_word' id='word_1_766' title='bbox 2142 4869 2396 4939; x_wconf 87' lang='lat' dir='ltr'><strong>pleraque</strong></span> <span class='ocrx_word' id='word_1_767' title='bbox 2423 4868 2491 4921; x_wconf 92' lang='lat' dir='ltr'><strong>ad</strong></span> <span class='ocrx_word' id='word_1_768' title='bbox 2517 4868 2740 4923; x_wconf 83' lang='lat' dir='ltr'><strong>verbum</strong></span> <span class='ocrx_word' id='word_1_769' title='bbox 2763 4867 3138 4938; x_wconf 90' lang='lat' dir='ltr'><strong>descripsisse,</strong></span> <span class='ocrx_word' id='word_1_770' title='bbox 3166 4868 3278 4938; x_wconf 91' lang='lat' dir='ltr'><strong>jam</strong></span> <span class='ocrx_word' id='word_1_771' title='bbox 3311 4871 3379 4924; x_wconf 90' lang='lat' dir='ltr'><strong>ab</strong></span> <span class='ocrx_word' id='word_1_772' title='bbox 3405 4871 3722 4932; x_wconf 76' lang='lat' dir='ltr'><strong>editoribus</strong></span> 
     </span>
    </p>
   </div>
   <div class='ocr_carea' id='block_1_108' title="bbox 2140 4946 3724 5033">
    <p class='ocr_par' dir='ltr' id='par_1_108' title="bbox 2140 4946 3724 5033">
     <span class='ocr_line' id='line_1_108' title="bbox 2140 4946 3724 5033; baseline 0.003 -17"><span class='ocrx_word' id='word_1_773' title='bbox 2140 4946 2589 5018; x_wconf 51' lang='lat' dir='ltr'><strong>adnotatum&#39;est.</strong></span> <span class='ocrx_word' id='word_1_774' title='bbox 2636 4960 2989 5016; x_wconf 81' lang='lat' dir='ltr'><strong>Archimedes</strong></span> <span class='ocrx_word' id='word_1_775' title='bbox 3021 4961 3328 5033; x_wconf 82' lang='grc' dir='ltr'><strong>εὐμήχανον</strong></span> <span class='ocrx_word' id='word_1_776' title='bbox 3361 4963 3554 5033; x_wconf 83' lang='grc' dir='ltr'>σοφίαν</span> <span class='ocrx_word' id='word_1_777' title='bbox 3588 4965 3724 5020; x_wconf 82' lang='lat' dir='ltr'><strong>lau-</strong></span> 
     </span>
    </p>
   </div>
   <div class='ocr_carea' id='block_1_109' title="bbox 2139 5052 3728 5126">
    <p class='ocr_par' dir='ltr' id='par_1_109' title="bbox 2139 5052 3728 5126">
     <span class='ocr_line' id='line_1_109' title="bbox 2139 5052 3728 5126; baseline 0.006 -20"><span class='ocrx_word' id='word_1_778' title='bbox 2139 5053 2265 5119; x_wconf 90' lang='lat' dir='ltr'><strong>dat,</strong></span> <span class='ocrx_word' id='word_1_779' title='bbox 2307 5069 2430 5123; x_wconf 86' lang='lat' dir='ltr'><strong>pag.</strong></span> <span class='ocrx_word' id='word_1_780' title='bbox 2457 5053 2580 5120; x_wconf 85' lang='grc'>519,</span> <span class='ocrx_word' id='word_1_781' title='bbox 2623 5052 2726 5106; x_wconf 67' lang='grc'><strong>526</strong></span> <span class='ocrx_word' id='word_1_782' title='bbox 2759 5068 2841 5122; x_wconf 92' lang='lat' dir='ltr'><strong>sq.</strong></span> <span class='ocrx_word' id='word_1_783' title='bbox 2895 5054 3014 5107; x_wconf 81' lang='lat' dir='ltr'><strong>Non</strong></span> <span class='ocrx_word' id='word_1_784' title='bbox 3057 5055 3214 5109; x_wconf 88' lang='lat' dir='ltr'><strong>valde</strong></span> <span class='ocrx_word' id='word_1_785' title='bbox 3254 5055 3539 5126; x_wconf 87' lang='lat' dir='ltr'><strong>antiquum</strong></span> <span class='ocrx_word' id='word_1_786' title='bbox 3586 5073 3728 5115; x_wconf 79' lang='lat' dir='ltr'><strong>esse</strong></span> 
     </span>
    </p>
   </div>
   <div class='ocr_carea' id='block_1_110' title="bbox 2138 5143 3727 5215">
    <p class='ocr_par' dir='ltr' id='par_1_110' title="bbox 2138 5143 3727 5215">
     <span class='ocr_line' id='line_1_110' title="bbox 2138 5143 3727 5215; baseline 0.003 -17"><span class='ocrx_word' id='word_1_787' title='bbox 2138 5155 2308 5214; x_wconf 86' lang='lat' dir='ltr'><strong>patet,</strong></span> <span class='ocrx_word' id='word_1_788' title='bbox 2348 5145 2492 5215; x_wconf 92' lang='lat' dir='ltr'><strong>quod</strong></span> <span class='ocrx_word' id='word_1_789' title='bbox 2543 5161 2664 5214; x_wconf 89' lang='lat' dir='ltr'><strong>pag.</strong></span> <span class='ocrx_word' id='word_1_790' title='bbox 2696 5145 2801 5199; x_wconf 79' lang='lat'><strong>523</strong></span> <span class='ocrx_word' id='word_1_791' title='bbox 2829 5143 3123 5214; x_wconf 88' lang='lat' dir='ltr'><strong>Josephum</strong></span> <span class='ocrx_word' id='word_1_792' title='bbox 3164 5155 3414 5202; x_wconf 90' lang='lat' dir='ltr'><strong>aceenset</strong></span> <span class='ocrx_word' id='word_1_793' title='bbox 3454 5149 3566 5211; x_wconf 88' lang='grc' dir='ltr'>τοῖς</span> <span class='ocrx_word' id='word_1_794' title='bbox 3600 5164 3727 5202; x_wconf 81' lang='grc' dir='ltr'><strong>πα-</strong></span> 
     </span>
    </p>
   </div>
   <div class='ocr_carea' id='block_1_111' title="bbox 2139 5234 3728 5299">
    <p class='ocr_par' dir='ltr' id='par_1_111' title="bbox 2139 5234 3728 5299">
     <span class='ocr_line' id='line_1_111' title="bbox 2139 5234 3728 5299; baseline 0.004 -11"><span class='ocrx_word' id='word_1_795' title='bbox 2139 5237 2324 5299; x_wconf 77' lang='grc' dir='ltr'>λαιοῖς.</span> <span class='ocrx_word' id='word_1_796' title='bbox 2378 5235 2444 5289; x_wconf 82' lang='grc' dir='ltr'>Ει</span> <span class='ocrx_word' id='word_1_797' title='bbox 2477 5234 2677 5290; x_wconf 85' lang='lat' dir='ltr'><strong>lleroni</strong></span> <span class='ocrx_word' id='word_1_798' title='bbox 2718 5235 2876 5290; x_wconf 90' lang='lat' dir='ltr'><strong>tertio</strong></span> <span class='ocrx_word' id='word_1_799' title='bbox 2910 5236 3074 5290; x_wconf 88' lang='lat' dir='ltr'><strong>tribui</strong></span> <span class='ocrx_word' id='word_1_800' title='bbox 3115 5237 3168 5290; x_wconf 91' lang='lat' dir='ltr'><strong>in</strong></span> <span class='ocrx_word' id='word_1_801' title='bbox 3203 5238 3390 5294; x_wconf 89' lang='lat' dir='ltr'><strong>codice</strong></span> <span class='ocrx_word' id='word_1_802' title='bbox 3425 5237 3728 5294; x_wconf 83' lang='lat' dir='ltr'><strong>Vindobo-</strong></span> 
     </span>
    </p>
   </div>
   <div class='ocr_carea' id='block_1_112' title="bbox 2139 5326 3730 5400">
    <p class='ocr_par' dir='ltr' id='par_1_112' title="bbox 2139 5326 3730 5400">
     <span class='ocr_line' id='line_1_112' title="bbox 2139 5326 3730 5400; baseline 0.003 -18"><span class='ocrx_word' id='word_1_803' title='bbox 2139 5327 2310 5393; x_wconf 88' lang='lat' dir='ltr'><strong>nensi,</strong></span> <span class='ocrx_word' id='word_1_804' title='bbox 2337 5327 2448 5396; x_wconf 90' lang='lat' dir='ltr'><strong>jam</strong></span> <span class='ocrx_word' id='word_1_805' title='bbox 2475 5343 2636 5397; x_wconf 75' lang='lat' dir='ltr'><strong>supra</strong></span> <span class='ocrx_word' id='word_1_806' title='bbox 2663 5327 2796 5394; x_wconf 80' lang='lat' dir='ltr'><strong>dixi,</strong></span> <span class='ocrx_word' id='word_1_807' title='bbox 2830 5328 2856 5400; x_wconf 64' lang='grc' dir='ltr'><strong>ς</strong></span> <span class='ocrx_word' id='word_1_808' title='bbox 2894 5327 2999 5382; x_wconf 79' lang='lat' dir='ltr'><strong>Vll.</strong></span> <span class='ocrx_word' id='word_1_809' title='bbox 3035 5327 3182 5399; x_wconf 83' lang='lat' dir='ltr'><strong>[Vid.</strong></span> <span class='ocrx_word' id='word_1_810' title='bbox 3219 5326 3471 5385; x_wconf 89' lang='lat' dir='ltr'><strong>Lambee.</strong></span> <span class='ocrx_word' id='word_1_811' title='bbox 3500 5341 3555 5386; x_wconf 90' lang='lat' dir='ltr'><strong>et</strong></span> <span class='ocrx_word' id='word_1_812' title='bbox 3577 5330 3730 5386; x_wconf 79' lang='lat' dir='ltr'><strong>K01-</strong></span> 
     </span>
    </p>
   </div>
   <div class='ocr_carea' id='block_1_113' title="bbox 2138 5414 3728 5488">
    <p class='ocr_par' dir='ltr' id='par_1_113' title="bbox 2138 5414 3728 5488">
     <span class='ocr_line' id='line_1_113' title="bbox 2138 5414 3728 5488; baseline 0.001 -18"><span class='ocrx_word' id='word_1_813' title='bbox 2138 5418 2236 5472; x_wconf 87' lang='lat' dir='ltr'><strong>lar.</strong></span> <span class='ocrx_word' id='word_1_814' title='bbox 2267 5433 2343 5470; x_wconf 77' lang='lat' dir='ltr'><strong>vn</strong></span> <span class='ocrx_word' id='word_1_815' title='bbox 2377 5415 2666 5470; x_wconf 89' lang='lat' dir='ltr'><strong>Comment.</strong></span> <span class='ocrx_word' id='word_1_816' title='bbox 2717 5416 2780 5469; x_wconf 87' lang='lat' dir='ltr'><strong>de</strong></span> <span class='ocrx_word' id='word_1_817' title='bbox 2823 5417 2948 5469; x_wconf 89' lang='lat' dir='ltr'><strong>bibl.</strong></span> <span class='ocrx_word' id='word_1_818' title='bbox 2977 5414 3204 5473; x_wconf 59' lang='lat' dir='ltr'><strong>Cresam.</strong></span> <span class='ocrx_word' id='word_1_819' title='bbox 3245 5433 3368 5488; x_wconf 86' lang='lat' dir='ltr'><strong>pag.</strong></span> <span class='ocrx_word' id='word_1_820' title='bbox 3394 5417 3520 5471; x_wconf 69' lang='grc'>451.</span> <span class='ocrx_word' id='word_1_821' title='bbox 3553 5417 3728 5472; x_wconf 82' lang='lat' dir='ltr'><strong>Afri-</strong></span> 
     </span>
    </p>
   </div>
   <div class='ocr_carea' id='block_1_114' title="bbox 2138 5593 3730 5676">
    <p class='ocr_par' dir='ltr' id='par_1_114' title="bbox 2138 5593 3730 5676">
     <span class='ocr_line' id='line_1_114' title="bbox 2138 5593 3730 5676; baseline 0.003 -27"><span class='ocrx_word' id='word_1_822' title='bbox 2138 5593 2600 5676; x_wconf 46' lang='lat' dir='ltr'><strong>strégaodathpéu</strong></span> <span class='ocrx_word' id='word_1_823' title='bbox 2639 5597 3003 5676; x_wconf 58' lang='grc' dir='ltr'><strong>ξφοᾷήθησαν,</strong></span> <span class='ocrx_word' id='word_1_824' title='bbox 3037 5599 3090 5676; x_wconf 80' lang='lat' dir='ltr'><strong>in</strong></span> <span class='ocrx_word' id='word_1_825' title='bbox 3126 5597 3598 5676; x_wconf 72' lang='lat' dir='ltr'><strong>aciem_procc_dere</strong></span> <span class='ocrx_word' id='word_1_826' title='bbox 3632 5600 3730 5653; x_wconf 70' lang='lat' dir='ltr'><strong>ti-</strong></span> 
     </span>
    </p>
   </div>
   <div class='ocr_carea' id='block_1_115' title="bbox 2138 5661 3726 5738">
    <p class='ocr_par' dir='ltr' id='par_1_115' title="bbox 2138 5661 3726 5738">
     <span class='ocr_line' id='line_1_115' title="bbox 2138 5661 3726 5738; baseline 0.004 -21"><span class='ocrx_word' id='word_1_827' title='bbox 2138 5674 2396 5738; x_wconf 75' lang='lat' dir='ltr'><strong>muerunt.</strong></span> <span class='ocrx_word' id='word_1_828' title='bbox 2435 5661 2614 5733; x_wconf 86' lang='lat' dir='ltr'><strong>[Couf.</strong></span> <span class='ocrx_word' id='word_1_829' title='bbox 2652 5661 2821 5722; x_wconf 80' lang='lat' dir='ltr'><strong>Krehs</strong></span> <span class='ocrx_word' id='word_1_830' title='bbox 2866 5661 3018 5722; x_wconf 78' lang='lat' dir='ltr'><strong>Dbss.</strong></span> <span class='ocrx_word' id='word_1_831' title='bbox 3069 5671 3123 5722; x_wconf 89' lang='lat' dir='ltr'><strong>in</strong></span> <span class='ocrx_word' id='word_1_832' title='bbox 3165 5669 3234 5722; x_wconf 83' lang='lat' dir='ltr'><strong>N.</strong></span> <span class='ocrx_word' id='word_1_833' title='bbox 3271 5661 3330 5722; x_wconf 70' lang='lat' dir='ltr'><strong>T.</strong></span> <span class='ocrx_word' id='word_1_834' title='bbox 3366 5685 3406 5722; x_wconf 88' lang='lat' dir='ltr'><strong>.e</strong></span> <span class='ocrx_word' id='word_1_835' title='bbox 3449 5667 3726 5738; x_wconf 78' lang='lat' dir='ltr'><strong>Josepno,</strong></span> 
     </span>
    </p>
   </div>
   <div class='ocr_carea' id='block_1_116' title="bbox 2137 5734 3725 5875">
    <p class='ocr_par' dir='ltr' id='par_1_116' title="bbox 2137 5734 3725 5875">
     <span class='ocr_line' id='line_1_116' title="bbox 2137 5734 3725 5806; baseline 0.003 -17"><span class='ocrx_word' id='word_1_836' title='bbox 2137 5751 2258 5805; x_wconf 86' lang='lat' dir='ltr'><strong>pag.</strong></span> <span class='ocrx_word' id='word_1_837' title='bbox 2283 5734 2409 5795; x_wconf 77' lang='lat'><strong>222,</strong></span> <span class='ocrx_word' id='word_1_838' title='bbox 2449 5743 2502 5786; x_wconf 89' lang='lat' dir='ltr'><strong>et</strong></span> <span class='ocrx_word' id='word_1_839' title='bbox 2541 5749 2662 5802; x_wconf 74' lang='lat' dir='ltr'><strong>quae</strong></span> <span class='ocrx_word' id='word_1_840' title='bbox 2690 5753 2787 5806; x_wconf 89' lang='lat' dir='ltr'><strong>ego</strong></span> <span class='ocrx_word' id='word_1_841' title='bbox 2821 5738 3004 5793; x_wconf 86' lang='lat' dir='ltr'><strong>notavi</strong></span> <span class='ocrx_word' id='word_1_842' title='bbox 3046 5742 3110 5793; x_wconf 84' lang='lat' dir='ltr'><strong>ad</strong></span> <span class='ocrx_word' id='word_1_843' title='bbox 3140 5739 3519 5795; x_wconf 84' lang='lat' dir='ltr'><strong>Demosthenis</strong></span> <span class='ocrx_word' id='word_1_844' title='bbox 3560 5734 3725 5800; x_wconf 64' lang='lat' dir='ltr'><strong>om;</strong></span> 
     </span>
     <span class='ocr_line' id='line_1_117' title="bbox 2140 5805 3238 5875; baseline 0 -13"><span class='ocrx_word' id='word_1_845' title='bbox 2140 5805 2216 5862; x_wconf 85' lang='lat' dir='ltr'><strong>De</strong></span> <span class='ocrx_word' id='word_1_846' title='bbox 2241 5819 2452 5870; x_wconf 89' lang='lat' dir='ltr'><strong>corona,</strong></span> <span class='ocrx_word' id='word_1_847' title='bbox 2487 5818 2605 5875; x_wconf 87' lang='lat' dir='ltr'><strong>cap.</strong></span> <span class='ocrx_word' id='word_1_848' title='bbox 2632 5805 2719 5872; x_wconf 90' lang='lat'><strong>88,</strong></span> <span class='ocrx_word' id='word_1_849' title='bbox 2759 5823 2879 5875; x_wconf 82' lang='lat' dir='ltr'><strong>pag.</strong></span> <span class='ocrx_word' id='word_1_850' title='bbox 2915 5809 3040 5866; x_wconf 68' lang='lat'><strong>547.</strong></span> <span class='ocrx_word' id='word_1_851' title='bbox 3072 5808 3238 5863; x_wconf 72' lang='grc' dir='ltr'><strong>11Αιιι.</strong></span> 
     </span>
    </p>
   </div>
   <div class='ocr_carea' id='block_1_117' title="bbox 2438 5823 3238 5882">
    <p class='ocr_par' dir='ltr' id='par_1_117' title="bbox 2438 5823 3238 5882">
     <span class='ocr_line' id='line_1_118' title="bbox 2438 5823 3238 5882; baseline 0.006 -25"><span class='ocrx_word' id='word_1_852' title='bbox 2438 5843 2452 5870; x_wconf 95' lang='grc'><strong>,</strong></span> <span class='ocrx_word' id='word_1_853' title='bbox 2487 5823 2605 5875; x_wconf 86' lang='lat' dir='ltr'><strong>cap.</strong></span> <span class='ocrx_word' id='word_1_854' title='bbox 2632 5823 2719 5872; x_wconf 80' lang='grc' dir='ltr'><strong>δδ,</strong></span> <span class='ocrx_word' id='word_1_855' title='bbox 2759 5823 2879 5882; x_wconf 84' lang='lat' dir='ltr'><strong>pag.</strong></span> <span class='ocrx_word' id='word_1_856' title='bbox 2915 5823 3040 5866; x_wconf 72' lang='lat' dir='ltr'><strong>5H.</strong></span> <span class='ocrx_word' id='word_1_857' title='bbox 3072 5823 3238 5863; x_wconf 68' lang='lat' dir='ltr'><strong>mne.</strong></span> 
     </span>
    </p>
   </div>
  </div>
