1968 3179
129 174 164 205 49
867 180 897 208 Νι

953 181 1016 209 TIA.
1715 185 1752 216 50
1792 212 1796 219 .

128 233 193 263 Ite-
211 244 229 262 .
255 235 375 264 Liminio
398 242 425 266 et
448 239 572 267 Catulino
599 248 679 276 usque
695 241 724 268 in
750 241 897 269 consulatui

967 242 1012 269 bet
1026 251 1032 269 :
1047 242 1133 269 Μόνον
1144 241 1222 278 ῐσμεν
1241 242 1401 279 Ἀφρικανὸν
1413 243 1606 279 ἀκριϐέστατα,
1621 245 1667 271 καὶ
1683 246 1752 280 μᾶλ-

126 282 278 309 Jlaxurtiui
292 288 320 310 ct
337 283 451 312 Nevitta:
465 285 594 314 CONSS.
608 287 671 314 anni
683 286 772 316 XIII.

235 337 286 364 Fit
304 340 333 365 in
346 347 448 368 summa
461 342 544 369 omnis
560 342 623 369 anni
643 341 806 371 VDCCCLI.

160 394 270 423 Errare:
289 396 369 431 ipsos
386 399 641 432 repraesentavimus
661 407 727 427 sane
747 399 912 427 foedissimas

130 441 324 475 impaitissimi
349 443 465 470 librarii.
490 442 546 471 Nec
564 444 636 472 enim
657 449 736 472 vacat
757 445 912 480 impraesen-

130 487 218 514 tiarum
244 487 307 515 alia
333 488 463 516 adnotare
474 497 557 524 quam
578 497 639 524 qua:
660 489 762 517 faciant
777 490 810 517 ad
827 490 910 523 illam,

126 542 172 568 qua
197 532 230 560 de
257 534 390 569 agimus,
418 543 541 563 causam.
566 534 633 563 lllud
656 536 747 571 itaque
769 536 797 563 in
815 536 911 571 primis

124 584 223 606 crustat
247 587 266 607 e
295 580 422 616 Syncello
439 581 512 617 (l9),
527 589 627 609 annum
646 582 733 617 ipsum
755 589 809 617 quo
827 582 911 609 Chro-

120 626 189 651 n'ron
211 633 302 652 suum
321 626 477 655 terminavit
497 626 659 660 Africanus,
686 626 771 655 fuisse
793 627 908 659 primum

118 669 220 705 Olymp.
240 679 305 704 CCL,
320 679 376 706 quo
388 671 469 700 fuerit
491 673 592 700 archon
610 672 749 705 Philenus,
773 672 909 708 Elagabali

119 724 147 742 ιιι
161 724 236 744 coss.
251 716 342 744 Grato
353 722 380 744 et
398 716 520 750 Seleuco,
534 726 549 745 a
561 718 656 753 primis
679 718 809 746 nimirum
832 725 904 746 coss.

119 768 161 794 pm
174 759 305 788 Africani
320 762 483 796 rationibus,
495 762 600 791 vitiosis
611 767 700 791 tamen
714 763 778 795 illis,
794 770 906 791 nccxxv.

119 805 159 833 ﬂz
171 811 246 833 nou:
263 815 370 834 annum
385 807 485 836 Christi
506 808 649 845 designant
668 817 762 843 caui,
783 817 833 845 pro
847 810 907 838 Ᾱέι.

118 852 183 886 vnlg.
206 851 276 880 Huc
297 861 387 888 usque
408 853 490 889 igitur
505 854 653 882 Chronicon
682 862 763 883 suum
784 860 840 883 tam
864 864 909 883 ar-

115 896 265 924 chontibus
287 904 372 932 quam
389 905 461 925 coss.
488 906 504 926 a
528 899 624 934 primis
640 907 728 934 usque
744 900 906 929 archontum

113 944 297 971 etconsulum
311 944 394 972 initiis
403 945 560 981 insignitum
571 946 716 975 deduxisse
735 947 793 982 ipse
801 947 907 975 videtur
923 944 943 971 Β

111 988 273 1017 Africanus.
295 990 332 1017 Et
343 992 450 1026 quidem
466 992 489 1019 si
510 999 560 1026 pro
578 992 628 1019 hac
643 991 730 1019 forma
751 984 782 1020 et
802 993 905 1028 reliqua

111 1034 278 1069 dalaxerit,
306 1043 369 1064 cum
397 1037 475 1064 annis
501 1038 582 1065 etiam
611 1037 806 1072 imperatorum
830 1046 902 1067 coss.

110 1080 176 1108 alios
193 1081 278 1108 illum
291 1082 471 1117 conjunxisse
485 1088 697 1111 consentaneum
713 1088 764 1117 est,
776 1092 837 1111 cum
854 1084 905 1112 hos

108 1127 182 1161 ipsos
197 1134 277 1154 coss.
294 1134 358 1154 cum
373 1135 402 1155 ιιι
415 1127 545 1155 Antonini
556 1128 695 1164 Elagabali
707 1137 779 1157 anno
790 1129 905 1165 conjun-

107 1173 188 1200 xerit.
215 1172 358 1200 Nimirum
385 1181 486 1201 annum
507 1175 584 1202 illum
610 1175 750 1210 intelligit,
772 1184 827 1204 non
849 1184 904 1211 quo

107 1219 306 1246 monarcbiam
330 1219 483 1247 Alexander
500 1223 613 1256 adeptus
632 1225 683 1254 est,
708 1221 755 1249 sed
776 1229 831 1256 quo
848 1222 903 1256 pri-

108 1271 182 1290 mum
200 1264 355 1299 adoptatus
367 1270 411 1292 est
424 1265 459 1293 ab
480 1265 637 1301 Elagabalo,
660 1271 687 1293 et
700 1266 791 1294 Caesar
803 1266 901 1299 factus,

105 1313 132 1335 ct
148 1308 249 1336 socius
264 1309 294 1336 in
310 1309 436 1344 imperio.
452 1319 461 1336 ι
477 1309 612 1339 Hactenus
622 1311 785 1339 Dodwellus.

139 1364 186 1392 Π.
215 1365 258 1392 Ex
276 1365 332 1393 hoc
354 1371 444 1393 autem
467 1366 589 1395 Africani
616 1375 697 1403 opere
722 1367 771 1402 qui
797 1368 902 1402 primus

105 1410 300 1446 chronologiae
319 1410 408 1439 fontes
427 1412 572 1439 rcclusisse
589 1412 764 1447 comperitur,
779 1412 825 1447 qui
840 1416 901 1447 post

107 1456 197 1491 ipsum
211 1456 334 1484 floruere
350 1461 454 1485 veteres
469 1458 702 1493 chronographos,
724 1462 829 1485 tantum
845 1466 899 1486 non

105 1509 202 1529 omnes
214 1522 222 1532 .
245 1507 280 1529 ut
298 1502 380 1530 modo
398 1503 552 1536 innuimus,
574 1502 719 1531 Eusebium
738 1503 764 1530 in
786 1504 898 1538 primis,

106 1546 281 1581 Syncellum,
296 1546 420 1574 Chronici
435 1548 574 1575 Paschalis
592 1553 741 1583 auctorem,
757 1548 800 1576 εἷο.
814 1549 900 1577 Mala-

104 1593 177 1624 lam.
197 1592 400 1628 Theophanem
430 1594 573 1629 aliOsque,
601 1594 726 1622 hausisse
756 1596 897 1630 complura

103 1644 185 1674 atque
198 1639 228 1666 in
244 1647 299 1666 sua
311 1640 413 1675 scripta
426 1641 574 1673 derivasse.
590 1643 657 1670 satis
671 1648 772 1670 norunt
786 1643 894 1671 eruditi.

102 1684 205 1712 Eorum
232 1689 330 1712 tamen
352 1686 474 1721 plerique
494 1687 541 1722 qui
565 1687 625 1715 loca
649 1695 683 1715 ex
702 1687 830 1716 Africano
851 1688 897 1716 de-

102 1732 290 1765 scripserunt,
306 1733 427 1759 auctoris
441 1740 538 1760 nomen
555 1734 722 1768 praeteriere:
737 1738 765 1761 ut
780 1734 895 1769 proinde

102 1776 175 1803 haud
197 1777 288 1804 multa
309 1778 467 1812 supersint,
492 1787 552 1814 qua:
573 1780 779 1815 chronographo
801 1785 895 1808 nostro

102 1822 163 1849 sine
188 1824 246 1850 ulla
271 1824 461 1851 controversia
485 1824 648 1853 tribuantur.
671 1825 816 1853 Maximam
835 1826 894 1861 ejus

103 1869 195 1903 operis
214 1868 434 1904 fragmentorum
449 1876 552 1904 partem
574 1872 726 1906 suppeditat
741 1871 893 1907 Syncellus,

100 1914 205 1949 quibus
219 1915 328 1950 passim
345 1915 467 1943 Africani
487 1924 585 1944 nomen
604 1918 796 1952 praeligendum
814 1925 893 1945 cura-

98 1960 153 1987 vit.-
177 1969 267 1988 unum
288 1961 439 1990 alterumve
455 1962 556 1994 locum,
574 1967 601 1990 et
618 1963 727 1998 quidem
747 1963 891 1999 insignem,

95 2011 249 2034 servarunt
270 2006 424 2040 Eusebius,
449 2007 628 2044 Hieronymus
651 2014 732 2044 atque
755 2008 892 2042 Basilius;

95 2052 226 2080 Chronici
245 2060 357 2088 quoque
377 2053 516 2081 Paschalis
533 2060 629 2082 auctor
643 2055 758 2092 paucula
779 2054 890 2090 profert.

94 2099 158 2127 Hac
168 2100 271 2134 itaque
282 2100 374 2127 omnia
387 2100 651 2135 certoAl‘ricaniana,
674 2101 701 2128 in
711 2108 794 2128 unum
808 2101 891 2129 colle-

93 2149 152 2177 cta,
176 2145 265 2179 juxta
292 2144 414 2172 ordinem
441 2145 571 2173 librorum
596 2147 653 2174 sive
665 2155 714 2182 pro
736 2151 890 2182 temporum

92 2190 202 2217 ratione
225 2191 411 2225 digessimus:
432 2191 543 2227 reliquis
563 2192 671 2220 interim
689 2197 780 2228 utpote
799 2192 889 2220 dubiis

91 2235 307 2268 prztennissis.

964 287 1008 314 λον
1018 288 1093 324 παρὰ
1103 288 1165 320 τοὺς
1178 288 1288 321 λοιποὺς
1297 290 1526 325 ἐπιτετευγμένως
1539 290 1728 326 τεθεωρηκὸτα
1738 297 1747 308 ⁶

963 334 1010 361 καὶ
1029 334 1060 369 δή
1084 342 1128 369 μοι
1140 334 1214 361 δοκεῖ
1228 335 1373 369 ἀναγκαῖον
1385 333 1463 368 εἶναι,
1479 335 1585 371 πρῶτον
1601 336 1683 363 αὐτοῦ
1697 336 1748 372 τὴν

962 381 1003 412 εἰς
1017 380 1080 412 τοὺς
1096 380 1195 413 τόπους
1210 381 1334 416 διήγησιν
1350 382 1389 413 εἰς
1405 382 1485 418 μέσον
1499 383 1621 417 ἀγαγεῖν,
1639 381 1689 408 εἴθ’
1701 381 1749 409 οὺ-

960 435 1015 458 τως
1038 426 1247 462 ἐπισκέψασθαι,
1267 428 1294 453 εἴ
1315 436 1341 454 τι
1364 428 1418 464 ἄρα
1442 428 1488 455 καὶ
1510 429 1587 456 αὐτοὶ
1608 427 1746 464 δυνάμεθα

962 471 1146 507 συμϐαλέσθαι
1159 472 1197 508 τῷ
1211 472 1291 508 λόγῳ.
1302 473 1404 509 Γράφει
1413 473 1446 509 δὴ
1458 471 1504 500 οὖν
1516 474 1546 501 ὲν
1559 474 1676 510 πέμπτῳ
1689 473 1746 502 τῶν

961 517 1185 551 χρονοτραφιῶν
1201 517 1271 544 κατὰ
1286 517 1357 549 λέξιν
1370 516 1455 549 οὕτως
1463 517 1530 550 (2H.

1243 583 1452 611 ΑΦΡΙΚΑΝΟΥ.

1000 638 1031 664 Ἡ
1041 639 1089 673 μὲν
1098 637 1143 665 οὖν
1157 640 1292 676 περικοπὴ
1304 640 1375 667 οὕτω
1384 640 1442 673 πῶς
1450 641 1549 676 ἔχουσα
1557 633 1646 668 πολλῖ
1652 650 1682 668 τε
1693 642 1740 669 καὶ

960 682 1097 718 παράδοξα
1111 684 1307 719 σημαίνει.Νῦν
1320 685 1342 712 δ’
1359 685 1453 721 mea)
1468 686 1547 722 χρεία
1560 687 1622 723 περί
1634 695 1663 713 τε
1676 687 1740 720 τοὺς

958 731 1070 766 χρόνους
1087 732 1133 758 καὶ
1150 731 1186 758 τὰ
1199 731 1309 764 τούτους
1325 733 1492 760 συντείνοντα
1506 734 1552 760 τὸν
1564 734 1642 768 λόγον
1660 741 1740 770 ποιη-

959 776 1077 812 σάμεθα·
1093 778 1134 804 ὅτι
1158 778 1208 813 μὲν
1224 776 1271 805 οὖν
1291 780 1356 815 περὶ
1371 780 1420 815 τῆς
1435 780 1482 807 τοῦ
1502 781 1619 816 Χριστοῦ
1635 789 1739 816 παρου-

959 823 1019 854 σίας
1040 823 1147 857 λέγεται
1171 823 1266 857 ταῦτα,
1291 824 1358 860 μετὰ
1383 825 1531 860 ἑϐδομάδας
1553 830 1574 853 o'
1598 826 1740 862 μέλλοντος

957 868 1157 903 ἐπιφαίνεσθαι,
1179 870 1256 905 δῆλον
1279 871 1324 897 ἐπὶ
1340 871 1394 907 γὰρ
1414 872 1460 899 τοῦ
1475 872 1608 908 Σωτῆρος,
1626 881 1652 900 κ.
1670 881 1695 899 τ.
1711 871 1738 900 λ.

957 913 1007 941 Hic
1024 922 1088 942 vero
1104 915 1309 950 advertendum,
1326 917 1482 952 hujusmodi
1497 927 1529 946 ex
1544 918 1673 946 Africano
1688 926 1738 947 ex.

956 964 1078 995 cerptum
1094 962 1167 996 quod
1189 960 1354 990 Lambecius
1369 963 1443 991 velut
1461 963 1593 992 ineditum
1606 965 1736 1000 vulgavit,

955 1005 1026 1040 apud
1036 1005 1182 1034 Eusebium
1200 1011 1227 1034 et
1239 1007 1348 1042 quidem
1367 1009 1535 1036 emendatius
1550 1013 1657 1037 exstare
1676 1008 1734 1046 (25)

956 1051 1094 1087 ipsiusque
1113 1052 1245 1087 integram
1255 1052 1405 1081 versionem
1416 1054 1535 1088 praebere
1552 1053 1581 1082 S.
1603 1053 1736 1090 Hierony-

955 1105 1028 1125 mum
1042 1098 1217 1134 (24).Estque
1233 1098 1339 1126 initium
1353 1098 1496 1134 fragmenti
1509 1106 1565 1133 xw,
1578 1101 1650 1135 quod
1663 1100 1734 1130 infra

955 1149 1006 1169 suo
1020 1143 1080 1170 loco
1092 1143 1178 1179 legere
1188 1147 1229 1171 est
1240 1151 1300 1179 pag.
1318 1143 1382 1171 570.
1395 1144 1487 1172 Mirari
1499 1145 1582 1177 subit,
1599 1146 1626 1173 id
1637 1151 1734 1181 praeter

955 1187 1140 1223 Lamhecium,
1157 1189 1258 1225 fugisse
1272 1188 1381 1226 quoque
1395 1190 1515 1219 Caveum
1529 1191 1584 1227 (25)
1599 1196 1625 1219 et
1640 1192 1735 1220 Fabri-

953 1234 1024 1261 cium
1040 1234 1108 1270 (26).

987 1279 1076 1314 Pergit
1113 1287 1195 1315 porro
1222 1280 1381 1309 Lambecius
1396 1301 1404 1314 ,
1438 1287 1464 1309 et
1502 1282 1566 1310 alibi
1592 1283 1649 1311 haec
1685 1291 1730 1312 re-

953 1324 1004 1353 fert
1027 1325 1084 1361 (27)
1108 1335 1114 1352 :
1141 1335 1149 1352 ι
1179 1326 1313 1355 Caeterum
1339 1328 1412 1362 quod
1442 1329 1582 1363 speciatim
1608 1330 1641 1357 ad
1664 1329 1730 1357 Sex-

953 1374 1009 1398 tum
1039 1369 1141 1398 Julium
1162 1371 1320 1399 Africanum
1344 1373 1459 1406 attinet,
1485 1373 1584 1401 citatur
1611 1375 1635 1402 is
1660 1375 1732 1402 inter

951 1416 1097 1451 Γνωμικὰς
1115 1416 1248 1453 διαφόρων
1274 1418 1317 1446 his
1339 1419 1451 1446 verbis:
1478 1419 1633 1455 Ἰστορεῖται
1654 1420 1730 1456 παρὰ

957 1461 1120 1497 Ἀφρικανῷ,
1133 1462 1173 1488 ὅτι
1186 1464 1214 1489 ὲν
1225 1462 1263 1499 τῷ
1274 1463 1362 1498 λέγειν
1372 1465 1421 1501 τὴν
1435 1462 1503 1501 ᾦδὴν
1513 1466 1557 1492 τὸν
1569 1467 1728 1504 Μανασσὴν,

948 1507 984 1534 τὰ
998 1507 1084 1543 δεσμὰ
1105 1508 1287 1545 διερράγησαν
1310 1510 1406 1547 σιδηρᾶ
1427 1511 1500 1544 ὄντα,
1519 1512 1564 1538 καὶ
1586 1512 1696 1547 ἔφυγεν.
1716 1523 1726 1540 ι

951 1552 1066 1581 Secutus
1078 1553 1123 1581 hic
1133 1554 1175 1581 vir
1190 1556 1313 1583 eruditus
1326 1562 1462 1585 errantem
1478 1558 1600 1593 Suidam,
1616 1560 1663 1594 qui
1678 1559 1728 1587 Ju-

949 1598 1015 1626 lium
1033 1599 1192 1628 Africanum
1214 1609 1277 1629 cum
1292 1601 1419 1631 Africano
1435 1603 1518 1632 Sexto
1533 1605 1684 1640 confundit,
1697 1612 1729 1634 ut

949 1653 1031 1680 supra
1045 1649 1167 1673 notatum
1183 1646 1197 1683 §
1212 1647 1237 1675 l.
1264 1646 1409 1683 Ipsumque
1429 1649 1526 1678 deinde
1544 1655 1609 1678 sunt
1629 1652 1728 1680 imitati

947 1691 1088 1720 Fabricius
1101 1697 1128 1721 et
1140 1693 1255 1721 Caveus.

982 1737 1105 1774 Denique
1125 1740 1195 1768 alius
1222 1740 1364 1776 fragmenti
1386 1741 1510 1769 meminit
1524 1741 1593 1770 idem
1608 1742 1726 1771 Lambe-

946 1785 1004 1813 cius
1011 1785 1078 1822 (28).
1088 1786 1161 1822 quod
1167 1787 1255 1815 adhuc
1263 1796 1315 1815 ms.
1327 1788 1354 1815 in
1364 1788 1524 1816 bibliotheca
1535 1788 1657 1817 Caesarea
1668 1798 1726 1817 ser-

945 1835 1034 1858 vatur.
1051 1830 1099 1859 Est
1115 1837 1204 1859 autem
1222 1833 1281 1868 cjus
1298 1834 1438 1869 inscriptio
1453 1843 1460 1861 :
1479 1835 1608 1870 Διήγησις
1629 1835 1723 1871 Ἀφρι-

945 1876 1026 1903 κανοῦ
1044 1879 1107 1913 περὶ
1121 1878 1175 1904 τῶν
1192 1880 1219 1905 ὲν
1233 1880 1340 1915 Περσίδι
1355 1880 1506 1916 γενομένων
1524 1881 1569 1907 διὰ
1584 1882 1633 1917 τῆς
1647 1882 1726 1909 ἐναν-

945 1923 1110 1959 θρωπήσεως
1131 1924 1177 1951 τοῦ
1202 1925 1303 1961 Κυρίου
1324 1927 1371 1953 καὶ
1389 1927 1514 1962 Σωτῆρος
1533 1927 1609 1963 ἡμῶν
1637 1928 1722 1963 Ἰησοῦ

944 1968 1072 2005 Χριστοῦ.
1089 1969 1185 2005 Incipit
1207 1980 1213 1998 :
1235 1972 1281 1998 Ἐκ
1298 1972 1424 2007 Περσίδος
1437 1973 1558 2009 ἐγνώσθη
1572 1974 1618 2000 ἀπ’
1636 1974 1723 2011 ἀρχῆς

943 2015 957 2041 ὁ
972 2016 1104 2051 Χριστός·
1122 2016 1197 2043 οὐδὲν
1219 2016 1273 2053 γὰρ
1288 2016 1412 2045 λανθάνει
1429 2019 1491 2050 τοὺς
1507 2020 1535 2045 ἐν
1550 2020 1619 2056 αὐτῇ
1641 2028 1723 2057 νομο-

944 2061 1039 2096 μαθεῖς
1065 2062 1170 2089 ἅπαντα
1195 2062 1411 2098 φιλοπονοῦντας.
1428 2065 1503 2091 Ὅσοι
1525 2065 1588 2101 γὰρ,
1603 2075 1630 2093 κ.
1647 2075 1672 2094 τ.
1694 2066 1719 2093 λ.

942 2107 975 2134 Ει
998 2107 1032 2135 ad
1053 2107 1174 2136 Africani
1196 2109 1304 2143 quidem
1323 2109 1564 2145 Chronographiam
1587 2111 1720 2146 ejusmodi

942 2154 1124 2189 fragmentum
1155 2148 1277 2189 spectare
1308 2156 1405 2184 merito
1438 2156 1619 2185 existimatur.
1649 2157 1719 2186 Huic

941 2200 1013 2227 enim
1037 2201 1143 2235 gemina
1162 2205 1289 2230 tmemata
1314 2203 1439 2231 similiter
1462 2204 1590 2239 inscripta
1611 2205 1719 2232 exhibet

941 2245 1091 2281 Syncellus,
1104 2251 1135 2274 ut
1147 2247 1237 2275 videre
1249 2252 1291 2276 est
1305 2248 1375 2276 infra
1388 2257 1465 2284 pagg.
1484 2250 1546 2283 572,
1562 2251 1623 2278 574.

123 2279 365 2314 Quandoquidem
398 2287 462 2307 vero
491 2281 624 2308 nonnulla
652 2280 826 2315 deteximus,
854 2281 887 2309 ad

962 2279 1024 2318 Vilis
1046 2279 1175 2325 praeterea
1190 2301 1222 2320 ex
1239 2292 1381 2321 Lambeclo
1389 2279 1484 2322 relatis
1502 2295 1575 2323 aliud
1591 2297 1717 2327 addimus

89 2327 221 2354 eamdem
252 2325 377 2353 Africani
405 2326 607 2363 Chronologiam
635 2328 809 2363 pertinentia,
825 2336 887 2357 cum

90 2373 141 2407 iam
157 2373 238 2409 typis
256 2373 417 2408 consignata
432 2381 522 2402 essent
534 2382 596 2409 quae
616 2375 749 2403 hactenus
765 2382 887 2403 summa-

92 2420 135 2446 lim
148 2418 352 2447 recensuimus
364 2428 372 2452 ς
384 2427 472 2454 operae
484 2421 600 2456 pretium
615 2420 696 2449 fuerit
709 2429 740 2449 ea
754 2422 799 2449 hic
809 2422 886 2449 exhi-

90 2465 162 2497 bere,
179 2469 274 2501 prout
295 2470 403 2493 exstant
417 2467 486 2502 apud
502 2467 677 2495 Lambecium
692 2476 726 2496 ex
747 2468 886 2497 codicibus

91 2510 359 2539 Vindobonensibus
372 2519 452 2539 manu
468 2514 586 2542 exaratis
598 2514 742 2549 descripta.

119 2558 234 2584 Auctor
252 2556 339 2591 igitur
347 2556 563 2593 Propheticarum
575 2559 721 2595 eclogarum
736 2560 768 2587 de
780 2559 885 2588 Christo

88 2603 133 2636 qui
147 2602 299 2630 Eusebius
311 2601 442 2638 Pamphili
454 2611 514 2632 esse
524 2605 681 2640 perhibetur
694 2606 760 2641 (‘20),
770 2607 798 2634 in
811 2607 886 2636 illius

86 2649 179 2683 operis
202 2648 305 2676 adhuc
331 2648 422 2677 inediti
438 2650 508 2678 libro
524 2658 567 2685 ιιι,
586 2659 644 2687 cap.
667 2652 726 2685 ult.,
751 2653 808 2681 haec
834 2654 882 2681 ha-

120 2706 182 2746 lt?)
197 2705 344 2746 ἓῐιιαὲιν
359 2707 497 2746 Pas-.21.?-

119 2741 178 2780 (Ψ)
197 2740 477 2780 Ῡὶάεσὺτίςξθίὺέ.
493 2742 539 2770 Gr.
554 2743 678 2780 tom.7Vl,
690 2753 751 2780 pag.
766 2744 810 2774 57.

122 2775 181 2815 (ἓξ)
200 2777 286 2815 Apud
303 2775 426 2815 gambec.
446 2777 592 2815 Comment.
609 2779 657 2807 lib.
671 2775 764 2815 ἰξριῖε.
784 2781 845 2808 Ml.

120 2808 181 2848 (ἓξ)
200 2808 393 2848 ξίιίιηῶνκιεὶι
406 2814 487 2847 paulo
504 2819 575 2848 post.
590 2808 695 2848 τούτοιξ
703 2808 781 2843 συντ.

122 2847 182 2887 (25)
206 2846 314 2874 Euseb.
340 2846 489 2876 Demonstr.
504 2846 598 2885 Evang.
625 2851 673 2878 lib.
686 2846 750 2885 ‘vm,
771 2859 830 2887 cap.
852 2854 881 2885 Ξ,

91 2883 322 2953 Hieron.
340 2917 483 2946 Comment.
511 2920 538 2947 in
562 2920 667 2949 Daniel.
692 2929 730 2956 ix,
744 2921 789 2957 24,
812 2921 879 2959 Opp.

940 2336 1119 2372 fragmentum
1131 2346 1146 2366 e
1159 2339 1251 2367 codice
1267 2339 1350 2375 Regio
1360 2340 1440 2374 24M,
1454 2350 1468 2368 a
1484 2341 1516 2369 V.
1532 2342 1562 2369 (Σ.
1576 2340 1713 2371 Montl‘au-

938 2384 1018 2411 conio
1044 2384 1208 2419 descriptum
1235 2385 1309 2421 (29);
1334 2386 1379 2413 ubi
1402 2387 1435 2414 de
1456 2387 1551 2415 Adami
1576 2389 1715 2424 sepultura

938 2434 1117 2465 pertractasse
1130 2430 1276 2459 Africanus
1301 2437 1327 2459 et
1350 2432 1515 2460 Athanasius
1539 2435 1715 2469 perhibentur

938 2475 980 2502 his
1004 2475 1095 2503 verbis
1119 2484 1127 2502 :
1149 2472 1230 2502 Οὗτοι
1254 2476 1282 2503 δέ
1299 2478 1367 2504 εἰσιν
1380 2478 1403 2504 οἱ
1419 2480 1482 2514 περὶ
1500 2479 1549 2514 τῆς
1563 2481 1650 2516 ταφῆς
1667 2480 1715 2508 τοῦ

943 2520 1029 2556 Ἀδὰμ.
1039 2521 1189 2557 εἰρηκότες,
1207 2522 1367 2559 Ἀφρικανὸς
1377 2525 1423 2551 καὶ
1434 2526 1447 2552 ό
1459 2526 1535 2560 ἅγιος
1548 2527 1714 2560 Ἀθανάσιος.

937 2564 1006 2594 Hinc
1020 2566 1046 2592 in
1060 2566 1164 2600 prmfat.
1177 2566 1326 2597 Montfauc.
1336 2577 1362 2604 p.
1374 2578 1411 2602 vr,
1427 2570 1440 2606 §
1454 2571 1497 2603 18,
1510 2573 1713 2602 rescribendum

935 2613 968 2639 de
983 2612 1117 2647 sepultura
1128 2613 1235 2648 Adami,
1251 2614 1294 2641 ubi
1308 2615 1339 2641 de
1351 2616 1485 2650 sepultura
1501 2617 1606 2646 Domini
1617 2627 1714 2655 perpe-

935 2667 993 2686 ram
1014 2659 1121 2693 legitur.

935 2721 1002 2743 tom.
1015 2714 1059 2751 lll,
1074 2723 1135 2751 pag.
1151 2716 1219 2743 illi)
1229 2716 1293 2745 edit.
1306 2717 1430 2745 Martian.

969 2750 1026 2789 (ἓᾷ)
1041 2750 1191 2789 ραν.)ιίεέ
1208 2752 1339 2789 liuztom.
1355 2754 1377 2786 Ι,
1393 2762 1454 2789 pag.
1468 2754 1527 2782 ill.

969 2786 1025 2825 (313')
1041 2785 1147 2825 fabric.
1167 2787 1238 2825 Bibl.
1316 2793 1381 2816 tom.
1395 2785 1506 2825 ‘prag.
1523 2791 1584 2819 l69.

969 2821 1025 2858 (2?)
1042 2820 1169 2858 Lambec.
1187 2823 1205 2849 l.
1219 2830 1243 2850 c.
1259 2823 1306 2850 lib.
1321 2832 1362 2857 ιιι,
1379 2820 1501 2858 pag.'3§.

969 2856 1026 2895 es
1042 2856 1080 2895 u-
1098 2857 1223 2895 ibjd-J'ID-
1236 2859 1416 2895 1-933-291-

969 2892 1025 2928 (29)
1042 2892 1136 2921 Monii.
1152 2893 1220 2922 Coll.
1231 2893 1299 2923 Nov.
1313 2892 1374 2924 PP.
1391 2893 1489 2934 Gram,
1502 2904 1520 2928 ι.
1533 2900 1564 2936 ll,
1583 2909 1610 2936 p.
1625 2901 1720 2939 ιωγ
