4006 6356
269 399 340 458 55
1379 395 1712 453 EPISTOLA
1777 395 1868 450 AD
1912 394 2300 451 ARISTIDEM.
3426 396 3494 449 Ν

270 515 550 592 ἀρχιερεύς
598 517 716 571 ἔστι
764 518 1014 591 Πατρδς,
1052 519 1154 582 τὰς
1189 519 1458 590 ἡμετέρας
1491 519 1628 586 πρὸς
1667 517 1828 571 αὐτὸν

1938 539 2010 593 sit
2039 539 2192 610 apud.
2225 537 2436 592 Patrem
2487 537 2757 607 pontifex,
2805 549 2992 607 preces
3021 545 3236 592 nostras
3267 535 3337 590 ei-
3359 519 3472 590 om;

272 610 429 680 εὐχὰς
468 609 794 682 ἀναφέρων,
853 612 945 664 καὶ
991 610 1240 681 βασιλεὺς
1294 610 1690 682 ὑπερκόσμιος,
1741 609 1834 673 οὓς

270 700 603 772 ἠλευθέρωσε
648 701 828 772 νέμων
873 701 951 772 τῷ
979 701 1284 773 Πνεύματι,
1318 701 1576 773 συνεργὸς
1619 703 1699 764 είς
1737 701 1834 772 τὴν

268 792 622 862 ιιακόσμησιν
666 791 776 845 τῶν
821 793 958 846 ὅλων
1004 793 1320 862 γενόμενος·
1366 794 1460 846 καὶ
1511 791 1665 846 τοῦτο
1706 795 1834 863 ἡμῖν

269 881 663 950 προσήγγειλεν
703 883 802 953 οὐχ
846 886 876 937 6
926 884 1220 952 κατάλογος
1257 883 1368 935 τῶν
1413 883 1624 952 φυλῶν,
1663 884 1758 954 οὐχ
1798 885 1830 954 ὴ

270 972 407 1040 μίξις
435 973 547 1026 τῶν
581 975 945 1046 ἀναγράπτων
975 975 1165 1044 γενῶν,
1207 975 1342 1029 ἀλλὰ
1386 975 1712 1047 πατριάρχαι
1743 977 1836 1028 καὶ

273 1063 562 1133 προφῆταιο
599 1064 672 1134 μὴ
694 1061 786 1117 οὖν
815 1065 1087 1135 κατίωμεν
1115 1066 1192 1127 είς
1231 1065 1496 1136 τοσαύτην
1529 1065 1832 1128 θεοσεϐείας

272 1151 678 1222 σμικρολογίαν,
722 1154 808 1205 ἶνα
847 1156 913 1223 τῇ
957 1153 1220 1223 ὲναλλαγῇ
1262 1152 1369 1205 τῶν
1413 1153 1706 1223 ὀνομάτων,
1734 1153 1834 1224 τὴν

268 1241 496 1312 Χριστοῦ
533 1243 806 1312 βασιλείαν
854 1244 947 1296 καὶ
986 1242 1282 1312 ἱερωσύνην
1327 1242 1678 1313 συνιστῶμενο
1714 1242 1834 1295 ἐπεὶ

263 1337 323 1403 τῇ
361 1334 538 1386 Ἰούδα
563 1333 700 1404 φυλῇ
731 1335 795 1403 τῇ
831 1333 1100 1404 βασιλικῇ,
1134 1334 1166 1402 ὴ
1201 1330 1292 1384 τοῦ
1335 1331 1465 1383 Λευὶ
1497 1331 1636 1401 φυλὴ
1684 1331 1835 1402 ἱερα-

260 1424 378 1494 τικὴ
407 1423 710 1494 συνεζύγη,
740 1423 834 1476 τοῦ
873 1422 1139 1477 Ναασσὼν
1166 1421 1395 1492 ἀδελφὴν
1420 1422 1517 1492 τὴν
1558 1421 1832 1476 Ἐλισάϐετ

272 1515 481 1587 ’Δαρὼν
535 1515 835 1586 ἀξαμένου,
885 1516 978 1568 καὶ
1021 1514 1178 1568 πάλιν
1234 1513 1492 1585 Ἐλεάζαρ
1525 1514 1619 1585 τὴν
1667 1512 1832 1581 θυγα-

259 1608 384 1678 τέρα
429 1606 672 1677 Φατιὴλ,
703 1607 796 1660 καὶ
840 1606 1046 1659 ἐνθένδε
1084 1606 1636 1677 παιδοποιησαμὲνων·
1674 1603 1832 1674 ἐψεύ-

261 1715 413 1750 σαντο
440 1696 543 1752 οὖν
569 1701 620 1750 οἱ
649 1697 1047 1766 εὐαγγελισταὶ,
1069 1698 1409 1761 συνιστάντες
1435 1699 1532 1750 οὐκ
1552 1695 1826 1767 ἀληθειαν,

259 1793 364 1846 ἀλλ’
410 1792 773 1862 εἰκαζόμενον
818 1791 1054 1844 ἔπαινον
1100 1792 1191 1843 καὶ
1237 1791 1325 1844 διὰ
1365 1788 1572 1842 τοῦτοό
1616 1789 1710 1858 μὲν
1743 1787 1830 1842 διὰ

256 1879 581 1950 Σολομῶνος
615 1881 723 1932 ἀπὸ
759 1880 924 1932 Δαὸὶδ
950 1880 1366 1950 ἐγενεαλόγησεν
1397 1879 1486 1931 τὸν
1530 1877 1719 1930 Ἰακὼϐ
1741 1878 1829 1930 τὸν
1862 1871 1903 1924 Β

256 1971 344 2024 τοῦ
387 1972 596 2042 Ἰωσὴφ
625 1973 855 2042 πατέρα’
890 1975 918 2025 6
947 1973 1002 2025 δὲ
1035 1974 1142 2025 ἀπὸ
1185 1972 1368 2026 Νάθαν
1397 1971 1488 2024 τοῦ
1520 1972 1700 2034 Δαῦὶδ,
1741 1971 1830 2024 τὸν

267 2060 411 2116 Ἠλεὶ
440 2064 536 2116 τὸν
563 2064 656 2117 τοῦ
699 2063 894 2134 Ἰωσὴφ
921 2066 1118 2134 ὁμοίως
1149 2064 1319 2127 ἄλλως
1360 2064 1567 2134 πατέρα
1587 2080 1599 2092 ·
1629 2064 1719 2116 καί
1751 2079 1832 2114 τοι

254 2157 468 2222 ἀγνοεῖν
510 2156 707 2218 αὐτοὺς
738 2156 839 2208 ούκ
873 2155 1057 2226 ἐχρῆν,
1099 2157 1173 2219 ὡς
1207 2155 1436 2226 ἑκατέρα
1469 2157 1574 2208 τῶν
1607 2172 1832 2226 κατηρι-

253 2245 557 2317 θμημένων
599 2247 771 2312 τάξις,
814 2247 876 2299 τὸ
919 2247 1011 2299 τοῦ
1045 2247 1204 2300 Δαὸὶδ
1248 2249 1364 2300 ἐστὶ
1410 2249 1600 2316 γένος,
1653 2250 1685 2316 ὴ
1738 2246 1829 2300 τοῦ

266 2337 433 2390 Ἰούδα
473 2337 617 2410 φυλὴ
657 2339 928 2410 βασιλική*
976 2341 1024 2392 εί
1070 2339 1176 2410 γὰρ
1223 2341 1506 2411 προφήτης
1550 2339 1578 2390 6
1623 2338 1828 2405 Νάθαν,

252 2431 359 2483 ἀλλ’
389 2427 493 2483 οῦν
526 2431 622 2484 καὶ
655 2430 926 2500 Σολομὼν,
956 2432 984 2486 ὃ
1013 2449 1071 2484 τε
1096 2431 1298 2485 τούτων
1338 2432 1516 2503 πατὴρ
1549 2431 1826 2502 ἐκατέρου·

254 2524 314 2576 ὲκ
346 2522 565 2574 πολλῶν
593 2523 647 2575 δὲ
677 2523 857 2592 φυλῶν
887 2523 1123 2591 ἐγίνοντο
1146 2523 1453 2594 προφῆται,
1493 2523 1654 2594 ἱερεῖς
1685 2522 1740 2574 δὲ
1772 2522 1830 2588 ἐξ

252 2615 516 2686 οὐδεμιᾶς
544 2615 623 2684 (2)
661 2615 768 2668 τῶν
801 2614 1007 2668 δώδεκα
1039 2615 1248 2684 φυλῶν,
1296 2615 1443 2687 μόνοι
1490 2614 1545 2666 δὲ
1586 2615 1826 2667 Λευῖταιο

256 2705 431 2775 μάτην
470 2705 654 2766 αὑτοῖς
698 2705 805 2775 ἄρα
851 2704 1152 2756 πέπλασται
1196 2703 1256 2756 τὸ
1302 2701 1656 2772 ἐψευσμένονο
1697 2701 1831 2772 μηδὲ

253 2796 480 2866 κρατοίη
511 2793 750 2858 τοιοῦτος
783 2795 938 2863 λόγος
979 2796 1034 2847 ὲν
1066 2793 1358 2865 Ἐκκλησία
1377 2791 1608 2866 Χριστοῦ
1643 2791 1829 2864 [κατὰ]

251 2888 510 2960 ἀκριϐοῦς
559 2887 852 2958 ἀληθείας,
886 2888 968 2940 δτι
1003 2887 1194 2957 ψεῦδος
1237 2886 1519 2955 σύγκειται
1559 2887 1638 2949 είς
1685 2881 1831 2939 αἶνον

255 2981 342 3032 καὶ
369 2979 684 3048 δοξολογίαν
729 2979 985 3052 Χριστοῦ·
1032 2979 1115 3044 τίς
1157 2979 1264 3050 γὰρ
1315 2979 1414 3032 οὐκ
1451 2974 1555 3031 οἶδε
1583 2979 1831 3031 κάκεῖνον

255 3070 340 3123 τὸν
371 3070 676 3142 ίεριὶκεατον.
691 3067 784 3121 τοῦ
806 3070 1122 3124 Ἀστοστόλου
1161 3071 1316 3139 λόγον
1352 3069 1712 3142 κηρύσσοντος
1737 3068 1830 3123 καὶ

255 3162 663 3232 διαγγέλλοντος
715 3163 813 3234 τὴν
867 3163 1158 3218 ἀνάστασιν
1213 3163 1304 3216 τοῦ
1358 3163 1605 3234 Σωτῆρος
1651 3162 1826 3235 ἡμῶν,

256 3256 339 3307 καὶ
380 3255 852 3327 διισχυριζομένου
909 3257 1008 3326 τὴν
1069 3255 1360 3327 ἀλήθειαν,
1413 3256 1629 3328 μεγάλῳ
1679 3255 1826 3326 φόϐῳ

255 3345 514 3414 λέγοντος,
537 3366 556 3398 ι
582 3348 664 3400 ὃτι
689 3350 735 3400 εί
751 3347 980 3418 Χριστὸν
1007 3346 1222 3416 λέγουσί
1260 3363 1402 3409 τινες
1423 3347 1494 3417 μὴ
1514 3347 1826 3420 ἐγηγέρθαι,

256 3440 405 3507 ἡμεῖς
443 3438 502 3491 δὲ
543 3440 702 3491 τοῦτο
741 3438 832 3490 καὶ
875 3438 1052 3507 φαμὲν
1091 3439 1184 3492 καὶ
1228 3437 1688 3508 πεπιστεύκαμεν,
1736 3440 1827 3491 καὶ

259 3529 374 3581 αὐτὸ
407 3529 503 3582 καὶ
535 3527 828 3598 ἐλπίζομεν
855 3528 946 3580 καὶ
976 3529 1320 3599 κηρύσσομεν
1340 3568 1355 3593 ,
1382 3529 1828 3600 καταψευδομαρ-

264 3619 519 3690 τυροῦμεν
568 3619 663 3671 τοῦ
699 3619 855 3684 Θεοῦ,
903 3621 985 3672 ὅτι
1018 3620 1204 3690 ἤγειρε
1248 3620 1337 3672 τὸν
1375 3621 1604 3692 Χριστὸν
1639 3619 1696 3673 ὃν
1728 3620 1827 3672 οὐκ

272 3709 463 3781 ηγειρεν
486 3727 500 3740 ο
544 3730 565 3762 ι
590 3713 638 3763 εί
677 3711 731 3764 δὲ
760 3710 932 3774 οὕτως
955 3712 984 3762 6
1003 3709 1290 3778 δοξολογῶν
1321 3710 1451 3764 Θεὸν
1479 3712 1713 3784 Πατέρα,
1740 3711 1826 3764 δέ·-

277 3802 401 3854 δοικε
429 3805 494 3874 μὴ
523 3803 845 3872 ψευδολόγος
870 3803 1072 3874 δοκοίη,
1108 3803 1265 3875 ἔργον
1295 3803 1589 3875 παράδοξον
1609 3803 1820 3875 διηγού-

272 3910 433 3962 μενος,
458 3894 577 3958 πῶς
594 3895 694 3948 οὐκ
710 3893 772 3947 ἂν
803 3894 1022 3958 δικαίως
1047 3895 1326 3967 φοϐηθείη,
1344 3897 1425 3948 δτι
1453 3893 1513 3966 [Ι.
1534 3895 1702 3967 ὅστις]
1738 3896 1824 3949 διὰ

261 3986 597 4056 ψευδολογίας
618 3987 878 4058 ἀληθείας
898 3987 1154 4058 σύστασιν
1168 3988 1536 4060 ποριζόμενος,
1555 3986 1709 4051 δόξαν
1726 3989 1824 4041 ούκ

259 4077 424 4149 ἀληθῆ
459 4077 768 4142 συντιθείς;
804 4081 851 4131 εί
886 4079 997 4150 γὰρ
1043 4079 1110 4132 τὰ
1141 4079 1271 4148 γένη
1303 4078 1553 4150 διάφορα,
1594 4079 1684 4132 καὶ
1718 4096 1823 4150 μη-

253 4170 334 4222 δὲν
364 4171 672 4242 καταφέρει
712 4173 933 4242 γνήσιον
979 4172 1198 4244 σπέρμα
1241 4173 1332 4226 ἐπὶ
1360 4172 1450 4224 τὸν
1504 4171 1718 4242 Ἰωσὴφ,
1750 4173 1825 4224 εῖ-

253 4278 408 4332 ρηται
456 4263 514 4316 δὲ
562 4264 721 4333 μόνον
769 4266 849 4326 εἰς
897 4263 1149 4319 σύστασιν
1196 4265 1289 4318 τοῦ
1338 4264 1820 4336 γεννηθησομένου,

248 4352 322 4406 ὅτι
354 4354 614 4424 βασιλεὺς
639 4356 730 4408 καὶ
757 4357 932 4426 ἱερεὺς
959 4355 1106 4410 ἔσται
1136 4359 1164 4410 6
1195 4356 1468 4427 ἐσόμενος,
1493 4356 1823 4420 ἀποδείξεως

253 4445 325 4516 μὴ
367 4446 714 4518 προσούσης,
748 4446 884 4500 ἀλλά
910 4449 1009 4518 τῆς
1044 4448 1152 4502 τῶν
1192 4448 1364 4517 λόγων
1397 4449 1719 4518 σεμνότητος
1744 4450 1824 4511 είς

1936 647 2062 686 rens
2093 650 2114 698 ;-
2158 647 2251 684 rex
2298 641 2478 684 autem
2521 631 3009 700 supermundialis,
3064 645 3204 700 quos
3249 629 3488 684 liberavit

1935 737 2168 793 pascens
2214 721 2454 791 Spiritu,
2499 732 2818 792 c00perator
2859 722 3082 777 eﬁectus
3134 720 3188 774 in
3248 719 3489 774 omnium

1934 831 2117 869 rerum
2170 814 2530 869 ordinatione.
2581 814 2746 884 quue
2796 815 2953 868 nobis
2999 813 3338 882 exploratum
3369 810 3487 866 fecit

1935 923 2050 962 nou
2077 907 2313 961 tribuum
2345 907 2644 978 catalogus,
2677 922 2848 976 neque
2881 907 3305 976 perscriptarum
3333 917 3490 973 gene-

1933 1001 2206 1054 rationum
2251 1001 2474 1066 mistio,
2514 1000 2608 1054 sed
2645 1000 2965 1068 patriarcha:
2994 1009 3155 1068 atque
3196 998 3490 1068 prophetae.

1933 1091 2232 1144 Caveamus
2264 1092 2426 1159 igitur
2458 1105 2486 1144 a
2517 1090 2724 1144 minuto
2753 1090 3060 1159 hujusmodi
3094 1089 3368 1159 religionis
3401 1102 3490 1141 ar-

1934 1183 2119 1245 tiﬁcio,
2149 1191 2210 1236 ut
2243 1183 2521 1236 nominum
2565 1181 2962 1252 permutatione
3010 1180 3213 1234 Christi
3269 1194 3490 1250 regnum

1933 1290 1998 1326 ae
2027 1273 2389 1328 sacerdotium
2431 1277 2786 1342 comprobare
2822 1274 3068 1327 velimus.
3105 1271 3239 1325 Nam
3270 1282 3321 1325 et
3358 1273 3493 1326 alio-

1914 1366 2023 1433 ‘qui
2057 1366 2222 1434 regali
2249 1364 2400 1420 Iudae
2426 1366 2587 1420 tribui
2623 1366 2973 1422 sacerdotalis
2999 1363 3124 1418 Levi
3153 1365 3325 1418 tribus
3350 1363 3490 1418 facta

1931 1468 2048 1512 erat
2079 1459 2288 1525 aﬁiuis,
2327 1475 2391 1514 ex
2425 1475 2534 1529 quo
2566 1458 2858 1514 Naassonis
2890 1473 3131 1514 sororem
3164 1456 3491 1512 Elisabetam

1930 1549 2084 1604 duxit
2132 1551 2311 1605 Aaron
2353 1567 2577 1606 uxorem
2621 1552 2660 1616 ⁸,
2701 1567 3003 1621 rursusque
3049 1551 3273 1604 Eleazar
3304 1547 3489 1602 Phati-

1931 1639 2068 1694 helis
2115 1639 2281 1695 ﬁliam
2323 1643 2364 1708 ’,
2396 1643 2545 1712 prole
2589 1643 2712 1697 inde
2758 1651 3027 1712 suscepta.
3078 1641 3218 1712 Ergo
3260 1656 3494 1709 evange-

1930 1734 2066 1788 lista:
2111 1736 2318 1789 mentiti
2355 1747 2500 1800 sunt,
2549 1737 2676 1792 dum
2723 1752 2832 1790 non
2881 1738 3159 1790 veritatem
3205 1742 3490 1802 asserunt,

1931 1829 2021 1882 sed
2051 1829 2359 1882 simulatam
2389 1831 2598 1884 Iaudem
2635 1832 2830 1899 :cujus
2865 1831 2940 1885 rei
2985 1845 3170 1894 causa,
3202 1831 3336 1883 alter
3365 1829 3493 1897 qui.»

1930 1917 2050 1971 dem
2082 1935 2176 1988 per
2210 1918 2553 1973 Salomonem
2597 1936 2627 1973 a
2664 1919 2864 1974 Davide
2897 1920 3082 1975 Jacobi
3128 1921 3351 1988 stirpem
3383 1930 3492 1974 tra-

1932 2013 2030 2075 xit,
2069 2012 2162 2081 qui
2197 2011 2294 2066 fuit
2320 2010 2541 2082 Iosephi
2575 2021 2756 2082 pater;
2791 2014 2926 2066 alter
2957 2024 3134 2066 autem
3181 2028 3210 2065 a
3238 2011 3491 2067 Nathano

1932 2103 2149 2157 Davidis
2175 2104 2287 2156 ﬁlio
2316 2101 2487 2158 ilelim
2518 2104 2737 2158 deduxit
2761 2103 2982 2173 Iosephi
3017 2105 3239 2174 pariter,
3269 2105 3360 2160 sed
3385 2106 3492 2160 alia

1929 2194 2164 2257 ratione,
2194 2203 2420 2264 patrem.
2454 2195 2617 2264 Atqui
2645 2211 2739 2252 eos
2766 2197 3016 2266 ignorare
3050 2213 3156 2250 non
3186 2199 3487 2266 oportebat,

1931 2296 2223 2355 utrumque
2255 2296 2658 2341 numeraturum
2690 2289 2971 2343 hominum
3017 2289 3286 2352 ordinem,
3320 2305 3492 2360 genus

1930 2391 2047 2432 esse
2075 2376 2311 2440 Davidis,
2343 2375 2493 2431 Iudae
2524 2393 2714 2446 nempe
2756 2379 2958 2448 regiam
3008 2379 3232 2433 tribum.
3261 2379 3488 2434 Etiamsi

1929 2469 2071 2523 enim
2103 2469 2365 2539 propheta
2391 2466 2671 2525 Natlianus
2709 2469 2832 2539 fuit,
2859 2481 2912 2526 et
2937 2473 3155 2542 quidem
3185 2473 3348 2527 etiam
3386 2471 3488 2527 Sa¢

1930 2561 2134 2623 lomon,
2187 2569 2239 2614 et
2291 2561 2486 2614 horum
2546 2563 2829 2633 utriusque
2884 2579 3080 2634 parens
3122 2564 3366 2636 (David);
3421 2582 3488 2620 ex

1931 2653 2115 2707 multis
2161 2669 2290 2707 sane
2338 2653 2585 2708 tribubus
2625 2656 2881 2710 exstitere
2923 2657 3231 2726 propheth
3280 2659 3372 2712 sed
3408 2668 3489 2711 ta-

1931 2759 2052 2798 men
2099 2745 2404 2799 sacerdotes
2455 2746 2589 2800 nulli
2633 2746 2852 2801 fuerunt
2900 2763 2965 2802 ex
3009 2749 3155 2802 nulla
3201 2748 3490 2804 duodecim

1930 2836 2191 2902 tribuum;
2221 2839 2312 2892 sed
2346 2839 2446 2893 soli
2486 2838 2703 2894 Levitae.
2741 2838 2964 2895 Frustra
2996 2840 3159 2910 igitur
3186 2845 3490 2910 composita

1931 2927 1998 2981 ab
2028 2927 2133 2982 illis
2174 2927 2276 2982 fuit
2317 2928 2432 2983 haec
2467 2927 2715 2994 falsitas;
2747 2945 2919 3000 neque
2950 2933 3259 3000 praevalebit
3298 2933 3491 3003 hujus--

1931 3018 2077 3072 modi
2125 3033 2304 3074 sermo
2347 3019 2402 3073 in
2432 3020 2633 3076 Christi
2675 3019 2916 3077 Ecclesia
2947 3035 3136 3078 contra
3179 3035 3492 3080 accuratam

1929 3111 2208 3166 veritatem
2231 3151 2246 3177 ,
2278 3127 2470 3180 nempe
2517 3121 2574 3167 ut
2605 3113 2947 3168 mendacium
2981 3116 3390 3170 consarciuetur
3423 3116 3490 3171 ad

1856 3219 1896 3275 α
1929 3197 2130 3254 Christi
2167 3199 2379 3254 laudem
2410 3210 2571 3272 atque
2606 3203 2959 3270 praeconium.
2989 3202 3121 3270 Quis
3151 3221 3278 3259 vero
3318 3214 3372 3259 ct
3399 3205 3490 3260 illa

1933 3291 2107 3345 nescit
2145 3293 2510 3348 sacratissima
2552 3293 2794 3364 Apostoli
2842 3296 3004 3350 verba
3035 3298 3493 3352 resurrectionem

1930 3385 2236 3440 Servatoris
2267 3386 2437 3440 nostri
2467 3387 2812 3456 praedicantis
2840 3397 3002 3458 atque
3038 3385 3358 3455 nuntiantis,
3384 3391 3492 3446 rci-

1927 3492 2032 3546 que
2061 3477 2341 3532 veritatem
2378 3494 2576 3550 magno
2607 3496 2730 3534 eum
2779 3495 2977 3550 pavore
3017 3481 3332 3538 alﬁrmantis
3359 3484 3491 3539 dum

1926 3567 2036 3621 ait'
2058 3584 2070 3619 :
2095 3585 2114 3617 ι
2146 3566 2206 3620 Si
2227 3567 2502 3622 Christum
2531 3571 3122 3643 resurrexissequidam
3155 3583 3372 3644 negant,
3390 3589 3490 3630 nos

1925 3669 2106 3713 autem
2167 3660 2464 3716 asserimus
2517 3671 2678 3732 atque
2728 3664 3034 3730 credimus,
3088 3680 3371 3735 speramus
3425 3681 3491 3723 ac

1926 3751 2303 3820 praedicamus,
2346 3751 2465 3808 falsi
2493 3761 2656 3808 testes
2691 3753 2781 3810 Dei
2823 3772 3046 3822 sumus,
3079 3758 3222 3827 quod
3251 3758 3488 3813 suscita-

1924 3843 2063 3896 verit
2092 3842 2392 3909 Christum,
2426 3860 2586 3913 quem
2611 3861 2719 3899 non
2747 3848 3049 3902 suscitavit.
3077 3867 3095 3900 ›
3119 3848 3270 3914 Quod
3289 3850 3334 3904 si
3353 3850 3488 3906 adeo

1926 3935 2014 3990 hic
2044 3935 2135 4004 qui
2167 3934 2336 3989 Deum
2368 3934 2582 3990 Patrem
2609 3937 2858 4004 honorat,
2881 3953 2949 3992 ne
2976 3940 3209 3994 mendax
3239 3940 3488 3996 videatur

1926 4025 2100 4092 timet,
2138 4027 2263 4095 quia
2296 4041 2408 4080 rem
2440 4027 2634 4080 miram
2667 4037 2885 4094 narrat;
2915 4044 3014 4082 cur
3055 4044 3165 4083 non
3201 4031 3394 4086 merito
3420 4032 3489 4086 ti-

1925 4128 2072 4173 meat
2099 4119 2348 4188 quisquis
2395 4117 2534 4174 falso
2570 4133 2817 4174 sermone
2845 4120 3126 4175 veritatem
3158 4122 3270 4176 vult
3312 4123 3486 4176 stabi-

1924 4211 2056 4275 lire,
2090 4225 2198 4265 non
2234 4226 2418 4264 veram
2464 4211 2788 4266 sententiam
2835 4213 3212 4268 concinnans?
3251 4212 3385 4270 Nam
3439 4216 3485 4270 si

1924 4303 2295 4373 generationes
2325 4305 2660 4370 abluderent,
2702 4305 2942 4376 nihilque
2983 4309 3226 4376 germani
3267 4309 3488 4364 seminis

1925 4396 1992 4451 ad
2029 4395 2325 4467 Iosephum
2369 4396 2726 4461 conferretur,
2773 4400 2866 4454 sed
2901 4413 2964 4452 ea
2999 4413 3084 4454 res
3120 4400 3187 4454 ad
3229 4399 3486 4455 fulcimen

1926 4487 2299 4541 tantummodo
2327 4489 2587 4542 nascituri
2612 4489 2754 4544 dicta
2791 4500 2965 4557 esset,
2993 4506 3186 4561 nempe
3222 4492 3364 4560 quod
3390 4507 3485 4546 rex

248 4535 418 4606 ὕμνον
451 4537 658 4608 ἀδρανῆ
703 4539 1007 4611 φερομένης
1027 4580 1041 4603 ,
1074 4539 1232 4609 δῆλον
1262 4539 1337 4603 ὡς
1363 4539 1457 4592 τοῦ
1489 4537 1622 4592 Θεοῦ
1661 4539 1758 4610 μὲν
1792 4540 1821 4591 6

1930 4535 2294 4541 ,ψη----ηπ
2328 4535 2587 4542 _-_----_.-
2615 4535 2754 4544 -.-η
2793 4535 2965 4557 ---νη
2994 4535 3185 4561 ..ν...,...
3224 4535 3364 4560 ...ης
3392 4535 3485 4546 η..

1927 4584 2089 4646 atque
2115 4578 2368 4633 sacerdos
2395 4577 2534 4633 foret
2557 4581 2602 4635 is
2626 4582 2718 4650 qui
2747 4592 3008 4637 venturus
3033 4594 3172 4648 erat,
3203 4581 3487 4638 deﬁciente

247 4628 467 4694 ἐπαινος
505 4631 603 4700 οὐχ
639 4631 890 4695 ἅπτεται,
933 4630 1126 4700 ψεῦδος
1152 4629 1244 4684 ὢν·
1279 4630 1457 4702 κρίσις
1484 4630 1540 4683 δὲ
1567 4628 1644 4700 τῷ
1671 4631 1819 4702 είρτΓ

246 4723 358 4775 κότι
383 4763 402 4787 ,
453 4723 516 4775 τὸ
559 4723 659 4776 οὐκ
695 4721 754 4775 δν
800 4722 876 4786 ὡς
935 4721 993 4776 ὃν
1037 4718 1404 4793 κομπάσαντι,
1449 4723 1564 4776 Ἵνα
1607 4719 1698 4776 οὖν
1725 4721 1818 4776 καὶ

247 4815 405 4867 τοῦτο
440 4814 541 4884 μὲν
588 4815 680 4868 τοῦ
733 4814 1014 4886 εἰρηκότος
1069 4813 1373 4886 ὲλέγξωμεν
1409 4814 1508 4885 τὴν
1560 4813 1816 4885 ἀμαθίαν,

247 4906 547 4976 παύσωμεν
599 4905 654 4959 δὲ
704 4905 798 4958 τοῦ
859 4905 1058 4977 μηδένα
1107 4907 1198 4959 ὑπ’
1257 4907 1477 4974 ἀγνοίας
1542 4906 1817 4960 σκανδαλι-

245 4997 477 5066 σθῆναι’
520 4997 617 5069 τὴν
670 4997 846 5070 ἀληθῆ
889 4997 994 5051 τῶν
1032 4999 1330 5068 γεγονότων
1386 4999 1622 5072 ἱστορίαν
1659 4998 1820 5069 ὲκθήφ

245 5085 462 5159 σομαι.]
576 5097 589 5105 ·

311 5393 390 5455 Βζί
397 5393 451 5461 5)
467 5393 685 5464 Ἐπειδὴ
696 5395 804 5466 γὰρ
820 5396 887 5448 τὰ
902 5396 1135 5468 ὀνόματα
1146 5396 1218 5468 (4)
1238 5399 1342 5451 τῶν
1356 5399 1526 5466 γενῶν
1540 5402 1595 5452 ὲν
1611 5400 1818 5470 Ἰσραὴλ

317 5531 332 5559 ⁸
367 5529 542 5586 Exod.
573 5547 650 5598 vi,
679 5532 770 5587 2'5.
847 5537 868 5567 '
890 5533 1024 5590 Ibid.
1053 5537 1145 5592 25.
1221 5537 1285 5591 ³1
1320 5538 1448 5593 Cor.
1482 5553 1573 5604 xv,
1604 5538 1670 5593 12
1693 5555 1776 5610 sq.

311 5664 392 5732 (2)
424 5663 486 5720 in
509 5667 753 5737 epitome
779 5670 948 5725 codex
979 5671 1138 5727 habet
1169 5673 1393 5728 omnino
1421 5675 1480 5727 οὐ
1506 5675 1696 5738 δεῖνες,
1718 5676 1813 5730 sed

241 5750 602 5816 veram-nunc
635 5738 1090 5816 v_id_es_lectionem
1118 5742 1176 5810 ἐξ
1213 5744 1483 5816 οὐδεμιᾶς.
1541 5744 1676 5802 MM.

315 5805 393 5877 β)
429 5803 531 5862 Hic
566 5807 758 5877 incipit
792 5809 1078 5866 Eusebius.

308 5875 394 5945 μ)
434 5875 812 5948 Ἐπειοὴτὰρ
841 5883 912 5934 τὰ
937 5883 1214 5952 ὀνόματα.
1245 5883 1512 5942 Particula
1536 5887 1641 5956 γὰρ
1667 5886 1819 5942 abest

1923 4670 2278 4739 probatione,
2331 4679 2555 4742 lotoque
2603 4674 2871 4729 orationis
2917 4685 3114 4728 ornatu
3175 4675 3229 4728 in
3274 4673 3488 4729 futilem

1925 4761 2187 4832 hymnum
2215 4763 2518 4829 desinente,
2552 4765 2754 4819 nullam
2796 4766 2921 4821 hinc
2961 4767 3170 4821 laudem
3194 4765 3304 4820 Deo
3333 4782 3487 4822 acce-

1929 4853 2059 4907 dere
2102 4855 2440 4924 exploratum
2484 4857 2572 4922 ﬁt,
2602 4859 2727 4926 quia
2773 4867 2947 4912 totum
2995 4859 3333 4914 mendacium
3361 4868 3481 4924 est;

1925 4944 2018 4996 sed
2050 4944 2452 5000 damnationem
2477 4949 2655 5017 potius
2681 4947 2880 5003 dicenti
2906 4947 3151 5014 conﬂari,
3175 4948 3300 5019 quia
3339 4949 3483 5018 quod

1927 5037 2061 5090 nihil
2099 5050 2206 5105 est,
2246 5039 2451 5110 aliquid
2490 5056 2610 5095 esse
2635 5040 2879 5110 jactavit.
2908 5039 3088 5107 Quare
3122 5051 3180 5094 ut
3215 5050 3267 5094 et
3299 5041 3372 5094 ita
3404 5041 3486 5095 lo-

1929 5129 2207 5198 quenlium
2237 5147 2526 5202 coarguam
2570 5132 2859 5197 inscitiam,
2897 5142 2950 5187 et
2989 5134 3043 5187 in
3077 5141 3350 5204 posterum
3387 5148 3484 5186 ca-

1928 5237 2081 5275 veam
2113 5238 2181 5277 ne
2211 5225 2334 5293 quis
2380 5225 2434 5278 in
2477 5225 2790 5294 huiusmodi
2847 5224 3174 5295 imperitiam
3226 5226 3485 5292 incurrat,

1924 5329 2108 5368 veram
2134 5325 2405 5384 gestarum
2435 5331 2614 5376 rerum
2641 5317 2922 5371 historiam
2947 5315 3271 5387 proferam]

1995 5405 2056 5460 ll.
2082 5407 2348 5474 Quoniam
2371 5410 2511 5478 apud
2539 5409 2810 5464 Israelitas
2831 5409 3238 5480 generationum
3265 5409 3489 5464 nomina

1926 5693 1955 5731 a
1989 5678 2190 5732 nostris
2219 5679 2496 5734 codicibus
2529 5678 2688 5742 Μελ,
2721 5679 2885 5745 Med.,
2912 5677 3048 5732 Fuk.
3081 5687 3132 5731 et
3161 5676 3355 5744 Savil.,
3384 5692 3486 5732 nec

1925 5749 2162 5819 habetur
2192 5749 2248 5802 in
2278 5751 2718 5819 interpretatione
2749 5749 2948 5803 Ruﬁni.
2981 5748 3167 5800 Exstat
3201 5761 3378 5801 tamen
3423 5750 3482 5803 in

1923 5820 2105 5874 codice
2135 5817 2325 5891 Regio,
2357 5817 2577 5900 et'apud
2610 5817 2970 5890 Nicephorum
3017 5819 3068 5872 in
3098 5833 3217 5890 cap.
3246 5834 3284 5874 tt
3314 5819 3408 5900 lib.
3440 5833 3480 5874 t.
