4006 6356
463 433 540 502 ω
1822 421 1996 481 JULll
2036 419 2360 479 AFRICANI
2616 405 2630 422 ‘
3616 403 3684 458 tu

471 555 552 610 ris
589 559 645 609 et
672 550 922 608 Cochaba
977 548 1175 604 Iudaeae
1205 546 1340 602 vicis
1371 545 1427 600 in
1458 544 1638 601 varias
1682 543 1930 614 regiones
1953 541 2036 596 di—
2062 585 2072 608 λ

2154 540 2210 604 ὓς
2234 541 2406 609 ἔγωγε
2439 534 2661 608 νομίζω,
2694 534 2798 598 πᾶς
2812 549 2871 585 τε
2895 530 2954 594 ὃς
2975 525 3266 598 εὐγνώμων
3279 519 3688 614 Καὶ

473 647 645 717 spersi
673 643 1034 714 supradictam
1070 639 1282 711 generis
1307 637 1500 693 seriem
1528 653 1593 691 ex
1623 635 2026 706 ephemeridum

2154 633 2264 702 jp‘iv
2292 629 2426 700 αὕτη
2464 627 2690 699 μελέτω,
2723 626 2771 677 si
2801 622 2892 678 καὶ
2928 619 3000 692 μὴ
3034 612 3381 717 ἑμμὰρτυρός
3407 611 3518 717 .(27)
3548 610 3685 717 ἐστ..ξέ

475 699 612 792 lirbro
639 699 801 805 quaim
833 739 1080 803 poterant
1133 728 1444 784 fidelissime
1480 733 1861 796 exposuerunt.
1906 722 2030 778 Sive

2257 721 2330 793 μὴ
2381 699 2658 792 κρείττονα
2699 717 2733 789 ἢ
2783 710 3146 785 ἀληθεστέραν
3191 707 3332 776 ἔχειν
3374 704 3561 756 εἰπεῖν.
3615 699 3690 755 Τὸ

473 830 639 900 igitur
657 801 749 882 “ita
773 841 832 881 sc
870 840 956 880 res
983 824 1165 887 habet,
1206 822 1320 877 sive
1351 821 1528 884 aliter,
1555 819 1851 888 planiorem
1883 824 2030 872 certe

2154 813 2316 867 ιέντοι
2346 809 2694 879 Εὐαγγὲλιον,
2726 808 2940 869 πάντως
2963 801 3231 874 ἀληθεύει.

475 889 993 992 interpretationem,
1030 935 1151 974 meo
1177 918 1394 988 quidem
1423 916 1651 986 judicio,
1697 915 2037 983 aliorumque
2079 911 2172 981 qui
2210 909 2350 979 aequi
2389 923 2570 962 rerum
2625 905 2982 960 aestimatores
3008 911 3155 998 esse
3183 895 3383 998 volent,
3429 906 3591 998 nemo
3611 889 3694 945 fa-

473 1015 574 1068 cile
597 987 874 1082 repererit.
929 1011 1176 1068 Proinde.
1196 987 1336 1066 illaec
1380 1009 1536 1064 nobis
1577 1007 1804 1064 sufﬁciat
1826 1050 1841 1074 ,
1905 1006 2118 1061 tametsi
2150 1003 2300 1058 nullo
2332 1000 2638 1056 testimonio
2658 999 2820 1066 fulta;
2842 995 3059 1068 quando
3082 1005 3182 1046 nec
3201 991 3476 1046 meliorem
3506 987 3688 1052 aliam,

474 1121 574 1160 nec
594 1105 859 1159 veriorem
890 1104 1133 1174 proferre
1162 1119 1473 1174 possumus.
1505 1101 1766 1156 Caeterum
1787 1099 1918 1170 quin
1944 1113 2070 1152 vera
2101 1097 2171 1152 sit
2202 1093 2477 1164 Evangelii
2507 1091 2764 1153 narratio,
2790 1088 3026 1143 dubitari
3046 1102 3151 1141 non
3182 1089 3376 1156 potest.

544 1197 634 1254 Vl.
670 1199 908 1254 Matthan
936 1215 966 1254 a
995 1197 1284 1254 Salomone
1308 1213 1477 1268 genus
1508 1197 1733 1260 ducens,
1773 1193 2033 1250 Jacobum

477 1293 684 1360 genuit.
724 1291 934 1346 Mortuo
965 1292 1160 1346 deinde
1189 1289 1462 1344 Matthane
1483 1331 1496 1355 ,
1543 1287 1735 1343 Melchi
1773 1286 2034 1342 oriundus

476 1400 547 1438 ex
579 1380 841 1438 Nathanis
871 1382 1058 1452 stirpe,
1089 1397 1155 1436 ex
1183 1380 1372 1436 eadem
1425 1379 1652 1433 muliere
1674 1377 1858 1449 genuit
1895 1374 2033 1430 Heli.

479 1473 745 1541 Quocirca
777 1472 1012 1530 Jacobus
1041 1481 1095 1528 et
1121 1472 1237 1527 Heli
1269 1471 1466 1527 fratres
1496 1478 1650 1525 erant
1676 1467 1892 1526 uterini.
1921 1466 2039 1523 Heli

480 1568 673 1624 deinde
695 1568 811 1624 sine
834 1567 1029 1622 liberis
1059 1565 1312 1621 defuncto
1335 1606 1350 1632 ,
1382 1563 1616 1619 Jacobus
1647 1563 1694 1619 ei
1730 1577 1910 1617 semen
1942 1577 2039 1617 su-

483 1659 720 1725 scitavit,
747 1655 985 1730 Josepbo
1009 1658 1187 1730 genito
1213 1677 1226 1713 :
1248 1657 1339 1728 qui
1368 1665 1561 1711 natura
1590 1655 1806 1726 quidem
1828 1653 2037 1719 Jacobi,

480 1753 599 1823 lege
627 1759 806 1807 autem
833 1751 949 1806 Heli
979 1749 1123 1807 filius
1155 1749 1278 1806 fuit.
1300 1745 1392 1805 Sic
1429 1757 1659 1819 uterque
1700 1745 1922 1817 Josephi
1945 1760 2040 1817 pa-

483 1851 563 1898 ter
595 1851 740 1898 recte
767 1841 984 1898 dicitur.

2211 1188 2535 1258 (ῖνοΜατθὰν
2565 1187 2719 1242 cans
2763 1183 3069 1254 Σολομῶνος
3121 1180 3254 1252 (‘28),
3302 1177 3556 1246 ἐγέννησε
3599 1171 3694 1227 τὸν

2153 1280 2365 1338 Ἰακώϐ.
2401 1279 2624 1336 Ματθὰν
2669 1277 3044 1341 ἀποθανόντος,
3079 1273 3249 1344 Μελχὶ
3278 1274 3306 1325 ὁ
3337 1269 3444 1324 ἀπὸ
3475 1265 3690 1330 Νάθαν,

2141 1376 2206 1430 ὲκ
2247 1375 2346 1447 τῆς
2391 1375 2557 1444 αὐτῆς
2583 1371 2856 1442 γυναικὸς,
2893 1369 3145 1440 ἐγέννησε
3173 1366 3264 1420 τὸν
3299 1363 3414 1417 Ἦλί
3435 1379 3447 1393 ·
3483 1359 3693 1432 ὁμομή-

2137 1487 2280 1542 τριοι
2336 1469 2444 1540 ἄρα.
2501 1466 2721 1536 ἀδελφοὶ
2780 1464 2892 1536 (29)
2963 1462 3079 1516 Ἠλὶ
3135 1457 3226 1513 καὶ
3297 1454 3507 1510 Ἰακώϐ.
3579 1451 3696 1506 Ἠλὶ

2139 1560 2364 1616 ἀτέκνου
2417 1557 2803 1624 ἀποθανόντος,
2842 1557 2870 1609 ὁ
2931 1550 3122 1608 Ἰακὼϐ
3203 1548 3497 1618 ἀνέστησεν
3547 1542 3696 1615 αὐτῷ

2142 1652 2382 1724 σπέρμα,
2413 1650 2675 1722 γεννήσας
2704 1647 2794 1702 τὸν
2837 1645 3052 1718 Ἰωσὴφ,
3084 1641 3224 1697 κατὰ
3256 1639 3412 1711 φύσιν
3445 1637 3539 1709 μὲν
3570 1636 3697 1689 sae-

2137 1743 2236 1815 τῷ,
2264 1742 2403 1796 κατὰ
2431 1742 2590 1813 νόμον
2622 1740 2678 1794 δὲ
2703 1739 2782 1812 τῷ
2822 1737 2961 1793 Ἠλί.
2998 1735 3184 1799 Οὕτως
3229 1729 3551 1804 ἀμφοτέρων
3583 1727 3697 1791 υἱὸς

2136 1830 2206 1908 ἦν
2226 1837 2255 1890 ὁ
2291 1835 2506 1908 Ἰωσήφ.

2906 2009 3696 2050 _—__—__—-—-=——-=—-—===

521 2023 3236 2061 Μ

1370 2212 1865 2373 JULII
1959 2202 2841 2365 AFRICANI
2900 2229 2905 2235 ’

1801 2500 1969 2572 QUE
2009 2499 2419 2560 SUPERSUNT

687 2687 868 2800 EX
943 2684 1571 2821 QUINQUE
1658 2679 2122 2796 LIBRIS
2208 2668 3500 2816 CHRONOGRAPHUE,

1108 2908 1208 2970 Ad
1239 2924 1366 2967 rem
1394 2923 1634 2966 sacram
1664 2912 1722 2965 et
1751 2901 2227 2965 ecclesiasticam
2269 2899 2666 2979 potissimum
2700 2897 3067 2978 spectantia.

2042 3092 2115 3112 ῃ

997 3217 1039 3274 Ι.
1075 3219 1228 3292 Apud
1261 3218 1537 3290 Georgium
1572 3218 1874 3291 SynceiGum
1904 3219 2348 3291 Chronogr..pag.
2379 3217 2446 3272 l7
2473 3217 2600 3271 edit.
2635 3215 2814 3269 Paris.
2837 3255 2859 3280 ,.
2889 3213 2957 3269 14
2997 3211 3174 3267 Venet.

559 3330 635 3390 De
669 3335 1039 3390 commentitia
1070 3334 1444 3409 @gyptiorum
1495 3335 1625 3392 Cha’
1681 3351 1988 3409 eorumque-

1077 3405 1461 3475 Chronologia.
1563 3413 1683 3452 ιιι-ε’

562 3513 798 3585 Εεγριὶἰ
837 3522 982 3570 certe
1008 3513 1076 3570 de
1109 3529 1221 3570 suae
1257 3515 1429 3570 aetatis
1472 3513 1794 3584 antiquitate
1828 3515 2043 3586 jactan-

2157 3336 2294 3408 Περὶ
2321 3333 2420 3406 τῆς
2467 3332 2574 3388 τῶν
2614 3331 2920 3408 Αἰγυπτίων
2975 3331 3066 3408 κιαὶ
3103 3327 3381 3384 Χαλδαίων
3434 3325 3707 3400 μυθώδους

2743 3400 3104 3475 χρονολογίας.

2216 3519 2498 3589 Αἰγύπτιοι
2547 3517 2643 3590 μὲν
2689 3509 2781 3569 οὖν
2828 3514 2919 3568 ἐπὶ
2954 3515 3062 3568 τῶν
3103 3481 3556 3587 κομπωδέστερον
3595 3513 3708 3586 (50)

496 3655 602 3708 hoc
635 3654 688 3727 in
715 3652 1061 3727 locoaliquid
1097 3653 1284 3727 deesse
1312 3661 1530 3727 apparet
1575 3669 1642 3710 ex
1664 3655 1923 3727 particula
1951 3675 2046 3722 τε,
2077 3668 2119 3722 Β
2147 3659 2386 3714 flectunt.
2415 3657 2472 3712 In
2519 3657 2686 3727 Regio
2727 3671 2791 3712 ac
2834 3654 2970 3710 Med.
3009 3651 3220 3727 duplex
3281 3663 3364 3710 est
3390 3725 3398 3727 Α
3429 3665 3707 3725 accentus,

491 3740 612 3794 quat
631 3723 966 3797 inornnibus
991 3725 1190 3778 nostris
1216 3723 1514 3797 codicibus,
1539 3733 1592 3779 et
1613 3723 1753 3794 apud
1781 3725 2046 3797 Nicepho-

491 3792 613 3848 rum
631 3793 874 3847 habetur.
891 3792 1068 3858 Quare
1085 3794 1377 3863 supplenda
1399 3792 1769 3850 videntur—hinc
1783 3792 1940 3852 verba
1955 3800 2047 3852 καὶ⁹

492 3865 602 3917 ἀπὸ
633 3865 852 3935 μνήμης
881 3866 939 3928 ἐς
964 3866 1093 3920 ὅσον,
1118 3865 1436 3930 ἐξικνοῦντο.
1455 3863 1541 3935 illa
1575 3875 1720 3920 certe
1749 3868 1942 3935 legisse
1965 3871 2046 3921 vi-

497 3935 654 3989 detur
680 3933 926 4007 Ruﬁnus,
956 3936 1050 4004 qui
1082 3935 1160 3990 sic
1206 3936 1396 3991 vertit:
1431 3934 1679 3990 Ordinem
1731 3933 2048 4007 supradictas

496 4006 845 4075 generationis
896 4007 1088 4075 partim
1151 4011 1465 4067 memoriter,
1527 4007 1721 4073 partim
1779 4006 1937 4062 etiam
1985 4025 2049 4063 ex

499 4074 717 4196 Dicrum
748 4075 930 4140 libris,
985 4079 1041 4130 in
1089 4090 1338 4146 quantum
1381 4085 1495 4130 erat
1530 4078 1809 4144 possibile,
1858 4080 2048 4148 ρει-ἀοι

499 4161 550 4196 ce
588 4153 700 4196 aut.

495 4153 700 4198 cebant.

569 4213 778 4335 (27km
806 4213 902 4266 καὶ
924 4213 1008 4283 μὴ
1055 4215 1440 4300 ἐμμὰρτυρος.
1483 4213 1539 4268 lu
1586 4216 1769 4300 c'odicc
1803 4213 1970 4286 Regio
1997 4225 2052 4271 et

571 4284 638 4335 ud
716 4285 1027 4335 tceohot'um
1061 4285 1253 4335 lenitur
1295 4303 1341 4335 ει
1387 4286 1479 4335 xai.
1516 4286 1863 4335 ἁιιαοτυοος.
1907 4289 2048 4335 numl

498 4284 638 4356 apud
665 4284 1027 4356 Nicephgrum
1061 4285 1253 4354 legitur
1295 4287 1341 4337 εἰ
1387 4286 1830 4356 καὶᾼὰμάρτυρος
1849 4325 1863 4348 ,
1887 4284 2050 4356 "quod

500 4353 640 4407 idem
698 4363 799 4407 est.
835 4352 1163 4424 rCreterum]
1230 4356 1420 4424 quanti
1480 4352 1752 4409 fac'ierida'
1789 4358 1859 4410 sit
1927 4352 2052 4411 haec

499 4424 797 4495 evangelici
831 4423 936 4478 loci
963 4423 1272 4492 explicatio,
1297 4434 1443 4495 patet
1466 4440 1530 4477 ex
1555 4425 1636 4480 his
1663 4425 1903 4480 Africani
1933 4443 2052 4481 ver-

500 4494 618 4548 bis:
649 4495 847 4563 quippe
891 4494 983 4564 qui
1012 4496 1206 4549 fatetur
1249 4494 1366 4550 cam
1424 4495 1574 4548 nullo
1606 4496 1914 4552 testimonio
1945 4495 2053 4551 ful—

500 4563 601 4617 ciri
640 4576 881 4619 veterum
911 4563 1274 4634 scriptorum.
1306 4565 1526 4619 Admitti
1557 4575 1734 4619 tamen
1771 4582 1890 4621 eam
1942 4569 2054 4622 vult

501 4649 531 4687 a
563 4634 753 4699 nobis,
783 4651 848 4687 co
895 4637 1037 4704 quod
1087 4636 1232 4689 nulla
1268 4636 1456 4689 melior
1495 4635 1670 4689 afferri
1703 4638 1889 4704 possit.
1922 4637 2054 4704 Quae

506 4717 628 4757 cum
658 4705 726 4757 ita
753 4705 884 4768 sint,
911 4706 1102 4759 nollem
1129 4704 1416 4760 Eusebium
1443 4707 1494 4758 in
1519 4706 1783 4761 vestibulo
1803 4706 2055 4764 Historiae

504 4789 618 4846 sure
658 4775 985 4829 mentionem
1022 4777 1184 4845 hujus
1215 4777 1290 4830 rei
1320 4775 1529 4846 fecisse.
1579 4775 1760 4830 Satius
1811 4779 2053 4846 profecto

502 4842 692 4917 fuisset
718 4861 785 4917 ac
815 4842 1114 4917 consultius
1150 4849 1288 4900 hanc
1330 4845 1740 4917 Evangeliorum
1770 4842 2058 4903 dissonan-

505 4913 634 4967 tiam
683 4916 898 4969 silentio
944 4916 1235 4978 involvere,
1267 4933 1332 4971 ne
1361 4913 1652 4971 lectoribus
1679 4932 1706 4970 a
1741 4919 1842 4972 fide
1869 4929 2053 4974 nostra

506 4984 716 5058 alienis,
735 4986 1038 5058 cujusmodi
1063 4998 1190 5040 tunc
1208 4987 1461 5058 temporis
1477 4989 2054 5058 erantquamplurimi,

2153 3740 2266 3784 tum
2325 3729 2378 3782 in
2430 3730 2763 3798 penultima,

2152 3801 2292 3856 laba.
2329 3795 2491 3868 quue
2517 3800 2570 3852 in
2604 3798 2723 3853 aliis
2751 3797 2910 3868 etiam
2951 3795 3260 3868 nominibus
3298 3797 3592 3864 supradicti
3615 3795 3710 3852 co-

2152 3872 2300 3926 dices
2343 3865 2670 3948 observant,
2727 3866 2937 3948 quoties
2973 3865 3284 3948 ambiguum
3315 3873 3436 3948 est,
3467 3882 3705 3948 quonam

2153 3948 2376 3996 accentu
2432 3939 2664 3993 notanda
2712 3935 2821 3992 sint
2855 3935 3114 3990 vocabula
3143 3976 3158 4000 ,
3215 3945 3273 3989 ut
3323 3935 3610 3992 denotetur
3649 3939 3706 3992 in

2154 4011 2275 4066 aliis
2303 4009 2518 4076 quidem
2539 4007 2934 4076 exemplaribus
2963 4005 3106 4059 hunc
3143 4014 3426 4076 accentum
3445 4047 3460 4072 ,
3493 4007 3547 4061 in
3584 4007 3706 4062 aliis

2153 4095 2282 4135 vero
2313 4075 2464 4133 illum
2508 4075 2752 4148 reperiri.
2779 4076 3082 4148 Quinetiam
3109 4075 3276 4148 nostri
3299 4077 3515 4148 codices
3545 4079 3707 4146 paulo

2155 4159 2279 4204 ante
2307 4143 2584 4216 scriptum'
2601 4147 2818 4212 habent,
2850 4144 2958 4199 ἀπὸ
2985 4143 3076 4216 τοῦ
3107 4145 3269 4198 Δαὸὶδ
3313 4145 3408 4200 διὰ
3432 4143 3708 4216 Σολομῶν-

2155 4236 2245 4280 τος
2276 4219 2372 4280 τὰς
2401 4214 2592 4285 γενεὰς
2614 4214 3155 4288 καταριθμονμένοις.
3191 4216 3292 4288 δίς
3321 4216 3465 4288 enim
3515 4214 3709 4275 omnes

2157 4289 2326 4342 nostri
2354 4289 2585 4353 codices,
2621 4285 2863 4356 excepto
2898 4285 3086 4354 Hegio,
3132 4286 3225 4356 qui
3256 4286 3567 4358 Σολόμωνος
3597 4289 3708 4343 illia

2157 4359 2338 4412 habet.
2360 4390 2370 4408 ι

2229 4427 2341 4498 (29)
2377 4424 2741 4498 Ὀμομήζριοι
2768 4426 2884 4498 ἆρα
2913 4425 3180 4496 ἀδελφοί.
3221 4425 3278 4481 1η
3319 4426 3421 4480 hac
3451 4429 3706 4483 concilia-

2161 4495 2306 4551 tione
2326 4495 2487 4564 quam
2514 4495 2681 4552 refert
2710 4496 3016 4563 Africanus,
3042 4495 3150 4551 duo
3180 4506 3306 4552 sunt
3346 4513 3467 4566 qua:
3510 4501 3707 4553 nonni-

2160 4568 2237 4621 hil
2265 4567 2596 4623 diflicultatis
2626 4569 2824 4623 habere
2858 4569 3127 4621 videntur.
3162 4566 3403 4621 Primum
3431 4568 3574 4622 enim
3603 4573 3708 4623 du-

2161 4638 2395 4702 bito,an
2423 4639 2634 4692 licuerit
2686 4637 2899 4692 uterino
2943 4637 3099 4691 fratri
3138 4639 3355 4692 viduam
3393 4636 3575 4692 fratris
3620 4639 3706 4694 sui

2161 4723 2384 4762 uxorem
2418 4709 2635 4772 ducere,
2667 4718 2717 4763 et
2751 4723 2815 4761 ex
2852 4722 2916 4761 ea
2943 4707 3142 4762 liberos
3169 4723 3451 4776 procreare
3503 4710 3554 4761 in
3605 4725 3708 4763 no—

2159 4794 2283 4832 men
2314 4794 2378 4832 ac
2425 4778 2679 4832 familiam
2712 4777 2893 4831 fratris
2929 4779 3011 4832 sui
3045 4779 3385 4832 transituros.
3417 4777 3524 4832 Lex
3560 4781 3703 4833 enim

2161 4845 2557 4918 Deuteronomii
2580 4864 2698 4918 cap.
2728 4863 2833 4901 xxv
2859 4848 3095 4918 loquitur
3139 4849 3206 4903 de
3249 4848 3445 4911 fratre,
3487 4851 3579 4918 qui
3613 4850 3707 4902 ha-

2163 4917 2298 4972 bitat
2324 4921 2375 4972 in
2405 4919 2589 4973 eadem
2615 4917 2776 4972 dumo
2801 4958 2814 4980 ,
2862 4925 2914 4970 et
2955 4917 3046 4989 qui
3087 4929 3169 4973 est
3212 4917 3516 4985 συγγενής(
3547 4919 3704 4985 Quod

2163 4989 2376 5059 quidem
2411 4989 2542 5042 solis
2569 4989 2836 5059 germanis
2861 4997 2954 5041 aut
2983 4990 3400 5058 consanguineis
3425 4990 3701 5059 competit.

2839 3735 2951 3780 tum
3007 3724 3060 3778 in
3084 3795 3092 3798 _
3116 3725 3538 3798 antepenultima
3582 3729 3710 3798 syl-

514 5054 733 5126 occasio
759 5054 1268 5126 subministraretur
1299 5054 1366 5111 de
1397 5054 2056 5126 Evangeliorumveritate
2084 5062 2125 5118 C
2158 5054 2291 5112 Nam
2326 5054 2770 5113 uterinus'frater
2800 5073 2906 5111 non
2936 5069 3019 5112 cst
3060 5054 3124 5112 ex
3171 5054 3357 5114 eadem
3389 5054 3573 5122 domo,
3603 5074 3702 5113 ne-

505 5123 804 5199 dubitandi.
842 5126 997 5199 Certe
1035 5125 1290 5199 Julianus
1313 5123 1587 5199 Augustus
1618 5127 1671 5180 in
1702 5128 1839 5181 libro
1867 5141 2053 5184 contra
2160 5145 2264 5199 que
2286 5144 2350 5182 ex
2378 5129 2564 5182 eodem
2590 5143 2781 5199 genere
2809 5145 2824 5192 ;
2852 5143 2972 5182 cum
3009 5144 3196 5199 genus,
3239 5130 3532 5198 praesertim
3562 5129 3705 5198 apud

503 5193 837 5266 Christianos
880 5196 1018 5251 hanc
1058 5193 1502 5266 evangelistarum
1533 5196 1920 5252 dissensionem
1956 5215 2052 5253 no-

504 5263 589 5338 bis
619 5265 823 5338 objicit,
864 5273 1016 5338 _teste
1062 5263 1386 5338 Hieronymo
1433 5268 1487 5320 in
1544 5267 1946 5338 Commentariis
1999 5271 2051 5324 in

505 5332 834 5408 Matthmum.
863 5334 1040 5390 Locus
1084 5332 1284 5408 Iuliani
1333 5345 1512 5408 exstat
1540 5338 1681 5406 apud
1709 5337 1964 5408 Cyrillum
1999 5340 2050 5392 iu

505 5404 644 5458 libro
666 5415 856 5460 octavo
883 5417 1067 5460 contra
1117 5405 1411 5460 lulianum.
1446 5404 1647 5461 Auctor
1695 5404 2052 5471 Quaestionum

522 5472 712 5528 Veteris
737 5485 787 5530 et
813 5474 949 5529 Novi
981 5477 1314 5541 Testamenti,
1350 5493 1469 5544 cap.
1501 5476 1568 5531 56
1591 5517 1604 5540 ,
1633 5478 1699 5530 de
1729 5480 1829 5533 hac
1875 5480 2051 5532 disso-

508 5546 974 5618 nantialoquens,
1006 5547 1243 5618 Africani
1281 5547 1586 5616 opinionem
1629 5548 1914 5618 improbat.
1949 5547 2052 5604 Sed

508 5615 620 5683 ipse
647 5615 815 5670 aliam’
841 5615 993 5671 affert
1023 5617 1198 5670 minus
1231 5615 1581 5683 probabilem.
1704 5615 1719 5618 Ὗ
2014 5675 2018 5678 _

579 5683 689 5752 (28)
712 5689 952 5741 Ματθίιν
979 5690 1010 5741 ό
1051 5686 1166 5740 ἀπὸ
1201 5686 1566 5755 Σολομῶνος.
1607 5687 1738 5742 Mira
1763 5698 1846 5744 est
1877 5689 2051 5744 varie-

511 5761 869 5827 tasaccentus
905 5758 955 5810 in
990 5758 1091 5811 hoc
1137 5759 1371 5810 nurnine.
1409 5757 1544 5811 Maz.
1593 5760 1808 5827 quidem
1836 5768 1889 5814 et
1912 5759 2044 5815 Euk.

513 5825 679 5896 codex
707 5835 984 5881 accentum
1037 5827 1243 5896 habent
1287 5827 1337 5880 in
1387 5825 1823 5896 antepenultima.
1889 5829 2046 5884 Nice-

514 5894 715 5965 phorus'
763 5910 890 5951 vero
930 5907 982 5952 et
1030 5895 1164 5956 Fuk.
1209 5899 1374 5954 codex
1423 5894 1769 5968 penultimam
1805 5901 2041 5958 circum-

2158 5198 2394 5263 Judmos,
2422 5214 2484 5252 ex
2515 5198 2733 5267 paterna
2760 5200 2926 5266 stirpe
2942 5199 3192 5253 ducatur.
3222 5204 3379 5252 Certe
3417 5199 3705 5255 Africanus

2156 5270 2353 5324 diserte
2399 5278 2624 5323 testatur
2669 5268 2928 5323 Jacobum
2969 5278 3022 5323 et
3067 5267 3180 5323 Heli
3223 5267 3418 5324 fratres
3458 5270 3702 5324 uterinos

2156 5340 2488 5394 contribules
2537 5340 2754 5407 quidem
2792 5337 2959 5391 fuisse
2985 5377 2999 5395 .
3034 5354 3101 5392 ex
3134 5339 3350 5394 diverso
3400 5349 3577 5393 tamen
3611 5354 3704 5407 ge-

2157 5425 2303 5481 nere,
2327 5411 2388 5461 ὲκ
2416 5409 2679 5481 διαφόρων
2698 5409 2789 5463 δύο
2810 5408 2994 5481 γενῶν.
3019 5410 3266 5464 Secundo
3296 5411 3413 5466 loco
3457 5409 3707 5481 dubitare

2157 5480 2280 5548 quis
2311 5495 2414 5532 non
2438 5480 2704 5535 immerito
2762 5480 2928 5542 ossit,
2959 5490 3136 5533 utrum
3178 5482 3230 5533 in
3265 5480 3704 5549 generationibus

2159 5550 2498 5604 recensendis
2521 5551 2704 5604 ratioa
2727 5496 2926 5604 ςυιιωίε
2949 5551 3127 5604 habita
3158 5552 3227 5604 sit
3254 5562 3463 5604 patrum
3495 5550 3704 5604 adopti-

2159 5550 2498 5620 recensendis
2521 5551 2704 5604 ratioa
2729 5550 2926 5604 Judzeis
2949 5551 3127 5606 habita
3158 5552 3227 5607 sit
3253 5562 3463 5620 patrum
3495 5550 3707 5618 adopti-

2157 5634 2369 5672 vnrum.
2407 5619 2717 5688 Exemplum
2747 5619 3005 5675 habemus
3033 5623 3238 5676 illustre
3262 5625 3314 5675 in
3350 5621 3519 5682 Obed,
3547 5621 3708 5687 cujus

2155 5689 2207 5742 in
2247 5691 2558 5760 genealogia
2585 5690 2784 5744 Christi
2819 5691 2877 5743 fit
2905 5695 3127 5746 mentio.
3164 5690 3297 5746 Nam
3332 5709 3455 5747 cum
3492 5691 3702 5745 Maalon

3454 5771 3702 5814 lﬂOi'lllllS

2223 5830 2329 5900 (30)
2359 5829 2753 5905 _Ko,um36éo't.
2812 5831 2941 5905 Leg.
3001 5835 3204 5905 χρόνων
3259 5831 3702 5902 κομπωδέστερον

2153 5900 2522 5972 φλυαροῦντες.
2549 5901 2715 5958 Gen.
