4006 6356
319 373 395 432 65

1271 378 1434 446 QUIE
1475 378 1883 436 SUPERSUNT
1923 380 2013 435 EX
2054 381 2278 439 LIBRI‘.‘
2314 383 2706 446 CHROSOGR.
3476 399 3542 452 66

324 493 528 567 χρόνων
569 493 698 564 περὶ
734 493 834 557 τὰς
886 493 1162 566 περιόδους
1194 494 1286 548 καὶ
1324 493 1586 566 μυριάδας
1607 495 1762 562 ἐτῶν,
1791 513 1863 550 κα

1989 499 2098 558 tius
2124 500 2319 556 elocuti
2343 540 2358 566 ,
2384 517 2480 571 per
2503 519 2770 562 annorum
2797 509 3166 570 revolutiones
3187 523 3242 571 et
3267 519 3541 590 myriades

324 583 542 639 τάθεσίν
570 600 690 637 τινα
716 583 824 636 τῶν
862 584 997 656 παρ’
1024 584 1208 648 αὐτοῖς
1246 584 1752 657 ἀστρολογουμένων
1774 585 1890 649 ἐξέ-

322 675 497 729 θεντο·
538 675 606 738 ἃς
651 675 793 738 τινὲς
834 675 946 729 τῶν
985 673 1156 730 ταῦτα
1201 675 1457 748 ἀκριϐοῦν
1496 675 1757 739 δοξάντων
1793 693 1887 730 συ-

324 764 659 828 στέλλοντες,
688 765 1025 835 σεληνιαίους
1057 761 1206 818 εἷπον
1232 767 1526 830 ἐνιαυτοὺς,
1554 767 1702 820 οὐδὲν
1734 767 1888 820 ἐλατ-

315 873 411 910 τον
443 859 540 912 ἐπὶ
568 858 630 912 τὸ
659 859 904 931 μυθῶδες
929 862 1344 925 ἀπονενευκότες
1382 864 1747 934 συμπίπτουσι
1770 867 1888 928 ταῖς

319 949 465 1002 ὀκτὼ
491 951 588 1003 καὶ
620 951 775 1004 ἐννέα
797 951 1032 1021 χιλιάσιν
1058 951 1214 1018 ἐτῶν,
1239 953 1305 1017 ἀς
1326 955 1633 1024 Αἰγυπτίων
1657 956 1704 1008 οἱ
1739 955 1886 1029 παρὰ

321 1039 572 1094 Πλάτωνι
602 1041 764 1112 ἱερεῖς
788 1043 868 1104 είς
897 1041 1104 1094 Σόλωνα
1149 1043 1605 1114 καταριθμοῦντες
1635 1045 1733 1098 οὐκ
1758 1045 1887 1117 ἀλη-

324 1131 562 1187 θεύουσι.
593 1134 705 1186 Καὶ
743 1135 872 1202 μετ’
900 1135 1088 1204 ὀλίγον
1121 1136 1199 1188 Τά
1241 1135 1348 1208 γὰρ
1377 1135 1632 1190 Φοινίκων
1654 1139 1884 1208 τρισμύ-

321 1242 410 1295 ρια
445 1223 564 1295 ἐτη,
594 1223 626 1294 ἦ
648 1225 739 1278 τὸν
763 1225 871 1278 τῶν
891 1226 1165 1280 Χαλδαίων
1193 1227 1375 1300 λῆρον,
1399 1228 1458 1281 τὸ
1485 1227 1592 1282 τῶν
1621 1229 1884 1299 τεσσαρά-

315 1333 483 1370 κοντα
518 1315 666 1370 ὀκτὼ
694 1319 986 1389 μυριάδων,
1015 1318 1069 1372 τί
1105 1319 1185 1372 δεῖ
1221 1320 1431 1387 λέγειν;
1461 1323 1524 1375 ἐκ
1548 1321 1749 1376 τούτων
1773 1323 1881 1393 γάρ

323 1407 574 1461 Ἰουδαῖοι
603 1409 666 1462 τὸ
705 1409 963 1464 ἀνέκαθεν
997 1411 1128 1483 (51),
1152 1414 1428 1482 γεγονότες
1465 1414 1571 1467 ἀπὸ
1610 1414 1877 1486 Ἀϐραὰμ,

306 1498 639 1569 ἀρξάμενοι,
670 1501 994 1573 ἀτυφότερόν
1030 1521 1088 1556 τε
1119 1505 1212 1557 καὶ
1241 1504 1591 1577 ἀνθρωπίνως
1623 1507 1759 1578 μετά
1786 1508 1880 1562 τοῦ

305 1588 552 1659 ἀληθοῦς
572 1591 661 1644 διὰ
691 1591 786 1644 τοῦ
814 1593 1088 1658 Μωῦσέως
1118 1595 1420 1666 πνεύματος
1440 1597 1791 1667 διδαχθέντες,
1815 1599 1877 1654 ἐκ

303 1697 361 1734 τε
407 1681 523 1734 τῶν
576 1682 778 1736 λοιπῶν
811 1683 1108 1756 Ἑϐραϊκῶν
1159 1687 1425 1760 ἱστοριῶν,
1471 1689 1698 1760 ἀριθμὸν
1741 1690 1878 1745 ἐτῶν

301 1774 574 1838 πεντάκις
604 1775 793 1846 χιλίων
823 1778 1184 1832 πεντακοσίων
1209 1781 1288 1843 είς
1313 1780 1408 1852 τὴν
1441 1782 1760 1851 ἐπιφάνειαν
1779 1783 1873 1836 τοῦ

1989 600 2326 660 prorogatam
2351 597 2641 664 quamdam
2666 599 2858 655 seriem
2885 617 2950 656 ex
2979 606 3317 677 astrologicis
3332 614 3543 682 experi-

1990 683 2185 736 mentis
2209 693 2553 741 statuerunt:
2584 703 2720 757 quas
2747 692 2962 760 quidem
3002 695 3038 748 ii
3085 697 3176 765 qui
3206 713 3264 752 se
3299 702 3539 769 penitius

1989 773 2290 842 inspexisse
2321 777 2678 846 arbitrantur,
2707 785 3017 839 summatim
3043 786 3305 858 legentes,
3340 791 3543 851 fabulis

1988 866 2160 920 nihilo
2208 868 2388 925 secius
2439 869 2676 936 addicti,
2730 889 2904 931 annos
2954 877 3264 946 huiusmodi
3321 883 3544 940 lunares

1986 958 2257 1026 putandos
2294 962 2586 1014 commenti
2621 973 2779 1027 sunt,
2813 974 2866 1018 et
2895 967 3137 1025 conﬁctis
3173 982 3294 1026 octo
3325 975 3408 1028 vel
3441 991 3537 1029 no.

1985 1068 2104 1105 vem
2137 1069 2403 1107 annorum
2449 1055 2801 1124 millenariis,
2847 1073 2968 1128 qua:
3013 1059 3226 1129 Soloni,
3260 1067 3406 1122 velut
3447 1082 3545 1121 auo

1984 1143 2144 1203 clori.
2169 1143 2544 1214 Egyptiorum
2579 1149 2886 1205 sacerdotes
2904 1153 3041 1221 apud
3059 1152 3332 1212 Platonem
3361 1174 3539 1228 quon-

1984 1233 2107 1289 dam
2144 1237 2549 1307 ascripserunt,
2598 1256 2628 1295 a
2667 1242 2895 1298 veritate
2944 1246 3236 1315 probavere
3275 1265 3334 1304 se
3377 1251 3538 1321 longe

1983 1325 2225 1382 dissitos.
2272 1327 2340 1380 Et
2383 1331 2698 1399 quibusdam
2745 1335 3030 1403 interjeclis
3055 1352 3074 1390 :
3112 1338 3158 1390 Α
3190 1337 3569 1398 Phcenicibus

1981 1418 2182 1487 pariter
2213 1421 2483 1491 myriades
2518 1439 2786 1479 annorum
2823 1436 2930 1481 tres
2953 1428 3219 1497 jactatas,
3251 1431 3535 1487 Chaldaeo-

1982 1524 2213 1580 rumque
2241 1512 2428 1567 deliria
2455 1553 2470 1578 ,
2510 1530 2610 1568 nec
2649 1531 2758 1570 non
2783 1519 3140 1590 quadraginta
3169 1531 3222 1576 et
3248 1531 3369 1577 octo
3400 1523 3536 1578 alias

1982 1602 2284 1674 myriades,
2331 1605 2458 1674 quid
2505 1622 2810 1664 memorare
2850 1626 3072 1667 necesse
3109 1614 3235 1668 est?
3293 1615 3338 1667 Α
3373 1613 3538 1670 Chal-

1981 1691 2110 1747 daeis
2134 1693 2276 1747 enim
2309 1710 2405 1763 per
2427 1695 2793 1753 Abrahamum
2821 1709 3023 1770 patrem
3051 1703 3154 1756 orti
3183 1702 3351 1759 Judzei
3369 1745 3382 1770 ,
3408 1720 3538 1759 vero

1981 1780 2179 1855 Moysis
2211 1786 2403 1855 spiritu
2457 1787 2686 1854 imbuti,
2725 1806 2831 1860 qua
2861 1791 3016 1848 dccet
3044 1794 3292 1852 homines
3318 1813 3348 1851 a
3389 1796 3534 1852 fastu

299 1866 582 1937 σωτηρίου
633 1867 746 1939 (32)
794 1868 951 1937 λόγου
998 1869 1093 1942 τὴν
1141 1872 1232 1925 ἐπὶ
1275 1873 1373 1943 τῆς
1423 1874 1719 1946 μοναρχίας
1766 1875 1864 1930 τῶν

1977 1876 2182 1931 alienos
2201 1917 2216 1940 ,
2243 1878 2434 1948 suique
2461 1895 2726 1936 memores
2746 1923 2761 1948 ,
2785 1883 3046 1939 modestia
3064 1925 3079 1950 ,
3107 1902 3172 1940 ex
3199 1887 3401 1944 relictis
3428 1889 3532 1944 sibi

296 1959 604 2030 Καισάρων
637 1963 1045 2033 κηρυσσομένην
1074 1965 1530 2036 παραδεδώκασιν.

1976 1965 2327 2049 lLebrzeorum
2375 1972 2742 2026 monumentis
2785 1988 3052 2030 annorum
3085 1977 3377 2049 quinquies
3411 1981 3530 2034 mil-

494 2023 507 2030 _
694 2023 727 2032 η
882 2023 894 2033 _
1003 2023 1014 2033 _
1151 2023 1163 2036 ,
2550 2023 2559 2024 κ
2786 2023 3052 2030 τ----------
3087 2023 3377 2049 .,-....,...-..

297 2054 442 2108 lium
501 2067 558 2109 et
605 2055 1024 2126 quingentorum
1081 2075 1364 2114 numerum
1397 2077 1569 2132 usque
1620 2061 1687 2118 ad
1715 2059 1968 2118 salutaris
1995 2023 2155 2116 Verbi
2213 2063 2502 2120 adventum
2558 2065 2661 2120 sub
2712 2066 2987 2123 Caesarum
3045 2070 3274 2140 imperio
3328 2077 3532 2131 mundo

292 2146 624 2218 evulgatum
667 2147 902 2216 posteris
934 2148 1289 2204 tradiderunt.

765 2355 838 2408 Πε
847 2351 900 2425 pl.
932 2352 1038 2408 τῶν
1075 2356 1406 2428 ὲγρηγόρων.

361 2444 623 2517 Πλήθους
672 2446 968 2518 ἀνθρώπων
1007 2436 1294 2520 γενομένου
1335 2450 1429 2502 ἐπὶ
1477 2450 1574 2521 τῆς
1609 2449 1732 2519 γῆς,
1769 2449 1872 2519 ἀγ-

292 2537 448 2606 τελοι
492 2538 590 2592 τοῦ
628 2539 854 2611 οὐρανοῦ
890 2541 1218 2614 θυγατράσιν
1250 2543 1546 2615 ἀνθρώπων
1589 2543 1864 2613 συνῆλθον.

292 2629 386 2682 Ἐν
415 2629 582 2693 ἐνίοις
607 2632 959 2728 ἀντιγραφῆς
989 2626 1165 2706 εὗρον,
1207 2637 1261 2688 οἱ
1287 2636 1399 2688 υἱοὶ
1429 2635 1534 2690 τοῦ
1558 2635 1722 2689 Θεοῦ.
1757 2636 1870 2689 Μυ-

292 2720 517 2774 θειΞεται
557 2721 637 2787 δὲ,
680 2722 754 2786 ὡς
797 2718 949 2793 οἶμαι
978 2724 1118 2796 (55),
1150 2724 1257 2777 ἀπὸ
1297 2725 1389 2778 τοῦ
1443 2724 1570 2796 Σὴθ,
1616 2725 1721 2778 ὑπὸ
1772 2725 1866 2778 τοῦ

293 2809 641 2880 Πνεῦματος,
686 2813 734 2864 οἱ
774 2812 882 2864 υἱοὶ
915 2812 1046 2866 Θεοῦ
1094 2813 1608 2886 προσαγορεύονται,
1635 2813 1724 2868 διὰ
1745 2815 1870 2878 τοὺς

295 2899 392 2953 ἀπ’
439 2900 616 2953 αὑτοῦ
665 2901 1184 2974 γενεαλογουμένους
1229 2903 1464 2966 δικαίους
1509 2921 1568 2956 τε
1621 2902 1713 2956 καὶ
1758 2921 1866 2958 πα-

297 2991 583 3062 τριάρχας,
631 2991 759 3064 ἄχρι
803 2992 896 3045 τοῦ
942 2993 1207 3064 Σωτῆροςο
1244 2995 1369 3056 τοὺς
1396 2994 1441 3048 δ’
1470 2993 1576 3048 ἀπὸ
1602 2994 1742 3047 Κάῖν
1773 2996 1868 3048 ἀν-

303 3079 550 3153 θρώπους
595 3082 892 3136 ἀποκαλεῖν
934 3083 1044 3153 (54)
1082 3083 1307 3155 σπορὰν,
1358 3083 1433 3148 ὡς
1491 3083 1665 3136 οὐδέτι
1725 3083 1866 3140 θεῖον

299 3173 603 3244 ἐσχηκότας
632 3174 720 3227 διὰ
761 3174 1024 3246 πονηρίαν
1053 3174 1266 3243 γένους,
1296 3175 1388 3228 καὶ
1413 3174 1500 3229 διὰ
1526 3176 1624 3246 τῆς
1653 3175 1865 3245 φύσεως

1465 2241 1530 2298 ll.
1575 2242 1740 2310 Ibid.,
1775 2261 1898 2316 pag.
1931 2242 2034 2310 i9,
2069 2239 2144 2294 aI.
2180 2239 2266 2292 i5.

2545 2351 2622 2409 De
2677 2354 2978 2426 egregoris.

2041 2446 2216 2502 Aucta
2253 2460 2415 2515 super
2451 2451 2652 2501 terram
2687 2448 2969 2502 hominum
3011 2449 3390 2519 multitudine,
3423 2467 3526 2510 an-

1972 2537 2074 2610 geli
2112 2537 2234 2592 cacli
2274 2535 2486 2591 ﬁliabus
2514 2535 2796 2590 hominum
2827 2538 3099 2593 commisti
3135 2547 3284 2594 sunt.
3317 2539 3374 2594 In
3403 2542 3529 2611 qui-

1971 2629 2199 2683 busdam
2222 2627 2620 2698 exemplaribus
2644 2627 2767 2698 legi,
2791 2629 2893 2698 ﬁlii
2916 2629 3032 2684 Dei.
3053 2629 3279 2697 lndicat,
3301 2641 3360 2686 ut
3382 2648 3526 2699 reor,

1972 2719 2210 2790 Spiritus
2241 2727 2464 2774 sanctus
2497 2733 2525 2772 a
2563 2718 2694 2773 Seth
2729 2728 2879 2789 patre
2912 2720 3005 2775 Dei
3044 2721 3181 2777 ﬁlios
3214 2723 3428 2792 vocari,
3458 2723 3527 2778 ob

1969 2820 2157 2866 enatos
2193 2826 2262 2865 ex
2299 2809 2419 2880 ejus
2463 2810 2630 2879 stirpe
2665 2825 2838 2880 usque
2874 2810 2939 2866 ad
2981 2811 3315 2868 Salvatorcm
3345 2813 3524 2886 justos

1968 2911 2023 2956 et
2054 2900 2431 2972 patriarchas;
2468 2897 2600 2954 Cain
2639 2915 2770 2954 vero
2805 2902 3112 2971 progeniem
3134 2943 3150 2969 ,
3191 2918 3288 2957 ceu
3324 2905 3396 2958 nil
3435 2905 3522 2959 di-

1968 2992 2154 3046 vinum
2187 2991 2507 3046 referentem
2527 3031 2542 3057 ,
2573 2991 2642 3046 ob
2671 2993 2886 3063 generis
2919 2993 3237 3063 pravitatem
3279 3011 3345 3052 ac
3383 3011 3520 3051 con-

1967 3081 2105 3138 fusae
2158 3092 2366 3138 natura:
2419 3082 2956 3148 dissimilitudinem,
3002 3083 3287 3140 hominum
3331 3100 3518 3143 semen

1967 3173 2230 3243 appellat;
2262 3174 2571 3246 eisdemque
2603 3176 2987 3248 indignationis
3016 3193 3128 3234 sua:
3157 3180 3314 3250 signa
3344 3179 3514 3236 Deum

296 3232 998 3336 ἀνόμοιονίέπιμιχθέντων
1020 3232 1334 3336 αθτῶνίτίὴν
1361 3232 1724 3336 ἀγανάκττλσιν
1752 3232 1862 3338 (55)

1967 3263 2232 3318 intlixisse
2261 3272 2468 3318 narrat.
2502 3264 2572 3318 At
2602 3265 2649 3320 si
2691 3265 2759 3320 de
2805 3265 3011 3336 angelis
3053 3283 3362 3322 sermonem
3403 3269 3520 3324 ﬁeri

298 3354 632 3425 ποιήσασθαι
660 3356 752 3408 τὸν
781 3355 930 3409 Θεὸν.
966 3356 1028 3409 Εἰ
1056 3355 1110 3408 δὲ
1137 3355 1222 3408 ἐπ’
1251 3356 1494 3425 ἀγγέλων
1527 3359 1695 3410 νοοῖτο
1720 3357 1862 3430 ἐχειν

298 3446 536 3509 τούτους,
569 3446 701 3510 τοὺς
738 3446 866 3518 περὶ
913 3446 1140 3518 μαγείας
1183 3447 1274 3501 καὶ
1321 3447 1610 3518 γοητείας,
1655 3447 1764 3502 ἐτει
1805 3448 1862 3501 δὲ

297 3537 544 3609 ἀριθμῶν
573 3535 688 3609 (36)
719 3538 1003 3608 κινήσεως,
1035 3537 1140 3592 τῶν
1175 3537 1458 3610 μετεώρων
1501 3542 1619 3604 ταῖς
1649 3539 1862 3610 γυναιξὶ⁸

305 3628 391 3700 τὴν
438 3628 650 3699 γνῶσιν
690 3629 1142 3701 παραδεδωκέναι,
1188 3630 1282 3699 ἀφ’
1321 3624 1397 3684 ὧν
1439 3630 1698 3702 ἐποίησαν
1735 3634 1860 3696 τοὺς

317 3721 491 3784 παῖδας
533 3721 666 3785 τοὺς
708 3721 988 3790 γίγαντας,
1025 3720 1092 3774 δι’
1125 3720 1217 3784 οὓς
1253 3720 1353 3792 τῆς
1394 3721 1587 3786 κακίας
1617 3723 1860 3792 ἐπιγενο-

320 3810 485 3882 thing,
512 3812 662 3881 ἐτνω
687 3814 794 3866 πᾶν
817 3813 1074 3883 ἀφανίσαι
1099 3811 1250 3879 ζώων
1281 3813 1434 3882 γένος
1453 3816 1482 3868 ό
1511 3813 1643 3879 Θεὸς
1673 3818 1730 3869 ὲν
1761 3833 1861 3870 κα-

313 3903 594 3976 τακλυσμῷ
625 3904 874 3958 ἄπιστον.

1971 3355 2274 3411 sentiamus
2301 3395 2315 3419 ,
2348 3355 2542 3426 magiis
2569 3364 2624 3412 et
2654 3357 2940 3427 praestigiis
2971 3357 3181 3414 deditos
3214 3360 3388 3430 accipi
3427 3375 3520 3414 ue-

1965 3461 2120 3503 eesse
2141 3455 2259 3513 est,
2283 3447 2375 3516 qui
2401 3456 2673 3502 astrorum
2703 3457 2756 3503 et
2779 3465 3132 3506 numerorum
3165 3461 3371 3508 motum
3389 3494 3404 3521 ,
3433 3469 3520 3510 re-

1967 3554 2200 3610 rumque
2229 3540 2546 3596 sublimium
2566 3542 2649 3596 vel
2667 3552 3029 3598 meteororum
3055 3545 3303 3600 notitiam
3323 3547 3515 3602 mulie-

1963 3631 2118 3686 ribus
2158 3631 2524 3699 tradiderunt,
2559 3633 2792 3704 quorum
2825 3649 3120 3706 congressu
3151 3648 3517 3708 conceperunt

1965 3720 2071 3776 illa:
2100 3721 2376 3791 gigantes,
2408 3737 2438 3776 a
2478 3723 2678 3792 quibus
2715 3725 2982 3780 scelerum
3013 3729 3257 3782 omnium
3287 3727 3518 3784 colluvie

1963 3811 2019 3865 in
2070 3813 2386 3867 universum
2432 3813 2616 3868 orbem
2664 3825 2994 3886 propagata,
3043 3818 3306 3887 perﬁdum
3354 3831 3516 3874 omne

1962 3901 2258 3957 viventium
2287 3919 2456 3981 genus
2484 3903 2687 3961 diluvio
2712 3906 2936 3975 perdere
2963 3906 3106 3963 Deus
3133 3909 3390 3965 decrevit.

1518 4015 1603 4075 Ill.
1645 4015 1809 4085 Ibid.,
1847 4034 1968 4089 pag.
2007 4016 2106 4084 8i,
2147 4016 2222 4071 al.
2262 4015 2353 4073 65.

372 4114 548 4185 ’Δδὲμ
601 4111 889 4182 γενόμενος
937 4108 1072 4165 ἐτῶν
1118 4109 1192 4164 σλ⁹
1237 4111 1401 4182 γεννᾷ
1449 4109 1539 4164 τὸν
1582 4109 1687 4182 Σήθ
1709 4126 1724 4140 ·
1771 4110 1862 4164 καὶ

291 4206 503 4270 τούτοις
553 4203 819 4276 ἐπιζήσας
861 4203 956 4275 ἐτη
1009 4201 1063 4274 ψ
1103 4201 1401 4267 ἀπέθανεν,
1446 4203 1564 4276 ἦτοι
1606 4203 1858 4275 δεύτερον

289 4297 547 4353 θάνατον.

356 4389 477 4460 Σὴθ
508 4387 794 4459 γενόμενος
824 4384 960 4440 ἐτῶν
998 4391 1072 4439 σε’
1104 4385 1357 4455 ἐγέννησε
1390 4383 1480 4439 τὸν
1517 4384 1703 4451 Ἐνὼςο
1746 4386 1853 4441 ἀπὸ

297 4482 482 4552 ’Δδάμ
518 4479 694 4535 τοίνυν
743 4479 902 4552 μέχρι
945 4478 1207 4548 γενέσεως
1249 4476 1434 4544 Ἐνὼς,
1467 4478 1562 4551 ἐτη
1605 4479 1675 4534 τά
1717 4480 1852 4553 σύμ.

283 4589 475 4628 παντα
497 4571 623 4624 υλε¹.

369 4663 546 4727 Ἑνὼς
577 4663 832 4736 ὑπάρχων
863 4661 996 4716 ἐτῶν
1022 4665 1134 4734 ριτέ
1161 4661 1272 4732 (57)
1311 4663 1473 4734 γεννᾷ
1503 4661 1593 4716 τὸν
1622 4664 1850 4717 Καῖνᾶν.

287 4810 553 4856 mortuus
577 4798 768 4855 fuisset
796 4801 851 4853 in
887 4797 1194 4864 Moabitide,
1229 4807 1283 4854 et
1311 4797 1456 4852 Ruth
1484 4799 1703 4854 viduam
1734 4799 1854 4854 abs-

287 4888 397 4941 que
433 4872 623 4925 liberis
645 4870 972 4941 reliquisset,
994 4868 1388 4941 Boozagnatus
1417 4867 1852 4941 Maalonis,_pro-

286 4939 531 4996 iimiore
579 4939 776 5011 agnato
797 4941 886 5010 jus
931 4955 1090 4994 suum
1144 4939 1247 5011 ipsi
1281 4939 1658 5011 concedente,
1705 4939 1849 5011 Bu_th

285 5027 524 5068 uxorem
555 5007 918 5080 ac'cepit,'quo
941 5025 1122 5063 semen
1161 5007 1389 5080 Maaloni
1425 5010 1734 5080 suscitaret.
1763 5007 1845 5080 Ex;

281 5097 351 5138 ea
395 5091 579 5135 tamen
611 5077 1092 5150 genitus’Obedus,
1123 5095 1226 5134 non
1255 5079 1514 5150 Maalouis
1547 5079 1640 5134 sed
1681 5077 1847 5150 Boozi

282 5153 443 5207 ﬁlius
471 5149 672 5205 dicitur
696 5152 764 5205 ab
788 5149 1148 5218 evangelistis,
1181 5149 1273 5219 qui
1305 5149 1844 5219 Christigprosapjam

283 5228 620 5286 texuerunt;
655 5229 708 5275 et
732 5225 784 5275 in
827 5217 998 5283 libro,
1027 5219 1117 5288 qui
1149 5217 1461 5274 inscribitur
1501 5217 1665 5274 Ruth.
1689 5217 1848 5288 _’Scio

323 5291 427 5346 uid
455 5291 768 5358 responderi
808 5290 980 5360 possit
1011 5286 1295 5360 :‘Moysem
1349 5289 1554 5344 scilicet
1585 5289 1651 5343 de
1679 5286 1847 5360 (ratre

325 5357 567 5415 untaxat
586 5357 823 5415 locutum
839 5377 853 5425 ;
887 5358 1122 5414 Boozum
1147 5357 1274 5414 vero
1303 5361 1522 5413 fratrem
1547 5373 1652 5412 non
1677 5357 1846 5413 fuisse

281 5430 580 5494 Maalonis,
609 5445 672 5484 ac
701 5430 924 5500 proinde
952 5429 1121 5500 legem
1144 5445 1250 5498 qua
1271 5429 1558 5500 jubebatur
1600 5436 1659 5500 ut
1705 5428 1848 5483 ﬁlius

280 5517 352 5556 ex
379 5501 566 5554 fratris
587 5500 748 5554 viilua
775 5508 1055 5568 susceptus
1079 5499 1194 5568 ejus
1217 5501 1436 5553 nomine
1466 5499 1842 5568 appellaretur,

284 5572 360 5626 ad
410 5571 652 5624 Boozum
708 5586 812 5624 non
865 5569 1205 5638 pertinuisse.
1260 5569 1458 5624 Deinde
1504 5569 1609 5623 dici
1632 5577 1841 5638 potest,

284 5583 360 5626 ad
412 5583 652 5624 tmozum
708 5586 812 5624 non
865 5583 1205 5638 pertinuisse.
1260 5583 1458 5624 uernae
1504 5583 1840 5692 uicichtest,

283 5640 534 5696 Boozum
585 5640 790 5694 idcirco
845 5639 1112 5692 nominari
1162 5639 1215 5691 in
1249 5638 1590 5708 generatione
1666 5639 1840 5704 hristi,

285 5715 441 5782 quod,
462 5710 729 5782 illustrior
765 5711 1057 5782 exstitisset
1079 5724 1237 5782 quam
1268 5708 1498 5782 Maalon.

301 5777 323 5782 ’
365 5781 477 5890 (51)
512 5780 576 5832 Τὸ
605 5779 843 5866 (tremo.
876 5778 1000 5848 Leg.
1043 5779 1319 5847 γεγονότες
1358 5779 1464 5836 ἀπὸ
1504 5777 1751 5850 Ἀϐραὰμ
1782 5777 1843 5831 τὸ

288 5849 556 5906 ἀν-καθεν
581 5851 894 5918 ἀρξαμενοι.
931 5848 1104 5905 Goan.

337 5868 556 5905 νεκαυεν
581 5868 894 5905 αβςαμενοι.
931 5868 1104 5905 υΟΔΚ.

2033 4107 2168 4164 Cum
2207 4117 2353 4165 esset
2387 4107 2627 4164 Adamus
2655 4125 2921 4166 annorum
2951 4111 3094 4178 230,
3123 4114 3306 4184 genuit
3333 4115 3463 4172 Seth
3492 4136 3507 4184 ;

1960 4208 2073 4256 tum
2107 4216 2238 4256 vero
2281 4210 2559 4271 superstes
2589 4201 2749 4257 annis
2792 4201 2895 4257 700
2939 4203 3060 4260 luce
3105 4205 3370 4276 privatur,
3402 4209 3507 4266 hoc

1955 4301 2041 4349 est
2071 4293 2366 4349 secundam
2401 4301 2630 4369 mortem
2660 4294 2793 4348 obiit

2031 4383 2160 4439 Seth
2207 4383 2365 4439 annis
2404 4382 2511 4439 205
2542 4394 2701 4439 natus
2740 4385 2924 4455 genuit
2958 4385 3141 4454 Enos;
3186 4387 3257 4442 ab
3298 4387 3510 4446 Adamo

1957 4474 2140 4548 itaque
2176 4492 2356 4547 usque
2397 4477 2466 4533 ad
2509 4475 2656 4533 Enos
2687 4477 2920 4533 natalem
2965 4479 3108 4535 diem
3157 4492 3512 4538 numerantur

1888 4583 1932 4640 υ
1955 4569 2084 4624 anui
2110 4555 2236 4624 ΑΒΕ.

2025 4657 2169 4714 Enos
2202 4673 2470 4715 annorum
2504 4659 2606 4716 190
2636 4659 2822 4730 genuit
2850 4659 3085 4718 Cainan.

2023 4791 2147 4866 (ὅθ)
2168 4795 2272 4860 Εἰς
2308 4793 2422 4863 τὴν
2461 4794 2812 4865 ἐπιφάνειαν
2851 4797 2958 4851 τοῦ
2998 4811 3213 4866 σωτηρ.
3245 4797 3503 4865 Observa,

1951 4865 2153 4920 Christi
2199 4865 2433 4936 natalem
2477 4867 2617 4936 diem
2665 4867 2980 4936 ἐπιφάνειαν
3031 4865 3216 4922 vocari
3264 4869 3502 4926 Africani

1954 4935 2295 5017 testimpnio,
2343 4935 2438 5004 qui
2484 4935 2779 4992 Antonino
2819 4935 3166 5008 Heliogabalo
3205 4938 3506 5010 imperante

1951 5001 2266 5150 Ἠῖἕέείιῖὸς
2291 5069 2465 5150 φῖμιμο
2506 5073 2746 5150 leg--6»:
2781 5070 2956 5150 ρῖιεσμρ
2999 5075 3103 5129 ὑπὸ
3129 5077 3222 5130 τοῦ
3257 5077 3504 5150 Πνεῦμα-

1947 5163 2058 5220 τος,
2086 5145 2167 5197 ὅτι
2193 5147 2240 5196 οἱ
2269 5145 2373 5197 υἱοὶ
2399 5144 2533 5198 Θεοῦ
2573 5144 2678 5198 ἀπὸ
2715 5146 2807 5198 τοῦ
2843 5144 2956 5217 Σὴθ
2994 5144 3500 5220 προσαγορεύονται.

1949 5214 2130 5426 “is:

2177 5284 2533 5339 Ἀποκωῑεῖν.
2566 5283 2692 5354 Leg.
2717 5286 2996 5340 ἀποκαλεῖ.
3030 5286 3105 5341 In.

2040 5356 2124 5438 ξεί)
2147 5354 2555 5438 Τὴνάγᾳζάκτ.
2682 5356 3046 5438 ἀγανάικτησιν
3063 5355 3401 5429 κινήσασθαι.
3421 5360 3498 5414 lu.

1921 5423 2224 5479 ‘—‘L0cus
2253 5423 2540 5480 manifeste
2567 5425 2820 5480 vitiosus.
2850 5423 2956 5478 Eo.‘
2982 5425 3154 5480 ΡΑτιι.

1922 5501 1926 5508 ’
1978 5565 1996 5568 _
2018 5495 2129 5568 (36)
2144 5497 2294 5568 Ἔτει
2317 5494 2385 5548 δέ
2403 5496 2628 5568 ἀριθη-
2641 5496 3077 5568 Ἐσχολακότας
3093 5493 3328 5568 συνιέναι
3370 5503 3497 5568 χρὴ,

1943 5563 2043 5637 οὓς⁸
2065 5565 2172 5619 τῶν
2201 5564 2415 5637 ἄστρων
2455 5563 2856 5637 κινήσεωςςκαὶ
2907 5567 3014 5637 τῶν
3061 5563 3348 5637 peranin

1943 5628 2139 5704 γνῶσιν
2153 5638 2272 5698 ταῖς
2286 5628 2420 5703 γυνα
2430 5635 2498 5699 ιᾷ
2513 5628 2939 5704 παραδεδωκέναι
2961 5628 3123 5702 λέγει,
3140 5635 3231 5704 ἀφ’
3241 5628 3369 5692 ῶν..
3379 5675 3396 5692 .
3419 5628 3494 5692 ui.

2015 5707 2126 5777 (37)
2168 5706 2344 5777 Ὲτῶν
2377 5709 2513 5776 ριιέ.
2542 5704 2706 5777 Error
2734 5706 2934 5777 librarii
2963 5715 3043 5758 est
3083 5709 3216 5777 ριιέ,
3253 5717 3307 5762 ut
3338 5707 3496 5762 lineis

1943 5771 2315 5846 superioribus
2360 5771 2492 5833 σκεν.
2533 5771 2734 5832 Graacis
2778 5775 3053 5844 codicibus
3083 5771 3170 5848 ρξ’
3204 5771 3270 5834 et
3314 5782 3388 5832 σι’
3413 5777 3492 5831 le-

1937 5848 2214 5911 gentibus.
2250 5852 2323 5908 lp,
2387 5875 2391 5878 ν
2601 5879 2603 5882 ι
3445 5881 3450 5891 .
