3936 6358
505 370 579 429 5'!
1760 402 1763 409 ’
1832 376 2005 436 JULII
2039 372 2366 433 AFRICANI

2088 502 2137 555 Α
2233 495 2440 551 Καῖνᾶν
2468 498 2524 551 δέ
2550 499 2685 553 ἐτῶν
2716 500 2789 572 ρο’
2811 498 2976 572 γεννᾷ
2993 500 3083 555 τὸν
3111 501 3409 576 Μαλελεήλ.

574 490 788 548 Cainan
824 502 1002 548 autem
1037 508 1303 548 annorum
1338 493 1441 548 170
1470 493 1656 565 genuit
1684 493 1947 550 Malaleel.

574 581 820 639 Malaleel
854 599 986 639 vero
1016 599 1286 640 annorum
1320 584 1422 641 165
1448 586 1635 657 genuit
1661 584 1848 641 Jared.

573 675 736 733 Jared
767 678 943 733 aetatis
972 677 1077 733 16?.
1106 679 1293 749 genuit
1324 677 1537 734 Enoch.

577 766 765 823 Enocb
799 782 929 821 vero
957 782 1223 823 annorum
1255 768 1356 823 165
1383 769 1567 838 genuit
1589 766 1891 824 Mathusala
1920 788 1933 823 :
1966 784 2064 824 an-

506 857 702 928 nisque
732 858 978 914 ducentis
1003 868 1275 929 superstes
1299 874 1423 915 cum
1450 858 1564 915 Deo
1589 861 1919 931 placuisset,
1954 878 2060 917 non

506 948 738 1004 ulterius
762 950 913 1005 visus
941 959 1044 1006 est.

576 1039 878 1097 Mathusala
906 1044 1065 1098 annis
1095 1042 1197 1097 187
1224 1054 1386 1099 natus
1413 1052 1599 1115 genuit
1628 1041 1882 1099 Lamech.

575 1215 810 1273 Lamech
841 1216 998 1272 annis
1032 1215 1133 1271 188
1162 1228 1323 1271 natus
1354 1216 1539 1289 genuit
1567 1215 1700 1271 Noe.

2232 589 2511 662 Μαλελεὴλ
2541 591 2597 645 δὲ
2629 594 2764 648 ἐτῶν
2792 594 2896 668 ρξε’
2922 597 3084 666 γεννᾷ
3108 596 3200 650 τὸν
3239 597 3426 669 Ἰάρεδ.

2245 681 2418 752 Ἰάρεδ
2444 680 2500 736 δὲ
2525 683 2660 736 ἐτῶν
2697 684 2807 756 ρξϐ⁹
2830 688 2991 758 γεννᾷ
3014 687 3106 740 τὸν
3147 686 3332 759 Ἑνώχ..

2241 772 2411 845 Ἑνὼχ
2442 774 2499 827 δὲ
2545 776 2804 848 ὑπάρχων
2845 778 2981 832 ἐτῶν
3025 778 3128 849 ρξε’
3171 782 3333 852 γεννᾷ
3381 781 3473 837 τὸν
3503 783 3729 839 Μαθου-

2161 858 2316 917 σάλα·
2344 864 2438 917 καὶ
2462 864 2827 938 εύαρεστήσας
2853 866 2930 938 τῷ
2963 867 3101 939 Θεῷ,
3136 869 3400 942 ἐπιζήσας
3429 871 3523 944 ἐτη
3554 881 3599 927 α’
3618 876 3725 946 οὐχ

2159 951 2458 1022 εὑρίσκετο.
3278 984 3285 987 λ

2227 1041 2554 1098 Μαθουσάλα
2583 1044 2871 1115 γενόμενος
2895 1045 3029 1101 ἐτῶν
3052 1053 3178 1120 ρπη⁰
3212 1047 3319 1120 (58)
3348 1051 3601 1123 ἐγέννησε
3626 1051 3726 1106 τὸν

2157 1132 2366 1189 Λάμεγ.

2226 1151 2241 1186 ι
2351 1174 2366 1189 .

2226 1151 2416 1298 {Eia
2446 1226 2702 1313 ὑπάρχων
2731 1228 2867 1285 ἐτῶν
2898 1237 3020 1304 ρπη⁹
3052 1235 3215 1306 γεννᾷ
3235 1233 3326 1288 τὸν
3350 1235 3491 1291 Νῶε.

1585 1347 1677 1404 IV.
1722 1349 1888 1416 lbid.,
1927 1367 2049 1424 pag.
2087 1354 2189 1426 21,
2225 1359 2299 1416 al.
2343 1362 2428 1419 17.
2477 1363 2552 1421 De
2587 1366 2810 1423 diluvio.

531 1519 534 1523 .
581 1463 898 1519 Universum
930 1460 1286 1518 animantium
1321 1477 1491 1533 genus
1521 1462 1678 1534 aquis
1703 1463 1891 1518 diluvii
1926 1479 2061 1521 cou-

503 1556 779 1611 summare
799 1555 1036 1610 decrevit
1060 1555 1234 1620 Deus,
1281 1555 1600 1611 vicesimum
1623 1562 1678 1610 et
1696 1557 2053 1611 centesimum

504 1663 708 1705 annum
741 1649 991 1703 homines
1022 1664 1129 1704 non
1167 1656 1521 1718 superaturos
1560 1649 1820 1703 minatus.
1856 1645 2053 1705 Nullus

502 1755 671 1811 porro
712 1741 911 1797 dubius
942 1741 1176 1808 basitet,
1209 1749 1302 1796 aut
1336 1740 1690 1810 quazstionem
1708 1740 1904 1795 anxius
1933 1756 2056 1796 mo-

501 1842 666 1896 veat,
723 1833 955 1903 spatium
1001 1833 1106 1887 hoc
1154 1834 1278 1887 vita:
1328 1832 1595 1902 quosdam
1645 1841 2055 1904 praetergressos

501 1926 915 1995 contemplatus.
966 1923 1168 1980 [Etatis
1220 1924 1421 1995 quippe
1462 1924 1877 1994 durationisque
1930 1925 2053 1981 vitae

501 2018 735 2091 spatium
771 2026 893 2089 post
928 2018 1073 2074 solos
1110 2026 1326 2072 centum
1361 2031 1536 2072 annos
1574 2017 1778 2071 diluvio
1817 2018 2054 2071 instante

501 2108 935 2176 terminandum,
965 2109 1341 2179 peccatoribus
1367 2108 1681 2163 vicesimum
1712 2109 1824 2179 jam
1849 2125 2052 2164 annum

501 2202 820 2272 agentibus,
856 2202 910 2255 in
940 2201 1206 2257 scelerum
1238 2200 1492 2272 pmnam‘.
1525 2200 1669 2255 velut
1697 2202 1806 2255 lata
1838 2209 2056 2256 senten-

2232 1476 2413 1545 Ἔγνω
2452 1479 2560 1533 πᾶν
2588 1478 2617 1532 6
2647 1481 2779 1545 Θεὸς
2803 1481 3059 1551 ἀφανίσαι
3104 1484 3255 1551 ζώων
3287 1486 3440 1556 γένος
3463 1488 3523 1543 ἐν
3550 1506 3722 1545 κατα-

2155 1567 2399 1641 κλυσμῷ,
2434 1572 2734 1645 ἀπειλήσας
2777 1584 2860 1649 ρκ’
2890 1578 2984 1650 ἔτη
3014 1580 3110 1651 οὐχ
3147 1580 3546 1653 ὑπερϐήσεσθαι
3583 1585 3718 1650 τοὺς

2152 1657 2487 1730 ἀνθρώπους.
2516 1664 2667 1735 Μηδέ
2698 1666 2996 1738 νομιζέσθω
3018 1670 3257 1743 ζήτημα,
3289 1671 3377 1727 διὰ
3404 1672 3465 1725 τὸ
3491 1672 3718 1729 πλείονα.

2150 1752 2340 1823 χρόνον
2381 1755 2531 1835 τινας
2563 1756 2784 1830 ὕστερον
2815 1760 3025 1831 βιῶναι.
3049 1762 3122 1815 Τὸ
3149 1763 3256 1837 γὰρ
3297 1764 3577 1837 διάστημα,
3611 1763 3713 1819 τοῦ

2154 1846 2344 1916 χρόνου
2392 1848 2612 1918 γέγονεν
2657 1853 2848 1907 ἑκατὸν
2881 1853 2973 1927 ἐτη
3007 1856 3164 1928 μέχρι
3196 1856 3289 1910 τοῦ
3325 1857 3712 1930 κατακλυσμοῦ

2158 1938 2296 1991 κατὰ
2324 1940 2431 1993 τῶν
2463 1942 2798 2015 ἁμαρτωλῶν
2828 1945 2935 1999 τῶν
2974 1947 3110 2000 τότε·
3145 1942 3283 2017 ἦσαν
3328 1949 3436 2022 γάρ
3468 1952 3714 2005 εἰκοσαε-

2154 2029 2283 2091 τείς.
2320 2028 2409 2099 Τῷ
2439 2030 2563 2084 Νῶε
2595 2031 2683 2087 διὰ
2712 2033 3050 2108 δικαιοσύνην
3089 2037 3508 2110 εύαρεστήσαντι
3537 2041 3712 2094 κιϐω-

2155 2116 2246 2169 τὸν
2273 2119 2498 2174 ὑπέθετο
2525 2126 2926 2179 κατασκευάσαι
2946 2126 3096 2191 Θεός·
3123 2129 3216 2181 καὶ
3245 2129 3566 2202 γενομένης,
3594 2132 3713 2185 εἰσ-

2155 2206 2316 2276 ῆλθον
2377 2211 2455 2275 είς
2486 2213 2677 2286 αὑτὴν,
2707 2216 2865 2280 αὑτός
2894 2233 2953 2269 τε
2979 2216 3121 2282 Νῶε,
3139 2218 3233 2272 καὶ
3253 2220 3302 2272 οἱ
3330 2220 3455 2285 υἱοὶ,
3483 2223 3517 2293 ἡ
3546 2223 3708 2294 γυνὴ,

498 2294 573 2348 tia
605 2293 1022 2364 fuitprzeﬁxum.
1049 2293 1160 2349 Noe
1176 2310 1304 2350 vero
1336 2294 1405 2349 ob
1432 2293 1762 2362 singularem
1786 2294 2048 2364 justitiam

2157 2299 2249 2351 καὶ
2280 2302 2334 2352 αἱ
2365 2301 2590 2372 νύμφαι,
2624 2305 2716 2357 καὶ
2763 2305 2870 2359 ἀπὸ
2916 2307 3114 2371 παντὸς
3156 2306 3292 2373 ζώου
3334 2291 3554 2383 ἀπαρχὴ
3575 2352 3591 2376 ,
3626 2291 3713 2377 είς

500 2386 606 2441 sibi
641 2395 852 2457 gratum
893 2376 1079 2443 arcam.
1114 2396 1432 2443 construere
1463 2386 1627 2457 jussit
1661 2385 1803 2442 Deus
1832 2405 1846 2441 :
1881 2403 2052 2458 eaque

498 2477 782 2542 absoluta,
825 2479 1051 2550 ingressi
1098 2487 1227 2532 sunt
1266 2477 1321 2532 in
1362 2492 1480 2533 eam
1524 2477 1639 2547 ipse
1681 2476 1793 2534 Noe
1835 2487 1889 2533 et
1917 2458 2047 2544 ﬁlii,

500 2582 640 2621 uxor
669 2576 723 2621 et
757 2582 959 2634 nurus,
994 2576 1049 2622 et
1087 2565 1297 2622 selectae
1329 2566 1572 2637 quadam
1607 2566 1674 2621 ad
1710 2566 1922 2638 generis
1958 2582 2051 2622 eos

496 2674 622 2713 rum
677 2659 920 2729 cujusvis
974 2658 1333 2715 conservandi
1384 2656 1639 2713 ﬁduciam
1690 2656 2047 2712 animantium

495 2751 770 2823 primitize.
803 2750 1123 2807 imminente
1148 2765 1310 2821 porro
1344 2749 1548 2805 diluvio
1576 2763 1749 2804 annos
1776 2747 1901 2803 vitae
1929 2763 2051 2804 sex-

495 2844 682 2900 ce'ntos
704 2842 817 2899 Noe
839 2845 950 2914 jam
977 2843 1227 2915 attigerat
1251 2859 1265 2909 ;
1293 2841 1448 2912 aquis
1466 2856 1594 2896 vero
1619 2841 2045 2909 subsidentibus,

494 2936 552 2992 in
584 2936 863 2992 montibus
898 2935 1125 3002 Ararat,
1154 2951 1293 3005 quos
1328 2949 1449 2991 esse
1486 2934 1716 2990 Parthia:
1751 2935 2000 2991 novimus
2028 2977 2044 3002 ,

494 3030 719 3100 quidam
756 3030 883 3086 licet
913 3029 1175 3093 Celaenis,
1209 3029 1294 3085 vel
1327 3029 1383 3083 in
1428 3028 1581 3101 nigra
1634 3027 1864 3100 Phrygia
1916 3044 2047 3085 con-

2151 2388 2405 2464 διαμὸνὴν
2431 2393 2525 2448 τοῦ
2555 2395 2761 2464 γένους.
2796 2391 2903 2450 1Ἦν
2928 2398 2984 2451 δὲ
3011 2399 3147 2452 ἐτῶν
3179 2398 3470 2464 ἑξακοσίων
3494 2405 3523 2456 6
3554 2402 3708 2465 Νῶε.

2150 2483 2238 2536 ὅτε
2270 2482 2299 2535 ὁ
2321 2486 2700 2559 κατακλυσμὸς
2729 2488 2958 2558 ἐγένετο.
2995 2491 3080 2554 Ὠς
3113 2491 3168 2545 δέ
3205 2491 3358 2564 ἔληξε
3386 2493 3447 2547 τὸ
3473 2493 3636 2568 ὕδωρ,
3672 2498 3711 2569 ἡ

2154 2575 2383 2639 κιϐωτὸς
2415 2577 2599 2652 ἱδρύθη
2627 2582 2718 2634 ἐπὶ
2748 2580 2816 2635 τὰ
2846 2580 2944 2654 δρη
2972 2583 3226 2655 Ἀραρὰτ,
3253 2585 3288 2639 ἆ
3312 2602 3432 2639 τινα
3458 2585 3615 2657 ἴσμεν
3645 2588 3709 2642 ἐν

2124 2658 2129 2662 ’
2152 2666 2363 2740 Παρθίᾳ
2387 2662 2514 2741 (59)·
2543 2671 2684 2735 τινὲς
2709 2671 2765 2725 δὲ
2795 2674 2852 2726 ἐν
2876 2674 3161 2738 Κελαιιαῖς
3188 2675 3287 2745 τῆς
3314 2674 3554 2747 Φρυγίας
3592 2677 3707 2751 (40)

2151 2752 2288 2810 εἶναί
2321 2777 2498 2828 φασιν·
2536 2757 2673 2816 εἶδον
2705 2764 2759 2817 δέ
2790 2764 2882 2818 τὸν
2917 2767 3076 2820 τόπον
3122 2767 3397 2840 ἑκάτερον.
3441 2767 3709 2843 Ἐπεκρά·

2150 2865 2280 2920 τησε
2305 2849 2359 2903 δὲ
2389 2853 2418 2905 6
2451 2853 2822 2926 κατακλυσμὸς
2853 2858 3115 2912 ἐνιαυτόν⁸
3159 2860 3251 2912 καὶ
3288 2860 3406 2914 τότε
3434 2860 3702 2935 ἐξηράνθη

2142 2940 2176 3012 ἡ
2206 2940 2296 3012 γῆ.
2332 2944 2393 2996 Οἱ
2428 2942 2484 2996 δὲ
2512 2944 2812 3011 ἐξελθόντες
2841 2948 2938 3019 τῆς
2975 2948 3205 3003 κιϐωτοῦ
3233 2952 3371 3006 κατὰ
3420 2950 3699 3022 συζυγίας,

2140 3030 2215 3097 ὡς
2247 3033 2393 3087 ἐστιν
2421 3035 2619 3109 εὑρεῖν,
2659 3039 2752 3092 καὶ
2792 3040 2911 3111 οὐχ,
2950 3040 3008 3094 δν
3036 3039 3530 3116 είσῆλθον.τρόπον,
3559 3046 3705 3102 κατὰ

496 3123 722 3178 tendant
745 3131 958 3178 exstare
991 3122 1178 3194 (locus
1212 3130 1440 3191 uterque
1471 3121 1601 3176 mihi
1636 3121 1702 3176 de
1737 3121 1856 3176 visu
1880 3132 2045 3178 notus

2157 3124 2292 3197 γένη,
2322 3125 2662 3196 εὐλογοῦνται
2707 3130 2841 3202 πρὸς
2883 3131 2975 3186 τοῦ
3008 3133 3161 3187 Θεοῦ.
3201 3133 3417 3191 Τούτων
3462 3135 3560 3209 μὲν
3604 3132 3703 3191 οῦν

492 3216 641 3285 est),
669 3230 793 3271 arca
822 3216 1082 3272 constitit.
1131 3216 1412 3285 Aquarum
1443 3215 1558 3270 hzec
1586 3214 1871 3270 inundatio
1900 3230 2044 3270 anno

2157 3216 2367 3271 ἕκαστον
2391 3218 2499 3273 τῶν
2530 3220 2893 3294 διαφερόντων
2922 3242 2974 3278 τι
3008 3224 3277 3296 σημαίνει.

493 3304 706 3375 integro
754 3307 932 3369 stetit,
989 3320 1055 3361 ac
1087 3305 1304 3360 demum
1357 3305 1623 3361 exsiccata
1678 3313 1761 3361 est
1822 3314 1987 3360 terra.
2024 3306 2340 3362 Combinata
2370 3308 2588 3365 demum
2621 3327 2739 3367 mas
2768 3321 2822 3368 et
2854 3312 3084 3379 femina,
3115 3327 3274 3386 prout
3304 3317 3528 3388 reperiri
3561 3334 3705 3375 con-

492 3397 644 3467 tigit,
679 3413 783 3452 non
817 3399 1003 3454 ordine
1031 3414 1137 3469 quo
1159 3398 1315 3468 juxta
1363 3413 1532 3469 genus
1578 3398 1834 3454 distincta
1886 3397 2102 3453 fuerant
2160 3400 2438 3470 ingressa,
2490 3418 2558 3458 ex
2625 3418 2753 3460 arca
2812 3407 3130 3476 prodierunt
3187 3409 3528 3478 animantia,
3576 3424 3707 3481 qua

492 3488 720 3544 subinde
766 3505 798 3544 a
841 3489 951 3545 Deo
995 3505 1249 3560 prospera
1302 3489 1735 3546 benedictionum
1788 3489 2101 3546 accessione
2128 3492 2514 3549 cumulantur:
2546 3504 2601 3550 et
2646 3510 2833 3551 eorum
2867 3498 3085 3570 quidem
3108 3539 3124 3567 ,
3156 3514 3278 3570 quae
3306 3500 3463 3558 nobis
3489 3501 3706 3559 condu-

491 3588 658 3644 cunt,
688 3581 934 3636 nonnihil
964 3582 1066 3637 ista
1098 3580 1421 3652 signiﬁcant.

1710 3666 1777 3729 ν.
1813 3669 1979 3738 Ibid.,
2020 3690 2140 3745 pag.
2180 3668 2283 3736 85,
2325 3671 2398 3726 al.
2438 3670 2526 3726 67.

561 3783 849 3858 Ingruente
888 3785 1092 3843 diluvio
1131 3785 1236 3841 600
1287 3799 1558 3842 annorum
1599 3793 1718 3841 erat
1765 3783 1900 3841 Noe.
1951 3783 2036 3840 Ab

2207 3781 2331 3837 Νῶε
2357 3776 2424 3854 ἦν
2449 3781 2584 3836 ἐτῶν
2610 3787 2657 3854 χ’
2689 3780 2777 3836 ὅτε
2812 3784 2843 3837 6
2873 3784 3252 3858 κατακλυσμὸς
3288 3785 3520 3856 ἐγένετο.
3543 3786 3707 3842 Γίνε-

489 3878 699 3934 Adamo
726 3878 891 3950 igitur
925 3894 1116 3935 versus
1143 3876 1257 3935 Noe
1287 3886 1343 3934 et
1383 3877 1649 3934 diluvium
1682 3883 2038 3933 numerantur

2157 3890 2229 3929 rat
2257 3875 2436 3928 τοίνυν
2471 3871 2578 3927 ἀπὸ
2617 3873 2784 3946 ’Δδὰμ
2822 3875 2980 3950 μέχρι
3007 3876 3131 3930 Νῶε
3166 3877 3261 3932 καὶ
3301 3877 3393 3933 τοῦ
3426 3879 3706 3935 κατακλυ-

488 3970 618 4025 anni
647 3969 808 4025 2262.
2145 3964 2284 4038 σμοῦ
2318 3964 2482 4037 ,βσξβ’
2505 3965 2620 4038 ἐτη.

1654 4082 1744 4139 v1.
1785 4083 1952 4153 1m,
1988 4100 2110 4154 pag.
2142 4082 2246 4150 86,
2285 4084 2361 4138 al.
2402 4081 2494 4137 68.

554 4198 688 4254 Post
715 4197 974 4252 diluvium
1005 4195 1128 4252 Sem
1161 4198 1346 4268 genuit
1374 4197 1687 4268 Arphaxad.

2204 4195 2359 4251 Μετὰ
2391 4196 2450 4249 δὲ
2480 4210 2570 4249 τον
2606 4195 2982 4268 κατακλυσμὸν
3006 4195 3126 4269 Σὴμ
3154 4195 3413 4269 ἐγέννησε
3441 4194 3530 4250 τὸν
3570 4199 3709 4265 Ἀρ-

556 4290 843 4360 Arphaxad
892 4290 1050 4344 annis
1087 4289 1190 4346 155
1234 4299 1395 4345 natus
1441 4288 1627 4359 genuit
1673 4287 1799 4344 Sala
1830 4326 1846 4352 ,
1893 4303 2037 4343 anno

2157 4287 2328 4356 ραξάδ.

483 4378 648 4435 2597.
2219 4377 2490 4450 Ἀρφαξάδ
2536 4379 2829 4452 γενόμενος
2879 4379 3016 4435 ἐτῶν
3065 4380 3171 4453 ρλε⁹
3188 4382 3352 4452 γεννᾷ
3394 4379 3485 4434 τὸν
3526 4379 3705 4449 Σαλὰς

558 4472 682 4528 Sala
753 4472 912 4527 annis
980 4472 1086 4527 150
1152 4487 1312 4528 natus
1367 4471 1554 4543 genuit
1614 4468 1824 4539 Heber,
1888 4486 2034 4528 anno
2130 4470 2318 4542 ,prkC'.

481 4564 643 4621 2527.
2206 4564 2353 4619 Σαλά
2387 4566 2671 4637 γενόμενος
2707 4565 2841 4619 ἐτῶν
2880 4565 2954 4638 ρλ’
2990 4567 3151 4637 γεννᾷ
3177 4564 3267 4620 τὸν
3298 4563 3477 4639 Ἐϐἐρ,
3512 4564 3696 4636 βφκξ.

557 4655 733 4711 [leber
784 4656 943 4712 annis
997 4656 1099 4710 154
1150 4662 1350 4721 natus,
1409 4670 1554 4711 anno
1602 4655 1785 4723 2661,
1854 4657 2038 4729 genuit

2214 4656 2371 4729 Ἐϐἐρ
2388 4657 2670 4729 γενόμενος
2690 4655 2823 4710 ἐτῶν
2853 4656 2957 4729 ρλδ’
2981 4657 3145 4727 γεννᾷ
3165 4655 3254 4710 τὸν
3282 4656 3475 4719 Φαλέκ,
3492 4654 3655 4726 ,βχξω
3675 4669 3696 4686 ο

484 4746 714 4813 Phalec,
752 4750 832 4804 sic
862 4757 1113 4804 vocatum
1139 4788 1155 4813 ,
1189 4749 1337 4819 quod
1366 4749 1487 4820 ejus
1515 4758 1676 4807 aetate
1711 4751 1883 4807 divisa
1917 4751 2038 4809 fue-

2157 4747 2302 4813 νῦτως
2330 4749 2686 4821 ἐπικληθέντα
2716 4749 2805 4804 διὰ
2841 4749 2931 4803 τὸν
2958 4750 3017 4803 ἐν
3048 4749 3279 4821 ἡμέραις
3308 4744 3470 4801 αὐτοῦ
3532 4762 3702 4818 μερι-

485 4842 559 4895 rit
584 4852 750 4897 terra.
922 4825 930 4833 ’

2157 4839 2324 4913 nam
2359 4840 2456 4913 τὴν
2488 4840 2611 4911 γῆν.

551 4932 751 4989 Phalec
799 4933 957 4989 annis
996 4932 1100 4989 150
1159 4941 1321 4989 natus
1359 4933 1545 5005 genuit
1581 4932 1773 5004 Ragau
1797 4975 1816 5002 ,
1851 4942 1905 4990 et
1941 4950 2037 4991 su-

2199 4931 2376 4986 Φαλέκ
2400 4932 2535 4986 ἐτῶν
2567 4932 2641 5004 ρλ’
2684 4930 2940 5005 ἐγέννησε
2969 4930 3060 4986 τὸν
3094 4927 3293 4999 Ῥαγαῦ
3312 4968 3330 4995 ,
3371 4926 3467 4982 καὶ
3498 4923 3700 5000 ἐπιξή-

483 5035 691 5094 perstes
721 5025 879 5080 annis
904 5024 1009 5080 209
1039 5034 1212 5081 morte
1243 5025 1489 5082 sublatus
1519 5034 1622 5082 est.

2157 5041 2232 5090 ra;
2257 5025 2349 5098 ἐτη
2376 5024 2454 5079 σθ’
2474 5024 2836 5099 ἐτελεύτησεν.

555 5181 663 5252 (58)
684 5180 1061 5255 ~litamina-data
1089 5182 1236 5237 ἐτῶν
1255 5189 1412 5255 ρπηκ
1456 5182 1757 5255 Legendum
1799 5182 1939 5255 ρπζν,
1966 5198 2035 5255 ex

2157 5198 2238 5255 nr.
2261 5181 2542 5255 gedrenus
2561 5199 2629 5255 ex
2655 5181 3017 5255 Georgio:sz
3047 5182 3147 5254 δρη
3185 5180 3420 5255 Ἀραρῂἇτ
3443 5181 3600 5255 ἴσμεν
3621 5180 3691 5255 ἐν

555 5200 663 5252 (οδ)
694 5200 1061 5236 ωανουσαλα
1089 5200 1236 5237 ετων
1255 5200 1339 5251 ps:
1398 5224 1412 5238 .
1456 5200 1757 5252 Legenoum
1799 5200 1936 5255 ρπς.
1968 5200 2035 5238 ex

487 5250 1060 5338 ﬁvn‘celli'testimo'nio
1090 5200 1547 5338 suadeo.gcri’hit
1580 5251 1741 5338 enini.
1759 5268 1882 5338 pag.
1902 5251 1993 5338 dli
2017 5271 2031 5308 :

2160 5200 2238 5236 nr.
2266 5200 2542 5238 hearenus
2561 5200 2629 5237 ex
2655 5200 2886 5306 (πέδοι-ξω
2903 5201 2917 5237 :
2936 5200 3017 5236 ἰα
3047 5200 3147 5254 ορη
3190 5200 3420 5254 Αραρατ
3444 5200 3600 5250 ισμεν
3621 5200 3689 5261 εν

2157 5252 2346 5338 ξαρθξᾳ
2388 5253 2693 5338 ’λξρμενῑεπεςο
2722 5270 2803 5335 τιν
2834 5270 2861 5316 ς
2890 5252 2946 5334 δέ
2980 5271 3145 5338 ξρασιν
3189 5256 3246 5338 ἐν
3271 5252 3556 5338 Ιςελαιναζς

482 5312 827 5394 Μαθουσάλα-
857 5321 1142 5394 γενόμενος
1185 5324 1376 5394 ἐκατὺν
1425 5322 1684 5394 ἐξήκοντα
1722 5312 1862 5376 ἐπτᾶ
1898 5323 2037 5376 ἐτῶν

2157 5312 2389 5394 Ρρῦγίᾴς.
2432 5312 2712 5394 Sincellus
2762 5312 2897 5394 ipse
2920 5312 3183 5394 inferius:
3220 5323 3312 5376 ἐπὶ
3353 5322 3423 5376 τὰ
3451 5312 3552 5391 ὅρη
3585 5312 3687 5373 τοῦ

485 5341 816 5377 ινιαυουσαλα
857 5341 1142 5392 γενομενος
1185 5341 1376 5376 εκατον
1425 5341 1684 5394 εςηκοντα
1722 5341 1862 5376 επτα
1898 5341 2037 5376 ετων
2132 5341 2174 5374 Ψ
2216 5341 2389 5390 υγιας.
2432 5341 2712 5392 aynceuus
2762 5341 2876 5392 ipse
2920 5341 3183 5378 llllel‘lllS:
3220 5341 3312 5376 επι
3353 5341 3423 5376 τα
3451 5341 3552 5391 ορη
3585 5341 3685 5373 του

485 5392 736 5462 ἐγέννησε
782 5391 872 5445 τὸν
914 5392 1133 5463 Λάμεχ,
1184 5394 1260 5464 τῷ
1308 5393 1563 5464 χιλιαστῷ
1606 5410 1699 5446 τετ
1736 5393 2035 5464 ακοσιοστῷ
2144 5341 2211 5445 ’.ξ
2242 5392 2401 5464 αρὰτ,
2424 5392 2563 5446 τοῦτ’
2592 5392 2704 5445 ἐστι
2728 5394 2827 5464 τῆς
2860 5393 3164 5464 Ἀρμενίας.
3194 5394 3273 5446 lo.

485 5461 830 5534 πεντηκοστῷ
872 5463 1112 5534 τετάρτῳ
1155 5462 1261 5534 ἔτει
1301 5463 1394 5516 τοῦ
1429 5463 1652 5534 κόσμου.
1682 5409 1814 5534 {non
1837 5462 1894 5517 δὲ
1924 5463 2032 5517 τῶν
2130 5410 2312 5534 μειϐ)
2346 5461 2506 5534 Τινὲς
2541 5461 2608 5516 δὲ
2634 5462 2703 5515 ἐν
2727 5463 3037 5534 Κελαιναῖς
3074 5461 3183 5530 τῆς
3218 5463 3490 5534 Φρυγίας.
3525 5463 3685 5532 Quod

2203 5481 2312 5534 (4U)
2346 5481 2506 5528 ιἰνες
2541 5481 2608 5516 οε
2634 5481 2703 5515 εν
2727 5481 3037 5528 ιίενιαιναις
3074 5481 3183 5530 ’της
3218 5481 3490 5533 Ψρυγιας.
3525 5481 3684 5532 υυοα

2129 5530 2373 5607 Phrygia:
2415 5533 2579 5602 nigrm
2621 5548 2778 5607 monks
2822 5532 2891 5607 sit
2930 5534 3142 5598 Ararat,
3183 5549 3249 5587 ex
3289 5533 3684 5607 quo__Ma_rsya_.s

2131 5603 2585 5676 llnviusemanat,
2622 5611 2696 5665 et,
2727 5602 2924 5657 Orlelio
2958 5611 3115 5676 teste,
3135 5619 3201 5657 ex
3238 5602 3470 5676 oraculis
3502 5602 3684 5676 Sibyl-

2130 5672 2257 5727 linis
2290 5672 2502 5726 dicatur
2536 5673 2591 5726 in
2631 5687 2698 5727 eo
2743 5687 2866 5726 arca
2907 5673 3231 5729 constitisse.
3257 5672 3682 5729 Conciliatas'de

2130 5742 2357 5824 diversis
2384 5742 2592 5824 quibus
2608 5758 2740 5824 arca.
2756 5742 3023 5824 resedisse
3047 5744 3254 5824 dicitur
3279 5743 3424 5824 locis
3453 5753 3679 5824 senten-

2131 5813 2235 5868 tias
2263 5812 2375 5883 lege
2397 5811 2537 5868 inter
2562 5812 2744 5867 Allatii
2775 5823 2933 5868 notas
2954 5812 3022 5868 ad
3047 5812 3316 5869 Eustathii
3336 5811 3426 5867 L9.
3453 5812 3532 5870 in.

485 5462 830 5532 πεντηκοστῷ
872 5462 1112 5533 τετάρτῳ
1155 5462 1261 5517 ἔτει
1301 5462 1394 5516 τοῦ
1429 5462 1652 5534 κόσμου.
1682 5462 1814 5516 Τινὰ
1837 5462 1894 5517 δὲ
1924 5462 2032 5517 τῶν

482 5533 846 5615 ἀντιγράφων,
879 5531 958 5615 τῷ
986 5533 1255 5615 ἑκατοστῷ
1286 5533 1620 5615 ὀγδοηκοστῷ
1666 5531 1874 5615 ἑϐδόμῳ
1923 5534 2032 5615 ἕξει

484 5600 654 5653 αὐτοῦ
675 5600 998 5656 Μαθουσάλα
1020 5600 1272 5673 φέρουσιν
1299 5603 1395 5674 τὴν
1423 5600 1667 5674 γέννησιν
1697 5600 1905 5675 Λάμεχ.
1937 5600 2033 5666 Οἷς

484 5670 514 5722 6
556 5670 873 5743 ’ᾼφρικανδς
904 5672 1285 5743 ἀκολουθήσας.
1315 5673 1485 5729 Com.
1940 5742 1945 5743 ν

560 5687 873 5742 Ἀφρικανος
904 5687 1285 5743 ακολουυησας.
1315 5687 1485 5729 υολιι.

527 5741 763 5820 ,(βθλρΑ
792 5759 922 5820 τινα
950 5744 1127 5820 ἴσμεν
1150 5744 1219 5796 ἐν
1244 5744 1485 5820 Παρᾷζᾳ.
1512 5743 1626 5798 lmo
1653 5743 1706 5820 in
1733 5742 1984 5820 Armenia
2011 5761 2026 5798 :

487 5809 593 5866 nisi
641 5809 891 5868 librarius
936 5809 1145 5868 cunctis
1188 5809 1503 5871 auctoribus
1538 5815 1737 5885 certior
1773 5814 2031 5870 vaticine-

485 5461 830 5534 πεντηκοστῷ
872 5461 1112 5534 mam)
1155 5461 1261 5534 ἔτει
1301 5461 1394 5516 τοῦ
1429 5461 1652 5534 κόσμου.

922 5531 946 5544 ο
