4006 6356
307 343 376 398 σο
1246 337 1410 405 ΟΠΞ
1451 334 1862 393 SUPERSUNT
1903 335 1997 390 EX
2035 333 2263 392 LIBPJS
2299 335 2695 396 CBRONOGR.
3454 343 3527 399 7o

1491 457 1603 513 VII.
1647 457 2090 531 Ibid.,pag.,95,
2127 457 2203 515 al.
2247 459 2333 514 τι.

367 573 457 646 Τῷ
483 575 646 645 ,γσοξν
698 575 812 633 ἔτει
865 579 956 632 τοῦ
1014 577 1218 650 κόσμου
1266 577 1437 650 ἐπέϐη
1479 577 1728 651 ’Δϐραὰμ
1772 579 1870 648 τῆς
1893 626 1942 685 Α

297 667 711 742 ἐπηγγελμένης
740 672 1087 734 Χανανίτιδος
1124 676 1248 746 γῆς.

2037 579 2196 631 Anno
2255 577 2445 632 mundi
2483 577 2643 642 3277,
2705 586 2902 633 terram
2955 576 3366 633 Chananitidem
3417 577 3522 637 sibi

1967 669 2294 739 promissam
2325 669 2601 738 ingressus
2625 677 2708 724 est
2740 669 3038 724 Abraham.

1463 810 1595 866 vut.
1638 809 1805 876 ιωά..
1844 825 1967 880 pag.
2005 807 2114 872 99,
2155 806 2228 860 al.
2271 804 2360 860 79.

845 907 980 979 Περὶ
1045 907 1309 979 Ἀϐραάμ.

359 1016 557 1072 Ἔνθεν
613 1019 844 1090 ἄρχεται
899 1020 1010 1073 τῶν
1065 1020 1333 1092 Ἐϐραίων
1388 1021 1423 1092 ἠ
1483 1016 1860 1090 προσωνυμία.

307 1107 541 1179 Ἑϐραῖοι
570 1112 684 1182 γάρ
740 1113 790 1164 οἱ
819 1112 1060 1180 Περάται
1089 1113 1508 1186 ἑρμηνεύονται,
1541 1113 1588 1164 οἳ
1615 1108 1868 1181 διεπερά-

295 1213 445 1252 σαντο
483 1201 785 1273 Εὐφράτην
829 1203 969 1272 μετὰ
1013 1203 1288 1274 Ἀϐραάμ·
1326 1204 1418 1258 καὶ
1457 1203 1575 1274 οὐχ,
1622 1203 1697 1264 ὼς
1727 1200 1866 1254 οἴον-

286 1289 370 1342 ταί
405 1308 581 1357 τινες,
629 1293 738 1346 ἀπὺ
779 1293 939 1364 Ἐϐὲρ
977 1294 1072 1347 τοῦ
1107 1294 1519 1366 προειρημένου.
1566 1290 1864 1360 Συνάγεται

283 1379 458 1432 τοίνυν
523 1383 604 1445 είς
656 1382 755 1452 τὴν
810 1383 1062 1436 ἐπίϐασιν
1116 1382 1216 1452 τῆς
1269 1380 1710 1452 κατηγγελμένης
1758 1381 1860 1450 γῆς

293 1470 552 1542 Ἁϐραάμ
583 1513 598 1536 ,
642 1473 754 1526 ἀπὸ
813 1474 912 1544 μὲν
950 1474 1042 1526 τοῦ
1106 1473 1486 1543 κατακλυσμοῦ
1546 1473 1642 1524 καὶ
1693 1471 1815 1524 Νῶε
1844 1510 1860 1535 ,

283 1561 486 1628 γενεῶν
531 1563 665 1616 δέκα
715 1563 810 1636 ἔτη
845 1571 983 1628 ,αιε’·
1021 1564 1200 1618 ἀπὸδὲ
1233 1563 1401 1634 Ἀδάμ
1433 1561 1635 1632 γενεῶν
1690 1564 1864 1617 εἴκοσι

284 1652 374 1723 Em
404 1653 546 1721 ac?
579 1652 716 1724 (4'1)-

2543 899 2619 956 De
2651 899 2945 955 Abraham.

2029 1009 2130 1069 llic
2184 1012 2422 1084 primum
2479 1027 2674 1068 nomen
2727 1011 3075 1068 Hebraeorum
3121 1013 3367 1069 auditum
3420 1020 3524 1068 est.

1965 1103 2174 1161 Hebraai
2217 1121 2450 1174 namque
2500 1105 2974 1175 Transmigrantes
3021 1115 3385 1175 exponuntur,
3429 1105 3524 1174 qui

1964 1213 2089 1252 cum
2124 1197 2396 1251 Abraham
2434 1195 2768 1266 trajeccrunt
2795 1195 3120 1264 Euphratem
3149 1213 3165 1262 ;
3196 1205 3251 1250 et
3283 1211 3389 1250 non
3412 1237 3428 1261 ,
3464 1205 3526 1249 ut

1967 1287 2193 1358 quidam
2235 1295 2547 1354 autumant,
2573 1287 2654 1341 ‘ah
2685 1285 2860 1340 Hehcr
2887 1305 2901 1341 :
2933 1286 2999 1341 de
3030 1301 3138 1356 quo
3175 1287 3302 1342 alibi
3342 1303 3522 1342 sermo

1969 1379 2207 1433 habitus.
2246 1378 2293 1431 A
2326 1379 2599 1448 praeterito
2640 1377 2824 1445 itaque
2861 1377 3102 1439 diluvio,
3133 1376 3355 1448 Noeque
3383 1387 3521 1433 tem-

1967 1471 2224 1541 poribus,
2263 1485 2440 1540 usque
2478 1469 2546 1524 ad
2577 1470 2883 1539 ingressum
2931 1469 3166 1523 Abrahae
3214 1470 3270 1524 in
3314 1478 3517 1526 terram

1963 1562 2325 1632 promissam,
2365 1561 2774 1633 generationum
2815 1559 3009 1632 decem.
3041 1561 3171 1616 anni
3211 1561 3349 1617 1015
3407 1563 3522 1616 co)-

1962 1652 2240 1722 liguntur:
2295 1652 2365 1707 ab
2411 1651 2621 1707 Adamo
2665 1665 2824 1716 vero,
2871 1651 3278 1721 generationum
3329 1651 3519 1724 viginti

1964 1745 2092 1798 anni
2123 1745 2282 1799 5277.

1450 1857 1540 1912 IX.
1584 1855 1749 1919 Ibid.,
1790 1875 1906 1930 pag.
1951 1860 2181 1926 100,α[.
2213 1861 2299 1916 80.

1579 1951 1655 2007 De
1695 1952 1966 2008 Abraham
1999 1965 2052 2010 et
2092 1955 2211 2010 Lot.

349 2049 531 2122 Λιμοῦ
567 2050 930 2120 κατασχόντος
958 2048 1054 2120 τὴν
1083 2049 1186 2120 γῆν
1224 2047 1322 2120 τὴν
1363 2047 1691 2101 Χανανίτιδα
1729 2065 1853 2101 κατ-

2031 2049 2195 2104 Fame
2219 2065 2313 2119 per
2340 2059 2534 2104 terram
2561 2048 2970 2104 Chananitidem
2997 2062 3280 2122 grassante
3299 2091 3314 2116 ,
3345 2050 3517 2105 Abra-

280 2141 436 2213 ῆλθεν
487 2145 571 2206 είς
623 2143 898 2210 Αἴγυπτον
935 2139 1210 2213 Ἀϐραάμο
1247 2139 1341 2192 καὶ
1369 2137 1561 2200 δεδιὼς
1587 2137 1660 2208 μὴ
1689 2137 1774 2192 διὰ
1799 2138 1859 2191 τὸ

279 2233 476 2297 κάλλος
508 2234 610 2302 τῆς
642 2231 899 2301 γυναικὸς
927 2231 1206 2303 ἀναιρεθῇ,
1227 2230 1450 2299 ἁδελφὸς
1481 2224 1616 2281 εἶναι
1639 2229 1863 2282 σκέπτε-

279 2343 364 2380 ται
389 2325 558 2394 (41⁸).
581 2323 984 2378 Ἐπαινεθεῖσαν
1009 2325 1066 2376 δὲ
1093 2325 1326 2393 ἠγάγετο
1345 2317 1541 2393 Φαραώ
1558 2335 1574 2350 ο
1597 2318 1738 2372 οὕτω
1754 2321 1862 2392 γὰρ

278 2417 572 2486 Αἰγύπτιοι
620 2419 746 2480 τοὺς
800 2415 1035 2487 βασιλεῖς
1092 2414 1470 2487 ἐρμηνεύουσι.
1525 2418 1634 2471 Kal
1677 2418 1705 2468 ό
1764 2414 1860 2486 μὲν

277 2508 425 2571 δίκας
478 2507 629 2560 ἔτισε
677 2507 754 2577 τῷ
797 2505 950 2575 Θεῷ·
1001 2506 1029 2558 ὁ
1059 2505 1103 2558 δ’
1136 2505 1249 2574 ἃμα
1279 2508 1392 2568 τοῖς
1426 2506 1574 2571 ἰδίοις
1617 2505 1862 2577 Ἀϐραὰμ

280 2599 376 2669 ήδη
413 2597 670 2651 πλουτῶν
716 2596 1108 2667 ἀπηλλάσσετο.
1167 2596 1254 2648 Ἐν
1298 2596 1518 2650 Χαναὰν
1551 2597 1862 2668 διεπληκτί-

281 2707 435 2744 σαντο
491 2689 755 2759 ποιμένες
798 2687 893 2741 τοῦ
947 2686 1227 2758 Ἀϐραὰμ,
1296 2686 1392 2740 καὶ
1430 2685 1523 2740 τοῦ
1556 2687 1710 2752 Λὼτ,
1739 2688 1857 2754 καὶ,

277 2783 526 2848 δόξαντος
554 2781 762 2843 αὐτοῖς,
799 2778 1200 2850 ἐχωρίσθησαν,
1239 2777 1490 2848 ἑλομένου
1527 2775 1648 2830 Λὼτ
1679 2779 1736 2830 ὲν
1761 2778 1860 2831 Σο-

277 2874 456 2943 Eget;
494 2874 668 2926 οἰκεῖν
698 2871 764 2924 δι’
799 2870 998 2942 ἀρετὴν
1028 2870 1120 2924 καὶ
1149 2870 1342 2933 κάλλος
1372 2870 1470 2940 τῆς
1495 2869 1598 2939 γῆς
1631 2868 1860 2941 ἐχούσης

464 2963 677 3026 πόλεις,
720 2962 960 3031 Σόδομα,
993 2961 1278 3032 Γόμορῤα,
1335 2959 1542 3030 Ἀδαμὰ
1563 2999 1576 3022 ,
1611 2959 1860 3031 Σεϐοεὶμ,

283 3054 489 3127 Σηγὼρ,
519 3055 621 3108 καὶ
644 3054 933 3116 τοσούτους
958 3051 1214 3122 βασιλεῖς.
1240 3050 1460 3114 Τούτοις
1481 3053 1528 3104 οἱ
1551 3051 1860 3122 πλησιόχω-

283 3165 356 3217 ροι
380 3147 654 3216 τέσσαρες
690 3143 922 3215 βασιλεῖς
966 3141 1157 3215 Σύρων
1185 3142 1547 3214 ἐπολέμησαν,
1578 3138 1652 3196 ὧν
1676 3145 1858 3214 ἠγεῖτο

282 3236 688 3307 Χοδολλογόμορ
734 3234 986 3306 βασιλεὺς
1024 3234 1236 3305 Αίλάμο
1284 3233 1570 3288 συνέϐαλον
1613 3233 1668 3287 δὲ
1709 3233 1858 3310 παρὰ

278 3331 368 3402 τὴν
401 3330 688 3384 θάλασσαν
737 3327 834 3397 τὴν
882 3325 1094 3398 άλικὴν,
1133 3325 1167 3394 ἢ
1197 3325 1440 3379 καλεῖται
1479 3324 1574 3378 νῦν
1622 3325 1855 3380 θάλαττα

1960 2141 2084 2196 ham
2110 2143 2386 2198 descendit
2411 2143 2462 2196 in
2491 2142 2784 2214 Egyptum
2813 2161 2827 2197 :
2858 2153 2911 2198 at
2943 2158 3011 2196 ne
3034 2142 3107 2197 ob
3132 2142 3322 2197 uxoris
3348 2156 3516 2196 venu-

1959 2243 2098 2287 stam
2128 2234 2360 2303 speciem
2402 2235 2758 2302 occideretur,
2797 2236 2980 2291 fratris
3006 2234 3225 2289 nomine
3261 2233 3516 2288 simulate

1960 2334 2184 2394 accepto
2225 2335 2498 2379 servatur.
2537 2325 2726 2379 Saram
2769 2325 2944 2380 forma
2985 2325 3255 2378 laudatam
3293 2323 3516 2378 abducit

1957 2413 2170 2469 Pharao
2195 2435 2208 2470 :
2243 2417 2346 2472 hoc
2379 2417 2578 2487 quippe
2609 2416 2830 2470 nomine
2859 2432 3013 2486 reges
3041 2416 3316 2484 appellant
3343 2413 3513 2486 Egy-

1957 2509 2078 2577 ptii.
2111 2506 2178 2561 Et
2219 2508 2310 2564 ille
2348 2509 2567 2578 quidem
2609 2507 2772 2564 simul
2807 2523 2931 2562 cum
2969 2507 3288 2562 domesticis
3323 2521 3515 2577 poenas

1958 2597 2068 2653 Deo
2099 2600 2261 2654 solvit
2287 2617 2302 2667 ;
2328 2601 2602 2654 Abraham
2635 2616 2764 2654 vero
2789 2615 2913 2654 cum
2942 2598 3208 2653 famulitio
3233 2599 3417 2653 multis
3437 2597 3516 2652 di-

1957 2684 2105 2740 vitiis
2136 2694 2332 2741 auctus
2363 2686 2674 2741 dimittitur.
2709 2685 2962 2742 Pastores
2991 2688 3262 2741 Abraham
3293 2696 3347 2741 et
3373 2685 3513 2740 Loth

1957 2775 2094 2830 rixis
2126 2777 2432 2848 pugnisque
2463 2780 2839 2846 contendunt;
2875 2780 2979 2848 ipsi
3018 2789 3199 2834 tamen
3234 2779 3509 2836 communi
3552 2849 3556 2852 i

1957 2868 2221 2922 sententia
2277 2877 2601 2938 separantur
2648 2870 2718 2925 ab
2767 2871 3040 2925 invicem:
3096 2869 3234 2924 Loth
3290 2880 3513 2940 propter

1956 2965 2114 3012 terrae
2167 2957 2406 3028 quinque
2457 2961 2770 3016 civitatibus
2823 2961 3112 3028 Sodomis,
3170 2961 3511 3029 Gomorrha,

1955 3046 2200 3113 Adama,
2235 3047 2454 3105 Sehoim
2493 3060 2547 3106 et
2585 3052 2773 3122 Segor,
2811 3052 3145 3120 totidemque
3176 3051 3394 3122 regibus
3427 3051 3512 3106 in-

1957 3139 2162 3209 signis,
2215 3140 2513 3197 ubertatem
2554 3151 2608 3197 et
2649 3151 2854 3213 gratam
2895 3143 3210 3211 planitiem,
3254 3141 3510 3196 Sodomis

1955 3229 2205 3284 habitare
2240 3232 2516 3304 seligente.
2561 3231 2655 3288 llis
2691 3234 2855 3289 vicini
2898 3232 3157 3304 Syrorum
3189 3248 3342 3303 reges
3373 3248 3512 3303 qua-

1959 3329 2104 3388 tuor,
2143 3338 2375 3393 quorum
2409 3325 2516 3380 dux
2559 3326 2864 3396 praecipuus
2903 3335 3019 3380 erat
3055 3325 3510 3396 Chodollogomor

282 3423 481 3494 Νεκρὰ.
502 3421 598 3473 Ἐν
623 3418 798 3491 ταύτῃ
831 3416 1055 3470 πλεῖστα
1077 3415 1183 3470 τῶν
1216 3416 1530 3487 Θαυμασίων
1553 3416 1851 3488 τεθέαμαιέ

1955 3429 2050 3468 rex
2091 3414 2302 3482 Aelam,
2325 3416 2524 3471 bellum
2568 3418 2901 3482 intulerunt;
2930 3426 2984 3473 et
3026 3419 3093 3472 ad
3143 3434 3291 3472 mare
3316 3417 3496 3483 Salis,

281 3514 417 3581 ζώων
445 3533 509 3567 τε
543 3513 659 3584 γὰρ
690 3511 840 3564 οὐδὲν
862 3512 1036 3563 ἐκεῖνο
1060 3509 1120 3563 τὸ
1147 3509 1286 3581 ὕδωρ
1319 3508 1509 3580 φέρει·
1546 3510 1639 3563 καὶ
1670 3509 1853 3582 νεκροὶ

289 3606 371 3676 μὲν
403 3605 732 3676 ὑποϐρύχιοι
761 3603 1046 3673 φέρονται,
1094 3600 1292 3666 ζῶντες
1329 3599 1386 3653 δὲ
1417 3599 1525 3653 οὐδ’
1560 3600 1626 3654 ἂν
1660 3600 1853 3673 ῥᾳδίως

296 3697 651 3766 βαπτίσαιντο.
721 3695 918 3765 Λύχνοι
977 3693 1074 3764 μὲν
1134 3692 1412 3762 καιόμενοι
1481 3691 1850 3764 ἐπιφέρονται,

303 3788 628 3861 σϐεννύμενος.
655 3787 711 3840 δὲ
735 3784 1109 3846 καταδύουσιν.
1152 3783 1413 3837 Ἐνταῦθα
1433 3783 1489 3835 δὲ
1516 3785 1648 3837 εἰσὶν
1671 3785 1727 3837 αἱ
1751 3783 1851 3854 τῆς

295 3883 543 3950 tia-galeata
582 3879 788 3951 πηγαίο
826 3878 979 3948 φέρει
1017 3877 1073 3928 δὲ
1118 3874 1451 3946 στυπτηρίαν
1481 3874 1576 3927 καὶ
1611 3873 1712 3928 ἅλα
1746 3874 1852 3928 ὀλί-

287 3989 367 4040 γον
409 3992 460 4026 τι
488 3972 610 4026 τῶν
642 3970 814 4024 ἄλλων
851 3968 1206 4039 διαφέροντα·
1257 3965 1431 4038 πικρά
1481 3983 1541 4018 τε
1585 3965 1692 4036 γάρ
1735 3967 1849 4020 ἐστι

281 4065 361 4117 καὶ
382 4065 588 4134 διαυγῆ
609 4082 622 4094 ο
657 4063 785 4116 ἔνθα
814 4063 858 4116 δ’
882 4062 948 4116 ἂν
977 4060 1186 4132 καρπὸς
1212 4059 1427 4131 εὑρεθῇ,
1454 4057 1660 4112 κάπνου
1690 4059 1848 4112 πλέον

276 4158 587 4228 εὑρίσκεται
615 4155 1004 4226 θολερωτάτου.
1027 4152 1111 4205 ’Τὸ
1133 4152 1189 4204 δὲ
1220 4151 1360 4222 ὕδωρ
1396 4153 1539 4205 ἰᾶται
1563 4153 1687 4215 τοὺς
1707 4171 1847 4224 χρω-

277 4249 463 4319 μένους
519 4246 692 4316 αὐτῷ,
739 4246 895 4316 λήγει
948 4261 1008 4297 τε
1053 4242 1221 4296 παντὶ
1286 4240 1438 4296 ὕδατι
1499 4242 1719 4312 πάσχων
1777 4243 1845 4297 τὰ

272 4341 508 4394 ἐναντία.
549 4340 612 4392 Εἰ
642 4338 697 4390 δὲ
744 4339 818 4408 μὴ
863 4336 1134 4407 Ἰορδάνην
1179 4331 1291 4403 εἶχε
1323 4332 1412 4385 τὸν
1459 4334 1698 4403 ποταμὸν
1722 4351 1846 4405 τρο-

272 4432 391 4503 φὴν,
421 4433 503 4494 ὡς
540 4428 828 4501 πορφύραν
864 4427 1241 4497 διατρέφοντα,
1280 4425 1372 4477 καὶ
1406 4425 1497 4476 ἐπὶ
1530 4424 1663 4477 πολὺ
1693 4426 1846 4478 ἀντέ-

270 4540 450 4592 χοντα,
494 4520 686 4592 ἔληξεν
733 4522 799 4574 ἂν
830 4518 1022 4572 Θᾶττον
1059 4518 1090 4588 ἢ
1125 4517 1392 4586 φαίνεται.
1444 4517 1598 4569 Ἔστι
1625 4517 1681 4570 δὲ
1712 4518 1840 4588 παρ’

268 4613 400 4683 αὐτῇ
449 4610 714 4682 πάμπολυ
757 4609 848 4662 τοῦ
899 4608 1174 4678 βαλσάμου
1217 4607 1415 4676 φυτόνο
1458 4606 1760 4660 ὑπονοεῖται
1785 4607 1839 4659 δὲ

267 4703 677 4775 ἀνατετράφθαι
722 4701 828 4754 ὑπὸ
855 4700 947 4754 τοῦ
969 4699 1102 4753 Θεοῦ
1132 4697 1218 4752 διὰ
1243 4698 1337 4770 τὴν
1361 4697 1468 4750 τῶν
1502 4696 1839 4768 περιοικούν-

272 4813 372 4849 των
399 4793 684 4849 ἀσέϐειαν.

1950 3520 2096 3561 nime
2124 3504 2429 3569 Mortuum,
2474 3523 2670 3562 manus
2701 3516 3111 3562 conseruerunt.
3142 3506 3198 3560 ln
3230 3507 3337 3562 isto
3369 3507 3508 3561 mari

1948 3599 2345 3668 quamplurima
2375 3609 2622 3670 portenta
2653 3601 2771 3655 visu
2818 3601 2980 3670 digna
3023 3601 3327 3655 observavi.
3375 3599 3508 3654 Nul-

1948 3687 2059 3742 lum
2093 3689 2343 3745 animans
2373 3692 2544 3746 nutrit
2569 3693 2689 3762 ejus
2719 3707 2860 3760 aqua
2889 3710 2903 3758 ;
2946 3700 3002 3745 et
3043 3700 3255 3746 mortua
3285 3691 3502 3762 quidem

1947 3778 2206 3832 cadavera
2237 3779 2288 3832 in
2321 3794 2440 3834 eam
2469 3782 2577 3835 cito
2603 3789 2946 3851 merguntur,
2973 3782 3094 3834 viva
3118 3796 3248 3835 vero
3271 3796 3498 3850 corpora

1947 3877 2205 3932 enatant,
2237 3885 2337 3923 nec
2371 3871 2537 3925 imum
2586 3871 2742 3926 facile
2788 3879 3016 3940 petunt;
3061 3870 3209 3925 faces
3253 3872 3505 3930 ardentes

1947 3960 2001 4012 in
2045 3974 2110 4015 ea
2154 3977 2373 4016 sursum
2409 3961 2680 4024 feruntur,
2730 3963 3013 4017 exstincta:
3057 3971 3394 4031 merguntur.
3443 3964 3502 4019 In

1944 4051 2130 4106 eadem
2174 4051 2458 4108 bituminis
2501 4053 2655 4124 origo
2697 4065 2752 4108 et
2791 4055 3042 4110 ofﬁcina:
3092 4056 3342 4124 producit
3383 4057 3502 4111 alu-

1945 4157 2068 4196 men
2093 4184 2108 4209 ,
2141 4153 2194 4198 et
2226 4159 2459 4214 paucum
2492 4145 2678 4205 salem.
2708 4146 3000 4199 nonnihila
3027 4147 3250 4216 reliquis
3289 4147 3495 4202 discre-

1943 4239 2128 4304 pantia
2156 4255 2171 4302 ;
2205 4253 2389 4291 amara
2421 4248 2550 4293 sunt
2579 4239 2723 4292 enim
2755 4249 2809 4294 et
2839 4239 3126 4308 pellucida.
3179 4237 3499 4308 Ubicunque

1941 4328 2084 4382 circa
2119 4344 2238 4383 eam
2272 4327 2480 4384 fructus
2508 4330 2802 4395 enascitur,
2851 4329 3065 4383 turbido
3109 4337 3316 4383 tantum
3349 4328 3498 4384 fumo

1943 4433 2143 4494 turget.
2176 4424 2329 4493 Aqua
2361 4425 2476 4478 haec
2499 4424 2772 4478 utentibus
2799 4422 3087 4476 admodum
3119 4422 3353 4476 salubris
3376 4433 3458 4478 est
3479 4465 3494 4488 ,

1943 4530 2007 4568 ac
2034 4531 2185 4569 more
2213 4515 2437 4569 cuilibet
2463 4531 2616 4585 aqua:
2646 4515 2920 4568 contrario
2947 4513 3284 4567 exsiccatur:
3316 4522 3368 4567 et
3394 4514 3495 4568 nisi

1940 4605 2230 4662 Jordanem
2259 4607 2323 4660 ad
2352 4607 2521 4660 instar
2546 4607 2765 4661 concha:
2793 4605 3076 4658 nutritium
3103 4613 3157 4658 et
3178 4603 3492 4659 continuum

1942 4698 2222 4752 humorem
2262 4699 2762 4754 subministrantem
2797 4698 3034 4760 haberet,
3067 4712 3128 4751 ac
3160 4698 3301 4752 velut
3321 4698 3496 4752 exsic-

1869 4778 1912 4831 Ῑ)
1941 4790 2165 4844 catiouis
2186 4789 2427 4860 periculo
2453 4789 2801 4844 obsistentem
2821 4829 2835 4851 ,
2862 4788 3023 4843 citius
3046 4805 3205 4858 quam
3229 4790 3490 4855 videatur,

271 4893 581 4948 deiecisset.
635 4890 1065 4958 Circumquaque
1121 4901 1229 4941 non
1294 4885 1520 4939 minima
1582 4883 1811 4940 balsami
1860 4885 2060 4954 plantae
2108 4887 2264 4956 copia
2325 4896 2446 4951 est;
2502 4901 2665 4956 quam
2720 4883 2939 4954 quidem
2970 4885 3040 4940 ob
3070 4885 3373 4942 vicinorum
3405 4885 3494 4940 iu-

268 4986 517 5040 colarum
547 4982 940 5053 improbitatem
970 4997 1001 5036 a
1033 4979 1140 5034 Deo
1164 4981 1350 5035 dicunt
1385 4977 1719 5048 proﬂigatam
1756 4978 1970 5046 penitus
2003 4987 2057 5034 et
2086 4980 2460 5048 exstirpatam.

1457 5071 1524 5128 Χ.
1564 5071 1730 5131 Ibid..
1771 5088 1893 5142 pag.
1934 5073 2058 5137 107,
2099 5073 2173 5130 αι.
2215 5073 2304 5128 86.

1541 5167 1614 5221 De
1651 5168 1960 5236 patriarcha
1997 5169 2186 5225 Jacob.

344 5288 415 5343 ’Π
450 5286 743 5358 ποιμενικὴ
773 5286 882 5358 (49.)
926 5285 1096 5358 σκηνὴ
1132 5284 1226 5339 τοῦ
1269 5282 1460 5338 Ἰακὼϐ
1497 5285 1554 5334 ὲν
1608 5281 1828 5354 Ἐδέσσῃ

339 5400 450 5470 (Al)
489 5401 632 5467 Ἕτη
673 5397 826 5468 ,γσιζθ⁶
873 5399 1185 5454 Mendosum
1241 5411 1524 5470 numerum
1578 5393 1709 5470 ,γσξ’
1767 5394 1823 5448 in

269 5465 897 5536 ,Tooc'eommut'andum
925 5470 1068 5538 cogit
1097 5473 1207 5523 haec
1227 5467 1385 5520 ratio.
1410 5465 1665 5538 AArn_u_ndi
1701 5473 1826 5538 ortu

268 5535 334 5593 ad
359 5542 627 5594 diluvium
658 5549 906 5594 numerat
937 5535 1223 5594 Africanus
1251 5551 1422 5590 annos
1441 5535 1602 5598 2262,
1625 5535 1826 5604 quibus

269 5610 336 5663 ad
390 5611 625 5663 Abrahze
671 5611 903 5663 natalem
947 5611 1088 5663 diem
1147 5607 1292 5660 addit
1340 5606 1474 5658 alios
1537 5603 1695 5658 1015.
1746 5603 1826 5658 Ex

270 5689 502 5748 utraque
539 5680 704 5746 igitur
741 5694 952 5734 summa
985 5678 1195 5746 collegit
1223 5675 1378 5748 ,γσοζῗ
1416 5676 1572 5729 5277.
1603 5673 1775 5730 Gou.

341 5746 488 5822 μιν)
512 5747 673 5806 Forte
708 5750 1026 5805 σκήπτεται.
1059 5748 1212 5803 Ευιτ.
1242 5746 1478 5803 ΡΑτιιοι..

2004 5284 2048 5340 1.
2086 5284 2366 5340 Pastorale
2394 5283 2562 5340 Jacob
2595 5285 2887 5341 tentorium
2923 5299 3097 5355 usque
3131 5284 3197 5339 ad
3230 5283 3485 5338 Antonini

2003 5398 2112 5470 (42)
2167 5401 2226 5453 Ἡ
2276 5415 2502 5468 nomen
2555 5398 2676 5453 lla'e
2720 5406 2774 5454 et
2821 5400 3095 5470 sequentia
3125 5396 3386 5470 deiJaeob
3415 5397 3486 5455 ab

1929 5467 2186 5540 Africano
2231 5467 2502 5540 enarrata,
2565 5479 2776 5525 exstant
2825 5467 2964 5538 apud
3014 5469 3317 5540 Syncellum
3355 5467 3483 5540 l.c.

1927 5539 2200 5608 refertque
2227 5537 2532 5609 Scaligerin
2557 5542 2672 5595 suis
2699 5537 2970 5609 excerptis
2998 5537 3197 5594 Graecis
3221 5537 3482 5595 Eusebi»

1927 5611 2012 5664 nis
2067 5625 2190 5666 patr.
2239 5609 2328 5666 2'2.
2371 5611 2534 5665 tacito
2565 5610 2796 5666 Svncelli
2837 5610 3054 5664 nomine.
3101 5625 3114 5661 :
3161 5609 3303 5666 qum!
3348 5624 3488 5666 om.

1926 5625 2190 5691 msupag.
2239 5624 2328 5675 κει,
2371 5624 2534 5692 tacito
2565 5624 2796 5681 Svncelli
2837 5624 3054 5664 nomine.
3101 5625 3114 5661 :
3161 5624 3303 5676 quoq
3348 5624 3383 5681 p

1925 5687 2073 5736 term
2097 5678 2498 5736 Tillemonttum
2530 5682 2690 5738 Mém.
2713 5683 2838 5738 eccl.
2867 5691 2997 5736 tom.
3027 5678 3118 5743 ΙΙΙ,
3140 5694 3195 5750 p.
3215 5678 3342 5735 255.
