4006 6356
247 351 313 408 ’15
1140 344 1306 416 ρυΕ
1348 345 1756 404 SUPERSUNT
1795 345 1888 403 EX
1925 346 2151 404 LIBRIS
2187 348 2582 409 CHRONOGR.
3395 363 3466 422 74

249 464 447 523 πολλῶν
476 464 892 539 διαφθαρέντων
913 465 1220 531 διασωθεὶς,
1251 465 1389 520 κατὰ
1418 462 1516 538 τὴν
1538 464 1806 535 Αἴγυπτον

1911 476 2092 522 vatum
2108 507 2123 526 .
2147 482 2263 523 aevo
2288 468 2380 524 illo
2401 483 2511 539 quo
2532 484 2656 524 cum
2682 472 2880 541 populo
2901 470 3114 543 Moyses
3135 490 3204 530 ex
3231 474 3465 551 Egypto

251 560 331 617 τοῦ
360 559 487 615 λαοῦ
527 560 667 631 μετὰ
698 561 976 625 Μωῦσέως
1006 560 1181 627 ἔξοδον
1204 559 1475 629 γενέσθαι.
1532 560 1640 613 Καὶ
1680 560 1806 629 μετ’

248 652 405 720 ὀλίγα
423 668 437 681 ·
473 652 629 705 Μετὰ
648 651 704 705 δὲ
736 653 999 721 Ὤγυγον,
1028 649 1116 705 διά
1137 652 1234 723 τὴν
1258 650 1366 705 ἀπὸ
1401 649 1495 705 τοῦ
1537 650 1805 705 κατακλυ-

249 742 373 813 σμοῦ
398 743 601 814 πολλὴν
626 742 852 816 φθοράν,
874 744 1218 808 ἀϐασίλευτος
1234 744 1441 816 ἔμεινεν
1467 745 1501 815 ἡ
1526 744 1621 798 νῦν
1649 745 1811 797 Ἀττι-

248 835 309 905 ari)
334 833 462 904 (52),
499 834 965 906 μέχριΚέκροπος
1003 836 1143 908 ρπ6¹.
1177 836 1278 889 Τὸν
1313 836 1410 907 μὲν
1436 836 1544 908 γάρ
1579 837 1809 905 Ὤγυγον

258 927 485 979 ’Δκταῖον
504 965 522 989 ,
554 926 588 996 ἢ
616 925 686 979 τά
714 926 1062 992 πλασσόμενα
1099 927 1205 981 τῶν
1244 928 1542 997 ὀνομάτων,
1577 929 1698 983 οὐδὲ
1720 946 1809 997 γε·

251 1015 415 1070 νέσθαι
454 1017 628 1085 φησιν
675 1017 704 1069 ὁ
751 1016 1054 1089 Φιλόχορος.
1096 1018 1208 1071 Καὶ
1240 1020 1368 1087 μεθ’
1415 1018 1616 1086 ἔτερα·
1678 1017 1810 1071 Ἀπὸ

260 1108 465 1175 Ὠγύγου
484 1107 588 1159 ἐπὶ
617 1106 818 1177 Κῦρον,
838 1109 985 1172 ὅπως
1001 1108 1110 1163 άπὸ
1126 1110 1401 1175 Μωῦσέως
1416 1111 1508 1164 ἐπὶ
1540 1110 1630 1164 τὸν
1646 1108 1809 1164 αὐτοῦ

250 1199 432 1271 χρόνον,
463 1199 568 1269 ετη
601 1199 755 1264 ,ασλεο
782 1200 913 1271 (55).

1913 556 2185 627 profectus
2215 567 2328 622 est,
2361 559 2635 615 exstitisse
2666 559 3019 620 allirmamus.
3063 564 3132 619 Et
3169 578 3286 637 post
3324 585 3461 625 non-

1908 648 2102 703 nulla:
2142 648 2431 707 Devastato
2464 651 2654 706 diluvii
2694 655 2852 724 aquis
2889 655 3172 713 hominum
3213 675 3415 731 genere
3438 703 3454 726 ,

1906 741 1973 795 ad
2011 757 2182 811 usque
2209 741 2467 813 Cecropis
2498 752 2712 799 aetatem
2743 755 2796 801 et
2827 761 3002 804 annos
3034 750 3138 805 189
3168 759 3293 820 post
3322 749 3467 824 Ogy-

1909 848 2035 903 gum
2056 874 2071 900 ,
2108 833 2313 903 absque
2347 834 2568 905 regibus
2603 835 2778 891 Attica
2815 852 2961 894 nunc
2987 840 3130 899 diota
3160 844 3308 913 regio
3339 860 3465 914 per-

1910 926 2131 980 mansit.
2184 925 2383 982 Verum
2433 928 2713 984 enimvero
2759 930 2998 986 Actzeum
3048 931 3328 1006 Ogygum,
3380 939 3467 994 vel

1910 1018 2115 1086 qurevis
2140 1018 2244 1073 alia
2277 1019 2400 1074 ﬁcta
2433 1020 2653 1075 nomina
2698 1036 2965 1091 nusquam
2982 1026 3254 1083 exstitisse
3286 1027 3469 1084 Philo-

1909 1108 2108 1163 chorus
2140 1108 2391 1164 aﬂirmat.
2424 1110 2662 1182 Aliisque
2690 1113 3016 1182 interfectis:
3048 1115 3131 1170 Ab
3159 1116 3343 1190 Ogygo
3370 1137 3466 1177 us-

1911 1216 2019 1270 que
2053 1200 2118 1255 ad
2149 1200 2348 1273 Cyrum
2369 1244 2385 1268 ,
2415 1204 2563 1259 velut
2593 1221 2624 1259 a
2672 1204 2856 1277 Moyse
2901 1206 2969 1261 ad
3012 1209 3263 1265 eumdem
3294 1228 3468 1284 usque

1906 1293 2200 1348 terminum
2220 1334 2235 1356 ,
2264 1295 2392 1348 anui
2425 1304 2781 1351 numerantur
2815 1296 2978 1353 1255.

655 1399 794 1455 XIII.
842 1400 924 1455 Ea:
959 1402 1135 1456 eodem
1173 1401 1308 1456 libro
1347 1417 1427 1457 ιιι.
1469 1403 1621 1472 Apud
1662 1401 1943 1459 Eusebium
1982 1406 2281 1477 Prteparat.
2322 1425 2502 1480 evang.
2542 1409 2635 1464 lib.
2676 1426 2708 1464 ι
2733 1451 2749 1477 ,
2789 1426 2905 1481 cap.
2940 1409 3034 1467 40.

297 1496 371 1550 Δ¹.
402 1494 605 1567 Μέχρι.
636 1496 732 1567 μὲν
785 1497 1191 1569 Ὀλυμπιάδων,
1231 1498 1383 1553 οὐδὲν
1411 1499 1634 1571 ἀκριϐὲς
1664 1499 1805 1553 ἱστό-

243 1606 383 1662 ρηται
402 1593 525 1654 τοῖς
550 1591 796 1663 Ἕλλησι,
830 1592 1045 1645 πάντων
1076 1593 1519 1663 συγκεχυμένων,
1548 1594 1640 1647 καὶ
1667 1593 1806 1648 κατὰ

243 1682 387 1752 μηδὲν
410 1682 609 1746 αὐτοῖς
624 1682 731 1737 τῶν
752 1682 859 1755 πρὸ
878 1683 969 1737 τοῦ
992 1685 1419 1756 συμφωνούντων
1433 1702 1446 1715 ο
1474 1687 1528 1739 αἱ
1553 1685 1609 1738 δὲ
1643 1685 1804 1757 ἠκρί-

238 1773 391 1829 ϐωντο
415 1775 662 1839 πολλοῖς,
688 1775 765 1845 τῷ
803 1776 877 1847 μὴ
912 1778 976 1831 ἐκ
1008 1777 1256 1831 πλείστου
1284 1778 1649 1850 διαστήματος
1674 1819 1687 1842 ,
1721 1777 1805 1831 διά

238 1866 546 1937 τετραετίας
570 1868 629 1920 δὲ
650 1907 663 1931 ,
691 1867 794 1933 τάς
828 1870 1147 1941 ἀναγραφάς
1180 1869 1359 1924 αὐτῶν
1384 1868 1653 1924 ποιεῖσθαι
1682 1871 1807 1933 τοὺς

1980 1502 2024 1558 l.
2066 1504 2204 1558 Ante
2240 1501 2614 1576 Olympiadum
2674 1505 2865 1561 seriem
2888 1547 2903 1572 ,
2952 1504 3264 1562 Graecorum
3296 1508 3349 1564 in
3383 1510 3471 1564 lii-

1914 1595 2082 1650 storia
2107 1596 2240 1650 certi
2267 1596 2401 1650 nihil
2427 1597 2802 1668 exploratique
2828 1599 3100 1668 reperias:
3132 1615 3307 1671 usque
3332 1603 3470 1659 adeo

1910 1689 2223 1758 perturbata
2275 1699 2404 1745 sunt
2467 1689 2680 1758 omnia,
2720 1707 2821 1748 nec
2856 1693 2963 1747 ulla
3000 1708 3183 1749 secum
3215 1712 3282 1751 ex
3319 1708 3473 1769 parte

1910 1779 2294 1847 consentiunt,
2321 1796 2442 1850 quae
2468 1791 2623 1836 antea
2656 1783 2949 1853 contigisse
2978 1795 3373 1843 memorantur.
3404 1790 3474 1844 At

1910 1870 1965 1925 in
1992 1869 2403 1943 Olympiadibus
2428 1873 2738 1944 digerendis
2767 1886 3021 1933 accurate
3054 1878 3209 1932 multi
3244 1879 3473 1951 diligen-

239 1957 519 2029 Ἕλληνας.
554 1953 631 2012 Οὖ
661 1956 725 2029 δὴ
753 1957 915 2031 χάριν
945 1958 1041 2022 τὰς
1069 1957 1412 2024 ἐνδοξοτάτας
1431 1999 1445 2021 ,
1489 1958 1582 2011 καὶ
1627 1957 1807 2029 μυθώ-

1914 1968 2107 2031 terque
2144 1964 2343 2018 versati
2382 1972 2550 2029 sunt,
2591 1965 2739 2035 quod
2779 1980 2890 2019 non
2930 1966 3093 2038 longo
3128 1968 3417 2024 intervallo
3449 2011 3464 2036 ,

233 2052 331 2116 δεις
348 2050 1018 2122 ὲπιλεξάμενοςὶστορίας,
1047 2050 1205 2122 μέχρι
1233 2050 1333 2120 τῆς
1357 2048 1577 2122 πρώτης
1615 2049 1800 2119 Ὀλυμο

237 2144 406 2208 πιάδος
433 2141 879 2215 ἐπιδραμοῦμαι·
924 2142 1022 2206 τὰς
1051 2142 1109 2196 δὲ
1138 2141 1273 2213 μετὰ
1309 2142 1511 2205 ταῦτα,
1555 2140 1812 2207 συζεύξας

235 2237 361 2292 κατὰ
386 2236 590 2306 χρόνον
622 2233 880 2298 ἑκάστας,
914 2234 969 2287 εί
997 2250 1140 2297 τινες
1164 2233 1445 2305 ἐπίσημοι,
1477 2236 1597 2297 ταῖς
1636 2232 1813 2303 Έλλη.

234 2332 395 2391 νικαῖς
431 2327 546 2390 τὰς
588 2324 916 2397 Ἐϐραῖκάς,
957 2324 1244 2397 ἐξιστορῶν
1276 2326 1378 2396 μὲν
1416 2324 1485 2378 τά
1524 2324 1808 2395 Ἐϐραίων,

234 2422 606 2492 ξᾳαπτόμενος
626 2419 681 2472 δὲ
704 2418 814 2473 τῶν
858 2417 1197 2489 Ἑλληνικῶν,
1228 2402 1521 2490 ἐφαρμόσω
1550 2417 1696 2470 τόνδε
1717 2416 1811 2471 τὸν

233 2513 414 2583 τρόπον
433 2527 449 2541 ·
482 2510 786 2581 λαϐόμενος
818 2510 947 2580 μιᾶς
976 2508 1224 2579 πράξεως
1262 2507 1551 2581 Ἐϐραῖκῆς
1575 2507 1807 2579 ὁμοχρό-

234 2620 315 2656 νου
354 2603 562 2675 πράξει
608 2602 699 2672 ὑφ’
753 2602 1020 2672 Ἑλλήνων
1061 2599 1426 2672 ίστορηθείσῃ,
1471 2600 1566 2655 καὶ
1603 2597 1808 2670 ταύτης

234 2695 503 2766 ἐχόμενος,
537 2694 789 2766 ἀφαιρῶν
813 2711 874 2747 τε
902 2694 996 2748 καὶ
1021 2692 1350 2764 προστιθεὶς,
1380 2692 1466 2757 τίς
1496 2709 1557 2746 τε
1582 2690 1806 2762 Ἕλλην,

233 2786 263 2858 ἢ
313 2787 560 2859 Πέρσης,
614 2786 650 2858 ἢ
699 2786 796 2840 καὶ
837 2783 1082 2839 ὁστισοῦν
1133 2786 1198 2856 τῇ
1260 2783 1520 2856 Ἐϐραίων
1560 2782 1812 2854 συνεχρό-

235 2894 381 2949 νησεν
414 2878 557 2950 (54),
602 2875 1089 2950 ὲπισημειούμενος
1114 2916 1130 2941 ,
1178 2877 1308 2942 ι’σως
1357 2874 1425 2930 ἂν
1472 2873 1565 2930 τοῦ
1606 2872 1809 2929 σκοποῦ

233 2967 453 3042 τύχοιμι.

1910 2050 2004 2106 sed
2038 2060 2248 2106 tantum
2280 2066 2381 2109 suo
2412 2053 2675 2124 cujusque
2705 2070 2792 2111 res
2824 2056 3187 2125 quadriennio
3216 2059 3470 2116 deﬁnitas

1908 2140 2079 2197 Graeci
2099 2144 2628 2214 comprehensasque
2644 2145 3080 2216 perscripserim.
3100 2145 3469 2214 Quamobrem

1906 2246 1975 2287 ex
2007 2232 2269 2289 fabulosis
2299 2234 2439 2297 illis,
2471 2250 2593 2304 qua:
2625 2236 2693 2291 ad
2722 2235 2952 2305 primam
2993 2253 3167 2309 usque
3196 2237 3473 2311 Olympia-

1910 2323 2032 2379 dem
2061 2323 2205 2379 !ama
2244 2325 2454 2381 caeteris
2492 2334 2546 2380 et
2578 2325 2864 2382 hominum
2904 2329 3167 2400 opinione
3194 2334 3465 2402 praestite-

1905 2415 2047 2482 rint,
2080 2415 2315 2472 breviter
2346 2416 2663 2487 cursimque
2692 2417 2879 2475 libatis
2906 2460 2923 2485 ,
2957 2437 3080 2492 qua
3108 2433 3296 2492 postea
3334 2441 3472 2482 con-

1912 2506 2169 2578 tigerint,
2205 2521 2270 2562 ea
2308 2506 2353 2563 si
2391 2507 2557 2563 modo
2581 2505 2818 2579 insignia
2851 2509 3197 2579 videbuntur,
3232 2513 3308 2569 ita
3344 2530 3470 2572 cum

1909 2595 2112 2654 Graecis
2149 2598 2377 2654 Hebraea
2411 2606 2697 2654 contexam
2723 2638 2740 2664 ,
2779 2609 2841 2655 ut
2876 2599 3083 2658 Graecis
3118 2603 3297 2661 obiter
3331 2606 3473 2662 dun-

1908 2698 2059 2745 taxat
2080 2689 2403 2759 perstrictis,
2433 2687 2689 2746 Historici
2714 2705 2868 2747 more
2891 2691 3070 2749 fusius
3091 2692 3319 2752 Hebraea
3344 2712 3473 2769 per-

1911 2787 2112 2835 texam.
2149 2779 2208 2834 lu
2251 2794 2363 2849 quo
2396 2779 2665 2850 ejusmodi
2704 2779 2889 2837 futura
2927 2798 3047 2839 mea
3077 2786 3218 2842 ratio
3247 2795 3375 2854 est,
3412 2797 3474 2844 ut

1910 2871 2126 2942 quoties
2153 2870 2471 2928 Hebraicam
2504 2873 2787 2930 historiam
2807 2915 2823 2942 ,
2847 2890 2970 2946 quae
3001 2890 3125 2931 cum
3156 2875 3342 2935 Graeca
3371 2880 3474 2936 ali-

1910 2977 2023 3033 quo
2054 2972 2327 3033 tempore
2382 2965 2704 3032 conveniat,
2754 2965 3093 3022 tractandam
3142 2983 3472 3040 suscepere,

235 3066 386 3120 toties
420 3066 475 3121 in
516 3081 583 3121 ea
618 3072 936 3120 constanter
972 3063 1211 3131 literens,
1269 3061 1561 3128 detractis,
1612 3060 1704 3116 ubi
1747 3073 1835 3115 res
1862 3058 2099 3125 .tulerit,
2163 3057 2457 3125 adjectisve
2500 3059 2810 3125 nonnullis,
2853 3061 3078 3131 quinam
3124 3070 3219 3118 aut
3255 3062 3473 3122 Graeco-

239 3173 380 3225 rum,
410 3168 515 3215 aut
541 3158 839 3217 Persarum
863 3201 879 3225 ,
910 3167 1005 3214 aut
1037 3159 1218 3230 populi
1254 3158 1495 3228 cujusvis
1522 3157 1745 3212 alterius
1765 3195 1781 3221 ,
1821 3154 2063 3226 ejusdem
2094 3162 2335 3223 tempore
2390 3153 2661 3223 ﬂoruerit,
2737 3156 2978 3227 aperiam
3005 3176 3019 3211 :
3047 3158 3128 3216 sic
3174 3159 3319 3217 enim
3352 3160 3474 3232 ejus

236 3253 575 3316 medemnm,
604 3252 755 3322 quod
782 3251 1120 3323 propositum
1160 3250 1292 3306 mihi
1321 3259 1437 3316 est,
1467 3259 1770 3319 compotem
1792 3246 2036 3304 futurum
2064 3246 2342 3302 existimo.

298 3346 366 3401 B‘.
432 3345 715 3417 Ἑϐραίων
764 3346 865 3418 μὲν
914 3342 1005 3400 οὖν
1047 3348 1081 3416 ἡ
1126 3345 1372 3417 μετοικία
1412 3343 1807 3416 ὲπισημοτάτη,

1984 3338 2053 3395 ιι.
2092 3338 2335 3395 Primum
2368 3339 2532 3411 igitur
2553 3340 2977 3398 celebratissima
3006 3342 3097 3398 illa
3123 3342 3472 3401 Hebraeorum

240 3440 781 3510 αἰχμαλωτισθέντων
847 3440 951 3493 ὑπὸ
1015 3437 1478 3510 Ναϐουχοδονόσορ
1546 3436 1809 3508 βασιλέως

242 3531 892 3603 Βαϐυλῶνοςκνεαρέτεινεν
905 3530 999 3602 ἐτη
1018 3537 1081 3594 o',
1114 3529 1257 3584 καθὰ
1283 3530 1685 3601 προεφήτευσεν
1712 3529 1810 3582 Ἰε-

256 3624 421 3693 partis;
438 3665 453 3679 .
480 3623 598 3677 Τοῦ
622 3624 687 3693 δὴ
700 3622 1166 3693 Ναϐουχοδονόσορ
1186 3621 1506 3693 μνημονεύει
1522 3621 1810 3693 Βηρωσσὸς

259 3713 644 3780 teat-nem;
692 3716 848 3770 Μετὰ
875 3715 930 3769 δὲ
956 3714 1025 3769 τά
1055 3721 1096 3768 o'
1127 3713 1229 3785 τῆς
1262 3712 1636 3785 αἰχμαλωσίας
1660 3748 1663 3753 ι
1686 3712 1805 3784 ἐτη,

260 3804 413 3877 Κῦρος
432 3808 666 3882 Περσῶν
704 3807 1067 3875 ἐϐασίλευσεν,
1195 3807 1305 3861 ἔτει
1347 3806 1643 3878 Ὀλυμπιάς
1670 3805 1808 3878 ἧχθη

253 3905 344 3963 vt,
380 3901 449 3966 ὡς
482 3906 552 3956 ἐκ
596 3900 713 3955 τῶν
758 3898 1162 3967 Βιϐλιοθηκῶν
1212 3897 1506 3971 Διοδώρου,
1567 3898 1658 3951 καὶ
1701 3897 1811 3951 τῶν

245 3992 422 4048 Θαλλοῦ
485 3996 594 4052 καὶ
620 3992 904 4065 Κάστορος
939 3990 1209 4063 ἱστοριῶν,
1240 3990 1321 4045 ἔτι
1345 3991 1403 4045 δὲ
1432 3989 1687 4044 Πολυϐίου
1718 3988 1811 4044 καὶ

240 4079 513 4150 Φλέγοντος
567 4082 724 4135 ἔστιν
752 4082 951 4154 εὑρεῖν,
978 4080 1113 4136 άλλά
1144 4082 1236 4135 καὶ
1261 4081 1484 4154 ἑτέρων,
1513 4075 1592 4144 οἷς
1618 4079 1813 4152 ὲμέληυ

238 4188 318 4225 etv
347 4173 735 4245 Ὀλυμπιάδων
754 4190 769 4205 ’
802 4172 1098 4245 amoma?
1127 4171 1501 4244 συνεφώνησεν
1529 4173 1557 4225 ὁ
1587 4171 1775 4242 χρόνος
1792 4187 1807 4203 ·

234 4264 401 4337 Κῦρος
443 4267 492 4320 δ’
541 4262 642 4321 οὖν
691 4264 769 4336 τῷ
812 4263 1014 4337 πρώτῳ
1052 4265 1153 4332 τῆς
1194 4265 1368 4336 ἀρχῆς
1414 4262 1543 4327 ἔτει,
1581 4265 1716 4335 ὅπερ
1745 4258 1812 4335 ἦν

243 4356 604 4430 Ὀλυμπιάδος
629 4365 700 4414 νε’
722 4358 842 4422 ἔτος
869 4357 929 4411 τὺ
958 4357 1192 4428 πρῶτον,
1223 4357 1310 4411 διὰ
1336 4355 1664 4428 Ζοροϐάϐελ,
1692 4353 1812 4408 καθ’

231 4448 282 4503 ὃν
322 4452 535 4523 Ἰησοῦς
564 4454 598 4505 ό
623 4450 717 4505 τοῦ
756 4451 1001 4505 Ἰωσεδὲκ
1019 4491 1034 4518 ,
1081 4450 1177 4522 τὴν
1207 4449 1430 4522 πρώτην
1462 4450 1556 4503 καὶ
1584 4446 1812 4521 μερικὴν

230 4543 543 4616 άπότπμψιν
595 4545 887 4616 ἐποιήσατο
930 4542 1024 4598 τοῦ
1075 4543 1229 4607 λαοῦ,
1287 4541 1664 4616 πληρωθείσης
1712 4540 1815 4612 τῆς

1910 3430 2163 3502 migratio
2180 3473 2194 3493 ,
2221 3446 2345 3487 cum
2371 3446 2400 3486 a
2426 3430 2959 3490 Nabuchodonosore
3015 3435 3307 3507 Babylonis
3347 3452 3474 3509 rege

1905 3524 1961 3579 in
2003 3522 2316 3580 servitutem
2359 3522 2583 3580 abducti
2626 3533 2790 3590 sunt,
2825 3540 2994 3584 annos
3037 3528 3212 3585 tenuit
3250 3541 3471 3600 septua-

1907 3617 2053 3688 ginta
2075 3655 2091 3681 ,
2114 3615 2193 3672 uti
2224 3615 2471 3671 futurum
2495 3614 2761 3673 Jeremias
2782 3626 2910 3674 ante
2931 3620 3275 3689 praedixerat.
3297 3620 3470 3679 Porro

1906 3706 2459 3764 Nabuchodonosoris
2487 3706 2722 3765 Berosus
2752 3723 2968 3781 quoque
2996 3709 3327 3783 Babylonius
3348 3728 3473 3770 me-

1916 3800 2097 3856 minit.
2132 3799 2351 3856 Exactis
2380 3800 2489 3856 illis
2524 3802 2870 3873 septuaginta
2906 3803 3244 3873 captivitatis
3272 3807 3469 3876 annis,

1913 3892 2089 3964 Cyrus
2123 3889 2404 3946 Persicum
2443 3906 2669 3962 regnum
2708 3893 2979 3961 obtinuit,
3018 3911 3144 3953 cum
3184 3895 3468 3968 Olympias

1915 3995 2169 4058 ageretur
2193 3984 2639 4057 quinquagesima
2665 3985 2855 4056 quinta
2873 4027 2888 4052 ,
2921 3987 3000 4043 uti
3030 4003 3097 4043 ex
3124 3987 3348 4045 Diodori
3376 3990 3476 4047 Bi—

1917 4082 2177 4138 bliotheca
2202 4120 2219 4146 ,
2261 4079 2436 4136 Thalli
2472 4087 2528 4136 et
2561 4080 2807 4139 Castoris
2831 4123 2849 4151 ,
2888 4098 2991 4141 nec
3023 4100 3135 4142 non
3173 4084 3383 4160 Polybii
3420 4099 3477 4145 et

1912 4172 2229 4244 Phlegontis
2256 4172 2527 4240 historiis,
2573 4171 2791 4231 auferre
2835 4176 2962 4233 licet
2998 4195 3013 4244 ;
3048 4178 3285 4251 aliisque
3322 4197 3471 4253 prm-

1913 4273 2059 4320 terea
2081 4304 2098 4329 ,
2135 4264 2229 4334 qui
2267 4262 2646 4335 Olympiadum
2688 4265 2885 4321 seriem
2918 4275 3251 4336 texuerunt;
3284 4273 3471 4327 omni.

1914 4356 2018 4411 bus
2050 4356 2194 4412 enim
2228 4356 2282 4410 in
2310 4370 2375 4411 eo
2404 4364 2643 4426 tempore
2666 4357 2973 4415 deliniendo
2997 4363 3269 4418 convenit.
3298 4363 3474 4436 Cyrus

1915 4448 2079 4519 igitur
2099 4463 2243 4503 anno
2268 4448 2483 4518 imperii
2522 4449 2607 4502 sui
2633 4448 2830 4519 primo,
2845 4452 2938 4521 qui
2965 4451 3297 4525 Olympiadis
3319 4458 3477 4527 quin-

1914 4542 2245 4612 quagesima:
2280 4543 2482 4612 quintae
2518 4542 2730 4612 primus
2764 4542 2891 4599 item
2942 4560 3120 4601 annus
3173 4556 3321 4614 erat,
3379 4563 3477 4617 per

230 4636 757 4711 ἑϐδομηκονταετίας
782 4677 799 4701 ,
845 4637 921 4701 ὡς
975 4639 1033 4691 ὲν
1085 4636 1164 4708 τῷ
1224 4636 1427 4708 Ἐσδρᾳ
1487 4635 1639 4709 παρά
1701 4637 1807 4699 τοῖς

1917 4632 2334 4698 Zorobabelcm,
2375 4632 2533 4703 cujus
2569 4632 2731 4688 etiam
2769 4634 2995 4704 aequalis
3032 4636 3177 4692 idem
3209 4646 3264 4693 et
3291 4639 3475 4695 socius

241 4704 512 4802 Ἑϐραίοις
557 4731 856 4803 ἱστόρηται.
903 4730 968 4784 Αἱ
1017 4704 1259 4801 μὲν-οὖν
1311 4704 1540 4801 ἱστορίαι
1571 4704 1807 4799 *συντρέ-

1914 4734 2033 4781 erat
2067 4724 2226 4782 Jesus
2252 4723 2499 4781 Josedeci
2530 4723 2709 4788 filius,
2740 4726 2952 4795 expleta
2981 4726 3095 4798 jam
3130 4730 3478 4801 septuaginta
3570 4780 3577 4785 .

229 4839 392 4893 χον-σι,
427 4823 626 4898 Κύρου
654 4841 712 4877 τε
740 4823 1035 4895 βασιλείας,
1073 4824 1168 4878 καὶ
1198 4822 1571 4895 αἰχμαλωσίας
1596 4820 1803 4885 τέλους·

230 4916 316 4967 καὶ
344 4915 497 4970 κατὰ
533 4914 638 4979 τάς
683 4914 1044 4985 Ὀλυμπιάδας
1079 4913 1249 4978 οὕτως
1292 4915 1373 4977 είς
1407 4914 1556 4985 ἡμᾶς
1585 4911 1808 4984 εὑρεθή-

229 5022 372 5062 σεται
401 5008 880 5080 συμφωνήσαντα*
915 5007 1123 5071 τούτοις
1152 5005 1260 5078 γάρ
1284 5006 1555 5076 ἑπόμενοι,
1586 5005 1681 5058 καὶ
1708 5003 1807 5068 τάς

226 5100 414 5166 λοιπὰς
447 5100 698 5173 ἱστορίας
717 5099 857 5155 κατά
885 5100 974 5155 τὸν
991 5100 1153 5154 αὐτὸν
1176 5098 1330 5169 λόγον
1351 5098 1607 5171 ἀλλήλαις
1633 5099 1809 5169 ἐφαρ-

228 5207 495 5266 βασομεν-

223 5330 408 5389 tamia,
471 5323 705 5396 Ὠγύγια
750 5324 911 5379 κακά.
948 5323 1323 5396 Verbaporro
1363 5321 1681 5396 sequentia,
1709 5337 1805 5377 ex-

222 5406 431 5467 puncto
458 5393 559 5466 τῷ
571 5393 743 5467 μετά,
780 5398 921 5467 inter
942 5396 1080 5451 duas
1105 5393 1363 5467 virgulas,
1395 5393 1539 5467 quod
1566 5393 1803 5467 intexta

219 5463 628 5535 reperiebatur,
655 5467 745 5521 hic
773 5466 1003 5537 incluso,
1034 5465 1256 5537 legenda
1281 5467 1384 5537 hoc
1407 5463 1600 5537 ordine
1633 5463 1803 5537 inter:

222 5531 427 5605 potata.
478 5537 699 5591 Πολλῶν
717 5531 1115 5606 διαφθαρέπωῦ
1129 5534 1429 5606 διασωθεὶς,
1454 5531 1593 5587 κατὰ
1617 5532 1715 5606 τὴν
1739 5531 1800 5599 ἐξ

220 5602 512 5731 ὲθξγύπτου
539 5607 635 5660 τοῦ
651 5606 783 5661 λαοῦ
820 5602 957 5678 μετά
994 5605 1268 5669 Μωῦσέως
1316 5604 1492 5671 ἔξοδον
1529 5602 1793 5673 γενέσθαι.

302 5694 397 5732 λι.

290 5750 412 5815 (5i)
458 5747 664 5802 Ἦνῦν
696 5746 950 5814 Ἀττική.
980 5747 1055 5802 De
1090 5746 1221 5802 Acte
1240 5750 1296 5800 et
1317 5743 1493 5815 Attica
1522 5741 1797 5815 Pontacus

223 5815 278 5874 in
302 5813 615 5875 EuSebium
635 5818 868 5873 erudite.
899 5817 1085 5875 lstbwc
1117 5815 1357 5872 Africani
1377 5813 1640 5886 Georgius
1659 5813 1799 5884 Sym

390 5913 675 5975 Parnm.
721 5912 840 5974 Gn.
876 5912 960 5974 Χ.

1918 4832 2189 4872 annorum
2228 4831 2475 4879 summa,
2515 4816 2701 4887 populi
2736 4816 2949 4873 Judaici
2988 4828 3197 4889 partem
3235 4820 3479 4891 aliquam

1916 4910 2152 4981 primum
2185 4908 2426 4970 dimisit,
2459 4919 2517 4962 ut
2549 4910 2690 4979 apud
2724 4908 2952 4964 Esdram
2986 4908 3269 4966 Hebraeum
3299 4913 3477 4969 histo-

1914 5000 2094 5056 ricum
2127 4999 2377 5070 legimus.
2411 4998 2478 5053 Et
2507 5000 2767 5070 quoniam
2800 5001 2951 5071 regni
2982 5000 3110 5074 Cyri
3144 5003 3476 5075 principium

1908 5105 2031 5146 cum
2085 5090 2326 5146 Judaica‘.
2371 5091 2700 5161 captivitatis
2743 5091 2880 5158 line,
2917 5093 3303 5150 historicorum
3354 5111 3479 5150 om-

1907 5183 2062 5240 nium
2082 5184 2437 5239 consensione
2461 5182 2770 5254 concurrit;
2797 5184 2991 5241 similis
3014 5186 3179 5242 etiam
3210 5187 3265 5242 in
3290 5185 3480 5259 Olym-

1909 5322 2078 5377 cellus
2109 5319 2307 5375 refutat
2339 5334 2462 5389 pag.
2488 5319 2556 5373 70
2588 5335 2730 5389 seq.,
2764 5321 2836 5374 al.
2868 5320 2957 5375 56.
2987 5320 3062 5376 In.

1982 5391 2095 5462 (53)
2112 5391 2259 5463 ζᾙτη
2290 5393 2489 5454 μαλε-θ.
2520 5390 2572 5463 ξ
2584 5390 2764 5463 Moyse
2780 5390 2843 5444 ad
2860 5390 3058 5463 Cyrum
3074 5391 3480 5463 numeratAl‘ri-

1906 5459 2074 5518 canus
2098 5461 2238 5515 1255
2280 5476 2453 5515 annos
2495 5479 2509 5515 :
2542 5459 2826 5531 Syncellus
2854 5459 3072 5517 centum
3100 5464 3304 5518 minus.
3352 5461 3472 5525 ﬂic.

1903 5533 2111 5587 Cainan
2164 5530 2322 5603 annis
2357 5531 2468 5599 jam
2500 5530 2873 5603 superioribus
2918 5534 3239 5599 numeratis,
3294 5542 3479 5603 poste-

1902 5604 2020 5687 rius
2049 5602 2284 5687 spatium
2311 5603 2613 5664 contraxit;
2638 5600 2933 5683 Africanus
2958 5603 3145 5658 iisdem
3160 5600 3475 5687 postremo,

1901 5673 1955 5727 id
2001 5670 2093 5727 est
2127 5670 2378 5727 Iudicum
2427 5681 2667 5739 tempore
2716 5672 2990 5741 repositis,
3038 5670 3273 5743 spatium
3331 5670 3477 5731 idem

1901 5744 2121 5799 auxisse
2145 5741 2586 5811 deprehenditur.
2622 5740 2698 5811 lar.
3286 5808 3326 5811 ﬂ

1973 5811 2082 5885 (54)
2120 5808 2597 5883 Συῦοεχρόνησεν.
2646 5810 2806 5869 Forte
2837 5811 3231 5883 συνεχρόνισεν.
3282 5808 3474 5868 Vtcu.
3566 5842 3569 5847 »

3101 5906 3140 5966 3
