4006 6356
493 374 562 428 75
1843 362 2028 424 JULII

2159 362 2387 421 RICANI
3657 364 3730 420 76

490 492 712 565 piadum
766 486 925 544 annis
1012 500 1134 541 cum
1183 484 1501 555 utriusque,
1553 493 1671 540 tum
1703 490 2041 540 'caeterorum
2070 480 2325 551 deinceps
2344 479 2722 536 convenientia
2766 479 2834 536 ad
2877 495 2980 538 nos
3013 494 3187 553 usque
3207 477 3423 536 ducil’ur
3463 497 3480 534 :
3526 479 3731 552 quippe

490 587 588 658 qui
638 585 708 640 ab
759 598 827 639 eo
869 579 1035 636 veluti
1081 578 1303 634 cardine
1362 576 1665 650 progressi,
1727 582 2125 646 consequentes
2175 574 2379 645 pariter
2434 574 2690 631 historias
2727 574 2914 631 eadem
2953 574 3096 632 inter
3131 589 3251 633 sese
3322 577 3536 634 ratione
3568 593 3728 634 com-

492 676 717 733 missuri
751 672 1166 743 contexturique
1196 673 1390 729 simus.

562 768 650 824 lll.
688 769 758 822 At
788 767 842 820 in
886 780 1229 835 supernorum
1272 763 1658 836 consignandis
1690 764 2055 835 temporibus,

2230 757 2307 810 1".
2357 754 2467 820 Τάς
2512 755 2569 810 δὲ
2613 755 2719 828 πρὸ
2756 756 2961 811 τούτων
3008 749 3111 811 ὧδέ
3159 773 3277 821 πως
3314 756 3415 828 τῆς
3476 758 3727 832 Ἀττικῆς

494 863 537 918 si
578 862 766 916 Attica:
797 859 1244 929 chronographiae
1268 858 1533 912 rationem
1562 855 1714 927 sequi
1766 856 1934 921 libet,
1987 855 2057 909 ab

492 954 707 1026 Ogyge,
755 968 918 1025 quem
966 951 1204 1006 indidem
1251 957 1429 1005 satum
1481 964 1605 1004 esse
1644 947 1914 1013 credunt,
1954 947 2058 1002 sub

492 1063 602 1116 quo
650 1045 844 1114 ingens
892 1042 1023 1097 illud
1064 1041 1413 1111 primumque
1453 1039 2058 1107 diluvium,.regnante

492 1134 653 1205 Argis
730 1132 1065 1198 Phoroneo,
1126 1131 1360 1184 Atticam
1440 1128 1703 1184 invasisse
1769 1127 2057 1183 Acusilaus

492 1235 685 1282 auctor
720 1234 842 1290 est,
891 1223 957 1278 ad
1002 1223 1234 1293 primam
1276 1235 1451 1291 usque
1497 1218 1868 1291 Olympiadem
1914 1220 2058 1274 unde

494 1318 666 1375 Graeci
702 1324 1013 1373 accuratam
1047 1315 1151 1371 sibi
1187 1322 1493 1384 temporum
1526 1313 1725 1369 seriem
1752 1312 2056 1368 ducendam

491 1417 849 1483 putaverunt,
893 1408 1022 1463 anni
1054 1407 1387 1477 colliguntur
1422 1404 1612 1477 viginti
1658 1420 1826 1476 supra
1870 1405 2054 1473 mille;

491 1503 586 1574 qui
620 1517 881 1558 numerus
901 1513 955 1556 et
981 1516 1104 1557 cum
1136 1499 1510 1571 superioribus
1538 1499 1742 1569 optime
1767 1499 2055 1570 congruit,

487 1603 544 1647 et
569 1609 633 1648 ex
664 1592 1007 1662 sequentium
1040 1590 1407 1646 declaratione
1435 1588 1730 1644 constabit.
1773 1587 1896 1643 llaec
1912 1589 2056 1643 enim

487 1684 804 1741 Hellanicus
843 1695 897 1741 et
930 1684 1257 1740 Pilochorus
1282 1722 1296 1747 ,
1332 1682 1424 1752 qui
1462 1696 1550 1739 res
1588 1682 1826 1746 Atticas,
1892 1681 2055 1736 item-

491 1795 599 1850 que
622 1779 821 1834 Castor
843 1788 896 1834 et
923 1777 1150 1833 Thallus
1167 1818 1182 1843 ,
1210 1775 1303 1846 qui
1336 1773 1590 1846 Syriacas
1610 1779 1881 1845 prosecuti
1909 1784 2055 1842 sunt,

489 1871 694 1941 quique
731 1871 974 1942 gentium
1013 1870 1255 1925 omnium
1280 1867 1562 1923 historiam
1601 1867 1653 1919 in
1680 1865 2060 1920 Bibliothecam

491 1977 647 2016 suam
695 1962 918 2017 inclusit
958 1960 1259 2028 Diodorus,
1304 1972 1361 2019 et
1400 1959 1706 2016 Alexander
1748 1957 2062 2029 Polyhistor

491 2057 770 2111 memoria:
809 2056 1210 2127 prodiderunt:
1251 2072 1486 2127 quorum
1537 2055 1701 2110 etiam
1729 2096 1744 2121 ,
1785 2069 1815 2109 e
1854 2052 2059 2108 nostris

2158 848 2557 926 χρονογραφίας
2591 849 3021 922 ἀριθμουμένης,
3065 848 3173 903 ἀπὸ
3220 848 3447 919 Ὠγύγου
3475 848 3569 903 τοῦ
3598 858 3730 923 παρ’

2156 942 2387 1006 ἐκείνοις
2426 940 2742 1011 αὐτόχθονος
2783 940 3162 1005 πιστευθέντος
3185 980 3200 1006 ,
3235 941 3320 1010 ἐφ’
3351 937 3412 997 οὗ
3448 942 3671 1012 γέγονεν
3692 945 3731 1000 ὁ

2161 1035 2335 1107 μέγας
2367 1032 2460 1087 καὶ
2488 1034 2701 1105 πρῶτος
2732 1033 2789 1088 ὲν
2829 1035 2894 1105 τῇ
2942 1033 3157 1105 Ἀττικῇ
3189 1034 3595 1106 κατακλυσμὸς,
3628 1037 3733 1091 Φο-

2160 1126 2373 1199 ρωνέως
2410 1125 2665 1198 Ἀργείων
2686 1123 3076 1195 βασιλεύοντος,
3098 1125 3173 1189 ὡς
3211 1126 3553 1191 Ἀκουσίλαος
3584 1129 3729 1184 ἰστος

2161 1222 2263 1291 ρεῖ,
2309 1218 2471 1290 μέχρι
2517 1216 2737 1289 πρώτης
2791 1217 3179 1288 Ὀλυμπιάδος,
3234 1218 3427 1273 ὁπόθεν
3471 1220 3729 1291 ’Έλληνες

2158 1310 2415 1383 ἀκριϐοῦν
2437 1313 2561 1375 τοὺς
2591 1310 2812 1383 χρόνους
2845 1311 3120 1382 ἐνόμισαν,
3153 1311 3247 1382 ἔτη
3270 1311 3557 1381 συνάγεται
3582 1312 3729 1384 χίλια

2162 1407 2387 1459 εἴκοσιν·
2432 1404 2508 1469 ὼς
2554 1403 2791 1467 καὶτοῖς
2828 1404 3243 1476 προειρημένοις
3282 1408 3585 1476 συμφωνεῖ,
3632 1408 3730 1462 καὶ

2159 1499 2269 1561 τοῖς
2313 1496 2439 1568 ἑξῆς
2482 1496 2835 1568 δειχθήσεται.
2882 1496 3064 1550 Ταῦτα
3107 1496 3217 1569 γὰρ
3259 1495 3553 1569 Ἀθηναίων
3592 1500 3732 1553 ἰστο-

2161 1589 2380 1662 ροῦντες
2434 1588 2568 1660 (55),
2632 1588 2937 1653 Ἑλλάνικός
2977 1606 3038 1642 τε
3084 1590 3179 1643 καὶ
3223 1588 3505 1660 Φιλόχορος
3547 1593 3596 1644 οἰ
3627 1592 3729 1658 τὰς

2172 1682 2433 1747 Ἀτθίδας,
2452 1683 2575 1736 οἵτε
2605 1682 2675 1737 τά
2707 1682 2877 1756 Σύρια
2904 1683 3138 1755 Κάστωρ
3169 1685 3263 1737 καὶ
3288 1681 3510 1748 Θαλλδς,
3541 1684 3633 1738 καὶ
3657 1686 3729 1740 τὰ

2162 1776 2377 1830 πάντων
2400 1776 2662 1849 Διόδωρος
2691 1779 2721 1831 ὁ
2744 1777 2841 1839 τὰς
2858 1775 3271 1843 mutuoque,
3290 1776 3634 1849 Ἀλέξανδρός
3665 1796 3727 1832 τε

2160 1870 2188 1921 ὁ
2217 1868 2547 1942 Πολυΐστωρ,
2586 1870 2679 1925 καί
2704 1887 2846 1934 τινες
2870 1870 2976 1923 τῶν
3014 1870 3134 1924 καθ’
3166 1871 3311 1941 ἡμᾶς
3340 1870 3731 1945 ἀκριϐέστερον

2161 1962 2507 2035 ἐμνήσθησαν
2527 2005 2541 2030 ,
2565 1964 2658 2017 καὶ
2686 1963 2793 2018 τῶν
2821 1963 3078 2018 Ἀττικῶν
3105 1964 3359 2019 ἁπάντων
3388 1964 3521 2036 (55).
3549 1965 3618 2019 Εἴ
3642 1982 3729 2029 τις

2162 2049 2254 2106 οὖν
2288 2055 2346 2107 ὲν
2384 2056 2495 2119 τοῖς
2529 2055 2719 2127 χιλίοις
2770 2057 2971 2110 εἴκοσιν
2992 2055 3167 2109 ἔτεσιν
3225 2055 3492 2128 ἐπίσημος
3521 2056 3733 2128 ἱστορία

488 2160 750 2220 praeterea
780 2150 1065 2218 nonnulli,
1099 2150 1417 2221 diligentius
1447 2164 1611 2220 quam
1642 2146 1805 2202 Attici
1839 2160 2051 2211 omnes,

2159 2148 2431 2218 τυγχάνει,
2463 2149 2603 2203 κατὰ
2624 2150 2684 2203 τὸ
2711 2149 2982 2222 χρήσιμον
3007 2149 3381 2222 ὲκλεγὴσεται.

487 2247 910 2316 accuratiusque
949 2245 1266 2301 meminere.
1329 2243 1552 2314 Itaque,
1613 2244 1659 2297 si
1699 2256 1821 2311 qua:
1858 2239 2003 2295 mille
2062 2253 2127 2296 ac
2178 2241 2364 2314 viginti
2409 2259 2675 2298 annorum
2727 2243 2902 2314 spatio
2954 2244 3114 2314 paulo
3163 2244 3428 2316 insignior
3477 2253 3730 2302 occurret

488 2344 719 2402 historia
741 2384 756 2409 ,
789 2357 910 2397 eam
944 2342 1231 2397 commode
1259 2356 1359 2397 suo
1386 2341 1506 2396 loco
1533 2339 1804 2395 dabimus.

558 2456 649 2512 1V.
700 2457 959 2512 Volumus
988 2455 1174 2529 igitur,
1206 2455 1394 2526 scripti
1427 2456 1590 2511 etiam
1620 2453 1783 2523 hujus
1816 2451 2059 2508 auctori-

490 2560 609 2605 tate
630 2548 753 2604 freti
774 2590 788 2614 ,
819 2546 1057 2619 Ogygem
1088 2547 1241 2601 illum
1274 2547 1367 2617 qui
1394 2588 1408 2612 ,
1445 2545 1590 2616 quod
1630 2542 1841 2599 haustis
1883 2558 2056 2613 aqua-

486 2658 611 2698 rum
643 2641 697 2695 vi
728 2640 1148 2710 quamplurimis
1171 2679 1184 2703 ,
1221 2639 1406 2695 salvus
1443 2646 1498 2693 et
1537 2636 1826 2691 incolumis
1861 2648 2053 2689 evase-

485 2745 609 2801 rat,
638 2736 815 2804 primo
843 2733 1046 2789 diluvio
1072 2747 1269 2787 nomen
1294 2731 1461 2795 dedit,
1488 2731 1632 2786 circa
1661 2739 1871 2797 tempus
1894 2726 2051 2791 illud,

487 2843 598 2899 quo
636 2826 870 2899 p0pulus
907 2840 975 2880 ex
1015 2823 1248 2896 Egypto
1279 2839 1404 2878 cum
1438 2820 1622 2893 Moyse
1652 2817 1938 2890 migravit,
1967 2832 2058 2871 ex-

487 2921 716 2976 stitisse.
760 2919 816 2973 ld
851 2916 995 2987 quod
1036 2917 1184 2972 hunc
1230 2916 1284 2969 in
1325 2914 1549 2969 modum
1589 2912 1932 2968 conﬁcimus.
1974 2908 2056 2965 Ab

486 3011 669 3085 Ogyge
707 3012 775 3067 ad
814 3012 1046 3082 primam
1084 3009 1456 3081 Olympiadem
1498 3005 1627 3061 anni
1677 3012 1942 3074 putantur
1973 3002 2058 3057 vi-

474 3107 621 3178 ginti
653 3120 822 3176 supra
853 3103 1002 3158 mille
1027 3120 1041 3170 ;
1072 3101 1139 3157 ab
1168 3100 1487 3173 Olympiade
1512 3100 1689 3170 prima
1717 3096 1784 3152 ad
1814 3097 2053 3167 primum

485 3194 959 3267 quinquagesimae
1004 3193 1209 3263 quintae
1247 3207 1449 3247 annum
1475 3232 1490 3257 ,
1534 3190 1627 3260 qui
1668 3189 1878 3259 primus
1923 3188 2054 3241 item

486 3288 614 3359 Cyri
648 3288 790 3359 regis
824 3303 1002 3342 annus
1032 3290 1146 3351 est,
1180 3284 1435 3354 idemque
1461 3281 1793 3349 captivitatis
1818 3278 2058 3335 Judaica‘.

2234 2450 2306 2503 A'.
2353 2446 2535 2518 Φαμὲν
2576 2444 2754 2499 τοίνυν
2798 2444 2861 2499 ἐκ
2891 2461 2949 2498 τε
2984 2443 3094 2516 (56)
3127 2444 3283 2500 τοῦδε
3320 2447 3412 2501 τοῦ
3443 2451 3731 2523 συγγράμ-

2163 2557 2349 2612 ματος,
2370 2540 2621 2608 Ὤγυγον,
2639 2538 2696 2603 ὃς
2718 2539 2811 2593 τοῦ
2844 2540 3056 2613 πρώτου
3091 2543 3472 2616 κατακλυσμοῦ
3504 2549 3731 2619 γέγονεν

2162 2631 2467 2703 ἐπώνυμος,
2500 2632 2612 2700 (57)
2632 2630 2837 2686 πολλῶν
2854 2632 3254 2706 διαφθαρέντων
3270 2637 3568 2707 διασωθεὶς,
3587 2643 3729 2698 κατὰ

2156 2725 2255 2797 τὴν
2271 2726 2540 2793 Αἴγυπτον
2563 2723 2656 2777 τοῦ
2685 2723 2814 2778 λαοῦ
2843 2726 2980 2796 μετὰ
3001 2728 3279 2794 Μωῦσέως
3307 2729 3479 2797 ἔξοδον
3503 2736 3731 2807 γεγενῆ-

2159 2817 2301 2881 σθαι,
2319 2817 2467 2872 τόνδε
2493 2818 2584 2871 τὸν
2607 2818 2825 2890 τρόπον.
2857 2820 2978 2874 Ἐπὶ
3009 2821 3232 2894 πρώτην
3270 2824 3602 2896 Ὀλυμπιάδα
3627 2830 3729 2902 τὴν

2157 2903 2578 2977 προειρημένην,
2599 2905 2707 2959 ἀπὸ
2736 2905 2959 2975 Ὠγύγου
2974 2908 3067 2979 ἐτη
3095 2909 3432 2983 δειχθήσεται
3454 2915 3563 2987 (58)
3588 2924 3687 2981 ,ακθ
3707 2937 3724 2951 ·

2157 2995 2265 3051 ἀπὸ
2310 2996 2366 3049 δὲ
2411 2996 2632 3068 πρώτης
2680 2997 3036 3069 Ὀλυμπιάδος
3077 3002 3168 3055 ἐπὶ
3196 3002 3296 3074 τῆς
3326 3013 3399 3059 ve’
3432 3007 3549 3072 ἔτος
3574 3010 3729 3080 πρῶο

2157 3107 2267 3155 τον,
2323 3092 2595 3145 τουτέστιν
2639 3094 2736 3145 ἐπὶ
2780 3093 2960 3166 Κύρου
3009 3096 3273 3168 βασιλέως
3319 3100 3438 3167 ἔτος
3489 3104 3724 3176 πρῶτον,

2155 3184 2293 3256 ὅπερ
2316 3180 2382 3256 ἦν
2415 3185 2789 3256 αἰχμαλωσίας
2816 3188 2967 3253 τέλος
2988 3228 3002 3252 ,
3036 3190 3130 3261 ἐτη
3161 3191 3281 3257 σις’.
3329 3194 3460 3249 Ἀπὸ
3500 3197 3729 3269 Ὠγύγου

2155 3280 2334 3332 τοίνυν
2368 3280 2459 3333 ἐπὶ
2490 3278 2691 3352 Κῦρον,
2726 3280 2818 3352 ἐτη
2861 3281 3041 3347 ,ασλζ’.
3070 3283 3192 3337 Εἰδ’
3209 3286 3467 3360 ἀναφέρει
3492 3306 3576 3354 τις
3607 3292 3733 3345 ἐπι-

486 3379 644 3444 finis,
676 3379 806 3433 anui
837 3376 1226 3447 septemdecim
1258 3389 1424 3444 supra
1470 3372 1779 3449 ducentos;
1821 3386 1951 3443 ergo
1986 3370 2055 3424 ab

2159 3368 2520 3441 λογιζόμενος,
2542 3371 2647 3424 ἀπὸ
2668 3370 2762 3425 τοῦ
2795 3372 2983 3438 τέλους
3008 3374 3110 3445 τῆς
3143 3378 3536 3448 αἰχμαλωσίας,
3564 3383 3733 3451 ,ασλξ

486 3470 670 3543 Ogyge
708 3471 775 3525 ad
812 3469 1020 3541 Cyrum
1061 3482 1269 3538 usque,
1310 3465 1439 3519 anni
1468 3464 1690 3535 triginta
1724 3471 1928 3532 septem
1961 3476 2054 3516 su-

2159 3461 2251 3534 ἔτη
2275 3479 2290 3496 ο
2347 3462 2483 3516 κατά
2531 3463 2783 3517 ἀνάλυσιν
2839 3465 3148 3537 εὑρίσκεται
3194 3470 3387 3524 ταυτὸν
3432 3472 3733 3547 διάστημα,

482 3579 584 3633 pra
617 3563 765 3618 mille
791 3578 857 3617 ac
884 3563 1152 3617 ducentos
1186 3573 1378 3614 omnes
1407 3557 1755 3627 colliguntur.
1785 3552 1927 3620 Jam,
1957 3552 2054 3623 qui

2159 3555 2253 3607 ἐπὶ
2288 3553 2349 3608 τὸ
2376 3555 2589 3626 πρῶτον
2616 3556 2733 3620 ἔτος
2761 3556 2861 3629 τῆς
2892 3559 2999 3612 ἀπὸ
3030 3559 3302 3629 Αἰγύπτου
3326 3563 3413 3618 διά
3444 3568 3735 3633 Μωῦσέως

487 3672 708 3711 sursum
739 3670 942 3711 versus
968 3654 1037 3710 ab
1066 3655 1215 3707 exitu
1245 3650 1573 3722 captivitatis
1602 3664 1772 3704 annos
1809 3656 2055 3703 retexere

2159 3645 2334 3711 ἐξόδου
2380 3647 2593 3720 Ἰσραὴλ
2613 3688 2627 3712 ,
2660 3649 2781 3702 ὅσον
2807 3650 2913 3704 ἀπὸ
2944 3651 3044 3723 τῆς
3071 3656 3437 3728 πεντηκοστῆς
3468 3657 3737 3733 πέμπτης

485 3748 751 3815 voluerit,
779 3747 826 3804 is
851 3747 1069 3819 triginta
1098 3755 1308 3816 septem
1337 3760 1500 3815 supra
1531 3743 1679 3799 mille
1700 3758 1765 3797 ac
1789 3741 2055 3796 ducentos

2172 3737 2530 3811 Ὀλυμπιάδος
2587 3741 2679 3794 ἐπὶ
2745 3743 3008 3811 Ὤγυγον,
3058 3744 3117 3809 ὃς
3162 3745 3373 3802 ἔκτισεν
3428 3750 3727 3808 Ἐλευσῖνα.

489 3842 814 3898 revolvendo
842 3840 1189 3908 numerabit;
1221 3839 1325 3895 hoc
1347 3847 1432 3894 est
1458 3838 1599 3892 idem
1630 3851 1852 3907 prorsus
1882 3834 2055 3889 inter-

2163 3830 2324 3887 Ὅθεν
2368 3832 2768 3906 ὲπισημότερόν
2808 3838 2923 3889 ὲστι
2969 3837 3296 3893 καταλαϐεῖν
3326 3841 3426 3913 τὴν
3480 3843 3731 3917 Ἀττικὴν

485 3937 687 3992 vallum
741 3934 810 3991 ad
840 3950 964 3992 eum
1014 3949 1193 4005 usque
1245 3947 1485 3998 annum,
1533 3947 1642 4001 quo
1691 3930 1930 4001 primum
1980 3941 2048 3982 ex

2162 3925 2580 3997 χρονογραφίαν.

486 4031 723 4104 ιΕεγρῑο
744 4047 838 4103 per
857 4031 1096 4103 Moysem
1112 4027 1521 4085 eductus‘lsrael
1535 4037 1638 4093 est,
1656 4026 1801 4097 quod
1818 4025 1917 4080 abs
1928 4022 2378 4094 quinquagesima
2396 4022 2585 4091 quinta
2600 4018 2916 4093 Olympiade
2933 4022 2998 4078 ad
3016 4021 3274 4095 Ogygem,
3293 4025 3387 4095 qui
3414 4026 3726 4084 Eleusinem

485 4124 761 4191 condidit,
799 4138 1091 4179 excurrere
1128 4122 1337 4177 dictum
1373 4129 1477 4177 est.
1517 4127 1692 4191 Atque
1722 4118 1848 4173 inde
1867 4116 2084 4187 quidem
2108 4114 2377 4184 insignius
2394 4114 2582 4169 Atticae
2603 4113 2968 4186 chronologia:
2998 4117 3323 4187 principium
3354 4118 3478 4174 duci
3506 4129 3709 4189 potest.

560 4212 624 4266 ν.
672 4212 871 4269 Verum
895 4214 964 4268 de
989 4220 1233 4283 tempore
1256 4212 1492 4283 Ogygem
1519 4220 1838 4281 antegresso
1868 4208 2056 4261 hacte-

2212 4204 2289 4256 E’.
2314 4203 2424 4256 Καὶ
2444 4202 2678 4256 τοσαῦτα
2702 4203 2800 4274 μὲν
2818 4203 2921 4276 πρὸ
2952 4204 3197 4274 Ὠγύγου.
3217 4207 3373 4262 Κατὰ
3395 4208 3451 4262 δὲ
3467 4212 3592 4274 τοὺς
3610 4212 3728 4266 τού-

485 4323 611 4363 nus.
640 4304 909 4363 Caeterum
943 4305 1090 4361 illius
1115 4315 1361 4377 tempore
1383 4346 1398 4371 ,
1436 4304 1671 4359 excessit
1708 4303 1778 4357 ab
1815 4298 2052 4370 Egyplo

2159 4314 2252 4350 του
2275 4297 2515 4368 χρόνους,
2531 4295 2719 4367 ἐξῆλθε
2736 4297 2971 4369 Μωῦσῆς
2995 4298 3090 4351 ἀπ’
3103 4299 3375 4368 Αἰγύπτου
3394 4319 3408 4331 -
3433 4303 3527 4356 καὶ
3539 4303 3615 4368 ὡς
3626 4306 3731 4361 οὐκ

487 4398 735 4471 Moyses:
778 4398 831 4453 id
870 4398 1017 4469 quod
1054 4398 1167 4453 veri
1205 4413 1371 4467 quam
1412 4396 1590 4451 simile
1639 4395 1744 4458 sit,
1798 4394 1947 4447 hunc
1995 4391 2052 4444 in

2159 4387 2384 4442 ἄπιστον
2415 4386 2535 4439 τότε
2552 4384 2724 4439 ταῦτα
2749 4385 3039 4456 συμϐῆναι,
3065 4386 3350 4458 δείκνυμεν
3377 4388 3563 4452 οὕτως.
3596 4391 3734 4444 Ἀπὸ

487 4466 713 4547 modum
739 4466 1094 4545 ostendimus.
1123 4489 1207 4543 Ab
1223 4466 1381 4543 exitu
1407 4486 1611 4558 Moysis
1634 4486 1700 4541 ad
1727 4484 1927 4556 Cyrum
1953 4481 2049 4553 qui

2159 4477 2260 4549 τῆς
2284 4476 2462 4543 ἐξόδου
2474 4478 2750 4541 Μωῦσέως
2765 4477 2856 4531 ἐπὶ
2868 4477 2947 4531 Κῦ
2956 4466 3071 4551 ρον,
3080 4478 3139 4543 ὃς
3150 4478 3460 4534 ἐϐασίλευσε
3480 4483 3614 4552 μετὰ
3628 4484 3732 4554 τὴν

485 4591 612 4653 post
644 4582 1011 4652 captivitatem
1044 4581 1324 4652 regnavit,
1353 4579 1481 4634 anni
1513 4584 1775 4648 putantur
1802 4573 1952 4629 mille
1986 4587 2052 4628 ac

2159 4568 2547 4641 αἰχμαλωσίαν,
2572 4568 2668 4640 ἔτη
2698 4568 2879 4635 ,ασλζνε
2912 4571 3189 4634 Μωῦσέως
3209 4571 3319 4642 γὰρ
3349 4572 3441 4644 ἔτη
3469 4571 3536 4627 τὰ
3565 4572 3734 4628 λοιπά

486 4676 707 4729 ducenti
738 4690 869 4729 cum
908 4673 1129 4744 triginta
1165 4681 1389 4743 septem.
1420 4668 1631 4741 Moysis
1663 4667 1809 4723 enim
1852 4665 2046 4736 reliqui

2159 4662 2573 4734 τεσσαράκοντα.
2629 4663 2803 4732 Ἰησοῦ
2847 4662 2941 4716 τοῦ
2984 4665 3097 4735 μετ’
3120 4667 3323 4718 ἐκεῖνον
3355 4666 3724 4737 ἡγησαμένου,

487 4768 558 4822 ab
594 4782 818 4838 egressu
857 4767 986 4821 anni
1023 4765 1383 4836 quadraginta
1420 4772 1586 4829 sunt;
1636 4760 1795 4819 Jesu.
1835 4760 1929 4830 qui
1968 4774 2056 4815 se-

2159 4756 2252 4827 Ετη
2264 4761 2360 4820 κε’,
2375 4755 2758 4829 πρεσϐυτέρων
2789 4754 2882 4826 ἔτη
2903 4755 2967 4821 λ’,
2989 4755 3096 4808 τῶν
3130 4755 3266 4828 μετὰ
3290 4754 3463 4828 Ἰησοῦ
3490 4757 3689 4830 κριτῶν
3705 4774 3723 4789 ·

487 4854 895 4909 cundumillum
915 4854 1115 4925 populo
1142 4853 1458 4909 deducendo
1474 4851 1707 4923 praefuit,
1726 4851 1969 4921 quinque
1994 4864 2056 4905 ac

2159 4848 2263 4901 τῶν
2278 4847 2335 4901 δὲ
2351 4850 2408 4901 ὲν
2430 4850 2496 4918 τῇ
2520 4846 2684 4919 βίϐλῳ
2696 4845 2802 4901 τῶν
2817 4848 2862 4899 Κ
2874 4846 3035 4919 ριτῶν
3050 4849 3469 4920 περιεχομένων,
3497 4848 3594 4920 ἔτη
3619 4854 3731 4918 ut,“

486 4946 716 5016 viginti;
759 4946 1072 5012 seniorum,
1109 4944 1205 5016 qui
1236 4952 1360 5014 post
1394 4942 1582 4999 Jesum
1618 4941 1829 5013 judices
1864 4940 2015 4994 fuere
2038 4980 2054 5006 ,

2159 4940 2344 5011 ἰερέων
2374 4938 2431 4993 δὲ
2468 4938 2612 4992 Ἡλε)¹
2635 4939 2726 4993 κα)⁸
2742 4938 2990 5011 Σαμουὴλ
3008 4934 3102 5011 ἔτη
3125 4944 3174 5007 Lf
3194 4956 3207 4970 ·
3228 4939 3333 4993 τῶν
3358 4940 3416 4993 δὲ
3432 4939 3560 5011 ἑξῆς
3575 4940 3730 5012 βασι-

489 5039 708 5110 tuiginta
741 5056 758 5102 ;
791 5037 1040 5108 judicum
1077 5037 1322 5092 omnium
1355 5077 1370 5102 ,
1412 5037 1506 5106 qui
1540 5034 1766 5107 proprio
1807 5033 2053 5103 ipsorum

2159 5031 2287 5085 λέων
2311 5032 2575 5103 Ἐϐραίων
2587 5031 2680 5104 ἔτη
2698 5031 3022 5102 τετρακόσια
3050 5028 3200 5106 ιι⁹οῆς
3226 5031 3599 5087 τὸτελευταῖον
3612 5032 3726 5104 (59)

487 5133 628 5201 libro
667 5131 1037 5196 continentur,
1059 5129 1355 5200 nonaginta
1376 5142 1543 5197 supra
1580 5125 2010 5198 quadringentos
2034 5140 2050 5189 ;

2159 5118 2345 5195 ἕτοςῆν
2359 5121 2541 5196 Κύρου
2561 5122 2832 5194 βασιλείας
2843 5122 3281 5195 ἔτοςλπρῶτονὼς
3301 5125 3725 5196 προειρήκαμεν.

489 5225 834 5282 sacerdotum
853 5222 1005 5277 Eliet
1021 5220 1270 5287 Samuel,
1310 5219 1604 5288 nonaginta
1625 5235 1639 5283 ;
1664 5211 2116 5284 consequentium
2129 5227 2317 5283 regum
2348 5211 3026 5282 Hebraaorummonaginta
3061 5228 3227 5283 supra
3264 5213 3689 5285 quadringentos
3710 5253 3726 5276 ,

490 5324 798 5388 sequuntur
835 5311 1165 5384 captivitatis
1195 5310 1589 5381 septuaginta;
1620 5308 1780 5378 cujus
1804 5317 2113 5378 postremus
2139 5318 2319 5359 annus
2345 5304 2495 5374 regni
2533 5302 2659 5375 Cyri
2679 5304 2890 5374 primus
2928 5301 3061 5368 fuit,
3092 5312 3150 5358 ut
3171 5303 3287 5374 jam
3314 5314 3440 5360 ante
3462 5302 3725 5360 diximus.

560 5492 903 5567 (5‘5)rgTat7m
927 5490 1037 5563 γὰρ
1082 5491 1299 5567 ξᾼρην..
1317 5492 1506 5567 (drop.
1536 5485 1716 5540 Malim
1748 5481 1919 5538 ταῦτα
1939 5482 2056 5554 γάρ

2159 5477 2668 5567 autug'l‘iq'uid‘aliud
2710 5476 2972 5567 postulat.
3006 5475 3084 5567 ln‘:

490 5546 1043 5637 ιςιέἇρόῡᾶὡςςέιεῖεῲν
1081 5546 1617 5637 ἈθηναίωνηῨιοειι.
1905 5627 1917 5637 _
1960 5546 1971 5552 ’
2022 5546 2037 5554 ’

2235 5552 2346 5624 (57)
2371 5546 2533 5637 Κρτᾲ
2554 5550 2670 5637 rig-
2693 5546 3146 5637 élzfuator._vei
3186 5548 3302 5605 haec
3348 5546 3597 5614 delenda,
3644 5549 3728 5605 vel

717 5616 830 5707 Κέί
861 5616 977 5687 τῶν
996 5634 1121 5707 -Ἀτ,
1142 5616 1244 5707 ἅπτε
1263 5630 1447 5707 Δγειίἰε
1477 5630 1741 5707 interpres
1765 5627 1940 5707 quasi,
1960 5640 2055 5680 ex-

2159 5616 2526 5707 repouendum
2558 5616 2651 5707 αιιέ
2703 5616 3011 5707 Attum-ou;
3032 5619 3105 5676 In.
3144 5691 3155 5705 .
3270 5639 3274 5643 “

490 5688 694 5778 puncto
720 5688 853 5769 καί,
890 5688 1186 5778 genitivum
1231 5699 1487 5778 Ἀττικῷν
1519 5699 1586 5753 ad
1619 5688 2051 5771 comparativum

2379 5690 2777 5778 Aemo-tiaeque
2804 5690 2960 5770 Forte
2983 5690 3302 5778 δεικνύεται.
3334 5688 3408 5778 hit.

891 5753 1395 5849 uretuliisset._Ent'r.
1421 5753 1706 5827 Pnaot.”
1749 5753 1772 5771 ’ί
1869 5753 1897 5849 ς

2236 5753 2346 5849 (59)
2374 5753 3157 5849 ἷιζξτδιτελευξαξν.-υεόει
3201 5763 3288 5849 hic
3328 5758 3554 5849 aliquid.
3604 5753 3727 5849 Quo

560 5829 834 5916 ξῧθγνέκ
866 5862 947 5901 τε.
994 5843 1268 5900 Particula
1321 5859 1379 5897 τι
1426 5852 1519 5899 aut
1552 5843 1921 5915 .expungenda
1942 5853 2057 5912 est,
2166 5829 2401 5897 enim-16
2422 5832 2490 5908 ἧς
2522 5830 2821 5889 Febr-3m”
2856 5831 3018 5888 Ροτιε
3064 5842 3189 5887 ante
3239 5830 3386 5887 hunc
3430 5829 3728 5889 articulum
