3936 6358
181 355 238 410 π
1090 355 1257 426 QUAE
1298 354 1714 413 SUPERSUNT
1756 353 1848 410 EX
1888 350 2117 410 LlBRlS
2152 348 2553 408 CHRONOGB.
3362 347 3432 405 78

236 472 321 538 ς’.
360 470 491 524 Ἐπὶ
516 471 578 527 δὲ
597 472 823 546 πρώτης
858 473 1216 545 Ὀλυμπιάδος
1228 475 1336 530 ἀπὸ
1353 476 1631 540 Μωῦσέως
1658 475 1752 546 ἔτη

1924 469 2015 526 Ἦ.
2048 468 2167 526 Jam
2203 486 2234 525 a
2269 468 2453 541 Moyse
2491 469 2558 523 ad
2597 466 2971 540 Olympiadem
3021 465 3257 536 primam
3300 467 3431 522 anni

180 566 285 624 at,
311 560 479 631 εἴπερ
510 562 612 617 ἐπὶ
640 563 1011 634 πεντηκοστῆς
1047 564 1305 638 πέμπτης
1350 565 1470 630 ἔτος
1512 564 1749 638 πρῶτον,

178 652 264 723 [eq
289 654 476 723 βσλξ,
496 654 613 710 κᾶν
642 659 755 721 τοῖς
782 656 1107 729 Ἑλληνικοῖς
1132 660 1462 733 συνέδραμεν
1489 661 1519 713 ό
1544 661 1750 732 χρόνος.

178 743 324 798 Πετὰ
343 745 402 799 δὲ
426 746 696 816 Ὤγυγον,
731 748 820 803 διὰ
841 750 941 820 τὴν
973 750 1081 804 ἀπὸ
1106 749 1201 804 τοῦ
1218 751 1602 824 κατακλυσμοῦ
1620 751 1753 806 πολ-

181 835 277 907 λην
312 837 536 908 ςθορὰν,
569 838 929 906 ἀϐασίλευτος
950 841 1162 914 ἔμεινεν
1192 846 1225 915 ἡ
1260 843 1355 899 νῦν
1407 844 1624 917 Ἀττικὴ
1655 845 1753 916 μέ-

192 948 278 1004 χρι
318 933 622 1004 Κέκροπος,
673 935 770 1005 ἐτη
834 936 978 1008 ρπθ’.
1039 938 1143 991 Τὸν
1194 938 1303 1011 γὰρ
1331 937 1470 1010 μετὰ
1520 940 1753 1008 Ὤγυγον

204 1020 447 1083 Ἀκταῖον,
479 1022 515 1093 ἢ
540 1023 616 1077 τὰ
650 1024 998 1098 πλασσόμενα
1025 1026 1136 1083 τῶν
1162 1029 1460 1100 ὀνομάτων,
1493 1029 1614 1083 οὐδὲ
1657 1045 1752 1098 γε-

188 1112 355 1166 νέσθαι
400 1116 897 1191 φησιιιιιλόχορος.
940 1119 1051 1175 Καὶ
1088 1116 1292 1188 αὖθις·
1343 1123 1474 1176 Ἀπὸ
1525 1122 1752 1193 Ὠγύγου

187 1206 341 1259 τοίνυν
366 1208 467 1259 ἐπὶ
498 1206 709 1280 Κῦρον,
742 1211 916 1265 ὁπόσα
947 1212 1055 1264 ἀπὸ
1080 1213 1360 1279 Μωύσέως
1399 1214 1492 1268 ἐπὶ
1528 1215 1620 1269 τὸν
1652 1216 1752 1268 αὐ-

181 1297 259 1349 τὸν
276 1300 499 1370 χρόνον,
526 1301 628 1372 ἔτη
657 1302 842 1372 ,ασλζπ
873 1304 968 1358 καὶ
1012 1304 1278 1377 Ἑλλήνων
1326 1306 1384 1360 δέ
1419 1324 1563 1371 τινες
1613 1309 1753 1362 ἱστο-

181 1388 310 1458 ροῦσι
340 1393 497 1445 κατὰ
524 1394 660 1458 τοὺς
688 1395 886 1460 αὐτοὺς
913 1397 1138 1469 χρόνους
1171 1397 1426 1467 γενέσθαι
1480 1401 1748 1455 Μωῦσέω

177 1481 425 1554 Πολέμων
470 1485 532 1538 ὲν
576 1490 643 1558 τῇ
681 1486 871 1562 πρώτῃ
900 1490 1009 1544 των
1059 1490 1428 1558 Ἑλληνικῶν
1474 1493 1753 1561 ἱστοριῶν

176 1573 350 1642 λέγων·
380 1574 549 1630 (Ἐπὶ
566 1579 791 1643 ’Ἄπιδος
820 1579 914 1633 τοῦ
943 1581 1252 1654 Φορωνέως,
1274 1587 1435 1656 μοῖρα
1464 1586 1558 1638 τού
1584 1589 1751 1656 Δίγυ-

178 1667 328 1719 πτίων
365 1669 619 1740 στρατοῦ
650 1671 904 1738 ἐξέπεσεν
941 1674 1237 1743 Αἰγύπτου,
1262 1676 1311 1729 οἳ
1342 1678 1399 1730 ὲν
1440 1680 1506 1749 τῇ
1553 1679 1754 1733 Παλαι-

177 1758 307 1831 στίνη
320 1760 652 1837 καλουμένῃ
672 1763 860 1837 Συρίᾳ,
882 1765 945 1818 ού
973 1766 1159 1838 πόρρω
1174 1767 1429 1840 Ἀραϐίας
1451 1768 1695 1841 ᾤκησαν·
1726 1791 1745 1823 ι

1855 562 2031 619 fluunt
2058 562 2250 634 viginti
2280 578 2443 632 supra
2471 560 2640 625 mille,
2670 576 2795 616 cum
2830 560 2900 614 ab
2929 560 3120 615 eodem
3159 558 3229 615 ad
3261 559 3430 629 quiu-

1856 656 2186 727 quagesimze
2217 655 2424 724 quintae
2455 669 2659 708 annum
2707 654 2967 723 primum,
3020 653 3168 709 mille
3204 653 3425 709 ducenti

1854 765 1978 803 cum
2004 749 2223 820 triginta
2250 755 2456 818 septem
2481 755 2866 814 numerentur;
2886 747 3065 818 inquo
3082 747 3240 803 nobis
3261 747 3431 803 etiam

1855 858 1977 897 cum
2030 841 2346 896 Graecorum
2398 838 2737 910 temporibus
2770 838 2973 908 optimc
3024 840 3302 896 convenit.
3359 839 3432 894 At

1855 950 1984 989 vero
2017 944 2140 1004 post
2171 933 2430 1005 Ogygem,
2460 932 2605 1003 quod
2628 932 2818 1003 ingens
2845 931 2913 986 ab
2941 931 3034 985 illo
3060 932 3269 987 diluvio
3298 947 3432 989 con-

1854 1036 2038 1084 secuta
2073 1027 2300 1083 vastitas
2327 1037 2508 1090 esset,
2545 1040 2669 1095 quae
2703 1039 2850 1081 nunc
2880 1024 3056 1079 Attica
3101 1024 3330 1093 dicitur,
3364 1041 3432 1081 ea

1854 1121 1973 1175 sine
2005 1121 2226 1191 regibus
2253 1134 2429 1173 annos
2451 1127 2667 1173 centum
2699 1126 2753 1171 et
2782 1116 3061 1186 octoginta
3094 1132 3288 1172 novem
3310 1158 3326 1182 ,
3360 1119 3432 1173 ad

1853 1210 2145 1281 Cecropem
2186 1226 2362 1281 usque
2418 1207 2736 1281 permansit.
2786 1207 3029 1263 Actaeum
3073 1209 3220 1264 enim
3275 1210 3429 1266 illum

1853 1305 1947 1375 qui
1980 1320 2102 1375 post
2121 1303 2359 1376 Ogygem
2393 1312 2744 1368 recensetur,
2776 1317 3011 1373 qumque
3037 1302 3292 1373 deinceps
3329 1302 3433 1357 ﬁn-

1854 1403 2056 1467 guntur
2081 1395 2335 1462 nomina,
2381 1392 2743 1448 Philochorus
2780 1408 2849 1446 ne
2892 1392 3167 1448 exstitisse
3209 1393 3431 1463 quidem

1852 1486 2075 1541 omnino
2106 1487 2411 1540 confirmat.
2449 1482 2521 1537 Et
2558 1500 2780 1538 rursus:
2808 1483 2951 1555 Ergo
2984 1484 3053 1539 ab
3084 1484 3298 1556 Ogyge,
3346 1486 3435 1539 in-

1851 1580 1985 1649 quit,
2023 1579 2088 1633 ad
2112 1576 2314 1649 Cyrum
2352 1593 2528 1648 usque
2562 1577 2901 1632 tantumdem
2935 1594 3221 1645 numeres,
3259 1594 3435 1649 quan-

1853 1683 1965 1727 tum
2005 1670 2071 1725 ad
2104 1671 2355 1726 eumdem
2384 1686 2416 1724 a
2457 1668 2661 1740 Moyse,
2692 1671 2799 1725 hoc
2826 1677 2910 1725 est
2953 1686 3128 1725 annos
3167 1669 3433 1727 ducentos

1853 1770 1908 1817 et
1935 1762 2152 1832 triginta
2188 1769 2390 1830 septem
2439 1775 2605 1829 supra
2644 1760 2814 1814 mille.
2850 1758 2918 1814 Et
2962 1774 3093 1814 vero
3116 1759 3435 1821 Graecorum

337 1828 604 1923 δηλονότι
623 1828 683 1908 ὀἱ
715 1828 855 1927 μέτᾶ
880 1828 1173 1921 Mutila-sing.
1230 1828 1430 1915 ἔΔπίων
1468 1828 1525 1915 δὲ
1558 1828 1601 1917 ’ό
1648 1864 1752 1916 Πο-

1857 1866 1988 1907 sane
2008 1852 2255 1906 nonnulli
2283 1851 2522 1923 Moysem
2558 1852 2662 1907 sub
2695 1851 2886 1907 eadem
2937 1858 3185 1923 tempora
3231 1853 3435 1911 vixisse

173 1946 465 2011 σειδωνίςρδ,
502 1949 933 2021 περιεργότατος
952 1954 1375 2023 γραμματικῶν,
1408 1956 1467 2009 ὲν
1495 1959 1562 2027 τῇ
1593 1957 1755 2013 Κατὰ

180 2036 477 2099 Ἰριῦαίων
524 2038 726 2111 βίϐλῳ,
768 2041 864 2093 καὶ
910 2041 968 2094 ὲν
1011 2045 1079 2113 τῇ
1132 2044 1368 2118 τετάρτῃ
1426 2043 1534 2098 τῶν
1578 2046 1757 2100 Ἰστο-

163 2128 321 2197 ριῶν,
356 2131 532 2202 φησὶ,
568 2133 709 2186 κατά
733 2135 946 2205 Ἴναχον
967 2136 1201 2206 ’Ἄργους
1233 2136 1476 2206 βασιλέα,
1495 2137 1759 2209 Ἀμὼσιος

166 2222 483 2289 Αἰγυπτίων
532 2223 905 2293 βασιλεύοντος
931 2267 944 2291 ,
984 2227 1284 2299 ἀποστῆναι
1325 2231 1641 2295 Ἰουδαίους,
1675 2225 1752 2285 ὧν

168 2315 418 2385 ἡγεῖσθαι
464 2317 728 2372 Μωῦσέα.
782 2320 1067 2391 Μέμνηται
1113 2321 1171 2375 δὲ
1215 2323 1307 2376 καὶ¹
1342 2323 1617 2395 Ἡρόδοτος
1653 2326 1753 2398 τῆς

164 2406 514 2472 ingencia;
544 2409 767 2481 ταύτης,
801 2411 895 2464 καὶ
940 2412 1205 2482 Ἀμώσιος
1229 2453 1244 2478 ,
1293 2415 1350 2468 ὲν
1379 2418 1443 2487 τῇ
1490 2416 1748 2488 δευτέρᾳ·

166 2499 352 2569 cyma)
384 2499 444 2552 δέ
477 2518 586 2553 τινι
617 2501 711 2554 καὶ
750 2501 1015 2556 Ἰουδαίων
1046 2505 1259 2572 αὐτῶν,
1305 2507 1362 2559 ὲν
1395 2509 1507 2571 τοῖς
1540 2524 1755 2578 περιτε-

170 2592 461 2660 μνομένοις
496 2593 693 2657 αὐτοὺς
724 2594 1096 2667 καταριθμῶν,
1131 2597 1753 2668 καὶἈσσυρίους’τοὺς

169 2684 237 2737 ἐν
270 2685 350 2752 τῇ
370 2688 758 2756 Παλαιστίνῃ
804 2688 1112 2756 ἀποκαλῶν,
1157 2691 1296 2762 τάχα
1346 2691 1414 2744 δι’
1483 2692 1750 2765 Ἀϐραάμ.

174 2774 511 2849 Πτολεμαῖος
541 2779 601 2833 δὲ
631 2780 660 2832 ὁ
690 2780 1007 2851 Μενδήσιος,
1033 2781 1103 2834 τά
1141 2784 1451 2854 Αἰγυπτίων
1493 2783 1755 2838 ἀνέκαθεν

178 2868 426 2939 ἱστορῶν,
470 2871 644 2925 ἅπασι
670 2873 882 2940 τούτοις
914 2876 1191 2952 συντρέχει
1217 2895 1230 2908 ·
1264 2876 1403 2931 ὥστε
1428 2876 1535 2930 οὐδ’
1560 2876 1754 2947 ἐπίση-

179 2976 270 3030 μος
299 2961 396 3016 ἐπὶ
426 2962 597 3017 πλέον
626 2967 658 3037 ἡ
690 2968 799 3021 τῶν
829 2968 1034 3041 χρόνων
1067 2969 1410 3043 παραλλαγή.

1855 1954 2146 2000 testantur.
2190 1942 2350 2011 Nam,
2394 1942 2616 2000 Polemo
2643 1944 2887 2015 quidem,
2935 1944 3077 2001 libro
3123 1945 3435 2001 Graecarum

1854 2038 2201 2093 historiarum
2234 2038 2435 2108 primo,
2485 2039 2763 2109 conceptis
2793 2039 2976 2094 verbis
3005 2039 3196 2107 habet,
3241 2040 3433 2110 Apidis

1853 2130 2124 2186 Phoronei
2160 2130 2258 2185 ﬁlii
2288 2140 2552 2201 tempore,
2581 2133 2855 2188 exercitus
2887 2131 3193 2205 Egyptiaci
3219 2143 3432 2203 partem

1859 2238 1981 2279 sese
2012 2224 2080 2277 ab
2113 2222 2346 2294 Egypto
2400 2223 2760 2291 subduxisse,
2820 2233 2984 2296 atque
3039 2225 3095 2279 in
3141 2223 3434 2281 Palaestina

1859 2329 2026 2385 quam
2053 2313 2267 2386 Syriam
2293 2323 2507 2383 vocant,
2537 2315 2683 2370 haud
2721 2317 2908 2385 procul
2950 2316 3019 2371 ab
3060 2317 3259 2372 Arabia
3302 2334 3437 2375 con-

1859 2408 2101 2465 sedisse:
2126 2408 2250 2464 illos
2284 2407 2545 2463 nimirum
2568 2409 2717 2479 ipsos
2750 2409 3091 2482 intelligens,
3126 2410 3221 2481 qui
3248 2411 3435 2485 Moyse

1858 2500 1996 2557 duce
2024 2500 2254 2572 profecti
2275 2510 2421 2557 sunt.
2451 2500 2588 2571 Apio
2610 2516 2739 2556 vero
2767 2500 3044 2558 Posidonii
3062 2502 3231 2571 filius,
3261 2504 3434 2559 idem—

1863 2608 1971 2663 que
2002 2593 2485 2665 grammaticorum
2521 2592 2766 2647 omnium
2806 2592 3252 2660 curiosissimus,
3291 2594 3435 2649 libro

1863 2687 2127 2741 Adversus
2155 2685 2371 2742 Judazos
2396 2695 2450 2742 et
2478 2685 2843 2739 Historiarum
2866 2695 3062 2754 quarto
3088 2686 3297 2754 scribit,
3312 2687 3435 2741 lna-

1863 2777 1967 2833 cho
1995 2778 2155 2849 Argis
2185 2789 2465 2848 regnante,
2494 2777 2712 2833 Judazos
2738 2777 2876 2832 duce
2902 2776 3108 2849 Moyse,
3137 2778 3206 2833 ab
3242 2778 3434 2833 Amosi

1863 2870 2243 2943 [Egyptiorum
2291 2886 2415 2942 rege
2456 2870 2733 2926 defecisse.
2766 2869 2940 2941 Cujus
2980 2870 3144 2925 etiam
3175 2870 3436 2928 defectio—
3487 2897 3495 2909 ι

1864 2963 1972 3027 nis,
1997 2945 2270 3031 Simulque
2294 2961 2533 3027 Amosis,
2558 2961 2699 3016 libro
2731 2961 2971 3017 secundo
2986 2958 3292 3017 Herodotus
3314 2977 3435 3018 me-

179 3050 365 3115 minit;
404 3053 526 3106 imo
547 3062 603 3108 et
634 3056 877 3125 ipsorum
899 3076 1116 3131 quoque
1144 3058 1455 3115 Judzeorum
1480 3097 1496 3121 ,
1527 3073 1666 3129 quos
1720 3056 1776 3112 in
1811 3054 2260 3110 circumcisorum
2306 3052 2539 3108 classem
2584 3053 2817 3123 reponit,
2844 3068 2908 3108 ac
2934 3052 3247 3111 Palaestina
3269 3048 3435 3128 Assy-

176 3143 280 3196 n’os
317 3145 607 3210 nominat,
642 3148 803 3205 ducta
833 3150 1080 3209 fortassis
1122 3169 1185 3209 ex
1228 3142 1539 3208 Abrahamo
1589 3151 1875 3220 utriusque
1917 3163 2104 3203 causa.
2156 3144 2366 3213 Quibus
2418 3146 2673 3201 omnibus
2706 3161 2831 3201 cum
2880 3144 3171 3203 Ptolemaeo
3215 3164 3437 3220 quoque

161 3236 484 3307 Ieudesio,
521 3243 616 3312 qui
655 3245 725 3300 ab
764 3247 967 3304 ultimis
1000 3265 1174 3320 usque
1203 3248 1538 3320 temporibus
1586 3247 1966 3319 Egyptiorum
2017 3243 2170 3299 ducit
2216 3243 2526 3310 historiam,
2573 3242 2645 3297 ita
2699 3241 2972 3308 convenit,
3018 3251 3079 3298 ut
3124 3242 3265 3298 inter
3284 3244 3434 3315 ipsos

162 3335 313 3388 nulla
354 3334 479 3390 fere
512 3337 618 3391 nisi
645 3338 918 3395 levissima
965 3350 1272 3412 temporum
1306 3342 1610 3398 differentia
1640 3340 1818 3396 notari
1847 3337 2039 3411 possit.

230 3429 318 3483 H’.
382 3431 734 3502 Σημειωτέον
789 3433 879 3499 δὲ,
938 3438 1015 3501 ὡς
1074 3439 1103 3491 ὃ
1182 3439 1236 3493 τε
1292 3457 1423 3493 ποτε
1485 3438 1752 3511 ἐξαίρετον

1934 3434 2046 3490 Vll.
2106 3433 2375 3490 Craterum
2405 3434 2494 3488 hic
2524 3432 2922 3488 observandum
2953 3433 3117 3488 etiam
3148 3442 3252 3500 est,
3274 3434 3435 3505 quid-

163 3522 403 3599 Ἕλλησι
443 3523 514 3577 δι’
561 3525 892 3597 ἀρχαιότητα
952 3528 1275 3599 μυθεύεται,
1338 3530 1476 3602 μετὰ
1518 3530 1758 3584 Μωῡσέα

158 3615 309 3669 τοῦθ’
380 3617 731 3688 εὑρίσκεται,
786 3620 1159 3692 κατακλυσμοί
1222 3640 1319 3687 τε,
1373 3621 1466 3676 καὶ
1504 3622 1758 3701 ὲκπυρῴ-

163 3724 302 3772 σεξ,
339 3709 699 3781 Προμηθεὺς,
742 3709 846 3775 Ἰὼ,
873 3713 1133 3785 Εὐρώπη,
1159 3715 1396 3787 Σπαρτοὶ
1419 3714 1549 3787 (60),
1574 3716 1759 3787 Κόρης

159 3802 436 3872 ἁρπαγὴ,
483 3804 758 3875 μυστήρια
781 3844 795 3870 ,
831 3806 1174 3876 νομοθεσίαι,
1217 3806 1469 3861 Διονύσου
1508 3807 1755 3879 πράξεις,

160 3893 443 3965 Περσεὺς,
493 3895 852 3966 Ἀργοναῦται
872 3938 886 3961 ,
916 3899 1237 3972 Κένταυροι,
1270 3898 1626 3972 Μινώταυρος
1645 3942 1660 3966 ,
1689 3902 1759 3956 τά

162 3987 297 4055 mp!
336 3985 535 4048 Ἴλιον,
576 3984 726 4042 ἆθλοι
759 3990 1081 4063 Ἡράκλειοι,
1126 3992 1486 4065 Ἡρακλειδῶν
1511 3994 1754 4063 κάθοδος,

172 4076 383 4131 Ἱώνων
415 4080 665 4147 ἀποικία,
699 4082 793 4135 καὶ⁸
828 4082 1203 4154 Ὀλυμπιάδες.
1234 4086 1421 4153 Ἔδοξε
1446 4085 1502 4139 δέ
1541 4103 1630 4157 μοι
1658 4087 1758 4159 τῆς

176 4166 445 4240 Ἀττικῆς
481 4170 754 4240 βασιλείας
778 4173 870 4226 τὸν
901 4176 1294 4248 προειρημένον
1335 4179 1605 4234 ἐκτιθέναι
1632 4179 1757 4253 χρό-

163 4280 280 4325 νον,
318 4264 685 4335 παρατιθέναι
718 4266 959 4337 μέλλοντι
992 4272 1109 4332 ταῖς
1153 4271 1465 4342 Ἑϐραϊκαῖς
1496 4275 1757 4345 ἱστορίαις

164 4358 264 4422 τὰς
309 4357 658 4428 Ἑλληνικάς.
711 4360 951 4423 Ἐξέσται
981 4362 1090 4435 γὰρ
1123 4363 1201 4434 τῷ
1247 4364 1551 4437 βουλομένῳ
1574 4407 1588 4431 ,
1624 4368 1756 4439 παρ’

164 4449 309 4516 ἐμοῦ
348 4452 455 4523 τὴν
475 4451 646 4522 ἀρχὴν
679 4451 1037 4525 κομιζομένῳ,
1061 4447 1372 4524 λογίζεσθαι·
1404 4458 1495 4511 τὸν
1526 4459 1757 4532 ἀριθμὸν

167 4542 382 4611 ὁμοίως
408 4543 557 4611 ἐμοὶ.
586 4544 790 4598 Ούκοῦν
821 4546 927 4598 τῶν
951 4547 1135 4617 χιλίων
1151 4551 1246 4603 καὶ
1273 4549 1444 4604 εἴκοσι
1476 4552 1631 4617 ἐτῶν,
1647 4553 1756 4608 τῶν

174 4636 341 4706 μέχρι
382 4635 614 4708 πρώτης
657 4638 1039 4711 Ὀλυμπιάδος,
1081 4642 1188 4696 ἀπὸ
1237 4644 1512 4708 Μωῦσέως
1558 4662 1618 4698 τε
1662 4646 1758 4700 καὶ

183 4728 425 4797 Ὠγύγου
463 4730 815 4801 ἐκκειμένων,
844 4731 1042 4805 πρώτῳ
1072 4735 1170 4805 μὲν
1198 4733 1306 4788 ἔτει
1331 4735 1391 4788 τὸ
1416 4736 1629 4807 Πάσχα,
1662 4737 1757 4790 καὶ

167 4821 283 4875 ῶν
323 4821 602 4893 Ἐϐραίων
626 4823 803 4888 ἔξοδος
830 4825 977 4896 ἡάπ⁹
1012 4826 1311 4895 Αἰγύπτου,
1344 4829 1402 4881 ὲν
1426 4828 1483 4882 δὲ
1524 4805 1590 4901 τῇ
1639 4830 1759 4884 ’Λτ-
1789 4805 1835 4862 D

166 4918 297 4986 τ’αῇ
321 4916 355 4967 ὁ
390 4914 488 4968 ἐπὶ
532 4915 756 4985 Ὠγύγου
798 4916 1003 4985 γίνεται
1035 4920 1415 4992 κατακλυσμός
1437 4937 1450 4951 ·
1493 4923 1585 4975 καὶ
1618 4921 1757 4977 κατὰ

168 5006 356 5076 λόγον,
409 5006 536 5060 Τῶν
576 5007 683 5080 γὰρ
707 5010 1013 5079 Αἰγυπτίων
1053 5015 1190 5086 ὀργῇ
1221 5012 1356 5067 Θεοῦ
1394 5013 1658 5086 χαλάζαις
1696 5030 1758 5067 τε

160 5232 789 5311 gripseritﬁfricanus,
810 5235 961 5311 τῇςδ*
981 5235 1755 5311 αἱχμαλωσίαςὲόδομὴκοντα.

158 5303 335 5360 Certe
366 5305 518 5374 ἐμάς
543 5305 633 5358 illa
659 5303 1181 5380 mille_ducentuirum
1210 5324 1272 5363 ac
1301 5303 1519 5377 triginta
1547 5303 1755 5380 septem

156 5390 479 5440 annorum,
509 5391 651 5444 quos
684 5377 754 5430 ab
784 5374 979 5449 Exodo
1014 5380 1080 5433 ad
1114 5377 1313 5449 Cyrum
1352 5374 1523 5449 usque
1552 5374 1746 5436 nume-

160 5457 280 5509 nt,
320 5462 397 5500 ex
440 5447 891 5509 consequentium
939 5447 1208 5503 armorum
1257 5447 1576 5505 Collectione
1632 5467 1745 5506 non

155 5518 430 5580 exsistet,
474 5515 583 5589 nisi
635 5515 735 5570 hos
782 5520 1118 5589 septuaginta
1164 5520 1387 5589 insuper
1435 5522 1742 5577 addideris:

158 5592 422 5663 tametsi,
453 5597 515 5640 ut
535 5585 1003 5663 deesset_pmnino
1031 5585 1412 5663 nihil,duobus
1447 5601 1503 5647 et
1523 5602 1744 5663 septua-

195 5661 321 5713 inta
354 5672 498 5734 opus
545 5656 711 5734 esset.
744 5656 903 5723 Nam,
932 5661 1189 5716 detractis
1224 5656 1749 5734 septuaginta-con-

158 5728 307 5804 itar;
362 5727 532 5782 modo
571 5728 719 5804 mille
755 5739 1084 5804 cen_tum__et_
1133 5727 1445 5804 sexaginta'
1462 5727 1741 5804 quinque;

158 5800 383 5869 quibus
431 5799 775 5867 septuaginta
822 5799 868 5854 si
928 5800 1225 5865 addideris,
1270 5799 1426 5857 inille
1479 5799 1746 5859 ducentos

159 5870 400 5945 ngiuta
450 5869 692 5945 quinque
730 5869 1024 5945 habiturus
1071 5887 1152 5926 es.
1208 5871 1336 5939 Sed,
1361 5873 1577 5945 opinor,
1614 5874 1747 5929 anni

164 5939 378 6014 nam
425 5939 748 6011 octogesimi
799 5948 1009 6012 partem
1058 5939 1417 6014 annumerat,‘
1449 5953 1502 6004 et
1539 5959 1745 6002 annum

1860 3528 1991 3599 quid
2020 3528 2183 3598 paulo
2212 3527 2391 3583 rarius
2422 3527 2493 3582 ob
2517 3533 2844 3582 vetustatem
2876 3526 3052 3583 Graeci
3094 3526 3432 3593 fabulantur,

1860 3621 1914 3675 id
1933 3636 2094 3675 omne
2116 3620 2298 3693 Moyse
2326 3621 2597 3691 posterius
2618 3620 2873 3688 inveniri,
2902 3621 3129 3688 diluvia,
3159 3621 3432 3686 incendia

1858 3711 2266 3779 Prometheum,
2300 3713 2376 3778 lo,
2427 3713 2747 3784 Europam,
2798 3714 3143 3785 Proserpina:
3190 3723 3432 3786 raptum,

1859 3806 2142 3876 mysteria,
2166 3806 2350 3875 legum
2378 3806 2712 3873 sanctiones,
2732 3805 2931 3861 Bacchi
2956 3815 3130 3877 gesta,
3146 3799 3432 3873 Perseum,

1858 3896 2223 3968 Argonautas,
2248 3897 2570 3962 Centauros,
2603 3896 2997 3967 Minotaurum,
3021 3915 3110 3956 res
3138 3899 3432 3970 Trojanas,

1859 3983 2105 4047 Herculis
2125 3993 2447 4060 certamina,
2484 3990 2888 4047 lleraclidarum
2934 3993 3204 4062 reditum,
3238 3992 3434 4050 lonum

1858 4084 2263 4152 migrationem,
2294 4094 2347 4141 et
2369 4085 2740 4158 Olympiadas.
2773 4087 2851 4140 Ac
2880 4087 3012 4142 mihi
3042 4088 3263 4159 quidem
3290 4084 3439 4147 Grae-

1857 4192 1951 4233 cas
1982 4178 2241 4234 historias
2286 4195 2410 4235 cum
2458 4178 2739 4236 Hebraicis
2772 4183 3112 4237 committere
3149 4185 3432 4251 statuenti,

1857 4285 1921 4325 ea
1954 4271 2304 4342 potissimum
2341 4273 2506 4329 Attici
2543 4274 2695 4344 regni
2729 4281 2972 4345 tempora
3009 4274 3322 4331 describere
3352 4278 3435 4332 vi-

1856 4380 1980 4420 sum
2012 4374 2114 4420 est.
2158 4364 2250 4421 Sic
2285 4367 2430 4421 enim
2465 4367 2637 4421 cuivis
2657 4367 2886 4423 omnino
2921 4369 3103 4435 liceat,
3142 4370 3234 4440 qui
3265 4370 3432 4424 modo

1859 4457 2187 4527 principium
2218 4474 2285 4512 ex
2309 4459 2447 4514 meis
2487 4460 2687 4514 ducere
2729 4460 2994 4527 voluerit,
3031 4461 3279 4517 eamdem
3315 4476 3436 4517 me-

1859 4566 1982 4605 cum
2010 4550 2062 4604 in
2093 4551 2396 4622 colligendo
2424 4567 2654 4605 numero
2686 4554 2954 4607 rationem
2998 4553 3157 4610 inire.
3204 4552 3430 4608 Illorum

1861 4641 2025 4711 igitur
2051 4642 2199 4697 mille
2222 4657 2286 4697 ac
2324 4643 2516 4712 viginti
2547 4658 2841 4710 annorum,
2881 4659 3022 4714 quos
3059 4643 3129 4699 ab
3160 4642 3348 4717 Moyse
3375 4657 3432 4701 et

1860 4732 2041 4806 Ogyge
2066 4734 2135 4789 ad
2168 4736 2398 4804 primam
2429 4752 2604 4807 usque
2622 4734 2996 4808 Olympiadem
3026 4735 3251 4792 ﬂuxisse
3283 4737 3433 4792 dixi-

1865 4838 2008 4887 mus,
2045 4839 2188 4879 anno
2215 4827 2414 4895 primo,
2436 4826 2515 4880 uti
2541 4824 2890 4881 Hebraeorum
2919 4824 3130 4882 Pascha
3157 4827 3432 4883 etdisces-

1864 4924 1960 4971 sus
2000 4917 2070 4972 ab
2118 4916 2374 4989 Egypto,
2408 4918 2489 4973 sic
2529 4916 2794 4990 Ogygium
2843 4919 2897 4973 in
2938 4918 3115 4975 Attica
3164 4919 3433 4975 diluvium

1857 5008 2104 5079 contigit.
2130 5007 2196 5062 Et
2223 4996 2610 5065 convenienter
2631 5010 2681 5065 id
2699 5009 2939 5082 quidem.
2970 5007 3105 5065 Nam
3125 5025 3248 5066 cum
3266 5010 3435 5085 Egy-

1860 5236 2190 5308 captivitatis
2211 5239 2670 5310 septuagesimum
2690 5238 2853 5310 ultra_
2857 5236 2985 5309 Cyri
3005 5236 3243 5310 primum
3276 5252 3432 5293 men-

1860 5311 2013 5365 sibus
2047 5310 2253 5378 aliquot
2272 5307 2587 5365 excui-risse
2610 5318 2781 5380 putat.
2814 5307 2946 5380 Eam
2978 5309 3122 5380 enim
3154 5324 3429 5364 summam

1859 5396 1967 5433 non
1998 5396 2061 5434 ex
2105 5377 2456 5435 librariorum
2497 5377 2702 5447 errore,
2735 5380 2827 5435 sed
2859 5377 3104 5434 Africani
3140 5395 3205 5433 ex
3248 5388 3434 5433 mente

1856 5451 2145 5507 conflatam
2172 5467 2332 5518 esse,
2370 5460 2584 5507 constat
2618 5467 2687 5506 ex
2724 5450 3078 5521 sequentibus
3102 5449 3198 5505 ubi
3229 5451 3431 5520 sapius

1853 5522 2040 5576 eadem
2067 5522 2392 5577 inculcatur.
2436 5521 2628 5577 VIGER.

1922 5590 2032 5661 (60)
2066 5594 2364 5672 quzapzol._
2385 5592 2537 5649 Hanc
2573 5606 2784 5657 vocem,
2834 5606 2976 5661 quae,
3008 5589 3431 5672 sisola‘spectc-

1855 5669 1962 5731 tur,
2020 5664 2229 5717 nullum
2280 5665 2442 5720 habet
2496 5680 2742 5728 sensum,
2791 5678 2899 5717 non
2938 5664 3099 5731 vertit
3120 5664 3428 5731 interpres.

1849 5729 2007 5787 Enn.
2056 5732 2298 5805 ΡΑτιιοι.
2341 5734 2737 5805 δυρριοηιιιιῐηᾼ
2766 5733 2929 5805 credo
2957 5729 3043 5805 vel
3083 5729 3317 5805 ὀδόντες,
3344 5732 3434 5788 vel

1852 5803 2201 5875 στρατιῶται,
2241 5805 2324 5859 vel
2351 5799 2556 5875 aliquid
2595 5802 2794 5875 simile.
2821 5799 3059 5875 omnino
3102 5802 3260 5875 enim
3300 5799 3434 5872 post.

1851 5871 2150 5946 Europam,
2179 5875 2246 5931 de
2275 5871 2482 5932 Cadmo
2508 5873 2811 5946 Cadmique
2840 5873 3104 5946 militibus
3132 5888 3200 5927 ex
3230 5873 3429 5946 draco-

1810 5942 1824 6032 ’·
1849 5943 1938 6003 nis
1966 5938 2221 6004 dentibus
2249 5955 2473 6020 repente
2500 5945 2658 6015 satis,
2698 5938 2917 6002 locutus
2949 5943 3186 6002 videtur.
3211 5938 3427 6019 _V'tcn.
