3936 6358
287 300 342 360 C5
1018 352 1035 371 ,
1058 297 1226 368 QUAE
1266 296 1678 357 SUPEBSUNT
1719 295 1812 352 EX
1850 295 2512 358 LlBRlSCHRONOGR.
3382 293 3453 352 86

286 418 555 491 ιαιριίται·
579 418 834 490 Ὑρκανὸς
858 418 915 473 δὲ
945 421 1229 495 Ἀντιγόνῳ
1252 422 1522 496 παρεδόθη
1553 424 1681 490 ζῶν.
1720 424 1753 478 ⁸(

1877 420 2165 494 Hyrcanus
2215 421 2486 493 Antigono
2529 418 2709 478 vivus’
2734 419 2990 476 traditur.
3042 415 3141 474 Hic
3185 416 3451 475 mutilatis

286 513 326 569 ἄ
347 508 543 583 Πάρθοις
575 510 772 566 ἔδωκεν
812 512 987 581 ἄγειν,
1016 514 1302 586 ἀποτεμὼν
1345 515 1508 570 αὑτοῦ
1536 516 1603 572 τὰ
1642 511 1776 583 ὦτα,

282 603 515 674 ὧςμηιέτι
550 602 775 674 ίερῷτοε
820 605 1017 680 ᾐδέσθη
1054 608 1163 680 γὰρ
1198 609 1359 664 αὑτὸν
1400 611 1598 664 οἰκεῖον
1641 611 1778 665 ἁπο-

281 699 450 751 ιτείναι.
483 693 720 768 Ἡρώδης
750 697 808 751 δὲ
834 698 1104 764 ἐκπεσὼν,
1135 702 1196 755 τὸ
1232 704 1329 774 μὲν
1362 704 1575 776 πρῶτον
1607 704 1778 759 Μαλί-

283 788 422 862 mro}
439 787 530 841 τῶν
574 788 820 860 Ἀράϐων
850 789 1060 861 βασιλεί
1106 795 1469 866 προσφεύγει’
1509 797 1585 861 ὡς
1628 796 1672 850 δ’
1712 797 1772 851 οὐ

286 880 694 954 spor-gummi:th
717 882 863 954 φόϐῳ
879 884 984 937 τῶν
1002 885 1251 958 Πάρθων,
1273 891 1353 953 εἰς
1376 888 1774 961 Ἀλεξάνδρειαν

286 975 394 1046 παρὰ
427 973 766 1047 Κλεοπάτραν
819 976 1077 1047 ἀπῆλθεν.
1128 974 1236 1032 Ἦν
1284 979 1587 1052 Ὀλυμπιάς
1630 988 1768 1055 ρπε’.

282 1064 523 1133 Κλεοπάτρα
552 1065 647 1120 τὸν
676 1067 1182 1139 συμϐασιλεύσαντα
1223 1072 1359 1143 αὐτῇ
1390 1073 1616 1143 ἀδελφὸν
1636 1076 1773 1129 ἀπο-

278 1158 480 1221 κτείνασα,
513 1157 650 1229 πρὸς
666 1161 963 1230 ἀπολογίαν
995 1162 1085 1217 ὑπ’
1110 1165 1394 1218 Ἀντωνίου
1419 1166 1500 1229 εἰς
1521 1166 1770 1220 Κιλικίαν

267 1246 666 1319 magesi“,
683 1252 784 1322 τὴν
814 1252 914 1324 τῆς
944 1254 1118 1327 ἀρχῆς
1145 1255 1769 1330 ὲπιμέλειανὲπέτρεψεν

270 1337 454 1412 Ἡρώδῃ,
498 1340 589 1394 καὶ
641 1341 723 1405 ὡς
765 1343 915 1398 οὐδὲν
960 1346 1112 1415 ἠξίου
1156 1346 1509 1407 πιστεύεσθαι
1560 1348 1671 1402 ἐστ’
1702 1349 1768 1403 ἂν

258 1430 441 1501 mallii,
481 1432 558 1495 είς
598 1432 702 1504 τὴν
746 1435 941 1490 ἑαυτοῦ
986 1437 1158 1510 ἀρχὴν
1182 1477 1197 1502 ,
1234 1438 1430 1509 ἔχουσα
1472 1440 1634 1494 αὑτὸν
1680 1442 1768 1513 ᾔει

255 1523 361 1595 παρὰ
392 1523 685 1580 Ἄντώνιον.
729 1528 815 1591 Ὠς
842 1528 887 1581 δ’
917 1528 1144 1584 ἑαλώκει
1174 1531 1271 1602 τῆς
1297 1532 1551 1601 γυναικὸς
1582 1533 1763 1608 ἔρωτι,

251 1617 312 1667 ὠν
342 1614 560 1687 Ἡρώδην
600 1619 933 1674 ἀπέστειλαν
976 1623 1055 1686 εἰς
1099 1621 1317 1695 ἰ’ώμην
1358 1625 1499 1678 κατὰ
1544 1626 1635 1680 τὸν
1666 1628 1764 1681 Σε-

249 1700 394 1754 εαττὸν
423 1704 750 1772 Ὀκτάουῖον,
778 1708 837 1772 ὃς
866 1709 956 1763 διά
987 1727 1044 1763 τε
1077 1712 1427 1785 Ἀντίπατρον
1458 1715 1549 1769 τὸν
1590 1716 1765 1789 Ἦρώ⁴

1878 513 1998 584 ejus
2019 512 2247 568 auribus
2268 528 2336 567 ne
2361 512 2668 569 sacerdotio
2698 510 3019 584 fungeretur
3041 510 3277 580 amplius
3294 507 3451 580 (con-

1877 605 2241 675 sanguineum
2271 605 2417 661 enim
2448 604 2713 677 perimere
2734 604 2940 661 veritus
2966 606 3094 676 est),
3121 601 3447 658 Parthorum

1875 699 2132 769 potestati
2180 698 2452 769 captivum
2514 698 2694 755 tradit.
2750 699 2993 755 Herodes
3037 696 3244 753 amisso
3280 708 3448 765 regno

1873 790 2111 861 primum
2156 788 2373 860 quidem
2424 788 2493 844 ad
2537 788 2829 846 Malichum
2864 789 3106 844 Arabum
3144 784 3444 857 principem

1873 898 1934 939 se
1966 880 2197 947 confert,
2235 896 2268 936 a
2311 896 2421 952 quo
2459 880 2784 937 Parthorum
2834 892 2981 937 metu
3022 879 3274 951 repulsus
3317 876 3447 930 Ale-

1873 976 2157 1031 xandriam
2193 974 2261 1030 ad
2287 974 2624 1045 Cleopatram
2655 975 2848 1031 tendit.
2883 972 3285 1029 Numerabatur
3318 980 3447 1024 tunc

1870 1068 2148 1141 Olympias
2192 1083 2425 1124 ccxxxv.
2460 1068 2747 1140 Cleopatra
2792 1066 2958 1123 fratre
2993 1065 3148 1137 regni
3189 1072 3447 1119 consorte

1870 1162 2052 1218 occiso
2078 1162 2145 1216 ad
2174 1176 2396 1218 causam
2422 1160 2704 1217 dicendam
2734 1161 2804 1216 ab
2832 1160 3068 1215 Antonio
3095 1159 3148 1213 in
3195 1155 3443 1214 Ciliciam

1872 1262 2081 1314 vocata,
2105 1254 2254 1323 regni
2291 1267 2479 1308 curam
2505 1252 2854 1308 commendat
2897 1249 3120 1317 Herodi,
3151 1249 3246 1320 qui
3280 1248 3350 1304 ab
3375 1263 3443 1303 ea

1869 1344 2007 1399 nihil
2029 1344 2266 1399 obtinuit
2296 1358 2408 1414 quo
2439 1343 2788 1398 reduceretur
2824 1342 2877 1397 in
2901 1356 3168 1413 regnum:
3210 1353 3277 1393 eo
3306 1338 3443 1394 sub-

1868 1435 1994 1491 inde
2046 1436 2143 1491 vize
2202 1438 2404 1492 comite
2451 1436 2521 1491 ad
2566 1437 2862 1490 Antonium
2918 1434 3305 1506 proficiscitur.
3348 1431 3443 1487 ille

1866 1528 2115 1585 mulieris
2161 1538 2357 1599 captus
2401 1529 2673 1584 illecebris
2726 1527 2998 1584 Herodem
3042 1527 3111 1583 ad
3152 1525 3438 1583 Octavium

1865 1621 2171 1694 Augustum
2198 1622 2427 1677 Romam
2457 1622 2627 1691 misit,
2658 1622 2751 1693 qui
2781 1631 2895 1677 tum
2917 1622 3188 1692 Antipatri
3210 1620 3442 1677 Herodis

1865 1715 2108 1785 parentis
2134 1726 2247 1770 tum
2269 1715 2496 1771 Herodis
2519 1715 2691 1786 ipsius
2712 1731 2944 1779 memor,
2960 1723 3014 1770 et
3036 1714 3182 1786 quod
3195 1714 3441 1786 ,denique

245 1793 308 1845 8w
338 1797 552 1869 πατέρα,
585 1800 682 1852 καὶ
727 1801 796 1854 δι’
830 1802 991 1856 αὑτὸν
1034 1803 1300 1877 Ἡρώδην,
1331 1806 1420 1861 διά
1452 1824 1512 1860 τε
1552 1808 1613 1863 τὸ
1662 1810 1753 1864 ὀπὶ

1865 1804 2194 1858 Parthorum
2256 1804 2425 1861 armis
2487 1820 2713 1875 regnum
2762 1804 3037 1859 obtineret
3084 1803 3436 1876 Antigonus,

243 1886 420 1960 Πάρθων
449 1893 817 1948 κατεστᾶσθαι
862 1896 954 1949 τὸν
1005 1897 1310 1967 Ἀντίγονον
1348 1898 1593 1971 βασιλέα,
1639 1905 1765 1959 ἐπέ-

241 1982 372 2035 στειλε
410 1987 515 2047 τοῖς
557 1987 617 2039 ἐν
668 1987 1001 2062 Παλαιστίνῃ
1045 1991 1138 2044 καὶ
1188 1992 1357 2065 Συρία
1405 2000 1760 2068 στρατηγοῖς,

240 2072 443 2163 κατάγειν
495 2076 658 2132 nam
714 2081 809 2134 ἐπὶ
860 2083 959 2154 τὴν
1009 2085 1201 2156 ἀρχήν.
1254 2086 1364 2141 Καὶ
1414 2088 1530 2159 ἅμα
1575 2090 1763 2163 Σωσίῳ

235 2162 486 2237 διεπολέμει
520 2170 660 2242 πρὸς
703 2172 794 2226 τὸν
854 2175 1152 2246 Ἀντίγονον
1203 2180 1378 2251 χρόνῳ
1423 2181 1632 2254 πολλῷ,
1668 2183 1761 2238 καὶ

233 2259 461 2325 παντοίαις
489 2263 717 2334 μάχαις.
748 2267 882 2320 Τότε
906 2270 1000 2323 καὶ⁵
1037 2269 1295 2342 Ἰώσηπος
1321 2273 1547 2343 ἀδελφὸς
1589 2275 1762 2348 Ἡρώ-

230 2348 295 2403 δου
319 2352 634 2427 ἀποθνήσκει
670 2361 1011 2432 στρατηγῶν.
1043 2363 1280 2435 Ἡρώδου
1303 2366 1359 2419 δὲ
1393 2368 1529 2440 πρὸς
1560 2368 1757 2424 Ἀντώ-

228 2463 313 2500 νιον
338 2448 567 2521 ἐλθόντος
603 2452 835 2525 (66).....

276 2540 336 2594 B'.
376 2543 506 2615 Τρία
538 2544 638 2617 ἔτη
677 2548 979 2618 Ἀντίγονον
1005 2544 1422 2627 ἐπολιόρκησαν,
1458 2558 1551 2613 καὶ
1580 2557 1756 2624 ζῶντα

223 2629 516 2703 ἀπεκόμισαί
552 2636 842 2710 Ἀντωνίῳ.
880 2643 1157 2711 Ἀντώνιος
1178 2647 1234 2700 δὲ
1270 2648 1511 2722 Ἡρώδην
1542 2652 1640 2722 μὲν
1663 2652 1756 2706 καὶ

220 2724 345 2817 αὐτὸς
366 2726 701 2799 ἀνηγόρευσε
747 2730 970 2803 βασιλέα
999 2756 1005 2763 ·
1048 2740 1352 2813 προσέθηκε
1384 2743 1440 2797 δὲ
1474 2744 1622 2817 αύτῷ
1652 2747 1752 2801 πό·

219 2813 304 2880 λεις
328 2819 544 2884 Ἵππον,
572 2823 790 2899 Γάδαρα
812 2867 827 2891 ,
877 2830 1088 2897 Γάζαν,
1146 2834 1398 2908 Ἰόππην,
1444 2813 1750 2910 Ἀνθηδόνα,

316 2913 401 2983 τῆς
438 2916 703 2987 Ἀραϐίας
738 2922 930 2992 μέρος,
966 2924 1056 2978 τόν
1090 2944 1149 2980 τε
1182 2928 1468 3000 Τράχωνα,
1516 2934 1610 2986 καὶ
1652 2937 1752 3009 τὴν

225 3003 514 3075 ’Δϐρανῖτιν,
537 3011 638 3064 καὶ
667 3012 885 3080 Σακίαν,
920 3018 1012 3072 καὶ
1047 3020 1343 3097 Γαϐλάνην.
1384 3026 1524 3098 Πρὸς
1562 3028 1619 3081 δὲ
1658 3003 1751 3085 καὶ

214 3097 288 3195 τῆς
299 3100 477 3195 Σύρίας
494 3106 799 3180 ἐπιτροπὴν
815 3111 1055 3184 Ἡρώδης
1073 3114 1204 3186 (66')
1221 3117 1323 3171 ὑπὸ
1338 3120 1752 3195 τῆςσυγκλήτου
1780 3138 1822 3195 c

212 3191 283 3245 καὶ
333 3194 643 3252 Ὀκταουΐου
701 3202 795 3255 τοῦ
852 3205 1119 3261 Σεϐαστοῦ
1167 3209 1420 3280 βασιλεὺς
1485 3191 1749 3270 Ἰουδαίων

209 3286 531 3363 ἀνηγορεύθη,
573 3294 670 3347 καὶ
701 3294 1044 3353 ἐϐασίλευσεν
1083 3300 1177 3373 ἔτη
1210 3302 1301 3359 λὸ’.
1347 3306 1626 3373 Ἀντώνιος
1656 3310 1750 3365 ἐπὶ

208 3376 417 3450 Πάρθους
442 3386 766 3455 στρατεύειν
792 3389 1001 3459 μέλλων
1034 3394 1333 3465 Ἀντίγονον
1362 3399 1451 3453 τὸν
1486 3402 1749 3456 Ἰουδαίων

204 3472 451 3530 ἀπέκτεινε
486 3477 753 3547 βασιλέα,
802 3483 896 3536 καὶ
938 3485 1192 3559 Ἀραϐίαν
1224 3490 1546 3566 Κλεοπάτρᾳ
1582 3498 1750 3567 παρέ-

202 3562 334 3627 δωκε,
353 3567 545 3635 διαϐάς
577 3588 637 3625 τε
673 3574 767 3627 ἐπὶ
817 3576 1085 3647 Πάρθους,
1117 3580 1341 3637 ἔπταισε
1390 3562 1639 3656 μεγάλως
1668 3562 1747 3642 ’τὸ

203 3656 416 3713 πλεῖστον
460 3663 760 3719 ἀποϐαλὼν
821 3667 916 3721 τοῦ
977 3673 1226 3745 στρατοῦ.
1271 3671 1379 3729 Ἦν
1448 3678 1746 3750 Ὀλυμπιὰς

202 3758 323 3818 ρπςκ
362 3753 416 3806 Ὀ
436 3756 734 3823 Σεϐαστὸς,
786 3760 1092 3831 Ὀκτάουϊος
1142 3767 1238 3839 τὴν
1267 3766 1327 3835 ἐξ
1379 3771 1605 3837 Ἰταλίας
1651 3776 1747 3828 καὶ

200 3844 346 3938 πάσης
362 3848 526 3902 Ἐσπέ
536 3865 636 3921 ρας
651 3851 879 3925 δύναμιν
908 3858 994 3910 ἐπ’
1037 3861 1316 3917 Ἀντώνιον
1360 3861 1513 3937 ἦγεν,
1540 3868 1600 3920 ού
1626 3868 1747 3938 βου-

196 3933 385 4031 λόμενον
414 3944 496 4007 εἰς
543 3943 759 4019 Ῥώμην
791 3950 1121 4019 ἐπανελθεῖν,
1156 3953 1263 4009 δέει
1287 3933 1484 4011 τῶνίὲν
1510 3933 1744 4031 Πάρθοις

196 4027 579 4102 ίτταισμένων.
615 4038 709 4091 καὶ
740 4040 1095 4116 Κλεοπάτρας
1142 4046 1323 4117 ἔρωτι.
1374 4027 1654 4116 Ἀντώνιος
1684 4052 1743 4105 δὲ

364 4127 430 4179 ἐκ
462 4127 568 4198 τῆς
623 4128 806 4195 Ἀσίας
850 4132 988 4204 ἔχων
1026 4134 1272 4209 δύναμιν,
1308 4140 1631 4214 ὑπήντησεν.
1686 4142 1742 4196 '0

192 4212 237 4267 δε
264 4215 500 4293 Ἡρώδης
530 4217 621 4276 οἷα
647 4224 837 4292 δεινὸς,
868 4228 961 4282 καὶ
990 4229 1099 4284 τῶν
1148 4231 1437 4301 ἰσχυόντων
1468 4212 1738 4306 θεραπευ-

190 4310 290 4382 τὴς,
312 4314 504 4381 διπλᾶς
550 4318 859 4393 ἐξέπεμψεν
889 4320 1174 4387 ἐπιστολὰς
1212 4323 1308 4376 καὶ
1342 4324 1432 4395 νηῒ
1462 4326 1553 4380 τὸν
1577 4344 1741 4399 στρα-

1865 1897 2007 1952 datis
2041 1898 2109 1952 ad
2143 1895 2313 1970 Syriae
2344 1897 2758 1969 Palaestinaeque
2778 1897 2947 1953 duces
2976 1897 3194 1964 litteris,
3234 1905 3294 1952 ut
3332 1898 3439 1951 He-

1864 1991 2050 2046 rodem
2083 1992 2135 2045 in
2165 2008 2391 2062 regnum
2416 2001 2704 2063 reponant,
2747 1993 2989 2048 mandat.
3032 1992 3242 2049 Exinde
3277 1992 3438 2048 Sosin

1859 2082 2085 2153 junctus
2118 2082 2382 2153 Herodes,
2406 2086 2576 2141 variis
2601 2086 2802 2156 prmliis
2831 2102 2897 2143 ac
2919 2103 3027 2142 non
3065 2087 3267 2157 exiguo
3298 2095 3437 2141 tem-

1863 2180 2012 2250 poris
2057 2180 2369 2246 intervallo,
2412 2196 2538 2234 eum
2580 2181 2854 2250 Antigono
2896 2180 3067 2234 armis
3100 2179 3428 2236 decertabat.

1860 2271 1965 2329 Per
2014 2273 2070 2327 id
2135 2283 2350 2345 tempus
2399 2273 2671 2345 Josephus
2704 2272 2933 2329 Herodis
2985 2273 3153 2329 frater
3203 2289 3349 2330 unus
3402 2290 3435 2330 e

1861 2367 2146 2438 copiarum
2190 2368 2509 2424 ductoribus
2554 2367 2829 2423 occumbit
2864 2367 2921 2421 in
2963 2366 3169 2437 praelio.
3219 2353 3435 2422 Herode

1860 2461 1926 2517 ad
1956 2461 2255 2517 Antonium
2285 2459 2645 2531 profecto.....

1927 2553 1990 2610 ll.
2027 2554 2221 2611 Annos
2260 2564 2375 2610 tres
2420 2554 2761 2610 obsidionem
2808 2561 3227 2625 protraxerunt,
3267 2560 3324 2609 et
3360 2551 3429 2608 ad

1857 2649 2156 2704 Antonium
2173 2648 2392 2703 demum
2415 2648 2690 2704 deduxere
2713 2648 2893 2702 vivum
2920 2647 3277 2717 Antigonum.
3313 2645 3429 2700 Att-

1858 2742 2045 2797 tonius
2068 2743 2183 2811 ipse
2210 2740 2481 2797 Herodem
2512 2740 2845 2795 renuntiavit
2880 2754 3087 2810 regem,
3116 2754 3180 2794 ac
3208 2739 3429 2808 insuper

1858 2834 2023 2889 urbes
2071 2833 2207 2887 alias
2273 2830 2659 2903 gubernandas
2709 2828 3098 2891 demandavit,
3156 2825 3427 2896 Hippum,

1856 2923 2090 2990 Gadara,
2117 2922 2317 2979 Gazam
2339 2965 2354 2989 ,
2395 2920 2600 2993 Joppen
2624 2964 2639 2987 ,
2680 2920 3081 2985 Anthedonem,
3120 2932 3176 2974 et
3213 2918 3430 2975 Arabiae

1855 3021 2097 3081 partem,
2161 3010 2541 3067 Trachonitim
2598 3021 2653 3066 et
2707 3011 3052 3076 Auranitim,
3106 3008 3322 3065 Saciam
3371 3018 3429 3065 et

1856 3103 2180 3169 Gaulanem,
2218 3104 2502 3174 ipsamque
2538 3115 2814 3173 postremo
2864 3103 3079 3175 Syriam
3119 3117 3426 3173 procuran-

1854 3195 1980 3251 dam
2003 3196 2306 3263 commisit;
2331 3194 2571 3251 Herodes
2597 3211 2627 3249 a
2659 3203 2849 3250 senatu
2874 3204 2928 3250 et
2946 3194 3161 3249 octavio
3182 3193 3429 3265 Augusto

1853 3302 1953 3341 rex
2003 3286 2312 3341 declaratus
2366 3285 2526 3340 annis
2579 3284 2801 3355 triginta
2860 3295 3097 3356 quatuor
3155 3284 3423 3356 regnavit.

1850 3380 2125 3436 Antonius
2159 3380 2215 3434 in
2244 3378 2477 3436 Parthos
2521 3379 2863 3449 expeditione
2898 3386 3181 3450 suscepta,
3209 3377 3428 3434 Judaeu-

1850 3488 1974 3527 rum
2005 3487 2190 3545 regem
2208 3472 2541 3543 Antigonum
2574 3471 2867 3537 interfecit,
2893 3481 2947 3527 et
2976 3472 3233 3527 Arabiam
3260 3471 3423 3526 Cleo-

1848 3574 2019 3636 patra:
2077 3563 2519 3631 commendavit;
2582 3573 2636 3619 et
2686 3564 2739 3617 in
2810 3563 3039 3619 Parthos
3096 3578 3423 3634 progressus

1849 3659 2122 3714 exercitus
2153 3668 2305 3729 parte
2343 3659 2567 3723 amissa,
2606 3673 2714 3713 non
2756 3657 2944 3713 leviter
2983 3672 3236 3727 peccasse
3268 3671 3422 3711 com-

1847 3760 2035 3821 pertus
2058 3750 2306 3805 est.Erat
2336 3759 2461 3806 tunc
2494 3750 2772 3822 Olympias
2794 3746 3307 3804 eLxxxvr.Cunctas
3352 3764 3421 3803 ex

1848 3840 1999 3896 Italia
2027 3840 2382 3911 occiduisque
2409 3842 2725 3911 regionibus
2750 3840 2935 3910 copias
2966 3839 3283 3896 contractas
3304 3842 3421 3895 Au-

1847 3942 2036 4003 gustus
2068 3930 2329 3987 Octavius
2360 3933 2548 3987 eduxit
2592 3933 2647 3986 in
2694 3932 2988 3986 Antonium
3029 3941 3176 3986 metu
3214 3930 3418 3997 delicti,

1846 4024 1975 4078 dum
2003 4025 2057 4079 in
2086 4022 2321 4080 Parthos
2342 4024 2704 4095 pratliaretur,
2732 4025 2983 4090 admissi,
3022 4034 3076 4079 et
3115 4023 3418 4094 Cleopatrae

1845 4117 2116 4173 illecebris
2145 4116 2447 4184 detentum,
2476 4133 2542 4172 ae
2586 4117 2815 4172 Romam
2856 4132 2915 4174 se
2952 4116 3199 4172 conferre
3232 4117 3417 4171 detre-

1782 4218 1787 4223 ”
1842 4221 2117 4280 ctantem;
2170 4213 2258 4268 cui
2310 4211 2555 4267 collectis
2602 4211 2857 4267 Asiaticis
2907 4212 3116 4267 viribus
3144 4197 3417 4267 Antonius

1845 4303 2059 4359 obviam
2088 4302 2365 4374 profectus
2390 4310 2496 4358 est.
2533 4301 2775 4359 Herodes
2820 4317 2989 4373 porro
3026 4302 3174 4357 velut
3213 4302 3416 4357 astutia

189 4403 293 4470 τὸν,
338 4409 716 4482 ἐντειλάμενος
760 4416 871 4477 τοῖς
932 4414 1251 4485 ἡγουμένοις
1306 4416 1621 4471 καταδοκεῖν
1646 4396 1738 4472 *τὰ

1858 4400 2073 4468 pollens,
2104 4414 2169 4455 ac
2202 4399 2569 4468 potentiorum
2605 4397 2866 4467 obsequio
2901 4396 3078 4452 addici
3119 4406 3417 4454 consuetus

188 4496 569 4573 ἀποϐησόμενα.
618 4505 705 4569 Ὠς
738 4505 798 4560 δὲ
835 4506 1026 4580 ἐκρίθη
1069 4524 1129 4560 τε
1174 4509 1207 4578 ἡ
1254 4506 1412 4580 νίκη,
1468 4510 1562 4563 καὶ
1615 4510 1735 4564 δυσὶ

1858 4494 1984 4549 latis
2010 4495 2255 4565 epistolis
2288 4495 2621 4566 duplicibus,
2652 4505 2705 4550 et
2735 4493 3039 4548 auxiliariis
3069 4492 3242 4562 copiis
3273 4505 3413 4544 mari

188 4595 502 4665 συμμαχίαις
552 4598 804 4670 ἡττηθεὶς
832 4602 861 4652 ὁ
910 4600 1190 4666 Ἀντώνιος
1221 4602 1419 4672 ἔφυγεν
1460 4607 1540 4668 είς
1570 4605 1734 4673 Αἴγυ-

186 4698 316 4749 πτον,
333 4687 449 4757 ἅμα
468 4691 535 4760 τῇ
559 4690 969 4764 Κλεοπάτρᾳ,”οί
990 4693 1303 4765 κομίζοντες
1327 4697 1612 4752 ἀπέδωκαν
1635 4700 1735 4761 τὰς

187 4775 301 4845 πρὸς
341 4778 436 4832 τὸν
486 4781 755 4836 Σεϐαστὸν
802 4784 1117 4851 ἐπιστολὰς,
1171 4787 1238 4851 ἃς
1270 4788 1406 4861 πρὸς
1456 4788 1736 4843 ’Λντώνιον

186 4862 307 4940 εἶχον
343 4874 777 4946 ἀποκρύψαντες.
820 4878 1131 4934 Ἐπιπίπτει
1161 4880 1218 4934 δὲ
1267 4881 1479 4955 Ἡρώδῃ
1501 4882 1731 4954 (67).....

1843 4583 2205 4648 transmissis,
2237 4584 2406 4639 duces
2456 4593 2519 4639 ut
2549 4584 2701 4654 prius
2744 4592 2999 4638 eventum
3052 4581 3214 4648 belli,
3245 4595 3415 4650 quam

1838 4674 2215 4745 conﬂigerent,
2248 4677 2717 4746 praestolarentur,
2756 4676 3059 4731 admonuit.
3088 4674 3413 4745 Adjudicata

1844 4767 2092 4838 Augusto
2117 4769 2346 4825 victoria
2368 4772 2635 4826 Antonius
2663 4770 2866 4840 praeliis
2892 4770 3109 4824 duobus
3143 4768 3320 4834 fusus,
3354 4769 3412 4822 in
3516 4842 3529 4857 ⁸

1844 4859 2140 4933 IEgyptum
2163 4861 2377 4933 fugiens
2393 4878 2516 4917 cum
2536 4861 2822 4931 Cleopatra
2851 4874 3107 4915 reversus
3127 4868 3229 4915 est.
3258 4858 3415 4916 Tune

182 4970 479 5038 occultatas,
496 4987 619 5042 quae
633 4972 701 5027 ad
717 4973 1034 5041 Antonium,
1056 4976 1264 5031 litteras
1280 4979 1344 5031 ad
1360 4979 1667 5049 Augustum
1686 4977 1884 5034 missas
1896 4978 1989 5048 qui
2008 4977 2323 5033 deferebant
2338 4978 2503 5032 duces
2520 4976 2816 5031 reddidere.
2838 4973 3407 5045 lmpetitlHerodem...

238 5066 304 5118 Γ.
340 5067 665 5139 Κλεοπάτρα
697 5070 756 5122 ὲν
800 5069 877 5142 τῷ
910 5072 1203 5143 μεσαιολίῳ
1233 5073 1342 5145 (68)
1382 5073 1579 5146 ἑαυτὴν
1627 5075 1733 5129 διε-

181 5157 397 5229 χρήσατο
426 5160 613 5214 ἀσπίδι
642 5161 721 5233 τῷ
751 5162 924 5236 θηρίῳ
965 5165 1085 5219 καθ’
1112 5168 1312 5239 ἑαυτῆς
1347 5168 1495 5240 ὅπλῳ
1526 5186 1731 5243 χρησα-

239 5290 344 5366 (ϐὃι
382 5295 777 5366 Ἐλθόντος...›
812 5298 1020 5356 Desunt
1049 5302 1329 5361 nonnulla.
1359 5302 1530 5360 Con.

237 5364 366 5431 (ὁδ’)
382 5365 650 5440 Interpres
667 5364 821 5425 aliter
836 5372 1140 5440 distinguit,
1160 5390 1353 5433 nemue
1368 5375 1733 5431 δίο...1ἀϐλά-

180 5438 616 5518 νηνλξιρδὲδεκαὶ
640 5457 688 5493 τ.
708 5442 765 5518 ξ..
786 5438 1110 5518 ἐπιτροπήν.
1143 5444 1407 5518 Ἡρώδης.
1432 5445 1531 5505 Eu.
1559 5445 1731 5504 Pun.

727 5504 1184 5590 Loctts'mtit'ilus.
1213 5504 1291 5590 in.

183 5573 345 5659 2_(68)
377 5573 480 5659 .'_E'r
520 5573 602 5646 τῷ
623 5584 991 5659 ,ιιεονιιιολζιιιιζ
1005 5583 1133 5659 Tria
1171 5588 1336 5643 verba
1368 5588 1727 5656 praecedentia

182 5648 673 5729 i'fr'?."1“ib“3_!"53-
708 5652 1202 5729 lfﬁe"da_s_°9!iﬁef
1240 5648 1500 5729 ειριὶηείι
1548 5675 1602 5729 Ρ·
1635 5658 1725 5726 60.

178 5713 474 5789 scribitque,
499 5713 872 5792 Μαισαιόλῖον,
899 5726 994 5783 ubi
1025 5713 1138 5786 illa"
1152 5713 1473 5789 Μεσαὶόλιὲν
1518 5713 1724 5802 legum;

1912 5073 2001 5129 Ill.
2031 5074 2332 5147 Sepulcrali
2358 5062 2646 5129 Mausolum
2680 5072 2890 5128 inclusa
2910 5074 3194 5144 Cleopatra
3224 5075 3412 5144 aspide

1838 5166 1959 5222 fera
1987 5175 2252 5237 tanquam
2286 5165 2483 5220 mortis
2528 5164 2637 5220 telo
2680 5180 2780 5220 usa
2814 5179 2874 5220 se
2923 5165 3099 5236 ipsam
3148 5164 3407 5222 confecit.

1838 5304 2178 5377 substituens
2217 5304 2549 5377 διεχρήσατο
2571 5343 2586 5367 ,
2617 5304 2735 5359 vice
2784 5302 3175 5377 δὲηὲχρήσατο,
3203 5304 3411 5377 ubique

1840 5384 2077 5444 reperto.
2107 5375 2237 5429 Mihi
2265 5375 2507 5445 pi‘ieSens
2537 5375 2691 5429 locus
2718 5375 2951 5445 mutilus
2978 5375 3081 5436 est,
3100 5376 3222 5429 etin
3250 5391 3315 5428 eo
3339 5375 3409 5433 de

1843 5446 2063 5502 Actiaca
2089 5444 2318 5501 victoria
2350 5447 2553 5501 mentio
2577 5444 2921 5502 desideratur
2946 5463 2960 5499 :
2982 5454 3035 5499 et
3060 5445 3121 5497 τὸ
3143 5446 3410 5500 Μαισαιό-

1843 5515 1955 5571 λιον
1986 5517 2038 5571 in
2074 5518 2434 5572 Μαυσωλαῖον
2468 5525 2855 5572 commutatur.
2884 5515 3171 5587 Cleopatra
3204 5516 3410 5587 quippe

1835 5588 2093 5657 sepulcri,
2118 5587 2396 5643 Mausolaei
2428 5602 2821 5657 nonnunquam
2853 5587 2923 5640 ob
2960 5585 3179 5657 fabricae
3203 5585 3404 5657 molem

1834 5655 2055 5727 vocati,
2118 5661 2304 5717 clausa
2356 5659 2611 5731 prmsidio
2652 5655 2885 5728 seipsam
2938 5655 3189 5714 confecit.
3220 5656 3396 5717 Gutta.
