4006 6356
423 304 492 361 87
1722 312 1897 371 JULII
1937 314 2259 371 AFRICANI
2828 342 2845 359 ι
3582 311 3655 367 88

424 424 626 482 Eodem
661 434 907 499 tempore
939 427 1240 501 Cleopatra:
1264 430 1403 488 lilios
1436 431 1614 489 Solem
1662 416 1981 505 Lunamque
2007 487 2012 496 .

2112 436 2387 507 ιένη.Τότε
2416 433 2768 504 Κλεοπάτρας
2789 431 2939 495 υἱοὺς
2969 430 3156 484 Ἥλιον
3183 428 3276 484 καὶ
3296 428 3535 500 Σελήνην
3562 427 3658 480 ἐπὶ

423 516 497 574 ab
542 532 607 573 ea
648 528 871 576 vocatos
922 520 978 575 in
1023 518 1355 578 Thebaidem
1388 521 1660 595 fugientes
1713 528 1988 598 Augustus

425 607 590 677 cepit.
615 605 895 679 Nicopolis
926 610 993 665 ad
1021 609 1303 667 Actiacum
1332 613 1511 669 sinum
1542 618 1905 685 construitur;
1937 624 1991 672 et

424 701 685 757 Actiacus
711 703 876 759 ludus
908 704 1212 762 institutus.
1235 707 1563 763 Alexandria
1592 712 1990 782 capta,primus

428 791 649 865 Egypti
691 795 803 850 dux
856 796 1172 866 Augustalis
1228 800 1512 859 Cornelius
1552 803 1738 860 Gallus
1787 806 1991 863 missus

426 895 531 953 est,
561 887 655 958 qui
683 885 1064 960 Egyptiorum
1121 891 1187 946 ad
1233 894 1659 963 perduellionem
1692 897 1992 954 deﬂecten-

429 972 568 1029 tium
591 976 755 1032 urbes
785 978 1069 1037 subvertit.
1087 978 1380 1051 ﬂuensque
1402 981 1617 1055 Lagida:
1638 985 1989 1056 duraverunt,

428 1082 648 1138 unaque
693 1068 997 1126 Macedonii
1042 1072 1257 1142 imperii
1303 1074 1472 1130 series
1527 1078 1680 1133 stetit
1727 1087 1851 1149 post
1900 1079 1994 1135 de-

429 1168 707 1216 structum
740 1160 1030 1218 Persarum
1061 1179 1289 1236 regnum
1340 1182 1514 1223 annos
1556 1168 1772 1226 duobus
1813 1171 1993 1229 minus

430 1262 727 1309 trecentos.
752 1251 927 1311 Omne
974 1254 1140 1329 igitur
1172 1260 1435 1328 temporis
1469 1262 1702 1331 spatium
1736 1263 1805 1318 ab
1837 1263 1994 1320 insti-

432 1353 551 1400 tuto
573 1342 930 1403 Macedonum
961 1347 1193 1418 imperio
1217 1349 1284 1405 ad
1307 1347 1613 1424 Egyptiaci
1636 1355 1786 1425 regni
1808 1356 1993 1425 ﬁnem,

431 1437 499 1492 ad
524 1436 872 1508 Cleopatram
911 1440 1193 1503 nimirum,
1208 1440 1624 1499 Ptolemaeorum
1641 1454 1993 1515 postremam,

432 1532 819 1587 concluditur:
850 1533 995 1603 quod
1029 1532 1401 1591 Romanorum
1436 1538 1768 1595 monarchia:
1797 1548 1853 1596 et
1891 1541 1997 1595 im-

431 1623 568 1695 perii
629 1641 774 1681 anno
824 1626 1113 1683 undecimo
1170 1629 1417 1699 contigit,
1472 1629 1805 1702 Olympiadis
1864 1647 1997 1688 vero

430 1733 707 1786 eLxxxvn,
739 1734 882 1776 anno
907 1728 1123 1791 quarto.
1153 1719 1437 1777 Annorum
1468 1737 1684 1779 summa
1714 1724 1785 1781 ab
1822 1725 1994 1780 Adam

431 1820 618 1867 creato
645 1821 729 1868 est
750 1812 911 1868 5472.

503 1902 596 1962 IV.
638 1902 771 1960 Post
811 1904 1195 1962 Alexandriam
1246 1915 1461 1979 captam
1510 1909 1677 1980 coepit
1720 1907 1999 1982 Olympias

431 2009 731 2051 CLXXXVIII.

504 2086 749 2145 Herodes
809 2089 1168 2147 Gabiniorum
1222 2093 1452 2161 urbem,
1509 2093 1813 2151 Samariam
1867 2095 1998 2150 olim

433 2178 633 2235 dictam
667 2195 697 2234 a
731 2195 789 2237 se
820 2191 1149 2252 reparatam,
1186 2183 1481 2255 appellavit
1523 2183 1786 2241 Sebasten
1816 2204 1830 2240 :
1875 2185 1996 2256 ejus

435 2287 655 2344 quoque
687 2274 900 2341 navale,
935 2274 1211 2331 Stratonis
1240 2276 1371 2331 olim
1399 2277 1595 2333 turrim
1627 2288 2000 2349 nuncupatum

436 2364 495 2418 in
527 2364 681 2419 urbis
711 2364 944 2420 formam
982 2366 1345 2422 instauratum
1366 2411 1380 2434 ,
1419 2368 1724 2426 Caesaream
1766 2372 1999 2439 vocavit,

437 2464 492 2511 et
552 2456 609 2510 in
677 2464 908 2528 utraque
962 2460 1218 2529 templum
1281 2458 1505 2516 Octavio
1568 2464 2000 2518 consecrandum

437 2547 631 2601 erexit.
687 2545 1027 2604 Postremam
1099 2549 1346 2606 omnium
1406 2551 1474 2607 de
1542 2553 1713 2623 patris
1773 2554 1999 2609 nomine

440 2640 837 2710 Antipatridem
859 2640 912 2695 in
934 2640 1083 2713 Lydo
1101 2657 1295 2713 campo
1328 2643 1603 2713 condidit;
1641 2642 2004 2716 Sebastesque

440 2732 655 2787 accolas
687 2746 922 2802 quorum
956 2747 1117 2805 agros
1148 2735 1461 2805 occupavit,
1494 2734 1626 2791 fecit
1656 2735 1820 2808 hujus
1854 2737 2006 2791 inco-

441 2822 542 2877 las.
584 2821 737 2878 Alias
793 2838 1011 2894 quoque
1073 2825 1237 2881 urbes
1279 2827 1618 2894 construxit;
1680 2844 1745 2884 ac
1802 2827 2005 2884 Iudaeis

441 2913 660 2985 quidem
693 2928 1012 2981 onerosum,
1051 2917 1366 2972 nationibus
1406 2933 1538 2973 vero
1569 2919 1795 2990 reliquis
1840 2920 2005 2975 urba-

441 3021 574 3061 num
599 3015 654 3061 et
681 3019 959 3060 amoenum
988 3020 1108 3062 sese
1137 3006 1404 3062 exhibuit.

511 3094 791 3167 Olympias
810 3096 1068 3167 agebatur
1086 3113 1343 3168 cuxxtx,
1359 3117 1480 3172 quae
1501 3101 1801 3158 bissextum
1814 3102 1955 3159 diem
1972 3105 2005 3159 6

443 3163 599 3244 sexto
637 3163 759 3244 Kal.
792 3163 980 3257 Μαι-1.,
1015 3204 1161 3247 anno
1197 3163 1354 3263 juxta
1376 3163 1655 3252 .Antioch.
1704 3210 1871 3251 teram
1913 3196 2006 3263 24,
2034 3163 2082 3225 c

445 3289 572 3351 apte
599 3283 914 3339 restitutum
967 3287 1209 3358 accepit,
1260 3287 1420 3358 cujus
1453 3286 1717 3343 beneﬁcio
1749 3289 1912 3344 certis
1945 3304 2009 3345 ac

444 3376 683 3446 propriis
715 3378 819 3433 sibi
847 3380 1096 3437 terminis
1119 3396 1295 3436 annus
1318 3381 1482 3451 etrapit
1513 3382 1835 3437 consistere.

2088 526 2314 598 Θηϐαΐδι
2351 526 2618 595 φυγόντας
2665 523 2951 577 συνέλαϐεν
2976 522 3005 575 δ
3045 521 3333 585 Σεϐαστός.
3365 519 3657 581 Νικόπολις

2088 619 2120 688 ή
2157 616 2295 670 κατὰ
2338 616 2556 671 ’Δκτίαν
2586 612 2807 685 ἐκτίσθη
2828 653 2842 679 ,
2877 611 2971 667 καὶ
3020 612 3204 667 Ἀκτία
3235 613 3263 666 ὁ
3294 610 3439 682 ἀγὼν
3472 610 3653 681 ἐτέθη.

2101 707 2503 781 Ἀλεξανδρείας
2525 707 2857 782 εἰλημμένης
2890 706 3104 780 πρῶτος
3130 703 3351 778 ἡγεμὼν
3380 702 3656 772 Αἰγύπτου

2090 799 2363 870 πέμπεται
2421 797 2616 862 Γάλλος
2648 799 2977 873 Κορνήλιος,
3036 797 3097 862 δς
3144 796 3251 850 τῶν
3308 795 3660 851 ἀποστάντων

2090 890 2644 960 Δίγυπτίων“καθεῖλε
2675 891 2773 956 τὰς
2806 891 3009 955 πόλεις.
3056 890 3233 963 Μέχρι
3270 887 3423 941 τοῦδε
3460 888 3509 939 oi
3548 887 3662 939 Λα-

2090 985 2233 1055 γῖδαι
2258 984 2401 1056 (69)’
2438 986 2532 1039 καὶ
2578 983 2799 1055 σύμπας
2824 984 2924 1056 τῆς
2954 981 3326 1051 Μακεδονικῆς
3365 978 3661 1051 ἡγεμονίας

2091 1073 2278 1147 χρόνος
2313 1073 2448 1145 μετὰ
2480 1073 2574 1145 ἐτη
2600 1080 2646 1126 τ’
2678 1075 2776 1145 τῆς
2819 1072 3044 1147 Περσῶν
3086 1070 3478 1142 καθαιρέσεως,
3513 1067 3662 1121 δυοῖν

2091 1164 2296 1219 δέοντα.
2332 1164 2658 1233 Συνάγονται
2681 1163 2859 1217 τοίνυν
2890 1165 2940 1217 οἱ
2967 1163 3144 1236 χρόνοι
3180 1161 3288 1215 ἀπὸ
3324 1159 3504 1231 μέντοι
3534 1159 3661 1211 Μα-

2092 1253 2321 1308 κεδόνων
2351 1255 2522 1327 ἀρχῆς
2552 1255 2657 1319 ἓως
2702 1255 3050 1319 καταλύσεως
3091 1252 3229 1308 κατὰ
3273 1249 3661 1321 Πτολεμαίους,

2094 1346 2191 1401 καὶ
2216 1345 2314 1417 τὴν
2343 1345 2654 1400 τελευταίαν
2683 1345 3058 1419 Κλεοπάτραν,
3092 1344 3121 1397 ὃ
3152 1344 3359 1413 γίνεται
3390 1341 3486 1412 τῆς
3530 1341 3665 1394 Ῥω-

2098 1440 2269 1511 μαίων
2297 1438 2589 1510 μοναρχίας
2616 1439 2710 1493 xui.
2730 1438 3022 1511 ἡγεμονίας
3047 1437 3162 1501 ἔτος
3183 1444 3272 1504 ια’,
3305 1435 3665 1506 Ὀλυμπιάδος

2094 1531 2152 1584 δὲ
2202 1529 2342 1601 ρπζν,
2398 1528 2547 1594 ἔτους
2593 1528 2655 1584 δ’.
2707 1529 2787 1583 Τὰ
2840 1528 3128 1599 σύμπαντα
3183 1526 3276 1599 ἔτη
3329 1526 3438 1581 ἀπὸ
3493 1524 3666 1597 ’Δδὰμ

2098 1618 2271 1691 ,ευοβκ

2167 1927 2240 1978 Δ’.
2281 1925 2435 1979 Μετὰ
2468 1923 2868 1996 Ἀλεξανδρείας
2905 1922 3103 1977 ἅλωσιν
3156 1919 3455 1993 Ὀλυμπιὰς
3488 1918 3666 1993 ἧρχθη

2100 2023 2247 2088 ρπη’-

2180 2106 2425 2180 Ἡρώδης
2464 2106 2750 2171 ἐπικτίσας
2780 2105 2879 2176 τὴν
2921 2104 3183 2159 Γαϐινίων
3221 2103 3374 2158 πόλιν
3406 2104 3536 2176 (70),
3565 2102 3671 2176 τήν

2099 2215 2228 2251 ποτε
2260 2198 2593 2271 Σαμάρειαν,
2628 2195 2904 2268 Σεϐαστὴν
2938 2194 3106 2267 αὐτὴν
3138 2193 3576 2267 προσηγόρευσε·
3610 2193 3673 2246 τὸ

2098 2290 2155 2344 δὲ
2195 2290 2426 2344 ἐπίνειον
2460 2290 2628 2361 αὐτῆς
2659 2288 2752 2343 τοῦ
2800 2288 3114 2362 Στράτωνος
3165 2287 3374 2360 πύργον
3423 2284 3670 2351 πολίσας,

2100 2381 2208 2436 ἀπὸ
2236 2379 2330 2435 τοῦ
2362 2381 2528 2436 αὐτοῦ
2574 2381 2915 2453 Καισάρειαν
2967 2379 3255 2443 ἐκάλεσεν,
3305 2379 3391 2449 ἐφ’
3435 2377 3674 2449 ἑκατέρᾳ

2101 2473 2227 2529 ναὸν
2276 2472 2492 2545 ἐγείρας
2538 2474 2833 2543 Ὀκταουΐῳ
2852 2488 2865 2503 ·
2920 2471 3145 2543 ὕστερον
3190 2468 3246 2524 δὲ
3292 2467 3669 2541 Ἀντιπατρίδα

2101 2566 2274 2631 κτίζει
2306 2565 2364 2618 ὲν
2393 2565 2470 2637 τῷ
2499 2564 2654 2636 Λυδῷ
2687 2564 2850 2636 πεδίῳ
2877 2564 2983 2618 ἀπὸ
3005 2562 3099 2617 τοῦ
3130 2561 3293 2617 αὑτοῦ
3323 2561 3546 2634 πατρὸς,
3577 2560 3675 2616 καὶ⁸

2102 2660 2229 2725 τοὺς
2261 2659 2389 2732 περὶ⁹
2422 2659 2517 2731 τὴν
2545 2657 2819 2730 Σεϐαστὴν
2844 2656 3144 2722 οἰκοῦντας,
3178 2649 3252 2710 ὧν
3282 2656 3538 2726 ἀφείλατο
3574 2654 3675 2727 τὴν

2104 2752 2228 2823 γῆν,
2262 2750 2648 2824 ἐγκατῴκησεν
2693 2754 2752 2805 ὲν
2801 2751 2959 2822 αὐτῇ.
2999 2751 3221 2804 Ἔκτισε
3252 2749 3309 2803 δὲ
3340 2750 3433 2802 καὶ
3482 2748 3676 2820 ἑτέρας

2105 2843 2321 2908 πόλεις⁸
2379 2844 2474 2898 καὶ
2509 2845 2621 2908 τοῖς
2663 2844 2759 2915 μὲν
2818 2842 3089 2907 Ἰουδαίοις
3132 2842 3302 2914 βαρὺς
3342 2837 3431 2914 ἦν,
3463 2842 3575 2905 τοῖς
3615 2838 3675 2893 δὲ

2107 2935 2284 2999 ἄλλοις
2315 2933 2490 2989 ἔθνεσι
2521 2933 2859 3000 δεξιώτατος.

2179 3130 2289 3188 Ἦν
2328 3134 2626 3205 Ὀλυμπιὰς
2671 3131 2790 3205 ρπϐ⁹
2821 3131 2953 3204 (71),
2999 3132 3119 3203 ἣτις
3169 3130 3275 3203 πρὸ
3314 3137 3366 3196 ς’
3398 3127 3677 3184 καλανδῶν

2113 3228 2373 3299 Μαρτίων
2409 3228 2549 3282 κατὰ
2585 3229 2875 3298 Ἀντιοχεῖς
2938 3225 3013 3278 κδ’
3050 3224 3160 3278 ἔτει
3190 3221 3353 3294 ἢχθη,
3383 3221 3448 3274 δι’
3478 3214 3546 3292 ἧς
3582 3220 3676 3273 ἐπὶ

2113 3320 2219 3374 τῶν
2254 3319 2394 3374 ἰδίων
2419 3320 2583 3393 ὁρίων
2614 3320 2743 3391 ἔστη
2774 3323 2801 3374 ὁ
2835 3318 3094 3383 ἐνιαυτός.

1579 3475 1763 3530 XVIII.
1808 3474 1974 3542 Ibid.,
1999 3495 2120 3551 pag.
2157 3479 2281 3543 522,
2317 3478 2390 3535 al.
2426 3479 2552 3533 256.

448 3567 526 3625 De
556 3570 624 3626 iis
652 3585 775 3641 qua:
817 3572 872 3626 in
897 3573 1127 3655 salutari
1152 3571 1355 3628 Christi
1378 3572 1654 3655 passione
1691 3581 1746 3627 et
1797 3573 2006 3628 vivilica

838 3651 1237 3715 resurrectione
1267 3651 1628 3715 contigerunt.

519 3713 562 3770 1.
598 3711 763 3769 Gesta
804 3728 937 3770 sane
984 3714 1130 3770 illius
1180 3711 1753 3785 singulaﬁcorporum
1800 3715 2008 3769 anima-

522 3830 636 3901 (69)
676 3828 860 3901 Μέχρι
883 3828 1060 3884 τοῦδε
1082 3832 1136 3884 οὶ
1164 3828 1426 3899 Λαγῖδαι.
1451 3829 1715 3900 Ambigue
1737 3838 1791 3885 et
1811 3829 2017 3901 incerto

451 3903 519 3958 de
546 3901 642 3957 lati
664 3900 963 3971 Cleopatrae
993 3914 1138 3955 anno
1157 3901 1395 3956 locutum
1427 3910 1726 3966 auctorem,
1757 3916 1823 3955 ac
1853 3900 2015 3954 modo

454 3974 523 4028 ab
568 3972 718 4028 orbis
762 3972 966 4028 conditi
1011 3986 1157 4025 anno
1191 3971 1330 4025 5468
1382 3972 1541 4026 annis
1591 3972 1751 4026 modo
1799 3971 2013 4025 duobus

455 4044 725 4113 posterius
772 4043 1125 4113 consignasse
1180 4042 1294 4110 jam
1335 4057 1498 4111 supra
1559 4041 2008 4113 observavimus:

453 4111 640 4185 quare»
680 4112 831 4185 quod
883 4111 971 4167 hic
1025 4112 1080 4165 in
1146 4127 1332 4185 annos
1391 4112 1911 4185 duos‘sequiores,
1967 4119 2022 4165 et

459 4181 648 4238 mundi
696 4181 841 4237 5472
865 4189 1235 4252 removeatur,
1269 4181 1335 4235 ad
1379 4181 1668 4252 Georgium
1692 4182 1765 4234 nil
1785 4189 2012 4252 spectat,

458 4268 583 4308 cum
621 4252 865 4322 privatus
898 4251 947 4306 is
979 4252 1050 4306 sit
1078 4252 1338 4322 Africani,
1363 4251 1672 4322 cuiushaae
1688 4252 1831 4306 dicta
1877 4251 2016 4322 rele-

459 4320 684 4388 runtu'r,
732 4331 1040 4392 computus.
1078 4320 1157 4376 Ex
1206 4321 1323 4391 ejus
1355 4336 1535 4392 porro
1568 4321 1745 4376 verbis
1777 4321 2016 4376 celeber-

460 4393 612 4447 rima:
647 4402 759 4448 tres
806 4390 1028 4463 epochze
1074 4390 1424 4463 chronologis
1467 4390 2015 4463 Africani‘sensuum

2183 3576 2317 3650 Περὶ
2348 3575 2457 3631 τῶν
2480 3574 2621 3629 κατὰ
2657 3576 2717 3629 τὸ
2746 3577 3012 3650 σωτήριον
3055 3573 3252 3639 πάθος,
3293 3572 3385 3627 καὶ
3411 3570 3510 3643 τὴν
3539 3571 3677 3629 ζωο-

2652 3646 2800 3699 ποιὸν
2829 3647 3140 3699 ἀνάστασιν.

2184 3717 2261 3771 A'.
2297 3716 2370 3769 Τὸ
2395 3715 2449 3769 δὲ
2488 3716 2605 3770 καθ’
2646 3717 2873 3770 ἕκαστον
2915 3716 3023 3771 τῶν
3055 3713 3303 3787 πράξεων
3333 3713 3497 3769 αὐτοῦ
3518 3755 3533 3781 ,
3584 3713 3680 3769 καὶ

2124 3838 2193 3887 ια’
2230 3833 2346 3888 vice
2380 3832 2438 3886 ιδ’
2466 3847 2496 3885 a
2525 3831 2717 3902 primis
2742 3831 3202 3902 lihrariislectum
3230 3830 3495 3902 arbitror,
3530 3837 3584 3885 et
3615 3828 3673 3883 11

2114 3902 2343 3985 Aitgusti
2371 3900 2596 3967 annum,
2627 3900 2693 3955 M
2717 3902 2837 3985 vice
2856 3901 3144 3982 redditum.
3178 3900 3379 3985 Auctor
3410 3900 3585 3985 enim;
3610 3915 3679 3954 ex

2108 3969 2386 4038 Africano,
2417 3982 2474 4026 ut
2542 3988 2686 4036 reor,
2716 3973 2904 4026 scribit
2965 3987 3126 4041 supra
3168 3989 3181 4025 :
3224 3972 3284 4024 Οἱ
3322 3973 3379 4041 ἐν
3435 3969 3681 4041 Ἀλεξαν-

2116 4042 2269 4115 δρείᾳ
2313 4043 2419 4115 ἀπὸ
2456 4042 2551 4095 τοῦ
2591 4041 2837 4115 ιδ’-ἔτους
2887 4040 3175 4115 ἀριθμοῦσι
3206 4040 3513 4115 Δύγοιξστου
3556 4040 3681 4115 χρᾷ-

2119 4111 2261 4177 νους,
2297 4114 2365 4167 ab
2391 4113 2641 4181 Augusti,
2666 4112 2911 4183 inquam,
2928 4111 3029 4178 14,
3050 4113 3143 4183 qui
3166 4121 3322 4181 capta
3348 4111 3679 4168 Alexandria

2123 4184 2369 4253 signatur
2396 4180 2675 4253 inFastis.
2703 4180 2872 4236 Gesn.

2192 4250 2302 4320 (70)
2341 4251 2590 4320 Ἡρώδης
2630 4252 2944 4319 ἐπικτίσας
2983 4250 3102 4305 τῶν
3142 4250 3679 4320 Γαϐινίωνίπόλιν.

2122 4320 2321 4392 Lepide
2352 4320 2610 4391 Scaliger.
2644 4320 2767 4375 Not.
2798 4339 2916 4392 pag.
2950 4323 3056 4376 259
3088 4340 3101 4376 :
3137 4321 3311 4387 Quare
3341 4319 3549 4375 ϐαυκιτί
3575 4322 3682 4374 sive

2122 4390 2408 4446 Sainarita:
2444 4393 2481 4444 Γ
2484 4390 2679 4445 αϐίνιοι
2706 4390 2971 4452 vocentur.
3007 4394 3176 4446 dicere
3201 4392 3422 4461 fortasse
3457 4406 3681 4459 possem,

459 4463 726 4518 studiosis
755 4460 1302 4532 perquirendaaiultro
1342 4460 1400 4519 se
1436 4462 1688 4517 oll'eruut.
1722 4460 1903 4516 Prima
1936 4470 2018 4515 est
2055 4529 2083 4532 _
2124 4464 2229 4516 nisi
2248 4473 2522 4532 corruptus
2577 4471 2707 4516 esset
2738 4464 2898 4518 locus.
2937 4462 3081 4516 Nihil
3125 4460 3212 4517 hic
3255 4478 3304 4532 a_
3332 4460 3685 4532 corruptione

459 4529 990 4604 Alexandri'mortis
1032 4543 1085 4588 et
1133 4531 1443 4604 Grtrcorum
1484 4532 1718 4604 imperii,
1759 4547 1922 4604 quam
1965 4533 2023 4604 in
2054 4529 2097 4583 ι)
2132 4529 2423 4604 δςειὶεετοὶ
2451 4532 2749 4587 timendum
2793 4549 2808 4587 :
2854 4536 3061 4604 integer
3107 4542 3190 4587 est
3237 4530 3478 4604 Africani
3503 4532 3679 4604 lo_cu_s,

463 4605 651 4674 mundi
681 4603 856 4674 5171,
909 4618 1016 4657 non
1054 4613 1116 4657 ut
1165 4602 1427 4674 Georgius
1474 4604 1529 4657 in
1566 4602 1734 4666 5170,
1780 4602 2023 4674 conjicit.

462 4668 598 4744 Nam
629 4689 753 4729 cum
782 4672 1110 4744 Lagidarum
1140 4668 1523 4729 exterminium
1550 4674 1605 4727 in
1639 4673 1828 4728 mundi
1868 4668 2031 4738 5472,

463 4743 676 4799 duobus
707 4744 962 4799 nimirum
981 4744 1047 4799 de
1065 4753 1361 4800 tercentum
1379 4746 1560 4799 minus
1590 4745 2031 4814 postinstitutum

465 4815 534 4868 ab
554 4814 635 4869 eis
665 4814 952 4883 imperium
984 4816 1257 4877 remittat,
1300 4824 1428 4869 ante
1457 4813 1631 4869 annus
1672 4814 1798 4879 298,
1844 4813 2032 4867 mundi

466 4884 625 4951 5174,
647 4884 780 4939 illud
812 4886 987 4954 primo
1031 4885 1328 4940 stabilitum
1380 4885 1567 4955 liquet,
1601 4894 1728 4938 ante
1764 4883 2031 4938 Christia-

467 4969 591 5025 nam
647 4970 811 5010 aeram
865 4955 1026 5009 annis
1067 4955 1192 5010 426.
1240 4956 1534 5011 Africanus
1588 4956 1785 5025 quippe
1835 4955 2031 5008 natalis

466 5024 675 5081 Christi
705 5026 1286 5096 epochamﬂeamdem,
1316 5042 1480 5096 quam
1525 5024 1811 5096 Georgius,
1841 5025 2032 5079 statuit

467 5111 535 5167 ex
564 5111 685 5167 pag.
719 5095 826 5149 258
861 5105 915 5150 et
939 5093 1065 5150 259.
1094 5093 1352 5151 Secunda
1369 5104 1472 5161 est,
1499 5093 1750 5151 Actiacos
1782 5109 1955 5167 annos
1977 5106 2031 5167 et

472 5165 689 5239 Egypti
719 5176 889 5239 captae
927 5180 1090 5239 geram
1123 5168 1188 5239 ad
1232 5168 1420 5239 mun_di
1460 5167 1616 5230 5472,
1665 5175 1790 5220 ante
1815 5165 2029 5239 Christi

473 5235 709 5291 natalem
741 5235 898 5291 annis
925 5235 1017 5303 28,
1044 5237 1330 5292 devinciri.
1351 5236 1530 5291 Tertia
1553 5239 1768 5291 tandem
1798 5236 2029 5303 Augusti

474 5322 645 5362 annos
667 5322 697 5361 a
717 5308 903 5361 mundi
920 5306 1055 5361 5461
1084 5308 1380 5362 numerari.
1406 5306 1541 5362 Nam
1563 5323 1687 5362 cum
1713 5308 2031 5361 undecimus

475 5378 706 5448 AuguSti
748 5393 815 5433 ex
860 5376 1030 5448 Regio
1069 5387 1258 5448 nostro
1296 5377 1455 5431 Barb.
1491 5386 1546 5432 et
1590 5377 1775 5432 Perez.
1829 5384 2030 5448 attente

477 5446 738 5516 inspectis
768 5446 964 5519 iisque
994 5463 1117 5503 cum
1148 5446 1319 5501 Palat.
1339 5448 1574 5513 collatis,
1605 5449 1674 5502 sit
1704 5448 1798 5518 qui
1842 5446 2030 5500 mundi

477 5518 640 5590 5472,
672 5529 725 5590 et
754 5517 1087 5590 Olympiadis
1124 5534 1405 5581 cuxxvn,
1437 5528 1692 5590 quartus,
1720 5517 2030 5572 recensetur

391 5619 405 5631 κ
480 5590 549 5644 ab
574 5589 873 5644 Africano:
906 5605 973 5644 ex
1014 5589 1132 5658 ejus
1155 5590 1377 5644 calculis
1416 5604 1559 5643 anno
1601 5589 1733 5643 5461
1768 5591 2030 5643 duntaxat

482 5660 769 5729 imperium
799 5661 1000 5714 adiisse
1021 5676 1242 5716 necesse
1263 5669 1366 5723 est,
1384 5670 1507 5714 ante
1527 5658 1729 5714 Christi
1755 5667 1934 5713 ortum
1960 5658 2029 5710 40

483 5732 565 5783 vel
593 5730 681 5793 41,
714 5739 875 5798 prout
903 5730 1152 5787 Christus
1197 5731 1336 5787 5500
1367 5731 1446 5784 vel
1489 5729 1618 5785 5501
1664 5740 1823 5783 natus
1854 5730 1924 5783 ab
1964 5743 2030 5783 eo

483 5801 762 5858 asseritur.
798 5799 1172 5872 Suspicionem
1198 5812 1376 5858 tamen
1408 5816 1581 5857 meam
1613 5816 1679 5855 ne
1708 5799 2028 5869 subticeam,

2136 4600 2327 4657 iisdem
2356 4605 2578 4658 omnino
2608 4606 2785 4659 verbis
2816 4600 2989 4659 tribus
3017 4605 3070 4657 in
3103 4618 3215 4658 mss
3253 4602 3514 4672 digestus.
3535 4600 3685 4655 Sub-

2135 4674 2371 4740 indicat,
2423 4675 2568 4743 quod
2616 4673 2703 4728 ille
2767 4687 2982 4730 veretur
3050 4670 3353 4743 exponere,
3413 4670 3684 4739 Iosephus

2133 4744 2229 4797 lib.
2266 4760 2353 4798 xw
2396 4741 2544 4807 Ant.,
2591 4759 2709 4812 cap.
2740 4746 2828 4810 10,
2871 4762 2900 4799 a
2950 4743 3179 4814 Gabinio
3232 4741 3401 4814 Syriae
3453 4756 3685 4814 procon-

2134 4815 2271 4879 sule,
2305 4815 2474 4869 altero
2496 4811 2756 4870 Samaria:
2793 4824 2917 4869 ante
2954 4813 3217 4867 Herodem
3262 4811 3575 4883 reparatore
3604 4811 3691 4866 sic

2133 4894 2521 4954 nuncupatam.
2563 4884 2844 4950 Gabinius,
2878 4886 3072 4954 inquit.
3114 4883 3351 4939 Iudaeam
3386 4882 3688 4954 perlustraT

2131 4955 2250 5020 bat,
2284 4951 2337 5010 et
2364 4964 2630 5026 quotquot
2652 4951 2965 5011 inveniebat
2984 4956 3147 5009 urbes
3169 4951 3400 5018 dirutas,
3420 4951 3689 5026 aediﬁcari

2127 5025 2351 5095 jubebat
2371 5022 2584 5096 {atque
2608 5027 2711 5081 hoc
2733 5034 2888 5094 pacto
2918 5026 3243 5096 instauigitae
3262 5032 3402 5096 sunt
3415 5022 3683 5096 Samaria,

2130 5092 2356 5159 Azotus,
2392 5092 2760 5168 Scythopolis,
2803 5096 3070 5168 Antedon,
3113 5093 3343 5168 Baph‘ia,
3375 5092 3689 5168 Do_ra_,_M_a—

2129 5168 2290 5233 rissa,
2317 5176 2369 5221 et
2398 5163 2517 5221 aliie
2544 5163 2653 5221 non
2684 5181 2897 5236 paucae:
2931 5165 3091 5233 idque
3115 5163 3402 5236 mandante
3432 5163 3685 5228 Gabinio,

2130 5253 2359 5307 quorum
2391 5238 2614 5307 posthac
2649 5235 3051 5307 habitatioiluta
3086 5235 3534 5307 permansit,cum
3563 5243 3690 5307 ante

2130 5303 2292 5377 longo
2340 5303 2582 5378 tempore
2638 5307 2862 5361 deserta:
2896 5306 3159 5378 fuissent.
3203 5303 3277 5378 _Ut
3340 5304 3523 5378 itaque
3568 5303 3690 5378 sine

2130 5373 2340 5433 civibus
2369 5388 2423 5433 et
2452 5373 2695 5433 aediliciis
2726 5378 2856 5431 urbs
2889 5375 3131 5430 Samaria
3152 5416 3167 5441 ,
3201 5375 3275 5429 ita
3312 5374 3427 5429 sine
3466 5373 3689 5428 nomine

2125 5449 2296 5517 jacuit
2329 5450 2395 5503 ad
2420 5450 2649 5519 primam
2689 5462 2860 5519 usque
2886 5462 2920 5519 ia
2957 5444 3189 5519 Gabinio
3227 5453 3536 5519 susceptam
3567 5443 3689 5519 eius

2132 5515 2548 5589 reparationem,
2582 5534 2687 5588 qua
2710 5515 3143 5589 Γαϐινίων,-πόλις
3168 5516 3421 5589 appellari
3453 5515 3687 5589 meruit:

2130 5583 2405 5645 adsecutis
2427 5583 2641 5644 demum
2673 5588 2831 5641 annis
2848 5586 2916 5641 ab
2952 5585 3159 5641 Herode
3174 5583 3565 5648 ἐπικτισθεῖσα,
3598 5583 3694 5636 Se-

2132 5659 2308 5715 bastes
2329 5662 2378 5729 in
2401 5660 2627 5729 Augusti
2644 5659 2903 5729 honorem
2921 5659 3123 5729 accepit
3148 5656 3581 5729 appellationem.
3610 5653 3687 5708 In.

2226 5731 2311 5802 7t)
2341 5727 2454 5785 Ἦν
2485 5726 2810 5802 ’Ὀλυμπιὰς
2829 5733 2983 5796 ρετθσ.
3014 5727 3409 5802 Pluraerudite
3438 5726 3693 5782 observat

2132 5801 2185 5857 in
2211 5798 2358 5858 bunt:
2386 5802 2563 5857 locum
2598 5798 2832 5867 Gnarus,
2867 5815 3027 5873 quem
3055 5798 3239 5855 adisis.
