4006 6356
257 394 327 453 89
1134 395 1300 465 ρυλε
1340 389 1751 453 SUPERSUNT
1789 388 1878 447 EX
1917 387 2141 447 LIBRIS
2176 387 2573 447 CHRONOGR.
3432 385 3504 444 90

259 513 565 587 θεραπειῶν
593 516 887 590 σωμάτων,
918 518 1012 573 καὶ
1045 517 1252 591 ψυχῶν,
1286 518 1382 573 καὶ
1414 518 1522 571 τῶν
1552 516 1648 587 τῆς
1689 516 1807 586 γνώε

1934 528 2164 585 rumque
2185 511 2521 578 curationes,
2542 508 2949 582 praedicationis
2971 507 3504 579 resurrectionisque

259 624 394 671 σεως
423 608 800 680 ἀποκρύφων,
832 611 1183 676 ἀναστάσεως
1224 629 1284 665 τε
1332 613 1429 683 τῆς
1473 615 1538 666 ἐκ
1582 610 1790 683 νεκρῶν
1814 649 1829 674 ,

255 698 674 771 αὐταρκέστατα
702 704 820 766 τοῖς
851 700 957 775 πρὸ
978 702 1135 775 ήμῶν
1170 703 1435 776 μαθηταῖς
1474 720 1536 757 τε
1568 701 1663 757 καὶ
1694 703 1832 756 ἁπο-

256 790 462 857 στόλοις
472 792 644 848 αὐτοῦ
684 794 1001 867 δεδήλωται.
1026 796 1269 852 Καθόλου
1302 796 1394 851 τοῦ
1415 798 1617 868 κόσμου
1644 797 1831 860 σκότος

254 884 501 953 ἐπείγετο
533 886 941 959 φοϐερώτατονο
979 889 1261 961 σεισμῷδέ
1301 891 1356 944 αἱ
1388 890 1585 962 πέτραι
1614 891 1830 962 διερρή-

253 994 463 1046 γνυντο,
492 979 592 1032 καὶ
621 979 693 1033 τὰ
724 979 893 1034 πολλὰ
927 981 1025 1052 τῆς
1065 981 1343 1045 Ἰουδαίας,
1377 982 1471 1036 καὶ
1502 981 1601 1053 τῆς
1635 980 1829 1049 λοιπῆς

253 1070 357 1140 γῆς
382 1069 713 1141 κατερρίφη.
749 1070 921 1125 Τοῦτο
950 1071 1012 1125 τὸ
1043 1073 1233 1136 σκότος
1270 1072 1509 1142 ἔκλειψιν
1548 1070 1641 1125 τοῦ
1675 1070 1825 1142 ἡλίου

254 1159 451 1225 Θάλλος
480 1161 756 1216 ἀποκαλεῖ
780 1166 840 1217 ἐν
870 1162 1028 1238 τρίτῃ
1066 1164 1176 1218 τῶν
1222 1161 1540 1232 Ἰστοριῶν,
1582 1163 1659 1228 ὡς
1700 1163 1826 1235 ἐμοὶ⁸

249 1253 416 1320 δοκεῖ,
445 1254 685 1325 ἀλόγως.
730 1256 968 1328 Ἑϐραῖοι
1000 1257 1106 1329 γὰρ
1145 1257 1339 1326 ἄγουσι
1370 1257 1430 1311 τὸ
1459 1257 1655 1328 Πάσχα
1684 1256 1823 1312 κατὰ

244 1344 480 1418 σελήνην
512 1347 596 1411 ιδ’,
630 1347 739 1419 πρὸ
782 1346 842 1402 δὲ
891 1350 1019 1418 μιᾶς
1075 1347 1168 1401 τοῦ
1220 1349 1412 1421 Πάσχα
1459 1348 1530 1404 τὰ
1564 1350 1693 1421 περὶ
1732 1350 1824 1405 τὸν

242 1437 477 1509 Σωτῆρα
511 1438 804 1509 συμϐαίνει
822 1456 837 1470 ’
868 1439 1108 1511 ἔκλειψις
1138 1440 1195 1494 δὲ
1222 1441 1377 1513 ἡλίου
1412 1440 1640 1515 σελήνης
1662 1440 1825 1496 ὑπελ-

241 1529 444 1602 θούσης
488 1531 588 1585 τὸν
628 1530 780 1602 ἥλιον
835 1531 1063 1601 γίνεται.
1130 1532 1412 1587 Ἀδύνατον
1458 1532 1514 1586 δὲ
1564 1535 1622 1587 ἐν
1677 1533 1821 1605 ἄλλῳ

240 1623 439 1694 χρόνῳ,
475 1622 623 1694 πλὴν
650 1624 708 1676 ἐν
739 1622 817 1694 τῷ
851 1624 1054 1695 μεταξὺ
1084 1626 1212 1696 μιᾶς
1244 1625 1337 1678 καὶ
1367 1625 1465 1697 τῆς
1496 1626 1601 1700 πρὸ
1626 1626 1817 1697 αὐτῆς,

240 1715 381 1769 κατά
414 1715 522 1786 τὴν
546 1716 765 1770 σύνοδον
790 1716 960 1788 αὐτὴν
986 1717 1283 1790 ἀποϐῆναιο
1313 1718 1430 1783 πῶς
1460 1714 1551 1773 οὖν
1579 1718 1818 1789 ἔκλειψις

235 1809 526 1881 νομισθείη
574 1810 717 1864 κατὰ
763 1809 1049 1882 διάμετρον
1093 1811 1277 1883 σχεδὸν
1323 1812 1668 1885 ὑπαρχούσης
1717 1813 1817 1885 τῆς

1932 626 1965 663 a
1990 606 2225 663 mortuis
2256 605 2536 661 recondita
2562 620 2792 675 quaeque
2816 612 3025 661 secreta
3055 602 3340 674 discipulis
3370 619 3504 674 apo-

1931 701 2196 771 stolisque
2224 699 2375 755 illius
2406 698 2565 754 nobis
2591 698 2998 777 antiquioribus
3019 698 3155 753 satis
3187 696 3497 756 innotuere.

1930 793 2233 850 Horribiles
2266 791 2502 849 tenebrae
2531 790 2651 846 orbi
2684 790 2940 847 universo
2967 791 3305 855 incubuere;
3334 799 3502 860 petrae

1927 896 2090 943 terrae
2118 894 2271 942 motu
2315 884 2580 949 discissae,
2614 884 2881 954 pluraque
2911 899 3006 954 per
3033 882 3276 939 Iudaeam
3315 893 3370 938 et
3410 899 3503 941 re-

1926 980 2119 1049 giones
2152 976 2394 1048 reliquas
2426 976 2570 1032 aedes
2589 975 2646 1031 in
2680 975 2858 1031 solum
2881 975 3106 1045 deiectae
3137 984 3285 1031 sunt.
3321 973 3501 1030 Tene-

1927 1073 2054 1127 bras
2093 1069 2410 1140 hujusmodi
2443 1068 2575 1125 solis
2608 1067 2880 1124 defectum
2913 1074 3073 1122 vocat
3119 1066 3346 1124 Thallus
3391 1066 3505 1121 Hi-

1924 1166 2215 1221 storiarum
2256 1164 2396 1220 libro
2430 1162 2611 1230 tertio,
2644 1172 2702 1218 et
2732 1177 2822 1218 me
2851 1160 3072 1231 quidem
3101 1161 3307 1230 judice,
3341 1162 3504 1218 nullo

1925 1256 2304 1311 fundamento.
2352 1253 2563 1310 Hebraei
2603 1254 2804 1325 quippe
2834 1253 2964 1308 luna
2997 1254 3064 1309 ﬂ
3097 1252 3309 1310 Pascha
3351 1254 3499 1310 cele-

1922 1349 2102 1405 brant.
2127 1350 2199 1403 At
2237 1356 2383 1404 certe
2413 1346 2736 1404 Paschalem
2788 1347 3192 1403 solemnitatem
3227 1346 3315 1402 die
3353 1363 3495 1417 pra!-

1921 1449 2084 1494 eunte
2103 1454 2231 1509 qua:
2261 1440 2574 1510 passionem
2608 1447 2857 1509 spectant
2885 1454 2915 1493 a
2951 1438 3231 1493 Salvatore
3263 1440 3491 1495 tolerata

1920 1532 2124 1589 fuere:
2183 1533 2319 1589 solis
2376 1548 2509 1588 vero
2564 1531 2809 1588 defectus
2860 1532 3083 1588 nonnisi
3135 1532 3265 1587 luna
3318 1532 3489 1588 solem

1921 1625 2189 1682 subeunte
2218 1625 2481 1683 cernitur.
2515 1623 2717 1680 Verum
2773 1640 2897 1680 cum
2924 1641 3026 1679 non
3071 1625 3181 1679 alio
3230 1625 3491 1695 temporis

1921 1727 2199 1774 momento
2230 1728 2598 1789 praeterquam
2625 1734 2693 1774 eo
2721 1718 2867 1788 quod
2918 1718 3062 1774 lunae
3101 1718 3302 1775 veteris
3341 1718 3489 1774 diem

1921 1812 2176 1868 ultimum
2221 1822 2276 1868 et
2304 1813 2632 1868 renovanda:
2677 1813 2914 1883 primum
2950 1812 3236 1884 contingit,
3275 1814 3331 1868 in
3367 1813 3493 1884 ipso

236 1900 472 1972 σελήνης
496 1902 669 1973 ﬁlim;
700 1902 881 1956 Ἔστω
909 1901 993 1974 δὴ,
1023 1902 1410 1976 συναρπαςέτω
1438 1905 1565 1971 τοὺς
1595 1904 1807 1971 πολλοὺς

1921 1904 2178 1958 nimirum
2212 1905 2500 1975 utriusque
2534 1904 2732 1961 sideris
2770 1920 3068 1976 congressu
3109 1906 3352 1976 eclipsim
3398 1907 3487 1961 in—

235 1994 291 2047 τὸ
349 1996 728 2067 γεγενημένον
756 2036 772 2062 ,
847 1996 943 2050 καὶ
1017 1997 1078 2051 τὸ
1142 1999 1401 2069 κοσμικὲν
1457 1999 1621 2072 τέρας
1665 2000 1815 2072 ἡλίου

235 2085 482 2156 ἔκλειψις
529 2087 862 2141 ύπονοείσθω
905 2088 966 2143 ἐν
1007 2106 1059 2143 τι
1090 2090 1232 2145 κατὰ
1262 2090 1359 2162 τὴν
1405 2091 1545 2161 ὗψιν.
1599 2093 1815 2162 Φλέγων

236 2181 442 2252 ἱστορεί
470 2180 569 2234 ἐπὶ
601 2180 853 2253 Τιϐερίου
883 2183 1158 2256 Καίσαρος
1194 2184 1251 2237 ἐν
1293 2186 1610 2258 πανσελήνῳ
1639 2186 1815 2241 ἐκλει-

232 2271 326 2341 ψιν
357 2272 518 2343 ἡλίου
553 2274 834 2342 γεγονέναι
862 2274 1070 2330 τελείαν
1096 2276 1202 2331 ἀπὸ
1234 2278 1379 2350 ὥρας
1410 2278 1594 2351 ἐκτης,
1623 2280 1815 2352 μέχρις

233 2365 467 2436 ἐννάτης
484 2383 499 2396 ’
534 2365 692 2438 δῆλον
716 2366 793 2431 ὡς
817 2367 1040 2438 ταύτην.
1059 2370 1155 2433 Τίς
1179 2369 1224 2424 δ’
1251 2372 1283 2442 ή
1304 2372 1555 2426 κοινωνία
1583 2373 1809 2445 σεισμῷ,

233 2455 327 2509 καὶ
362 2455 642 2527 ἐκλείψει,
675 2459 902 2531 πέτραις
935 2461 1330 2532 ῥηγνυμέναις,
1377 2463 1472 2517 καὶ
1521 2465 1812 2519 ἀναστάσει

231 2548 483 2620 νεκρῶν,
516 2550 752 2623 τοσαύτῃ
790 2568 849 2605 τε
892 2553 1104 2624 κινήσει
1144 2558 1413 2628 κοσμικῇ;
1461 2557 1547 2612 Ἐν
1573 2557 1704 2626 γοῦν
1734 2557 1812 2631 τῷ

233 2639 435 2712 μακρῴ
465 2640 645 2713 χρόνῳ
669 2642 910 2696 τοιοῦτόν
936 2662 988 2697 τι
1021 2644 1232 2715 συμϐὰν
1273 2648 1333 2700 ού
1377 2648 1772 2721 μνημονεύεται
1791 2666 1806 2682 ο

229 2730 348 2785 ἀλλ’
372 2728 445 2804 ἦν
480 2732 670 2797 σκότος
701 2733 1041 2806 θεοποίητον,
1084 2736 1217 2791 διότι
1243 2738 1335 2793 τὸν
1366 2739 1569 2812 Κύριον
1610 2741 1805 2814 συνέϐη

230 2823 461 2879 παθεῖν’
503 2826 600 2880 καὶ
633 2825 790 2896 λόγος
821 2829 970 2901 αἱρεῖ
995 2829 1074 2882 ὅτι
1115 2830 1484 2903 ἐϐδομήκοντα
1516 2833 1807 2905 ἐϐδομάδες

229 2921 313 2983 είς
335 2919 528 2973 τοῦτον
555 2919 935 2992 συναιροῦνται
966 2922 1056 2978 τὸν
1087 2924 1276 2995 χρόνον
1309 2925 1367 2979 ἐν
1404 2926 1481 2997 τῷ
1514 2926 1731 3002 Δανιήλ.

1918 2013 2113 2070 gruere
2139 1998 2525 2064 observemus;
2547 2011 2656 2065 qua
2688 1995 2900 2050 ratione
2926 1995 3237 2050 censebitur
3266 1995 3487 2064 eclipsis

1917 2091 2033 2147 sole
2080 2090 2385 2160 oppositam
2432 2089 2576 2143 luna:
2622 2087 2745 2143 θαιιί
2788 2096 2999 2157 partem
3052 2086 3309 2141 tenente?
3355 2085 3486 2142 Esto

1914 2192 2122 2238 tamen.
2159 2180 2354 2251 Rapiat
2381 2188 2505 2252 post
2534 2195 2594 2236 se
2626 2195 2764 2250 quos
2792 2180 2958 2245 volet,
2993 2188 3050 2234 et
3077 2178 3222 2233 inter
3246 2177 3354 2232 alia
3385 2178 3485 2233 toti

1915 2275 2036 2330 orbi
2061 2272 2353 2328 manifesta
2389 2287 2558 2326 unum
2594 2270 2698 2326 hoc
2735 2271 2868 2327 solis
2897 2270 3200 2325 deﬁcientis
3242 2285 3310 2325 ex
3347 2284 3485 2325 ocu-

1913 2369 2089 2423 lorum
2116 2366 2321 2437 judicio
2348 2373 2657 2436 portentum
2689 2371 3025 2421 numeretur.
3056 2342 3199 2417 Sane
3223 2362 3351 2417 luna
3372 2371 3486 2418 tuto

1913 2461 2044 2518 orbe
2072 2460 2315 2536 radiante
2342 2459 2411 2513 ab
2440 2458 2575 2514 hora
2609 2457 2718 2512 diei
2764 2455 2798 2511 6
2826 2455 2892 2510 ad
2932 2455 2964 2512 9
3001 2471 3177 2526 usque
3212 2454 3482 2525 integram

1912 2555 2044 2611 solis
2066 2552 2309 2623 eclipsim
2344 2550 2564 2606 Tiberio
2594 2548 2811 2605 Caesare
2854 2550 3157 2619 imperante
3186 2547 3484 2619 contigisse

1912 2658 2101 2704 narrat
2123 2646 2366 2717 Phlegon
2402 2663 2415 2699 :
2453 2659 2575 2699 eam
2607 2644 2795 2714 utique
2835 2641 2903 2697 de
2934 2657 3044 2713 qua
3086 2641 3248 2697 nobis
3278 2655 3481 2696 sermo.

1910 2742 2114 2798 Verum
2144 2740 2424 2796 enimvero
2456 2752 2578 2808 qua:
2602 2745 2753 2792 tanta
2802 2744 2887 2791 est
2915 2750 3038 2790 cum
3063 2743 3221 2789 terrae
3248 2742 3399 2789 motu
3429 2742 3485 2788 et

1911 2833 2123 2904 eclipsi,
2148 2829 2383 2901 diruptis
2405 2828 2576 2892 saxis,
2615 2834 2671 2881 et
2699 2823 3084 2880 resurrectioni
3108 2810 3479 2887 mortuorum,

1911 2933 2184 2995 tantisque
2227 2930 2601 2977 creaturarum
2649 2915 2895 2971 omnium
2949 2914 3342 2985 perturbationi
3392 2928 3484 2969 so-

230 3015 446 3071 cietas?
473 3016 631 3071 Certe
656 3016 819 3088 longa
841 3026 991 3073 retro
1027 3035 1295 3075 annorum
1325 3024 1468 3078 serie
1507 3024 1683 3079 simile
1721 3024 1850 3095 quid
1875 3023 2024 3079 nulla
2057 3018 2363 3091 reperimus
2431 3013 2701 3070 accidisse
2749 3009 3037 3067 memoria.
3080 3009 3251 3065 Erant
3299 3010 3482 3079 itaque

230 3125 445 3165 novum
480 3109 570 3167 Dei
590 3128 732 3182 opus
764 3114 873 3169 illm
904 3115 1161 3181 tenebrae,
1220 3117 1338 3186 ipso
1365 3103 1551 3173 mundi
1589 3118 1822 3175 Domino
1860 3119 2100 3191 patiente
2148 3123 2371 3170 exortae.
2447 3107 2799 3179 Septuaginta
2867 3120 2996 3161 vero
3041 3103 3411 3160 hebdomach
3447 3118 3480 3158 a

230 3200 461 3259 Danicle
494 3216 825 3264 memoratas
874 3207 977 3264 hoc
1026 3218 1268 3280 tempore
1322 3213 1673 3281 complendas
1698 3252 1714 3279 .
1751 3220 1808 3270 et
1831 3212 2127 3269 terminum
2152 3206 2397 3278 attigisse
2426 3203 2567 3259 ratio
2597 3198 2894 3257 convincit.

295 3344 373 3401 B'.
421 3346 559 3400 ’Δπὸ
605 3347 665 3402 δέ
708 3348 1063 3422 Ἀρταξέρξου
1096 3351 1465 3424 ἐϐδομήκοντα
1511 3354 1802 3426 ἐϐδομάδες

1975 3353 2040 3409 ll.
2068 3350 2152 3406 Ab
2186 3346 2505 3404 Artaxerxis
2526 3351 2705 3400 autem
2732 3341 2960 3413 imperio
2981 3339 3049 3396 ad
3072 3349 3283 3397 aetatem
3307 3354 3482 3409 usque

227 3437 307 3500 είς
340 3437 438 3490 τὸν
470 3438 576 3491 ἐπὶ
603 3439 838 3511 Χριστοῦ
869 3442 1238 3498 συντελοῦνται
1276 3444 1464 3516 χρόνον
1495 3444 1637 3499 κατὰ
1675 3448 1802 3512 τοὺς

241 3530 516 3584 Ἰουδαίων
552 3530 855 3603 ἀριθμούς..
878 3534 1009 3588 Ἀπὸ
1033 3535 1141 3609 γὰρ
1165 3536 1419 3607 Νεεμίου,
1450 3537 1509 3601 ὃς
1540 3539 1633 3592 ὑπ’
1676 3540 1802 3611 Ἀρ-

231 3622 488 3696 ταξέρξου
512 3625 614 3698 τὴν
656 3625 1005 3699 Ἰερουσαλὴμ
1044 3630 1279 3703 οἰκήσων
1312 3631 1589 3704 ἐπέμφθη,
1618 3632 1713 3686 ἐπὶ
1742 3633 1804 3686 τὸ

238 3716 475 3770 εἰκοστὸν
497 3718 596 3771 καὶ
623 3718 912 3774 ἑκατοστὸν
936 3721 1035 3792 τῆς
1061 3722 1284 3793 Περσῶν
1314 3722 1608 3793 βασιλείας,
1634 3724 1800 3780 αὐτοῦ

238 3806 274 3859 δ’
306 3808 673 3881 ’Δρταξέρξου
713 3817 758 3864 κ’
784 3810 911 3878 ἔτει,
953 3813 1308 3885 Ὀλυμπιάδος
1349 3823 1437 3885 σῖγ’
1474 3816 1584 3871 ἔτει
1621 3817 1683 3883 δ’,
1710 3819 1802 3872 ἐπὶ

234 3900 433 3953 τούτων
466 3900 578 3955 τῶν
610 3903 837 3975 χρόνων,
860 3904 919 3967 ὃς
940 3899 1009 3975 ἦν
1024 3905 1381 3977 Ὀλυμπιάδος
1410 3906 1508 3977 σβ’,
1539 3907 1655 3974 ἔτος
1679 3909 1801 3963 δεύ-

233 4008 404 4064 τερον,
456 3993 711 4065 Τιϐερίου
752 3995 809 4049 δὲ
864 3997 1140 4069 Καίσαρος
1190 4000 1484 4071 ἡγεμονίας
1539 4000 1656 4065 ἔτος
1704 4009 1799 4067 ις’,

232 4084 334 4138 ἔτει
368 4085 537 4157 (71*),
566 4088 853 4156 συνάγεται
869 4096 992 4155 υοε’,
1013 4089 1156 4164 ἆπερ
1192 4092 1455 4165 Ἑϐραϊκὰ
1487 4098 1569 4161 ut;
1592 4093 1685 4167 ἔτη
1717 4095 1802 4161 γί-

230 4195 396 4241 νεται,
417 4180 562 4233 κατὰ
576 4181 666 4233 τὸν
683 4180 981 4254 σεληνιαῖον
997 4184 1140 4255 μῆνα
1153 4186 1278 4249 τοὺς
1293 4188 1568 4252 ἐνιαυτοὺς
1580 4188 1801 4242 ἐκείνων

231 4273 731 4346 ἐξαριθμουμένων,
765 4275 841 4339 ὡς
883 4278 999 4330 ἐστὶ
1037 4277 1324 4351 πρόχειρον
1353 4280 1544 4343 εἰπεῖν,
1578 4281 1799 4354 ἡμερῶν

231 4365 331 4431 κθν,
361 4368 463 4421 καὶ
490 4368 768 4439 ἡμισείας,
802 4369 896 4422 τοῦ
943 4370 1205 4424 κυκλικοῦ
1254 4371 1499 4425 ἐνιαυτοῦ
1542 4372 1636 4426 τοῦ
1677 4372 1797 4427 καθ’

228 4457 377 4527 ¹ἣλιον
403 4458 740 4530 ὑπάρχοντος
768 4460 989 4531 ἡμερῶν
1020 4460 1147 4525 τξε’,
1182 4461 1244 4526 δ’,
1270 4462 1412 4515 κατὰ
1444 4463 1672 4535 σελήνην
1698 4464 1801 4517 δω-

228 4549 536 4623 δεκάμηνον
586 4551 986 4623 παραλλάσσειν
1036 4554 1249 4625 ἡμέρας
1302 4562 1391 4620 ια’,
1437 4557 1531 4610 καὶ
1589 4556 1654 4609 δ’·
1712 4556 1800 4610 διὰ

229 4644 386 4699 muro
411 4645 509 4699 καὶ
544 4645 803 4716 Ἕλληνες
833 4646 926 4700 καὶ
965 4647 1201 4701 Ἰουδαῖοι
1232 4652 1381 4719 τρεῖς
1425 4650 1599 4721 μῆνας
1630 4649 1796 4721 ἐμϐο-

1905 3443 2111 3501 Christi
2165 3457 2234 3498 ex
2285 3439 2640 3494 Hebraeorum
2688 3445 2945 3505 computo
2983 3434 3322 3505 septuaginta
3373 3448 3477 3488 nu-

1906 3544 2191 3591 morantur
2240 3529 2630 3589 hebdomades.
2663 3528 2707 3582 A
2758 3526 2976 3582 Neemia
3011 3528 3212 3598 quippe
3248 3526 3341 3597 qui
3376 3524 3482 3580 sub

1902 3628 2205 3683 Artaxerxe
2258 3622 2561 3680 Jerusalem
2624 3621 2739 3674 suis
2802 3620 2999 3675 incolis
3067 3619 3479 3674 instauraturns

1903 3719 2050 3774 circa
2081 3716 2294 3787 imperii
2345 3715 2639 3770 Persarum
2686 3728 2894 3767 annum
2943 3710 3263 3765 vicesimum
3312 3724 3478 3778 supra

1903 3811 2287 3874 centesimum,
2340 3808 2516 3877 ipsius
2562 3806 2814 3860 videlicet
2858 3803 3174 3859 Artaxerxis
3195 3802 3288 3867 20,
3323 3810 3377 3854 et
3408 3801 3478 3855 ab

1903 3904 2242 3977 Olympiadis
2280 3916 2487 3957 Lxxxm
2538 3915 2684 3955 anno
2712 3898 2746 3951 4
2770 3939 2784 3963 ,
2818 3898 2884 3952 ad
2919 3898 3021 3951 hoc
3052 3912 3226 3965 usque
3263 3903 3476 3963 tempus

1900 4006 1954 4052 et
1983 3993 2314 4067 Olympiadis
2345 4007 2449 4047 ccu
2480 4006 2684 4045 annum
2735 3990 2790 4053 2,
2822 3988 3024 4043 Tiberii
3065 4001 3196 4050 vero
3245 3984 3477 4040 Caesaris

1901 4104 2106 4145 annum
2134 4087 2222 4151 16,
2248 4087 2340 4142 alii
2362 4085 2490 4141 anni
2520 4083 2627 4138 475
2674 4090 2935 4153 putantur
2960 4099 2973 4135 :
3002 4079 3097 4151 qui
3124 4078 3475 4134 Hebraeorum

1900 4183 2062 4239 annis
2080 4182 2208 4243 490.
2239 4180 2347 4236 illis
2371 4179 2631 4234 nimirum
2680 4192 2855 4231 annos
2882 4175 3166 4232 lunaribus
3194 4172 3476 4228 mensibus

1899 4276 2110 4332 dierum
2142 4273 2232 4338 29,
2261 4289 2385 4328 cum
2410 4272 2588 4326 medio
2616 4270 2902 4333 conﬂatos,
2936 4268 3078 4338 quod
3101 4267 3477 4323 demonstrare

1899 4367 2061 4424 facile
2107 4374 2232 4431 est,
2291 4363 2743 4427 recensentibus,
2813 4369 3168 4429 coacquantur
3213 4377 3227 4413 :
3279 4357 3475 4413 solaris

1897 4463 2100 4532 quippe
2139 4460 2267 4514 anni
2302 4456 2562 4529 periodus
2606 4456 2802 4509 diebus
2853 4454 2958 4508 565
2992 4468 3115 4508 cum
3152 4450 3475 4524 quadrantis

1898 4550 2199 4622 appendice
2240 4547 2563 4613 coniicitur;
2604 4546 2816 4600 lunaris
2867 4553 3047 4598 autem
3089 4544 3370 4598 mensibus
3406 4541 3476 4595 li-

1899 4650 1986 4698 cet
2015 4641 2081 4694 12
2107 4641 2435 4711 composita,
2464 4640 2660 4695 diebus
2686 4639 2748 4694 11
2812 4647 2866 4692 et
2914 4635 3216 4707 quadrante
3260 4635 3475 4690 variare

232 4733 418 4804 λίμους
458 4735 632 4790 ἐτεσιν
678 4744 728 4807 η’
785 4739 1259 4810 παρεμϐάλλουσιν
1284 4758 1298 4772 ·
1337 4719 1558 4806 ὀκτάκις
1590 4719 1699 4813 γὰρ
1729 4742 1797 4796 τὰ

1910 4734 2355 4803 deprehenditur;
2385 4749 2508 4804 quae
2545 4747 2711 4788 causa
2740 4738 2824 4785 est
2854 4739 2912 4784 ut
2954 4742 3170 4783 menses
3194 4736 3306 4782 tres
3339 4727 3475 4782 insi-

235 4834 301 4880 ια’
353 4828 445 4881 καὶ
476 4829 732 4899 τέταρτον
763 4832 907 4883 ποιεῖ
933 4830 1210 4903 τρίμηνον.
1238 4831 1318 4884 Τὰ
1338 4832 1515 4885 τοίνυν
1547 4830 1650 4885 υοε¹
1703 4832 1798 4902 ἔτη

231 4920 502 4979 ὀκταετίαι
532 4920 631 4990 μὲν
661 4920 897 4988 γίνονται
926 4923 1022 4988 νϐ’,
1052 4924 1145 4977 καὶ¹
1192 4925 1357 4995 μῆνες
1389 4928 1558 4995 τρεῖς,
1584 4924 1660 4989 ὡς
1683 4942 1802 4996 τριο

234 5012 401 5082 μήνου
433 5013 728 5085 ἐμϐολίμου
782 5017 850 5086 τῇ
897 5015 1150 5087 όκταετία
1199 5018 1642 5088 προσγινομένου,
1704 5018 1797 5089 ἐτη

236 5105 515 5174 συνάγεται
562 5112 643 5171 ιε’,
700 5105 871 5160 ταῦτά
916 5124 974 5160 τε
1019 5107 1152 5178 πρὸς
1194 5111 1306 5172 τοῖς
1354 5116 1456 5162 υοε¹
1517 5108 1713 5173 ἔτεσιν,
1757 5117 1798 5163 o'

234 5196 536 5268 ἐῶομάὸες.
583 5198 673 5269 Μὴ
702 5198 765 5271 δή
794 5216 878 5262 τις
904 5200 1052 5270 ἡμᾶς
1093 5201 1212 5253 κατ’
1246 5201 1607 5271 ἀστρονομίαν
1642 5200 1797 5272 ἀριθ-

236 5289 346 5359 μιῖιν
375 5290 638 5363 ἀπείρους
678 5287 815 5346 εἶναι
843 5292 1126 5363 νομιζέτω,
1155 5291 1261 5359 τξε¹
1316 5293 1541 5366 ἡμερῶν
1580 5293 1672 5348 καὶ
1701 5311 1795 5347 τε-

230 5382 419 5455 τάρτου
451 5384 641 5456 μορίου
674 5385 1063 5457 προτεταχέναι
1093 5385 1282 5457 αὑτήν.
1311 5385 1446 5438 Οὐδὲ
1469 5385 1576 5457 γὰρ
1602 5384 1794 5456 ἀγνοίᾳ

232 5476 318 5529 τού
348 5477 601 5547 ἀληθοῦς,
627 5476 716 5532 διὰ
739 5478 795 5532 δὲ
824 5478 921 5548 τὴν
960 5477 1309 5547 λεπτολογίαν
1338 5477 1398 5531 τὸ
1426 5475 1792 5549 ψηφιζόμενος)

235 5570 604 5640 συνετέμομεν.
637 5571 765 5633 Τοῖς
807 5569 864 5622 δὲ
913 5572 999 5623 ἐπ’
1032 5570 1256 5642 ἀκριϐὲς
1294 5570 1470 5623 πάντα
1514 5569 1791 5641 πειρωμέ-

233 5674 336 5724 νοις
364 5660 657 5727 ἐξετάζειν,
692 5663 787 5716 καὶ
818 5662 961 5716 τοῦθ’
992 5662 1067 5724 ὡς
1100 5664 1158 5716 ἐν
1190 5665 1375 5734 γραφῇ
1411 5660 1788 5732 παρακείσθω.

1902 4826 2052 4881 titios
2077 4825 2237 4880 annis
2276 4834 2401 4881 octo
2426 4825 2659 4880 evolutis
2699 4822 2871 4878 Graeci
2916 4820 3200 4890 Judzeique
3233 4820 3477 4891 interpo-

1901 4929 2073 4974 nant:
2108 4928 2232 4974 octo
2265 4918 2530 4988 siquidem
2553 4918 2674 4986 'per
2709 4914 2958 4970 undecim
2993 4928 3116 4967 cum
3170 4914 3475 4985 quadrante

1900 5008 2062 5065 ducta
2133 5010 2369 5080 spatium
2430 5010 2702 5065 trimestre
2765 5019 3121 5080 componunt.
3176 5008 3317 5064 Anni
3372 5008 3475 5061 ita-

1900 5121 2007 5176 que
2041 5105 2148 5161 4⁸75
2176 5122 2272 5176 per
2298 5106 2553 5160 octennia
2570 5106 2639 5161 59
2664 5115 2718 5160 et
2746 5122 2964 5161 menses
2986 5115 3097 5160 tres
3111 5106 3429 5159 dividuntur
3455 5124 3469 5159 :

1899 5215 1965 5253 ex
2001 5200 2378 5255 trimestribus
2407 5199 2589 5268 itaque
2624 5200 2923 5268 unicuique
2952 5196 3270 5254 octoeteridi
3305 5197 3474 5262 inter-

1903 5291 2096 5346 calatis
2124 5292 2251 5347 anni
2282 5292 2599 5361 quindecim
2664 5293 3016 5362 colliguntur,
3062 5306 3202 5361 quos
3232 5289 3278 5343 si
3311 5287 3474 5345 annis

1899 5382 2004 5437 475
2032 5382 2307 5438 addideris
2329 5425 2345 5449 ,
2382 5383 2551 5439 dubio
2586 5384 2778 5454 procul
2818 5382 3188 5437 hebdomades
3218 5378 3284 5432 70
3318 5377 3475 5432 colli-

1899 5491 2014 5543 ges.
2050 5474 2222 5530 Nemo
2257 5479 2444 5548 itaque
2491 5492 2592 5531 nos
2638 5491 2736 5532 ceu
2787 5474 3076 5546 praeceptis
3122 5472 3475 5525 astronomiae

1898 5585 2088 5639 parum
2128 5571 2370 5625 imbutos
2412 5578 2644 5640 arguat,
2670 5569 2765 5638 qui
2798 5583 3005 5622 annum
3044 5565 3236 5620 diebus
3284 5562 3389 5617 ’565
3418 5568 3475 5618 et

1899 5661 2203 5732 quadrante
2252 5663 2505 5732 componi
2537 5662 2651 5733 jam
2704 5660 3033 5722 statuimus;
3085 5670 3195 5709 non
3227 5670 3293 5709 ex
3326 5656 3471 5709 veri-

233 5755 353 5810 tatis
414 5756 618 5827 quippe
671 5756 927 5823 inscitia,
994 5758 1242 5831 quinimo
1300 5759 1600 5828 exquisitas
1660 5759 1842 5828 potius
1903 5760 2253 5815 astronomiae
2308 5760 2570 5815 minutias
2632 5756 2863 5822 sectati,
2922 5754 3148 5809 relatam
3200 5763 3470 5819 summam

296 5919 428 5993 (71‘)
464 5920 625 5981 Forte
649 5924 753 5996 leg.
782 5923 899 5998 ἔτη,
926 5926 1031 5996 vel,
1057 5924 1239 5999 ἕτερα,
1271 5925 1647 5984 subintellecto
1676 5925 1791 5998 ἔτη.

1914 5936 2085 5986 terum
2114 5944 2222 5987 non
2258 5943 2428 6003 purus
2456 5925 2669 5985 videtur
2700 5926 2874 5984 locus.
2909 5923 3063 5981 Eutr.
3085 5921 3328 5980 PATBOL.
