4006 6356
495 347 558 403 9i
1428 410 1435 420 _
1766 343 2001 401 IULIUS
2044 342 2448 405 AFRICANUS.
3654 353 3725 409 92

494 460 549 515 in
605 459 751 514 hunc
802 459 1020 514 modum
1074 456 1429 513 subduximus
1469 474 1483 510 :
1521 458 1912 515 accuratiorem
1966 475 2096 516 vero
2144 461 2382 517 omnium
2437 462 2683 517 notitiam
2733 463 2987 536 consequi
3023 463 3269 535 cupidis,
3305 463 3448 533 quod
3486 464 3730 535 sequitur

492 556 657 614 etiam
695 566 950 627 tanquam
988 556 1044 612 in
1085 554 1267 611 tabula
1302 563 1744 626 repraesentetur.

555 671 645 731 Ill.
686 677 971 733 Annorum
1003 680 1389 751 unusquisque
1435 681 1648 737 dierum
1699 684 1923 739 omnino
1961 683 2060 740 565

2239 682 2313 735 I".
2351 680 2424 735 Τδ
2463 681 2561 752 μὲν
2598 679 2720 745 ἔτος
2768 677 2971 734 ἐπίπαν
3002 676 3112 750 (72)
3146 676 3376 731 ἕκαστον
3408 674 3555 730 ἐστὶν
3601 676 3743 747 ἡμε-

482 781 775 822 numerum
802 769 1081 843 intercipit
1109 789 1121 826 :
1158 772 1267 827 diei
1296 788 1425 828 vero
1456 783 1513 829 et
1555 775 1731 831 noctis
1761 776 1940 846 spatio
1971 792 2067 847 per

483 856 976 917 decemnovennale
1008 863 1327 926 distributo,
1358 865 1666 935 quinariam
1704 866 1824 936 ejus
1860 875 2064 937 partem

483 947 821 1006 dividentem
849 968 973 1007 esse
1017 954 1373 1024 percipimus.
1399 953 1624 1010 Interim
1659 971 1792 1011 vero
1816 972 1941 1012 cum
1969 972 2067 1012 au-

487 1055 615 1095 num
643 1043 837 1100 diebus
863 1043 990 1110 565,
1014 1055 1069 1100 et
1112 1047 1415 1115 quadrante
1440 1048 1730 1118 componi,
1773 1057 1831 1104 et
1859 1065 1926 1104 ex
1972 1049 2066 1104 de-

486 1137 939 1191 eemnovennalis
970 1138 1272 1208 quotientis
1304 1139 1554 1209 partibus
1582 1140 2062 1210 quinque..........

483 1234 611 1295 post
637 1243 813 1284 annos
846 1229 977 1296 475,
1009 1230 1127 1286 dies
1156 1246 1252 1286 sex
1293 1246 1418 1285 cum
1468 1231 1769 1301 quadrante
1811 1248 1879 1287 ex
1906 1248 2064 1303 aequo

483 1319 885 1389 respondentes
936 1331 1240 1392 emergunt.
1287 1321 1516 1394 Insuper
1547 1339 1675 1380 vero
1700 1339 1945 1380 mensem
1975 1324 2063 1379 lu-

485 1426 675 1466 narem
705 1413 820 1468 dies
852 1414 920 1469 99
942 1423 996 1469 et
1025 1416 1266 1470 medium
1300 1417 1366 1471 ad
1401 1418 1725 1473 numerandi
1752 1419 2066 1490 exquisitio-

418 1510 427 1517 '
482 1516 597 1555 rem
626 1505 872 1573 peritiam
893 1506 1171 1562 includere
1186 1508 1516 1577 reperimus,
1550 1509 1770 1580 dieique
1792 1526 1858 1567 ac
1884 1511 2062 1568 noctis

484 1592 772 1651 intervallo
821 1597 876 1652 in
911 1609 1097 1668 partes
1147 1600 1255 1656 215
1299 1602 1594 1658 distributo
1618 1603 1813 1658 barum
1843 1604 1902 1657 7|
1935 1620 2060 1660 cum

485 1687 804 1744 inediam...
832 1706 955 1760 qua:
986 1693 1340 1762 nonagesima
1402 1702 1596 1764 quarta
1620 1694 1739 1749 “tria
1765 1694 2063 1752 conﬁciunt

484 1776 775 1835 habemus.
804 1781 869 1836 lit
898 1782 1012 1837 hac
1032 1783 1184 1838 brevi
1209 1786 1471 1854 temporis
1496 1787 1675 1856 spatio
1707 1788 2057 1858 colliguntur.

484 1869 569 1925 Ab
595 1872 914 1930 Artaxerxis
948 1883 1132 1931 autem
1164 1878 1378 1948 imperii
1427 1894 1574 1934 anno
1598 1880 1861 1951 vigesimo
1883 1880 2061 1952 (cujus

482 1961 687 2022 Esdras
712 1966 950 2026 Hebraeis
976 1971 1229 2028 laudatus
1261 1983 1456 2029 auctor
1481 1974 1634 2031 testis
1656 1975 1760 2047 est)
1791 1977 1884 2045 qui
1911 1975 2061 2032 Grae-

2173 774 2280 847 ρῶν
2304 773 2436 839 τξε’,
2466 773 2561 827 καὶ
2588 772 2802 845 ἡμέρας
2833 771 2926 825 καὶ
2959 769 3152 833 νυκτὸς
3198 769 3279 833 είς
3329 767 3743 822 ἐννεακαιδέκα-

2165 883 2258 921 τον
2286 866 2666 938 διαιρεθείσης,
2697 866 2836 938 μέρη
2860 863 3064 918 τούτων
3085 862 3155 916 τὰ
3174 861 3337 916 πέντε
3364 861 3496 934 (75).
3519 858 3741 927 Μεταξὺ

2166 959 2223 1013 δὲ
2252 959 2346 1012 τοῦ
2376 959 2552 1029 λέγειν
2578 958 2670 1012 τὸν
2718 957 2961 1012 ἐνιαυτὸν
2992 955 3213 1028 ἡμερῶν
3248 953 3376 1020 τξεν,
3410 952 3505 1006 καὶ
3543 968 3741 1023 τετρα-

2171 1051 2380 1123 μορίου,
2424 1052 2519 1105 καὶ
2563 1050 2673 1104 τῶν
2722 1049 2831 1104 ἀπὸ
2878 1048 2962 1115 ιϐ’,
3010 1050 3110 1120 τῆς
3164 1044 3509 1118 νυχθημέρου
3559 1042 3744 1115 μερῶν

2167 1151 2229 1197 ε’.
2251 1184 2264 1197 .
2285 1183 2300 1197 .
2323 1183 2336 1197 .
2357 1183 2372 1199 .
2405 1146 2487 1208 είς
2518 1144 2584 1198 τὰ
2624 1150 2748 1207 υοεν,
2785 1141 2987 1215 ἡμέραι
3016 1140 3078 1194 τὸ
3120 1138 3465 1211 παράλληλον
3506 1134 3613 1190 εἰσὶ
3661 1141 3740 1201 ς’,

2166 1238 2261 1290 καὶ
2289 1237 2663 1309 τετραμόριον.
2698 1236 2819 1288 Ἔτι
2856 1251 2919 1303 γε
2951 1233 3058 1305 μὴν
3086 1233 3177 1286 τὸν
3213 1233 3313 1304 τῆς
3341 1230 3569 1303 σελήνης
3595 1229 3745 1300 μῆνα

2165 1330 2305 1385 κατὰ
2347 1328 2446 1400 τὴν
2487 1328 2688 1399 ἀκριϐῆ
2734 1326 3086 1395 λεπτολογίαν
3120 1325 3451 1395 εὑρίσκομεν
3494 1321 3599 1387 κθ’,
3644 1320 3743 1375 καὶ

2163 1422 2420 1494 ἡμισείας
2464 1420 2677 1492 ἡμέρας
2711 1420 2804 1474 καὶ
2840 1420 3037 1482 νυκτὸς
3067 1416 3431 1488 διαιρεθείσης
3474 1416 3556 1479 είς
3597 1413 3742 1487 μέρη

2166 1512 2260 1578 σε’,
2302 1512 2505 1566 τοῦτων
2533 1511 2602 1566 τά
2629 1517 2691 1575 o',
2729 1506 2821 1564 κα)⁸
2845 1512 3037 1583 ἡμισυ.
3066 1549 3082 1565 .
3108 1549 3122 1564 .
3144 1547 3157 1561 .
3180 1547 3194 1562 .
3226 1506 3262 1560 ἂ
3294 1506 3497 1577 γίνεται
3526 1508 3742 1576 ὲννενη-

2164 1602 2559 1673 κοστοτέταρτα
2589 1600 2699 1671 (74)
2732 1599 2878 1672 τρία.
2907 1598 3017 1654 Καὶ
3047 1595 3220 1651 ταῦτα
3249 1596 3379 1665 περὶ
3404 1593 3586 1663 ὀλίγον
3614 1591 3744 1665 χρό-

2164 1714 2251 1752 νον
2283 1695 2649 1764 καταγίνεται.
2695 1692 2986 1764 Συμὸαίνει
3015 1691 3073 1746 δὲ
3104 1690 3212 1744 τῶν
3241 1690 3350 1746 ἀπὸ
3377 1685 3739 1759 Ἀρταξέρξου

2166 1789 2439 1863 βασιλείας
2467 1788 2619 1851 ἔτους
2641 1793 2687 1840 κ’
2735 1786 2830 1855 (ὡς
2860 1788 2917 1839 ὲν
2950 1783 3029 1855 τῷ
3062 1783 3267 1854 Ἔσδρᾳ
3300 1782 3430 1852 παρ’
3468 1778 3744 1850 Ἑϐραίοις

2163 1883 2300 1953 ὅπερ
2348 1880 2469 1934 καθ’
2527 1878 2792 1949 Ἕλληνας
2840 1872 2909 1949 ἦν
2966 1874 3324 1949 Ὀλυμπιάδος
3375 1870 3743 1943 ὀγδοηκοστῆς

2163 1973 2420 2044 τέταρτον
2465 1971 2602 2035 ἔτος,
2656 1970 2847 2042 μέχρις
2887 1969 3045 2022 ἓκτου
3092 1967 3184 2022 καὶ
3215 1966 3441 2020 δεκάτου
3488 1961 3742 2046 Τιϐερίου

491 2059 700 2114 οιιηίοαε
736 2058 1074 2133 Olympiadis
1100 2081 1303 2119 Lustv
1333 2075 1565 2135 quartus
1594 2066 1728 2129 fuit,
1771 2069 1838 2121 ad
1863 2066 2060 2123 Tiberii

2167 2058 2463 2130 Καίσαρος,
2501 2059 2639 2129 ὅπερ
2670 2053 2737 2129 ἦν
2779 2054 3134 2128 Ὀλυμπιάδος
3168 2051 3243 2126 σβ⁹
3309 2054 3426 2118 ἑτος
3468 2052 3744 2125 δεύτερον,

483 2150 719 2207 Caesaris
748 2169 954 2209 annum
986 2155 1260 2210 decimum
1306 2166 1519 2212 sextum
1543 2198 1557 2223 ,
1592 2158 1686 2227 qui
1726 2156 2060 2230 Olympiadis

480 2259 589 2300 colt
623 2260 768 2299 anno
794 2245 829 2300 4
872 2249 1102 2317 aqualis
1127 2256 1247 2315 est;
1290 2265 1466 2303 annos
1495 2247 1741 2306 Julianos
1767 2250 1872 2306 475
1898 2266 2062 2319 supra

482 2345 836 2402 ntemoratos,
865 2339 960 2409 qui
991 2337 1247 2395 ilebrmos
1276 2339 1382 2394 490
1402 2341 1559 2410 juxta
1603 2341 1882 2411 praemissa
1910 2357 2063 2396 com-

480 2437 716 2498 ponunt,
747 2443 1145 2499 numerantur,
1180 2433 1234 2487 id
1272 2442 1358 2487 est
1409 2433 1776 2489 hebdomades
1815 2434 1903 2501 70,
1938 2443 2065 2504 post

481 2536 623 2590 quas
651 2520 858 2576 Christi
911 2523 1181 2579 adventus
1211 2539 1242 2577 a
1287 2523 1540 2579 Gabriele
1570 2524 1757 2579 Daniel
1804 2540 2062 2594 praenun-

480 2610 649 2667 tiatus
706 2619 812 2666 est.
857 2610 1108 2667 ll'ebraici
1131 2628 1261 2667 vero
1306 2613 1436 2668 anni
1485 2612 1793 2684 quindecim
1826 2613 1946 2668 aliis
1968 2614 2064 2667 ad-

480 2701 638 2769 jecti,
666 2718 936 2758 annorum
966 2705 1157 2758 saltem
1192 2705 1257 2759 10
1294 2720 1536 2760 errorem
1583 2705 1708 2759 licet
1738 2705 2056 2759 nunnemini

480 2795 772 2851 rideantur
801 2796 1093 2863 invehere,
1123 2807 1269 2852 certe
1303 2798 1527 2852 dubium
1582 2797 1688 2853 hoc
1722 2796 1774 2850 in
1817 2797 2056 2851 medium

479 2889 620 2943 nihil
672 2890 896 2946 absurdi
948 2889 1193 2960 proferre
1262 2890 1521 2945 indubius
1575 2906 1718 2945 sum.
1770 2888 1841 2943 At
1894 2904 2058 2958 quam

480 2982 766 3037 commode
816 2982 1117 3038 hebdomas
1168 2998 1275 3038 una
1342 2992 1395 3037 et
1442 2983 1611 3037 altera
1649 2981 1824 3036 media
1871 2983 2059 3050 (quam

482 3073 550 3125 aJ
610 3073 828 3128 numeri
907 3073 1368 3142 complementum
1442 3073 1825 3128 assumendam
1884 3071 2063 3141 conji-

2167 2151 2590 2220 ἐπισυνάγεσθαι
2621 2150 2689 2204 τὰ
2719 2149 3095 2223 προειρημένα
3124 2155 3248 2214 uos’,
3276 2146 3312 2202 ἃ
3350 2148 3559 2215 γίνεται
3601 2143 3747 2200 κατὰ

2180 2243 2464 2315 Ἐϐραίους
2504 2243 2599 2315 ἔτη
2640 2249 2745 2310 υιί,
2774 2243 2849 2307 ὡς
2880 2243 3223 2315 προείρηται,
3250 2240 3394 2295 τοῦτ’
3434 2240 3549 2294 ἔστι
3583 2239 3740 2293 έὸδο-

2171 2335 2332 2408 μάδες
2359 2343 2420 2401 o',
2454 2335 2595 2389 καθὰ
2624 2335 3001 2407 προεφητεύθη
3030 2334 3108 2406 τῷ
3138 2334 3335 2404 Δανιὴλ
3359 2334 3464 2386 ὑπὸ
3495 2332 3593 2386 τοῦ
3627 2332 3740 2386 Γα-

2167 2428 2325 2501 ϐριὴλ
2375 2429 2407 2499 ἡ
2457 2428 2691 2499 Χριστοῦ
2727 2427 3016 2499 παρουσία.
3047 2429 3110 2481 Εί
3157 2427 3215 2480 δέ
3277 2443 3355 2491 τῳ
3402 2424 3649 2480 δοκεῖτὰ
3681 2432 3744 2479 ιε’

2167 2520 2262 2590 ἔτη
2306 2519 2374 2573 τὰ
2430 2520 2692 2592 Ἑϐραϊκὰ
2724 2519 2930 2591 πλάνην
2979 2520 3238 2590 ὲγγεννᾷν
3288 2520 3401 2590 μετ’
3434 2520 3616 2571 ἐκεῖνα
3662 2518 3747 2582 είς

2166 2613 2312 2682 ἡμᾶς
2337 2610 2430 2681 ἐτη
2469 2616 2497 2663 ι’
2544 2610 2656 2678 (Ἰὸ)
2714 2611 2900 2680 ἐγγὺς,
2934 2610 3026 2663 καὶ
3052 2610 3200 2662 οὐδὲν
3230 2611 3286 2661 ὲν
3312 2608 3460 2679 μέσῳ
3502 2607 3744 2680 παράδο-

2167 2699 2257 2767 ξον
2303 2701 2601 2775 ἱστόρηται.
2635 2701 2865 2755 Δύναται
2905 2701 2961 2753 δὲ
2993 2703 3025 2771 ἡ
3059 2701 3155 2771 μία
3186 2702 3279 2756 καὶ
3318 2703 3544 2773 ἡμίσεια
3589 2702 3746 2756 ἑϐδο-

2170 2793 2296 2866 μὰς,
2330 2796 2395 2866 ἣν
2428 2796 2520 2848 ἐπὶ
2559 2794 2835 2867 συντελείᾳ
2882 2794 3410 2867 παραλαμϐάνεσθαι
3453 2796 3562 2849 δεῖν
3606 2797 3744 2850 ὑπο-

2166 2887 2410 2957 νοοῦμεν,
2440 2890 2773 2959 παρηγορεῖν
2802 2887 2863 2940 τὺ
2888 2886 3312 2959 ἐπιζητούμενον
3338 2888 3443 2943 τῶν
3492 2895 3552 2943 ιε’
3582 2887 3743 2955 ἐτῶν,

2169 2979 2264 3032 καὶ
2296 2978 2571 3048 κουφίζειν
2603 2979 2693 3032 τὸν
2740 2979 2929 3054 χρόνον
2963 2978 3091 3050 (76),
3128 2981 3211 3034 ὅτι
3239 2997 3299 3033 τε
3340 2976 3745 3052 συμϐολικώτε-

2171 3088 2262 3144 ρον
2289 3073 2345 3125 αἱ
2377 3073 2700 3144 προφητεῖαι
2732 3072 3146 3143 ὲξενηνεγμέναι
3195 3072 3522 3143 τυγχάνουσι
3562 3070 3740 3142 δῆλον.

480 3165 726 3237 cimus),
791 3166 858 3222 de
906 3167 1066 3222 annis
1121 3168 1191 3222 15
1245 3168 1532 3239 qumstioni
1573 3167 1729 3224 facta:
1782 3168 2099 3233 medeatur,
2153 3177 2207 3222 et
2255 3170 2548 3222 terminum
2600 3168 2791 3222 reddat
2842 3168 3187 3233 breviorem,
3243 3184 3352 3222 uno
3391 3167 3553 3222 verbo
3610 3182 3746 3223 con-

480 3261 899 3317 summationem
933 3264 1213 3319 abbreviet
1240 3305 1254 3328 ,
1277 3265 1423 3334 quod
1463 3265 1762 3334 prophetiae
1791 3265 2050 3337 symbclis
2081 3263 2336 3319 involuta),
2364 3261 2590 3333 proferri
2624 3263 2852 3327 soleant,
2881 3263 3107 3317 omnino
3141 3262 3485 3317 manifestum
3519 3271 3668 3330 puto.

554 3354 642 3410 lV.
703 3357 846 3412 Sane
896 3367 1159 3428 quantum
1189 3358 1434 3413 minerva
1482 3359 1670 3423 dedit,
1711 3357 2052 3429 Scripturam

2228 3358 2298 3410 Δ’.
2342 3358 2565 3411 Ὁπόσον
2587 3356 2643 3409 δὲ
2676 3356 2760 3426 ἐφ’
2795 3359 2945 3428 ἡμῖν,
2964 3357 3159 3426 ὀρθῶς,
3188 3350 3360 3426 οἶμαι,
3393 3354 3492 3424 τὴν
3522 3350 3743 3426 Γραφὴν

484 3455 633 3499 recte
660 3461 748 3499 me
776 3446 1086 3516 percepisse
1113 3447 1351 3501 arbitror
1380 3464 1393 3499 :
1417 3446 1854 3516 quandoquidem
1884 3444 2060 3515 ipsum

482 3538 552 3590 de
593 3536 805 3592 visione
862 3539 1069 3593 dictum
1127 3539 1440 3610 praecedens
1495 3538 1737 3594 calculos
1770 3551 1961 3592 omnes
2006 3537 2062 3591 in

485 3644 758 3683 summam
802 3631 1049 3698 redigere
1075 3631 1310 3695 videtur,
1335 3630 1494 3699 cujus
1516 3630 1700 3685 verbis
1726 3628 1918 3699 primis
1946 3628 2023 3682 ait
2046 3646 2061 3682 :

406 3716 423 3743 ’
485 3717 715 3774 Inanno
748 3720 904 3774 tertio
956 3722 1103 3792 regni
1150 3720 1521 3789 Balthasar‘;
1577 3720 1779 3790 quibus
1808 3720 1874 3775 de
1912 3720 2062 3789 regni

484 3810 806 3878 Persarum,
853 3812 1169 3868 Graecorum
1206 3813 1376 3868 armis
1428 3813 1638 3868 excidio
1688 3814 1940 3882 (quorum
1973 3828 2062 3867 re-

482 3922 650 3976 gnum
692 3916 987 3976 utrumque
1031 3906 1217 3960 arietis
1271 3914 1325 3960 et
1371 3905 1507 3960 hirci
1562 3905 1733 3974 ﬁgura
1786 3903 2062 3975 designat)

482 3997 850 4052 vattcinatur:
889 3994 1247 4066 Sacriﬁcium,
1281 3997 1479 4066 inquit,
1518 3996 1751 4063 tolletur,
1783 4006 1833 4049 et
1880 4007 2065 4050 sancta

481 4091 535 4142 in
560 4091 1008 4145 conculcationem
1037 4091 1242 4144 deserta
1275 4091 1422 4160 ﬁent,
1448 4105 1565 4160 qua:
1583 4090 1762 4143 diebus
1793 4088 1933 4144 2500
1958 4090 2065 4143 cir-

482 4184 900 4236 camscribentur
929 4185 972 4237 ’.
1012 4182 1106 4238 Die
1138 4197 1378 4252 namque
1418 4182 1471 4235 in
1519 4197 1763 4236 mensem
1814 4197 1845 4236 a
1904 4182 2063 4237 nobis

481 4282 752 4344 rrputato,
778 4284 941 4344 prout
979 4274 1370 4344 pr0pbetarunt
1405 4274 1543 4329 lucis
1575 4275 1696 4330 aliis
1742 4275 1858 4330 dies
1892 4291 2065 4329 anno-

480 4384 605 4422 rum
636 4367 755 4422 vice
781 4408 796 4433 ,
831 4375 887 4431 et
943 4367 1140 4422 iterum
1177 4367 1308 4422 alibi
1340 4367 1553 4422 diversa
1601 4368 1670 4422 ab
1719 4367 1806 4423 bis
1852 4367 2063 4422 ratione

483 4470 812 4528 sumuntur;
857 4460 1061 4516 diebus
1113 4462 1314 4532 pariter
1352 4461 1603 4533 superius
1657 4460 1971 4516 memoratis
2005 4461 2060 4515 in

481 4569 701 4610 menses
727 4554 985 4620 redactis,
1019 4570 1048 4609 a
1084 4566 1240 4625 capta
1290 4552 1589 4609 Jerusalem
1630 4555 1697 4609 ad
1743 4554 2060 4610 Artaxerxis

482 4658 691 4698 annum
718 4643 1042 4712 vigesimum
1070 4659 1341 4699 summam
1375 4660 1589 4699 omnem
1623 4652 2057 4699 consummatam

2164 3449 2488 3521 ἐδεξάμεθαο
2518 3449 2638 3501 ἐπεὶ
2667 3449 2760 3503 καὶ
2787 3446 3157 3519 συναιρεῖσθαί
3195 3464 3313 3511 πως
3340 3444 3618 3517 ἡγουμένη
3645 3444 3749 3515 τῆς

2164 3541 2428 3605 ὀπτασίας
2455 3542 2724 3614 περικοπὴ
2756 3540 2920 3604 δοκεῖ,
2947 3534 3013 3611 ἧς
3045 3540 3077 3609 ἡ
3107 3539 3276 3610 ἀρχή·
3311 3537 3401 3590 Ἔν
3433 3537 3550 3590 ἔτει
3571 3535 3748 3604 τρίτῳ

2164 3632 2275 3701 τῆς
2299 3633 2621 3698 ,ϐασιλείας
2654 3630 2972 3699 Βαλτάσαρ
2999 3647 3011 3659 ·
3045 3629 3172 3683 ἔνθα
3204 3628 3329 3700 περὶ
3360 3628 3456 3700 τῆς
3487 3625 3749 3698 καθαιρέ-

2167 3742 2304 3789 σεως
2332 3726 2433 3796 τῆς
2465 3724 2689 3798 Περσῶν
2718 3725 2896 3797 ἀρχῆς
2935 3725 3026 3794 ὑφ’
3073 3723 3339 3795 Ἑλλήνων
3375 3720 3648 3793 προδηλοῖ,
3676 3721 3745 3792 ἣν

2154 3817 2252 3871 διὰ
2284 3816 2378 3871 τοῦ
2414 3816 2567 3891 κριοῦ
2610 3817 2829 3871 καὶτοῦ
2864 3818 3070 3888 τράγου
3103 3813 3383 3886 προδηλοῖ·
3430 3813 3499 3867 ἸΙ
3539 3812 3743 3876 ουσία,

2164 3910 2351 3981 φησὶν,
2383 3912 2421 3979 ἠ
2452 3909 2701 3979 ἀρθεῖσα
2741 3909 2837 3963 καὶ
2879 3911 2950 3962 τὰ
2996 3907 3131 3979 ἅγια
3174 3904 3618 3977 ἐρημωθήσεται
3649 3906 3741 3970 εἰς

2164 4000 2574 4071 καταπὰτημα,
2605 4000 2754 4068 ἅπερ
2809 4002 2897 4066 εὶς
2917 4000 3018 4064 ,Εἶτ’
3050 3997 3273 4067 ἡμέρας
3307 4011 3744 4067 περι-τραφείη-

2166 4110 2279 4146 tat.
2313 4093 2376 4145 Et
2411 4092 2520 4163 γὰρ
2545 4094 2625 4155 είς
2660 4090 2803 4162 μῆνα
2852 4090 2953 4161 τὴν
3000 4090 3211 4163 ἡμέραν
3257 4086 3634 4158 λογισαίμεθα,
3666 4086 3746 4151 ὡς

2167 4181 2403 4252 ἀλλαχοῦ
2439 4181 2582 4235 κατὰ
2619 4180 2952 4252 προφητείαν
2995 4182 3074 4245 εἰς
3117 4181 3395 4244 ἐνιαυτοὺς
3440 4181 3495 4233 αἱ
3538 4177 3745 4251 ἡμέραι

2168 4272 2707 4344 παραλαμϐάνονται,
2740 4272 2834 4325 καὶ
2861 4272 3035 4337 ἄλλως
3075 4271 3350 4342 ἀλλαχόθι,
3381 4269 3746 4334 ἀναλώσαντες

2163 4363 2363 4434 ὁμοίως
2376 4367 2489 4429 τοῖς
2503 4365 2607 4434 πρὸ
2620 4363 2808 4417 τούτου
2821 4366 2899 4428 είς
2915 4366 3086 4435 μῆνας
3095 4365 3218 4428 τοὺς
3237 4363 3572 4438 Ἐϐραϊκοῦς,
3588 4361 3749 4434 εὖρο-

2168 4474 2266 4527 μεν
2285 4457 2348 4510 ἂν
2368 4462 2414 4508 κ’
2447 4457 2546 4528 τῆς
2561 4456 2915 4529 ’Δρταξέρξου
2944 4457 3216 4529 βασιλείας
3240 4458 3348 4512 ἀπὸ
3376 4456 3473 4527 τῆς
3490 4456 3749 4521 ἁλώσεως

2174 4548 2527 4620 Ἰερουσαλὴμ
2562 4550 2975 4621 συντελούμενον
2999 4550 3087 4603 τὸν
3106 4549 3314 4623 χρόνον.
3336 4550 3470 4618 Ἕτη
3491 4555 3599 4619 γάρ
3613 4557 3748 4601 ’συν-

2166 4639 2386 4709 άγονται
2423 4647 2561 4712 ρπε’,
2605 4642 2699 4695 κα)⁸
2730 4642 2975 4705 ἐνιαυτὸς
3007 4636 3087 4705 εἷς
3116 4643 3174 4694 ἐν
3216 4633 3260 4708 ᾧ
3288 4641 3389 4712 τὴν
3417 4638 3571 4694 πόλιν
3601 4638 3745 4692 ἐτεί-

482 4732 916 4789 observavimus.
943 4734 1084 4787 Anni
1116 4733 1382 4804 siquidem
1409 4735 1743 4806 colliguntur
1774 4736 1899 4802 l85,
1934 4737 2058 4805 qui-

2167 4751 2310 4806 χισεν
2354 4736 2384 4787 ὁ
2427 4734 2686 4806 Νεεμίας.
2734 4736 2872 4799 Τοὺς
2921 4731 3013 4790 οῦν
3047 4742 3201 4808 pug’,
3240 4736 3519 4797 ἐνιαυτοὺς
3563 4734 3744 4805 μῆνας

483 4824 590 4879 bus
622 4822 780 4888 alter,
811 4839 921 4894 quo
952 4821 1202 4879 Necmias
1242 4823 1363 4878 urbi
1395 4842 1612 4879 murum
1642 4827 2056 4897 circumposuit,

2165 4825 2490 4899 εὑρίσκομεν
2525 4828 2618 4900 ιβτ¹
2682 4828 3024 4901 Ἑϐραῖκοὺς,
3053 4830 3153 4900 τῆς
3194 4828 3477 4892 ὀκταετίας
3512 4826 3744 4881 άκολού--

483 4913 788 4970 addendus.
821 4913 1120 4970 Hebraicos
1170 4916 1354 4986 itaque.
1405 4932 1621 4973 menses
1674 4917 1836 4983 2300,
1885 4933 2057 4976 annos

2167 4920 2267 4983 θως
2303 4921 2431 4984 τοὺς
2451 4922 2588 4994 πρὸς
2612 4922 2819 4986 τούτοις
2842 4921 3174 4994 ἐμϐολίμους
3192 4924 3340 4994 τρεῖς
3370 4922 3542 4993 μῆνας
3568 4936 3744 4993 προσ-

482 5014 865 5077 computamus
892 5007 1013 5075 186,
1045 5023 1278 5078 quorum
1309 5010 1613 5065 octoerides
1635 5010 1861 5081 singulae
1899 5026 2056 5066 men-

552 5162 576 5196 "
601 5161 737 5217 Dan.
771 5177 895 5230 nit,
935 5162 986 5218 1.
1064 5164 1085 5195 ⁸
1116 5163 1370 5235 lbideiE,
1401 5163 1484 5220 Η.

2158 5012 2557 5086 λαμϐανούσης.
2630 5016 2763 5069 Ἀπὸ
2809 5015 2866 5069 δὲ
2928 5012 3286 5086 Ἀρταξέρξου
3340 5013 3460 5068 ὅθεν
3505 5015 3535 5067 ὁ
3580 5012 3746 5082 λόγος

555 5283 666 5359 (7‘2)
710 5281 783 5359 Τὸ
808 5282 927 5353 μὲν
955 5282 1092 5350 ἔτος
1128 5284 1370 5359 ἐπίπαν.
1408 5286 1740 5356 Frequentcs
1780 5304 1876 5359 per
1907 5290 2053 5346 hunc

2167 5290 2401 5347 Africani
2426 5289 2752 5347 sententiam
2780 5330 2794 5354 ,
2831 5297 2943 5343 tum
2976 5287 3064 5343 hic
3088 5328 3102 5351 ,
3135 5295 3257 5342 tum
3280 5285 3378 5341 lib.
3407 5301 3503 5340 vni
3554 5283 3629 5359 De
3654 5283 3750 5338 de»

481 5353 727 5432 Qiricani
772 5356 1268 5432 textummrespersi
1319 5353 1569 5432 errores,
1619 5353 1961 5432 Scalig'q'um
1996 5370 2057 5415 ut
2157 5372 2378 5418 monstr.
2399 5363 2745 5432 evang.,aliis
2762 5353 2940 5415 Verbis
2961 5359 3103 5428 apud
3122 5359 3419 5413 Eusebium
3438 5355 3751 5427 expositam

482 5426 772 5480 Animadv.
794 5441 917 5495 pag.
942 5423 1043 5479 261
1071 5423 1334 5499 scriberet
1357 5427 1726 5495 impulerunt:
1762 5423 1793 5481 ἷ
1817 5430 1926 5499 Εμο
1950 5430 2056 5487 ista
2157 5443 2413 5489 testatur.
2448 5423 2618 5488 Gela.

484 5512 595 5572 non
621 5511 1124 5572 assequemneque
1152 5498 1245 5572 qui
1272 5513 1336 5552 ea
1393 5500 1740 5572 somniabat,
1794 5498 2060 5572 intellige-

484 5566 598 5640 bat.
645 5565 758 5640 {Et
782 5565 1013 5640 inferius
1045 5585 1059 5620 :
1096 5586 1116 5620 ς
1154 5565 1291 5621 Mira
1321 5583 1449 5622 vero
1474 5570 1839 5639 discrepantia
1870 5565 2057 5640 dispu-

486 5637 722 5714 tationis
744 5637 923 5714 hujus
943 5654 1065 5693 cum
1115 5654 1179 5693 ea
1207 5654 1329 5709 quae
1361 5647 1453 5714 est
1480 5637 1748 5714 (ejusdem
1790 5637 2057 5714 Africani)

485 5705 543 5783 [η
573 5708 673 5783 lib.
700 5708 944 5783 ἀποδείξ.
969 5748 984 5772 ,
1017 5705 1331 5783 quanquam
1358 5705 1498 5764 idem
1529 5705 1623 5765 'sit
1650 5705 2052 5783 argumentum.

485 5774 725 5852 aninu
750 5774 984 5852 haecgut
1032 5774 1121 5836 hic
1166 5774 1417 5845 exstant,
1463 5797 1624 5835 nemo
1658 5774 1992 5852 assequitur.
2032 5804 2049 5835 ι

486 5844 743 5907 Petavius
771 5847 849 5907 De
871 5844 1041 5912 ἄσειν.
1108 5844 1409 5933 τοιπρηιὶι).
1434 5868 1533 5928 ιιι,
1559 5866 1681 5930 cap.
1699 5844 2055 5932 50,'eamdem

2232 5506 2344 5574 (75)
2385 5504 2461 5558 Τὰ
2496 5504 2692 5556 πέντε.
2728 5499 3087 5574 Cod._Barb.,
3118 5498 3196 5574 τά
3215 5500 3411 5574 πάντα.
3438 5497 3527 5574 lo.'_

2233 5570 2344 5646 (74)
2387 5570 3122 5646 μἘννειαηκοστοτέταρτας
3164 5570 3443 5642 Scaliger,
3519 5572 3746 5644 ὲννινηο

2165 5647 2353 5785 ’ωῖῖξῇ
2385 5644 2540 5784 1⁵Ἰὲτη
2567 5713 2619 5769 ι’.
2645 5712 2779 5785 end.
2809 5711 2997 5777 Barb.,
3027 5672 3122 5785 ξτη
3156 5713 3423 5768 διακόσια.
3457 5710 3536 5773 ι».
3727 5685 3730 5689 ’

2240 5783 2353 5861 (76)
2391 5787 2637 5876 Χρόνοιί.
2665 5784 2734 5875 ,Ρί
2767 5785 3011 5874 χρόνους.
3038 5783 3116 5840 In.
