4006 6356
446 382 519 445 95
1642 382 1887 441 JULIUS
1930 383 2347 441 AFRICANUS.

3613 383 3684 440 96

445 520 571 564 nam
600 519 724 561 cum
772 503 827 560 id
864 518 1002 573 Opus
1038 501 1358 573 jamdudum
1398 504 1645 573 perierit,
1682 523 1749 560 an
1798 523 1855 561 re
1884 523 2011 561 vera
2040 510 2086 568 Α
2115 524 2263 576 pore,
2295 517 2352 562 ut
2383 517 2537 561 notat
2566 505 2664 562 Dio
2696 504 2941 569 Cassius,
2964 503 3065 561 iste
3094 504 3390 575 imperator
3414 502 3682 574 plurimas

448 597 567 654 haec
592 594 724 653 Acta
762 594 1018 651 Africano
1065 594 1175 649 sint
1219 595 1561 662 ascribcnda,
1610 613 1854 654 asserere
1905 617 2015 656 non

447 688 663 755 ausim;
712 687 962 758 quamvis
999 686 1066 740 de
1111 700 1301 741 eorum
1355 687 1667 745 sinceritate
1715 692 1898 746 nullus
1936 693 2017 746 vi-

448 777 641 834 deatur
692 775 973 832 dubitandi
1032 775 1203 831 locus.
1254 774 1331 830 Ea
1385 793 1511 832 vero
1569 778 1897 848 proferimus
1948 797 2013 836 ex

450 867 770 935 Mombritii,
804 869 950 923 Surii
994 875 1050 923 et
1076 866 1296 922 Carduli
1339 869 1688 934 editionibus,
1725 887 1847 927 cum
1878 871 2014 927 duo-

449 961 553 1017 bus
583 976 717 1019 mss.
756 959 1036 1017 codicibus
1079 961 1405 1018 Colbertinis
1447 972 1502 1019 et
1548 981 1657 1020 uno
1706 964 2016 1020 Sorbonica:

450 1054 791 1110 bibliothecae
824 1054 1059 1110 collatis.
1124 1039 1147 1063 '

520 1141 585 1198 ll.
636 1162 655 1195 ι
691 1142 895 1199 Horum
924 1155 1235 1200 sanctorum
1267 1145 1385 1199 neci
1416 1146 1758 1202 occasionem
1789 1148 2017 1216 praebuit

449 1234 649 1291 vicinia
689 1236 1029 1291 celeberrimi
1078 1237 1222 1291 illius
1263 1237 1468 1307 palatii,
1496 1239 1639 1308 quod
1686 1239 1740 1294 in
1774 1240 1897 1294 villa
1926 1239 2019 1295 Ti-

450 1329 665 1383 burtina
707 1327 776 1383 ab
815 1328 1055 1382 Adriano
1110 1329 1432 1384 aediﬁcatum
1502 1330 1670 1386 fuisse
1733 1332 1885 1387 testis
1934 1341 2019 1388 est

452 1415 793 1489 Spartianus.
849 1416 986 1473 Cum
1047 1418 1192 1473 enim
1258 1419 1554 1490 imperator
1616 1420 1757 1475 hanc
1810 1421 2015 1492 regiam

450 1508 673 1565 domum
701 1525 865 1580 quam
908 1509 1012 1565 sibi
1051 1510 1116 1565 ad
1143 1510 1365 1565 delicias
1395 1519 1799 1577 construxerat,
1835 1513 2018 1568 nescio

450 1600 650 1671 quibus
678 1600 1047 1671 piacularibus
1087 1600 1426 1657 caeremoniis
1473 1601 1691 1656 lustrari
1736 1603 2013 1673 iussisset,

2117 602 2290 655 caedes
2322 599 2467 654 fecit.

2191 690 2281 749 lll.
2326 711 2344 743 ι
2390 692 2657 747 Caeterum
2715 689 2908 745 borum
2965 697 3267 759 martyrum
3313 686 3576 741 memoria
3622 685 3679 741 in

2117 782 2514 853 antiquissimis
2555 781 2863 851 quibusque
2906 778 3305 851 Martyrologiis
3353 777 3678 844 celebratur,

2117 876 2367 945 quamvis
2418 874 2646 929 diversis
2686 873 2898 928 diebus.
2953 870 3259 926 Romanum
3306 871 3504 940 quippe
3552 884 3680 923 cum

2116 966 2353 1021 Notkero
2389 982 2485 1022 eos
2529 965 2717 1020 recolit
2756 964 2843 1018 die
2891 963 2958 1018 18
2989 961 3148 1027 Julii,
3189 962 3445 1018 Babanus
3486 960 3574 1016 die
3608 960 3675 1014 21

2118 1057 2361 1129 ejusdem
2396 1057 2629 1122 mensis,
2662 1054 2943 1110 Usuardus
2992 1063 3045 1110 et
3090 1054 3208 1108 Ado
3247 1052 3334 1107 die
3380 1051 3442 1106 2|
3476 1052 3682 1108 mensis

2118 1150 2285 1207 Junii.
2340 1148 2397 1204 In
2446 1149 2532 1203 via
2574 1146 2858 1202 Tiburtina
2916 1153 3209 1217 supersunt
3255 1144 3434 1199 adhuc
3481 1143 3682 1198 rudera

2119 1242 2316 1297 veteris
2352 1241 2612 1305 ecclesiae,
2654 1249 2712 1293 ut
2742 1247 2925 1293 monet
2962 1238 3197 1308 Aringus
3231 1236 3364 1307 (8‘2),
3390 1249 3512 1304 qua:
3548 1234 3679 1288 olim

2119 1334 2221 1389 sub
2250 1349 2437 1388 eorum
2478 1333 2696 1387 nomine
2727 1329 2836 1385 Deo
2873 1338 3191 1384 consecrata
3229 1327 3422 1392 fuerat,
3450 1339 3682 1396 quaeque

2119 1425 2383 1481 hactenus
2408 1425 2491 1478 Ad
2514 1435 2705 1494 septem
2733 1424 2926 1493 fratres
2950 1419 3272 1476 vocabulum
3303 1417 3517 1473 retinet.
3546 1416 3680 1470 Eam

2118 1524 2297 1569 autem
2344 1514 2398 1569 in
2441 1529 2507 1569 eo
2549 1514 2670 1568 loco
2693 1518 3063 1567 constructam
3113 1507 3281 1566 fuisse
3326 1522 3434 1561 non
3465 1506 3679 1585 dubito,

2117 1622 2277 1679 quem
2315 1606 2598 1677 pontifices
2628 1610 2683 1659 in
2724 1604 2907 1670 Actis,
2944 1592 2980 1673 ς
3014 1617 3087 1666 ιν,
3112 1600 3195 1655 Ad
3231 1609 3425 1669 septem
3459 1596 3683 1651 Riotha-

451 1691 592 1747 hanc
629 1693 973 1749 occasionem
1019 1693 1301 1763 arripuere
1343 1694 1649 1749 sacerdotes
1681 1692 2017 1767 Symphoro-
2118 1711 2298 1766 natos,
2348 1700 2401 1755 id
2438 1707 2523 1754 est
2561 1698 2797 1753 violenta
2846 1706 3020 1752 morte
3063 1705 3390 1766 peremptos,
3426 1700 3486 1747 ut
3529 1696 3683 1746 notat

452 1798 570 1838 sam
612 1783 933 1851 incusandi,
967 1783 1104 1838 nihil
1136 1782 1360 1838 omnino
1390 1783 1493 1839 diis
1523 1784 1878 1854 placiturum,
1911 1788 2014 1845 nisi
2046 1859 2084 1865 _
2116 1792 2388 1849 Baronius
2414 1792 2547 1865 (8'5),
2576 1791 2935 1862 appellarunt.
2972 1808 2993 1842 ι

451 1874 603 1945 prius
633 1876 1002 1948 Sympborosa
1033 1885 1125 1931 aut
1162 1876 1231 1931 iis
1264 1875 1618 1943 sacrificaret,
1656 1887 1751 1932 aut
1781 1879 1897 1950 ipsa
1927 1896 2017 1936 sa-
2046 1859 2090 1914 Β
2188 1884 2304 1941 Huc
2334 1859 2515 1955 usque
2534 1859 2627 1938 vir—
2650 1859 2914 1938 eruditus.
2947 1880 3109 1935 Plura
3144 1894 3294 1944 vero,
3343 1885 3538 1949 praeter
3565 1873 3683 1929 Til-

453 1960 995 2037 critlcaretur.'Quod
1028 1970 1282 2024 ultimum
1311 1968 1602 2034 Adrianus,
1633 1985 1794 2041 quem
1827 1988 2016 2043 super-
2112 1977 2432 2034 lemontium
2459 1976 2593 2048 (8i),
2642 1973 2974 2045 praestabunt
3018 1969 3388 2036 Bollandiani;
3424 1968 3518 2039 qui
3558 1966 3682 2023 fuse

453 2059 808 2117 slitiosiorem
860 2078 925 2118 ex
981 2062 1103 2118 aliis
1150 2061 1271 2133 ejus
1321 2061 1569 2132 pluribus
1621 2061 1783 2121 factis
1844 2065 2019 2122 fuisse
2114 2085 2215 2141 pro
2264 2084 2418 2125 more
2469 2078 2630 2139 atque
2676 2073 2929 2122 accurate
2983 2064 3116 2120 satis
3161 2078 3224 2118 ea
3267 2060 3452 2116 omnia
3496 2059 3682 2116 discu-

453 2160 685 2216 constat,
718 2161 1005 2209 exsecutus
1049 2161 1133 2208 est
1180 2152 1400 2209 circiter
1430 2169 1633 2209 annum
1659 2154 1864 2212 Christi
1892 2158 2017 2234 1‘20,
2118 2163 2259 2217 tiunt
2282 2161 2416 2233 (85),
2448 2175 2570 2233 quae
2598 2158 2664 2215 ad
2688 2158 2885 2214 horum
2915 2164 3214 2228 martyrum
3240 2155 3375 2210 Acta
3409 2153 3682 2225 pertinere

453 2243 507 2300 id
528 2253 612 2302 est
639 2245 743 2303 sub
773 2246 983 2319 imperii
1027 2246 1111 2303 sui
1140 2244 1435 2317 primordia
1461 2263 1476 2300 :
1506 2262 1617 2317 quo
1644 2249 1851 2306 scilicet
1882 2260 2023 2307 tem-
2120 2260 2445 2308 noscuntur.

1175 2611 1665 2731 PASSIO
1745 2616 1865 2730 S.
1961 2611 2956 2730 SYMPHOROS/E

2122 2849 2195 2889 ΕΤ

1284 3007 1744 3098 SEPTEM
1822 3008 2428 3101 FILIOBUM
2500 3005 2820 3096 EJUS.

595 3196 636 3251 1.
690 3196 825 3252 Cum
876 3196 1200 3253 fabricasset
1240 3199 1514 3256 Adrianus
1562 3201 1840 3271 palatium,
1884 3209 1940 3257 et
1967 3202 2020 3257 id
2047 3216 2091 3273 ο
2123 3201 2416 3272 phorosam
2446 3214 2461 3252 :
2493 3200 2621 3271 Autj
2646 3215 2765 3253 cum
2817 3197 2943 3268 ﬁliis
2973 3196 3077 3250 tuis
3105 3195 3347 3265 sacriﬁca
3380 3195 3483 3249 diis
3506 3195 3681 3249 omni-

458 3291 708 3349 dedicare
731 3289 893 3345 vellet
927 3294 1032 3344 ritu
1073 3291 1168 3345 illo
1192 3290 1422 3355 nefario,
1454 3293 1817 3364 cmpissetque
1846 3296 2018 3350 sacri-
2120 3292 2439 3365 potentibus,
2475 3301 2567 3346 aut
2621 3301 2669 3346 te
2714 3293 2881 3362 ipsam
2916 3306 3034 3344 cum
3074 3288 3202 3359 [iliis
3238 3288 3342 3342 tuis
3385 3289 3681 3357 sacrificari

460 3386 598 3442 liciis
636 3383 901 3439 idolorum
934 3398 999 3437 ac
1020 3382 1326 3438 daemonum
1351 3387 1445 3453 qui
1480 3386 1534 3441 in
1569 3387 1726 3442 idolis
1753 3386 2019 3451 habitant,
2123 3383 2342 3454 faciam.
2374 3380 2537 3436 Beata
2570 3380 2936 3453 Symphorosa
2966 3377 3076 3449 (89)
3103 3376 3416 3448 respondit:
3442 3376 3508 3430 Et
3545 3376 3684 3432 unde

459 3478 698 3546 flagitare
744 3490 1033 3545 responsa,
1073 3476 1469 3544 responderunt
1511 3485 1566 3532 et
1592 3477 1703 3546 (86)
1737 3478 2019 3534 dixerunt:
2124 3475 2252 3528 mihi
2298 3482 2502 3527 tantum
2552 3472 2693 3539 boni,
2740 3481 2800 3525 ut
2845 3488 2937 3542 ego
2982 3486 3185 3525 merear
3218 3486 3335 3524 cum
3378 3470 3505 3540 ﬁliis
3554 3472 3682 3525 meis

465 3588 486 3620 σ
522 3569 892 3639 Sympborosa
933 3566 1093 3621 vidua
1124 3584 1245 3621 cum
1271 3579 1476 3638 septem
1529 3569 1654 3625 ﬁliis
1700 3570 1816 3625 suis
1856 3568 2025 3623 laniat
2124 3566 2304 3635 offerri
2349 3565 2520 3618 hostia
2547 3563 2653 3619 Deo
2676 3565 2702 3619 ?
2732 3563 3003 3618 Adrianus
3043 3562 3336 3631 imperator
3360 3562 3494 3617 dixit
3523 3580 3537 3617 :
3568 3560 3681 3633 Ego

460 3677 561 3717 nos
600 3660 842 3731 quotidie
890 3658 1192 3713 invocando
1225 3658 1394 3715 Deum
1451 3675 1633 3715 suum.
1686 3658 1793 3714 Ista
1844 3659 2026 3728 itaque
2121 3667 2170 3711 te
2227 3657 2331 3709 diis
2379 3656 2506 3710 meis
2537 3655 2831 3725 sacriﬁcari
2859 3653 3075 3722 faciam.
3119 3652 3280 3707 Beata
3313 3651 3679 3723 Sympborosa

459 3753 504 3807 si
548 3768 671 3809 cum
706 3752 835 3807 filiis
876 3750 994 3807 suis
1034 3752 1446 3818 sacrificaverit,
1502 3752 1872 3824 promittimus
1923 3763 2024 3805 nos
2119 3747 2396 3818 respondit
2424 3765 2438 3802 :
2466 3746 2554 3800 Dii
2594 3747 2669 3800 tui
2714 3762 2795 3800 me
2836 3747 2893 3799 in
2932 3744 3256 3811 sacri/icium
3304 3744 3536 3812 accipere
3576 3760 3684 3798 non

459 3846 643 3901 omnia
663 3853 923 3915 praestare
943 3861 1063 3914 quae
1081 3846 1284 3914 petitis.
1321 3865 1340 3894 ι
1379 3848 1531 3902 Tunc
1562 3845 1834 3900 Adrianus
1862 3841 2031 3913 jussit
2120 3847 2378 3909 possunt:
2406 3838 2496 3891 sed
2519 3837 2568 3890 si
2593 3852 2688 3905 pro
2723 3836 2929 3889 nomine
2969 3831 3169 3887 Christi
3196 3831 3291 3885 Dei
3324 3833 3422 3885 mei
3465 3833 3684 3886 incensa

458 3951 580 3991 eam
614 3936 780 3992 teneri
829 3952 951 3991 cum
987 3936 1146 4001 filiis,
1192 3949 1246 3993 et
1285 3938 1499 3994 blandis
1545 3951 1639 3993 eos
1682 3934 2025 3992 sermonibus

462 4028 779 4083 hortabatur
810 4036 870 4081 ut
897 4028 960 4081 ad
992 4028 1409 4083 sacriﬁcandum
1449 4028 1607 4083 idolis
1633 4025 2023 4082 consentirent.

461 4118 563 4172 Cui
624 4118 781 4172 beata
829 4116 1197 4189 Symphorosa
1259 4119 1397 4173 dixit
1447 4135 1460 4169 :
1523 4116 1616 4171 Vir
1665 4132 1806 4170 meus
1859 4114 2024 4170 Gelu-

461 4204 567 4259 lius
600 4206 731 4275 (87),
765 4222 886 4259 cum
916 4207 1088 4273 fratre
1119 4224 1215 4260 suo
1245 4208 1514 4270 Amantio,
1547 4207 1747 4260 tribuni
1791 4207 1868 4259 tui
1905 4222 2024 4259 cum

462 4305 653 4357 essent,
678 4313 772 4364 pro
802 4295 1001 4351 Christi
1038 4300 1246 4351 nomine
1266 4300 1411 4368 passi
1442 4308 1561 4351 sunt
1586 4298 1789 4351 diversa
1827 4297 2028 4366 suppli-

464 4387 569 4447 cia.
601 4401 664 4439 ne
691 4386 850 4439 idolis
877 4387 1229 4440 consentirent
1262 4389 1330 4440 ad
1358 4386 1760 4450 immolandum,
1794 4396 1841 4439 et
1873 4387 2026 4456 quasi

463 4476 586 4530 boni
618 4477 827 4531 athleta:
853 4478 1114 4531 dtemunes
1155 4485 1270 4530 tuos
1310 4478 1577 4531 moriendo
1612 4477 1868 4531 vicerunt.
1904 4476 2047 4540 Ele-,

2124 3930 2296 4000 fuero,
2339 3928 2460 3982 illos
2497 3928 2758 3981 dwmones
2806 3936 2921 3980 tuos
2962 3926 3129 3997 magis
3180 3940 3360 3979 exure.
3412 3922 3684 3979 Adrianus

2122 4019 2413 4089 imperator
2450 4017 2587 4072 dixit
2621 4034 2634 4069 :
2677 4015 2828 4086 Elige
2880 4016 2976 4070 tibi
3023 4031 3187 4069 unum
3215 4029 3279 4068 ea:
3318 4013 3521 4067 duobus
3549 4022 3681 4067 :aut

2126 4111 2372 4178 sacriﬁea
2397 4108 2500 4162 di-is
2531 4108 2679 4170 meis,
2723 4117 2813 4160 aut
2850 4105 2988 4159 malo
3013 4104 3226 4158 interitu
3259 4103 3479 4173 ﬁnieris.
3522 4102 3683 4157 Beata

2130 4198 2494 4270 Symphorosa
2534 4194 2856 4264 respondit:
2902 4192 2981 4248 Tu
3022 4194 3295 4247 existimas
3335 4193 3474 4263 quod
3519 4192 3685 4263 possit

2128 4295 2335 4348 animus
2362 4307 2504 4344 meus
2527 4288 2704 4359 aliqua
2742 4298 2936 4342 terrore
2971 4287 3190 4350 mutari,
3215 4302 3333 4339 cum
3366 4302 3456 4355 ego
3481 4285 3686 4339 deside-

2133 4400 2238 4438 rem
2280 4398 2398 4435 cnm
2437 4381 2547 4434 viro
2593 4396 2703 4433 meo
2735 4377 2938 4434 Cetutio
2979 4377 3124 4448 (90),
3159 4394 3309 4448 quem
3348 4392 3441 4446 pro
3484 4375 3687 4431 Christi

2131 4476 2339 4530 nomine
2363 4471 2694 4542 interfecisti,
2722 4472 3055 4543 requiescere.
3104 4468 3256 4523 Tunc
3281 4468 3551 4523 Adrianus
3582 4469 3687 4521 im-

463 4578 650 4639 gerunt
686 4570 828 4624 enim
857 4570 1025 4639 magis
1056 4567 1311 4623 decollari
1339 4585 1498 4639 quam
1529 4570 1687 4632 vinci,
1713 4571 1855 4633 passi
1887 4585 2028 4621 mor-
2060 4552 2102 4606 Ῑ)
2127 4576 2344 4639 perator
2375 4565 2541 4635 jussit
2584 4579 2702 4619 eam
2744 4562 2868 4618 duci
2908 4561 2975 4617 ad
3016 4560 3202 4615 fanum
3231 4559 3496 4624 Herculis,
3523 4567 3577 4613 et
3610 4557 3686 4612 ibi

466 4650 601 4722 tem;
638 4674 754 4728 quo:
783 4675 878 4728 pro
906 4660 1114 4713 nomine
1140 4658 1338 4714 Christi
1384 4668 1641 4727 suscepta,
1684 4660 1820 4712 inter
1857 4658 2027 4711 homi-

466 4763 554 4802 nes
593 4759 825 4803 terrenos
855 4749 1063 4818 quidem
1107 4750 1451 4819 ignominiam
1492 4750 1566 4803 eis
1598 4751 1793 4819 peperit
1832 4758 2028 4818 tempoo

466 4839 651 4904 ralem,
692 4840 829 4892 inter
856 4840 1066 4909 angelos
1100 4857 1220 4894 vero
1246 4841 1401 4895 decus
1425 4850 1473 4894 et
1503 4841 1728 4911 gloriam
1756 4843 2029 4903 sempiter-

466 4945 619 4995 nam,
668 4931 803 4984 inter
834 4948 962 5000 quos
1003 4947 1140 4984 nunc
1177 4933 1494 5001 gradientes,
1516 4943 1563 4987 et
1602 4941 1799 5000 tropum
1825 4933 2031 4999 passio-

467 5038 593 5076 num
637 5037 855 5075 suarum
901 5023 1085 5076 dantes
1136 5022 1269 5092 (88),
1320 5039 1437 5075 cum
1488 5033 1681 5077 reterno
1734 5020 1873 5088 Rege
1920 5021 2028 5073 vita

469 5122 669 5172 attenta
695 5113 944 5182 fruuntur
971 5116 1027 5167 in
1051 5115 1214 5169 cretis.

540 5204 606 5261 ll.
645 5205 917 5261 Adrianus
964 5205 1258 5276 imperator
1298 5206 1434 5261 dixit
1479 5206 1545 5260 ad
1587 5214 1829 5259 sanctam
1876 5202 2032 5275 Sym-

564 5338 653 5409 8‘2)
692 5339 904 5409 Aring.,
943 5338 1091 5393 Rom.
1130 5339 1327 5395 subter.
1355 5340 1449 5395 lib.
1475 5355 1547 5403 tv,
1577 5354 1696 5409 cap.
1732 5335 1811 5390 i7.

564 5410 652 5482 85)
693 5410 889 5482 [jarom
924 5410 1008 5482 ad,
1026 5426 1117 5464 an.
1152 5411 1275 5482 158,
1309 5411 1337 5482 §
1370 5412 1421 5465 5.

564 5478 655 5545 84⁷)
695 5480 931 5547 Tillem.,
959 5479 1116 5534 Mem.
1152 5480 1277 5534 eccl.
1312 5478 1443 5535 iom.
1477 5478 1538 5542 il,
1573 5495 1730 5549 pagg.
1752 5479 1877 5544 2H,
1907 5478 2029 5533 595.

541 5548 654 5621 (85)
692 5550 961 5615 Bnlland.,
985 5552 1105 5605 Act.
1144 5549 1244 5605 SS.
1286 5550 1430 5605 Junii
1475 5548 1607 5621 Ioni.
1639 5548 1726 5612 IV,
1758 5566 1879 5621 pag.
1907 5550 2028 5603 550.

469 5620 655 5748 50(86)
690 5620 891 5683 Confer
922 5621 1121 5677 Euseb.
1151 5622 1246 5676 lib.
1288 5638 1323 5678 ιι
1367 5622 1495 5676 Vita:
1525 5620 1882 5684 Constantin.,
1911 5636 2029 5689 cap.

542 5760 654 5830 (87)
694 5759 894 5832 Eorum
952 5762 1269 5818 memoriam
1324 5762 1609 5832 celebrant
1645 5759 2033 5832 Martyrologia

470 5830 538 5889 ad
567 5833 710 5890 diem
743 5831 805 5891 l0
828 5830 997 5904 Junii,
1037 5850 1147 5906 quo
1167 5833 1346 5917 etiam
1378 5833 1463 5893 die
1492 5831 1688 5891 Surius
1726 5830 2035 5888 et‘Bollau~

2126 4660 2303 4730 priino
2350 4657 2523 4727 alapis
2554 4657 2719 4723 (ζωαί,
2752 4666 2805 4711 et
2840 4663 2961 4726 post
3000 4655 3116 4710 haec
3157 4653 3365 4721 capillis
3406 4650 3685 4722 suspendi.

2129 4750 2234 4807 Sed
2266 4765 2389 4805 cum
2423 4749 2570 4804 nulla
2601 4750 2810 4804 ratione
2844 4747 3107 4815 nulloque
3134 4748 3325 4799 timore
3354 4753 3536 4812 posset
3563 4757 3688 4797 eam

2128 4858 2159 4896 a
2186 4842 2329 4896 bono
2355 4841 2632 4911 proposito
2680 4855 2961 4902 revocare,
2988 4838 3152 4909 jussit
3193 4852 3310 4888 eam
3363 4834 3581 4906 alligato
3617 4836 3686 4890 ad

2129 4933 2327 4988 collum
2363 4932 2565 5001 ingenti
2597 4947 2730 4986 saxo
2781 4932 2834 4985 in
2864 4930 3066 4985 flumen
3112 4927 3458 5003 praecipitari.
3508 4927 3683 4998 Cujus

2131 5041 2329 5094 corpus
2382 5026 2641 5095 colligens
2685 5024 2850 5079 frater
2898 5023 3018 5093 ejus
3043 5021 3338 5093 Engenius,
3369 5021 3687 5092 principalis

2129 5118 2295 5172 curiae
2322 5115 2651 5184 Tiburtinae,
2699 5117 2753 5171 in
2802 5117 3113 5171 suburbana
3162 5114 3405 5184 ejusdem
3454 5115 3690 5171 civitatis

2131 5207 2399 5278 sepelivit.

2130 5342 2277 5397 diani
2308 5357 2494 5397 corum
2520 5343 2648 5398 Acta
2686 5341 2958 5397 exhibent.
2987 5337 3043 5392 In
3076 5354 3179 5393 ms.
3212 5337 3524 5393 Colbertino
3551 5356 3564 5392 :
3598 5337 3689 5394 Vir

2131 5429 2273 5467 meus
2303 5411 2513 5468 Zoticus
2553 5431 2672 5466 cum
2718 5414 2884 5482 fratre
2922 5427 3017 5465 suo
3046 5408 3294 5464 Amantio
3346 5410 3554 5464 tribuno
3601 5420 3690 5463 tuo

2131 5500 2248 5537 cum
2279 5496 2447 5537 essent
2474 5483 2645 5547 ambo,
2672 5494 2776 5538 etc.

2207 5553 2316 5623 (88)
2356 5554 2489 5609 Cod.
2539 5553 2771 5609 Colbert.
2800 5592 2815 5615 ,
2870 5559 3067 5621 tropwa
3115 5550 3421 5622 passionum
3471 5565 3690 5603 suarum

2135 5621 2432 5675 laudantes.

2156 5632 2432 5678 nudantes.

2206 5694 2316 5765 (89)
2360 5692 2497 5765 Haec
2519 5694 2800 5762 responsio
2838 5708 2960 5749 cum
2992 5693 3237 5763 sequenti
3273 5689 3689 5761 interrogatione

2135 5763 2371 5818 deest'in
2405 5764 2524 5819 cod.
2553 5765 2885 5819 Colbertino.

2208 5835 2318 5906 (9U)
2361 5834 2507 5904 Sur.,
2562 5836 2828 5896 Cardulus
2886 5844 2940 5894 et
2991 5828 3688 5897 cod.Colbertin.,Zotico.
