4006 6356
262 360 355 416 101
843 354 1116 414 SPURJA.
1150 385 1222 399 -
1257 357 1346 412 DE
1380 353 1609 413 REBUS
1634 350 1951 409 PERSICIS
1987 348 2165 407 POST
2193 349 2553 408 CHRISTUM
2586 347 2851 406 NATUM.
3383 354 3492 412 1οᾶ

260 492 425 548 μενον,
476 472 583 546 ἰδίᾳ
635 474 806 547 σαρκὶ
860 477 1128 549 τρέφοντα
1191 477 1322 548 (10).
1377 475 1574 541 Καλῶς
1623 475 1818 546 έφητεε

1936 474 2056 544 rigo
2099 474 2216 528 haec
2277 487 2434 543 aquae
2485 487 2778 543 perennem
2831 470 3058 542 spiritus
3113 470 3502 545 scaturiginem

260 565 488 621 Τέκτονα
532 565 648 637 ἔχει
675 566 864 639 ἐκείνη
887 585 900 597 ·
949 568 1061 622 ἀλλ’
1091 568 1190 622 οὐκ
1213 571 1279 623 ὲκ
1318 567 1509 639 λέχους
1552 567 1665 621 ῐσον
1713 567 1818 638 (11)

1929 563 2211 637 profundit
2235 606 2250 631 ,
2290 578 2413 633 quae
2446 563 2669 619 nonnisi
2707 564 2932 619 unicum
2970 564 3028 619 in
3057 579 3118 620 se
3144 565 3351 635 piscem
3374 584 3508 621 con-

256 657 417 715 τίκτει
439 656 532 712 τδν
558 658 813 713 τέκτονα.
845 653 1013 725 οὗτος
1036 659 1142 733 γὰρ
1168 663 1197 715 ὁ
1228 660 1566 732 γεννώμενος
1598 660 1818 723 τέκτων,

1932 657 2087 719 tinet,
2133 655 2436 711 divinitatis
2487 656 2652 711 hamo
2684 665 2927 725 captum,
2975 664 3141 727 atque
3185 658 3502 714 universum

254 750 284 805 δ
304 748 393 803 τοῦ
433 750 804 822 τεκτονάρχου
848 755 977 816 παῖς
999 792 1014 818 ,
1062 752 1153 806 τὸν
1187 751 1543 825 τρισύστατον
1594 749 1818 824 οὐρανοῦ

1930 748 2196 804 mundum
2225 762 2332 802 non
2364 761 2545 812 secus,
2576 762 2641 803 ac
2668 747 2715 803 si
2754 747 2810 802 in
2841 748 2979 803 mari
3014 757 3183 818 esset,
3213 765 3378 805 carne
3404 766 3505 807 sua

255 839 438 915 ιροφον
465 843 790 915 ἐτεκτόνησε
820 846 1113 912 πανσόφοις
1138 845 1380 914 τέχναις,
1422 845 1522 918 τὴν
1548 844 1794 916 τρικάτοι
1811 873 1826 884 ο

258 952 343 991 κον
368 936 577 1007 ταύτην
607 937 888 1005 στεγοτίδα
922 937 1031 1009 (12)
1061 937 1203 1008 λόγῳ
1234 937 1430 1009 πήξας.

1930 840 2279 897 nutrientem.
2331 840 2494 895 ﬂecte
2547 839 2785 904 dixistis,
2826 840 3001 911 ipsam
3058 841 3215 897 fabro
3260 842 3504 912 junctam

1931 947 2073 988 esse.
2117 929 2236 985 Non
2267 938 2447 986 tamen
2487 946 2554 986 ex
2577 931 2683 987 isto
2712 932 2969 1002 conjugio
3000 934 3264 1004 aequalem
3291 934 3391 1004 ipsi
3425 936 3504 990 fa-

258 1030 407 1087 brum
443 1031 612 1101 parit.
658 1031 766 1087 Iste
808 1033 957 1087 enim
991 1033 1084 1103 qui
1134 1034 1399 1100 nascitur,
1456 1031 1629 1098 faber,
1692 1032 1972 1087 fabrorum
2018 1027 2279 1099 principis
2329 1035 2413 1083 est
2448 1026 2628 1095 ﬁlius,
2693 1029 2785 1098 qui
2824 1028 3036 1084 infinita
3088 1045 3187 1085 sua
3234 1033 3503 1101 sapientia

260 1140 562 1195 supremum
621 1126 750 1181 οωιὶ
795 1127 1009 1181 tholum
1052 1127 1358 1183 fabricatus
1405 1136 1509 1193 est,
1546 1127 1821 1198 simulque
1857 1123 2139 1196 tripliciter
2199 1122 2512 1178 distinctam
2577 1124 2719 1179 hanc
2771 1123 3082 1181 inferiorem
3110 1126 3499 1183 habitationem

260 1219 411 1275 verbo
445 1232 554 1272 suo
586 1217 845 1273 ﬁrmavit.

316 1309 582 1380 Ἔμειναν
618 1309 749 1378 γοῦν
793 1309 863 1364 τὰ
902 1310 1193 1383 ἀγάλματα
1240 1311 1643 1382 φιλονεικοῦντα
1694 1313 1823 1384 περὶ

252 1401 424 1474 Ἥρας
455 1403 555 1456 καὶ
582 1403 774 1475 Πηγῆς
794 1404 890 1457 καὶ
918 1403 1212 1476 ὁμοφώνως
1238 1406 1346 1477 (15)
1366 1402 1515 1459 εἷπον
1532 1422 1545 1436 ·
1580 1406 1824 1477 Πληρου-

250 1494 411 1565 μένης
436 1494 541 1565 τῆς
569 1495 782 1566 ἡμέρας
812 1496 876 1549 τὸ
921 1497 1085 1565 σαφὲς
1124 1497 1325 1562 πάντες
1357 1499 1451 1551 καὶ
1483 1500 1653 1552 πᾶσαι
1682 1516 1823 1567 γνω-

251 1585 469 1657 σόμεθα.
498 1586 615 1639 Νῦν
643 1584 755 1651 οὖν,
785 1587 1039 1652 δέσποτα,
1070 1589 1404 1662 παράμεινον
1425 1590 1488 1644 τὸ
1512 1589 1694 1644 λοιπὸν
1720 1591 1820 1661 τῆς

250 1680 476 1750 ἡμέρας.
524 1679 751 1742 Πάντως
794 1679 905 1751 γάρ
941 1679 1061 1750 ἥξει
1090 1681 1150 1735 τὸ
1183 1683 1431 1754 πρᾶγμα.
1462 1682 1537 1737 Τὸ
1561 1682 1670 1756 γὰρ
1699 1684 1829 1737 ἀνα·-

248 1771 418 1840 κύψαν
449 1770 556 1824 οὐκ
586 1770 702 1824 ἐστι
726 1770 787 1824 τὸ
815 1773 994 1842 τυχόν.

306 1947 613 2011 Μείναντος
643 1948 701 2001 δὲ
742 1949 840 2002 τοῦ
888 1947 1144 2019 βασιλέως
1193 1950 1310 2003 ἐκεῖ
1356 1949 1451 2004 καὶ
1495 1947 1822 2021 θεωροῦντος

246 2041 306 2094 τὰ
346 2040 667 2111 ἀγάλματα,
715 2041 1035 2111 αὐτομάτως
1079 2044 1134 2095 αἱ
1182 2041 1542 2116 κινυρίστριαι
1587 2042 1697 2114 (14)
1724 2043 1823 2114 ἧρ-

247 2129 398 2195 ξαντο
429 2129 655 2202 κρούειν
692 2130 789 2194 τὰς
821 2131 1046 2203 κινύρας
1079 2131 1187 2203 (15)
1208 2172 1223 2197 ,
1266 2134 1325 2187 αἱ
1353 2133 1409 2186 δὲ
1432 2133 1645 2187 Μοῦσαι
1674 2134 1820 2204 ᾄδειν

245 2225 335 2278 καὶ
376 2225 484 2278 ὅσα
526 2219 600 2295 ἦν
648 2222 796 2276 ἔνδον
853 2224 1154 2296 τετράποδα
1186 2226 1281 2278 καὶ
1322 2224 1540 2279 πετεινὰ
1587 2226 1823 2297 ἀργυρόα

242 2334 437 2389 χρυσα,
474 2316 705 2370 ἕκαστον
745 2314 846 2389 τὴν
885 2316 1019 2372 ίδίαν
1044 2317 1329 2372 ἀπέστειλε
1359 2318 1560 2390 φωνήν.
1613 2317 1718 2371 Τοῦ
1763 2317 1820 2370 δὲ

244 2407 508 2478 βασιλέως
549 2408 944 2479 φρικιάσαντος
981 2410 1072 2463 καὶ
1117 2410 1239 2464 ὅλου
1281 2410 1446 2479 φόϐου
1489 2409 1837 2485 πλησθέντοςα

238 2499 474 2572 ἡμελλεν
487 2503 819 2572 ἀναχωρεῖν.
849 2501 962 2555 Οὐκ
981 2501 1141 2574 ἔφερε
1170 2502 1277 2573 γὰρ
1302 2500 1393 2554 τοῦ
1417 2500 1819 2572 αὐτοματισμοῦ

238 2590 330 2644 τὸν
367 2592 627 2662 τάραχον.
665 2590 827 2658 Λέγει
860 2587 953 2645 οὖν
989 2592 1138 2663 αὐτῷ
1166 2595 1195 2646 ό
1229 2591 1438 2664 ἱερεύς·
1486 2593 1816 2663 Ἀνάμεινον,

240 2683 486 2755 βασιλεῦ.
539 2683 784 2756 Πάρεστι
835 2682 943 2755 γάρ
980 2684 1161 2739 τελεία
1193 2684 1559 2755 ἀποκάλυψις,
1595 2686 1660 2756 ἣν
1687 2683 1821 2748 Θεὸς

240 2774 380 2828 θεῶν
402 2775 700 2844 σαφηνίσαι
726 2776 862 2845 ἡμῖν
886 2773 1191 2845 ᾑρετίσατο.

315 2866 534 2921 Τούτων
558 2867 616 2920 δὲ
652 2865 795 2920 οὕτω
831 2866 1125 2938 λεχθέντων
1152 2867 1424 2939 διήνοικτο
1445 2869 1473 2921 ό
1496 2867 1693 2940 ὄροφος
1726 2869 1822 2924 καὶ

244 2952 511 3022 κατῆλθεν
546 2954 726 3026 ἀστὴρ
772 2953 1021 3027 λαμπρὸς
1050 2956 1144 3009 καὶ
1183 2955 1311 3026 ἔστη
1350 2956 1531 3010 ἐπάνω
1561 2957 1663 3027 τῆς
1695 2961 1823 3029 στή-

245 3044 347 3118 λης
386 3046 484 3116 τῆς
525 3046 739 3117 Πηγῆς,
788 3046 883 3099 καὶ
928 3045 1076 3117 φωνὴ
1124 3046 1365 3119 ἠκούσθη
1407 3048 1664 3120 τοιαύτηο
1719 3050 1819 3102 Δέ-

249 3151 447 3188 σποινα
488 3134 668 3205 Πηγὴ,
723 3135 752 3186 ὁ
794 3133 969 3204 μέγας
1008 3133 1190 3199 Ἥλιος
1219 3134 1504 3188 ἀπέστειλέ
1534 3152 1623 3205 με,
1662 3134 1823 3207 μηνῦο

2000 1302 2092 1359 Sic
2120 1302 2306 1373 itaque
2346 1311 2540 1358 statuae
2571 1301 2779 1359 diutius
2815 1304 2882 1360 de
2919 1303 3137 1360 Junone
3162 1316 3217 1361 et
3258 1305 3503 1364 Scaturi-

1926 1393 2052 1465 gine
2066 1393 2487 1450 altercabantur.
2517 1393 2756 1450 Tandem
2778 1395 3023 1451 unanimi
3050 1412 3185 1452 voce
3210 1398 3496 1456 dixerunt:

1925 1489 2202 1560 Completa
2233 1489 2320 1545 die
2353 1491 2732 1561 unusquisque
2769 1500 2831 1570 et
2860 1507 3201 1564 unaquaeque
3243 1503 3492 1550 nostrum

1924 1581 2042 1637 haec
2073 1582 2220 1637 clare
2256 1582 2537 1653 intelliget.
2577 1580 2734 1639 Nunc
2767 1584 2978 1655 itaque,
3011 1585 3230 1641 domine
3279 1586 3375 1652 mi,
3409 1603 3500 1642 re-

1932 1675 2141 1745 liquum
2199 1673 2306 1729 diei
2358 1674 2448 1729 hic
2494 1688 2768 1745 exspecta.
2828 1676 3064 1732 Omnino
3108 1678 3254 1733 enim
3305 1694 3389 1735 res
3424 1680 3497 1736 ita

1928 1764 2161 1829 eveniet,
2188 1778 2289 1818 nec
2316 1763 2538 1834 vulgare
2564 1764 2865 1837 quidquam
2899 1776 3004 1835 est,
3035 1768 3183 1838 quod
3199 1768 3359 1825 modo
3383 1785 3501 1824 ma-

1848 1866 1895 1926 n
1922 1854 2228 1910 nifestatur.

1992 1943 2137 2015 Rege
2173 1944 2358 2015 itaque
2398 1942 2510 1998 illic
2543 1953 2800 2000 manente
2827 1956 2882 2000 et
2908 1953 3118 2002 statuas
3147 1946 3494 2015 observante,

1921 2047 2110 2107 Sponte
2127 2052 2224 2092 sua
2242 2037 2563 2108 cinyristriae
2578 2045 2860 2107 coeperunt
2882 2039 3099 2110 cinyras
3116 2040 3356 2109 pulsare,
3377 2039 3497 2095 Mu-

1921 2144 2105 2199 saque
2127 2139 2368 2196 cantare,
2386 2140 2440 2186 et
2459 2137 2729 2200 quotquot
2753 2129 2808 2184 in
2839 2131 3040 2199 templo
3053 2140 3229 2195 erant,
3254 2133 3497 2203 quadru-

1919 2223 2076 2293 pedia
2104 2230 2156 2278 et
2184 2223 2418 2277 volatilia
2436 2237 2571 2277 auro
2590 2230 2875 2291 etargento
2890 2223 3123 2293 sculpta,
3143 2227 3497 2294 unumquod-

1919 2328 2026 2383 que
2038 2328 2225 2369 vocem
2246 2330 2399 2368 suam
2426 2313 2692 2370 emittere.
2720 2314 2835 2369 Rex
2863 2315 2929 2369 ad
2973 2316 3088 2370 haec
3120 2314 3349 2372 horrore
3373 2334 3497 2374 cor-

1920 2414 2105 2475 reptus
2131 2413 2386 2475 totusque
2425 2414 2632 2461 terrore
2652 2407 2956 2476 perculsus,
2983 2406 3258 2478 cogitabat
3278 2409 3491 2465 disces»

1920 2510 2063 2551 sum.
2086 2495 2204 2551 Non
2239 2497 2383 2551 enim
2418 2496 2623 2553 ferebat
2649 2508 2964 2570 spontaneae
2985 2499 3148 2569 hujus
3171 2502 3498 2556 commotio-

1918 2588 2006 2643 nis
2033 2588 2346 2642 tumultum.
2373 2588 2463 2642 Ait
2494 2588 2675 2658 itaque
2700 2589 2770 2643 ad
2810 2590 2961 2643 illum
2988 2590 3246 2646 sacerdos
3273 2611 3287 2645 :
3314 2590 3493 2660 Mane,

1919 2678 2046 2731 rex!
2072 2677 2319 2731 imminet
2341 2678 2487 2731 enim
2521 2679 2683 2733 modo
2706 2680 2866 2749 plena
2889 2680 3085 2734 harum
3123 2696 3308 2737 rerum
3340 2699 3494 2740 reve-

1918 2767 2049 2824 latio
2068 2810 2082 2834 ,
2112 2784 2143 2823 a
2170 2768 2279 2824 Deo
2311 2768 2539 2845 deorum
2572 2771 2731 2825 nobis
2760 2771 3066 2840 pandenda.

1989 2854 2087 2911 His
2113 2857 2187 2911 ita
2218 2856 2376 2912 dictis
2410 2866 2656 2927 apertum
2686 2870 2768 2914 est
2791 2861 2973 2929 templi
3005 2869 3229 2928 tectum,
3269 2848 3495 2921 descen-

1919 2946 2107 3017 ditque
2137 2948 2293 3002 stella
2330 2949 2632 3019 splendida.
2661 2949 2778 3017 Qua
2816 2968 2978 3022 supra
3013 2954 3324 3010 columnam
3356 2957 3493 3014 Sca-

1919 3039 2170 3109 turiginis
2204 3049 2400 3108 stante,
2432 3041 2547 3097 liazc
2578 3057 2677 3096 vox
2707 3043 2889 3098 audita
2924 3053 3008 3100 est
3040 3063 3055 3099 :
3093 3044 3321 3103 Domina
3358 3048 3494 3107 Sca-

1920 3131 2131 3202 turigo!
2164 3129 2259 3186 Sol
2308 3147 2538 3201 magnus
2595 3133 2744 3189 misit
2785 3150 2872 3190 me
2908 3137 2972 3189 ad
3008 3135 3359 3194 indicandum
3394 3142 3495 3198 tibi

250 3225 343 3282 σαί
378 3244 458 3280 σοι
490 3227 606 3296 ἅμα
640 3225 732 3279 καὶ
754 3225 1067 3297 διακονῆσαι
1097 3227 1164 3281 τά
1196 3225 1335 3298 πρὸς
1361 3225 1537 3290 τόκον,
1561 3225 1818 3297 ἀμίαντον

1929 3220 2192 3291 simulque
2231 3222 2682 3291 ministrandum,
2724 3240 2847 3295 quae
2878 3226 2944 3281 ad
2973 3236 3190 3297 partum
3221 3242 3493 3300 spectant,

246 3319 420 3389 γάμον
454 3317 775 3388 ποιούμενος
812 3316 949 3388 πρὸς
980 3317 1060 3384 σὲ,
1117 3317 1291 3389 μῆτερ
1320 3316 1411 3370 τοῦ
1445 3316 1661 3389 πρώτου
1694 3318 1824 3372 πάν-

245 3428 348 3464 των
392 3411 503 3463 τῶν
537 3410 837 3481 ταγμάτων
862 3410 1142 3481 γινομένη,
1177 3409 1359 3482 νύμφη
1390 3409 1695 3482 τριωνύμου
1729 3428 1823 3482 μο-

248 3501 454 3564 νοθείας
482 3498 639 3556 οὖσα.
665 3501 925 3556 Καλείται
957 3502 1013 3555 δὲ
1036 3501 1098 3554 τὺ
1125 3502 1361 3573 ἄσπορον
1384 3500 1583 3572 βρέφος
1628 3503 1683 3555 Ἀ
1698 3501 1819 3575 ρχὴ,

248 3594 337 3648 καὶ
370 3579 542 3658 Τέλος
561 3633 575 3658 ,
621 3593 764 3665 ἀρχὴ
796 3594 894 3664 μὲν
926 3592 1228 3664 σωτηρίας,
1258 3590 1409 3655 τέλος
1431 3592 1489 3645 δὲ
1526 3592 1818 3657 ἀπωλείας.

310 3770 423 3825 Καὶ
454 3771 661 3840 ταύτης
692 3769 791 3841 τῆς
835 3770 1016 3842 φωνῆς
1060 3768 1304 3840 δοθείσης
1349 3767 1460 3840 (16)
1501 3768 1711 3824 ἅπαντα
1752 3770 1821 3826 τά

247 3863 536 3933 ἀγάλματα
580 3862 771 3916 ἔπεσον
802 3862 896 3916 ἐπὶ
931 3862 991 3916 τὸ
1025 3861 1343 3933 πρόσωπον,
1381 3861 1549 3931 μόνης
1578 3862 1677 3934 τῆς
1706 3863 1820 3933 Πη-

247 3956 341 4028 γῆς
379 3954 698 4026 ἱσταμένης,
743 3954 802 4008 ὲν
927 3953 1153 4025 εὓρηται
1205 3953 1378 4022 παγὲν
1429 3953 1663 4025 διάδημα
1707 3954 1818 4027 (17)

248 4045 542 4117 βασιλικὸν,
590 4044 712 4114 ἔχον
750 4045 934 4098 ἐπάνω
978 4044 1142 4098 αὑτοῦ
1187 4043 1248 4109 ἐξ
1271 4044 1538 4117 ἄνθρακος
1564 4046 1659 4101 καὶ
1690 4063 1822 4118 σμα-

250 4137 440 4211 ράγδου
493 4135 868 4207 λιθοκόλλητον
915 4136 1140 4209 ἀστέρα.
1208 4136 1491 4210 ’Υπεράνω
1541 4138 1598 4192 δὲ
1649 4138 1818 4211 αὐτῆς

243 4228 429 4282 Ιστατο
459 4229 489 4280 ὁ
516 4227 713 4298 ἀστήρ.

310 4320 463 4391 Ταχὺ
488 4319 548 4373 δὲ
578 4320 901 4393 προστάττει
926 4322 954 4374 ὁ
979 4319 1248 4391 βασιλεὺς,
1280 4319 1583 4389 εἰσενέγκαι
1611 4321 1818 4387 πάντας

248 4415 364 4478 τοὺς
398 4412 759 4485 σημειολῦτας
784 4415 877 4467 καὶ
912 4415 1128 4483 σοφοὺς,
1158 4414 1271 4466 ὅσοι
1298 4408 1436 4484 ἦσαν
1468 4412 1572 4466 ὑπὸ
1591 4414 1691 4486 τὴν
1719 4412 1816 4484 βα-

252 4506 448 4560 σιλείαν
488 4504 674 4559 αὐτοῦ.
713 4505 831 4559 Τῶν
858 4505 916 4559 δέ
941 4505 1199 4578 κηρύκων
1233 4508 1356 4568 ταῖς
1386 4503 1669 4575 σάλπιγξιν
1699 4507 1819 4559 ἐπι-

252 4598 581 4653 σπευδόγτων
624 4597 860 4661 πάντων,
909 4597 1269 4669 παρεγένοντο
1313 4596 1511 4661 πάντες
1552 4598 1610 4650 ἐν
1640 4597 1719 4670 τῷ
1751 4600 1817 4651 ἱε-

258 4692 345 4763 ρῷ.
416 4694 505 4756 Ὠς
553 4692 614 4746 δὲ
656 4687 795 4746 εἶδον
844 4690 935 4745 τὸν
982 4689 1189 4762 ἀστέρα
1232 4689 1416 4743 ἐπάνω
1462 4690 1561 4761 τῆς
1603 4690 1813 4762 Πηγῆς,

255 4786 341 4840 καὶ
380 4787 441 4840 τδ
487 4784 727 4856 διάδημα
753 4784 869 4855 ἅμα
890 4783 967 4855 τῷ
1002 4782 1189 4855 ἀστέρι
1235 4783 1330 4837 καὶ
1359 4781 1436 4853 τῷ
1464 4781 1615 4854 λίθῳ,
1650 4782 1718 4837 τά
1758 4783 1817 4837 δὲ

255 4877 533 4950 ἀγάλματα
557 4878 644 4930 ἐπ’
667 4876 898 4947 ἐδάφους
913 4875 1159 4947 κείμενα,
1192 4871 1345 4928 εἷπον
1369 4893 1383 4906 ο
1410 4874 1658 4939 Βασιλεῦ,
1693 4875 1818 4946 ῥίζα

257 4965 423 5031 ἔνθεος
455 4967 551 5022 καὶ
587 4964 836 5038 βασιλικὴ
868 4963 1125 5035 ἀνέκυψε,
1168 4966 1418 5037 οὐρανίου
1450 4966 1542 5020 καὶ¹
1573 4964 1815 5035 ἐπιγείου

257 5060 504 5130 βασιλέως
534 5060 859 5133 χαρακτῆρα
902 5058 1161 5131 φέρουσα.
1226 5058 1291 5112 Ἠ
1341 5057 1449 5131 γάρ
1499 5058 1656 5131 Πηγὴ
1695 5059 1816 5114 Μυ-

315 5283 422 5411 PO)
466 5281 579 5338 Pro
605 5280 872 5353 τρέφοντα
900 5293 1005 5336 ms.
1041 5285 1270 5348 uterque
1298 5276 1518 5359 exhibet
1542 5274 1810 5349 τρέφοντι.

338 5354 425 5411 ill
458 5352 565 5407 Pro
612 5352 800 5411 λέχους
842 5351 975 5411 ἴσον,
1016 5347 1162 5411 quod
1189 5364 1254 5402 ex
1282 5357 1598 5411 conjectura
1626 5355 1810 5411 postu<

338 5347 425 5426 11)
458 5352 565 5407 Pro
612 5347 800 5422 λέχους
842 5351 975 5426 ἴσον,
1016 5347 1162 5426 quod
1188 5347 1254 5402 ex
1282 5347 1598 5417 conjectura
1626 5355 1817 5426 postuf

251 5418 974 5490 lante'contextu'rcposui,
1016 5418 1073 5474 in
1116 5428 1346 5489 utroque
1390 5433 1495 5474 ms.
1539 5421 1817 5487 comparet

250 5503 545 5570 ωομξιτιεῐη
580 5491 873 5570 λεκουσῶγ·
948 5562 961 5570 .
1076 5560 1088 5570 .
1159 5567 1167 5570 _
1254 5558 1267 5570 .
1398 5568 1405 5570 _
1535 5557 1547 5570 .
1633 5556 1664 5570 _.
1748 5556 1761 5569 .

311 5564 424 5634 (12)
465 5563 591 5639 Xo:
630 5558 1222 5639 oreyo’:_ig,_i_nusitat:e
1246 5558 1360 5639 jam
1393 5558 1815 5639 terminationis,

245 5631 592 5710 abomnibus
615 5634 782 5710 etiam
820 5633 1031 5698 lesicis,
1059 5646 1181 5701 quae
1205 5631 1422 5710 quidem
1449 5631 1816 5710 οπο-ἱμείρεις,

244 5708 481 5773 exsulat;
533 5708 582 5761 si
609 5706 869 5775 genuina,
907 5697 1351 5780 certe_'pessimte
1369 5697 1820 5780 notg._lntelligjt

244 5786 417 5830 autem
466 5767 721 5846 auctor”
750 5789 848 5846 per
924 5767 1266 5846 τρικάτοικον
1348 5768 1626 5839 στεγοτίδα
1660 5808 1677 5836 ,
1747 5767 1819 5823 ’ἱά

237 5856 321 5904 est
354 5847 641 5921 tripliciter
672 5843 986 5903 distinctam
1017 5843 1443 5912 habitationem,
1469 5855 1691 5915 aquam,
1725 5853 1819 5896 ac-

1920 3312 2232 3383 impollutas
2272 3322 2451 3370 tecum
2497 3317 2715 3387 nuptias
2757 3317 3013 3385 initurus,
3058 3329 3231 3376 mater
3259 3324 3422 3393 primi
3462 3340 3496 3380 e

1921 3405 2132 3460 cunctis
2163 3406 2472 3472 ordinibus,
2511 3419 2566 3464 et
2614 3424 2815 3478 sponsa
2848 3411 3011 3467 unius
3054 3413 3371 3473 trinominis
3409 3417 3495 3472 di-

1919 3498 2193 3556 vinitatis!
2250 3498 2488 3555 Vocatur
2529 3511 2710 3557 autem
2764 3502 2944 3559 infans
2984 3518 3016 3559 a
3052 3513 3103 3560 te
3131 3505 3250 3562 sine
3286 3509 3496 3567 semine

1920 3591 2329 3662 concipiendus,
2357 3591 2693 3664 Principium
2724 3607 2780 3650 ct
2806 3595 2979 3662 Finis,
3010 3596 3340 3673 principium
3372 3602 3496 3671 qui-

1919 3682 2043 3736 dem
2074 3682 2287 3748 salutis,
2324 3682 2450 3739 ﬁnis
2478 3699 2607 3740 vero
2638 3686 2910 3742 interitus.

1989 3770 2201 3830 Emissa
2234 3775 2338 3830 hac
2365 3790 2520 3843 voce,
2558 3778 2782 3847 reliqua:
2812 3788 3004 3835 stature
3025 3795 3215 3838 omnes
3244 3783 3297 3837 in
3325 3782 3492 3840 facies

1920 3878 2049 3919 suas
2076 3874 2427 3935 proruerunt,
2471 3868 2587 3922 sola
2616 3868 2977 3941 Scaturigittis
3001 3881 3181 3926 statua
3224 3882 3490 3941 restante,

1920 3958 2514 4031 cuietiamimpositum
2543 3963 2835 4032 apparebat
2860 3964 3109 4019 diadema
3140 3966 3373 4036 regium,
3398 3966 3458 4022 af
3468 3996 3487 4008 -

1918 4049 2024 4106 ﬁxa
2051 4061 2362 4108 antrorsum
2389 4055 2543 4109 stella
2569 4071 2600 4110 e
2625 4055 2978 4123 carbunculo,
3007 4066 3062 4112 et
3086 4060 3376 4132 smaragdo
3407 4061 3493 4115 in-

1917 4143 2099 4214 signe;
2138 4143 2367 4217 desuper
2391 4161 2519 4202 vero
2574 4147 2751 4202 stella.
2797 4149 3014 4205 caelitus
3047 4150 3307 4213 demissa.
3345 4152 3490 4209 irra-

1917 4238 2120 4292 diabat.

1987 4328 2198 4397 Quibus
2227 4328 2408 4397 factis,
2429 4330 2714 4386 confestim
2739 4348 2834 4387 rex
2860 4347 3052 4389 omnes
3084 4334 3368 4405 signorum
3405 4335 3493 4391 in-

1917 4431 2181 4493 terpretes
2210 4439 2512 4494 omnesque
2550 4426 2843 4495 sapientes,
2886 4435 3156 4497 quotquot
3179 4425 3284 4480 sub
3316 4426 3491 4498 ipsius

1919 4515 2150 4586 imperio
2173 4524 2351 4582 erant,
2385 4519 2676 4573 convocari
2709 4516 2894 4586 jussit.
2931 4514 3285 4571 Praeconibus
3306 4518 3492 4588 itaque

1918 4611 2130 4666 cunctis
2159 4626 2282 4666 cum
2309 4610 2457 4667 tubis
2478 4623 2916 4681 quaquaversum
2939 4604 3260 4663 festinanter
3287 4606 3494 4677 ἀίει-εσσε

1916 4703 2015 4767 sis,
2044 4703 2197 4759 brevi
2220 4713 2466 4771 tempore
2495 4717 2686 4760 omnes
2715 4702 2769 4755 in
2800 4700 3059 4770 templum
3091 4707 3488 4755 convenerunt.

1916 4794 2019 4862 Qui
2050 4810 2174 4851 cum
2201 4796 2408 4851 stellam
2446 4792 2777 4865 Scaturigini
2801 4792 3175 4846 imminentem
3216 4790 3492 4862 simulque

1916 4888 2188 4954 diadema,
2223 4888 2379 4943 stella
2411 4902 2478 4944 ex
2520 4886 2792 4958 lapidibus
2824 4882 3079 4955 pretiosis
3109 4881 3358 4938 confecta
3397 4896 3492 4937 co-

1915 4996 2164 5046 ruscum,
2213 4996 2281 5037 ac
2333 4988 2636 5051 prostratas
2680 4977 2833 5034 humi
2862 4976 3103 5046 reliquas
3141 4990 3334 5031 omnes
3358 4974 3493 5030 deo-

1915 5086 2039 5126 rum
2075 5079 2284 5128 statuas
2312 5070 2597 5135 vidissent,
2642 5069 2937 5125 dixerunt:
2978 5064 3127 5122 Rex!
3178 5065 3359 5136 proles
3400 5080 3489 5121 re-

1917 5311 2032 5355 rem
2060 5305 2115 5352 et
2139 5304 2359 5360 terram,
2401 5309 2497 5350 ceu
2540 5292 2764 5348 totidem
2798 5291 2948 5346 orbis
2982 5288 3255 5360 terraquei
3281 5295 3488 5360 partes,

1915 5366 2386 5441 quarumquaevis
2416 5364 2720 5441 peculiares
2747 5363 2953 5417 incolas
2988 5362 3170 5416 habet.

2014 5438 2100 5509 15)
2130 5433 2231 5509 bis.
2262 5433 2510 5506 uterque,
2543 5433 2830 5509 ὁμοφώνω.

1914 5544 1937 5582 ι
1989 5503 2104 5582 (id)
2132 5506 2232 5582 his.
2262 5503 2507 5577 uterque,
2529 5503 2857 5582 κινύστριαι.

2007 5567 2121 5702 (16)
2158 5577 2259 5632 Ms.
2306 5567 2560 5646 uterque,
2600 5567 2855 5660 κιθάρας,
2885 5571 3130 5646 apposita
3165 5570 3221 5628 in
3247 5567 3492 5644 margine

2007 5662 2071 5702 La.
2119 5648 2382 5702 etrendum
2411 5661 2531 5702 esse
2556 5662 2801 5702 κινυοας.
2932 5662 2940 5679 υ

1917 5645 2071 5710 nota,
2099 5645 2382 5718 legendum
2411 5645 2531 5702 esse
2552 5645 2801 5718 κινύρας.
2932 5662 2940 5679 υ

2017 5665 2071 5710 a,
2099 5665 2148 5703 te
2184 5665 2382 5703 enuum
2411 5665 2531 5702 esse
2556 5665 2796 5718 κινυρας.

2015 5719 2102 5790 16)
2130 5665 2230 5790 ags.
2262 5728 2510 5788 uterque,
2538 5715 2796 5790 δοθήσης.

2023 5786 2103 5864 l7)
2125 5788 2225 5848 Ms.
2255 5786 2503 5861 uterque,
2531 5786 2791 5860 διάσημα.

2864 5944 2930 5954 ~04.
2944 5944 2949 5951 ι
