4006 6356
480 383 586 438 105

1763 376 2008 436 IULIUS
2049 378 2465 438 AFRICANUS.

3591 373 3698 435 ιω

481 500 591 570 gia,
617 494 798 553 divino
822 495 1042 551 numine
1080 495 1258 565 plena,
1298 494 1474 549 lucem
1509 494 1715 564 aspexit
1757 494 1923 561 illius,
1942 495 2036 566 qui

2143 496 2230 569 ρία
2250 497 2361 567 (18)
2378 498 2568 569 Πηγῆς
2597 499 2695 571 τῆς
2733 494 3145 571 Βηθλεεμίτιδος
3161 492 3269 565 (19)
3287 490 3403 547 ἐστὶ
3429 486 3691 561 θυγᾲτηρ.

482 590 679 646 coelum
709 598 1013 657 terramque
1037 587 1322 658 gubernat,
1357 586 1498 656 regis
1537 586 1851 641 charactere
1898 586 2035 641 insi-

481 680 653 752 gnita.
695 679 977 749 Scaturigo
1013 680 1157 733 enim
1188 677 1376 749 Myria,
1409 676 1767 747 Scaturiginis
1796 676 2039 733 Bethlee-

483 772 682 828 miticae
715 771 824 826 ﬁlia
847 780 949 826 est.
984 770 1236 824 Diadema
1282 769 1383 824 hoc
1436 769 1569 838 regii
1609 777 1762 824 ortus
1798 768 2034 839 signum,

482 864 636 920 stella
677 864 899 919 caeleste
956 862 1213 917 indicium
1251 870 1335 916 est
1374 861 1742 931 prodigiorum
1794 859 1848 914 in
1892 868 2035 916 terra

480 965 831 1028 patratorum.
866 953 1109 1024 Regnum
1149 968 1179 1008 e
1203 950 1340 1007 Juda
1389 951 1646 1017 surrexit,
1680 951 1825 1020 quod
1853 952 2037 1006 omnia

479 1050 789 1105 Iudaeorum
823 1054 1170 1103 monumenta
1209 1044 1429 1098 delebit.
1479 1042 1712 1097 Deorum
1745 1043 1800 1096 in
1838 1052 2038 1097 terram

478 1143 773 1213 prostratio
795 1140 1044 1204 honoris,
1067 1138 1159 1208 qui
1192 1137 1323 1206 ipsis
1345 1135 1720 1201 exhibebatur,
1765 1135 1926 1189 ﬁnem
1953 1134 2037 1189 in-

480 1237 618 1290 nuit.
657 1234 750 1288 Ille
784 1233 953 1296 enim,
990 1232 1083 1300 qui
1113 1228 1275 1283 modo
1311 1229 1582 1299 apparuit,
1620 1243 1743 1283 cum
1777 1227 1846 1283 sit
1879 1228 2039 1297 longe

479 1324 799 1396 antiquioris
819 1322 1118 1395 dignitatis,
1154 1321 1401 1390 juniores
1428 1333 1639 1387 ,omnes
1685 1320 1807 1373 loco
1853 1320 2037 1388 pellet.

477 1417 632 1472 Nunc
656 1417 852 1486 itaque,
877 1431 970 1475 rex
987 1454 1003 1479 ,
1024 1416 1172 1469 mitte
1187 1412 1597 1484 Jerosolymam.
1623 1410 1869 1468 Invenies
1893 1410 2037 1466 enim

477 1509 753 1564 Christum
778 1508 871 1563 Dei
884 1507 1287 1577 omnipotentis,
1302 1506 1651 1574 corporaliter
1666 1504 2041 1573 corporalibus

479 1603 719 1657 mulieris
748 1601 892 1656 ulnis
929 1609 1219 1670 portatum.
1240 1598 1436 1654 Mansit
1473 1607 1652 1653 autem
1694 1597 1847 1652 stella
1876 1610 2040 1666 supra

2142 588 2214 640 Τὸ
2237 588 2295 642 δὲ
2320 590 2555 661 διάδημα
2588 589 2859 659 βασιλικὸς
2888 588 3081 651 τύπος,
3111 588 3140 640 ὁ
3163 586 3221 640 δὲ
3248 583 3419 655 ἀστὴρ
3447 583 3696 652 οὐράνιόν

2140 680 2257 732 ἐστι
2300 682 2561 751 μήνυμα,
2608 680 2700 733 ἐπὶ
2740 680 2841 750 γῆς
2867 676 3390 751 τερατουργούμενον
3433 674 3563 746 (20).
3604 672 3698 741 Ἐξ

2154 770 2320 825 Ἰούδα
2349 771 2547 841 ἀνέστη
2572 770 2836 841 βασιλεία,
2875 771 2996 839 ἥτις
3035 769 3248 824 ἅπαντα
3284 766 3393 820 τῶν
3429 765 3699 825 Ἰουδαίων

2142 864 2324 934 ὲξαρεῖ
2360 863 2469 935 (21)
2511 864 2580 918 τὰ
2622 862 2955 934 μνημόσυνα.
2992 863 3066 915 Τὸ
3094 861 3150 914 δὲ
3177 861 3303 924 τοὺς
3331 860 3487 925 θεοὺς
3509 859 3696 929 ἐδαφι-

2144 952 2354 1023 σθῆναι,
2372 952 2521 1015 τέλος
2536 953 2634 1023 τῆς
2656 954 2818 1024 τιμῆς
2838 951 3014 1006 αὐτῶν
3034 950 3283 1021 ἔφθασεν.
3304 950 3360 1003 Ὀ
3372 949 3480 1022 γὰρ
3502 948 3694 1016 ἐλθὼν,

2142 1044 2513 1115 πρεσϐυτέρας
2542 1042 2696 1108 ἀξίας
2726 1043 2828 1108 ῶν,
2859 1043 3065 1106 πάντας
3088 1043 3213 1106 τοὺς
3243 1040 3527 1105 νεάζοντας
3553 1042 3698 1095 ἀναι-

2142 1136 2295 1206 ρήσει
2318 1135 2447 1206 (22).
2485 1135 2597 1188 Νῦν
2624 1130 2735 1200 οὖν,
2767 1134 3007 1206 βασιλεῦ,
3042 1135 3253 1206 πέμψον
3282 1137 3361 1199 είς
3403 1133 3698 1206 Ἰεροσόλυ-

2141 1227 2507 1299 μα.Εὐρήσεις
2522 1226 2632 1298 (9.5)
2648 1228 2755 1299 γὰρ
2776 1227 2867 1281 τὸν
2881 1227 3111 1298 Χριστὸν
3133 1226 3224 1280 τοῦ
3240 1227 3694 1298 παντοκράτορος,

2139 1319 2459 1391 σωματικῶς
2492 1324 2825 1391 σωματικαῖς
2852 1315 3116 1389 ἀγκάλαις
3137 1319 3471 1387 γυναικείαις
3499 1317 3696 1389 βαστα-

2140 1411 2379 1482 ζόμενον.
2402 1412 2618 1482 Ἔμεινε
2638 1412 2695 1465 δὲ
2718 1411 2931 1483 ὁάστὴρ
2954 1410 3136 1465 ἐπάνω
3149 1411 3246 1481 τῆς
3270 1410 3476 1481 Πηγῆς,
3504 1408 3695 1465 καλου-

2142 1503 2305 1574 μένης
2336 1503 2620 1574 Οὐρανίας,
2653 1503 2809 1573 ἄχρις
2832 1502 2896 1556 ἂν
2918 1502 3136 1572 ἐξῆλθον
3168 1503 3218 1555 οἱ
3251 1501 3431 1572 μάγοι,
3455 1501 3548 1555 καὶ
3572 1501 3696 1556 τότε

2144 1596 2257 1664 μετ’
2284 1594 2505 1648 ἐκείνων
2537 1593 2825 1667 ἐπορεύθη.

480 1693 891 1762 Scaturigiuem,
916 1707 1037 1762 qua:
1054 1691 1304 1748 Caelestis
1335 1690 1475 1747 dicta
1492 1700 1594 1758 est,
1636 1689 1820 1745 tandiu
1846 1689 2019 1744 donec
2046 1686 2185 1758 magi
2199 1687 2596 1757 egrederentur,
2620 1695 2854 1757 tuncque
2882 1686 3043 1742 simul
3068 1702 3189 1742 cum
3205 1686 3308 1741 illis
3322 1685 3559 1756 profecta
3587 1693 3694 1742 est.

546 1786 823 1841 Profundo
875 1800 1038 1855 porro
1094 1798 1315 1854 vespere
1383 1785 1630 1855 apparuit
1656 1785 1750 1849 .'_’in
1831 1784 2034 1853 templo

2220 1782 2483 1852 Ἐσπέρας
2505 1782 2561 1835 δὲ
2590 1781 2808 1851 βαθείας
2840 1782 3008 1854 ἐφάνη
3045 1783 3104 1835 ὲν
3151 1781 3230 1853 τῷ
3277 1780 3404 1854 ίερῷ
3444 1780 3697 1847 Διόνυσος

478 1878 740 1944 Bacchus,
782 1879 932 1934 solus
965 1877 1172 1947 absque
1216 1886 1477 1932 consueto
1511 1874 1826 1947 Satyrorum
1868 1875 2037 1932 comi-

2143 1872 2197 1925 οὐ
2233 1873 2371 1943 μετὰ
2404 1872 2509 1926 τῶν
2540 1872 2814 1944 Σατύρων,
2844 1872 3015 1942 λέγων
3037 1876 3147 1937 τοῖς
3178 1873 3503 1945 ἀναθήμασι·
3535 1872 3696 1946 Πηγὴ

476 1982 613 2039 tatu,
647 1971 890 2042 dixitque
909 1970 1105 2025 statuis
1127 1968 1373 2034 deorum,
1407 1966 1822 2045 ibidem‘dicatis
1853 1985 1865 2021 :
1899 1966 2034 2022 Sca~

478 2067 656 2136 turigo
708 2078 813 2119 non
845 2071 927 2118 est
971 2076 1075 2115 una
1114 2061 1179 2115 de
1226 2059 1403 2125 nobis,
1436 2058 1529 2114 sed
1565 2059 1721 2129 longe
1750 2074 1851 2116 nos
1883 2068 2037 2115 ante-

476 2159 641 2222 cellit,
679 2157 950 2212 hominem
982 2154 1220 2224 pariens,
1265 2151 1462 2207 divina:
1498 2152 1662 2208 sortis
1693 2152 2031 2222 participem.

476 2249 716 2320 Prupupi
770 2247 1063 2304 sacerdos!
1106 2243 1237 2314 quid
1278 2243 1364 2297 hic
1394 2242 1596 2298 diutius
1632 2243 1898 2298 moraris?
1927 2243 2034 2299 Ac-

477 2342 573 2407 tio,
608 2341 698 2396 diu
725 2340 838 2410 jam
878 2336 1093 2406 scriptis
1126 2336 1462 2405 consignata,
1511 2334 1667 2390 nobis
1704 2334 2031 2399 intendetur,

479 2445 509 2485 a
537 2443 764 2499 persona
801 2437 1021 2482 strenua
1058 2424 1343 2480 mendaces
1379 2439 1687 2490 arguemur.
1722 2423 1852 2489 Quae
1879 2423 2036 2480 dece-

477 2519 679 2589 pimus,
716 2516 1050 2587 decepimus.
1093 2515 1224 2582 Qua:
1262 2515 1628 2585 regnavimus,
1670 2516 2032 2584 regnavimus.

477 2608 592 2663 Non
626 2609 858 2678 amplius
895 2621 1153 2677 responsa
1197 2606 1412 2660 damus.
1448 2603 1675 2659 Ablatus
1702 2614 1784 2659 est
1812 2620 1842 2659 a
1879 2604 2036 2660 nobis

477 2701 672 2768 honor,
713 2699 926 2772 inglorii
958 2709 1013 2754 et
1052 2698 1483 2768 contemptibiles
1521 2696 1650 2753 facti
1691 2713 1900 2753 sumus.
1943 2696 2039 2753 Est

478 2809 641 2858 unus,
666 2793 757 2862 qui
787 2792 1026 2848 debitum
1050 2790 1150 2846 sibi
1181 2791 1281 2845 soli
1303 2790 1507 2845 cultum
1536 2805 1566 2844 a
1602 2789 1757 2844 nobis
1783 2788 2037 2844 omnibus

479 2883 727 2938 resumit.
757 2880 1024 2937 Caeterum
1061 2879 1172 2933 noli
1204 2877 1431 2933 turbari.
1461 2876 1577 2932 Non
1599 2878 1831 2948 amplius
1859 2876 2037 2933 Persa:

476 2974 544 3030 de
574 2984 716 3028 terra
764 2981 819 3027 et
852 2986 976 3026 aere
1007 2972 1207 3026 tributa
1252 2971 1487 3041 exigeut.
1537 2968 1640 3036 Qui
1679 2969 1823 3024 enim
1851 2968 2039 3023 statuit

480 3067 699 3131 tributa,
726 3065 844 3135 ipse
873 3065 1047 3126 adest,
1085 3064 1359 3119 actionum
1389 3062 1586 3118 tributa
1619 3062 1690 3128 ei,
1720 3060 1815 3131 qui
1843 3075 1903 3115 se
1935 3059 2038 3114 mi-

477 3156 572 3220 sit,
616 3162 1014 3225 reportaturus.
1047 3152 1327 3223 antiquam
1377 3151 1665 3222 imaginem
1711 3149 2032 3212 reformans,

2135 1965 2235 2019 οὐκ
2255 1964 2368 2018 ἔστι
2402 1964 2499 2035 μία
2528 1964 2589 2029 ἐξ
2612 1963 2789 2034 ἡμῶν,
2820 1964 2934 2018 ἀλλ’
2982 1965 3121 2037 ὑήρ
3161 1966 3306 2036 ἡμᾶς
3345 1964 3692 2037 χρηματίζει,

2135 2055 2256 2112 τινά
2305 2054 2548 2126 γεννῶσα
2601 2056 2902 2127 ἄνθρωπον,
2956 2056 3105 2122 θείας
3165 2062 3330 2128 τύχης
3384 2059 3696 2129 σύλλημμα.

2147 2148 2313 2222 Ἰερεῦ
2351 2149 2715 2221 Προυπούπιε,
2788 2151 2839 2205 τί
2895 2148 3089 2222 καθίζῃ
3135 2148 3365 2204 ἐνταῦθα
3403 2150 3693 2222 πράττωνς

2135 2240 2339 2311 Πρᾶξις
2381 2241 2649 2312 ἔγγραφος
2688 2242 2887 2311 ἔφθασε
2941 2240 3062 2295 καθ’
3115 2241 3268 2313 ήμῶν
3298 2242 3392 2297 καὶ⁵
3434 2241 3696 2313 μέλλομεν

2135 2333 2241 2387 ὑπὸ
2270 2333 2580 2406 ἐμπράκτου
2608 2332 2895 2405 προσώπου
2920 2318 3238 2404 ἐλέγχεσθαι
3257 2332 3332 2398 ῶς
3359 2333 3589 2405 ψευδεῖς.
3626 2334 3695 2387 Ἀ

2134 2425 2533 2496 ἐφαντάσαμεν,
2579 2426 2975 2497 ὲφαντάσαμεν,
3020 2428 3056 2482 ἃ
3117 2426 3378 2499 ἧρξαμεν,
3429 2426 3692 2499 ἤρξαμεν.

2135 2516 2329 2570 Οὐκέτι
2356 2519 2632 2590 χρησμοὺς
2660 2516 2926 2590 διδόαμεν.
2959 2519 3137 2591 Ἥρθη
3166 2519 3259 2588 ἀφ’
3295 2518 3451 2589 ἡμῶν
3473 2520 3509 2590 ή
3536 2518 3694 2590 τιμή.

2137 2606 2346 2672 Ἀδοξοι
2378 2607 2472 2661 καὶ
2490 2608 2778 2680 ἁγέραστοι
2803 2610 3119 2682 γεγόναμεν.
3148 2609 3242 2675 Εἷς
3271 2611 3447 2681 μόνος,
3474 2612 3539 2665 ὲκ
3557 2612 3695 2665 πάν-

2135 2714 2241 2751 των
2281 2698 2563 2753 ἀναλαϐὼν
2611 2698 2707 2771 τὴν
2752 2700 2885 2754 ίδίαν
2927 2703 3107 2774 τιμήν.
3157 2702 3355 2756 Λοιπὸν
3395 2701 3469 2774 μὴ
3499 2700 3699 2773 0906a.—

2133 2787 2214 2841 δεῖ
2253 2788 2385 2860 (24),
2419 2791 2597 2845 οὐκέτι
2616 2791 2817 2863 Πέρσαι
2857 2793 2963 2864 γῆς
2998 2794 3091 2847 καὶ
3116 2794 3274 2866 ἀέρος
3305 2793 3501 2867 φόρους
3532 2795 3698 2848 άπαι-

2133 2879 2315 2936 τῶσιν.
2347 2883 2402 2936 '0
2423 2882 2531 2956 γὰρ
2547 2886 2747 2957 στήσας
2777 2887 2914 2941 αὐτὰ
2937 2886 3165 2958 πάρεστι
3197 2886 3329 2957 (25),
3363 2887 3697 2959 πρακτικοὺς

2136 2973 2331 3044 φόρους
2362 2973 2438 3046 τῷ
2466 2975 2739 3047 πέμψαντι
2767 2978 3023 3049 κομίζων,
3056 2980 3085 3031 ὁ
3110 2978 3207 3048 τὴν
3243 2979 3475 3033 παλαιὰν
3511 2981 3696 3036 είκόνα

2134 3061 2456 3129 ἀνακτίζων,
2490 3065 2584 3119 καὶ
2614 3066 2711 3138 τὴν
2748 3067 2931 3120 εἰκόνα
2974 3068 3041 3138 τῇ
3088 3067 3254 3121 είκόνι
3302 3066 3564 3131 συντιθεὶς
3601 3067 3698 3123 καὶ

2134 3154 2194 3207 τὸ
2209 3155 2455 3228 ἀνόμοιον
2472 3155 2554 3225 ἐφ’
2577 3158 2830 3228 ὁμοίωσιν
2848 3157 3036 3223 διδούς,
3059 3157 3297 3231 Οὐρανὸς
3311 3162 3381 3231 γῇ
3396 3159 3695 3233 συγχαίρει,

478 3245 766 3315 imaginem
800 3260 924 3300 cum
963 3245 1199 3314 imagine
1226 3242 1534 3305 conferens,
1568 3250 1624 3297 et
1665 3241 1927 3297 dissimile
1964 3240 2039 3296 si-

2143 3247 2174 3318 ἡ
2218 3246 2275 3301 δὲ
2316 3247 2389 3317 γῆ
2430 3251 2716 3320 καυχᾶται,
2760 3249 3006 3321 οὐράνιον
3035 3249 3291 3322 δεχομένη
3316 3250 3594 3323 καύχημα.
3626 3252 3699 3306 ’Δ

477 3336 605 3392 mile
659 3336 913 3392 reddens.
964 3334 1100 3392 Coeli
1149 3345 1308 3405 terra;
1362 3333 1836 3406 congratulantur,
1888 3343 2033 3387 terra

477 3427 593 3499 ipsa
626 3426 906 3498 gloriatur,
935 3426 1253 3497 gloriatione
1286 3425 1498 3481 caelitus
1528 3433 1768 3494 accepta.
1808 3423 1940 3489 Quae
1977 3424 2034 3478 in

478 3519 731 3589 supernis
781 3534 889 3572 non
937 3525 1064 3573 sunt
1109 3516 1283 3581 facta,
1341 3515 1479 3571 facta
1520 3528 1649 3572 sunt
1692 3518 1745 3570 in
1788 3516 2031 3574 infernis.

479 3609 651 3679 Quem
684 3608 918 3665 felicium
951 3609 1087 3665 ordo
1117 3626 1222 3665 non
1260 3610 1414 3675 vidit,
1467 3609 1766 3665 infelicium
1809 3620 2035 3680 spectat.

478 3701 589 3758 Illis
619 3703 832 3756 ﬂamma
865 3701 1131 3767 minatur;
1176 3702 1262 3756 his
1318 3717 1411 3757 ros
1457 3701 1811 3757 ministratur.
1855 3702 2040 3775 Myria

479 3794 583 3850 hoc
613 3801 698 3849 est
744 3808 1087 3861 concessum,
1125 3801 1184 3847 ut
1219 3791 1617 3863 Scaturiginem
1665 3793 1718 3848 in
1768 3793 2037 3851 Bethleem

478 3896 695 3959 pareret
736 3887 1072 3959 gratiamque
1124 3887 1310 3956 gratiae
1359 3886 1691 3955 conciperet.
1723 3884 1908 3942 Iudaea
1936 3889 2038 3942 llo-

478 3981 616 4048 ruit;
651 3981 802 4051 regio
826 3988 1012 4035 nostra
1038 3980 1320 4034 emarcuit.
1346 3977 1649 4035 Gentilibus
1685 3989 1739 4034 et
1780 3980 2037 4051 alienige-

480 4072 566 4127 nis
590 4081 707 4127 orta
745 4081 828 4126 est
853 4073 1023 4137 salus,
1052 4071 1267 4126 miseris
1296 4071 1508 4126 abunde
1532 4071 1788 4126 relevatio
1817 4082 2042 4141 praesta-

479 4172 588 4219 tur.
621 4161 811 4217 Merito
854 4177 1000 4217 nunc
1035 4163 1290 4218 mulieres
1318 4164 1543 4218 choreas
1584 4163 1810 4232 ducunt,
1850 4164 2038 4219 dicen-

478 4265 610 4322 tes;
636 4253 862 4309 Domina
898 4254 1216 4325 Scaturigo!
1268 4264 1346 4320 tu,
1380 4270 1502 4325 quae
1543 4256 1699 4311 nobis
1727 4256 1926 4311 ﬂuenta
1955 4255 2037 4311 af-

2138 3342 2198 3394 οὐ
2253 3341 2474 3411 γέγονεν
2517 3342 2646 3407 ἄνω,
2689 3342 2875 3411 γέγονε
2920 3343 3088 3397 κάτω.
3129 3346 3226 3397 Ὃν
3268 3345 3302 3415 ή
3354 3344 3700 3415 εὐδαιμονοῦ-

2140 3448 2208 3484 σα
2253 3431 2363 3503 (26)
2414 3431 2564 3498 τάξις
2608 3434 2708 3487 οὐκ
2749 3428 2906 3498 εἶδεν,
2951 3435 2985 3505 ή
3017 3433 3434 3507 δυσδαιμονοῦσα
3480 3434 3694 3508 θεωρεῖ.

2152 3521 2407 3587 Ἐκείνοις
2437 3521 2566 3592 φλὸξ
2586 3522 2814 3588 ἀπειλεῖ,
2847 3523 3052 3588 τούτοις
3076 3524 3264 3596 δρόσος
3294 3526 3556 3598 παρέστη.
3585 3526 3700 3598 Τῆς

2138 3613 2351 3687 Μυρίας
2402 3616 2436 3687 ἡ
2477 3615 2715 3687 εὐτυχία,
2759 3616 2947 3687 Πηγὴν
3006 3615 3146 3670 κατά
3182 3616 3283 3686 τῆς
3330 3615 3575 3689 Βηθλεὲμ
3611 3634 3703 3670 τε-

2138 3710 2251 3761 κεῖν
2285 3707 2395 3780 (27)
2444 3707 2539 3763 καὶ
2584 3708 2739 3781 χάριν
2770 3708 2991 3780 χάριτος
3024 3707 3321 3762 συλλαϐεῖν.
3366 3708 3430 3762 Ἡ
3472 3708 3700 3763 Ἰουδαία

2137 3799 2385 3871 ἧνθησενο
2421 3800 2555 3872 αὕτη
2582 3802 2640 3855 δὲ
2674 3802 3011 3874 μαραίνεται.
3045 3802 3167 3865 Τοῖς
3208 3800 3437 3865 ὲθνικοῖς
3470 3802 3565 3854 καὶ⁵
3603 3801 3700 3855 άλ-

2138 3889 2381 3960 λογενέσι
2411 3894 2650 3963 σωτηρία
2675 3889 2824 3964 ἦλθε·
2852 3895 2961 3957 τοῖς
2980 3892 3410 3965 ταλαιπωροῦσιν
3438 3893 3697 3963 άνὰψυξις

2139 3982 2436 4049 πλεονάζει.
2480 3984 2667 4050 Ἀξίως
2696 3987 2752 4040 αἱ
2784 3989 3035 4055 γυναῖκες
3078 3983 3379 4055 χορεύουσι,
3418 3982 3694 4054 λέγουσαι·

2138 4078 2319 4149 Κυρία
2347 4079 2502 4151 Πηγὴ
2532 4078 2893 4150 ναματοφόρε,
2928 4081 2961 4150 ἡ
2988 4077 3235 4149 οὐρανίου
3261 4076 3489 4150 ἀστέρος
3517 4094 3699 4146 γεινα-

2138 4170 2272 4242 μένη
2318 4171 2511 4243 μῆτερ,
2559 4171 2592 4242 ἠ
2640 4170 2747 4225 ἀπὸ
2783 4169 3061 4241 καύματος
3105 4165 3419 4244 δροσίζουσα
3477 4168 3694 4239 νεφέλη,

2137 4263 2438 4333 μνημόνευε
2467 4263 2574 4316 τῶν
2603 4263 2710 4316 σῶν
2741 4262 3036 4330 οίκετίδων,
3068 4262 3340 4318 δέσποινα.

478 4344 630 4410 ters,
670 4345 909 4401 caelestis
974 4345 1141 4401 stellae
1184 4344 1326 4402 facta
1391 4354 1583 4416 mater,
1630 4348 1800 4404 nubes
1843 4349 2109 4407 mundum
2153 4354 2413 4411 adversus
2459 4363 2649 4412 aestum
2701 4356 2962 4422 irrorans,
3004 4363 3295 4419 memento,
3352 4368 3387 4410 ο
3443 4350 3695 4408 domina!

469 4429 806 4499 tantularum
836 4447 1072 4494 tuarum.

554 4534 668 4590 Rex
702 4529 902 4603 itaque,
934 4532 1079 4586 nulla
1116 4545 1267 4585 mora
1306 4530 1605 4600 interiecta,
1634 4538 1840 4602 partem
1864 4545 2044 4601 mago-
2072 4515 2118 4572 Ῑ)

482 4643 627 4693 rum,
654 4625 746 4696 qui
782 4625 884 4681 sub
912 4624 1085 4695 ipsius
1119 4624 1344 4694 imperio
1371 4632 1547 4689 erant,
1572 4639 1697 4679 cum
1729 4625 2043 4681 muneribus

486 4719 655 4786 misit,
687 4718 843 4775 stella
871 4717 1003 4788 ipsis
1051 4717 1195 4772 viam
1234 4724 1592 4773 monstrante.
1632 4714 1698 4771 lli
1738 4726 1860 4787 post
1897 4717 2040 4773 redi-

585 4895 671 4965 18)
696 4893 806 4967 Ms.
837 4903 1083 4964 uterque,
1121 4894 1357 4967 Μυρίας.

587 4954 672 5034 19)
693 4965 791 5020 Ms.
823 4954 1507 5034 uterquecorruptissime,
1534 4963 1632 5034 τῆς
1650 4954 1894 5034 Βηθλεὲμ
1915 4963 2047 5034 ῖτρι-
2075 4980 2079 4983 ⁷

489 5032 580 5099 δος
603 5032 719 5088 ἐστὶ
745 5035 1009 5106 θυγάτηρ.
1041 5032 1193 5099 Quod
1221 5032 1379 5106 ulcus
1411 5032 1658 5106 revocato
1679 5032 1911 5106 genitivo
1932 5032 2045 5105 Πη-

491 5106 594 5177 γῆς
615 5115 670 5160 et
707 5103 970 5177 adoptata'
996 5105 1225 5177 lectione
1259 5103 1679 5177 BqOIespleiﬁo;
1704 5103 1928 5177 feliciter
1957 5103 2047 5177 sa-

491 5172 663 5253 nasse
701 5172 832 5253 mihi
868 5173 1072 5253 videor.
1120 5172 1381 5253 Czeterujn
1414 5172 1510 5243 per
1540 5172 1729 5243 Πηγὴν
1753 5172 2046 5253 Βηθλέεμί-

490 5246 614 5299 τιδα
650 5245 885 5315 intellige
926 5241 1146 5315 stirpem
1200 5241 1529 5315 Davidieam,
1562 5241 1760 5315 ex'q'ua
1795 5241 2040 5307 Mariam,

494 5315 799 5371 Servatoris
815 5312 984 5368 nostri
1007 5322 1256 5379 matrem,
1278 5312 1538 5383 originem
1567 5313 1790 5368 duxisse
1810 5322 2038 5383 constat.

565 5385 678 5455 (20)
724 5385 815 5438 Sic
860 5399 964 5437 ms.
1009 5392 1269 5452 uterque;
1313 5381 1616 5455 praeferrem
1652 5390 1852 5444 tamen,
1895 5381 2042 5455 quod

493 5463 549 5509 et
574 5450 633 5508 in
660 5450 919 5527 'versione
949 5450 1210 5527 expressi,
1254 5450 1547 5527 genitivum
1579 5450 2043 5527 τερατουργουμέ-

491 5540 621 5586 νων,
656 5539 777 5579 cum
807 5524 995 5578 littera:
1022 5522 1411 5591 ejusdem'soui
1433 5537 1464 5575 a
1488 5522 1721 5578 librariis
1747 5522 2044 5591 saepissime

492 5593 637 5647 inter
662 5610 721 5649 se
750 5590 1166 5658 commutentur,
1213 5591 1472 5661 exemplis
1507 5592 1927 5649 evidentissimis
1958 5590 2040 5646 vel

494 5661 551 5719 lu
590 5662 678 5717 his
707 5663 1147 5719 adnotationibus
1173 5662 1366 5718 obviis.

462 5782 475 5804 ,
570 5732 681 5805 (CI)
713 5733 813 5805 bis.
847 5743 1089 5802 uterque,
1119 5732 1304 5805 ἐξάρῃ.

569 5796 682 5875 (2‘2)
713 5802 812 5860 Ms.
855 5796 1099 5889 uterque,
1126 5796 1584 5875 depravatissime,
1614 5801 1669 5855 ὲν
1710 5798 1845 5874 αὐτῇ
1886 5796 2045 5870 ὲάοη,

2229 4532 2285 4587 '0
2310 4526 2404 4586 οὖν
2437 4529 2683 4602 βασιλεὺς
2718 4530 2978 4603 μηδαμῶς
3022 4527 3314 4602 ἀναμείνας
3349 4526 3557 4599 ἔπεμψε
3588 4526 3699 4581 τῶν

2141 4623 2245 4678 ὑπὸ
2292 4623 2387 4695 τὴν
2438 4622 2709 4694 βασιλείαν
2737 4622 2900 4677 αὐτοῦ
2937 4624 3123 4694 μάγων
3163 4621 3302 4694 μετὰ
3340 4621 3547 4694 δώρων,
3599 4622 3698 4677 τοῦ

2144 4716 2369 4788 ἀστέρος
2423 4714 2617 4779 αὐτοὺς
2670 4714 3047 4787 όδηγήσαντος.
3095 4715 3183 4778 Ὠς
3229 4714 3288 4769 δὲ
3332 4714 3696 4786 ὑπέστρεψαν,

2159 4908 2259 4964 pro
2289 4906 2398 4965 quo
2431 4891 2681 4965 substitui
2713 4893 3014 4965 ἀναιρήσει.
3059 4891 3172 4965 Qui
3205 4891 3409 4962 absque
3454 4890 3702 4965 subsidio

2148 4962 2493 5020 correetioris
2551 4963 2749 5033 codicis
2798 4962 2991 5018 melius
3046 4963 3341 5033 quidquam
3393 4962 3696 5033 pratulerlt,

2147 5033 2251 5089 erit
2281 5033 2413 5103 mihi
2439 5047 2668 5101 magnus
2687 5032 2897 5103 Apollo.

2215 5102 2327 5174 (25)
2361 5100 2464 5174 I_’_ro
2493 5099 2753 5174 sbpﬂo'atg'
2767 5103 2932 5157 codex
2963 5100 3024 5155 61
3058 5100 3219 5174 refert
3243 5099 3482 5174 εὐρίσης.

2218 5170 2331 5243 (24)
2370 5170 2487 5243 Vox
2514 5170 2648 5243 haec,
2685 5174 2738 5227 in
2767 5188 2874 5243 qua
2905 5188 3007 5227 ms.
3037 5173 3197 5243 ambo
3225 5170 3574 5243 conveniunt,
3602 5186 3702 5243 per

2144 5241 2347 5297 librarii
2375 5241 2678 5312 cujusdam,
2706 5241 2795 5297 cui
2815 5242 3138 5312 dictabatur,
3161 5241 3482 5312 imperitiam
3500 5257 3567 5295 ex
3598 5242 3701 5294 im-

2181 5312 2385 5383 erativo
2433 5310 2687 5383 θορύϐηθι
2752 5311 2898 5383 verbi
2953 5310 3191 5383 θορυδέω
3224 5310 3452 5383 jidetur
3471 5318 3698 5383 exorta.

2192 5382 2482 5451 utIragatur
2499 5380 2698 5436 saltem
2738 5382 2982 5451 (ιυιιεόαω
3016 5380 3141 5437 soni
3181 5380 3437 5449 aﬂinitas,
3469 5380 3541 5452 in,
3570 5380 3699 5434 tali-

2143 5453 2246 5507 bus
2273 5467 2397 5505 raro
2423 5452 2744 5521 spernenda.

2214 5522 2326 5592 (25)
2353 5518 2725 5592 Msfuterque,
2756 5518 3021 5592 παρέστη.

2186 5586 2331 5674 ⁴(ιξθ)
2377 5591 2477 5646 Ms.
2529 5586 2776 5661 uterque,
2808 5586 3195 5662 εὐδαιμονῶσα,
3246 5600 3307 5646 ιιι
3336 5599 3391 5646 et
3422 5586 3704 5660 δυσδαιμο-

2145 5677 2313 5716 νωσα.
2392 5706 2395 5707 ν

2218 5731 2327 5801 (27)
2364 5730 2461 5788 Ms.
2500 5739 2743 5799 uterque,
2777 5729 2959 5799 τεκῆν.
