4006 6356
263 371 363 425 105

872 372 1149 428 SPURIA‘.
1172 406 1240 415 —
1275 373 1363 430 DE
1401 374 1634 433 ΗΕΒΕὸ
1668 374 1985 433 Ρειιειριε
2025 376 2198 436 POST
2231 381 2592 439 CllRlSTUM
2617 383 2884 442 NATUM.

3445 392 3546 446 lilii

259 487 586 559 διηγήσαντο
621 489 847 543 τοιαῦτα
892 494 1005 556 τοϊς
1037 492 1157 547 τότε
1188 494 1348 548 πάλιν
1390 494 1527 568 (28),
1571 498 1716 567 ἅπερ
1769 498 1845 550 καῖ

1964 508 2078 554 tum
2096 516 2256 557 suum
2277 502 2361 563 iis,
2383 502 2479 571 qui
2511 511 2627 556 tum
2653 502 2925 566 vixerunt,
2948 501 3075 556 talia
3095 518 3403 568 narrarunt,
3422 522 3548 579 qua:

259 582 392 635 αὐτὰ
421 584 648 652 χρυσοῖς
686 582 941 647 πετάλοις
976 584 1363 657 ἀνεγράφησαν
1393 585 1587 653 οὕτως’

321 693 659 748 Φθασάντων
696 694 755 748 δὲ
809 696 969 767 ἡμῶν
1016 696 1131 767 (29)
1168 700 1249 763 εἰς
1295 699 1364 753 τὰ
1401 699 1855 773 Ἱεροσόλυμα,τὸ

260 787 353 858 μιν
376 789 611 857 σημεῖον
634 787 752 856 ἅμα
777 791 846 859 τῇ
880 790 1151 861 παρουσίᾳ
1184 791 1342 861 ἡμῶν
1373 792 1583 857 πάντας
1610 794 1849 867 ἐκίνησε.

256 878 318 930 τί
349 877 533 942 τοῦτο,
583 882 716 948 φασὶ
760 879 896 952 (30),
926 880 1153 952 Περσῶν
1183 883 1379 952 σοφοὺς
1411 887 1667 957 παρεῖναι
1716 889 1855 959 μετὰ

255 972 722 1042 ἀστιροφανείαςς
780 973 891 1025 Καὶ
946 972 1174 1046 ἠρώτων
1221 976 1369 1047 ἡμᾶς
1409 980 1456 1031 οἱ
1496 978 1704 1052 πρῶτοι
1743 982 1853 1037 τῶν

267 1063 559 1120 Ἰουδαίων
594 1065 660 1118 Τί
696 1066 759 1119 τὸ
790 1065 1054 1137 ἑπόμενον
1096 1068 1192 1123 καὶ
1219 1069 1288 1123 δι’
1322 1062 1397 1123 ὧν
1432 1075 1705 1144 πάρεστες
1741 1076 1853 1129 Καὶ

257 1155 505 1226 εἴπομεν·
539 1158 639 1211 Ὃν
676 1156 867 1226 λέγετε
906 1157 1175 1222 Μεσσίαν,
1211 1159 1425 1233 ἐτέχθη.
1459 1162 1521 1215 Οί
1566 1162 1623 1216 δὲ
1658 1162 1849 1235 ἐθορυ-

253 1248 442 1303 ﬁnisse
488 1250 588 1303 καὶ
627 1251 943 1321 ἀντιστῆναι
989 1251 1123 1323 ἡμῖν
1153 1251 1255 1305 οὐκ
1291 1251 1555 1323 ἐτόλμων.
1593 1256 1656 1307 Οἱ
1685 1255 1743 1309 δὲ
1775 1253 1851 1309 εἶ-

255 1358 357 1394 παν
403 1344 563 1413 ἡμῖν·
627 1342 741 1414 Τὴν
798 1342 1047 1415 οὐράνιον
1106 1343 1286 1415 δίκην,
1350 1344 1544 1399 εἴπατε
1595 1349 1752 1418 ἡμῖν,
1798 1349 1851 1402 τί

252 1432 473 1497 ἔγνωτε.
512 1434 579 1487 Οἳ
610 1432 845 1504 εἴπαμεν
891 1434 1094 1501 αὐτοῖς’
1147 1435 1429 1491 Ἀπιστίαν
1471 1441 1698 1504 νοσείτε,
1754 1442 1849 1494 καὶ

246 1525 367 1579 οὔτε
401 1526 582 1598 χωρὶς
624 1527 811 1599 ὅρκου,
856 1525 982 1580 οὔτε
1018 1526 1135 1597 μεθ’
1165 1527 1331 1599 ὅρκου
1371 1529 1678 1596 πιστεύετε,
1713 1531 1850 1587 ἀλλά

248 1617 321 1687 τῷ
366 1617 663 1690 ἀϐουλήτῳ
720 1617 933 1672 ἐαυτῶν
974 1618 1164 1690 σκοπῷ
1209 1619 1575 1676 ἀκολουθεῖτε.
1637 1621 1695 1677 '0
1738 1623 1847 1696 γὰρ

248 1708 503 1778 Χριστὸς,
544 1710 577 1762 ό
612 1708 711 1763 τοῦ
765 1710 1021 1779 Ὑψίστου
1054 1713 1202 1775 παῖς,
1237 1713 1524 1786 ἐγεννήθη,
1561 1716 1848 1771 καταλύων

1961 592 2125 647 etiam
2148 593 2334 648 aureis
2356 592 2579 649 laminis
2601 592 2865 663 inscripta
2886 601 3017 649 sunt
3040 594 3185 652 hunc
3207 596 3260 651 in
3280 597 3503 654 modum
3525 613 3544 652 :

2029 704 2193 785 Cum.
2212 703 2611 776 Jerosolymam
2670 706 3052 774 venissemus,
3104 708 3327 779 signum
3380 717 3546 781 atque

1958 794 2221 849 adventus
2271 802 2460 850 noster
2522 796 2833 851 universam
2888 798 3167 855 civitatem
3220 800 3544 857 commovit.

1957 884 2099 952 Quid
2147 887 2273 953 hoc,
2305 888 2546 950 aiebant.
2578 887 2872 943 Persarum
2902 890 3177 960 sapientes
3206 890 3421 955 adesse,
3468 893 3547 949 si-

1957 979 2182 1049 mulque
2227 993 2425 1033 novam
2466 995 2632 1050 super
2677 981 2828 1051 ipsos
2869 982 3078 1038 stellam
3114 984 3416 1054 apparere!
3456 982 3545 1038 ln-

1956 1079 2419 1142 terrogaruntque
2445 1087 2551 1127 nos
2582 1073 2854 1143 primores
2873 1070 3186 1129 Judmoruin
3221 1074 3406 1141 :Qnid
3434 1074 3543 1133 sibi

1951 1164 2071 1222 haec
2095 1163 2303 1228 volunt,
2324 1179 2491 1233 quam
2523 1166 2596 1220 ob
2630 1180 2856 1220 causam
2890 1165 2999 1221 buc
3037 1167 3302 1222 venistis?
3327 1166 3545 1235 Quibus

1955 1272 2055 1310 nos
2088 1256 2473 1325 respondimus
2507 1274 2520 1309 :
2569 1256 2744 1323 Quem
2785 1271 2881 1313 vos
2920 1259 3217 1313 nominatis
3262 1258 3541 1325 Messian.

1953 1358 2113 1406 natus
2138 1358 2243 1405 est.
2276 1348 2379 1412 Illi,
2406 1348 2493 1405 bis
2525 1350 2751 1416 auditis,
2798 1350 3298 1416 tumultuabantnr,
3329 1367 3432 1408 nec
3458 1362 3544 1408 ta.

1952 1458 2075 1497 men
2110 1459 2308 1498 manus
2339 1444 2498 1500 nobis
2525 1443 2753 1514 injicere
2786 1442 3085 1498 audebant.
3131 1442 3402 1498 Dixerunt
3434 1460 3540 1499 an-

1951 1545 2061 1591 tem
2103 1536 2170 1592 ad
2215 1551 2317 1592 nos
2360 1554 2374 1591 :
2415 1536 2707 1592 leestem
2749 1536 3043 1592 vindictam
3070 1535 3433 1602 obtestamur,
3482 1546 3542 1592 ut

1950 1629 2109 1684 nobis
2138 1628 2360 1693 dicatis.
2399 1628 2535 1697 quid
2596 1628 2664 1683 de
2717 1628 2821 1683 hac
2870 1643 2931 1682 re
2983 1628 3268 1685 noveritis.
3328 1627 3542 1695 Quibus

1950 1731 2095 1773 nos:
2142 1716 2527 1773 lnoredulitate
2569 1717 2850 1784 laboratis,
2883 1724 2941 1773 et
2985 1732 3166 1787 neque
3192 1718 3414 1787 iuratis,
3440 1734 3540 1773 nc-

246 1800 332 1851 τὸν
359 1801 533 1870 νόμον
560 1801 735 1872 ὑμῶν,
772 1809 867 1856 xal
905 1804 1004 1869 τὰς
1038 1807 1376 1877 συναγωγάς.
1415 1807 1526 1861 Καὶ
1568 1807 1658 1862 διὰ
1690 1810 1845 1863 τοῦτο

1952 1824 2059 1879 que
2100 1809 2356 1879 injuratis
2404 1808 2563 1863 nobis
2617 1808 2860 1875 creditis,
2904 1807 3001 1863 sed
3048 1808 3419 1881 incogitantia:
3444 1825 3543 1865 ve-

246 1890 384 1961 ὐπέρ
421 1891 689 1961 μαντείας
715 1894 949 1967 ἀρίστης
975 1895 1163 1971 ὥσπερ
1191 1897 1682 1971 κατατοξευόμενοι
1714 1899 1847 1971 (3|),

245 1984 339 2053 οὐχ
364 1984 546 2055 ἡδέως
586 1984 815 2040 ἀκούετε
844 1987 907 2039 τὸ
948 1985 1117 2059 ὄνομα
1167 1989 1344 2057 τοῦτο,
1391 1991 1530 2063 ὅπερ
1584 1991 1851 2063 αἰφνίδιον

248 2075 452 2147 ἐπέστη
488 2076 614 2130 καθ’
647 2077 824 2149 ὑμῶν.
863 2078 927 2134 Οἱ
972 2081 1031 2136 δέ
1073 2080 1196 2137 καθ’
1231 2084 1456 2148 ἑαυτοὺς
1488 2083 1854 2157 βουλευσάμε-

246 2187 340 2233 vos,
376 2171 770 2241 παρεκάλεσαν
800 2175 968 2244 ἡμᾶς,
1017 2173 1348 2247 δεξαμένους
1378 2176 1527 2249 δῶρα
1567 2196 1853 2251 παρασιω-

246 2261 417 2331 πῆσαι
450 2262 513 2316 τὸ
541 2264 783 2318 τοιοῦτον
813 2268 877 2319 ἐκ
895 2266 994 2338 τῆς
1009 2267 1267 2338 τοιαύτης
1284 2272 1471 2340 χώρας
1494 2269 1696 2333 αὐτῶν.
1720 2289 1737 2321 ο
1767 2271 1852 2325 ἵνα

247 2355 317 2427 μὴ
348 2358 669 2411 ἀποστασία
698 2359 946 2430 γένηται,
978 2363 1165 2430 φασὶν,
1199 2364 1281 2427 είς
1302 2364 1473 2434 ἡμᾶς.
1509 2381 1528 2416 ι
1570 2362 1762 2434 Ἡμεῖς
1792 2364 1854 2418 ii

243 2450 502 2520 εἴπαμεν
559 2449 719 2520 Δῶρα
765 2454 927 2523 ἡμεῖς
964 2453 1046 2517 είς
1081 2454 1249 2525 τιμὴν
1295 2454 1460 2508 αὑτοῦ
1512 2455 1848 2526 ἠνέγκαμεν,

244 2540 379 2609 πρὸς
414 2539 481 2594 τὸ
513 2540 774 2613 κηρύξαι,
804 2542 948 2614 ἅπερ
994 2543 1240 2615 ἔγνωμεν
1279 2547 1337 2599 ἐν
1366 2548 1435 2618 τῇ
1480 2563 1635 2618 χωρᾳ
1665 2546 1844 2618 ἡμῶν,

246 2633 513 2700 μεγαλεῖα
549 2636 607 2687 ἐν
640 2633 717 2705 τῷ
749 2634 1040 2702 γεννᾶσθαι
1056 2636 1239 2701 αὐτὸν,
1276 2637 1371 2691 καὶ
1417 2637 1605 2706 λέγετε
1659 2638 1848 2694 λαϐόν-

244 2740 341 2786 τας
365 2727 522 2795 ἡμᾶς
550 2725 722 2797 δῶρα,
744 2724 812 2778 τὰ
844 2727 1236 2799 ὑπερουρανίου
1260 2730 1371 2799 (52)
1389 2730 1652 2803 Θεότητος
1675 2732 1846 2805 δημο-

244 2818 532 2871 σιευθέντα
565 2817 771 2889 κρύψαι
817 2820 913 2872 καὶ
949 2819 1018 2874 τά
1046 2820 1140 2874 τοῦ
1190 2822 1322 2876 ἰδίου
1356 2818 1849 2895 βασιλέως’ἐντάλ-

248 2927 395 2974 ματα
428 2911 713 2981 παριδείν;
750 2913 814 2965 0i
842 2912 921 2979 δὲ,
958 2913 1131 2968 πολλά
1170 2917 1652 2988 παρακαλέσαντες
1668 2920 1840 2992 ἡμᾶς,

242 3001 549 3055 ἀπέλυσαν.
580 3001 753 3056 Τοῦτο
794 3002 853 3058 δέ
884 3020 945 3056 τε
988 3003 1103 3075 (55)
1149 3004 1526 3077 βασιλεύοντος
1565 3010 1665 3081 τῆς
1716 3011 1846 3064 Ἰου-

241 3093 397 3156 δαέας
437 3095 930 3167 μεταστειλαμένου
976 3098 1146 3168 ἡμᾶς,
1196 3100 1289 3152 καὶ
1324 3099 1660 3172 λαλῆσαντος
1706 3103 1844 3174 πρὸς

1956 1911 2085 1959 stne
2108 1899 2407 1959 inhmrctis.
2435 1899 2713 1966 Christus,
2736 1900 3004 1957 Altissimi
3025 1899 3222 1971 Filius,
3247 1909 3409 1958 natus
3433 1912 3537 1973 est,

1954 1991 2125 2063 legem
2145 2000 2384 2049 vestram
2418 2005 2528 2051 una
2562 2006 2686 2047 eum
2728 1991 3021 2062 syaagogis
3052 1993 3539 2051 exterminaturus.

1955 2084 2164 2141 Idcirco
2197 2098 2316 2150 vos,
2374 2082 2568 2141 nuntio
2621 2084 2726 2143 hoc
2766 2084 3186 2155 exoptatissime
3220 2086 3380 2154 quasi
3429 2086 3541 2141 telo

1954 2176 2214 2247 perculsi,
2245 2190 2446 2231 nomen
2477 2175 2622 2231 istud
2648 2175 3084 2245 perborrescitis,
3116 2177 3263 2246 quod
3299 2185 3408 2237 tam
3439 2193 3538 2233 su-

1954 2273 2068 2327 bito
2087 2270 2395 2328 cervicibus
2422 2269 2623 2326 vestris
2660 2269 2846 2325 instat.
2871 2267 2974 2335 Illi,
3000 2269 3216 2327 collatis
3240 2271 3384 2326 inter
3415 2286 3539 2328 sese

1951 2363 2218 2427 consiliis,
2249 2362 2611 2418 hortabantur
2651 2377 2774 2428 nos,
2807 2373 2867 2417 ut
2909 2363 3149 2433 acceptis
3189 2364 3535 2431 muneribus,

1951 2454 2158 2509 nemini
2192 2454 2585 2519 iudicaremus,
2617 2467 2729 2509 rem
2755 2453 2918 2509 talem
2941 2455 2997 2510 in
3032 2455 3135 2510 hac
3172 2456 3417 2526 ipsorum
3445 2473 3535 2512 re-

1950 2547 2109 2617 gione
2159 2545 2446 2608 accidisse,
2486 2564 2504 2599 ι
2546 2560 2616 2600 ne
2641 2542 2894 2611 defectio,
2933 2545 3170 2609 aiebant.
3232 2547 3376 2604 inter
3433 2564 3536 2605 nos

1949 2636 2181 2693 oriatur.
2206 2654 2227 2689 ι
2263 2634 2476 2702 Quibus
2503 2649 2604 2689 nos
2636 2634 3021 2703 respondimus
3052 2652 3068 2688 :
3094 2632 3204 2689 Nos
3227 2650 3452 2693 munera
3479 2635 3535 2689 in

1949 2730 2211 2786 honorem
2247 2728 2419 2798 ipsius
2443 2727 2750 2793 attulimus,
2781 2726 2848 2780 ad
2877 2727 3233 2783 cnnte'Standa
3289 2726 3535 2797 prodigia

1946 2837 2069 2893 qua:
2090 2823 2212 2891 ipso
2247 2830 2377 2876 nato
2402 2821 2458 2875 in
2496 2823 2719 2893 regione
2747 2830 2937 2877 nostra
2966 2819 3308 2885 acciderunt,
3336 2826 3392 2875 et
3433 2832 3536 2875 vos

1946 2914 2205 2971 inducere
2286 2928 2388 2970 nos
2433 2913 2619 2981 vultis,
2669 2922 2749 2979 nt,
2801 2913 3037 2983 acceptis
3081 2909 3423 2975 muneribus,
3466 2926 3539 2965 ea

1946 3023 2074 3077 qua:
2098 3005 2315 3064 Numen
2349 3008 2550 3079 ipsum,
2577 3007 2719 3063 cmlo
2746 3004 3060 3068 sublimius,
3100 3003 3262 3059 nobis
3300 2999 3535 3063 manife-

1948 3099 2132 3167 stavit,
2191 3100 2412 3156 silentio
2455 3114 2802 3170 premamus,
2855 3097 3130 3167 simulque
3171 3095 3319 3165 regis
3356 3092 3533 3151 nostri

242 3186 393 3257 ἡμᾶς
420 3185 533 3257 (3i)
552 3203 677 3241 τινα
696 3188 789 3242 καὶ
807 3189 1202 3261 ἐρωτήσαντος,
1226 3190 1384 3246 ἅτινα
1405 3194 1642 3265 εἴπαμεν
1665 3195 1838 3267 αὐτῷ,

1951 3194 2206 3249 mandata
2252 3193 2760 3264 transgrediamur!
2812 3192 2910 3248 Ast
2943 3191 3041 3257 illi,
3077 3188 3311 3246 multum
3351 3189 3535 3253 adhuc

243 3280 324 3341 si;
343 3279 495 3351 imp
519 3280 615 3334 καὶ
642 3279 882 3353 ἐχολώθη
905 3281 1026 3346 ὅλος
1046 3281 1204 3355 (54⁸).
1233 3283 1573 3357 ’.ἐπέστημεν
1604 3286 1668 3360 δὴ
1704 3289 1839 3360 (55),

242 3369 339 3423 ἀπ’
378 3371 573 3436 αὑτοῦ,
605 3373 680 3445 μὴ
706 3374 1068 3446 προσέχοντες
1097 3375 1266 3447 αὐτῷ,
1306 3379 1354 3431 εί
1392 3379 1466 3451 μὴ
1499 3379 1576 3443 ὡς
1619 3381 1698 3434 ἐνὶ
1756 3384 1842 3435 εὐο

242 3465 408 3518 τελεῖ.

1943 3299 2045 3340 nos
2101 3282 2396 3347 cohortati,
2457 3281 2676 3337 tandem
2738 3281 2898 3338 irrito
2954 3288 3157 3339 conatu
3203 3280 3529 3336 discessere.

1942 3376 2068 3432 Pari
2136 3375 2448 3443 modolnos
2499 3374 2806 3445 gessimus,
2852 3389 2977 3430 cum
3022 3374 3140 3445 ipse
3190 3388 3289 3431 rex
3328 3370 3533 3431 Iudaea:

1944 3487 2046 3528 nos
2078 3478 2403 3537 accerseret,
2447 3478 2612 3540 atque
2660 3467 2805 3524 inter
2855 3468 3038 3525 varios
3078 3482 3361 3525 sermones
3393 3481 3533 3521 non-

244 3561 392 3614 nulla
424 3574 531 3615 nos
555 3561 933 3633 interrogaret,
963 3563 1029 3618 ad
1056 3579 1180 3634 quae
1212 3564 1315 3635 ipsi
1346 3566 1509 3622 etiam
1543 3568 1688 3625 haud
1711 3582 1936 3641 gravate
1974 3568 2382 3640 respondimus.
2430 3563 2797 3625 Discessitnus
2840 3565 2909 3621 ab
2943 3564 3058 3631 illo,
3088 3578 3200 3620 non
3230 3563 3402 3635 magis
3459 3563 3531 3618 ad

242 3664 369 3704 etim
409 3652 776 3717 attendentes,
816 3668 982 3723 quam
1024 3653 1093 3708 ad
1129 3654 1405 3710 hominem
1454 3660 1745 3727 quemdam
1780 3661 1905 3716 ima:
1931 3660 2124 3731 plebis,
2149 3659 2278 3714 licet
2308 3665 2456 3713 totus
2484 3656 2566 3710 ira
2594 3654 2843 3711 ferveret.

314 3742 596 3812 Ἦλθομεν
634 3743 691 3797 δὲ
738 3742 869 3797 ἔνθα
909 3745 1318 3818 ἀπεστάλημεν,
1351 3749 1447 3801 καὶ
1477 3751 1687 3823 εἴδομεν
1741 3753 1841 3824 τὴν

245 3835 589 3905 γεννήσασαν
642 3835 737 3889 καὶ
780 3837 872 3890 τὸν
915 3838 1266 3910 γεννηθέντα,
1325 3840 1420 3894 τοῦ
1460 3841 1689 3915 ἀστέρος
1728 3844 1837 3898 δει-

248 3928 506 3993 κνύοντος
536 3928 597 3982 τὸ
630 3929 948 3985 δεσποτικὸν
988 3931 1205 4004 βρέφος.
1240 3934 1490 4007 Είπαμεν
1537 3936 1595 3991 δὲ
1635 3939 1702 4009 τῇ
1741 3955 1844 4008 μη-

247 4021 354 4093 τρί”
391 4022 491 4086 Τίς
525 4022 685 4093 καλῇ,
722 4022 1003 4096 περίφημε
1053 4024 1266 4097 μῆτερ;
1312 4026 1476 4092 Ἥτις
1512 4027 1680 4097 λέγει·
1718 4029 1843 4084 Μα-

249 4114 406 4185 ριέιμ,
435 4114 714 4168 δεσπόται.
746 4115 989 4186 Εἴπομεν
1029 4116 1087 4171 δὲ
1122 4117 1280 4189 αὐτῇ*
1310 4118 1482 4174 Πόθεν
1502 4120 1801 4192 ὁρμωμένη
1826 4138 1841 4185 ;

258 4204 323 4257 'll
354 4206 433 4266 ἰέ,
472 4206 570 4259 Ἐκ
597 4205 821 4278 ταύτης,
858 4204 1134 4279 φησὶ,’τῆς
1158 4207 1487 4280 Βηθλεωτῶν
1522 4207 1727 4281 χώρας.
1747 4209 1841 4263 Ei-

248 4316 432 4370 παμεν
464 4298 544 4352 δέ·
580 4299 692 4353 Οὐκ
726 4298 883 4370 ἔσχες
927 4300 1094 4373 ἄνδρα
1125 4299 1279 4368 τινά;
1327 4300 1391 4354 Ἦ
1426 4301 1484 4355 δὲ
1534 4302 1688 4374 φησί·
1723 4303 1838 4356 Με-

250 4394 595 4466 μνήστευμαι
635 4393 793 4464 μόνον
831 4393 968 4465 πρὸς
1007 4393 1287 4464 γαμιαίων
1325 4393 1630 4466 συμϐόλων,
1667 4410 1838 4465 μεμε-

251 4487 519 4556 ρισμένης
549 4485 605 4538 δέ
658 4501 760 4556 μου
802 4485 901 4555 τῆς
938 4483 1195 4550 διανοίας.
1228 4485 1343 4540 οὐκ
1391 4484 1700 4558 ἠϐουλόμην
1727 4484 1837 4556 γάρ

2018 3750 2261 3806 Tandem
2300 3749 2453 3814 illuc,
2490 3763 2600 3818 quo
2630 3746 2783 3803 missi
2825 3747 3126 3815 fueramus,
3156 3753 3528 3821 pervenimus,

1945 3841 2289 3910 vidimusque
2310 3837 2630 3908 genitricem
2650 3852 2757 3890 una
2773 3852 2898 3892 cum
2920 3839 3099 3907 genita
3117 3838 3189 3894 ab
3207 3839 3324 3909 ipsa
3353 3842 3526 3910 prole,

1944 3934 2100 3989 stella
2178 3931 2339 3987 nobis
2416 3928 2763 3985 Dominicum
2820 3928 3085 3984 infantem
3161 3941 3524 3993 monstrante.

1942 4024 2192 4081 Diximus
2223 4029 2408 4078 autem
2446 4021 2514 4077 ad
2548 4030 2816 4075 matrem:
2843 4019 3133 4087 Quomodo
3164 4024 3405 4091 vocaris,
3427 4040 3523 4080 ce-

1940 4117 2236 4174 leberrima
2283 4113 2499 4171 mater?
2541 4111 2674 4181 Qua'
2725 4114 2802 4170 ait
2849 4133 2866 4171 :
2910 4114 3102 4183 Maria,
3152 4118 3383 4173 domini.
3425 4118 3527 4174 (ini

1948 4226 2089 4266 nos:
2116 4207 2272 4265 Unde
2305 4205 2463 4263 orta?
2490 4205 2574 4262 Ad
2606 4207 2756 4276 quod
2789 4206 2882 4263 illa
2926 4226 2940 4261 :
2973 4207 3053 4262 Ex
3082 4209 3249 4264 haece
3272 4206 3523 4264 Bethleeo

1946 4303 2204 4358 mitarum
2239 4299 2477 4371 regione.
2539 4295 2813 4367 Habesne,
2854 4299 3262 4369 inquiebamus,
3306 4300 3483 4355 virum
3499 4300 3540 4356 ί·

1945 4391 2281 4463 Desponsata
2315 4399 2526 4446 tantum
2552 4401 2697 4453 sum,
2726 4386 3008 4458 respdndit
3043 4387 3156 4452 illa,
3194 4386 3249 4440 in
3287 4387 3525 4457 speciem

1942 4483 2234 4554 quamdam
2266 4483 2550 4549 connubii,
2576 4489 2758 4537 mente
2780 4480 2940 4551 longe
2963 4494 2994 4533 a
3023 4478 3301 4535 connubio
3321 4479 3521 4548 aliena.

252 4582 329 4643 είς
362 4579 521 4632 τοῦτο
549 4578 743 4632 ἐλθεῖν.
781 4579 930 4632 Πάνυ
961 4579 1018 4633 δὲ
1057 4578 1430 4653 ὀλιγωρούσης
1464 4598 1591 4653 μου,
1626 4580 1834 4635 σαϐϐά-

1951 4573 2100 4631 Nolui
2127 4575 2273 4631 enim
2319 4574 2386 4630 ad
2414 4575 2522 4631 hoc
2557 4572 2866 4645 pervenire.
2904 4569 3043 4626 Cum
3072 4577 3256 4625 autem
3296 4584 3524 4639 prorsus

250 4687 346 4726 του
395 4671 792 4740 διαφαύσαντος
854 4671 950 4725 καὶ
1019 4671 1174 4741 ἡλίου
1237 4671 1399 4736 εὐθὺς
1432 4673 1836 4741 ἀνατείλαντος,

255 4762 457 4831 ἐπέστη
504 4780 594 4833 μοι
634 4761 885 4830 ἄγγελος,
921 4762 1407 4832 εὐαγγελιζόμενός
1457 4781 1546 4835 μοι
1579 4763 1838 4836 ἐξαίφνης

256 4851 408 4903 τόκον
448 4850 591 4904 τινά.
643 4851 755 4903 Καὶ
796 4851 1155 4923 θορυϐηθεῖσα
1196 4852 1505 4925 ἀνέκραξα·
1555 4854 1840 4927 Μηδαμῶς

263 4959 348 5009 μοι
372 4940 549 5005 τοῦτο,
608 4940 810 5015 Κύριε,
845 4941 1014 5012 ἀνδρα
1044 4941 1155 5015 γὰρ
1186 4944 1287 4996 οὐκ
1313 4942 1440 5015 ἔχω.
1470 4944 1581 4998 Καὶ
1606 4945 1841 4999 ἐπίστωο

263 5032 318 5084 σέ
342 5049 429 5102 με,
461 5032 714 5105 βουλήσει
740 5031 876 5086 Θεοῦ
902 5033 994 5085 τὸν
1020 5034 1178 5088 τόκον
1206 5034 1394 5119 τοῦτον
1417 5033 1579 5107 ἔχειν.

330 5352 443 5423 (28)
477 5354 580 5409 his.
601 5362 850 5424 uterque,
864 5352 1049 5420 πάλιν,
1068 5352 1164 5406 καὶ
1183 5354 1326 5424 ἅπερ
1348 5353 1459 5408 καί.
1479 5352 1726 5409 Primum
1748 5354 1841 5408 καί

264 5435 441 5494 aperte
471 5423 918 5495 expungendum.

332 5516 443 5590 (29)
488 5517 878 5590 Msa‘uterque
928 5525 1123 5590 contra
1180 5518 1397 5590 regulas
1445 5517 1839 5590 grammaticae,

268 5586 564 5655 φθάσαντες
592 5587 653 5641 δὲ
684 5587 752 5641 τά
796 5587 1160 5658 Ἰεροσόλυμα.

330 5680 441 5751 (50)
474 5679 577 5734 Ms.
613 5688 842 5747 uterque
874 5680 1098 5747 solmce,
1130 5681 1285 5753 φησι,
1311 5680 1459 5751 quod
1490 5689 1544 5735 et
1567 5679 1732 5735 infra.

332 5773 441 5846 (3|)
477 5772 577 5826 Ms.
612 5780 863 5846 uterque,
888 5772 982 5825 καὶ
1009 5772 1097 5846 δια
1124 5773 1283 5846 τοῦτο
1314 5774 1389 5838 ὡς
1409 5774 1551 5846 ὑπὲρ
1585 5773 1843 5846 μαντείας

268 5839 484 5915 ἀρίστης
506 5839 1011 5912 κατατοξευόμενοι.
1038 5841 1134 5898 Vel
1166 5845 1237 5900 ita
1267 5839 1667 5917 legendumant
1693 5844 1839 5912 dedi,

574 5941 851 6001 Panos.
899 5939 1013 6001 Gn.
1068 5940 1149 6004 Χ.

1940 4666 2010 4722 ab
2040 4680 2107 4720 eo
2155 4666 2530 4731 abhorrerem,
2585 4665 2811 4719 sabbato
2856 4661 3098 4734 quodam
3149 4661 3523 4727 illucescente,

1941 4756 2044 4811 sub
2075 4755 2254 4826 ipsum
2302 4753 2416 4810 fere
2463 4754 2597 4810 solis
2640 4762 2822 4808 ortum
2863 4749 3059 4806 astitit.
3091 4749 3225 4804 mibi
3270 4749 3522 4824 angelus,

1940 4849 2275 4904 annuntians
2300 4846 2433 4902 mibi
2457 4846 2642 4902 subito
2669 4853 2883 4915 partum
2922 4841 3237 4917 quemdam.
3273 4841 3358 4897 Ad
3399 4857 3526 4914 qua

1943 4942 2121 5013 ipsius
2145 4939 2309 4995 verba
2336 4955 2437 5010 ego
2460 4951 2891 5007 compavescens
2920 4934 3227 4991 exclamavi
3259 4951 3274 4988 :
3307 4931 3527 5006 Nequa-

1943 5049 2110 5105 quam
2156 5033 2294 5087 mibi
2338 5032 2449 5087 tale
2498 5029 2632 5101 quid
2683 5027 2983 5099 contingat,
3029 5026 3289 5092 domine,
3340 5027 3525 5084 virum

1942 5124 2090 5179 enim
2122 5136 2231 5178 non
2268 5121 2464 5176 habeo.
2494 5119 2566 5174 At
2599 5117 2689 5174 ille
2720 5118 2883 5173 ﬁdem
2929 5116 3064 5171 mihi
3108 5116 3401 5183 adstruxit,
3433 5117 3514 5171 Δία

1943 5214 2069 5270 vina
2089 5228 2179 5269 me
2206 5213 2483 5269 voluntate
2504 5210 2825 5282 parituram.

1943 5348 2028 5405 vel
2062 5347 2109 5403 si
2153 5346 2420 5415 particula
2462 5344 2539 5410 ὡς
2582 5346 2704 5400 loco
2747 5359 2848 5400 suo
2894 5343 3254 5415 relinquatur,
3295 5337 3534 5413 ἀρίστης

1946 5415 2267 5473 mutandum
2299 5417 2354 5470 in
2387 5415 2674 5486 κακίστης.

2017 5487 2131 5549 (52)
2163 5486 2265 5557 Ms.
2290 5495 2523 5556 uterque
2549 5485 2898 5557 ὑπουρανίου.

2016 5557 2130 5628 (55)
2161 5556 2517 5629 Subintellige
2545 5556 2855 5629 ἐποιοῦμεν.

2041 5624 2480 5704 {illl’g'zepositio
2505 5628 2647 5704 πρός
2680 5624 2998 5699 ἰιίιιιιόίιιιθ
3023 5641 3127 5704 ιῐιεἶ
3167 5624 3343 5680 deest.
3373 5691 3407 5704 ,Α
3445 5690 3458 5704 ⁸

2039 5700 2158 5770 δι’)
2194 5696 2378 5771 [Locus
2403 5696 2685 5771 turbatus,
2719 5714 2878 5771 quem
2908 5696 3168 5756 vertendo
3199 5696 3415 5752 sanavit
3443 5696 3530 5749 in-

1948 5766 2171 5839 terpres.
2214 5767 2373 5825 Ent'r.
2403 5766 2648 5839 Parant.

2019 5838 2133 5912 (35)
2174 5839 2274 5899 Ms.
2317 5852 2565 5911 uterque,
2596 5838 2670 5892 δέ.

3171 5937 3206 5997 ι
