4006 6356
414 395 516 452 107
1507 369 1746 430 IULIUS
1780 365 2192 425 AFRICANUS.
2225 399 2291 448 e-
2327 367 2596 426 SPURIA.
3587 358 3698 414 108

488 515 734 571 Diximus
754 517 934 565 autem
967 518 1068 559 nos
1096 500 1161 554 ad
1189 497 1335 552 illam
1373 513 1386 548 :
1419 494 1606 556 Mater,
1643 499 1834 551 mater,
1869 502 1987 539 om-

2173 487 2361 557 Ἦμεῖς
2403 487 2460 540 δὲ
2491 487 2724 555 εἴπαμεν
2751 485 2907 553 αὐτῇο
2945 481 3156 551 Μῆτερ,
3193 479 3394 550 μῆτερ.
3431 477 3698 538 ἅπαντες

417 626 516 664 nes
551 606 842 661 Persarum
898 598 973 652 dii
1018 596 1232 649 beatam
1269 599 1322 643 te
1370 586 1752 657 praedicarunt.
1795 579 1984 648 Magna

2101 580 2133 632 >ἱ
2186 579 2297 631 θεοὶ
2339 577 2560 649 Περσῶν
2607 575 2948 647 ἐμακάρισάν
3004 589 3084 625 σε.
3137 571 3211 623 Τὸ
3255 569 3532 639 καύχημά
3593 583 3698 619 σου

415 711 503 757 est
531 698 702 770 gloria
731 703 842 748 tua.
870 691 1110 744 Cunctas
1144 681 1386 738 illustres
1416 679 1646 732 feminas
1685 671 1983 734 antecellis,

420 764 704 860 majorque
735 794 818 839 est
867 778 1106 849 dignitas
1163 783 1274 836 tua,
1321 786 1484 841 quam
1537 767 1781 824 omnium
1821 764 1989 818 totius

421 883 608 939 mundi
633 877 969 947 reginarum.
1799 920 1803 925 ,

379 981 387 988 ’
487 975 674 1029 Infans
700 985 864 1040 porro
900 968 1016 1035 ipse
1045 960 1197 1017 humi
1231 956 1471 1018 sedebat,
1507 950 1917 1018 secundumque
1939 947 1985 1000 ei

420 1081 624 1121 annum
653 1039 742 1116 illa
785 1073 906 1114 esse
932 1055 1131 1119 aiebat,
1167 1049 1327 1105 matri
1366 1046 1515 1104 vultu
1554 1059 1664 1098 non
1701 1039 1986 1097 absimilis.

418 1157 551 1211 Erat
582 1163 764 1210 autem
791 1152 906 1220 ipsa
926 1143 1282 1215 longiusculis
1309 1139 1584 1203 manibus,
1623 1149 1849 1204 corpore
1893 1133 1990 1187 de-

418 1248 684 1310 licatiore,
715 1244 780 1298 ad
811 1237 1068 1312 frumenti
1103 1235 1342 1291 colorem
1385 1229 1694 1294 accedente,
1729 1225 1868 1281 facie
1910 1240 1994 1278 ro-

419 1339 610 1403 tunda,
641 1348 852 1390 comam
878 1330 1085 1385 habens
1107 1325 1436 1395 colligatam.
1464 1319 1602 1375 Cum
1634 1331 1764 1372 vero
1806 1315 1993 1370 nobis-

419 1443 545 1482 cum
573 1425 898 1480 haberemus
919 1433 1135 1476 servum
1167 1413 1420 1485 pingendi
1451 1411 1696 1480 apprime
1733 1407 1990 1478 peritum,

420 1519 708 1573 amborum
741 1512 1029 1582 imaginem
1056 1509 1276 1564 domum
1307 1503 1608 1566 retulimus,
1640 1515 1762 1570 quae
1785 1499 1838 1552 in
1885 1497 1996 1567 pri-

422 1609 601 1663 mario
627 1605 827 1674 templo
865 1616 1029 1655 manu
1058 1600 1255 1669 Inostra
1302 1609 1429 1649 cum
1474 1592 1579 1647 hac
1636 1589 1994 1659 inscriptione

419 1702 600 1756 dicata
626 1706 710 1753 est
745 1715 758 1750 :
791 1695 909 1750 ,ἰαυνὶ
930 1692 1161 1756 Mithrae,
1184 1688 1295 1743 Deo
1319 1700 1538 1757 magno,
1564 1684 1677 1755 regi
1709 1682 1861 1748 Jesu,
1889 1683 1994 1737 im-

419 1792 633 1861 perium
658 1786 942 1842 Persicum
969 1781 1257 1838 dedicavit.

491 1905 765 1961 Tollentes
799 1900 993 1957 deinde
1037 1898 1296 1951 infantem
1327 1892 1526 1964 singuli
1554 1903 1716 1961 atque
1759 1891 1812 1944 in
1846 1890 1991 1946 ulnis

421 2007 718 2068 gestantes,
762 2007 888 2050 cum
933 1987 1162 2046 osculati
1201 2001 1446 2042 essemus
1485 1993 1540 2039 et
1585 1984 1989 2043 adorassemus,

421 2089 674 2144 dedimus
720 2085 800 2140 illi
834 2098 1053 2148 aurum,
1095 2081 1374 2152 myrrham
1421 2086 1475 2132 et
1521 2077 1669 2142 thus,
1700 2075 1989 2130 dicentes:

421 2180 591 2235 Donis
636 2177 746 2233 tuis
789 2186 842 2232 te
877 2188 1251 2238 muneramur,
1301 2170 1613 2226 dominator
1655 2166 1799 2233 cmli,
1839 2165 1990 2221 Jesu.

420 2272 542 2331 Non
565 2273 702 2327 bene
721 2270 1175 2339 gubernarentnr,
1195 2280 1314 2333 quae
1343 2261 1714 2331 gubernationi
1743 2259 1994 2313 huma’naz

423 2380 534 2420 non
567 2364 821 2428 subsunt,
848 2359 952 2413 nisi
981 2367 1093 2412 tute
1122 2356 1362 2410 adesses.
1404 2353 1523 2406 Non
1567 2352 1723 2406 aliter
1758 2365 1992 2418 superna

424 2455 653 2511 infernis
691 2454 1072 2523 iungerentur,
1130 2448 1235 2502 nisi
1289 2447 1404 2515 ipse
1444 2444 1839 2500 descendisses.
1875 2440 1992 2496 Non

422 2555 635 2602 tantum
665 2545 828 2600 eilicit
859 2542 1118 2606 famulus,
1143 2556 1172 2594 a
1200 2539 1422 2593 domino
1452 2537 1677 2600 missus,
1707 2550 1872 2606 quam
1904 2535 1994 2588 do-

425 2637 612 2692 minus
655 2636 802 2705 ipsc;
846 2647 953 2687 non
1000 2639 1210 2684 tantum
1258 2643 1376 2694 rex,
1415 2627 1462 2682 si
1509 2626 1708 2681 bellum
1761 2624 1994 2694 satrapis

425 2728 735 2792 demandet,
767 2740 931 2795 quam
978 2724 1024 2779 si
1055 2721 1284 2792 imperio
1329 2722 1445 2791 ipse
1488 2718 1765 2789 fungatur.
1805 2717 1995 2772 Decuit

425 2823 532 2877 hoc
555 2818 880 2890 sapientiam
905 2827 1076 2883 tuam,
1106 2817 1183 2871 ita
1205 2832 1328 2872 cum
1357 2813 1670 2869 hominibus
1695 2825 1872 2882 agere.

499 2998 683 3053 Infans
716 3005 895 3051 autem
926 2995 1261 3061 exsultabat,
1285 3001 1341 3047 et
1369 2991 1580 3046 ridebat
1593 2997 1815 3060 propter
1837 2989 1994 3042 blan-

427 3093 590 3149 ditias
632 3099 686 3146 et
735 3102 1014 3144 sermones
1046 3095 1284 3141 nostros.
1333 3083 1585 3154 Regressi
1618 3097 1745 3137 vero
1780 3081 1846 3136 ad
1878 3096 1996 3135 ma-

423 3197 591 3253 trem,
622 3182 867 3238 exhibito
899 3180 996 3244 illi,
1031 3189 1091 3233 ut
1121 3195 1218 3248 par
1261 3185 1396 3242 erat,
1453 3176 1680 3240 honore,
1725 3191 1759 3243 q

427 3275 544 3343 ipsa
578 3271 737 3326 nobis
769 3268 1035 3329 exhibuit,
1073 3266 1274 3321 reversi
1309 3279 1500 3320 sumus
1543 3263 1597 3317 in
1636 3261 1996 3317 diversorium

425 3371 700 3419 nostrum.
735 3361 902 3415 Facto
934 3372 1064 3413 vero
1105 3371 1326 3426 vespere
1369 3355 1540 3411 astitit
1575 3354 1733 3409 nobis
1781 3351 1997 3407 terribi-

427 3458 498 3513 lis
535 3464 590 3512 et
623 3452 1038 3525 expavel‘aciens
1066 3450 1312 3521 quidam,
1346 3449 1533 3503 dicens
1567 3447 1632 3501 ad
1662 3461 1765 3501 nos
1799 3465 1812 3500 :
1849 3445 1996 3500 Con-

428 3547 612 3602 festim
649 3546 813 3611 exite,
844 3559 913 3598 ne
940 3541 1155 3597 insidiis
1194 3537 1598 3610 opprimamini.
1633 3536 1734 3592 Cui
1758 3551 1858 3591 nos
1891 3545 1998 3590 tre-

428 3647 640 3691 mentes
668 3633 1012 3703 reposuimus
1045 3649 1058 3684 :
1087 3629 1348 3698 Quisnam
1391 3641 1494 3693 est,
1528 3628 1621 3698 qui
1669 3635 1832 3681 tantae
1863 3627 1999 3695 lega-

428 3727 566 3784 tioni
597 3727 822 3782 insidias
844 3734 1057 3782 struere
1094 3723 1259 3789 ausit,
1301 3723 1480 3776 divine
1519 3721 1790 3776 bellidux!
1826 3717 1998 3774 Hero-

429 3820 545 3882 des,
583 3818 762 3874 aiebat
799 3817 907 3872 ille.
942 3815 1143 3871 Verum
1178 3823 1419 3871 actutum
1452 3814 1744 3884 exsurgite,
1778 3821 1831 3867 et
1862 3810 1996 3867 salvi

428 3912 486 3966 in
508 3925 642 3982 pace
676 3911 901 3965 domum
934 3909 1126 3964 redite.

496 4002 609 4060 Nos
641 4012 822 4059 autem
862 4000 1147 4057 celerrime
1187 4000 1336 4054 omni
1372 3999 1552 4054 studio
1588 4012 1686 4052 nos
1714 3995 1840 4051 inde
1871 4010 1997 4064 pro-

427 4095 696 4164 ripuimus
716 4103 770 4150 et
800 4093 1004 4160 omnia,
1030 4107 1151 4163 quae
1184 4091 1440 4156 vidimus,
1467 4087 1818 4158 Jerosolymis
1850 4103 1995 4142 nun-

429 4187 708 4241 tiavimus.
749 4185 890 4241 Ecce
921 4185 1105 4254 igitur,
1141 4185 1255 4238 haec
1295 4183 1448 4236 vobis
1483 4181 1549 4235 de
1588 4179 1806 4234 Christo
1844 4187 1992 4232 retu-

427 4277 614 4339 limus,
651 4282 705 4330 et
741 4275 978 4329 vidimus
1019 4273 1318 4336 Christum,
1354 4271 1685 4326 Salvatorem
1723 4279 1990 4333 nostrum,

429 4367 525 4436 qui
557 4382 616 4421 se
647 4375 706 4420 ut
747 4365 914 4421 Deum
949 4366 1152 4435 pariter
1191 4373 1246 4418 et
1284 4363 1559 4418 hominem
1609 4362 1767 4415 nobis
1817 4361 1992 4414 mani-

2090 669 2248 740 μέγα.
2292 668 2626 738 Ὑπερῆρσαι
2662 665 2770 734 (56)
2802 664 2910 736 γὰρ
2942 665 3122 725 πάσας
3151 660 3252 723 τὰς
3285 659 3542 723 ἐνδόξους
3589 674 3689 726 Tu-

2087 761 2298 824 ναῖκας,
2331 757 2426 811 καὶ
2465 757 2651 810 πασῶν
2689 753 2968 826 βασιλίδων
3007 749 3406 821 βασιλικωτέρα
3440 747 3694 817 ἐφάνης.

2159 936 2230 988 Τὸ
2265 936 2322 988 δέ
2375 933 2582 989 παιδίον
2622 932 2679 985 ἐν
2726 933 2791 1001 τῇ
2829 931 2899 1000 γῇ
2938 923 3244 990 ἐκαθέζετο,
3285 923 3571 995 δεύτερον,
3612 921 3697 984 ὡς

2089 1025 2271 1096 ἔλεγεν
2298 1025 2456 1095 αὐτὴ,
2492 1023 2609 1086 ἐτος
2655 1021 2821 1091 αὐτῷ,
2859 1018 3079 1090 μερικὸν
3111 1017 3209 1085 τῆς
3249 1014 3525 1083 τεκούσης
3550 1013 3686 1083 ἔχον

2087 1120 2179 1172 τὸν
2209 1117 2548 1190 χαρακτῆρα.
2579 1111 2684 1167 Ἧν
2718 1113 2774 1165 δὲ
2801 1110 2936 1180 αῦτη
2971 1108 3182 1180 μακρὰς
3208 1107 3307 1169 τὰς
3336 1109 3533 1176 χεῖρας
3562 1104 3686 1174 (5⁸7)

2089 1210 2304 1280 ἔχουσα,
2351 1207 2412 1260 τὸ
2455 1205 2610 1276 σῶμα
2653 1201 3082 1275 τρυφερώτερον,
3132 1197 3432 1268 σιτόχροος,
3477 1212 3687 1265 στρογ-

2090 1301 2528 1372 γυλοπρόσωπος,
2563 1298 2758 1368 ἐχουσα
2776 1295 2875 1365 τὴν
2907 1292 3100 1363 χαίτην
3132 1289 3445 1358 δεδεμένην.
3487 1289 3688 1357 Ἐχον-

2091 1411 2180 1458 τες
2203 1395 2258 1448 δὲ
2283 1393 2399 1464 μεθ’
2435 1391 2638 1444 ἑαυτῶν
2671 1387 2843 1457 εὐφυῆ
2884 1383 3049 1439 παῖδα
3095 1380 3686 1452 ξωγράφον,ἀμφοτέ-

2097 1504 2202 1559 ρων
2237 1485 2333 1556 τὴν
2365 1483 2622 1553 ὁμοίωσιν
2652 1482 2717 1550 τῇ
2753 1476 2904 1549 χώρᾳ
2932 1473 3091 1545 ’ἡμῶν
3108 1472 3411 1542 ἠγάγομεν,
3434 1471 3532 1524 καὶ
3561 1472 3686 1522 ἐνε-

2093 1578 2221 1648 τέθη
2257 1578 2314 1628 ἐν
2341 1577 2407 1644 τῇ
2438 1573 2580 1643 χειρὶ
2607 1570 2784 1642 ἡμῶν,
2895 1561 3330 1636 ἐχρηματίζομεν
3365 1563 3685 1632 γράφοντες

2093 1669 2268 1731 οὓτως
2299 1665 2408 1738 (58)
2452 1667 2509 1717 ἐν
2545 1662 2622 1734 τῷ
2659 1661 2892 1714 διοπετεῖ
2931 1656 3077 1730 ἱερῷ·
3112 1652 3545 1725 ΔιὶξἪλίῳβεῷ
3581 1671 3685 1724 με-

2094 1761 2264 1830 γάλῳ,
2294 1756 2498 1829 βασιλεῖ
2533 1753 2728 1825 Ἰησοῦ,
2761 1751 2821 1804 τὸ
2844 1749 3107 1820 Περσικὸν
3149 1747 3349 1819 κράτος
3380 1745 3677 1817 ἀνέθηκεν.

2163 1876 2423 1947 ’Ἄραντες
2452 1869 2510 1923 δὲ
2554 1867 2613 1920 τὸ
2643 1864 2852 1920 παιδίον
2891 1863 3116 1924 ἕκαστος
3157 1859 3316 1932 ἡμῶν
3348 1859 3444 1912 καὶ
3471 1861 3531 1912 ἐν
3577 1860 3684 1923 ἀγ..

2093 1965 2281 2027 κάλαις
2317 1959 2702 2032 βαστάσαντες,
2737 1954 3111 2022 ἀσπασάμενοι
3140 1948 3274 2003 αὐτὸ
3306 1949 3405 2002 καὶ
3441 1965 3684 2019 προσκυ-

2092 2065 2371 2130 νήσαντες,
2407 2050 2713 2119 δεδώκαμεν
2754 2045 2901 2116 αὑτῷ
2939 2044 3158 2116 χρυσὸν,
3189 2041 3438 2111 σμύρναν
3466 2040 3564 2094 καὶ
3594 2039 3681 2092 λί-

2095 2149 2272 2210 ϐανον,
2302 2144 2542 2206 εἰπόντες
2574 2139 2740 2210 αὐτῷ·
2766 2138 2857 2190 Σοὶ
2877 2136 2945 2203 τὰ
2976 2134 3044 2188 σὰ
3076 2132 3489 2203 φιλοτιμοῦμεν,
3518 2132 3686 2202 οὐρα-

2094 2237 2355 2308 νοδύναμε
2388 2232 2584 2305 Ἰησοῦ.
2621 2231 2694 2285 Ού
2727 2228 2905 2290 καλῶς
2943 2225 3054 2296 (59)
3103 2224 3355 2276 διοικεῖτο
3403 2222 3474 2275 τὰ
3511 2223 3684 2275 ἀδιοί-

2096 2346 2256 2401 κητα,
2284 2329 2332 2380 εἰ
2368 2325 2441 2398 μὴ
2476 2325 2540 2378 σὺ
2587 2321 2837 2393 παρείης.
2889 2317 3000 2387 uox
3059 2314 3259 2386 ἑτέρως
3304 2312 3565 2384 ἐμίσγετο
3609 2313 3685 2366 τὰ

2094 2418 2207 2473 ἅνω
2247 2420 2360 2480 τοῖς
2407 2415 2576 2479 κάτω,
2620 2415 2669 2465 εί
2704 2410 2777 2482 μὴ
2825 2407 2984 2470 αὐτὸς
3016 2405 3272 2474 κατέσης.
3315 2403 3390 2456 Οὐ
3423 2403 3682 2458 τοσοῦτον

2098 2509 2316 2564 ἀνύεται
2365 2505 2632 2566 διακονία,
2678 2504 2726 2555 εί
2768 2500 2860 2553 τόν
2900 2515 2960 2551 τε
2993 2495 3177 2550 δοῦλον
3216 2494 3516 2567 ἀποστείλῃ
3563 2494 3679 2564 (40)

2095 2621 2198 2667 τις,
2235 2603 2310 2666 ὡς
2351 2602 2473 2654 ὅσον
2529 2596 2716 2650 ἑαυτὸν
2774 2587 3200 2662 παραγενέσθαι,
3245 2586 3366 2639 οὐδὲ
3420 2585 3681 2655 βασιλεὺς

2097 2697 2328 2766 πέμπων
2376 2691 2467 2745 ἐπὶ
2506 2689 2736 2758 πόλεμον
2789 2683 3090 2754 σατράπας,
3123 2679 3198 2742 ὡς
3230 2679 3354 2732 ὅσον
3391 2677 3452 2729 τὸ
3486 2677 3680 2729 ἑαυτὸν

2095 2785 2409 2857 ἐνδημῆσαι.
2444 2782 2688 2850 Ἐπρεπε
2712 2775 2869 2830 τοῦτο
2896 2776 2963 2844 τῇ
2997 2773 3133 2842 σοφῇ
3161 2787 3253 2822 σου
3286 2768 3515 2839 μεθόδῳ,
3551 2768 3681 2830 τοὺς

2098 2873 2415 2946 ἀνθρώπους
2444 2869 2554 2942 (ﬂ)
2590 2865 2908 2938 μεθοδεῦσαι
2935 2861 3208 2924 τοιούτως.

2168 2965 2241 3017 Τὸ
2269 2964 2326 3016 δὲ
2357 2959 2566 3014 παιδίον
2596 2955 2842 3028 ἐσκίρτα,
2886 2953 2980 3006 καὶ
3011 2951 3172 3025 ἐγέλα
3211 2952 3332 3012 ταῖς
3363 2947 3678 3010 κολακείαις

2098 3057 2329 3118 καὶτοῖς
2362 3052 2538 3121 λόγοις
2571 3049 2746 3120 ἡμῶν.
2793 3046 2904 3099 Καὶ
2955 3041 3346 3112 συνταξάμενοι
3391 3042 3458 3110 τῇ
3509 3039 3680 3109 μητρὶ

1766 3130 1998 3228 --ξι
2020 3155 2068 3218 α
2099 3150 2190 3204 καὶ
2237 3147 2373 3217 αὐτὴ
2418 3145 2564 3216 ἡμᾶς
2603 3141 2880 3210 τιμήσασα
2911 3135 3004 3189 καὶ⁸
3034 3137 3196 3205 ἡμεῖς
3223 3132 3566 3198 δοξάσαντες,
3601 3130 3682 3193 ὼς

2099 3245 2226 3309 ἔδει,
2254 3241 2504 3314 ἤλθομεν,
2536 3240 2592 3289 ἐν
2618 3231 2662 3304 ᾧ
2689 3233 2838 3300 τόπῳ
2861 3226 3190 3296 κατελύομεν
3220 3224 3351 3294 (42).
3377 3223 3487 3276 Καὶ
3520 3223 3680 3274 ἐσπέ-

2101 3353 2200 3410 ρας
2220 3311 2517 3403 γενομένης
2551 3327 2752 3394 ἐπέστη
2783 3323 2912 3392 ἡμῖν
2944 3335 3029 3381 τις
3062 3316 3291 3388 φοϐερὸς
3335 3315 3430 3366 καὶ
3474 3311 3679 3364 ἐκπλα-

2098 3404 2222 3499 lix.
2263 3425 2436 3493 λέγων
2488 3422 2639 3491 ἡμῖν·
2673 3415 2746 3470 Τὸ
2779 3415 2941 3484 τάχος
2977 3408 3217 3475 ἐξέλθετε
3261 3404 3394 3476 (45),
3433 3405 3506 3475 μή
3552 3420 3680 3456 τινα

2099 3497 2388 3588 ἐπιϐουλὴν
2435 3511 2722 3580 ὑποστῆτε.
2771 3507 2961 3577 Ἡμεῖς
3004 3503 3060 3555 δὲ
3105 3501 3242 3571 μετὰ
3275 3498 3476 3560 δειλίας
3516 3497 3678 3549 εἴπει-

2103 3629 2220 3685 μεν·
2255 3609 2366 3664 Καὶ
2393 3607 2478 3670 τίς
2506 3607 2654 3657 ἐστιν
2687 3603 2716 3654 ὁ
2742 3594 3103 3652 ἐπιϐουλεύων
3143 3595 3210 3662 τῇ
3243 3587 3481 3661 τοσαύτῃ
3507 3604 3677 3657 πρεσ-

2099 3677 2242 3775 ῦείᾳ,
2279 3702 2389 3756 θεῖε
2421 3692 2720 3768 στρατηγέ;
2785 3687 2846 3744 ’0
2881 3687 2957 3740 δέ·
3015 3681 3277 3754 Ἡρώδης.
3327 3677 3486 3732 Ἀλλὰ
3535 3677 3677 3746 πάρ-

2098 3769 2249 3868 αυτ-α,
2280 3791 2606 3852 ἀναστάντες
2649 3779 2945 3856 πορεύεσθε
2967 3781 3023 3832 ἐν
3050 3777 3242 3848 εἰρήνῃ
3259 3769 3671 3840 διασωζόμενοι.

2182 3976 2372 4045 Ἡμεῖς
2420 3969 2477 4022 δὲ
2528 3967 2856 4039 ταχύναντες
2913 3956 3204 4027 ἀπήραμεν
3255 3949 3464 4045 ἐκεῖθεν
3521 3948 3675 4018 πάσῃ

2099 4040 2320 4140 σπουδῇ,
2374 4064 2466 4118 καὶ
2524 4064 2736 4116 ἅπαντα
2777 4051 3201 4124 ἐπηγγειλάμεν,
3243 4045 3279 4099 ἃ
3323 4040 3675 4140 εἴδομενηῌὲν

2110 4130 2478 4233 Ἰερουσαλήμ.
2543 4151 2670 4204 Ἰδοὺ
2691 4141 2789 4202 οῦν
2810 4143 3047 4198 τοσαῦτα
3079 4139 3206 4210 περ)⁵
3232 4131 3468 4207 Χριστοῦ
3496 4130 3663 4195 ἐλέξα·

2102 4224 2197 4325 μεν
2222 4253 2348 4321 ὑμῖν
2395 4224 2488 4300 καὶ
2525 4244 2735 4313 εἴδομεν
2770 4236 3023 4309 Χριστὸν,
3055 4232 3281 4303 Σωτῆρα
3327 4227 3503 4299 ἡμῶν,
3539 4224 3672 4277 Θεὸν

2097 4318 2190 4399 καὶ
2211 4318 2490 4413 ἄνθρωπον
2515 4332 2931 4406 γνωριζόμενον.
2959 4324 3116 4397 Αὐτῷ
3145 4327 3177 4395 ἡ
3201 4322 3326 4387 δόξα
3351 4321 3444 4375 καὶ
3465 4319 3526 4372 τὸ
3545 4318 3664 4387 κρά-

430 4455 666 4510 festavit.
723 4453 827 4524 lpsi
872 4455 1041 4524 gloria
1088 4464 1140 4509 et
1172 4454 1456 4523 imperium
1492 4454 1546 4506 in
1586 4452 1783 4508 saecula
1817 4466 1990 4507 saecu-

2101 4455 2186 4501 τος
2215 4438 2292 4499 εἰς
2318 4434 2441 4496 τοὺς
2469 4430 2667 4493 αἰῶνας
2699 4426 2806 4482 τῶν
2843 4422 3071 4478 αἰώνων.
3115 4417 3306 4490 ’Δμήν.

429 4547 627 4602 lorum.
657 4554 849 4602 Amen.

501 4704 612 4778 (ξρ)
651 4705 753 4778 ills.
781 4715 1026 4778 uterque,
1061 4705 1354 4778 ὑπερῆραι.

500 4773 614 4848 (ζῆ)
652 4775 753 4848 Ms.
787 4773 1031 4846 ntertiue,
1061 4773 1259 4848 μακρὶν
1278 4775 1374 4848 τὴν
1405 4775 1580 4847 κῆραν
1608 4773 1821 4843 ἔχουσα.

825 4837 1074 4932 οιαὶ-(μισ
1101 4837 1418 4932 perturbato
1465 4837 1691 4914 prorsus
1734 4859 1920 4909 sensu,
1954 4837 1998 4912 ᾧ

429 4913 788 4986 ἐκρεμριτέσθη
822 4913 1046 4986 γράφων
1068 4913 1258 4986 οὕτως·

501 4934 788 5058 ῗὲξῗὲἕῗ
814 4934 1296 5058 ἶξὲξφὲἑῖςέὲἱῧξ,
1319 4984 1447 5054 Leg.
1479 4985 1744 5058 διῳκεῖτο.

379 5120 390 5126 ,
503 5052 614 5124 (40)
653 5053 750 5109 Ms.
789 5061 1032 5125 uterque,
1057 5055 1384 5110 ἀποστείλει.

2173 4707 2283 4780 (ω
2317 4701 2676 4780 Μεκυιοιηιιο
2706 4692 2995 4780 “tam?
3019 4696 3304 4780 19122203:

2103 4748 2761 4833 ltiejlolcuni'ltalierjenon
2791 4748 2992 4833 possit,
3019 4748 3220 4833 niutavi
3251 4752 3303 4805 in
3331 4748 3668 4821 ἀνθρώπους.

2102 4828 2189 4901 du
2215 4828 2353 4900 forte
2386 4841 2668 4910 legendum
2699 4828 3072 4912 ἀντέργᾲταςῖ

2195 4899 2285 4984 42)
2320 4899 2696 4984 Μελιιριηυε,
2732 4899 3102 4984 καίεέςλύωμεν.

2195 4922 2285 4984 42)
2320 4922 2420 4969 Ms.
2453 4922 2696 4979 uterque,
2733 4922 3001 4968 κατεΛυωι.

2169 4922 2280 5056 ἕω)
2320 4983 2420 5038 Ms.
2451 4989 2696 5050 uterque,
2728 4971 3001 5039 ἐξέλθατε.
