3936 6358
258 509 3466 556 Μ

1244 538 1548 546 ————-———-—~

1466 705 1629 750 {NNO
1668 707 1900 751 DOMINI
1965 706 2223 751 CCXXIII.

830 913 1036 1120 S.
1189 908 2662 1120 CALLISTUS
2763 916 2859 1112 Ι

248 1294 1190 1452 PONTIFEX
1311 1289 2214 1448 ROMANUS
2309 1291 2555 1442 ET
2653 1284 3463 1441 MARTYR

1552 1746 2150 1864 NOTITIA

245 1979 420 2041 illius,
450 1975 640 2030 Coucil.
665 1973 720 2037 ι,
744 1977 858 2036 735,
899 1987 960 2026 ex
1001 1971 1152 2024 Libro
1210 1970 1479 2033 pontiﬁcali
1513 1967 1731 2041 .Dainasi
1761 1966 2110 2041 papa."
2134 1963 2434 2041 Ραριιιιιοςίω
2499 1963 2674 2016 latina:
2731 1964 2868 2015 tom.‘
2906 1965 3136 2025 CXXVII,
3179 1968 3275 2017 col.
3318 1968 3462 2030 1517,

1509 2032 1562 2080 in
1587 2027 1842 2082 Anastasio
1870 2027 2297 2088 Bibliothecario.)

294 2332 540 2386 Callistus
574 2332 651 2399 (1)
681 2331 900 2386 natione
929 2329 1226 2392 Romanus,
1253 2344 1318 2383 ex

1366 2339 1516 2398 patre
1544 2328 1800 2392 Domitio,
1829 2331 1895 2382 de
1925 2329 2142 2398 regione
2179 2329 2330 2386 urbis
2368 2327 2766 2394 Ravennatum,
2799 2331 2939 2386 sedit
2971 2346 3143 2386 annos
3167 2331 3220 2391 5.
3247 2348 3460 2389 menses

239 2403 375 2475 diuos,
402 2403 520 2456 dies
559 2398 627 2455 10
651 2402 748 2475 (2).
785 2401 908 2475 [iuit
941 2399 1530 2475 temporibusbiacrini
1565 2411 1619 2453 et
1646 2399 1999 2475 llcliogabali,
2027 2417 2059 2454 a
2093 2401 2377 2475 consulatu
2405 2402 2756 2475 Antoniniet
2784 2398 3097 2475 Alexandri.
3130 2400 3228 2456 Hic
3257 2413 3462 2475 marty-

239 2474 309 2525 rio
335 2473 754 2552 coronaturnw).
792 2470 1200 2552 Hic_constituit
1231 2470 1304 2539 (4)
1334 2470 1826 2552 jejuniumlq'uaier.
1857 2469 1909 2522 in
1936 2485 2080 2552 anno
2102 2470 2241 2552 lieri,
2268 2469 2699 2552 fru_menti,_xini
2725 2479 2778 2525 et
2807 2472 2911 2552 olei
2934 2472 3126 2552 graiia,
3159 2469 3461 2552 secundum

238 2542 578 2611 prophetiam.
615 2539 719 2606 Qui
761 2541 1005 2611 sepultus
1037 2550 1119 2594 est
1167 2540 1218 2592 in
1268 2539 1687 2611 ccerneterio_(5)
1712 2539 2034 2611 _Calepodii,
2065 2541 2161 2611 via
2201 2540 2442 2611 Angelia,
2472 2541 2738 2611 milliaria
2775 2539 3072 2611 tertio’(6),
3109 2542 3282 2610 pridie
3335 2542 3462 2598 ldus

237 2607 416 2666 incnsis
440 2610 718 2666 Octobris.
757 2607 857 2665 Hic
888 2609 1012 2664 fecit
1041 2611 1326 2663 ecclesiam
1359 2619 1562 2682 sancta).
1593 2607 1775 2682 Maria;
1805 2607 2246 2682 trans‘Tiberim.
2290 2607 2353 2682 Ei
2385 2609 2518 2682 fecit_
2529 2610 2683 2682 aliud
2718 2607 3088 2682 caemeteriu'm
3109 2607 3218 2665 'via
3263 2612 3458 2682 Appia,

238 2629 416 2666 mensns
440 2627 718 2666 uctonrts.
759 2627 857 2665 mc
888 2627 1012 2664 Iectt
1041 2627 1326 2663 ecetesmm
1359 2627 1562 2663 sanctze
1593 2627 1773 2662 maria:
1805 2627 1954 2664 trans
1996 2627 2246 2664 uberum.
2290 2627 2353 2664 bl
2385 2627 2512 2664 iecit
2541 2627 2683 2664 anno
2718 2627 3088 2664 cmmeterium
3133 2627 3218 2665 vra
3263 2627 3344 2682 Ap
3387 2629 3431 2666 ta

238 2682 313 2733 ubi
346 2683 492 2734 ιιιιιιιί
534 2682 846 2735 sacerdotes
868 2690 920 2733 et
943 2688 1206 2750 martyres
1239 2679 1603 2748 requiescunt,
1635 2679 1779 2750 quod
1809 2679 2108 2750 appellatur
2137 2694 2310 2750 usque
2337 2678 2389 2732 in
2417 2679 2737 2750 hodiernum
2765 2681 2906 2734 diem
2937 2683 3309 2735 cmmeterium
3335 2627 3431 2736 (gat

237 2752 347 2822 iisti.
383 2750 483 2822 llic_
512 2750 645 2822 fecit_
671 2749 1042 2822 ordinationes
1078 2748 1319 2822 quinque
1355 2764 1450 2818 per
1483 2764 1719 2803 mensem
1750 2748 2122 2816 Decembrem,
2148 2749 2494 2819 presbyteros
2534 2749 2622 2816 16,
2653 2749 2917 2805 diaconos
2955 2751 3010 2815 4,
3052 2751 3340 2820 episcopos
3366 2768 3462 2822 per

235 2821 336 2874 loca
365 2822 417 2874 8.
450 2819 674 2885 Quievit
693 2821 1041 2890 episcopatus
1064 2818 1181 2873 dies
1207 2817 1260 2872 6.

293 2975 360 3042 (l)
399 2973 684 3028 Callistus.
722 2971 854 3027 Post
889 2972 1255 3040 interregnum
1306 2971 1340 3026 6
1373 2972 1606 3034 dierum,
1636 2987 1673 3026 ll
1702 2973 1787 3025 (lie
1820 2984 1861 3034 Α
1892 2981 2026 3029 teste
2058 2972 2371 3042 Lampridio
2405 2973 2628 3038 ibidem,
2672 2973 2963 3030 Alexandri
3000 2975 3345 3042 imperatoris
3384 2985 3463 3032 tu-

237 3041 555 3111 Szptetnbris
591 3059 738 3097 anno
770 3041 1063 3096 Dominica:
1094 3043 1486 3096 incarnationis
1522 3042 1649 3104 221,
1692 3045 1784 3112 qui

233 3125 301 3167 est
326 3114 580 3167 Antonini
609 3112 906 3166 Caracallze
936 3112 1227 3176 secundus,
1271 3113 1643 3180 pontilicatum
1685 3129 1789 3181 gu-

238 3183 556 3237 bernandum
589 3183 790 3250 accipit
811 3181 1091 3245 Callistus,
1122 3181 1294 3249 patria
1325 3181 1623 3246 Romanus,
1650 3181 1788 3250 vigi-

236 3252 556 3307 lantissimus
589 3251 844 3305 Ecclesiae
873 3258 1077 3319 pastor,
1113 3251 1392 3304 miraculis
1417 3261 1471 3304 et
1500 3253 1786 3305 sanctitate

234 3325 415 3387 clarus,
436 3323 531 3390 qui
563 3322 840 3374 Privatum
869 3320 1155 3390 ulceribus
1168 3321 1383 3388 plenum
1413 3322 1662 3390 precibus
1696 3337 1785 3374 sa-

236 3393 383 3446 navit.
406 3389 545 3444 Vide
579 3391 777 3444 Baron.
807 3404 950 3444 anno
970 3389 1094 3443 220.
1127 3389 1254 3443 Sev.
1286 3391 1401 3443 BIN.

292 3461 364 3527 (2)
403 3458 550 3515 Sedit
579 3476 746 3512 annos
771 3461 825 3523 5,
851 3475 1047 3512 menses
1075 3459 1227 3521 duos,
1255 3461 1364 3513 dies
1398 3457 1482 3513 10.
1523 3457 1659 3513 Cum
1685 3459 1788 3512 sub

235 3531 521 3585 Alexandro
543 3533 891 3597 imperatore,
919 3543 1064 3582 anno
1086 3528 1297 3597 imperii
1328 3529 1472 3582 illius
1497 3529 1675 3594 tertio,
1695 3529 1785 3596 qui

234 3612 304 3652 est
331 3601 531 3654 Christi
564 3595 695 3660 226,
731 3599 902 3668 pridie
929 3595 1337 3668 Idusioctobris
1368 3599 1631 3668 martyrio
1659 3595 1788 3651 alie-

234 3681 340 3724 ctus
374 3671 464 3733 sit,
499 3679 558 3723 ut
587 3666 966 3723 ecclesiastica:
1010 3666 1207 3722 tabula:
1250 3666 1524 3733 referunt,
1545 3667 1788 3736 quinque

235 3739 432 3806 quidem
465 3739 648 3800 annis,
670 3739 764 3792 sed
782 3751 897 3806 uno
918 3736 1184 3792 duntaxat
1207 3751 1412 3800 mense,
1432 3745 1486 3791 et
1507 3737 1698 3792 diebus
1721 3736 1789 3788 l2

235 3805 423 3862 sedisse
452 3811 749 3862 invenitur.
775 3805 850 3861 In.

293 3879 364 3945 (5)
407 3877 512 3931 Hic
543 3879 800 3947 martyrio
835 3884 1131 3947 coronatur.
1175 3875 1248 3929 De
1293 3874 1555 3947 martyrio
1580 3871 1788 3947 Callisti

235 3943 527 4002 Romanum
563 3943 1003 4016 Martyrologium
1031 3946 1143 4000 hac
1170 3944 1413 3999 continet
1440 3943 1454 3998 ἐ
1487 3943 1790 4016 Βοηιω,ιυὶιι

235 4018 408 4084 Appia,
433 4018 634 4070 natalis
683 4013 819 4069 beati
862 4013 1082 4070 Callisti
1125 4030 1276 4084 papae
1315 4023 1364 4066 et
1395 4015 1664 4082 martyris,
1699 4013 1790 4083 qui

233 4088 509 4140 Alexandri
541 4086 870 4154 imperatoris
888 4086 1046 4152 jussu
1077 4084 1279 4137 diutius
1309 4084 1448 4151 fame
1484 4085 1539 4154 in
1583 4099 1790 4136 carcere

234 4157 508 4221 cruciatus,
547 4153 862 4226 et'quotidie
900 4155 1127 4226 fustibus
1177 4170 1363 4215 cursus,
1407 4153 1613 4226 tandem
1651 4169 1678 4205 e
1715 4155 1793 4220 [e-

236 4236 394 4279 uestra
416 4223 712 4290 domus,'in
736 4242 840 4294 qua
863 4223 1277 4288 custodiebatur,
1306 4223 1689 4294 praecipitatus,
1715 4232 1792 4274 at-

235 4311 320 4363 que
343 4297 397 4366 in
420 4307 638 4366 puteum
664 4292 950 4366 demersus,
975 4295 1206 4366 victoria:
1241 4292 1560 4366 triumphum
1589 4306 1793 4366 prome-

235 4348 350 4418 έιιὶι.
381 4348 640 4420 Siedcum
675 4348 979 4417 Alexander
1019 4363 1329 4432 imperator,
1371 4348 1505 4416 teste
1537 4348 1790 4432 Lampri-
1821 4348 1868 4408 Β

234 4437 313 4488 dio
339 4435 391 4488 in
419 4435 744 4494 Alexandro,
776 4430 1142 4486 Christianam
1189 4448 1301 4486 rem
1333 4445 1438 4485 non
1470 4430 1645 4484 solum
1674 4445 1780 4482 non

236 4505 437 4566 laeserit,
466 4506 560 4559 sed
589 4505 770 4572 potius
797 4503 1088 4570 plurimum
1119 4499 1469 4572 promoverit,
1502 4499 1780 4572 Christum

237 4573 362 4628 inter
391 4576 526 4629 deos
551 4567 820 4633 habuerit,
843 4573 1000 4640 eique
1031 4567 1313 4624 matutinis
1335 4569 1485 4640 horis
1511 4567 1786 4640 inlarario

235 4658 324 4697 suo
361 4660 480 4698 rem
513 4642 746 4696 divinam
798 4638 1000 4706 fecerit,
1029 4656 1112 4703 ac,
1144 4640 1244 4693 nisi
1276 4638 1513 4692 oraculis
1560 4639 1785 4691 deorum

236 4712 512 4768 dissuasus
545 4712 754 4772 fuisset,
791 4711 1048 4778 templum
1083 4709 1256 4764 eidem
1286 4707 1493 4778 erigere
1532 4707 1786 4778 decreve-

238 4783 329 4846 rit,
361 4783 802 4837 Christianorum
851 4775 1094 4834 moribus
1127 4775 1424 4834 delectatus
1461 4775 1645 4846 fuerit,
1694 4791 1788 4846 eos

237 4853 630 4918 provinciarum
661 4851 965 4905 rectoribus
997 4845 1671 4918 imitandosprOposuerit,
1703 4845 1790 4918 iis-

237 4915 331 4987 que
355 4922 598 4983 demum,
627 4919 926 4988 popinariis
953 4918 1216 4987 expulsis,
1247 4916 1313 4988 ad
1360 4924 1662 4969 conventus
1697 4915 1789 4988 _fa-

236 4985 452 5044 utendos
486 4985 983 5058 publicuinilocum,
1001 4985 1066 5040 ex
1089 4993 1200 5056 Quo
1225 4987 1378 5050 olim,
1406 4993 1664 5058 regnante
1681 4985 1793 5037 Au-

238 5069 404 5126 gusto,
425 5055 646 5112 Christo
675 5058 728 5110 in
758 5057 1066 5112 Bethlehem
1097 5055 1378 5126 nascente,
1403 5055 1580 5107 oleum
1610 5065 1790 5126 scaiu-

236 5124 336 5186 riit.
369 5129 720 5189 concesserit,
755 5143 818 5180 ac
854 5127 1051 5180 ibidem
1106 5140 1199 5193 per
1247 5124 1532 5193 Callistum
1573 5124 1792 5190 pontili-

236 5211 343 5250 cem
386 5198 643 5265 templum
681 5199 735 5249 in
785 5199 988 5251 honore
1018 5192 1206 5262 partus
1247 5192 1470 5265 virginei
1499 5206 1789 5265 consecra-

239 5274 343 5318 tum
371 5261 513 5334 erigi
540 5267 844 5335 permiserit
875 5283 890 5318 :
926 5261 1046 5326 hac,
1071 5265 1317 5335 inquam,
1344 5261 1792 5335 yo_lunt_ate_opti-

236 5349 317 5389 ma
355 5329 483 5390 cum
503 5329 627 5405 erga
657 5329 1251 5405 Christianosaﬂ‘ectus
1292 5331 1469 5405 inerit,
1508 5329 1790 5405 Callistum

239 5405 536 5470 pontiﬁcem
570 5401 690 5458 'non
740 5405 912 5474 ipsius
963 5402 1252 5474 Alexandri
1307 5401 1649 5474 imperatoris
1699 5416 1792 5474 ex-

239 5469 416 5542 presso
435 5476 591 5543 jussu
621 5490 684 5528 ac
710 5469 925 5528 decreto
946 5512 960 5536 ,
1006 5473 1098 5527 sed
1141 5470 1320 5543 potius
1346 5469 1577 5543 consilio
1609 5485 1673 5522 ac
1699 5469 1794 5522 de-

237 5537 376 5614 creto
405 5537 936 5614 iurisconsultorum,
971 5553 1044 5614 et
1067 5537 1335 5614 imprimis
1370 5537 1792 5614 Ulpianitquem

239 5607 577 5680 Christianis,
608 5615 753 5667 Velut
801 5613 1101 5682 sacrilegis,
1146 5607 1564 5682 infestissimiun
1601 5607 1790 5671 fuisse,

241 5695 298 5732 ex
335 5678 621 5755 Lactantio
667 5683 943 5755 Firmiano
975 5678 1068 5734 lfb.
1102 5697 1156 5743 v,
1193 5695 1244 5734 c.
1271 5679 1338 5755 ,11
1379 5689 1432 5732 et
1466 5678 1790 5755 constat,

242 5753 467 5806 occisam
510 5755 677 5809 fuisse
711 5753 892 5807 verius
937 5767 1059 5808 esse
1105 5750 1432 5814 putavimus.
1485 5747 1581 5803 Hic
1623 5747 1790 5812 enim,

1893 3054 2061 3098 torem
2108 3043 2491 3126 egit,.princ_ipi
2523 3043 2707 3126 primo
2752 3044 3137 3126 locoassedit,
3173 3045 3463 3126 praefectu-

1891 3129 2006 3167 ram
2038 3115 2365 3184 praetoriam,
2390 3113 2704 3184 dignitatem
2732 3114 3148 3184 amplissimam,
3173 3113 3463 3184 imperato—

1892 3186 1966 3237 ris
1995 3198 2258 3254 co_ricesstt
2299 3183 2720 3254 administravit.
2753 3198 2817 3237 ac
2843 3183 3171 3238 scriniorum
3202 3183 3462 3254 magister

1891 3252 2116 3314 exstitit,
2147 3251 2281 3306 adeo
2310 3261 2367 3305 ut
2397 3251 2557 3320 hujus
2589 3252 2814 3306 arbitrio
2839 3267 2975 3321 pene
3003 3261 3195 3308 cuncta
3225 3251 3460 3322 impera-

1892 3331 1974 3376 tor
2000 3322 2222 3391 faceret,
2258 3321 2636 3391 dicereturque
2655 3322 2816 3390 jussu
2845 3323 3135 3391 Alexandri
3174 3321 3459 3391 accidisse,

1889 3390 2044 3460 quod,
2068 3391 2326 3446 mandato
2354 3399 2408 3445 et
2438 3390 2670 3460 consilio
2694 3393 2864 3446 solius
2893 3390 3106 3460 Ulpiani
3127 3392 3327 3447 factum
3353 3390 3464 3450 fu'eo

1888 3457 1989 3515 rat.
2029 3459 2104 3514 De
2129 3461 2328 3530 quibus
2353 3457 2695 3530 videBaron.
2731 3475 2875 3530 anno
2904 3457 3030 3528 225,
3060 3478 3211 3516 num.
3242 3463 3294 3528 1,
3319 3462 3376 3530 2,
3405 3465 3460 3526 5,

1889 3531 1944 3594 4,
1971 3539 2101 3596 etc.;
2133 3528 2259 3584 item
2293 3543 2438 3583 anno
2463 3529 2590 3593 226,
2625 3546 2682 3585 ιι.
2716 3532 2770 3585 4.
2805 3528 2881 3585 In.

1961 3597 2037 3668 (4)
2081 3599 2182 3672 Hic
2211 3601 2506 3672 constituit.
2549 3599 2667 3672 Hoc
2693 3602 2974 3656 decretum
3005 3609 3183 3657 exstat
3229 3601 3461 3672 epistola

1887 3669 2239 3788 ejuslplrima.l
2265 3668 2397 3723 Vide
2451 3685 2573 3738 qua:
2619 3670 2866 3725 dicemus
2917 3672 2970 3725 in
3021 3673 3166 3735 notis
3200 3668 3280 3725 atl'
3312 3673 3459 3727 illam

1888 3753 2005 3788 ents
2031 3753 2064 3788 ο
2089 3753 2196 3788 am.
2246 3755 2298 3788 ι).

1888 3748 2196 3807 epistolam.
2225 3748 2298 3792 In.

1962 3808 2038 3875 (5)
2081 3806 2148 3859 In
2173 3803 2484 3864 cmmeterio.
2523 3807 2994 3870 Coemetcriorum,
3030 3822 3260 3876 quorum
3298 3808 3350 3861 in
3379 3811 3462 3863 vi-

1892 3877 1960 3931 tis
1990 3877 2303 3947 pontilicum
2331 3879 2474 3947 apud
2508 3879 2650 3931 hunc
2679 3887 2954 3931 auctorem
2986 3877 3214 3931 diversis
3228 3878 3299 3947 _in
3325 3879 3461 3934 locis

1890 3946 2095 4000 mentio
2118 3945 2223 4016 fit;
2259 3945 2608 4016 quadraginta
2639 3947 2739 4016 tria
2782 3954 3135 4016 recensentur
3163 3962 3191 3998 ει
3225 3945 3461 4003 Baronio

1891 4030 2036 4068 anno
2069 4012 2290 4070 Christi
2305 4016 2432 4080 226,
2469 4012 2619 4069 num.
2657 4015 2688 4068 8
2717 4025 2770 4069 et
2797 4015 2848 4068 9.
2884 4012 3245 4068 Nominantnr
3277 4027 3459 4070 autem

1891 4085 2202 4139 cmmeteria
2238 4086 2328 4140 illa
2361 4088 2500 4149 loca,
2536 4086 2588 4138 in
2628 4100 2748 4154 qua:
2776 4083 3071 4154 Christiani
3101 4100 3326 4139 suormn
3366 4086 3461 4140 de-

1891 4155 2200 4224 functorum
2248 4166 2480 4224 corpora
2527 4153 2817 4224 unguentis
2861 4153 3102 4208 delibuta
3151 4156 3461 4224 sepelienda

1891 4223 2205 4278 deferebant
2243 4240 2256 4276 :
2291 4223 2632 4294 appellabant
2655 4234 2842 4277 autem
2872 4239 2935 4276 ea
2965 4224 3082 4278 loca
3125 4223 3458 4290 cmmeteria,

1892 4294 2038 4363 quod
2069 4295 2202 4346 tides
2231 4293 2470 4358 doceret,
2503 4293 2844 4363 Christianos
2874 4309 2980 4346 non
3019 4294 3178 4357 mori,
3215 4295 3307 4348 sed
3331 4310 3461 4363 ([ur-

1893 4361 1989 4420 ius
2019 4363 2356 4426 excitandos,
2385 4364 2586 4417 interea
2619 4363 2671 4414 in
2705 4362 2933 4415 Domino
2970 4363 3300 4416 obdormire.
3327 4361 3464 4416 Ter-

1889 4433 2148 4486 tullianus
2193 4431 2271 4485 De
2312 4450 2507 4486 corona
2551 4431 2759 4484 militis.
2805 4431 2931 4484 llaec
2955 4432 3082 4485 alibi
3109 4432 3461 4486 nominantur

1891 4502 2162 4556 interdum
2210 4517 2370 4564 areae,
2425 4502 2643 4562 tumbae,
2691 4502 3036 4563 catatumbze,
3069 4511 3124 4554 et
3157 4515 3223 4554 ex
3265 4511 3458 4555 natura

1888 4571 2016 4636 loci,
2051 4580 2251 4640 erypta:
2301 4572 2582 4624 arenariae.
2616 4569 2710 4622 llis
2758 4569 2812 4622 in
2861 4570 2994 4624 locis
3021 4569 3458 4640 Christianorum

1889 4638 2172 4704 duntaxat,
2200 4655 2305 4694 non
2330 4650 2508 4694 autem
2535 4640 2878 4694 ethnicorum
2905 4638 3187 4707 gentilium
3217 4639 3460 4693 defuncti

1889 4711 2305 4778 sepeliebantur,
2338 4709 2566 4777 ideoque
2596 4709 2788 4762 diebus
2815 4707 3111 4778 Dominicis
3141 4724 3170 4760 a
3194 4707 3463 4778 Christia-

1890 4776 1976 4832 nis
2024 4778 2355 4848 frequentari
2400 4776 2695 4848 solebant;
2729 4779 2874 4845 quod
2918 4777 3174 4848 deinceps
3224 4776 3461 4848 aliorum

1891 4845 2280 4918 imperatorum
2339 4848 2532 4904 edictis
2594 4847 2865 4918 vetituth
2927 4847 3160 4918 aliorum
3214 4845 3459 4918 vicissim

1891 4914 2217 4972 Christianis
2265 4932 2606 4972 concessum.
2644 4914 2779 4968 Vide
2830 4914 3120 4970 Baronium
3153 4930 3298 4969 anno
3335 4915 3459 4980 150,

1891 5002 1948 5040 ιι.
1976 4987 2039 5052 2;
2067 5002 2211 5041 anno
2243 4987 2371 5050 226,
2405 5003 2458 5040 ιι.
2497 4986 2565 5039 10
2596 4994 2651 5039 et
2676 4985 2770 5048 11;
2801 5000 2944 5040 anno
2965 4985 3091 5050 260,
3120 5000 3176 5038 ιι.
3203 4985 3301 5052 17;
3331 4983 3459 5048 258,

1891 5071 1947 5109 ιι.
1979 5057 2044 5123 'l;
2081 5057 2207 5110 item
2246 5057 2370 5122 262,
2407 5073 2460 5108 ιι.
2493 5054 2558 5107 77
2585 5053 2748 5123 et
2785 5054 2861 5107 In.

1963 5121 2039 5196 (6)
2080 5125 2336 5179 Milliario
2359 5121 2532 5178 tertio.
2565 5125 2648 5196 Ab
2668 5121 2814 5196 Urbe
2841 5123 3098 5196 nimirum
3126 5141 3139 5177 :
3171 5123 3287 5194 lege
3314 5121 3459 5196 enim

1893 5191 1980 5249 12⁷
2007 5191 2334 5258 tabularum,
2370 5205 2507 5249 teste
2541 5194 2716 5247 Cicer.
2753 5193 2826 5246 De
2869 5191 2969 5262 leg.
3008 5193 3102 5246 lib.
3140 5208 3201 5256 ιι,
3230 5191 3460 5262 'vetitum

1892 5265 2090 5331 fuerat,
2121 5265 2433 5319 defunctum
2466 5265 2607 5316 intra
2638 5263 2835 5317 mmnia
2875 5261 3120 5330 sepelire.
3154 5262 3266 5315 Hac
3292 5261 3461 5330 igitur

1892 5335 2008 5404 lege
2039 5334 2369 5404 cogebantur
2403 5334 2562 5404 etiam
2603 5331 2896 5404 Christiani
2935 5347 3063 5404 suos
3089 5339 3334 5404 mortuos
3359 5343 3460 5404 ex:

1895 5399 1976 5458 tra
2011 5399 2206 5458 «inmitia
2236 5404 2483 5470 sepelire,
2515 5403 2618 5456 nisi
2646 5404 2783 5456 forte
2805 5403 2928 5470 quis
2956 5401 3264 5455 clanculum
3291 5399 3460 5470 (quod

1894 5474 2092 5541 saepius
2123 5469 2346 5541 accidit)
2376 5472 2607 5528 cadaver
2649 5469 2900 5541 martyris
2920 5470 3272 5541 sustulisset,
3308 5483 3374 5523 ac
3405 5469 3462 5522 in

1893 5538 2055 5597 domo
2083 5543 2300 5613 pmpria
2330 5538 2629 5613 Sepelisset.
2665 5538 3129 5613 Sub'_Ch_ristianis
3148 5539 3463 5613 _imperato-

1896 5615 2047 5668 ribus
2084 5609 2403 5667 sanctor-nm
2454 5627 2578 5666 ossa
2613 5612 2665 5663 in
2701 5609 2956 5664 ecclesias
2997 5609 3257 5664 translata
3310 5614 3462 5666 sunt.

1895 5683 2093 5738 Baron.
2124 5697 2268 5738 anno
2297 5680 2423 5746 226,
2454 5697 2511 5736 ιι.
2552 5679 2582 5732 7
2611 5689 2666 5736 et
2689 5679 2775 5735 12.
