4006 6356
446 340 544 398 Ml

1719 347 1775 401 S.
1810 346 2122 404 (ZALLlSTI
2161 349 2181 403 Ι
2213 349 2414 405 ΡΑΡίΕ

3591 367 3695 423 “2

1557 648 2068 741 NOTITIA
2139 650 2645 742 ALTERA.
3519 737 3522 740 ,
3787 627 3790 629 ’

1241 859 1325 923 (D.
1351 862 1614 921 Cousrm,
1643 860 1870 926 Epistolte
1893 864 2026 912 Rom.
2055 866 2206 928 pant.,
2234 868 2352 915 tom.
2383 864 2405 915 Ι
2432 872 2485 916 et
2510 867 2666 926 unic.,
2692 881 2742 928 p.
2765 867 2896 929 114.)

516 1181 646 1238 POSt
673 1180 1046 1252 Zephyrinum
1090 1182 1382 1249 Callistus,
1420 1187 1513 1256 qui
1543 1195 1595 1240 ct
1633 1186 1701 1240 ab
1733 1184 1928 1257 Optato
1961 1197 2014 1242 et
2042 1195 2088 1250 Α
2115 1189 2412 1242 constituit.
2443 1187 2518 1242 ita
2542 1188 2687 1242 enim
2719 1203 2844 1244 eum
2891 1187 3215 1244 scribentem
3250 1190 3458 1246 inducit
3488 1192 3690 1264 :‘Jeju-

445 1273 752 1343 Augustino
795 1271 1040 1326 Calixtus
1075 1283 1442 1345 nuncupatur,
1489 1291 1633 1330 anno
1679 1275 2008 1348 Heliogabali

439 1366 655 1434 primo,
692 1364 837 1420 circa
879 1364 1095 1419 initium
1143 1367 1270 1421 anni
1317 1366 1520 1422 Christi
1561 1368 1664 1422 219
1707 1369 2006 1435 ordinatus,

439 1455 818 1526 quinquennio
856 1469 965 1510 non
1005 1455 1225 1526 penitus
1263 1455 1468 1525 elapso,
1521 1471 1665 1510 anno
1690 1456 1817 1523 225,
1840 1456 2004 1512 Octo-

440 1544 556 1598 bris
586 1560 672 1598 xtv
702 1544 811 1610 die,
841 1559 952 1614 quo
995 1552 1048 1598 et
1091 1543 1292 1599 festum
1335 1544 1455 1614 ejus
1495 1545 1710 1610 colitur,
1745 1547 2006 1615 martyrio

435 1634 604 1687 vitam
637 1633 809 1687 linivit
831 1635 870 1685 ¹.
894 1632 950 1686 ln
976 1631 1191 1688 Eusebii
1223 1632 1482 1687 Chronico
1507 1634 1823 1703 simpliciter
1847 1633 2009 1704 quin-

437 1738 542 1792 que
573 1721 920 1791 pontiﬁcatus
951 1722 1078 1775 anni
1099 1722 1150 1776 ei
1179 1721 1510 1775 tribuuntur.
1540 1715 1601 1775 In
1627 1721 1874 1792 catalogo
1904 1737 2005 1777 au-

437 1821 543 1866 tem
570 1811 934 1877 Bucheriano,
958 1811 1045 1864 cui
1072 1821 1126 1865 et
1147 1811 1471 1880 pontiliCalis
1492 1810 1819 1882 suffragatur
1846 1811 2001 1879 liber,

435 1918 609 1958 annos
633 1902 688 1968 5,
723 1916 940 1956 menses
974 1901 1061 1967 11,
1090 1900 1206 1956 dies
1247 1900 1314 1954 10
1347 1899 1648 1956 Ecclesiam
1675 1902 2006 1972 gubernasse

433 1993 747 2046 adnotatur.
793 1990 899 2046 Sed
941 1982 1049 2045 ndn
1095 1991 1331 2047 cohaeret
1356 1991 1458 2048 sibi
1491 1993 1780 2062 praedictus
1802 1995 2003 2049 catalo-

432 2101 554 2156 gus,
584 2085 678 2139 ubi
714 2083 925 2139 Callisti
957 2083 1328 2153 episcopatum
1359 2101 1390 2137 a
1437 2085 1714 2138 consulatu
1748 2085 2002 2139 Antonini

431 2185 478 2229 et
510 2175 732 2228 Adventi
759 2188 929 2246 usque
956 2175 1220 2229 Antonino
1250 2172 1349 2226 ΙΙΙ
1392 2174 1516 2244 (leg.
1543 2172 1649 2245 IV)
1687 2182 1737 2228 et
1769 2175 2001 2230 Alexan-

428 2267 545 2331 dro,
589 2267 692 2319 hoc
726 2273 810 2319 est
850 2265 918 2318 ab
955 2279 1099 2318 anno
1135 2264 1338 2318 Christi
1368 2264 1474 2317 218
1510 2264 1578 2318 ad
1613 2263 1740 2331 222,
1791 2264 1996 2319 delinit.

426 2356 614 2426 Neque
649 2356 814 2411 etiam
855 2355 931 2419 id,
967 2356 1109 2426 quad
1151 2357 1205 2409 in
1240 2356 1381 2409 libro
1411 2350 1713 2410 Pontiﬁcali
1747 2354 1996 2420 habetur,

428 2448 557 2502 Fuit
591 2447 906 2517 temporibus
938 2447 1170 2501 Macrini
1211 2456 1260 2501 et
1291 2446 1625 2517 Heliogabali
1663 2463 1695 2500 a
1722 2445 1998 2500 consulatu

426 2539 550 2609 (leg.
599 2539 666 2591 ad
716 2538 1070 2607 consulatum)
1107 2537 1362 2590 Antonini
1410 2547 1459 2590 et
1502 2536 1828 2601 Alexandri,
1871 2551 1996 2592 cum
2026 2527 2070 2582 Β

423 2631 642 2686 Eusebii
677 2647 773 2687 seu
809 2630 1065 2686 Chronico
1095 2646 1193 2687 seu
1219 2630 1462 2685 Historia
1490 2629 1804 2685 concordat.
1832 2627 1996 2684 Utro-

422 2723 588 2793 bique
615 2721 759 2777 enim
789 2721 1139 2793 Heliogabalo
1165 2722 1221 2777 in
1247 2720 1475 2776 Macrini
1512 2720 1785 2776 demortui
1813 2720 1993 2776 locum

423 2817 745 2886 imperante,
778 2825 832 2872 et
873 2815 1215 2888 Zephyrinus
1253 2815 1478 2878 abiisse,
1505 2822 1559 2868 et
1600 2811 1856 2868 Callistus
1890 2810 1993 2867 Ec-

416 2908 599 2965 clesia:
623 2910 865 2978 regimen
895 2908 1202 2978 suscepisse
1227 2914 1622 2961 memorantur.

594 3020 671 3074 De
699 2999 925 3087 decreto,
957 3029 1006 3074 et
1030 3019 1263 3090 epistolis
1297 3015 1520 3072 Callisto
1547 3017 1811 3086 ascriptis.

489 3131 543 3185 1.
574 3128 630 3184 Si
660 3131 880 3200 vulgato
906 3130 1207 3186 Pontiﬁcali
1233 3129 1372 3185 libro
1396 3129 1640 3184 habenda
1672 3127 1825 3194 ﬁdes,
1859 3126 1986 3182 Cal-

416 3223 578 3277 listus
603 3222 876 3276 constituit
914 3221 1182 3290 jejunium
1229 3229 1416 3290 quater
1444 3220 1498 3273 in
1535 3234 1674 3272 anno
1698 3217 1838 3286 ﬁeri,
1871 3218 1987 3286 fru-

416 3315 599 3382 menti,
632 3313 738 3368 vini
785 3320 834 3368 et
870 3311 971 3366 olei
1021 3311 1516 3382 gratia,secundum
1552 3308 1899 3378 prophetiam.
1924 3306 1985 3361 In

415 3405 728 3462 Fossatensi
765 3421 870 3461 ms.
915 3418 1060 3458 nunc
1093 3403 1434 3458 bibliothecae
1456 3401 1612 3456 Colb.
1647 3415 1770 3456 cum
1797 3414 1906 3470 quo
1931 3406 1986 3453 et

413 3498 548 3552 alter
585 3497 785 3567 regina:
815 3495 1118 3551 Succorum
1147 3495 1289 3564 apud
1318 3492 1558 3548 Bolland.
1585 3501 1716 3547 tom.
1748 3491 1770 3545 ι
1807 3490 1981 3562 April.

411 3591 608 3661 propil.
634 3591 926 3654 consentit,
977 3589 1120 3644 idem
1164 3589 1442 3642 decretum
1493 3587 1574 3643 sic
1609 3586 1926 3642 enuntiatur
1961 3601 1976 3637 :

413 3681 516 3734 Hic
540 3679 814 3736 constitu'it
833 3680 1099 3750 jejunium
1120 3679 1206 3733 die
1233 3677 1453 3734 Sabbati
1482 3688 1561 3732 ter
1588 3679 1644 3732 in
1673 3695 1810 3732 anno
1839 3677 1977 3746 ﬁeri,

2112 1278 2277 1340 nium,
2302 1278 2440 1346 quod
2464 1286 2542 1329 ter
2573 1277 2628 1330 in
2663 1293 2800 1330 anno
2822 1278 2962 1346 apud
2992 1294 3086 1333 nos
3127 1279 3391 1333 celebrare
3413 1282 3677 1348 didicisti,

2109 1368 2490 1445 conuenientius
2525 1383 2662 1419 nunc
2697 1383 2788 1435 per
2813 1375 3042 1436 quatuor
3080 1378 3312 1436 tempora
3345 1369 3465 1437 ﬁeri
3501 1371 3684 1425 decer-

2107 1457 2302 1510 nimus.

2173 1572 2229 1626 2.
2261 1572 2503 1638 Quatuor
2544 1571 2675 1625 anni
2722 1570 3056 1640 temporibus
3095 1571 3229 1626 feria
3263 1583 3486 1642 quarta,
3527 1584 3683 1629 sexta

2105 1671 2158 1717 et
2190 1661 2428 1717 Sabbato
2472 1662 2758 1732 jejunandi
2801 1676 3006 1716 morem
3057 1663 3111 1716 in
3156 1663 3401 1720 Ecclesia
3432 1664 3682 1721 Romana

2104 1753 2295 1808 saltem
2346 1752 2538 1822 quinto
2592 1751 2794 1807 saeculo
2853 1753 3176 1822 generaliter
3227 1765 3506 1824 receptum
3555 1772 3683 1811 esse

2103 1841 2300 1897 Leonis
2326 1857 2606 1896 sermones
2635 1841 2792 1896 ﬁdem
2821 1840 3048 1896 faciunt.
3080 1841 3236 1899 Hunc
3255 1856 3434 1899 autem
3467 1860 3677 1900 morem

2103 1948 2134 1986 a
2172 1932 2439 2003 legalibus
2471 1932 2732 1988 institutis
2753 1933 3102 2002 desumptum
3135 1935 3298 1988 etiam
3333 1936 3478 2004 apud
3511 1936 3675 1989 Chri-

2102 2023 2311 2079 stianos
2359 2025 2657 2093 apostolica
2703 2025 3029 2079 auctoritate
3070 2040 3478 2094 perseverasse,
3529 2026 3712 2080 idem'

2101 2114 2210 2168 Leo
2251 2114 2425 2170 docet.
2473 2113 2619 2168 Unde
2650 2117 2858 2179 merito,
2892 2115 3070 2185 inquit
3099 2131 3265 2170 serm.
3301 2115 3334 2169 9
3372 2116 3439 2170 de
3459 2116 3676 2184 jejunio

2099 2205 2296 2260 decimi
2343 2206 2568 2270 mensis,
2597 2206 2966 2275 disposuerunt
3010 2198 3313 2276 apostolicis
3351 2210 3670 2272 sanctiones,

2099 2305 2155 2348 ut
2185 2304 2410 2348 veterum
2435 2295 2762 2365 jejuniorum
2809 2296 3018 2351 utilitas
3062 2307 3420 2366 permaneret:
3464 2308 3514 2351 et
3546 2301 3672 2352 licet

2099 2385 2352 2439 Ecclesia:
2380 2386 2700 2439 consuetudo
2730 2384 3110 2454 prolixioribus
3141 2402 3194 2438 se
3230 2385 3669 2455 castigationibus

2098 2491 2334 2530 exercere
2360 2476 2657 2539 didicisset,
2695 2475 3092 2544 amplecteretur
3123 2485 3297 2529 tamen
3332 2478 3670 2532 continentia:

2099 2567 2568 2636 sanctiﬁcationem
2592 2581 2655 2621 ea:
2688 2566 2796 2637 lege
2821 2568 3104 2621 uenientem
3145 2581 3162 2618 :
3189 2566 3376 2635 quibus
3403 2568 3542 2620 enim
3567 2570 3669 2619 do-

2098 2668 2278 2712 natum
2307 2669 2422 2712 erat
2450 2675 2599 2729 posse
2626 2659 2764 2728 quod
2809 2658 2983 2727 majus
3020 2669 3120 2726 est,
3156 2658 3395 2712 indecens
3426 2658 3527 2726 fuit
3561 2674 3665 2711 non

2094 2748 2352 2803 celebrare
2376 2749 2512 2818 quod
2558 2750 2732 2802 minus
2775 2759 2869 2802 est.
2901 2746 2968 2801 Et
2995 2763 3160 2802 serm.
3192 2746 3225 2802 8
3254 2748 3320 2802 de
3339 2748 3549 2818 jejunio
3577 2763 3667 2802 se-

2092 2840 2247 2910 ptimi
2276 2841 2501 2906 mensis,
2529 2856 2579 2894 c.
2603 2842 2637 2894 5
2660 2840 2734 2894 ait
2769 2858 2782 2894 :
2814 2839 2958 2893 Licet
2992 2849 3192 2908 tempus
3217 2855 3366 2893 omne
3395 2839 3664 2909 (jejuniis)

2093 2933 2162 2986 sit
2187 2947 2494 3000 congruum,
2533 2931 2629 2982 hoc
2667 2942 2840 2984 tamen
2870 2931 3117 2982 habemus
3152 2930 3488 2998 aptissimunt
3520 2931 3661 2999 quod

2090 3033 2138 3077 et
2163 3022 2461 3091 apostolicis
2487 3032 2534 3076 et
2565 3021 2822 3092 legalibus
2854 3023 3114 3076 institutis
3144 3021 3378 3074 videmus
3408 3020 3654 3074 electum.

2090 3106 2147 3161 ιη
2177 3123 2428 3163 sermone
2474 3117 2651 3162 autem
2697 3108 2752 3171 4,
2797 3123 2846 3162 c.
2885 3109 2941 3170 2,
2976 3109 3077 3163 hoc
3121 3107 3389 3177 jejunium
3417 3108 3659 3177 generale

2089 3215 2152 3255 ac
2180 3201 2341 3252 totius
2376 3197 2627 3252 Ecclesia:
2649 3212 2767 3253 esse
2801 3199 2963 3254 tradit
2994 3214 3010 3250 :
3047 3199 3193 3268 quod
3227 3199 3415 3270 saltem
3446 3199 3512 3253 de
3546 3199 3658 3252 Ro-

2087 3307 2248 3346 mana
2300 3290 2726 3359 intelligendum.
2776 3289 3042 3356 Quocirca
3087 3305 3253 3345 serm.
3292 3291 3345 3355 '5,
3403 3305 3453 3344 c.
3494 3290 3550 3355 2,
3587 3291 3657 3345 de

2085 3381 2272 3436 eodem
2299 3381 2554 3450 praedicat
2581 3397 2595 3432 :
2631 3380 2905 3450 Jejunium
2930 3396 3046 3434 vero
3067 3423 3082 3446 ,
3115 3381 3252 3449 quod
3277 3381 3519 3433 universa
3544 3380 3653 3433 Ec-

2084 3473 2243 3526 clesia
2271 3472 2510 3540 suscipit,
2543 3473 2800 3525 neminem
2831 3489 2864 3525 a
2904 3471 3136 3542 generali
3171 3472 3542 3540 puriﬁcatione
3569 3488 3653 3525 se-

2073 3567 2285 3636 jungit;
2310 3574 2358 3619 et
2381 3574 2502 3619 tunc
2527 3565 2587 3634 ﬁt
2618 3565 3012 3634 potentissimus
3038 3561 3135 3615 Dei
3162 3562 3409 3631 populus,
3437 3563 3652 3632 quando

2081 3658 2136 3711 in
2195 3658 2451 3710 unitatem
2513 3664 2710 3710 sancta:
2755 3653 3062 3710 obedientia:
3115 3653 3345 3705 omnium
3411 3651 3650 3719 ﬁdelium

410 3772 684 3839 frumenti,
723 3748 843 3826 uini
877 3748 926 3824 et
958 3769 1081 3832 olei,
1111 3769 1396 3823 secundum
1434 3767 1762 3838 prophetam,
1794 3768 1976 3838 quarti

2097 3749 2239 3803 :orda
2269 3748 2596 3802 conveniunt.

407 3863 618 3930 mensis,
647 3861 856 3932 septimi
883 3869 934 3916 et
965 3861 1172 3915 decimi.
1209 3859 1519 3916 [rectionem
1543 3869 1832 3928 utramque
1858 3873 1980 3928 per-
2005 3847 2047 3906 C
2150 3863 2204 3918 5.
2240 3862 2468 3917 Callisto
2493 3859 2730 3916 Isidorus
2761 3856 3025 3913 Mercator
3045 3855 3185 3910 duas
3211 3852 3497 3923 supposuit
3527 3851 3644 3921 cpi-

408 3949 534 4004 inde
577 3949 856 4021 componit
906 3946 1149 4005 Isidorus
1192 3947 1491 4015 Mercator,
1521 3963 1585 4002 ac
1625 3948 1672 4003 si
1705 3947 1924 4018 legisset
1957 3963 1972 4000 τ

404 4034 697 4107 Jejunium,
723 4039 860 4109 quod
892 4046 969 4093 ter
996 4039 1053 4092 in
1090 4054 1228 4092 anno
1257 4039 1374 4108 ﬁeri
1401 4036 1622 4100 solebat,
1651 4047 1836 4107 quater
1859 4036 1975 4106 ﬁeri

481 4172 500 4204 ⁸
527 4172 728 4232 Euseb.
761 4175 856 4230 lib.
877 4190 932 4229 vi
983 4189 1102 4245 cap.
1133 4173 1223 4228 2i.

2079 3953 2281 4017 stolas,
2338 3951 2572 4022 genuino
2621 3948 2832 4019 parenti
2891 3945 3184 4015 aliquando
3235 3959 3360 4000 cum
3421 3943 3647 4013 reliquis

2078 4043 2250 4113 ipsius
2281 4041 2483 4098 fetibus
2511 4039 2829 4096 reddendas.

1014 4526 1432 4660 ACTA
1527 4527 1656 4656 S.
1756 4525 2481 4657 CALLISTI
2576 4525 3018 4654 PAP/E

1372 4768 2112 4899 MABTYRIS
2199 4781 2678 4897 ROMZE.

1147 5007 1289 5069 (Acta
1309 5005 1602 5057 Sanctarum
1623 5001 1870 5066 Bolland.,
1896 5001 2124 5054 Octobris
2147 5007 2265 5052 tom.
2293 5000 2380 5062 VI,
2413 5002 2495 5052 die
2529 5000 2605 5062 14,
2627 5012 2676 5062 p.
2703 4998 2836 5062 401.)

1603 5461 1606 5465 ι
1695 5321 2314 5414 MONITUM.

455 5542 756 5600 Callistiani
808 5542 1076 5615 martyrii
1106 5542 1238 5615 Acta
1258 5580 1272 5607 ,
1305 5556 1432 5615 cum
1459 5539 1626 5596 variis
1649 5535 2378 5615 vetustisquemsscollata,
2412 5547 2671 5614 magnam.
2691 5541 2895 5615 partem
2922 5547 3034 5602 jam
3076 5533 3527 5615 pridcmAgdidit,
3555 5551 3622 5593 ac

383 5615 789 5672 Commentario
817 5603 1107 5670 illustravit
1128 5603 1504 5668 Henschenius
1534 5617 1669 5664 tom.
1693 5609 1736 5662 11
1769 5603 1917 5671 Maii;
1951 5608 2016 5662 ad
2055 5606 2195 5661 diem
2225 5604 2468 5676 ejusdem
2503 5603 2708 5676 mensis
2721 5603 3207 5676 _decimum,_pag.
3228 5604 3349 5676 498
3383 5616 3436 5676 et
3463 5621 3618 5676 seqq.

423 5693 650 5748 uatuor;
678 5699 788 5739 non
815 5685 1033 5755 quidem
1060 5685 1290 5754 integra,
1312 5680 1407 5755 sed
1439 5685 1920 5755 eatenustantum,
1947 5685 2216 5746 quatenus
2249 5672 2347 5755 SS:
2373 5673 2681 5755 Galeprodii,
2714 5672 3001 5755 .Palmatii,
3048 5672 3352 5755 Simplicii,
3398 5672 3618 5755 Felicis,

428 5755 598 5811 lauda!
621 5743 964 5825 aliorumque
982 5743 1304 5825 martyrum,
1331 5752 1398 5825 de
1423 5750 1623 5825 quibus
1651 5743 1999 5825 illicnagebaf,
2029 5755 2183 5825 gesta
2203 5745 2586 5825 continebalig
2617 5743 2999 5825 omissaparte
3016 5743 3246 5825 reliqua,
3271 5761 3379 5815 qua
3399 5746 3618 5825 reliqua

383 5825 442 5881 S.
496 5825 704 5882 Callisti
753 5812 903 5896 gesta
956 5834 1010 5884 et
1059 5812 1388 5890 SfAstérii,
1420 5812 1515 5892 qui
1577 5818 1636 5876 S.
1681 5812 1967 5876 Callistum
2012 5812 2340 5884 tumulavit,
2374 5824 2426 5872 et
2476 5812 2679 5870 Privati
2707 5812 2892 5870 militis
2930 5815 3248 5884 martyrium
3289 5812 3611 5886 explieatur.
