4006 6356
445 431 546 489 H5

1712 433 1766 486 S.
1806 429 2117 488 CALLiSTl
2153 428 2171 481 I
2211 427 2411 482 ΡᾹΡᾹΞ

3579 422 3683 477 “6

446 531 850 607 multitudinem
873 552 1309 608 Christianorum
1341 553 1656 624 psallentem
1681 569 1692 604 :
1715 554 1853 606 inter
1874 566 2011 621 quos
2044 551 2082 604 A
2115 545 2333 611 milites,
2361 543 2528 615 coepit
2553 543 2789 600 clamare
2822 561 2834 596 :
2870 541 2914 598 Ο
2951 542 3095 598 cives
3122 540 3340 612 optimi!
3381 537 3568 594 Videte
3597 553 3688 592 ar-

443 653 561 696 erat
610 643 850 700 Calixtus
901 648 1188 717 episcopus
1238 665 1358 703 cum
1418 649 1562 703 clero
1609 666 1707 703 suo
1778 650 2020 705 Audiens

443 743 626 788 autem
668 736 772 791 hoc
808 754 948 792 unus
986 754 1050 792 ex
1091 741 1404 795 consulibus
1447 742 1580 812 (5),
1631 741 1847 796 nomine
1896 741 2019 796 Pal-

447 823 680 890 matius,
722 827 1122 883 multitudinem
1175 829 1606 886 Christianorum
1647 832 1923 886 collectam
1965 833 2017 887 in

439 913 676 978 quodam
721 915 861 981 loco,
899 919 1171 974 nuntiavit
1206 920 1508 976 Alexandro
1545 921 1733 978 dicens
1777 941 1790 976 :
1833 924 2020 994 Magne

446 1000 725 1072 Princeps,
749 1003 853 1060 hoc
881 1005 1095 1075 signum
1127 1006 1248 1060 ideo
1278 1006 1475 1062 factum
1524 1016 1627 1074 est,
1660 1009 1788 1078 quia
1820 1009 2013 1065 civitas

447 1092 728 1148 sordescit.
785 1094 842 1148 Si
894 1109 1022 1164 ergo
1069 1096 1353 1164 puriﬁcata
1411 1095 1594 1165 fuerit,
1657 1098 2012 1169 gaudebimus

447 1183 610 1238 simul
631 1185 697 1240 de
719 1186 889 1255 gloria
923 1187 1177 1243 culminis
1211 1189 1375 1244 vestri
1400 1198 1452 1244 et
1480 1187 1819 1259 Respublica
1848 1191 2014 1261 fulge-

445 1279 546 1333 bit.
573 1278 875 1333 Alexander
903 1279 1041 1334 dixit
1076 1299 1088 1334 :
1132 1280 1474 1336 Puriticetur.
1514 1282 1753 1338 Tandem
1799 1285 2014 1340 declara

447 1373 628 1436 nobis,
657 1389 777 1443 qua:
819 1382 900 1428 est
936 1374 1039 1428 ista
1083 1376 1429 1445 purificatio?
1465 1376 1767 1448 Respondit
1801 1378 2015 1434 Palma-

447 1466 585 1520 tius:
627 1464 698 1521 Ut
749 1468 959 1536 profani
1010 1483 1117 1521 non
1151 1469 1278 1522 sint.
1335 1469 1640 1526 Alexander
1686 1471 1853 1526 dixit:
1908 1472 2012 1540 Qui

447 1565 574 1610 sunt
599 1556 852 1627 profani?
873 1557 1486 1630 ResponditPalmatius
1508 1582 1520 1618 :
1546 1563 1863 1621 Christiani.
1887 1567 2014 1622 Ale-

447 1647 654 1701 xander
677 1648 844 1703 dixit:
874 1648 988 1719 Ego
1020 1651 1248 1720 praecepi
1275 1652 1444 1706 semel
1491 1661 1653 1724 atque
1695 1657 1912 1722 iterum,
1955 1667 2012 1712 ut

447 1738 758 1808 ubicunque
782 1740 981 1794 inventi
1010 1741 1230 1806 fuerint,
1258 1743 1592 1813 puniantur,
1641 1757 1736 1801 aut
1784 1747 2011 1805 offerant

447 1830 551 1884 diis
581 1831 982 1888 immortalibus
1016 1833 1274 1890 libamina
1309 1835 1406 1906 (6).
1453 1835 1754 1906 Respondit
1793 1837 2008 1895 Palma-

448 1922 577 1986 tius,
603 1923 822 1978 dicens:
844 1923 944 1979 Per
964 1925 1259 1980 claritatem
1278 1935 1510 1982 vestram
1535 1943 1635 1999 ego
1663 1931 1864 1998 audivi,
1887 1946 2010 1986 cum

447 2013 621 2068 tristis
649 2029 822 2068 essem
855 2025 1076 2085 propter
1101 2017 1314 2086 signum
1340 2018 1484 2087 quod
1517 2019 1718 2074 factum
1751 2030 1851 2086 est,
1879 2038 2016 2092 quo-

447 2103 610 2157 modo
654 2105 882 2161 canticis
922 2116 974 2161 et
1015 2107 1478 2166 incantationibus
1526 2112 1579 2165 in
1623 2114 1856 2182 quodam
1895 2115 2016 2169 loco

447 2193 705 2249 clamaret
737 2195 790 2248 in
832 2195 1050 2264 regione
1087 2205 1238 2252 trans
1265 2196 1502 2252 Tiberim
1536 2201 1826 2257 multitudo
1851 2202 2014 2255 Chri-

448 2287 785 2342 stianorum:
820 2287 961 2342 unde
986 2304 1093 2344 non
1123 2290 1340 2357 mirum,
1369 2291 1414 2346 si
1443 2306 1606 2346 causa
1627 2293 1739 2348 bare
1767 2293 2015 2351 fecithoc

447 2377 683 2447 signum.

517 2470 571 2523 2.
614 2468 759 2524 Dixit
779 2471 828 2524 ei
850 2471 1186 2527 Alexander:
1212 2474 1411 2544 Accipe
1433 2483 1779 2545 potestatem,
1803 2488 1864 2534 ut
1895 2479 2017 2534 ubi-

449 2575 666 2630 cunque
697 2576 792 2616 eos
812 2562 1106 2628 inveneris,
1136 2565 1320 2620 trahas
1349 2566 1414 2620 ad
1450 2568 1864 2623 sacrificandum
1888 2609 1903 2634 ,
1947 2571 2013 2626 ad

448 2650 746 2720 placandos
767 2651 932 2706 deos:
976 2661 1067 2707 aut
1098 2663 1243 2708 certe
1279 2656 1565 2726 exquisitis
1595 2672 1692 2713 eos
1734 2661 2017 2715 tormentis

449 2739 624 2811 atilige
650 2740 925 2811 (7).Tunc
963 2741 1282 2810 Palmatius,
1307 2754 1529 2815 accepta
1569 2755 1852 2817 potestate,
1901 2749 2016 2804 col-

448 2829 587 2885 lecta
621 2833 966 2887 multitudine
989 2834 1240 2898 militum,
1273 2837 1422 2890 venit
1448 2845 1599 2892 trans
1634 2837 1893 2905 Tiberim,
1923 2838 2013 2892 ubi

448 2923 672 2977 collecta
702 2933 820 2978 erat
859 2924 1148 2979 multitudo
1175 2924 1610 2980 Christianorum
1641 2941 1764 2981 cum
1806 2926 1866 2980 Β.
1912 2927 2016 2982 Ca-

447 3011 584 3067 lixto
622 3033 632 3068 :
662 3013 802 3067 inter
820 3029 960 3083 quos
990 3025 1106 3068 erat
1127 3014 1566 3086 Calepodius(8),
1593 3031 1758 3070 senex
1792 3018 2017 3088 presby-

449 3117 571 3160 ter:
620 3114 675 3160 et
712 3105 989 3160 venientes
1042 3107 1092 3160 in
1121 3106 1393 3175 quoddam
1425 3109 1767 3163 cenaculum
1793 3109 1893 3179 (9),
1934 3109 2017 3164 in-

450 3197 622 3265 gressi
651 3205 775 3252 sunt
807 3195 993 3252 decem
1027 3197 1226 3253 milites
1258 3216 1272 3252 :
1301 3206 1355 3252 et
1384 3214 1506 3253 cum
1535 3202 1763 3270 ingreSst
1787 3199 2020 3256 fuissent
2044 3223 2087 3281 ρ

451 3302 664 3352 omnes,
691 3286 746 3341 hi
775 3286 959 3341 decem
995 3288 1190 3342 milites
1213 3289 1392 3344 subito
1422 3290 1546 3345 caeci
1576 3291 1698 3346 facti
1736 3299 1883 3346 sunt.
1915 3291 2020 3346 Re-

454 3379 677 3448 spondit
699 3379 1026 3448 Calepodius
1063 3393 1227 3435 senex
1267 3380 1548 3451 presbyter
1582 3387 1636 3434 et
1667 3381 1845 3435 dixit:
1896 3381 2020 3436 Filii

454 3470 581 3534 mei,
603 3484 763 3538 quem
791 3470 1068 3538 quaeritis?
1089 3468 1166 3523 llli
1191 3479 1368 3524 autem
1401 3470 1708 3524 clamabant
1733 3471 1972 3525 dicentes
2002 3490 2015 3524 :

452 3558 744 3613 Accendite
766 3559 922 3612 nobis
948 3558 1256 3621 luminaria,
1288 3559 1416 3627 quia
1443 3559 1766 3614 obscuratus
1790 3567 1874 3613 est
1897 3568 2022 3614 ante

455 3664 557 3704 nos
578 3650 733 3704 locus
770 3650 895 3704 iste.
935 3648 1080 3704 Dixit
1125 3660 1304 3704 autem
1332 3650 1656 3720 Calepodius
1688 3652 1969 3722 presbyter
2003 3668 2017 3705 :

455 3741 600 3797 Deus
620 3741 713 3811 qui
735 3741 885 3796 videt
917 3741 1121 3807 omnia,
1155 3741 1272 3811 ipse
1313 3743 1536 3798 cmcavit
1570 3745 1758 3799 oculos
1786 3753 2018 3799 vestros.

455 3831 610 3887 Tune
634 3833 915 3902 palpantes
941 3831 1016 3886 illi
1041 3832 1440 3887 descenderunt
1457 3833 1666 3890 caecati.
1694 3831 1817 3889 Haec
1841 3843 2019 3890 autem

453 3940 580 3980 cum
628 3924 852 3979 vidisset
897 3922 1233 3989 Palmatius,
1275 3923 1470 3979 timore
1517 3925 1760 3990 territus,
1810 3925 2025 3998 fugiens

456 4023 726 4078 nuntiavit
757 4023 941 4078 omnia
987 4023 1316 4080 Alexandro.
1358 4023 1561 4079 Eodem
1588 4025 1754 4097 igitur
1787 4025 1875 4080 die
1902 4025 2026 4079 Ale-

457 4116 663 4172 xander
684 4115 850 4184 jussit
872 4114 1090 4178 milites,
1115 4115 1208 4184 qui
1239 4116 1366 4171 caeci
1400 4115 1527 4170 facti
1575 4114 1812 4180 fuerant,
1860 4124 1922 4170 ut
1969 4115 2023 4169 in

457 4215 753 4277 conspectu
795 4220 898 4263 suo
955 4206 1303 4264 ducerentur.
1363 4206 1433 4262 Et
1494 4207 1625 4262 dum
1677 4207 2026 4277 cognovisset

529 4362 608 4432 (5)
640 4361 907 4418 Consules
946 4377 1091 4417 anno
1122 4361 1228 4416 222
1268 4361 1530 4432 ordinarii
1577 4361 1797 4417 fuerunt
1838 4362 2024 4418 Helio-

459 4429 686 4515 gabalus
713 4442 767 4515 et
790 4433 1133 4515 Alexander;
1159 4433 1252 4515 sed
1301 4429 1660 4515 lleliougahalo.
1689 4435 1865 4515 pptuit
1895 4433 2028 4514 sub-

461 4500 612 4558 Stitui
642 4501 958 4566 Palmatius,
991 4503 1134 4571 quod
1161 4500 1553 4565 llenschenius,
1581 4503 1664 4556 vel
1691 4500 1742 4556 id
1783 4503 2026 4557 muneris

462 4581 620 4627 antea
649 4568 1067 4641 gessisse,quod
1099 4572 1192 4625 alii
1226 4579 1482 4638 censent;
1513 4572 1594 4625 vel
1634 4573 1869 4640 denique
1897 4588 2028 4626 con-
2061 4568 2103 4622 D

462 4642 600 4696 sulis
621 4642 907 4709 appellatio
926 4643 1086 4710 paulo
1112 4642 1276 4694 latius
1299 4641 1554 4705 sumitur,
1570 4657 1692 4710 quae
1717 4643 1839 4697 aliis
1862 4641 2026 4696 etiam

462 4711 821 4780 dignitatibus
854 4712 908 4764 iu
939 4712 1090 4766 Actis
1111 4710 1437 4766 Sanctorum
1466 4711 1739 4766 interdum
1770 4713 2027 4766 attributa

463 4780 756 4835 invenitur.

536 4850 610 4921 (6)
644 4848 966 4920 Huiusmodi
994 4865 1318 4920 responsum
1337 4848 1653 4916 Alexandri,
1691 4850 1841 4905 nullo
1887 4851 2030 4921 juris

463 4920 653 4978 ordine
680 4932 916 4987 servato,
951 4937 1050 4976 uec
1083 4922 1192 4974 ullo
1223 4920 1502 4988 speciatim
1533 4921 1746 4989 objecto
1781 4920 2028 4986 crimine,

464 4991 573 5047 nisi
627 4991 771 5058 quod
829 4991 1063 5060 profani,
1119 5005 1212 5043 seu
1245 4989 1540 5060 Christiani
1594 5000 1798 5053 essent,
1839 4992 2031 5044 mortis

465 5061 808 5124 sententiam,
833 5059 940 5114 nisi
969 5062 1074 5114 diis
1100 5059 1488 5124 sacrificarent,
1516 5059 1756 5125 ferentis,
1800 5061 2027 5113 nimium

467 5132 538 5186 ab
556 5130 845 5184 Alexandri
875 5130 1213 5183 humanitate
1228 5139 1278 5181 et
1296 5130 1548 5196 aequitate
1571 5131 1848 5192 abhorret,
1863 5144 2027 5198 quam

469 5209 529 5254 ut
555 5212 621 5252 ex
662 5200 779 5268 ejus
807 5215 900 5254 ore
931 5201 1228 5268 profectum
1254 5198 1441 5268 fuerit:
1478 5199 1682 5252 illatum
1723 5200 1939 5267 quidem
1971 5198 2027 5252 S.

465 5267 1035 5340 Callisto’caaterisque
1064 5269 1380 5340 memoratis
1411 5267 1464 5340 in
1493 5269 1641 5340 hisce
1663 5268 1810 5322 Actis
1833 5268 2031 5340 Marty-

468 5340 623 5394 ribus
653 5341 845 5407 mortis
875 5337 1199 5407 supplicium
1233 5347 1338 5400 est,
1369 5338 1484 5401 sed,
1511 5337 1816 5392 Alexandro
1862 5337 2031 5392 inviio

468 5423 534 5462 ac
558 5409 612 5461 in
648 5406 864 5479 Ulpiani
889 5406 1072 5478 ejusve
1103 5407 1364 5479 similium
1387 5407 1901 5479 machinationibus,
1928 5409 2031 5462 etsi

468 5476 870 5550 contraanimi
916 5476 1371 5550 propensionem,
1427 5476 1751 5531 connivente
1805 5479 1985 5548 potius
2013 5517 2027 5541 ,

467 5562 633 5617 quam
663 5547 911 5616 jubente.

541 5617 618 5689 ('_l)
657 5614 799 5689 idem
833 5628 949 5674 esto
980 5617 1046 5672 de
1072 5618 1186 5689 _h_oc_
1203 5630 1468 5685 responso
1497 5614 1782 5689 judicium.

542 5684 620 5756 (8)
647 5687 856 5742 Colitur
884 5689 968 5742 die
1003 5704 1035 5741 x
1069 5686 1212 5751 Maii,
1239 5684 1306 5741 ad
1340 5700 1500 5754 quem
1530 5684 1808 5740 Passionis
1834 5685 1952 5755 ejus
1979 5697 2031 5739 ct

473 5753 760 5812 sociorum
815 5763 943 5814 Acta
992 5759 1281 5812 illustravit
1330 5753 1705 5826 licnsclienius
1745 5753 1906 5826 supra
1961 5757 2033 5810 ci-

473 5835 632 5888 laws.

2112 645 2217 692 tem
2245 636 2506 705 magicam
2539 634 2673 705 (10).
2718 635 3015 705 Respondit
3042 630 3364 696 Palmatius,
3399 637 3452 685 et
3489 628 3628 684 dixit
3667 646 3682 682 :

2114 725 2169 780 Si
2193 741 2289 796 per
2311 726 2576 796 magicam
2617 734 2788 780 artem
2837 723 2983 781 istud
3012 723 3217 779 factum
3259 730 3365 786 est,
3418 720 3510 775 ubi
3555 729 3689 774 sunt

2111 815 2341 869 virtutes
2385 815 2613 870 deorum
2668 813 3019 869 nostrorum?
3051 811 3245 868 lubeat
3281 812 3467 880 itaque
3507 809 3686 881 pietas

2113 913 2292 959 vestra
2335 903 2512 959 aﬂerri
2545 914 2599 959 et
2634 903 2898 958 immolari
2924 904 3048 972 diis,
3077 917 3144 957 ne
3164 911 3350 972 pereat
3381 899 3686 969 respublica

2114 1005 2333 1064 propter
2363 1009 2552 1050 eorum
2578 994 3000 1050 incantationes.
3041 992 3108 1048 Et
3144 991 3402 1063 prmeepit
3442 991 3686 1045 Alexanv

2114 1088 2209 1142 der
2231 1099 2290 1142 ut
2313 1087 2685 1142 immolaretur
2709 1084 2998 1148 Mercurio,
3029 1092 3082 1139 et
3104 1097 3364 1154 responsa
3385 1095 3687 1163 cOgnoscec

2115 1187 2213 1233 ret.
2278 1177 2565 1232 Emanavit
2618 1187 2797 1232 autem
2870 1183 3197 1247 prmceptum
3249 1173 3374 1242 (lt)
3427 1172 3688 1226 universo

2116 1268 2296 1339 vulgo,
2325 1278 2384 1323 ut
2405 1283 2594 1324 omnes
2615 1267 2681 1322 ad
2708 1263 3034 1337 Capitolium
3063 1269 3408 1320 accurrerent
3443 1261 3511 1316 de
3547 1261 3688 1315 urbe

2117 1359 2320 1425 Roma,
2374 1360 2447 1415 ita
2501 1369 2560 1412 ut
2598 1359 2689 1428 qui
2735 1357 2936 1412 inventi
2982 1356 3216 1411 fuissent
3261 1356 3316 1409 in
3358 1353 3687 1408 habitaculis

2116 1451 2231 1505 suis
2271 1450 2358 1504 die
2395 1450 2648 1505 Mercurii
2691 1451 2826 1520 (l2),
2873 1462 3063 1506 omnes
3106 1447 3575 1512 interficerentur;
3631 1452 3690 1499 et

2115 1541 2287 1596 misso
2310 1556 2557 1611 praecone
2580 1542 2654 1595 ita
2684 1540 3016 1595 declaratum
3060 1545 3165 1602 est,
3202 1546 3262 1592 ut
3297 1551 3460 1591 omne
3487 1534 3688 1606 vulgus

2114 1633 2203 1689 die
2227 1633 2476 1689 Mercurii
2509 1633 2627 1689 sine
2661 1633 2920 1688 dilatione
2945 1632 3014 1686 ad
3041 1627 3365 1700 Capitolium
3389 1643 3513 1683 cum
3539 1627 3692 1696 prin-

2114 1724 2233 1793 cipe
2261 1725 2545 1778 conveniat
2574 1741 2588 1777 :
2613 1723 2705 1793 qui
2728 1738 2857 1778 vero
2889 1737 2995 1776 non
3021 1719 3339 1786 accurrerit,
3376 1717 3552 1787 capite
3583 1732 3686 1786 pu-

2115 1815 2372 1870 niendum
2411 1830 2469 1871 se
2497 1830 2617 1870 esse
2653 1821 2960 1884 cognoscat.
3003 1812 3333 1868 Occurrente
3369 1809 3456 1864 die
3492 1823 3688 1877 supra-

2115 1907 2258 1962 dicto
2297 1906 2477 1961 omnis
2497 1905 2730 1976 populus
2753 1903 3032 1959 Romanus
3053 1903 3120 1958 ad
3141 1895 3469 1970 Capitolium
3490 1915 3688 1954 accur-

2115 1997 2205 2051 rit.
2238 1996 2536 2051 Palmatius
2564 2009 2782 2065 quoque
2823 2009 2946 2048 cum
2989 1993 3136 2050 omni
3188 1993 3353 2047 domo
3394 2005 3492 2045 sua
3536 1990 3689 2046 venit

2116 2087 2183 2142 ad
2202 2088 2525 2158 Capitolium
2541 2101 2664 2141 cum
2693 2084 2870 2155 porcis
2891 2092 2944 2140 et
2974 2083 3157 2139 vitulis
3179 2084 3313 2152 (l3).

2184 2177 2238 2231 ὅ.
2263 2175 2330 2230 Ει
2352 2175 2555 2232 factum
2579 2183 2663 2230 est
2692 2176 2821 2230 dum
2850 2176 3124 2231 occisione
3150 2175 3418 2243 pecudum
3443 2173 3690 2230 effunde-

2115 2277 2265 2323 retur
2298 2269 2544 2338 sanguis,
2588 2278 2642 2324 ct
2690 2269 3032 2325 incantarent
3071 2267 3406 2323 carminibus
3432 2265 3692 2322 sacerdo-

2117 2369 2231 2428 tes;
2283 2360 2442 2430 virgo
2471 2361 2656 2430 templi
2699 2362 2918 2415 nomine
2965 2359 3201 2425 Juliana,
3242 2370 3454 2429 arrepta
3495 2375 3525 2414 a
3572 2358 3688 2414 da:-

2116 2451 2322 2517 monio,
2349 2452 2822 2507 clamabatdiceus
2842 2471 2854 2506 :
2875 2452 3014 2506 Deus
3041 2451 3261 2517 Calixti,
3287 2451 3401 2520 ipse
3429 2460 3512 2505 est
3545 2449 3692 2504 Deus

2115 2543 2271 2597 vivus
2298 2550 2353 2596 et
2381 2558 2544 2598 verus
2581 2560 2593 2597 :
2641 2544 2758 2613 ipse
2802 2543 3114 2613 indignatus
3156 2551 3241 2598 est
3297 2542 3690 2611 pollutiouibus

2116 2633 2445 2703 Reipublicm
2473 2645 2685 2697 vestrae,
2713 2643 2764 2687 et
2803 2643 3044 2689 conteret
3077 2649 3300 2704 regnum
3339 2634 3564 2688 mortale
3598 2647 3690 2685 ve-

2117 2733 2310 2788 strum,
2350 2726 2476 2794 quia
2518 2742 2622 2779 non
2675 2726 2914 2779 adoratis
2953 2724 3252 2777 veritatrm.
3302 2725 3542 2779 Audiens
3582 2724 3691 2778 hoc

2116 2814 2434 2880 Palmatius,
2464 2817 2616 2871 solus
2640 2819 2882 2872 cucurrit
2910 2818 2973 2870 ad
3009 2816 3068 2870 Β.
3095 2816 3362 2869 Calixtum
3391 2817 3444 2870 in
3469 2816 3691 2885 regione

2117 2914 2266 2958 trans
2295 2904 2528 2959 Tiberim
2585 2907 2638 2958 in
2696 2896 2831 2959 urbe
2868 2904 3295 2970 Ravennatium;
3347 2913 3400 2956 et
3441 2904 3588 2958 misit
3629 2919 3692 2958 se

2116 2995 2456 3064 praecipitans
2486 3005 2540 3049 et
2570 2996 2814 3050 introivit
2844 2996 2896 3050 in
2938 2998 3158 3049 domum
3194 2997 3284 3049 ubi
3317 2997 3541 3050 collecta
3569 3005 3692 3050 erat

2117 3085 2409 3140 multitudo
2461 3084 2931 3149 Christianorum,
2985 3094 3038 3139 et
3098 3086 3291 3139 cecidit
3349 3096 3472 3140 ante
3528 3088 3694 3156 pedes

2123 3173 2185 3229 Β.
2213 3174 2430 3238 Calixti,
2469 3175 2696 3230 dicens:
2737 3176 2974 3247 Cognovi
3021 3175 3206 3230 Jesum
3246 3177 3523 3231 Christum
3569 3194 3693 3232 esse

2123 3267 2292 3322 Deum
2323 3281 2535 3331 verum,
2560 3281 2720 3336 quem
2748 3267 3021 3322 daemones
3051 3268 3285 3323 confessi
3313 3278 3439 3322 sunt
3471 3268 3630 3322 hodie
3673 3289 3689 3322 :

2120 3369 2216 3425 per
2247 3354 2429 3425 ipsum
2481 3364 2535 3409 te
2574 3356 2791 3424 adjuro,
2839 3366 2899 3409 ut
2931 3355 3128 3412 liberes
3157 3372 3243 3412 me
3277 3372 3306 3411 a
3333 3357 3541 3411 cultura
3581 3356 3694 3414 dae-

2119 3463 2344 3502 monum
2393 3456 2448 3501 et
2488 3446 2768 3516 lapidum:
2814 3447 3027 3518 baptiza
3078 3464 3164 3503 me
3210 3450 3351 3507 sicut
3399 3449 3689 3518 praedicas.

2121 3537 2268 3591 Dixit
2305 3537 2352 3590 ei
2385 3536 2630 3590 Calixtus
2657 3537 2942 3606 episcopus
2972 3554 2987 3590 :
3027 3535 3146 3590 Noli
3181 3538 3428 3593 deridere
3459 3539 3694 3593 errando

2120 3628 2424 3682 veritatem.
2454 3627 2749 3696 Respondit
2782 3626 3079 3683 Palmatius
3108 3644 3232 3683 cum
3291 3630 3566 3700 lacrymis,
3611 3631 3696 3685 di-

2122 3731 2253 3770 cens
2285 3733 2298 3769 :
2336 3715 2586 3782 Domine,
2623 3731 2730 3769 non
2764 3710 2984 3770 derideo
3019 3733 3035 3770 :
3067 3716 3195 3784 quia
3227 3716 3456 3785 cognovi
3489 3716 3542 3770 in
3589 3732 3696 3770 caa-

2123 3809 2286 3862 citate
2315 3806 2570 3870 militum,
2595 3815 2650 3860 et
2687 3808 2744 3860 in
2772 3807 3131 3876 responsione
3155 3807 3399 3876 virginis,
3431 3807 3558 3876 quia
3582 3805 3692 3860 Do-

2123 3895 2308 3951 minus
2349 3910 2504 3951 meus
2540 3895 2788 3951 Christus
2823 3903 2952 3950 tuus
2983 3907 3086 3949 εει.
3133 3893 3434 3966 Respondit
3467 3895 3696 3965 Calepo-

2123 3985 2247 4040 dius
2277 4000 2442 4040 senex
2475 3994 2530 4039 et
2550 3985 2686 4040 dixit
2706 3985 2776 4039 ad
2807 3986 3023 4040 beatum
3067 3983 3392 4055 Episcopum
3431 4005 3444 4041 :
3483 3987 3695 4043 Beatis-

2125 4077 2259 4131 sime
2280 4076 2464 4143 Pater,
2503 4077 2705 4145 petenti
2733 4077 3062 4146 baptismum
3098 4077 3209 4131 noli
3251 4079 3536 4150 denegare.
3561 4079 3698 4133 -Eo-

2125 4169 2244 4222 deut
2278 4176 2519 4237 tempore
2560 4167 2753 4222 indixit
2787 4167 3056 4238 jejunium
3095 4169 3208 4240 (14)
3239 4169 3288 4225 ei
3321 4185 3429 4224 uno
3465 4170 3584 4236 die,
3640 4181 3699 4226 et

2200 4321 2514 4394 (9)7Partcm
2542 4321 2877 4394 superiorem
2908 4323 3212 4394 templitdc
3244 4339 3353 4394 quo
3384 4323 3450 4376 ad
3480 4330 3593 4377 not.
3637 4326 3694 4379 4.

2201 4389 2314 4460 (t0)
2346 4389 2896 4462 Palmatiusquidem
2924 4435 2938 4459 ,
2971 4389 3092 4462 quae
3123 4389 3539 4462 facta'ifuerant,
3573 4395 3698 4447 Ale-

2129 4462 2338 4516 xandro
2368 4461 2697 4515 nuntiaverit
2723 4479 2736 4513 :
2765 4472 2820 4516 at
2849 4464 2896 4517 is
2931 4461 3126 4517 melius
3147 4462 3216 4517 de
3257 4461 3696 4516 Christianorum

2133 4529 2396 4584 institutis
2430 4531 2803 4602 moribusque,
2842 4533 3004 4600 probe
3031 4533 3134 4586 sibi
3179 4530 3444 4602 cognitis,
3481 4532 3700 4600 judica-

2137 4603 2245 4673 bat,
2283 4615 2452 4673 quam
2493 4607 2551 4652 ut
2594 4616 2654 4653 ea
2705 4603 2940 4673 magicis
2991 4602 3431 4673 Christianorum
3485 4603 3699 4658 artibus

2131 4670 2272 4725 facta
2309 4669 2572 4723 continuo
2593 4669 2855 4726 crederet.

2203 4740 2314 4807 (tt)
2372 4737 2702 4807 Praeceptum
2750 4741 3082 4810 bujusmodi,
3118 4750 3192 4810 ut,
3225 4756 3291 4793 ex
3347 4739 3700 4807 sequentibus

2134 4819 2298 4877 patet,
2352 4817 2406 4879 e_t
2456 4810 2728 4876 publicqu
2759 4819 2812 4863 et
2841 4813 3089 4879 generale
3123 4809 3348 4872 fuisset,
3385 4810 3574 4863 saltem
3611 4825 3700 4863 re-

2133 4889 2316 4946 spectu
2355 4877 2786 4950 _Rouiauorum:
2831 4877 2886 4932 at
2925 4880 2975 4934 id
3011 4882 3078 4934 ab
3129 4882 3360 4950 ipsomet
3391 4879 3702 4933 Alexandro

2131 4949 2314 5001 datum
2349 4947 2518 5001 fuisse
2543 4989 2557 5011 ,
2610 4949 2826 5002 dillicile
2870 4951 3074 5003 creditu
3107 4947 3218 5004 eSt:
3264 4963 3423 5003 secus
3448 4963 3576 5001 vero
3602 4950 3702 5002 da-

2133 5027 2247 5071 tum
2278 5016 2446 5071 fuisse
2479 5018 2598 5088 ejus
2629 5014 2845 5071 nomine
2871 5019 2939 5071 ab
2968 5021 3054 5082 iis,
3075 5021 3165 5088 qui
3187 5029 3239 5071 et
3260 5018 3700 5072 Christianorum

2132 5088 2432 5156 flagrabant
2456 5087 2603 5152 odio,
2627 5097 2698 5148 ct,
2722 5103 2828 5155 qua
2854 5091 2996 5156 apud
3024 5087 3403 5157 imperatorem
3427 5087 3699 5153 valebant,

2133 5159 2455 5211 auctoritate
2477 5157 2860 5210 abutebantur.

2203 5225 2314 5294 (12)
2355 5224 2484 5280 Vide
2510 5223 2647 5279 infra
2681 5236 2790 5279 not.
2831 5226 2922 5278 24.

2204 5316 2315 5386 (15)
2347 5355 2360 5368 .
2394 5355 2407 5367 .
2440 5354 2470 5386 ,γ
2493 5354 2504 5367 .
2539 5355 2552 5386 .
2583 5312 2855 5386 Mactatur
2888 5331 3040 5386 vacca
3078 5313 3348 5381 Minerva,

2267 5385 2474 5455 Alipedi
2499 5384 2714 5450 vitulus,
2748 5392 2932 5455 taurus
2965 5385 3081 5447 tibi,
3117 5402 3317 5455 sumine
3345 5385 3584 5439 deorum.

2795 5453 2952 5508 Ovlo.
2983 5455 3078 5508 lib.
3112 5471 3164 5508 tv
3191 5454 3700 5524 Metamorphosron.

2205 5545 2313 5614 (ti)
2343 5546 2599 5599 Advertat
2630 5545 2800 5599 lector
2827 5546 3086 5615 animum
3140 5546 3208 5601 ad
3253 5546 3507 5615 antiquos
3561 5547 3708 5602 ritus

2135 5618 2186 5670 iu
2217 5613 2490 5685 baptismo;
2519 5623 2779 5685 servatos.
2814 5613 3170 5669 Ilenschenius
3223 5618 3311 5669 cit.
3341 5613 3460 5670 Act.
3525 5627 3700 5685 apost.

2133 5701 2253 5754 cap.
2287 5683 2323 5738 2
2353 5701 2403 5738 v.
2435 5684 2524 5748 58,
2551 5683 2739 5738 Petrus
2768 5685 2872 5738 ait:
2908 5685 3316 5740 «Paenitentiam
3345 5687 3488 5753 agite
3529 5683 3584 5739 et
3610 5686 3704 5738 ba-

2135 5759 2365 5834 p:_izetur
2386 5755 2758 5826 unusquisque
2782 5767 3018 5811 vestrum
3051 5756 3105 5812 in
3133 5755 3350 5812 nomine
3383 5755 3512 5812 Jesu
3549 5755 3708 5810 Chri-

2136 5837 2221 5880 blt.
2262 5843 2279 5875 ι
