4006 6356
289 403 398 460 H7

1815 390 2020 447 ACTA.

3440 381 3545 433 118

287 502 654 581 eatechizzivit
677 538 801 579 eum
829 531 926 577 :ct
963 523 1179 575 allatam
1208 532 1406 590 aquam
1429 517 1496 572 de
1520 512 1737 587 lympha
1766 527 1868 583 pu-
1900 517 1946 574 Α
1971 506 2212 579 peccavi.
2239 505 2442 562 Eadem
2478 506 2612 560 hora
2639 503 2927 560 subridens
2955 499 3280 559 Alexander.
3322 500 3541 554 tradidit

289 619 388 678 tei,
413 619 510 686 qui
531 626 652 670 erat
674 617 727 669 in
753 615 944 670 eadem
977 615 1158 674 domo,
1185 589 1462 666 benedixit
1493 649 1506 661 .
1540 616 1594 662 et
1619 603 1868 674 deposito
1968 613 2093 654 cum
2128 597 2344 654 cuidam
2374 594 2654 686 Simplicio
2689 595 2948 660 senatori,
2982 595 3171 686 dicens
3200 611 3214 646 :
3243 589 3392 646 Habe
3413 605 3534 686 eum

287 702 563 759 Palmatio
591 704 644 758 in
669 704 868 773 pelvim
899 703 1034 771 (15),
1060 701 1196 754 dixit
1217 701 1265 754 ei
1293 698 1349 754 S.
1377 696 1622 752 Calixtus
1647 695 1864 766 episco-

284 809 391 863 pus
417 812 432 847 :
462 792 657 849 Credis
689 808 755 848 ex
788 802 902 848 toto
931 792 1094 848 corde
1125 792 1179 845 in
1219 790 1385 844 Deum
1429 788 1644 842 Patrem
1684 785 1864 840 omni-

284 893 590 953 potentem,
621 881 884 939 factorem
913 883 1208 938 visibilium
1238 891 1292 934 et
1332 877 1725 933 invisibilium?
1759 875 1865 929 Re-

283 973 509 1042 spondit
532 974 834 1028 Palmatius
868 993 881 1026 :
916 973 1110 1027 Credo.
1157 970 1220 1024 Et
1258 970 1394 1024 dixit
1422 969 1469 1023 ei
1505 987 1518 1022 :
1564 968 1630 1021 Et
1676 965 1864 1046 inle-

284 1079 407 1117 sum
443 1061 751 1125 Christum,
787 1062 982 1116 Filium
1016 1060 1135 1130 ejus
1167 1059 1309 1130 (16)?
1331 1059 1603 1114 Etitcrum
1636 1071 1860 1126 respon-

281 1155 363 1208 dit
413 1174 426 1208 :

279 1244 587 1301 Ecclesiam
644 1245 1015 1308 Catholicam,
1067 1242 1439 1298 remissionem
1493 1251 1859 1310 peccatorum,

278 1338 470 1392 carnis
505 1335 1007 1393 resurrectionem?
1040 1334 1104 1389 Et
1134 1333 1462 1390 exclamavit
1495 1347 1627 1388 voce
1664 1348 1860 1403 magna

215 1481 224 1490 ,
277 1443 406 1482 cum
461 1427 722 1498 lacrymis
774 1426 1072 1480 Palmatius
1106 1444 1120 1479 :
1161 1425 1358 1492 Credo,
1387 1423 1633 1477 Domine.
1660 1422 1857 1477 Eadem

278 1519 414 1572 hora
451 1519 621 1587 coepit
648 1518 882 1574 clamare
922 1526 974 1572 et
1001 1517 1183 1572 dicere
1212 1533 1226 1568 :
1257 1513 1396 1570 Vere
1425 1514 1535 1569 vidi
1570 1513 1856 1568 Dominum

273 1607 467 1662 Jesum
515 1607 795 1662 Christum
844 1621 1031 1660 verum
1089 1606 1295 1668 lumen,
1337 1603 1431 1672 qui
1468 1616 1554 1655 me
1593 1600 1862 1654 illumina-

275 1700 354 1753 vit
387 1699 529 1767 (Π).
560 1698 861 1767 Baptizavit
891 1706 1074 1751 autem
1120 1704 1176 1751 et
1211 1710 1427 1750 omnem
1467 1693 1685 1748 domum
1730 1692 1856 1746 Pal-

275 1790 452 1854 matii,
487 1799 545 1843 et
574 1804 799 1843 uxorem
841 1797 895 1841 et
941 1787 1102 1851 ﬁlios,
1131 1795 1184 1841 et
1216 1784 1512 1856 promiscui
1553 1798 1717 1837 sexus
1756 1799 1857 1837 nu-

273 1853 445 1932 mero
469 1878 839 1946 quadraginta
877 1877 1035 1930 duos.
1066 1874 1148 1928 Ab
1182 1853 1372 1930 eadem
1411 1871 1499 1926 die
1537 1871 1703 1940 coepit
1735 1869 1857 1925 Pal-
1889 1853 1928 1906 Β

273 1968 481 2022 matius
507 1983 731 2022 omnem
766 1966 1078 2021 facultatem
1111 1980 1264 2020 suam
1319 1962 1651 2032 pauperibus
1693 1961 1854 2016 Chri-

273 2059 474 2114 stianis
520 2063 768 2128 erogare,
797 2057 1117 2126 perquirens
1147 2055 1398 2123 regiones
1424 2060 1481 2108 et
1521 2061 1759 2124 cryptas,
1796 2063 1854 2106 ut

273 2151 596 2219 ubicunque
621 2150 886 2204 inveniret
921 2148 1094 2203 autin
1129 2146 1376 2202 custodia
1417 2157 1512 2199 aut
1556 2146 1853 2199 absconsos

270 2243 646 2305 Christianos,
700 2242 768 2296 de
813 2239 1167 2296 facultatibus
1202 2238 1319 2294 suis
1351 2237 1553 2292 victum
1580 2237 1664 2292 vel
1702 2247 1853 2307 tegu-

271 2342 522 2388 mentum
565 2333 921 2388 ministraret.

339 2427 396 2480 4.
431 2425 568 2481 Post
597 2427 714 2480 dies
739 2441 867 2479 vero
919 2425 1142 2494 triginta
1200 2424 1339 2477 duos
1383 2421 1515 2493 (18),
1559 2420 1853 2490 requiritur

269 2517 578 2572 Palmatius
606 2518 674 2571 ab
725 2516 1055 2578 Alexandro,
1093 2516 1179 2569 cui
1223 2515 1530 2568 nuntiatum
1578 2522 1683 2577 est,
1725 2514 1850 2581 quia

269 2607 624 2662 Christianus
682 2615 786 2673 est,
833 2614 886 2660 et
936 2606 1058 2659 aliis
1105 2605 1318 2660 suadet.
1355 2604 1505 2658 Tunc
1545 2603 1851 2658 Alexander

265 2697 435 2766 jussit
456 2713 585 2751 eum
620 2696 965 2766 przesentari.
1019 2693 1123 2761 Qui
1171 2711 1295 2749 cum
1340 2702 1523 2749 tentus
1579 2691 1770 2748 luisset
1819 2708 1850 2747 a

269 2788 516 2856 quodam
549 2786 824 2857 Torquato
852 2788 1092 2850 tribuno,
1124 2795 1178 2840 et
1213 2785 1416 2839 missus
1456 2784 1510 2837 in
1541 2784 1848 2838 custodiam

270 2864 582 2929 Mamertini
606 2875 749 2946 (l9);
774 2884 897 2945 post
922 2874 1160 2930 triduum
1193 2873 1306 2944 (20)
1329 2872 1586 2927 indicavit
1612 2873 1848 2926 Alexan-

270 2962 372 3020 dro
403 2963 740 3034 Torquatus,
771 2965 1098 3021 Palmatium
1150 2967 1206 3020 in
1260 2963 1506 3020 custodia
1573 2964 1850 3033 mancipa-

273 3063 412 3110 tum.
446 3055 606 3110 Tunc
640 3056 943 3112 Alexander
965 3062 1206 3127 gaudens
1227 3056 1391 3127 jussit
1421 3070 1547 3110 eum
1579 3054 1683 3109 sibi
1711 3069 1852 3124 prte-

270 3145 498 3199 sentari.
529 3143 597 3198 Et
617 3145 831 3200 vinctus
853 3147 1058 3202 catenis
1084 3146 1385 3200 Palmatius
1408 3144 1710 3215 ingreditur
1725 3151 1850 3198 ante

268 3235 668 3290 Alexandrum.
693 3235 865 3302 Quem
890 3252 1012 3291 cum
1052 3238 1298 3303 vidisset,
1330 3235 1498 3306 jussit
1528 3250 1652 3290 eum
1686 3235 1844 3301 solvi,

268 3334 321 3382 et
348 3325 490 3380 dixit
520 3326 572 3380 ei
606 3345 621 3381 :
671 3326 762 3380 Sic
792 3342 981 3381 amens
1009 3325 1185 3382 factus
1216 3344 1298 3392 es,
1325 3343 1359 3383 ο
1390 3326 1640 3389 Palmati,
1678 3335 1738 3382 ut
1764 3327 1852 3382 de-

269 3431 422 3471 seras
479 3418 635 3482 deos,
685 3428 740 3474 et
785 3434 998 3489 quaeras
1047 3427 1102 3473 et
1165 3422 1314 3474 colas
1374 3420 1652 3476 hominem
1705 3434 1851 3475 mor-

266 3517 422 3561 tuum
456 3509 614 3581 (2|)?
641 3508 942 3564 Palmatius
976 3511 1161 3565 tacuit.
1208 3510 1354 3564 Dixit
1399 3512 1447 3566 ei
1493 3511 1799 3566 Alexander
1832 3530 1845 3566 :

270 3595 522 3666 Loquere
549 3600 868 3653 fiducialiter
896 3619 908 3653 :
949 3617 1017 3655 ne
1055 3602 1270 3654 timeas.
1301 3600 1602 3669 Respondit
1630 3601 1847 3656 Palma-

272 3687 383 3742 tius
411 3689 643 3744 dicens:
673 3689 727 3742 Si
759 3690 900 3745 datis
923 3691 1216 3753 licentiam,
1247 3691 1520 3759 loquimur
1547 3692 1844 3746 veritatem.

277 3775 422 3832 Dixit
462 3778 515 3833 ei
566 3777 916 3835 Alexander:
968 3780 1202 3850 Excepta
1245 3783 1471 3837 deorum
1507 3781 1726 3851 injuria,
1761 3782 1846 3835 lo-

273 3883 459 3939 quere.
492 3869 640 3924 Dixit
664 3871 715 3924 ei
742 3869 1044 3928 Palmatius
1073 3891 1087 3926 :
1117 3871 1330 3942 Optime
1354 3872 1624 3942 princeps,
1657 3872 1701 3926 si
1747 3872 1846 3926 ad-

268 3971 468 4028 vertas,
490 3977 600 4017 non
625 3970 754 4017 sunt
779 3963 876 4031 dii,
893 3964 986 4019 sed
1013 3973 1140 4019 sunt
1159 3963 1368 4020 factura
1388 3965 1673 4020 hominum
1698 3979 1846 4020 mor-

270 4054 481 4108 talium.
509 4052 670 4107 Modo
692 4052 915 4124 quidem
940 4057 1232 4125 cognoscat
1256 4057 1615 4112 mansuetudo
1640 4065 1842 4121 vestra,

268 4145 359 4206 qui
384 4145 586 4199 debent
613 4145 720 4199 coli
753 4163 766 4199 :
797 4146 891 4215 qui
926 4155 1052 4200 sunt
1074 4155 1167 4200 aut
1198 4145 1539 4202 fabricantur
1566 4163 1597 4201 a
1639 4157 1846 4202 morta-

269 4233 431 4297 libus,
455 4236 643 4304 1uales
676 4236 808 4301 sint,
839 4252 935 4291 vos
968 4236 1228 4305 judicate.
1264 4237 1370 4293 Sed
1400 4254 1594 4307 precor
1627 4255 1730 4309 ego
1759 4241 1843 4294 in-

271 4326 395 4380 felix
426 4326 733 4380 claritatem
763 4336 998 4380 vestram
1034 4345 1048 4382 :
1079 4328 1231 4384 dicas
1259 4329 1362 4384 deo
1402 4337 1498 4383 tuo
1539 4338 1600 4384 ut
1646 4330 1840 4399 loqua-

483 1154 681 1209 Credo.
716 1154 779 1208 Et
808 1154 946 1208 dixit
969 1153 1018 1208 ei
1054 1171 1067 1206 :
1099 1151 1165 1207 Et
1195 1153 1249 1206 in
1288 1151 1550 1222 Spiritum
1587 1158 1859 1216 sanctum,
1908 1221 1911 1224 ί

1875 3186 1918 3244 C

1967 703 2133 757 penes
2156 697 2207 744 te
2232 687 2352 743 sine
2383 687 2568 757 aliquo
2617 685 2810 740 timore
2854 701 2872 739 :
2899 693 2952 740 et
2983 684 3239 740 mollibus
3266 681 3537 739 sermoni-

1966 781 2070 836 bus
2094 796 2286 836 revoca
2311 796 2436 835 eum
2473 780 2540 834 ad
2584 778 2854 854 culturam
2887 777 3145 840 deorum;
3186 776 3348 830 talem
3391 773 3538 830 enim

1966 871 2244 927 hominem
2283 870 2611 940 Respublica
2649 869 3018 926 necessarium
3067 868 3250 923 habet.
3301 867 3539 936 Accepto

1965 962 2266 1029 Palmatio,
2321 961 2637 1032 Simplicius
2689 970 2911 1016 senator
2957 960 3278 1016 vestimenta
3331 957 3536 1014 nobilia
3581 957 3606 991 κ

1963 1056 2124 1110 allata
2173 1055 2349 1109 induit
2395 1070 2544 1117 eum,
2584 1063 2640 1108 et
2677 1053 2832 1108 duxit
2876 1053 2928 1105 in
2962 1052 3181 1107 domum
3222 1066 3399 1106 suam.
3429 1049 3535 1115 Qui

1965 1147 2282 1217 Simplicius
2313 1145 2569 1216 praecepit
2598 1144 2752 1199 uxori
2779 1151 2988 1209 suae,et
3018 1143 3315 1212 majoribus
3337 1141 3534 1195 domus

1962 1254 2095 1304 sum,
2132 1246 2192 1292 ut
2225 1254 2441 1292 omnem
2488 1237 2712 1292 domum
2756 1235 3017 1302 Simplicii
3051 1235 3103 1289 in
3132 1249 3231 1290 sua
3269 1243 3534 1304 potestate

1961 1331 2202 1385 haberet.
2239 1331 2393 1385 Tunc
2432 1329 2729 1384 Palmatius
2757 1327 2980 1398 jejuniis
3005 1336 3059 1382 et
3081 1328 3421 1382 orationibus
3459 1329 3535 1381 vis

1959 1424 2211 1492 giliarum
2250 1438 2472 1488 vacans,
2499 1437 2607 1477 non
2636 1421 2882 1477 cessabat
2922 1435 3045 1475 cum
3073 1419 3328 1490 lacrymis
3363 1417 3530 1472 Deum

1959 1513 2172 1568 Patrem
2192 1515 2619 1583 omnipotentem
2647 1527 2825 1578 orare,
2849 1519 2904 1567 et
2926 1510 3111 1566 Jesum
3142 1511 3416 1574 Christum
3441 1509 3532 1565 Fi-

1957 1605 2086 1659 lium
2119 1603 2260 1672 ejus,
2285 1612 2343 1658 ut
2361 1603 2729 1673 paenitentiam
2752 1610 2933 1673 ageret
2962 1602 3029 1656 de
3051 1615 3237 1656 errore
3265 1616 3386 1658 suo.

2028 1697 2080 1762 5.
2121 1694 2352 1749 Veniens
2381 1703 2560 1749 autem
2592 1694 2804 1750 adeum
2841 1694 3062 1764 quidam
3093 1693 3240 1748 Felix
3288 1690 3527 1753 nomine,

1957 1787 2115 1856 cujus
2145 1802 2282 1847 uxor,
2315 1785 2507 1840 clinica
2536 1785 2755 1854 jacebat
2797 1785 2954 1839 annis
2998 1793 3234 1854 quatuor
3278 1783 3330 1858 iu
3367 1781 3526 1846 lecto,

1958 1879 2107 1935 misit
2133 1893 2192 1934 se
2218 1877 2284 1931 ad
2318 1878 2482 1945 pedes
2511 1877 2784 1941 Palmatii,
2807 1877 3029 1931 dicens:
3081 1874 3376 1928 Coufessor
3418 1871 3526 1929 Do—

1957 1971 2086 2024 mini
2121 1969 2295 2025 nostri
2325 1967 2453 2024 Jesu
2481 1968 2706 2032 Christi,
2725 1983 2885 2022 exora
2915 1981 3014 2035 pro
3038 1965 3232 2019 ancilla
3251 1973 3340 2019 tua
3357 1979 3527 2018 uxore

1956 2077 2074 2116 mea
2128 2061 2352 2126 Blanda,
2391 2069 2450 2114 ιιι
2503 2059 2762 2113 liberetur
2793 2058 2860 2112 de
2903 2058 3043 2112 lecto
3094 2056 3300 2111 doloris
3345 2063 3395 2109 et
3425 2071 3526 2125 ego

1955 2152 2244 2222 percipiam
2281 2152 2612 2220 baptismum
2655 2164 2778 2204 cum
2805 2164 2902 2214 ea;
2931 2149 3057 2218 quia
3084 2147 3175 2202 diu
3215 2157 3334 2214 est,
3377 2149 3528 2216 quod

1955 2243 2144 2297 morbo
2166 2241 2460 2311 paralytico
2489 2248 2705 2294 tenetur
2730 2248 2783 2293 et
2802 2238 2918 2306 jam
2946 2237 3176 2293 facultas
3215 2249 3400 2292 nostra
3428 2239 3524 2292 de-

1955 2331 2093 2386 fecit.
2130 2330 2283 2385 Tunc
2319 2330 2618 2384 Palmatius
2641 2371 2654 2392 ,
2699 2337 2967 2398 prazsente
3010 2343 3180 2382 uxore
3219 2327 3523 2398 Simplicii,

1952 2421 2148 2475 cecidit
2168 2421 2221 2474 in
2245 2429 2467 2484 terram,
2498 2430 2551 2474 et
2579 2435 2702 2473 cum
2745 2417 3000 2488 lacrytnis
3021 2433 3177 2473 orare
3206 2421 3370 2488 cmpit
3396 2436 3532 2476 eum.

1953 2511 2129 2565 Felice
2153 2511 2375 2565 dicens:
2404 2510 2630 2564 Domine
2661 2509 2822 2571 Deus,
2853 2509 2945 2578 qui
2967 2509 3284 2564 illuminasti
3305 2528 3530 2566 servum

1954 2610 2128 2667 tuum,
2176 2602 2244 2656 da
2297 2602 2428 2656 mihi
2483 2602 2664 2673 lucem.
2694 2611 2953 2655 aeternam
2990 2598 3173 2655 Jesum
3204 2600 3530 2668 Christum:

1952 2692 2099 2746 salva
2127 2692 2375 2746 ancillam
2408 2701 2555 2746 tuam
2575 2690 2859 2755 Blandam,
2883 2703 2936 2746 et
2959 2691 3126 2746 alleva
3151 2707 3270 2747 eam
3293 2693 3358 2749 de
3383 2695 3530 2750 lecto

1952 2781 2188 2837 doloris:
2223 2791 2283 2835 ut
2309 2791 2642 2852 cegnoscant
2669 2797 2858 2836 omnes
2887 2822 2904 2846 ,
2951 2782 3081 2851 quia
3121 2791 3178 2836 tu
3217 2798 3276 2837 es
3308 2793 3522 2840 creator

1953 2873 2194 2927 omnium
2221 2889 2426 2928 rerum.
2455 2872 2654 2928 Eadem
2695 2874 2830 2927 hora
2868 2873 3015 2927 venit
3057 2873 3264 2928 Blanda
3291 2875 3528 2943 pedibus

1954 2965 2069 3020 suis
2099 2979 2325 3019 currens
2369 2965 2436 3019 ad
2479 2964 2701 3019 domum
2747 2961 3011 3033 Simplicii
3049 2965 3318 3020 senatoris
3359 2974 3412 3020 et
3437 2967 3528 3021 di-

1952 3070 2112 3109 cens:
2143 3055 2362 3124 Baptiza
2408 3069 2495 3109 me
2535 3055 2591 3108 in
2623 3054 2842 3108 nomine
2877 3053 3090 3109 Domini
3126 3054 3256 3110 Jesu
3293 3055 3530 3122 Christi,

1952 3148 2043 3214 qui
2075 3147 2248 3200 tenuit
2281 3161 2500 3199 manum
2532 3160 2707 3199 meam
2732 3151 2787 3198 et
2809 3144 3020 3198 sanavit
3041 3160 3146 3200 me.
3176 3146 3327 3202 Tunc
3369 3147 3531 3202 Felix.

1953 3238 2113 3306 εωρὶι
2135 3251 2327 3307 urgere
2360 3235 2421 3287 Β.
2451 3235 2773 3290 Palmatium
2808 3244 2867 3290 ut
2902 3235 3288 3304 baptizaretur.
3317 3236 3518 3292 Eadem

1954 3329 2085 3382 hora
2116 3328 2178 3380 B.
2202 3327 2504 3382 Palmatius
2533 3327 2682 3382 misit
2709 3327 2776 3382 ad
2800 3327 2856 3382 S.
2882 3327 3149 3383 Calixtum
3175 3329 3522 3400 episcopum.-

1949 3429 2005 3474 et
2025 3419 2246 3475 veniens
2261 3418 2556 3488 baptizavit
2579 3418 2812 3474 Felicem
2837 3436 2963 3476 cum
2979 3434 3151 3476 uxore
3174 3434 3272 3475 sua
3290 3421 3520 3476 Blanda.

1955 3511 2153 3566 Videns
2191 3512 2294 3565 hoc
2314 3508 2651 3580 Simplicius,
2692 3512 2889 3567 cecidit
2913 3514 2981 3568 ad
3009 3513 3173 3584 pedes
3201 3512 3396 3568 Calixti
3435 3514 3519 3568 di-

1951 3620 2097 3666 cens,
2132 3611 2191 3657 ut
2215 3617 2338 3657 cum
2373 3601 2521 3655 omni
2549 3601 2713 3655 domo
2738 3619 2838 3658 sua
2864 3605 3247 3673 baptizaretur.
3274 3603 3426 3658 Tunc
3453 3602 3538 3662 Β..

1948 3695 2193 3748 Calixtus
2223 3694 2512 3763 episcopus
2543 3693 2861 3749 fiducialiter
2877 3695 3047 3750 dixit:
3081 3695 3386 3766 Cougreget
3411 3695 3518 3750 Do-

1949 3783 2131 3837 minus
2165 3782 2402 3836 triticum
2435 3781 2488 3834 in
2523 3782 2779 3837 horreum
2813 3801 2986 3839 suum
3003 3785 3138 3855 (22),
3182 3795 3236 3840 et
3272 3776 3518 3841 cateChi-

1948 3872 2089 3926 zavit
2110 3887 2326 3926 omnem
2350 3872 2572 3926 domum
2604 3873 2893 3942 Simplicii,
2925 3885 2978 3929 et
3024 3891 3249 3930 uxorem
3280 3884 3334 3929 et
3374 3875 3539 3931 filios.

1945 3972 1998 4017 et
2036 3962 2295 4016 familiam
2323 3962 2466 4032 ejus,
2514 3965 2726 4019 animas
2757 3966 3051 4034 promiscui
3083 3981 3247 4022 sexus
3285 3966 3396 4021 fere
3428 3983 3520 4023 se-

1946 4053 2164 4122 xaginta
2193 4062 2338 4108 octo.
2365 4052 2426 4107 B.
2465 4053 2789 4122 Calepodius
2821 4056 3101 4127 presbyter
3122 4059 3318 4127 gaudio
3335 4059 3513 4129 reple-

1948 4152 2055 4208 tus,
2081 4143 2247 4212 erepit
2276 4143 2512 4197 clamare
2535 4142 2590 4196 in
2621 4141 2787 4199 domo
2811 4143 3098 4213 Simplicii,
3134 4147 3346 4201 dicens:
3381 4146 3512 4205 Glo-

1944 4234 2159 4297 riatibi,
2191 4233 2416 4289 Domine
2443 4233 2575 4289 Jesu
2596 4233 2834 4300 Christe,
2863 4236 2958 4306 qui
2977 4237 3043 4292 de
3060 4239 3516 4309 teuebrisdigna-

1942 4325 2023 4378 ris
2041 4325 2106 4379 ad
2134 4326 2310 4380 lucem
2344 4325 2640 4394 perducere
2662 4324 2929 4380 facturam
2962 4336 3133 4392 tuam,
3164 4339 3218 4383 et
3246 4331 3310 4384 de
3327 4346 3514 4385 errore

269 4423 374 4480 tur,
405 4423 460 4468 et
488 4429 614 4469 cum
643 4416 1066 4482 interrogavero,
1094 4420 1416 4488 respondeat
1448 4438 1462 4474 :
1493 4429 1546 4475 et
1575 4436 1697 4475 cum
1737 4422 1839 4476 hoc
1941 4423 2190 4480 liberare.
2235 4425 2349 4480 Hoc
2402 4426 2631 4482 audiens
2657 4426 2988 4489 Alexander,
3045 4425 3174 4494 quia
3222 4421 3514 4476 multitudo

269 4503 470 4559 factum
503 4505 686 4572 fuerit,
711 4523 817 4560 non
852 4508 1042 4562 desero
1065 4509 1196 4564 deos
1234 4517 1376 4573 tuos,
1407 4524 1544 4579 quos
1582 4519 1634 4564 tu
1665 4511 1840 4566 dicis?
1871 4531 1920 4584 ι)
1943 4514 2225 4570 hominum
2276 4517 2606 4585 baptismum
2639 4519 2974 4587 percepisset
2999 4533 3096 4586 per
3140 4515 3199 4568 Β.
3236 4514 3514 4568 Calixtum

272 4593 411 4650 Dixit
447 4596 499 4650 ei
541 4597 848 4652 Alexander
881 4616 893 4651 :
923 4598 990 4652 Et
1025 4602 1298 4669 quomodo
1323 4617 1354 4656 a
1387 4603 1677 4658 cunabulis
1727 4602 1834 4658 tuis

273 4686 402 4741 istos
438 4687 700 4751 adorasti,
759 4697 812 4742 et
859 4689 1022 4743 modo
1073 4691 1333 4760 relinquis
1375 4693 1505 4746 eos?
1539 4691 1835 4761 Respondit

272 4774 605 4830 Palmatius:
641 4775 763 4830 Feci
809 4779 969 4847 quasi
1016 4778 1203 4833 infelix
1247 4798 1261 4834 :
1311 4782 1472 4835 modo
1520 4791 1699 4836 autem
1748 4798 1836 4838 co-

277 4868 426 4934 gnovi
459 4867 605 4936 quod
638 4883 827 4922 verum
855 4879 960 4935 est,
993 4869 1058 4924 de
1089 4885 1194 4938 qua
1225 4885 1284 4924 re
1318 4886 1511 4939 precor
1543 4872 1832 4926 Dominum

274 4955 448 5014 Jesum
472 4959 774 5025 Christum,
817 4971 878 5015 ut
911 4962 1154 5032 ignoscat
1194 4961 1351 5026 mihi,
1399 4963 1527 5032 quia
1576 4963 1839 5034 ignorans

346 5093 457 5165 (15)
491 5092 569 5148 lta
595 5093 987 5165 constantinus
1025 5095 1250 5165 Magnus
1291 5095 1432 5165 apud
1480 5093 1833 5165 Anastasium

281 5160 750 5218 Biblio'thecarium
783 5165 838 5218 in
867 5163 990 5219 Vita
1023 5164 1080 5219 S.
1115 5160 1371 5221 ‘Silvestri
1402 5164 1550 5219 dedit
1589 5183 1608 5216 ι
1639 5166 1836 5234 pelvim

279 5246 337 5305 ex
359 5235 674 5305 argento_a_d
696 5233 1045 5305 baptismum,
1064 5245 1376 5305 pensantem
1397 5235 1564 5288 libras
1591 5233 1829 5304 viginti.»

275 5297 360 5354 Ita
391 5297 553 5356 idem.
583 5300 746 5372 Plura
768 5297 824 5356 'si
859 5297 1038 5372 cupis,
1064 5297 1191 5360 'vide
1218 5304 1504 5360 Moreltum
1529 5305 1620 5358 cit.

335 5371 443 5443 (16)
468 5371 626 5440 Apud
650 5371 942 5443 Morettuni
960 5375 1234 5429 adduntur
1256 5377 1452 5443 b33027!
1489 5373 1553 5426 Et
1581 5373 1719 5443 dixit
1751 5373 1830 5428 ei:

271 5435 365 5515 Qui
407 5435 568 5515 natus
586 5449 686 5515 _es_t
709 5442 774 5494 de
800 5441 1017 5515 Spiritu
1055 5457 1246 5500 sancto
1277 5460 1340 5499 ex
1376 5442 1543 5496 Maria
1579 5442 1837 5515 Virgine?

272 5507 563 5580 Respondit
585 5507 883 5566 Palmatius
911 5527 923 5562 :
958 5515 1150 5568 Credo.
1188 5533 1206 5564 ι

265 5581 446 5702 Ιὶι(Π)
480 5579 690 5635 Lumen
738 5581 842 5635 hoc
896 5581 1107 5636 videtur
1155 5584 1322 5638 fuisse
1352 5583 1572 5638 cosleste
1603 5593 1658 5637 et
1691 5583 1835 5638 inso-

325 5666 436 5702 um.

305 5661 436 5704 tum.

332 5721 441 5791 (l8)
484 5719 586 5791 Ms.
642 5718 892 5775 Vlimerii
950 5741 969 5774 ι
1005 5721 1193 5791 viginti
1250 5721 1418 5777 duos:
1460 5743 1477 5774 ι
1514 5723 1628 5778 Ado
1681 5741 1698 5775 ι
1732 5723 1831 5778 tri-

267 5788 430 5858 ginta.
461 5811 481 5844 ι
509 5789 740 5844 ΗειιεεΙι.
772 5791 858 5843 cit.

1939 4605 2278 4674 episcopum,
2303 4606 2456 4660 misit
2485 4608 2790 4661 exercitum
2816 4607 3072 4668 militum,
3102 4620 3165 4658 ac
3200 4603 3371 4658 tenuit
3395 4618 3514 4657 om-

1939 4711 2034 4749 nes
2062 4696 2154 4764 qui
2183 4695 2510 4763 baptismum
2543 4704 2919 4764 perceperant,
2960 4711 3097 4764 quos
3125 4694 3378 4763 praacepit
3415 4709 3511 4748 ca-

1937 4787 2063 4856 pitis
2094 4785 2277 4840 subire
2303 4787 2648 4851 sententiam,
2671 4795 2726 4841 et
2763 4801 2858 4855 per
2881 4786 3128 4839 diversas
3148 4793 3335 4854 portas
3358 4784 3532 4838 urbis.

1937 4876 2124 4932 Romae
2155 4877 2329 4946 capita
2357 4891 2549 4932 eorum
2577 4875 2856 4946 suspendi,
2891 4875 2957 4929 ad
2987 4874 3303 4944 exemplum.
3350 4873 3522 4927 Chri-.

1937 4968 2257 5022 stianorum.

1936 5103 1940 5140 ε
2009 5093 2120 5163 (19)
2151 5095 2497 5164 Adradicem
2539 5095 2787 5164 Capitolii
2833 5105 2917 5150 est
2948 5097 3102 5151 locus
3128 5135 3142 5160 ,
3189 5091 3508 5164 nobilitatus

1936 5164 2172 5218 vinculis
2196 5163 2298 5234 SS.
2317 5163 2460 5219 Petri
2484 5177 2542 5234 et
2566 5163 2720 5219 Pauli
2743 5175 2798 5221 et
2821 5167 3058 5222 aliorum.
3078 5173 3402 5234 martyrum,
3432 5163 3507 5214 uti

1938 5235 2136 5302 saepius
2176 5233 2434 5314 diximus.
2471 5233 2699 5288 Hense/1.
2724 5237 2816 5290 cit.

2007 5303 2121 5358 (‘20)
2157 5301 2290 5357 Vltie
2317 5303 2455 5357 Infra
2491 5314 2604 5357 not.
2645 5305 2736 5358 24.

2207 5314 2290 5357 uie
2317 5314 2455 5357 tnl‘ra
2491 5314 2604 5357 not.
2645 5314 2736 5358 ‘24.

2030 5305 2100 5355 ‘20
2158 5305 2290 5357 Vide
2317 5305 2455 5357 infra
2491 5314 2604 5357 not.
2645 5305 2736 5358 24.

2007 5305 2121 5441 imi
2157 5373 2318 5441 Atqui
2352 5372 2630 5427 Christum
2661 5374 2802 5428 inter
2842 5373 2973 5428 deos
3001 5373 3167 5428 coluit
3188 5367 3507 5441 QAIexander

1939 5440 2256 5512 ipserz'non’
2292 5443 2454 5512 igitur
2503 5445 2797 5497 amentiam
2835 5443 3100 5498 Palmatio
3143 5440 3507 5512 exprobrarit,

1939 5527 2038 5566 nec
2067 5511 2137 5565 ita
2161 5510 2510 5568 contemptim
2549 5512 2617 5568 de
2649 5513 2866 5568 Christo
2897 5512 3116 5567 locutus
3147 5510 3329 5564 fuerit.

2011 5581 2122 5652 (‘22)
2172 5579 2355 5652 Verba
2379 5579 2492 5636 haec
2514 5623 2529 5648 ,
2563 5583 2690 5637 licet
2737 5584 2792 5637 in
2834 5581 2894 5637 S.
2925 5581 3135 5637 C'allisti
3169 5579 3344 5635 cilicio
3376 5580 3511 5636 olim

1938 5651 2187 5716 recitata,
2211 5651 2430 5722 eerjus
2466 5653 2614 5708 Actis
2651 5653 2790 5707 sumi
2839 5661 3095 5722 potuere;
3154 5665 3254 5705 nec
3290 5664 3354 5704 ex
3389 5652 3506 5719 ejus

1940 5737 2035 5773 ore
2065 5721 2239 5793 magis
2277 5719 2509 5793 fortasse
2544 5719 2937 5792 processerint,
2991 5737 3156 5793 quam
3207 5735 3272 5776 ea
3299 5736 3376 5791 cx
3414 5734 3506 5776 ore

1940 5791 2254 5860 Alexandri,
2279 5792 2344 5848 de
2373 5791 2572 5862 quibus
2597 5793 2760 5864 paulo
2786 5802 2928 5846 ante.
