4006 6356
546 357 651 414 1⁸35

1807 352 1863 406 s.
1897 348 2231 427 cstusrn
2261 344 2460 402 pars;

3698 344 3795 398 ῙΞΙ

550 475 777 532 Factum
803 485 879 531 est
902 473 1112 531 verb‘um
1138 472 1352 527 Domini
1379 473 1449 527 ad
1472 487 1575 540 me,
1594 471 1773 526 dicens
1796 487 1814 526 :
1839 470 1968 526 Hrec
1988 470 2117 524 dicit
2149 472 2192 527 Α
2219 467 2348 538 quia
2397 464 2681 536 indignum
2719 472 2831 534 est,
2880 471 2939 518 ut
2985 463 3176 518 doctor
3249 461 3513 519 stulto‘et
3553 462 3794 526 indocto,

534 564 808 628 ,Dominus
828 566 1151 621 exercituum
1167 579 1185 618 :
1204 563 1351 619 Sicut
1376 564 1624 634 cogitavi,
1643 571 1700 616 ut
1716 563 1992 633 aﬂligerem
2012 577 2119 624 vos,

548 671 669 710 cum
692 657 761 709 ad
783 656 1111 710 iracundiam
1151 662 1518 726 provocassent
1560 670 1641 708 me
1662 662 1839 722 patres
1866 652 2046 717 vestri,
2072 660 2123 705 et

549 761 655 799 non
695 761 813 799 sum
853 746 1132 810 misertus;
1170 746 1250 799 sic
1273 760 1550 799 conversus
1596 744 1823 813 cogitavi
1861 743 1917 796 in
1942 741 2121 795 diebus

549 837 689 899 istis,
717 846 774 890 ut
804 835 1125 905 benefaciam
1144 834 1443 891 Jerusalem
1475 844 1524 889 et
1551 835 1732 888 domui
1750 833 1913 887 Iuda.
1945 831 2123 886 Nolite

551 928 751 981 timere.
782 924 911 979 [late
930 935 1053 980 sunt
1083 925 1235 980 verba
1252 941 1368 995 qua:
1394 924 1604 993 facietis
1629 940 1648 978 :
1675 921 1952 992 loquimini
1982 921 2133 974 veri-'

549 1026 709 1070 tatem
725 1018 1084 1087 unusquisque
1108 1032 1228 1070 cum
1244 1017 1486 1086 proximo
1507 1029 1638 1077 suo;
1656 1014 1929 1068 ueritatem
1958 1020 2006 1064 et
2031 1010 2124 1079 jua

546 1109 747 1162 dicium
770 1108 916 1177 pacis
928 1106 1167 1176 judicate
1197 1107 1251 1160 in
1271 1108 1437 1177 portis
1458 1106 1666 1172 vestris,
1696 1113 1745 1158 et
1773 1103 2123 1172 unusquisque

548 1199 749 1253 malum
782 1208 968 1252 contra
994 1200 1222 1252 amicum
1251 1214 1404 1252 suum
1429 1213 1492 1252 ne
1524 1197 1762 1267 cogitetis
1795 1195 1851 1248 in
1878 1191 2122 1246 cordibus

546 1289 755 1352 vestris,
778 1297 827 1340 et
844 1286 1211 1356 juramentum
1266 1287 1493 1340 mendax
1533 1301 1596 1339 ne
1624 1284 1880 1355 diligatis.
1931 1281 2123 1336 Omnia

545 1380 690 1433 enim
717 1378 826 1431 Itwc
849 1385 971 1430 sunt
995 1393 1112 1446 qua:
1141 1376 1305 1440 odivi,
1333 1376 1462 1428 dicit
1490 1374 1743 1428 Dominus
1776 1372 2119 1427 exercituum.

548 1468 620 1521 Et
668 1468 868 1537 factum
916 1478 993 1521 est
1042 1463 1504 1521 uerbum'Domini
1557 1464 1881 1519 exercituum
1909 1460 1979 1515 ad
2022 1478 2121 1523 me,

548 1559 722 1612 dicens
754 1572 772 1610 :
813 1555 943 1611 Herc
975 1557 1105 1610 dicit
1140 1556 1396 1609 Dominus
1427 1555 1753 1610 exercituum
1787 1569 1806 1606 :
1848 1550 2121 1620 Jejuniunt

547 1648 746 1717 quarti,
792 1657 843 1701 et
873 1646 1138 1715 jejunium
1175 1646 1367 1716 quinti,
1405 1654 1455 1698 et
1483 1641 1767 1714 jejunium.
1800 1642 2031 1711 septimi,
2074 1650 2122 1693 et

542 1739 806 1807 Jejunium
845 1738 1035 1792 decimi
1077 1738 1176 1791 erit
1202 1738 1383 1790 domui
1408 1734 1555 1788 Iuda
1591 1736 1646 1788 in
1678 1734 1953 1804 gaudium,
1984 1741 2035 1786 et
2068 1732 2122 1785 in

2223 566 2385 626 atque
2425 554 2927 625 reprehensibiliter
2978 553 3216 620 viventi,
3263 553 3591 623 respondeat
3639 553 3798 623 juxta

2224 646 2509 703 stultitiam
2538 659 2718 709 suam,
2745 643 2960 711 dicente
2985 641 3266 714 Scriptura
3292 660 3307 699 :
3332 642 3455 696 Non
3481 644 3801 712 respondeas

2223 724 2397 792 stulto
2405 736 2568 807 juxta
2597 734 2883 789 stultitiam
2913 751 3067 789 suam
3092 735 3156 788 ¹¹.
3194 732 3316 788 Non
3348 733 3484 788 bene
3511 734 3670 799 vivit,
3702 734 3802 803 qui

2223 842 2332 880 non
2372 835 2515 881 recte
2540 825 2583 857 “
2605 823 2796 880 credit.
2830 821 2976 877 Nihil
3010 823 3140 878 mali
3167 822 3316 891 vult,
3345 823 3439 893 qui
3471 822 3645 880 ﬁdelis
3692 831 3798 879 est.

2226 915 2282 970 Si
2311 915 2434 986 quis
2459 915 2633 970 ﬁdelis
2663 922 2765 978 est,
2794 914 2972 968 videat
3006 930 3075 968 ne
3100 913 3234 970 falsa
3263 914 3536 985 loquatur,
3554 923 3651 968 aut
3678 915 3801 969 cui-

2222 1022 2385 1077 quam
2417 1005 2646 1061 insidias
2680 1013 2865 1075 ponat.
2894 1004 3094 1061 Fidelis
3122 1006 3289 1061 homo
3322 1021 3539 1075 semper
3565 1005 3802 1061 ﬁdeliter

2224 1097 2353 1166 agit,
2403 1104 2457 1152 et
2505 1096 2736 1151 inﬁdelis
2782 1095 2977 1151 callide
3029 1095 3338 1163 insidiatur,
3388 1107 3549 1167 atque
3610 1096 3802 1153 ﬁdeles

2222 1193 2276 1237 et
2299 1185 2383 1253 pie
2412 1199 2478 1239 ac
2501 1184 2646 1254 juste
2672 1184 2910 1239 viventes
2939 1184 3162 1253 perdere
3187 1184 3398 1256 nititur,
3430 1185 3560 1256 quia
3598 1184 3803 1242 similis

2223 1272 2455 1327 similem
2486 1273 2589 1328 sibi
2627 1274 2837 1342 quaerit.
2892 1274 3130 1329 lnlidelis
3156 1255 3326 1328 homo
3344 1283 3595 1329 mortuus
3625 1284 3711 1328 est
3743 1275 3800 1328 in

2223 1377 2450 1430 corpore
2481 1361 2715 1417 vivente.
2773 1364 2836 1417 Et
2863 1371 3053 1417 contra
3100 1378 3380 1419 sermones
3413 1363 3587 1419 ﬁdelis
3619 1363 3803 1418 homi-

2224 1452 2309 1508 nis
2339 1453 2503 1506 vitam
2535 1453 2848 1509 custodiunt
2882 1452 3212 1507 auditorum.
3265 1452 3549 1508 Doclorem
3577 1454 3725 1509 enim
3754 1454 3802 1486 ⁸⁸

2223 1543 2572 1608 catholicum,
2603 1552 2658 1598 et
2684 1544 2956 1613 praecipue
2992 1543 3208 1598 Domini
3243 1544 3603 1610 sacerdotem,
3651 1545 3800 1601 sicut

2226 1633 2374 1687 nullo
2415 1648 2602 1688 errore
2649 1634 2952 1703 implicari,
3002 1634 3079 1689 ita
3128 1635 3274 1688 nulla
3321 1644 3534 1705 Oportet
3585 1636 3796 1690 machi-

2225 1722 2446 1776 natione
2474 1729 2570 1776 aut
2593 1722 2888 1792 cupiditate
2918 1724 3131 1779 violari.
3168 1723 3386 1781 Dicente
3414 1726 3612 1797 quippe
3643 1727 3801 1783 Scri-

553 1831 823 1892 lwtitiam,
880 1836 930 1881 et
985 1828 1041 1880 in
1088 1826 1440 1880 solemnitates
1494 1824 1817 1895 praeclaras;
1858 1824 2122 1877 veritatem

2226 1821 2382 1882 plura
2429 1819 2618 1867 sancta
2658 1831 2672 1866 :
2708 1811 2839 1866 Post
2881 1815 3329 1885 concupiscentias
3377 1825 3495 1871 tuas
3534 1832 3636 1870 non
3680 1833 3798 1881 eas,

550 1931 755 1973 tantum
786 1929 835 1974 et
858 1934 1035 1989 pacem
1056 1917 1280 1987 diligite,
1303 1915 1433 1969 dicit
1451 1915 1704 1968 Dominus
1735 1912 2121 1968 exercituum‘.

549 2015 608 2065 ιη
640 2012 742 2065 hoc
771 2024 901 2079 ergo
942 2023 1134 2063 omnes
1183 2023 1283 2063 nos
1322 2009 1344 2040 ⁸
1387 2006 1677 2061 unanimes
1723 2012 1935 2074 oportet
1981 2018 2122 2069 esse,

549 2111 609 2155 ut
645 2100 945 2155 secundum
991 2098 1347 2169 apostolicam
1378 2097 1705 2160 doctrinam,
1728 2094 1956 2165 idipsum
1980 2094 2126 2148 dica-

546 2208 663 2245 mus
703 2207 911 2254 omnes,
947 2199 996 2243 et
1039 2205 1140 2243 non
1185 2191 1293 2242 sint
1326 2190 1381 2243 in
1412 2178 1574 2242 nobis.
1602 2188 1910 2241 schismata.
1945 2184 2123 2239 Simus

546 2290 722 2334 autem
764 2278 980 2348 perfecti
1026 2278 1079 2330 in
1103 2278 1282 2331 eodem
1325 2293 1501 2341 sensu,
1526 2287 1576 2331 et
1614 2278 1667 2330 in
1708 2277 1888 2330 cadent
1919 2285 2126 2329 senten-

548 2370 623 2423 tia
647 2369 690 2436 ‘,
716 2370 769 2424 in
798 2368 958 2438 cujus
985 2368 1166 2437 operis
1191 2367 1479 2422 devotione
1505 2368 1844 2436 gratulamur
1873 2366 2119 2421 dilectio-

546 2474 672 2515 nem
706 2468 853 2513 tnam
880 2472 1003 2513 esse
1035 2465 1365 2513 consortem.
1392 2456 1508 2512 Non
1540 2457 1694 2512 decet
1716 2458 1859 2512 enim
1895 2471 1925 2510 a
1948 2457 2123 2526 capite

448 2614 452 2619 θ
545 2548 792 2605 membra
843 2548 1111 2604 dissidere
1135 2549 1178 2613 ⁷,
1232 2547 1358 2611 sed,
1409 2548 1563 2618 juxta
1613 2562 1782 2602 sacrae
1828 2546 2122 2617 Scripturae

545 2638 940 2701 testimonium,
969 2637 1149 2690 omnia
1169 2640 1400 2690 membra
1423 2645 1579 2706 caput
1604 2646 1895 2706 sequantur
1910 2637 1952 2690 ⁸.
1975 2635 2120 2690 Nulli

543 2745 678 2785 vero
722 2730 947 2784 dubium
998 2738 1083 2798 est
1131 2729 1245 2801 (58)
1273 2770 1287 2795 ,
1338 2729 1482 2799 quod
1532 2729 1830 2799 apostolica
1880 2728 2121 2784 Ecclesia

544 2828 722 2875 mater
748 2820 820 2876 sit
847 2819 1093 2874 omnium
1138 2818 1527 2886 Ecclesiarum,
1562 2835 1591 2874 a
1618 2820 1776 2889 cujus
1798 2836 1893 2875 vos
1920 2819 2122 2889 regulis

543 2911 857 2965 nullatenus
910 2912 1167 2967 convenit
1222 2911 1460 2965 deviare.
1510 2909 1577 2964 Et
1626 2910 1771 2965 sicut
1814 2909 1907 2963 Dei
1952 2908 2123 2965 Filius

546 3000 702 3056 venit
735 2999 917 3056 facere
949 3000 1281 3055 voluntatem
1315 2989 1493 3053 Patris
1518 2999 1562 3061 ’,
1600 3000 1681 3053 sic
1716 3006 1773 3052 et
1799 3013 1898 3052 vos
1925 2998 2120 3053 volun-

543 3100 710 3146 tatem
741 3101 932 3147 vestrat
966 3092 1235 3162 impleatis
1284 3092 1474 3145 matris
1502 3091 1568 3158 “,
1601 3106 1722 3160 quae
1749 3098 1833 3144 est
1858 3089 2118 3156 Ecclesia,

2223 1908 2274 1953 et
2318 1917 2350 1952 a
2380 1900 2645 1954 uoluntate
2676 1912 2767 1955 tua
2799 1913 3029 1956 avertere
3070 1904 3113 1936 "
3141 1918 3155 1957 :
3191 1905 3379 1959 multis
3412 1905 3574 1975 hujus
3606 1907 3800 1962 mundi

2224 1989 2523 2054 illecebris,
2566 1993 2754 2048 multis
2798 1995 3131 2050 vanitatibus
3177 1996 3541 2050 resistendum
3590 2006 3696 2062 est,
3734 2006 3800 2053 ut

2222 2094 2364 2133 verre
2386 2079 2732 2134 continentiae
2759 2081 3068 2136 obtineatur
3094 2082 3395 2152 integritas.
3420 2081 3591 2152 Cujus
3618 2084 3800 2153 prima

2223 2176 2307 2222 cst
2345 2167 2495 2223 labes
2528 2168 2801 2237 superbia,
2833 2168 3049 2222 initium
3085 2170 3534 2237 transgressionis
3560 2178 3613 2224 et
3641 2169 3801 2240 origo

2222 2257 2460 2326 peccati:
2488 2257 2746 2326 quoniam
2778 2271 2933 2311 mens
2961 2264 3152 2325 sponte
3177 2256 3356 2317 avida,
3389 2272 3489 2311 nec
3521 2257 3801 2311 abstinere

2224 2348 2392 2412 novit,
2429 2364 2528 2402 nec
2550 2347 2735 2417 pietati
2764 2347 3023 2402 adbibere
3050 2363 3372 2403 consensus.
3404 2346 3596 2403 Nullus
3622 2348 3801 2404 bono-

2221 2454 2344 2493 rum
2377 2439 2422 2471 “
2451 2440 2730 2495 inimicum
2777 2441 2961 2506 habet,
2993 2440 3099 2497 nisi
3140 2441 3366 2507 malum,
3394 2440 3487 2510 qui
3523 2440 3644 2496 ideo
3671 2455 3805 2495 esse

2222 2531 2570 2600 permittitur,
2602 2539 2661 2587 ut
2689 2542 2782 2587 aut
2808 2533 3132 2602 corrigatur,
3163 2540 3259 2586 aut
3284 2546 3380 2600 per
3413 2531 3589 2600 ipsum
3616 2531 3803 2585 bonus

2222 2629 2558 2677 exerceatur.
2613 2620 2885 2692 Quidquid
2924 2638 3054 2693 ergo
3085 2621 3127 2653 "
3156 2619 3634 2690 irreprehensibile
3683 2630 3795 2684 est,

2223 2711 2486 2766 catholica
2522 2710 2762 2766 defendit
2791 2710 3054 2767 Ecclesia.
3104 2708 3250 2763 Nulli
3289 2709 3603 2778 imperatori
3627 2709 3674 2743 ¹⁶
3709 2710 3798 2764 vel

2223 2801 2460 2871 cuipiam
2492 2801 2748 2871 pietatem
2800 2801 3150 2866 custodienti,
3198 2801 3328 2856 licet
3362 2800 3564 2870 aliquid
3598 2809 3795 2856 contra

2223 2893 2478 2948 mandata
2535 2892 2718 2947 divina
2763 2907 3106 2963 praesumere.
3163 2891 3428 2962 Injustum
3474 2906 3604 2962 ergo
3638 2892 3797 2962 judi-

2221 2983 2367 3038 cium
2401 2991 2455 3038 et
2479 2981 2729 3039 diﬁinitio
2753 2983 2978 3052 injusta,
3012 2984 3163 3054 regio
3185 2991 3330 3037 ntetu
3361 2991 3455 3037 aut
3478 2981 3795 3052 jussu,-aut

2221 3074 2598 3145 cujuscunque
2637 3074 2877 3144 episcopi
2906 3082 3000 3128 aut
3027 3076 3284 3143 potentis,
3331 3090 3361 3130 a
3384 3075 3660 3145 judicihus
3692 3089 3794 3129 or-

544 3182 705 3251 cujus
751 3191 935 3251 caput.
986 3149 1063 3235 ιη’
1087 3180 1409 3252 praedictum
1458 3149 1565 3245 est;
1614 3149 1860 3235 hom",
1908 3149 2119 3237 θιείεηέ
2148 3149 2190 3206 C
2221 3163 2405 3218 dinata
2428 3164 2511 3219 vel
2540 3172 2685 3228 acta,
2712 3178 2820 3218 non
2847 3164 3040 3218 valeat.
3071 3161 3287 3219 Homini
3319 3165 3574 3235 religioso
3598 3181 3799 3235 parum

545 3272 810 3327 Ecclesia.
852 3272 1125 3342 Quidquid
1165 3287 1298 3342 ergo
1324 3273 1365 3303 “
1392 3271 1512 3327 sine
1541 3272 1870 3327 discretione
1893 3272 2121 3342 justitia:

544 3371 740 3420 contra
772 3364 935 3435 hujus
964 3365 1310 3435 disciplinam
1360 3373 1542 3421 actum
1581 3364 1773 3432 fuerit,
1804 3375 1983 3421 ratum
2018 3367 2119 3422 ha-

544 3454 659 3510 beri
691 3456 833 3510 ratio
866 3455 1014 3511 nulla
1040 3456 1327 3526 permittit.

1312 3569 1378 3623 ll.

896 3680 975 3736 De
1006 3680 1471 3736 criminationibus
1497 3682 1796 3737 doctorum.

613 3793 1034 3850 Criminationes
1060 3808 1189 3849 vero
1223 3801 1412 3850 contra
1443 3792 1720 3849 doctorem
1754 3809 1918 3850 nemo
1946 3797 2123 3851 susci-
2171 3866 2174 3870 λ

544 3885 678 3957 piat,
711 3884 840 3957 quia
882 3899 992 3940 non
1024 3890 1241 3954 Oportet
1277 3883 1421 3939 ﬁlios
1470 3883 1866 3953 reprehendere
1915 3897 2119 3955 patres,

544 3992 648 4032 nec
672 3990 861 4033 servos
890 3974 1144 4031 dominos
1166 3974 1425 4030 lacerare.
1462 3971 1587 4027 Filii
1616 3988 1749 4044 ergo
1774 3983 1902 4030 sunt
1926 3974 2117 4029 docto-

544 4082 691 4133 rum,
737 4080 929 4121 omnes
971 4079 1108 4134 quos
1157 4063 1457 4120 instruunt.
1508 4061 1576 4117 Et
1616 4063 1761 4119 sicut
1799 4064 1894 4118 ﬁlii
1941 4074 2122 4134 patres

545 4155 815 4220 carnales,
844 4155 925 4210 sic
952 4164 1007 4209 et
1035 4155 1091 4207 hi
1117 4164 1296 4223 patres
1316 4154 1517 4208 debent
1535 4144 1763 4222 diligere
1786 4154 2117 4223 spirituales.

545 4245 666 4302 Non
710 4247 858 4301 enim
906 4245 1045 4299 bene
1086 4245 1240 4313 vivit,
1290 4244 1387 4314 qui
1438 4259 1549 4299 non
1601 4254 1747 4300 recte
1790 4245 1985 4311 credit,
2028 4254 2124 4300 aut

546 4346 729 4409 patres
790 4335 1157 4405 reprehendit,
1214 4335 1299 4391 vel
1354 4335 1589 4410 detrahit
1646 4351 1798 4391 suos.
1862 4335 2122 4391 Doctores

544 4445 697 4501 ergo,
730 4429 822 4501 qui
854 4438 908 4483 et
948 4434 1129 4497 patres
1155 4435 1439 4490 vocantur,
1475 4426 1649 4496 magis
1672 4426 1920 4495 portendi
1953 4442 2117 4495 quam

545 4520 978 4591 reprehendendi
1013 4528 1170 4583 sunt,
1213 4518 1317 4573 nisi
1355 4518 1409 4572 in
1447 4526 1596 4572 recta
1642 4517 1746 4572 ﬁde
1789 4517 2114 4571 erraverint.

543 4610 738 4666 Nullus
763 4626 891 4682 ergo
913 4611 1191 4666 doctorem
1237 4626 1327 4678 per
1369 4608 1573 4678 scripta
1604 4616 1842 4673 accuset,
1881 4623 1982 4663 nec
2014 4607 2119 4663 nisi

545 4703 690 4757 tideli
713 4711 768 4757 et
795 4703 1057 4772 legitimo,
1082 4703 1175 4773 qni
1207 4703 1370 4759 etiam
1402 4700 1928 4771 irrepreliensibilem
1952 4700 2118 4755 vitam

543 4809 611 4849 ac
638 4795 1108 4863 conversationem
1161 4794 1347 4858 ducat,
1401 4791 1705 4848 accusatori
1759 4791 2118 4861 respondeat:

613 4938 637 4972 ⁸
658 4939 825 4994 Zach.
848 4955 969 5006 vm,
990 4939 1140 4994 1-19.
1212 4940 1232 4971 ⁵
1259 4937 1316 4993 S.
1338 4937 1449 4993 Leo
1476 4953 1562 5007 ep.
1580 4939 1650 4993 55
1670 4947 1723 4992 et
1744 4937 1833 4992 84.
1910 4936 1969 4990 ⁸1
1998 4937 2142 4993 Petr.
2170 4953 2254 4992 ιιι.

1076 5009 1117 5040 ¹⁰
1143 5009 1284 5071 idem
1318 5005 1547 5063 habetur
1576 5007 1716 5062 infra
1745 5009 1798 5062 in
1828 5006 1977 5062 decr.
2003 5009 2038 5060 2
2068 5007 2327 5074 Stephani
2376 5006 2395 5059 1
2445 5016 2498 5060 et
2528 5007 2663 5060 Sixti
2695 5022 2846 5074 papae
2874 5005 2958 5060 Ill.

543 5011 566 5042 ’
588 5008 743 5063 Joan.
768 5024 845 5073 vr,
872 5009 964 5064 38.

497 5067 508 5082 ⁸
547 5081 590 5111 ι’
614 5078 782 5152 Prov.
796 5067 952 5152 δ’χνι,
981 5078 1036 5152 ᾧ.
1117 5079 1163 5152 ¹ξ
1185 5067 1321 5132 δίχἰἱ
1369 5079 1648 5152 sententiae
1692 5078 1745 5143 6,
1781 5076 1901 5152 l6],
1933 5077 2056 5152 18.9,
2089 5067 2215 5152 203.

1094 5186 1111 5202 .
1151 5148 1202 5201 in
1245 5163 1327 5216 ps.
1362 5163 1471 5202 uv.
1551 5149 1590 5179 ¹⁷
1618 5163 1815 5203 canon.
1847 5148 1880 5201 9
1908 5146 2064 5203 cnric.
2089 5146 2311 5202 Nicaeni.

544 5157 701 5230 ἕρπει..
719 5146 846 5230 202,
879 5164 943 5230 ea
972 5147 1090 5230 ring

2220 3269 2341 3310 esse
2366 3255 2526 3311 debet
2555 3255 2598 3287 ¹⁹
2628 3254 2944 3310 inimicitias
2973 3254 3207 3309 aliorum
3254 3270 3364 3309 non
3399 3270 3674 3320 exercere,
3709 3258 3803 3312 vel

2221 3358 2421 3414 augere
2454 3342 2596 3398 male
2634 3343 2929 3414 loquendo,
2960 3342 3067 3397 nisi
3109 3345 3272 3400 etiam
3313 3360 3408 3400 eas
3447 3345 3801 3416 exstinguere

2220 3433 2356 3488 bene
2374 3432 2647 3504 loquendo
2671 3433 2959 3490 studuerit.
2983 3434 3172 3489 Melior
3199 3442 3281 3490 est
3303 3435 3349 3467 ’θ
3370 3435 3427 3490 in
3449 3435 3609 3490 malis
3633 3433 3801 3492 iactis

2224 3520 2776 3588 humilis.conl‘essio,
2801 3538 2966 3592 quam
2991 3522 3044 3577 in
3076 3522 3232 3578 bonis
3257 3522 3489 3592 superba
3521 3523 3799 3594 gloriatio.

2220 3609 2423 3667 Omnes
2463 3626 2592 3666 vero
2640 3612 2735 3683 qui
2785 3622 2971 3667 amant
2996 3614 3041 3645 ²¹
3072 3612 3240 3668 vitam
3292 3613 3529 3681 beatam,
3580 3615 3797 3671 malunt

2220 3717 2341 3758 eam
2382 3702 2791 3774 tranquillitatis
2839 3711 3043 3759 suamet
3079 3703 3304 3775 justitiaz
3347 3714 3491 3761 statu
3544 3721 3799 3774 currere.

2220 3808 2383 3863 quam
2430 3802 2743 3849 nostrorum
2784 3804 3138 3865 peccatorum
3171 3796 3351 3866 poenis
3390 3797 3672 3854 ultricibus
3703 3799 3799 3854 itt-

2223 3882 2500 3950 terpolari.
2548 3880 2754 3937 Memor
2789 3884 2934 3937 enim
2984 3898 3104 3939 sum
3135 3886 3204 3949 ",
3249 3900 3338 3940 me
3378 3886 3482 3941 sub
3510 3887 3655 3943 illius
3689 3902 3803 3943 no-

2224 3972 2370 4025 mine
2398 3972 2656 4027 Ecclesiae
2704 3973 2993 4041 praasidere
3016 3972 3149 4044 (39),
3183 3974 3340 4044 cujus
3376 3990 3407 4030 a
3431 3975 3662 4031 Domino
3691 3992 3805 4032 no—

2221 4072 2337 4117 stro
2358 4061 2486 4118 Jesu
2518 4063 2738 4117 Christo
2773 4072 2856 4118 est
2891 4063 3186 4134 gloriﬁcata
3231 4064 3524 4134 confessio,
3551 4076 3606 4122 et
3632 4068 3798 4137 cujus

2222 4153 2356 4208 ﬁdes
2403 4167 2597 4208 omnes
2640 4167 2855 4223 semper
2890 4154 3127 4210 destruit
3170 4170 3407 4213 errores.
3454 4156 3523 4210 Et
3552 4159 3800 4230 intelligo

2221 4242 2378 4297 aliter
2428 4242 2564 4298 mihi
2618 4257 2730 4297 non
2783 4242 2969 4311 licere,
3013 4260 3180 4314 quam
3229 4255 3291 4301 ut
3331 4260 3523 4302 omnes
3559 4258 3797 4305 conatus

2223 4347 2375 4390 meos
2418 4334 2469 4388 ei
2504 4349 2719 4401 causae,
2759 4334 2813 4388 in
2848 4350 2957 4405 qua
2990 4336 3317 4393 universalis
3349 4335 3607 4393 Ecclesiae
3639 4338 3799 4395 salus

2224 4424 2532 4492 infestatur,
2581 4423 2915 4494 impendam.
2970 4425 3141 4496 Spero
3178 4438 3358 4482 autem
3408 4428 3717 4484 adfuturam
3742 4430 3797 4463 ³³

2221 4515 2648 4571 misericordiam
2675 4516 2956 4586 Dei,{quod
2982 4528 3310 4587 cooperante
3332 4519 3452 4589 ejus
3476 4520 3796 4587 clementia,

2222 4607 2400 4663 omnis
2442 4605 2665 4676 pestifer
2713 4607 2971 4672 morbus,
3016 4607 3134 4677 ipso
3175 4608 3424 4677 pellente,
3473 4608 3793 4666 auferatur.

2222 4709 2276 4755 et
2298 4698 2561 4769 quidquid
2594 4698 2713 4768 ipso
2752 4698 3050 4767 inspirante
3079 4710 3242 4769 atque
3268 4700 3565 4755 auxiliante
3589 4703 3798 4771 poterit

2223 4772 2514 4846 salubriter
2557 4789 2698 4858 ﬁeri,
2742 4803 2868 4847 cum
2904 4800 3012 4845 tua:
3035 4790 3160 4845 ﬁdei
3189 4800 3245 4846 et
3280 4791 3584 4848 devotionis
3626 4793 3797 4850 laude

2335 4936 2587 5017 'tdistii‘t.
2612 4936 2716 5017 lg:
2745 4934 3113 5017 Non_d_ecet‘a
3140 4936 3335 5017 capite.
3442 4937 3511 5017 ξι
3533 4937 3661 5017 ρον.
3685 4954 3800 5017 ξιιμ

2730 5022 2846 5090 ipse
2874 5007 2982 5090 ill;
3053 5008 3101 5090 _“
3131 5007 3365 5090 Adrian;
3381 5008 3509 5090 coll:
3535 5009 3581 5090 Ξ)
3614 5018 3668 5063 et
3694 5009 3791 5090 67τ

2294 5077 2338 5109 ¹⁸
2362 5076 2418 5132 S.
2448 5076 2557 5130 Leo
2590 5093 2677 5145 ep.
2708 5077 2798 5129 55.
2875 5076 2917 5106 ”
2943 5074 3088 5130 Eccl.
3120 5091 3272 5141 xvm,
3298 5077 3387 5133 50.
3468 5078 3510 5109 “
3533 5076 3794 5145 Prosperi

2297 5189 2311 5202 .
2409 5147 2453 5178 "'
2480 5161 2636 5217 conc:
2657 5144 2918 5217 Roman,
2949 5143 3401 5217 sithSymtnacho
3432 5147 3701 5217 papa,ll,
3727 5164 3791 5216 q.

544 5219 599 5281 ὃ,
626 5210 890 5288 Injustum
909 5210 1371 5288 judiciumxl'ci”
1395 5216 1453 5271 S.
1478 5216 1731 5288 Rrosperi
1762 5225 1902 5288 sent.
1931 5217 2052 5288 179,
2078 5215 2391 5288 ex_S.Aug.
2411 5210 2795 5288 |§AC0|IfQSS.c.
2824 5214 2877 5288 9.
2956 5217 3000 5246 ²⁰
3021 5210 3262 5288 ejusdem
3292 5210 3591 5288 eaeddénr
3612 5216 3666 5268 in
3687 5210 3799 5284 ps-

543 5285 699 5341 ιοιιιζ
764 5288 819 5356 ν²¹
848 5285 1114 5354 5.ῩΑηιΙ>ι-.
1149 5286 1358 5356 ep.|21.

543 5355 805 5412 detractis
846 5356 1117 5412 additisve
1141 5355 1471 5426 quibusdam
1514 5355 1864 5427 interpolata.

614 5469 732 5539 (38)
788 5468 942 5524 Nulli
986 5485 1102 5524 vero
1150 5469 1389 5525 dubium.
1460 5470 1759 5526 Romanam
1816 5470 2113 5526 Ecclesiam

543 5549 876 5611 matremet
904 5548 1068 5611 caput
1108 5554 1231 5596 esse
1268 5542 1513 5596 omnium
1573 5542 1805 5596 aliarum
1845 5540 2116 5611 Ecclesia-

544 5609 945 5674 rum,evidens
972 5609 1352 5666 testimonium
1391 5618 1577 5665 notatu
1613 5611 1993 5674 dignissimum
2028 5610 2117 5665 hic

528 5679 819 5751 traditur:
852 5680 1007 5751 plura
1057 5680 1368 5745 testimonia
1401 5681 1520 5737 vide
1560 5679 1702 5751 apud
1737 5679 1991 5736 Bcllarm.
2016 5696 2019 5701 ‘
2040 5679 2117 5736 De

543 5746 698 5801 Rom.
730 5746 877 5818 pont'.
906 5748 1035 5805 Ssv.
1068 5750 1270 5806 BINIUS.

1435 5289 1480 5321 ³³
1505 5286 1561 5342 8.
1587 5283 1698 5342 Βθο
1722 5302 1809 5357 ep.
1838 5286 1926 5341 52.
2003 5287 2048 5319 *³
2073 5286 2128 5340 S.
2157 5285 2267 5344 Leo
2296 5283 2383 5355 ep.
2426 5285 2515 5348 '51,
2571 5286 2740 5354 cujus,
2764 5283 2926 5338 verba
2966 5294 3024 5338 ut
3052 5284 3468 5353 praecedentium
3497 5283 3792 5341 auctorum

2293 5469 2405 5541 (39)
2435 5467 2638 5541 Memor
2656 5466 2795 5541 enim
2816 5481 2954 5530 sum,
2978 5483 3059 5519 me
3084 5465 3189 5541 sub_
3205 5466 3359 5541 illius
3382 5467 3589 5520 nomine
3612 5466 3796 5521 Eccle-

2220 5535 2317 5620 siaé
2349 5535 2991 5620 prwsidere..Rom'a.num
3041 5536 3350 5620 po'ntilicem
3409 5551 3789 5620 successorem

2220 5603 2365 5664 Petri
2417 5621 2569 5667 esse.
2618 5606 2707 5660 hic
2759 5603 3059 5662 indicatur:
3104 5604 3267 5660 Plura
3323 5606 3630 5660 testimonia
3660 5606 3789 5660 vide

2222 5678 2363 5747 apud
2392 5675 2702 5749 Bellarrnin.
2750 5674 2822 5728 De
2848 5674 3089 5749 Roman.
3130 5685 3275 5745 pont.
3325 5676 3420 5731 lib.
3449 5690 3509 5743 tt,
3542 5691 3662 5749 cap.
3698 5677 3797 5742 li,

2222 5745 2275 5803 et
2309 5747 2491 5802 multis
2520 5745 2641 5800 aliis
2668 5746 3035 5817 sequentibus.
3075 5746 3148 5800 lo.
