3936 6358
162 369 254 423 125

1653 364 2030 421 EPISTOLE.

3307 369 3408 425 {9.6

152 496 453 556 peragatur.
490 483 766 550 Quoniam
800 500 888 540 res
917 501 1106 540 omnes
1134 485 1290 540 aliter
1319 493 1443 539 tutae
1473 499 1592 540 esse
1624 499 1734 538 non
1765 491 1806 546 Α
1840 477 2139 551 recipiendi
2171 477 2238 545 ⁸³,
2289 493 2390 533 nec
2427 478 2633 533 'eorum
2688 478 2771 533 vel
2822 479 3407 539 anathematizatorum

153 587 395 648 p..:-ssunt,
445 577 580 638 nisi,
623 592 746 647 quae
793 576 862 631 ad
902 577 1073 630 divini
1122 577 1364 632 muneris
1404 576 1724 631 famulatum

155 667 462 736 pertinent,
517 664 875 720 sacerdotalis
925 664 1179 719 defendat
1224 665 1546 719 auctoritas.
1599 661 1728 716 Data

155 756 439 809 undecimo
478 754 752 809 Kalendas
800 753 1143 816 Decembris,
1196 754 1473 808 Antonino
1517 760 1571 807 ct
1605 752 1731 806 Ale-

156 847 358 901 xandro
388 846 529 900 viris
561 845 883 900 clarissimis
913 844 1230 900 consulibus
1251 844 1318 900 “.

717 975 1057 1031 EPISTOLA
1094 974 1161 1029 ll.

459 1087 530 1124 AD
572 1085 746 1123 OINES
785 1083 1089 1122 GALLIABU!
1129 1082 1427 1122 EPISCOPOS.

155 1180 225 1234 De
267 1177 759 1247 conspirationibus
809 1186 857 1228 et
900 1176 1114 1247 reliquis
1169 1176 1400 1247 illicitis,
1429 1178 1624 1242 causis,
1667 1193 1730 1230 ne
1780 1193 1788 1202 ·

211 1251 368 1317 ﬁant,
395 1245 457 1302 et
482 1249 547 1301 de
587 1248 916 1313 reparatione
941 1245 1078 1313 lapsi
1116 1259 1231 1315 post
1265 1246 1653 1314 paenitentiam.

217 1339 610 1394 Dlectissimis
639 1337 899 1390 fratribus
926 1350 1019 1405 per
1036 1335 1238 1391 Gallias
1261 1337 1592 1403 constitutis,
1612 1336 1736 1390 uni-

154 1429 317 1484 versis
357 1426 662 1496 episcopis,
697 1424 1024 1478 CALLISTUS.

233 1517 619 1571 Plurimorum
675 1514 844 1567 relatu
896 1511 1264 1581 comperimus
1301 1513 1346 1544 ”
1395 1511 1734 1567 dilectionem

155 1618 381 1661 τρέε-ξω
433 1605 653 1660 fervore
679 1602 916 1673 Spiritus
945 1603 1115 1656 sancti
1153 1601 1228 1656 ita
1259 1601 1512 1658 Ecclesia:
1535 1601 1732 1672 guber-

156 1700 337 1753 nacula
373 1695 614 1750 ﬁrmiter
638 1703 829 1750 contra
864 1693 1098 1763 impetus
1135 1701 1317 1748 tenere
1345 1700 1400 1747 et
1431 1707 1638 1762 regere,
1668 1701 1729 1747 ut

154 1789 437 1859 naufragia
454 1797 556 1842 aut
577 1785 985 1855 naufragiorum
1003 1785 1346 1852 detrimenta,
1368 1784 1478 1840 Deo
1493 1794 1734 1851 auctore,

157 1899 250 1934 non
305 1881 545 1935 sentiat.
619 1876 844 1931 Talibus
909 1877 1077 1947 igitur
1141 1877 1436 1946 gloriantes
1493 1876 1730 1940 indiciis,

157 1987 413 2042 rogamus
447 2011 464 2035 ,
552 1983 621 2024 ne
679 1969 734 2022 in
801 1968 910 2022 illis
965 1967 1215 2036 partibus
1280 1975 1469 2022 contra
1534 1976 1734 2023 statuta

155 2061 458 2130 apostolica
516 2057 813 2128 quidquam
865 2055 978 2110 ﬁeri
1016 2054 1230 2119 sinatis,
1265 2055 1359 2109 sed
1393 2062 1582 2109 nostra
1616 2051 1734 2107 fulti

155 2150 504 2215 auctoritate,
534 2149 723 2203 nociva
755 2144 1301 2216 compescite,illicita
1327 2143 1628 2214 prohibete.

930 2281 976 2336 Ῑ.

153 2376 223 2430 De
258 2378 330 2440 iis
369 2375 468 2446 qui
510 2374 814 2444 conspirant
851 2373 1102 2454 adversus
1119 2371 1415 2454 episcopos,
1442 2368 1520 2424 vel
1541 2370 1630 2440 qui
1661 2369 1737 2423 eis

799 2451 1150 2497 consentiunt.

213 2537 716 2606 Conspirationum
746 2549 878 2589 vero
910 2533 1142 2588 crimina
1169 2531 1367 2587 vestris
1398 2532 1453 2586 in
1487 2531 1736 2601 partibus

154 2631 332 2698 vigere
370 2627 732 2692 audivimus,
763 2635 818 2679 et
847 2623 1033 2694 plebes
1064 2632 1257 2679 contra
1286 2623 1576 2692 episcopos
1605 2637 1738 2677 suos

156 2721 482 2788 omspirare
534 2718 698 2772 nobis
744 2713 1158 2770 manifestatum
1192 2716 1238 2746 '°
1270 2723 1373 2769 est.
1413 2713 1586 2779 Cujus
1626 2712 1736 2767 cri—

157 2812 312 2864 minis
337 2808 558 2865 astutia
587 2824 692 2863 non
723 2808 901 2862 solum
935 2807 1077 2862 inter
1131 2805 1477 2860 Christianos
1530 2803 1742 2858 abomi-

158 2901 353 2955 nabilis
384 2909 517 2953 est:
553 2898 645 2951 sed
676 2897 838 2951 etiam
873 2897 1016 2952 inter
1041 2896 1322 2961 ethnicos,
1349 2903 1404 2948 et
1435 2895 1504 2959 ab
1535 2892 1742 2948 exteris

157 2982 368 3062 legibus
423 2988 724 3058 prohibita.
780 2986 848 3041 Et
883 2987 1090 3042 idcirco
1126 2985 1292 3055 hujus
1331 2985 1581 3040 criminis
1620 2999 1742 3038 reos

161 3098 264 3136 non
306 3081 502 3135 solum
544 3078 966 3144 ecclesiasticae,
1007 3076 1103 3132 sed
1140 3077 1304 3131 etiam
1347 3075 1544 3130 saeculi
1590 3074 1742 3128 damv

1829 586 1967 638 vox,
2005 571 2176 626 ullum
2211 584 2410 625 nocere
2445 569 2537 624 vel
2566 561 2828 624 accusare
2855 579 3057 639 potest.

2598 681 2662 735 II.

1832 781 1910 836 De
1948 781 2016 835 iis
2053 781 2142 851 qui
2181 777 2653 851 excommunicatis
2712 778 3139 844 communicant,
3183 780 3262 834 uel
3295 781 3408 850 inti.

2514 845 2739 900 delibus.

1907 938 2426 994 Excommunicatos
2461 953 2679 1007 quoque
2714 953 2743 990 a
2779 938 3154 995 sacerdotibus
3188 941 3255 1008 ³³,
3284 942 3409 996 nul-

1831 1031 1922 1086 lus
1950 1032 2180 1100 recipiat
2209 1038 2336 1084 ante
2365 1029 2653 1098 utriusque
2683 1029 2852 1098 partis
2879 1029 3084 1098 justam
3116 1033 3402 1088 examina-

1836 1125 2036 1178 tionem
2063 1138 2165 1177 nec
2192 1136 2314 1176 cum
2343 1121 2425 1175 eis
2453 1120 2505 1173 in
2532 1119 2805 1187 oratione,
2834 1129 2925 1175 aut
2955 1121 3097 1185 cibo,
3127 1131 3220 1177 aut
3247 1133 3411 1193 potu,

1836 1223 1930 1269 aut
1969 1213 2159 1267 osculo
2198 1211 2606 1274 communicet,
2649 1226 2752 1265 nec
2792 1225 2892 1266 ave
2929 1211 3010 1266 eis
3047 1211 3192 1266 dicat
3233 1231 3246 1266 :
3281 1214 3411 1284 quia

1833 1305 2156 1374 quicunque
2190 1302 2244 1356 in
2287 1301 2374 1355 his
2407 1301 2489 1354 vcl
2526 1299 2650 1355 aliis
2687 1302 3013 1370 prohibitis,
3045 1303 3281 1358 scienter
3317 1320 3413 1359 et-

1835 1393 2258 1449 communicatis
2293 1390 2785 1446 communicaverit
2804 1433 2818 1457 ,
2845 1393 3003 1462 juxta
3035 1395 3412 1462 apostolorum

1836 1486 2238 1540 institutionem
2268 1482 2380 1552 (40)
2399 1523 2413 1545 ,
2445 1492 2497 1537 et
2518 1483 2633 1551 ipse
2657 1482 2823 1537 simili
2847 1479 3416 1540 excommunicatione

1839 1576 2147 1647 subjacebit
2171 1576 2235 1629 “.
2269 1576 2351 1630 Ab
2384 1576 2469 1630 his
2499 1590 2630 1646 ergo
2666 1575 2848 1630 clerici
2885 1583 2938 1629 et
2977 1575 3100 1630 laici
3142 1591 3200 1630 se
3239 1575 3413 1630 absti»

1837 1675 2041 1734 neant,
2082 1666 2176 1737 qui
2215 1667 2404 1720 eadem
2445 1667 2560 1736 pati
2592 1667 2888 1721 noluerint.
2923 1666 3240 1722 lnfidelibus
3273 1682 3415 1736 quo-

1839 1775 1945 1828 que
1978 1758 2148 1812 nolite
2181 1757 2475 1827 conjungi,
2511 1772 2614 1812 nec
2646 1773 2769 1812 cum
2803 1759 2884 1812 eis
2915 1757 3081 1812 ullam
3118 1759 3414 1827 participa-

1766 1824 1809 1879 Β
1839 1824 2042 1898 tionem
2089 1824 2312 1897 habere.
2367 1824 2519 1897 Talia
2561 1859 2692 1898 vero
2741 1854 3006 1915 agentes,
3049 1824 3155 1900 non
3189 1824 3410 1907 fideles,

1837 1936 1930 1990 sed
1963 1935 2211 1991 inﬁdeles
2236 1936 2580 2006 judicantur.
2624 1936 2778 1992 Unde
2810 1938 2886 1990 ait
2912 1938 3204 2007 Apostolus
3231 1956 3244 1991 :
3285 1940 3418 2002 Qui:

1837 2044 1963 2097 pars
2001 2026 2149 2096 ﬁdeli
2181 2043 2300 2080 cum
2331 2027 2537 2096 inﬁdeli
2563 2029 2589 2081 ?
2621 2036 2713 2081 aut
2739 2044 2856 2098 quin
2881 2028 3220 2097 participatio
3243 2027 3414 2096 justi--

1839 2121 1932 2172 tia:
1962 2135 2080 2172 cum
2114 2118 2395 2186 iniquitate
2430 2118 2522 2171 "?

2577 2247 2667 2303 Ill.

1843 2361 1910 2418 Ut
1936 2361 2113 2416 nullus
2141 2363 2415 2432 episcopus
2441 2359 2504 2414 de
2532 2359 2750 2432 alterius
2773 2359 3025 2432 parochia
3049 2357 3254 2429 aliquid
3283 2375 3418 2430 pra:-

2016 2428 2224 2496 sumat,
2255 2428 2404 2485 etde
2438 2428 2822 2483 mutationibus
2856 2428 3238 2497 episcoporum.

1912 2542 2083 2599 Nemo
2121 2557 2340 2612 quoque
2373 2541 2600 2595 alterius
2642 2539 2904 2595 terminos
2943 2548 3170 2610 usurpet
3203 2539 3267 2601 ³⁸.
3311 2553 3415 2594 nec

1842 2636 2066 2690 alterius
2096 2633 2487 2704 parochianum
2515 2631 2762 2700 judicare
2791 2639 2887 2685 aut
2937 2631 3418 2686 excommunicare

1845 2731 2140 2796 praesumat
2168 2740 2182 2788 ;
2211 2721 2339 2791 quia
2363 2720 2488 2774 talis
2515 2718 2780 2788 judicatio
2809 2720 2894 2772 vel
2920 2717 3197 2772 ordinatio
3225 2718 3293 2784 ³⁷,
3324 2728 3420 2772 aut

1843 2807 2376 2873 excommunicatio,
2406 2806 2491 2860 vel
2521 2805 2830 2870 damnatio,
2864 2821 2963 2860 nec
2993 2813 3109 2860 rata
3139 2804 3275 2868 erit,
3311 2821 3417 2860 nec

1844 2900 1989 2954 vires
2019 2897 2158 2953 ullas
2185 2897 2440 2963 habebit;
2469 2896 2730 2966 quoniam
2777 2896 2960 2952 nullus
3009 2896 3233 2950 alterius
3271 2893 3420 2965 judi-

1843 2989 1945 3052 cis,
1977 2987 2085 3044 nisi
2108 2987 2228 3053 sui,
2251 2991 2520 3046 sententia
2549 2985 2845 3051 tenebitur,
2868 2994 2962 3039 aut
2983 2985 3332 3040 damnabitur
3349 2984 3416 3038 ⁸³.

1849 3079 2004 3135 Unde
2031 3087 2088 3135 et
2113 3078 2379 3133 Dominus
2407 3077 2652 3147 loquitur
2681 3077 2868 3132 dicens
2895 3096 2908 3131 :
2946 3075 3029 3130 Ne
3061 3075 3422 3146 transgrediu-

159 3180 286 3224 uant
325 3170 489 3238 leges
515 3189 532 3225 :
559 3179 614 3223 et
644 3185 750 3223 non
785 3169 963 3224 solum
996 3167 1410 3236 conSpirantcs,
1456 3165 1550 3220 sed
1580 3169 1743 3218 etiam
1770 3159 1812 3217 C
1846 3155 1922 3225 ris
1961 3170 2214 3225 terminos
2247 3170 2489 3239 antiquos
2510 3205 2528 3234 ,
2557 3185 2688 3238 quos
2715 3179 2999 3240 posuerunt
3032 3177 3209 3237 patres
3241 3168 3322 3221 tui
3349 3167 3417 3222 ³³.

157 3261 552 3314 consentientes
592 3259 668 3312 eis
699 3258 766 3311 "’.
806 3259 1197 3313 Antecessorcs
1237 3271 1368 3312 vero
1401 3255 1571 3311 nostri
1617 3271 1740 3311 curn

156 3350 397 3417 plurima
420 3349 585 3402 turba
612 3347 1347 3418 episcoporum,quicunque
1376 3361 1565 3401 eorum
1582 3346 1636 3401 in
1657 3361 1746 3401 sa-

161 3440 429 3494 cerdotali
474 3440 686 3493 honore
712 3448 841 3493 sunt
865 3438 1062 3509 positi,
1098 3448 1194 3493 aut
1219 3438 1491 3494 exsistunt
1527 3438 1742 3504 clerici,

161 3531 405 3594 honore,
444 3544 560 3599 quo
598 3537 848 3594 utuntur,
885 3528 1080 3583 cadere
1108 3528 1154 3560 ’⁸
1183 3535 1559 3598 praeceperunt
1588 3545 1601 3581 :
1637 3542 1740 3581 cte-

160 3633 304 3675 teros
339 3635 479 3674 vero
514 3619 897 3674 communione
931 3617 1166 3688 privari,
1199 3627 1254 3675 et
1285 3619 1354 3673 ab
1383 3617 1622 3674 Ecclesia
1651 3633 1746 3673 ex—

161 3719 339 3764 torres
395 3709 521 3763 ﬁeri
551 3710 874 3778 jusserunt;
905 3723 1206 3778 omnesque
1250 3709 1416 3768 simul
1457 3709 1746 3779 utriusque

163 3801 375 3854 ordinis
411 3799 570 3855 viros
605 3799 837 3854 infames
873 3813 997 3854 esse
1029 3784 1361 3855 censuerunt
1389 3816 1404 3866 ;
1436 3810 1492 3853 et
1526 3815 1627 3852 non
1659 3814 1746 3852 so-

163 3894 271 3946 lun
311 3895 612 3963 facientes,
653 3895 744 3948 sed
783 3904 833 3948 et
861 3895 936 3948 eis
977 3896 1372 3948 consentientes.
1414 3892 1630 3948 Justum
1663 3903 1747 3948 est

166 3986 306 4036 enim
343 3987 415 4050 ”,
451 3995 511 4039 ut
564 3987 657 4055 qui
704 3986 886 4040 divina
932 3994 1290 4042 contemnunt
1339 3986 1590 4039 mandata
1618 4024 1632 4048 ,
1685 3992 1740 4040 et

169 4075 551 4131 inohedientes
571 4086 785 4144 patrum
812 4077 1084 4132 exsistunt
1100 4075 1443 4146 jussionibus
1463 4114 1478 4139 ,
1507 4075 1750 4130 severio-

169 4168 314 4223 ribus
351 4169 713 4238 mrrigmtur
752 4169 1043 4232 vindiciis,
1085 4177 1354 4239 quatenus
1392 4169 1572 4222 caeteri
1617 4167 1748 4224 talia

171 4261 522 4314 committere
554 4261 808 4325 timeant,
834 4269 889 4315 et
912 4275 1104 4315 omnes
1135 4261 1406 4330 gaudeant
1433 4259 1476 4290 ⁸⁰
1509 4259 1748 4315 fraterna

168 4351 466 4406 concordia
487 4391 504 4412 ,
537 4359 593 4404 et
626 4351 809 4405 cuncti
843 4360 1066 4406 sumant
1104 4351 1412 4406 severitatis
1447 4361 1612 4420 atque
1652 4352 1749 4406 bo-

168 4443 351 4496 nitatis
379 4439 858 4510 exemplum.Nam
880 4443 948 4506 si,
964 4441 1110 4511 quod
1134 4442 1296 4504 absit,
1319 4443 1750 4499 ecclesiasticam

167 4529 602 4584 sollicitudinem
630 4528 671 4560 ³⁸
699 4529 1054 4598 vigoremque
1080 4529 1427 4600 negligimus,
1454 4531 1630 4598 perdit
1656 4531 1751 4586 de-

167 4622 300 4673 sidia
341 4619 734 4688 disciplinam,
780 4627 836 4674 et
882 4620 1170 4676 animabus
1217 4620 1455 4674 ﬁdelium
1510 4621 1750 4690 profecto

173 4710 492 4764 nocebitur.
534 4707 598 4761 lli
637 4724 763 4764 vero
804 4710 859 4763 in
906 4709 1114 4765 nullius
1163 4711 1569 4766 accusationem
1619 4722 1749 4767 sunt

226 4826 274 4856 "
302 4839 441 4878 ann.
472 4823 598 4878 222.
653 4894 683 4897 Α
702 4825 747 4897 ³⁸
772 4824 1095 4897 _Simplicius
1127 4841 1213 4897 ep.
1238 4828 1288 4880 1.

168 4892 259 4946 Gr.
306 4902 468 4947 textu
515 4894 726 4948 concilii
759 4892 1015 4950 Chalced.
1047 4937 1061 4959 ,

169 4965 429 5031 gaudeat.
507 4963 549 4994 ³⁸
586 4961 642 5016 S.
675 4964 834 5034 Greg.
895 4979 982 5033 ep.
1033 4965 1093 5018 11
1124 5005 1140 5029 ,
1197 4967 1290 5020 lib.
1340 4961 1437 5021 ιιῖ.
1539 4967 1677 5034 ³³2,

170 5046 324 5086 catos
379 5048 600 5103 quoque
649 5049 702 5086 a.
827 5034 872 5065 “
931 5034 1123 5101 Apost.
1180 5051 1303 5090 can.
1342 5036 1548 5101 11,12.

171 5102 385 5157 "Adr.
444 5103 552 5157 col.
607 5103 696 5156 16.
794 5104 840 5135 ³⁸
865 5102 1114 5159 Anianus
1171 5115 1347 5159 const.
1403 5109 1472 5160 2.

171 5173 204 5224 2
224 5145 744 5242 εῖὸἱιηὲνρὶῖώέὲ,
779 5145 1437 5230 nuif'"i't".iit(257137
1458 5148 1472 5172 ’

243 5308 568 5379 (Lollium
626 5311 980 5380 apostolorum
1043 5312 1450 5366 institutionem.
1505 5312 1757 5369 Canones

175 5380 578 5453 apostolorum
613 5381 673 5453 11
718 5388 773 5436 et
818 5381 886 5453 12
945 5381 1222 5453 intelligit,
1263 5382 1315 5436 in
1340 5398 1576 5452 quorum
1612 5384 1757 5440 notis

175 5449 298 5571 ἓξὲξ
339 5465 476 5571 Iquae
529 5450 772 5506 diximus
820 5452 890 5506 de
954 5449 1449 5508 excomtnuuicatis
1498 5453 1755 5509 vitandis.

254 5534 310 5571 ν.
387 5535 461 5571 in.

254 5534 310 5571 ν.
339 5534 461 5573 ωε.

211 5657 223 5666 ο
249 5586 549 5666 (Ηλριιοᾷ
573 5589 639 5642 ab
671 5590 948 5666 apostolis.
989 5589 1220 5666 _(_3ano_ne
1243 5591 1314 5646 '55
1345 5601 1399 5646 et
1431 5591 1533 5666 36,
1555 5592 1756 5660 quibus

180 5659 416 5730 singulis
463 5660 739 5729 episc0pis
794 5661 1091 5729 apostolica
1149 5662 1263 5730 lege
1318 5659 1655 5730 praecipitur,
1691 5676 1756 5716 ne

181 5725 513 5799 dimiceseosv
541 5725 669 5783 suae—
708 5725 971 5783 terminos
1034 5725 1527 5799 transgrediuntur,
1563 5747 1751 5785 verum

183 5798 368 5865 potius
399 5797 600 5867 singuli
662 5800 800 5854 intra
864 5815 994 5856 suos
1045 5797 1349 5857 tincs’scsc
1410 5801 1749 5856 contineant.

1403 4828 1447 4860 ’⁸
1474 4828 1788 4884 mandatum
1882 4831 1926 4862 ’⁷
1959 4830 2120 4889 Rom.
2153 4849 2200 4899 ι,
2235 4834 2328 4888 52.

1104 4911 1154 4950 c.
1200 4897 1279 4968 728
1299 4936 1314 4960 ,
1341 4897 1996 4968 ιθείιυνίὲκπιπτέτωσαν.

1687 4985 1764 5070 ait.
1797 4969 1869 5023 4:
1903 4971 2316 5041 Conspiratores
2349 4969 2401 5026 in
2431 4976 2544 5027 nul.

1759 5037 1800 5090 ll
1829 5037 1958 5094 Cor.
1993 5058 2042 5094 vr
2064 5083 2080 5094 .
2118 5043 2203 5094 14.
2301 5043 2347 5074 ³⁸
2379 5043 2433 5094 9.
2459 5059 2512 5094 a.

1687 5043 1731 5070 ³⁵
1759 5043 1800 5090 11
1829 5043 1958 5095 Cor.
1993 5058 2042 5096 vr
2064 5083 2080 5108 ,
2118 5043 2203 5097 14.
2301 5043 2347 5074 ³⁸
2379 5043 2428 5109 9,

1583 5107 1663 5162 tit.
1697 5107 1795 5175 16,
1824 5109 1917 5165 lib.
1949 5128 2023 5178 tv,
2053 5112 2188 5168 Cod.
2219 5109 2428 5168 Theod.

1845 3263 2041 3320 Nullus
2073 3271 2256 3318 autem
2289 3262 2495 3332 primas
2523 3261 2609 3315 vel
2640 3261 3093 3330 metropolitanus
3123 3260 3420 3316 ditecesani

1843 3353 2130 3410 ecclesiam
2152 3353 2237 3408 vel
2287 3351 2606 3422 parochiam
2650 3351 2716 3418 ⁸ο,
2762 3361 2856 3405 aut
2893 3351 3130 3420 aliquem
3178 3351 3246 3406 de
3298 3351 3421 3420 ejus

1806 3515 1808 3518 ν
1844 3444 2103 3515 parochia
2138 3451 2431 3513 praesumat
2472 3441 2950 3496 excommunicare
2994 3441 3078 3495 vel
3130 3440 3416 3510 judicare,

1847 3535 1933 3589 vel
1973 3533 2180 3603 aliquid
2213 3547 2373 3602 agere
2403 3531 2611 3602 absque
2643 3532 2764 3600 ejus
2799 3531 3033 3586 consilio
3064 3531 3148 3584 vel
3173 3529 3420 3600 judicio:

1847 3621 1942 3675 sed
1976 3621 2080 3676 hoc
2111 3620 2364 3674 observet
2384 3658 2400 3685 ,
2438 3618 2586 3688 quod
2617 3620 2686 3674 ab
2716 3620 2980 3690 apostolis
3011 3619 3124 3691 (41)
3154 3635 3218 3674 ac
3247 3619 3424 3689 patri-

1846 3709 1950 3764 bus
1984 3717 2038 3763 et
2075 3707 2572 3777 praedecessoribus
2611 3710 2819 3764 nostris
2856 3719 2938 3764 est
2976 3717 3241 3763 statutum
3265 3750 3280 3774 ,
3312 3717 3367 3762 et
3393 3725 3425 3762 a

1850 3799 2011 3855 nobis
2045 3799 2471 3855 conﬁrmatum:
2508 3798 2562 3852 id
2597 3807 2684 3852 est
2708 3799 2777 3866 “,
2813 3801 2858 3855 si
2890 3800 3015 3868 quis
3051 3799 3429 3867 metrOpolita-

1850 3906 1955 3945 nus
2010 3889 2343 3960 episcopus,
2392 3889 2500 3945 nisi
2555 3890 2702 3958 quod
2755 3890 2822 3944 ad
2875 3905 3032 3945 suam
3076 3889 3424 3944 solummodo

1848 3980 2129 4051 pr0priam
2163 3980 2401 4048 pertinet
2429 3980 2745 4049 parochiam
2767 4021 2782 4047 ,
2820 3981 2939 4037 sine
2971 3980 3206 4037 consilio
3232 3993 3296 4033 ac
3327 3995 3424 4032 vo-

1851 4073 2060 4127 luntate
2107 4072 2353 4126 omnium
2405 4072 2954 4142 comprovincialium
3002 4073 3427 4144 episc0porum,

1849 4175 2008 4220 extra
2038 4161 2245 4232 aliquid
2279 4178 2440 4233 agere
2472 4164 2801 4229 tentaverit,
2836 4164 3036 4235 gradus
3064 4164 3148 4218 sui
3181 4163 3428 4232 periculo

1851 4253 2160 4323 subjaccbit
2183 4271 2198 4311 :
2223 4265 2278 4309 et
2303 4255 2445 4323 quod
2479 4256 2652 4326 egerit
2673 4295 2688 4321 ,
2719 4255 2933 4308 irritum
2966 4255 3232 4308 habeatur
3259 4262 3314 4307 et
3345 4270 3431 4306 va-

1852 4362 2014 4402 cuum
2053 4367 2066 4402 :
2116 4348 2211 4402 sed
2266 4349 2530 4418 quidquid
2573 4349 2641 4402 de
2687 4349 3106 4418 provincialium
3145 4349 3429 4417 coepisco-

1857 4455 2050 4509 porum
2099 4438 2315 4505 causis,
2367 4455 2670 4509 eorumque
2715 4441 3073 4495 ecclesiarum
3105 4451 3159 4494 et
3200 4439 3428 4493 clerico-

1859 4547 1980 4586 rum
2037 4541 2199 4602 atque
2245 4532 2592 4588 saecularium
2649 4534 3075 4589 necessitatibus
3125 4547 3284 4602 agere
3337 4541 3432 4586 aut

1858 4623 2150 4692 disponere
2188 4639 2414 4680 necesse
2453 4624 2659 4692 fuerit,
2702 4627 2810 4681 hoc
2848 4641 2972 4681 cum
3014 4625 3260 4678 omnium
3300 4639 3431 4679 con-

1860 4729 2024 4770 sensu
2065 4718 2612 4786 comprovincialium
2660 4726 2856 4788 agatur
2899 4716 3217 4785 pontilicum
3273 4715 3429 4785 (42);

2427 4835 2472 4912 [⁸
2499 4850 2724 4912 carere:
2759 4835 2833 4888 ita
2865 4841 2922 4887 et
2965 4830 3330 4912 ms...lust_.‘a.t
3378 4830 3432 4884 in

2133 4905 2178 4935 ”
2209 4903 2312 4969 55,
2341 4919 2396 4972 q.
2425 4905 2458 4958 ὅ
2483 4921 2498 4958 :
2523 4903 2738 4960 Justum
2767 4914 2850 4958 est
2871 4943 2886 4968 ,
2922 4901 3116 4970 utqui.
3217 4901 3260 4932 ³ο
3290 4899 3432 4953 Deus

2133 4982 2316 5026 atores
2349 4975 2401 5026 in
2431 4976 2544 5026 nul.
2644 4975 2689 5005 ³³
2718 4973 2779 5026 ‘Zl
2804 5013 2818 5026 .
2855 4989 2908 5026 (ι.
2939 4973 2972 5026 5
3002 4991 3014 5026 :
3046 4971 3436 5025 Excommuui—

2459 4989 2544 5027 m1.
2644 4989 2689 5005 σε
2718 4989 2779 5026 zu
2804 5013 2818 5036 ,
2855 4989 2908 5041 q.
2939 4989 2972 5026 ο
3002 4991 3014 5026 :
3046 4989 3429 5025 excommuni-

2459 5059 2512 5113 q.
2545 5042 2620 5113 27:
2654 5041 2848 5097 Nullus
2893 5043 3118 5113 alterius
3145 5041 3429 5113 terminus.

2505 5113 2546 5144 ³³
2577 5112 2738 5167 Prov.
2769 5127 2909 5176 ml,
2939 5112 3031 5167 28.
3162 5111 3206 5142 ⁸⁰
3259 5111 3312 5176 9,
3375 5125 3430 5177 (1·

2301 5043 2433 5109 ιοςλ

1865 5308 2183 5431 Videlquas
2237 5308 2478 5364 diximus
2525 5307 2580 5362 in
2634 5306 2781 5362 notis
2825 5307 2895 5362 ad
2951 5305 3212 5375 allegatos
3266 5315 3432 5356 cano-

1865 5397 1984 5431 nes.
2044 5396 2097 5431 D.

1864 5397 1984 5435 nes.
2021 5396 2097 5433 ID.

1936 5449 2050 5518 (42)
2090 5445 2625 5519 ϐοτηρνοίυὶηεὶαιὶαξη
2675 5457 2870 5517 agatur
2900 5443 3238 5519 pontiﬁcum;
3256 5438 3435 5519 [focus

1866 5510 2162 5584 notabilis,
2214 5510 2360 5574 unde
2414 5510 2731 5587 perspicuei
2769 5510 2991 5587 constat
3035 5510 3435 5587 pontificis-et

1863 5591 2103 5662 episc0pi
2130 5581 2327 5662 nomen
2363 5581 2655 5662 commune
2708 5581 3434 5662 fuissc_omnibus_ortiniiio
3479 5619 3482 5621 Α

1861 5650 2131 5729 episcopis
2157 5659 2408 5713 Romano
2441 5657 2713 5729 dignitate
2731 5665 2793 5729 et
2828 5653 3005 5729 ollicio
3036 5650 3426 5729 inferioribus;

1861 5719 2106 5797 adeoque
2137 5730 2338 5783 nemini
2397 5719 2598 5781 mirum
2631 5725 2797 5780 videri
2853 5723 3066 5797 debeat,
3123 5719 3433 5797 Romanum

1861 5791 2168 5868 pontificem
2201 5808 2251 5854 et
2284 5799 2619 5869 episcopum,
2656 5797 2742 5852 cui
2775 5795 3015 5850 maxima
3057 5808 3187 5851 cura
3245 5791 3433 5849 Ecclev
