4006 6356
542 379 643 438 127

1841 366 1897 421 8.
1933 359 2250 419 CALLlSTl
2289 360 2311 411 l
2350 354 2552 411 PAPIE

3677 343 3780 400 l28

543 510 646 552 nec
693 494 878 565 aliquo
925 489 1314 548 dominationis
1366 489 1542 555 fastu,
1585 487 1681 543 sed
1716 486 2021 541 humillima
2060 491 2114 536 et
2141 484 2188 540 Α
2218 476 2487 531 Domino:
2524 473 2581 528 Si
2614 472 2872 565 persecuti
2909 485 2994 523 vos
3041 468 3236 565 fuerint
3276 468 3330 565 in
3378 482 3482 519 una
3529 463 3777 565 civitate,

543 578 802 642 concordi
833 582 1300 639 administratione
1322 625 1336 646 ,
1371 582 1516 636 sicut
1545 579 1807 633 Dominus
1833 577 1911 630 ait
1935 594 1949 630 :
1989 573 2110 628 Non

536 676 660 731 ueni
690 673 1016 736 ministrari,
1047 672 1135 726 sed
1160 671 1460 734 ministrare
1485 670 1550 723 ⁸³.
1576 666 1639 720 Et
1669 667 1793 721 alibi
1825 685 1840 720 :
1869 665 1971 730 Qui
1998 681 2112 717 ma-

534 772 629 832 jor
659 773 737 816 est
769 770 1028 824 vestrum,
1063 761 1163 812 erit
1193 760 1435 812 minister
1468 766 1634 812 vester
1666 756 1732 821 ³⁸³,
1767 763 1824 809 et
1876 755 2106 824 reliqua.

544 851 810 906 Similiter
847 860 900 904 et
939 851 1042 919 ipsi
1083 849 1571 917 comprovinciales
1623 847 1866 917 episcopi
1913 853 2111 899 cuncta

549 957 675 995 cum
713 941 836 1010 ejus
876 940 1136 1005 consilio,
1170 940 1276 994 nisi
1319 947 1583 1008 quantum
1615 939 1680 992 ad
1708 937 1956 1008 proprias
1984 950 2108 1005 per-

543 1033 681 1087 tinet
711 1033 1026 1103 parochias,
1057 1038 1249 1100 agant,
1278 1030 1436 1099 juxta
1472 1037 1783 1084 sanctorum
1817 1027 2112 1081 constituta

543 1134 755 1194 patrum
808 1127 827 1192 (
847 1123 938 1192 qui
994 1123 1245 1193 quamvis
1273 1122 1456 1191 aliquo
1490 1131 1794 1189 temporum
1827 1118 2113 1172 intervallo

545 1229 647 1268 nos
671 1211 1084 1274 antecesserint,
1108 1212 1177 1264 ab
1206 1226 1314 1265 uno
1343 1219 1522 1264 tamen
1542 1210 1843 1277 eodemque
1858 1206 2112 1276 puritatis

544 1302 725 1367 fonte,
760 1303 1003 1355 veritatis
1027 1310 1082 1355 et
1110 1301 1232 1354 fidei
1266 1302 1446 1354 lumen
1476 1301 1778 1352 hauserunt
1797 1339 1810 1362 ,
1838 1305 1891 1351 et
1915 1296 2106 1352 eodem

546 1395 880 1448 illustratore
905 1401 959 1445 et
987 1393 1256 1445 directore
1284 1391 1498 1460 spiritu,
1527 1389 1783 1444 Ecclesia:
1812 1388 1906 1442 Dei
1936 1387 2106 1442 stabi-

541 1484 830 1538 limentum
856 1523 870 1548 ,
911 1491 966 1535 et
1005 1482 1249 1535 omnium
1282 1481 1722 1535 Christianorum
1765 1493 2110 1532 communem

541 1575 911 1644 quasiverunt
948 1573 1234 1627 utilitatem
1271 1572 1317 1603 ⁸⁵
1342 1574 1390 1637 ),
1434 1581 1492 1624 ut
1520 1585 1630 1624 uno
1668 1569 1852 1624 animo
1890 1570 1956 1635 “,
2003 1585 2112 1623 uno

541 1680 637 1719 ore
666 1663 1008 1719 concorditer
1040 1672 1228 1717 sancta
1260 1663 1595 1733 gloriﬁcetur
1629 1660 1874 1716 Trinitas
1909 1661 1962 1715 in
2002 1676 2107 1716 sa:-

539 1757 685 1810 cula.
719 1753 908 1808 Nullus
948 1757 1188 1824 primas,
1230 1754 1414 1808 nullus
1452 1752 1944 1821 metropolitanus,
1988 1752 2110 1805 nul-

2213 571 2378 642 fugite
2405 570 2461 623 in
2487 569 2654 622 aliam
2679 567 2743 618 δ’.
2782 563 2838 618 Si
2885 571 3065 617 autem
3113 560 3361 615 utilitatis
3405 571 3570 611 causa
3614 554 3780 609 fuerit

2212 661 2508 715 mutandus
2538 658 2604 724 ⁸ο,
2651 669 2760 710 non
2813 669 2906 724 per
2935 667 2993 707 se
3034 650 3140 705 hoc
3181 657 3339 718 agat,
3380 647 3472 705 sed
3515 645 3779 700 fratribus

2219 748 2610 810 invitantibus,
2647 753 2701 799 et
2730 741 3054 798 auctoritate
3084 739 3247 809 hujus
3287 748 3488 792 sanctae
3519 737 3663 792 sedis
3689 733 3778 790 fa-

2210 843 2346 905 ciat,
2376 855 2484 894 non
2516 838 2750 893 ambitus
2777 849 2941 890 causa
2963 873 2976 897 ,
3012 831 3106 887 sed
3135 829 3402 885 utilitatis.

2950 963 3042 1018 ιν.

2211 1062 2287 1117 De
2323 1059 2771 1132 conjunctionibus
2807 1054 3311 1132 consanguineorum
3328 1067 3362 1132 ς,
3388 1058 3438 1104 et
3475 1050 3539 1103 de
3567 1049 3660 1132 iis,
3690 1050 3784 1118 qui

2278 1149 2342 1187 ea:
2373 1119 2446 1185 eis
2483 1139 2793 1194 nascantur,
2831 1137 2879 1181 et
2915 1127 2978 1180 de
3005 1119 3438 1177 accusationibus
3470 1135 3600 1189 quas
3642 1119 3782 1189 leges

2281 1203 2550 1256 reﬁciunt.

2281 1221 2550 1271 reﬂuum.

2281 1291 2712 1361 Conjunctioues
2738 1295 2916 1342 autem
2945 1283 3473 1353 consanguineorum
3506 1278 3621 1335 ﬁeri
3649 1293 3780 1348 pro-

2212 1384 2469 1438 hibentur
2499 1384 2566 1447 σι,
2595 1378 2816 1450 quando
2851 1378 2950 1431 bas
2977 1384 3031 1430 et
3061 1375 3260 1430 divina:
3283 1382 3337 1428 et
3366 1371 3549 1427 saeculi
3581 1369 3776 1440 prohi-

2207 1477 2336 1530 bent.
2370 1475 2536 1546 leges.
2577 1472 2742 1542 Leges
2775 1484 2904 1540 ergo
2935 1467 3130 1524 divinae
3153 1467 3259 1520 hoc
3288 1471 3510 1534 agentes
3534 1504 3549 1530 ,
3581 1472 3635 1517 et
3678 1477 3776 1516 eos

2209 1567 2300 1636 qui
2341 1581 2405 1620 ex
2446 1563 2527 1620 eis
2564 1563 2874 1633 prodeunt,
2913 1575 3020 1614 non
3061 1559 3236 1613 solum
3286 1556 3546 1626 ejiciunt,
3587 1553 3682 1610 sed
3720 1563 3778 1608 et

2209 1653 2528 1707 maledictos
2565 1650 2855 1720 appellant.
2897 1647 3067 1716 Leges
3103 1660 3234 1716 ergo
3274 1643 3496 1708 saeculi,
3539 1642 3775 1696 infames

2213 1742 2351 1796 tales
2379 1748 2610 1805 vocant,
2647 1747 2702 1792 et
2731 1739 2798 1792 ab
2829 1736 3139 1791 haereditate
3171 1733 3461 1802 repellunt.
3503 1731 3613 1787 Nos
3641 1746 3774 1786 vero

540 1846 738 1914 Iusque
769 1846 1106 1914 reliquorum
1139 1845 1521 1914 episcoporum
1540 1884 1555 1908 ,
1585 1843 1811 1897 alterius
1841 1843 1999 1897 adeat
2028 1843 2100 1898 ci-

2209 1839 2496 1899 sequentes
2532 1838 2713 1898 patres
2743 1836 2988 1890 nostros,
3022 1834 3077 1880 et
3103 1839 3294 1879 eorum
3321 1822 3564 1893 vestigiis
3592 1822 3769 1876 inhae-

505 1931 514 1935 ’
539 1937 760 1990 vitatem
782 1979 796 2001 ,
825 1943 918 1990 aut
941 1937 1006 1990 ad
1033 1936 1433 2006 possessionem
1461 1933 1714 1998 accedat,
1737 1949 1858 2003 qua:
1885 1933 1951 1987 ad
1979 1949 2104 1988 eum

539 2043 646 2080 non
675 2027 937 2097 pertinet,
966 2036 1020 2080 et
1048 2025 1272 2080 alterius
1298 2025 1537 2095 episcopi
1566 2033 1651 2079 est
1678 2024 1983 2094 parochias,
2012 2041 2106 2078 su-

537 2133 635 2186 per
679 2116 1004 2186 cujusquam
1048 2116 1441 2185 dispositione,
1493 2115 1597 2170 nisi
1642 2125 1870 2170 vocatus
1903 2115 1971 2168 ab
2000 2131 2100 2180 eo,

537 2206 699 2273 cujus
722 2204 865 2272 juris
897 2221 1019 2260 esse
1046 2205 1388 2274 dignoscitur
1415 2222 1429 2270 ;
1466 2214 1560 2260 aut
1589 2206 1884 2275 quidquam
1915 2202 2126 2261 ibidis-.

539 2302 725 2365 ponat,
807 2295 890 2348 vel
924 2295 1157 2359 ordinet,
1195 2305 1289 2347 aut
1320 2294 1562 2363 judicet,
1593 2296 1636 2351 si
1667 2296 1750 2350 sui
1779 2295 1980 2364 gradus
2006 2295 2104 2348 ho-

538 2397 671 2436 nore
701 2383 863 2452 potiri
893 2383 1146 2437 voluerit.
1184 2383 1279 2437 Sin
1306 2385 1471 2438 aliter
1488 2387 1912 2454 praesumpserit,
1953 2387 2104 2442 dam-

536 2473 761 2526 nabitur
785 2491 800 2538 ;
827 2483 880 2528 et
911 2489 1018 2528 non
1047 2474 1225 2527 solum
1256 2474 1365 2540 ille,
1391 2476 1483 2530 sed
1510 2487 1917 2545 cooperatores,
1943 2477 2104 2546 eique

539 2564 948 2618 consentientes
978 2581 990 2616 :
1033 2564 1161 2633 quia
1195 2565 1338 2619 sicut
1368 2565 1640 2620 ordinatio
1662 2607 1676 2631 ,
1715 2566 1790 2621 ita
1819 2567 1900 2621 eis
1929 2575 1983 2620 et
2010 2567 2100 2636 ju-

537 2653 740 2709 dicatio
770 2654 834 2720 “,
875 2664 930 2709 et
957 2655 1190 2710 aliarum
1222 2671 1405 2710 rerum
1438 2657 1725 2726 dispositio
1758 2658 2097 2726 prohibetur.

534 2742 670 2796 Nam
709 2745 801 2813 qui
843 2744 1097 2799 ordinare
1127 2761 1232 2798 non
1262 2745 1492 2814 poterit,
1517 2747 1753 2815 qualiter
1787 2746 2102 2816 judicabit?

533 2833 862 2890 Nullatenus
909 2837 1100 2904 procul
1151 2835 1318 2890 dubio
1361 2836 1664 2904 judicabit,
1719 2845 1814 2892 aut
1854 2838 2102 2907 judicare

533 2925 771 2995 poterit;
807 2925 1064 2998 quoniam
1105 2925 1248 2981 sicut
1285 2925 1508 2981 alterius
1548 2941 1687 2981 uxor
1719 2925 1784 2991 ⁸⁷,
1820 2943 1921 2982 nec
1947 2929 2100 2983 adul-

536 3016 706 3070 terari
742 3017 810 3070 ab
848 3017 1061 3084 aliquo,
1103 3016 1186 3069 vel
1219 3016 1456 3084 judicari
1493 3026 1588 3070 aut
1625 3017 1882 3086 disponi,
1921 3019 2030 3074 nisi
2069 3035 2098 3073 a

532 3105 755 3173 proprio
787 3105 929 3168 viro,
961 3120 1026 3158 co
1057 3106 1288 3169 vivente,
1323 3105 1654 3172 permittitur
1680 3124 1694 3160 :
1730 3107 1810 3162 sic
1837 3123 1938 3162 nec
1963 3123 2100 3163 uxor
2127 3144 2166 3199 ε

531 3195 772 3264 episcopi
800 3195 932 3265 (45),
965 3211 1085 3264 qua:
1115 3195 1232 3264 ejus
1270 3193 1510 3250 Ecclesia
1539 3196 1622 3249 vel
1653 3197 1910 3265 parochia
1941 3197 2099 3252 indu-

533 3287 772 3342 bitantcr
797 3288 1134 3357 intelligitur,
1162 3302 1228 3341 eo
1250 3287 1491 3352 vivente,
1519 3287 1724 3357 absque
1749 3288 1868 3358 ejus
1890 3288 2097 3358 judicio

533 3389 588 3434 et
626 3380 934 3444 voluntate,
979 3379 1132 3433 alteri
1165 3379 1400 3448 judicari
1436 3379 1520 3433 vel
1555 3379 1806 3448 disponi,
1849 3388 1944 3434 aut
1979 3381 2099 3449 ejus

532 3471 824 3524 concubitu
856 3469 993 3536 frui,
1027 3469 1075 3523 id
1105 3477 1188 3524 est
1208 3511 1224 3534 ,
1259 3469 1601 3524 ordinatione
1625 3509 1642 3536 ,
1669 3469 1938 3525 ullatenus
1968 3485 2097 3524 con-

531 3562 761 3616 ceditur.
789 3559 940 3616 Unde
963 3561 1038 3614 ait
1059 3560 1350 3628 Apostolus
1378 3577 1390 3613 :
1422 3559 1662 3628 Alligata
1695 3568 1775 3614 est
1798 3575 1934 3614 uxor
1957 3559 2057 3628 legi
2079 3599 2094 3621 ,

530 3652 765 3722 quandiu
791 3653 869 3705 vir
893 3652 1006 3720 ejus
1034 3651 1154 3704 vit‘it
1178 3667 1197 3713 ;
1224 3667 1282 3703 eo
1310 3665 1426 3703 vero
1449 3650 1715 3718 defuncta,
1747 3650 1922 3705 soluta
1951 3660 2025 3703 est
2063 3667 2095 3703 ιι

531 3743 640 3812 tege
663 3742 761 3797 viri
779 3743 842 3797 ⁵⁸⁸.
871 3740 1133 3795 Similiter
1159 3748 1212 3794 et
1239 3753 1439 3809 sponsa
1461 3739 1703 3808 episcopi
1729 3739 1878 3810 (quia
1897 3753 2095 3808 sponsa

534 3851 777 3901 uxorque
801 3835 920 3904 ejus
947 3833 1141 3889 dicitur
1179 3834 1443 3905 Ecclesia)
1464 3834 1562 3888 illo
1593 3831 1806 3885 vivente
1829 3833 1879 3884 ei
1907 3838 1990 3886 est
2019 3831 2098 3883 al-

532 3927 730 3996 ligata;
757 3941 823 3981 eo
851 3941 979 3981 vero
1002 3925 1281 3989 defuncto,
1309 3924 1484 3980 soluta
1510 3929 1611 3986 est,
1639 3929 1693 3976 et
1718 3921 1804 3975 cui
1831 3919 2093 3980 voluerit.

529 4017 728 4080 nubat,
771 4025 978 4071 tantum
1019 4017 1074 4069 in
1113 4015 1373 4080 Domino,
1417 4014 1468 4068 id
1503 4021 1617 4078 est,
1646 4011 1989 4080 regulariter.
2038 4009 2096 4064 Si

527 4108 671 4162 enim
690 4149 704 4172 ,
730 4122 796 4161 eo
819 4108 1064 4170 vivente,
1093 4107 1244 4160 alteri
1274 4105 1537 4174 nupserit,
1587 4102 1833 4158 adultera
1879 4101 2096 4171 judica-

533 4191 699 4245 bitur.
745 4191 1008 4245 Similiter
1035 4201 1089 4245 et
1127 4192 1215 4246 ille
1236 4230 1250 4256 ,
1295 4192 1342 4245 si
1371 4192 1594 4246 alteram
1627 4199 1820 4259 sponte
1847 4189 2092 4254 duxerit,

527 4281 738 4336 adulter
766 4282 1145 4344 aestimabitur,
1177 4292 1231 4336 et
1259 4282 1644 4336 communione
1674 4280 2002 4349 privabitur.
2037 4278 2096 4333 Si

529 4383 709 4427 autem
741 4381 1058 4442 persecutus
1089 4373 1250 4428 fuerit
1276 4375 1328 4426 in
1357 4388 1456 4427 sua
1484 4371 1748 4436 Ecclesia,
1777 4371 2093 4440 fugiendum

2207 1930 2388 1976 rentes
2408 1963 2423 1987 ,
2457 1918 2684 1973 infamia
2708 1932 2804 1972 eos
2831 1927 3084 1970 notamus
3102 1954 3116 1979 ,
3144 1923 3198 1968 et
3228 1913 3458 1968 infames
3487 1927 3609 1968 esse
3635 1927 3770 1967 cen-

2205 2025 2389 2065 semus
2408 2051 2420 2074 ,
2452 2009 2579 2078 quia
2608 2007 2844 2062 infamiae
2872 2005 3100 2060 maculis
3124 2013 3254 2059 sunt
3280 2004 3508 2074 aspersi.
3538 2001 3649 2057 Nec
3673 2017 3770 2056 eos

2205 2101 2384 2163 viros,
2418 2114 2516 2153 nec
2553 2097 2928 2154 accusationes
2961 2110 3178 2155 eorum.
3216 2109 3357 2164 quos
3395 2093 3541 2164 leges
3579 2093 3771 2147 seculi

2205 2189 2492 2259 rejiciunt,
2524 2187 2799 2256 suscipere
2832 2186 3112 2241 debemus.
3147 2183 3326 2255 (Quis
3353 2183 3498 2238 enim
3527 2182 3772 2247 dubitat,

2204 2281 2349 2349 leges
2381 2280 2682 2344 humanas,
2715 2277 2911 2332 rationi
2941 2286 2994 2332 et
3025 2277 3293 2332 honestati
3322 2289 3430 2329 non
3461 2289 3774 2346 repugnan-

2206 2378 2282 2423 tes
2303 2409 2318 2434 ,
2353 2383 2473 2424 esse
2502 2367 2904 2437 amplectendas
2925 2407 2940 2431 ,
2973 2367 3272 2436 praesertim
3304 2365 3394 2421 ubi
3427 2365 3514 2420 vel
3541 2365 3775 2435 publica:

2207 2459 2501 2513 consulunt
2539 2458 2761 2511 utilitati
2803 2458 2885 2511 vel
2923 2456 3309 2513 ecclesiasticae
3346 2455 3626 2527 dignitatis
3666 2470 3768 2509 au-

2203 2548 2510 2604 ctoritatem
2571 2548 2902 2614 defendunt,
2955 2563 3022 2603 ac
3079 2563 3178 2616 pro
3230 2547 3562 2603 adminiculo
3613 2557 3773 2602 tuen-

2204 2649 2293 2695 tur
2325 2640 2460 2707 II'?)
2522 2638 2629 2694 Eos
2692 2648 2871 2694 autem
2933 2639 3370 2708 consanguineos
3422 2626 3656 2693 dicimus
3686 2638 3768 2702 ",

2202 2746 2341 2798 quos
2405 2730 2607 2784 divinae
2659 2739 2714 2784 et
2770 2730 3194 2799 imperatorum,
3259 2743 3323 2783 ac
3393 2728 3767 2783 Romanorum

2203 2830 2366 2890 atque
2398 2820 2710 2876 Graecorum
2746 2821 2792 2853 “
2822 2821 2966 2890 leges
2997 2819 3434 2891 consanguineos
3463 2818 3768 2890 appellant,

2203 2918 2256 2964 et
2308 2912 2363 2964 in
2404 2910 2772 2965 hmreditatem
2811 2910 3152 2979 suscipiunt,
3193 2925 3294 2965 nec
3331 2909 3588 2979 repellere
3641 2925 3773 2978 pos-

2202 3009 2353 3055 sunt.
2405 2999 2617 3055 Talium
2677 3001 2820 3055 enim
2880 2999 3297 3068 conjunctiones
3352 3015 3452 3055 nec
3513 3000 3771 3070 legitimae

2203 3099 2362 3154 sunt,
2403 3105 2504 3146 nec
2555 3106 2777 3146 manere
2817 3099 3077 3160 possunt,
3120 3091 3214 3146 sed
3253 3098 3382 3146 sunt
3421 3090 3764 3160 repellendae.

2204 3176 2308 3243 (Et
2338 3177 2386 3231 si
2421 3193 2542 3245 quae
2570 3192 2708 3233 ausu
2751 3180 3042 3234 temerario
3082 3187 3304 3234 tentatae
3340 3179 3481 3246 sint,
3523 3179 3766 3235 auctori-

2203 3276 2316 3324 tate
2346 3270 2643 3338 apostolica
2675 3271 3045 3326 rescindenda:
3076 3271 3305 3326 veniunt
3331 3272 3447 3341 ⁵⁵.)

2954 3404 3017 3459 V.

2203 3513 2307 3579 Qui
2349 3531 2452 3567 non
2494 3514 2713 3568 debeant
2765 3515 2976 3568 admitti
3023 3516 3091 3568 ad
3133 3515 3541 3579 accusationem,
3583 3518 3663 3571 uel
3697 3519 3768 3570 ad

2271 3585 2629 3637 testimonium
2657 3600 2790 3656 :nec
2828 3585 2931 3656 nisi
2951 3585 3012 3656 de
3033 3585 3099 3638 iis
3122 3601 3239 3656 quin
3266 3586 3319 3639 in
3339 3588 3621 3653 praesentia
3645 3599 3768 3640 acta

2268 3664 2413 3718 sunt,
2441 3655 2794 3708 testimonium
2819 3654 3073 3707 dandum.

2269 3741 2532 3812 Quisquis
2559 3758 2689 3813 ergo
2716 3759 2822 3798 non
2850 3754 2934 3798 est
2961 3743 3200 3812 legitime
3225 3745 3553 3815 conjunctus
3578 3745 3648 3814 ⁸⁸,
3676 3747 3770 3801 vel

2200 3827 2404 3896 absque
2433 3827 2599 3883 dotali
2635 3829 2790 3884 titulo
2817 3845 2879 3884 ac
2905 3830 3283 3887 benedictione
3309 3835 3610 3890 sacerdotis
3635 3850 3771 3890 con-

2201 3927 2310 3972 stat
2340 3920 2654 3989 copulatus,
2687 3920 2998 3976 sacerdotes
3028 3921 3112 3976 vel
3158 3922 3395 3992 legitime
3439 3926 3766 3996 conjunctos

2201 4008 2513 4077 criminari,
2562 4009 2646 4064 vel
2701 4011 2754 4064 in
2799 4025 2896 4066 eos
2951 4011 3229 4067 testificari
3277 4015 3503 4070 minime
3548 4025 3760 4085 potest,

2210 4100 2471 4168 quoniam
2503 4101 2684 4156 omnis
2717 4101 2911 4157 incesti
2960 4104 3175 4158 macula
3221 4105 3461 4174 pollutus
3505 4107 3764 4174 infamis,

2198 4201 2281 4246 est
2301 4232 2316 4256 ,
2347 4199 2399 4245 et
2430 4205 2690 4246 accusare
2717 4193 3059 4261 supradictos
3090 4209 3198 4250 non
3229 4197 3583 4265 permittitur.
3637 4197 3767 4253 Non

2201 4281 2375 4335 solum
2406 4296 2538 4352 ergo
2583 4282 2638 4335 hi
2671 4283 2950 4352 rejiciendi
2990 4293 3118 4340 sunt
3156 4295 3210 4341 et
3246 4286 3478 4343 infames
3514 4287 3767 4344 efﬁciun-

2201 4382 2309 4440 tur,
2345 4375 2437 4429 sed
2471 4375 2634 4430 etiam
2669 4392 2860 4432 omnes
2894 4379 2975 4433 eis
3013 4380 3438 4436 consentientes.
3492 4380 3762 4436 Similiter

528 4465 605 4518 illi
635 4473 718 4519 est
756 4463 823 4519 ad
854 4465 1076 4520 alteram
1101 4505 1117 4530 ,
1163 4465 1320 4536 eique
1349 4473 1431 4520 est
1469 4464 1858 4530 assoeiandus,
1883 4463 2094 4519 dicente
2127 4467 2168 4522 D
2199 4467 2265 4521 de
2295 4468 2611 4536 raptoribus
2632 4509 2646 4532 ,
2675 4469 2759 4524 vel
2789 4470 2870 4524 eis
2902 4471 2994 4540 qui
3028 4471 3273 4528 seniores
3299 4474 3566 4544 impetunt
3586 4516 3600 4542 ,
3644 4474 3766 4530 ﬁeri

595 4599 639 4672 ’δξ
659 4595 1088 4672 hlatth._xa§,_28.
1163 4596 1208 4672 f3
1235 4594 1460 4672 Marc._x
1481 4637 1496 4663 ,
1527 4595 1616 4653 45.
1694 4594 1741 4626 ⁸⁸
1762 4609 1885 4672 qua;
1916 4597 2125 4672 ansulis
2153 4600 2343 4672 _clausa
2377 4610 2537 4668 sunt,
2570 4617 2676 4672 non
2712 4603 2964 4672 leguntur
2989 4605 3042 4658 in
3088 4622 3136 4661 c.
3177 4605 3317 4662 Just.
3345 4607 3420 4663 lta
3450 4618 3504 4662 et
3543 4610 3595 4662 in
3628 4609 3763 4666 Luc.

526 4668 572 4700 ⁸⁸
603 4668 732 4720 Adr.
765 4667 890 4720 coll.
917 4666 1018 4730 45,
1043 4682 1135 4735 qq.
1167 4666 1464 4735 interjectis
1517 4680 1548 4719 a
1594 4665 1967 4728 superioribus
2019 4682 2100 4720 vel

526 4737 570 4768 "
605 4737 654 4800 7,
685 4752 739 4802 q.
780 4737 801 4788 l
839 4753 851 4789 :
885 4736 1037 4791 Sicut
1067 4736 1288 4789 alterius
1311 4752 1466 4790 uxor.
1568 4736 1614 4767 ⁸⁸
1665 4735 1824 4788 Rom.
1879 4751 1988 4801 vn,
2028 4735 2082 4790 8.

2225 4672 2491 4738 sejuncta.
2523 4665 2583 4726 ιη
2619 4665 2822 4727 υροιὲι.
2855 4673 3001 4729 lvon.
3037 4676 3072 4729 Ι.
3111 4693 3178 4730 ιν.
3260 4677 3304 4708 ⁸⁸
3352 4678 3424 4731 Ad

2233 4739 2421 4794 Matth.
2454 4758 2518 4802 ι,
2547 4743 2638 4796 25.
2712 4743 2758 4774 ⁸ο
2786 4743 2842 4796 ln
2874 4743 3082 4798 Decret.
3114 4748 3262 4801 lvon.
3296 4747 3331 4801 l.
3365 4764 3424 4802 ιιι

525 4737 570 4768 ⁸⁷
605 4737 654 4800 7,
685 4752 739 4805 q.
780 4737 801 4788 l
839 4753 851 4789 :
885 4736 1037 4791 Sicut
1067 4736 1288 4789 alterius
1311 4752 1466 4790 uxor.
1568 4736 1614 4767 ⁸⁸
1665 4735 1824 4788 Rom.
1879 4751 1988 4801 vn,
2028 4735 2082 4790 8.

3260 4677 3304 4708 ⁸⁸
3352 4678 3484 4733 Adr.
3515 4680 3641 4734 coll.
3675 4683 3762 4734 lti.

3260 4790 3262 4799 .
3296 4747 3331 4801 l.
3365 4764 3447 4803 ιιι.
3579 4751 3621 4780 ¹¹
3656 4751 3762 4804 55.

525 4822 580 4875 q.
612 4806 679 4869 2,
735 4805 768 4859 5
817 4824 830 4858 :
887 4805 1313 4888 Qonjuuctiones
1347 4805 1917 4888 consanguineorum.
2074 4807 2271 4888 absunt
2297 4825 2328 4888 _a
2368 4826 2470 4866 ms.
2493 4805 2653 4888 (Just.
2697 4820 2751 4866 et
2784 4829 2813 4867 a
2848 4812 2994 4888 Luc._
3059 4815 3105 4846 ⁸³
3132 4817 3189 4885 5,
3221 4818 3381 4888 qui:
3422 4805 3767 4888 Consangui;

525 4874 750 4950 {reorum
806 4874 1238 4950 conjunctiones,
1273 4875 1318 4906 5"
1345 4875 1535 4930 inscite
1561 4876 1688 4929 hinc
1719 4875 1962 4945 arguitur
1989 4875 2267 4934 distinctio
2297 4881 2463 4950 impp,
2493 4881 2546 4936 in
2574 4882 2849 4937 liomanos
2876 4893 2929 4937 et
2955 4874 3189 4942 Graecos:

524 4945 573 4978 "
603 4945 658 4999 in
709 4945 920 5001 Decret.
968 4947 1122 5000 lvon.
1178 4945 1270 4999 lib.
1310 4961 1385 5000 tv.

523 5119 617 5176 sia:
642 5117 934 5174 commissa
967 5129 1069 5180 est,
1092 5117 1183 5184 qui
1221 5132 1328 5170 non
1359 5124 1565 5168 tantum
1603 5115 1868 5169 universa:
1895 5117 2085 5184 plebis,

523 5190 802 5246 sedetiam
863 5188 1028 5240 totius
1081 5188 1244 5247 cleri,
1318 5187 1560 5240 omnium
1629 5186 1973 5239 sacerdotum
2036 5199 2090 5242 et

522 5260 902 5328 episcoporum
930 5257 1252 5328 pastoralem
1275 5270 1460 5310 curam
1481 5255 1679 5328 habere
1702 5254 1877 5320 debet,
1898 5257 2091 5328 discri-

474 5378 478 5382 .
523 5324 690 5383 minis
712 5324 886 5383 causa
915 5337 1079 5395 atque
1112 5325 1291 5379 ollicio
1325 5341 1424 5378 suo
1457 5324 1841 5378 convenienter
1868 5327 2088 5394 pontifi-

522 5414 638 5452 cem
669 5395 1044 5452 maximum'et
1069 5395 1382 5464 episcopum
1403 5395 1780 5463 episcoporum
1805 5395 2087 5464 appellari.

523 5465 658 5522 Vide
688 5483 810 5536 qua:
842 5467 1082 5536 diximus
1109 5480 1268 5536 supra
1289 5465 1384 5536 in_
1410 5466 1555 5536 notis
1585 5464 1652 5517 ad
1682 5465 1847 5518 vitam
1879 5464 2087 5534 Zephy-

522 5532 724 5592 rini.et
746 5538 811 5589 ad
847 5535 1128 5604 epistolam
1164 5532 1322 5604 Sixti.
1354 5534 1478 5587 Sev.
1511 5533 1625 5586 BIN.

594 5605 708 5674 (i5)
756 5603 903 5659 Uxor
952 5605 1197 5674 episcopi.
1257 5603 1410 5658 Sicut
1460 5604 1696 5674 virgines
1751 5620 1847 5673 per
1901 5613 2084 5658 votum

521 5673 806 5741 emissum,
839 5675 1094 5728 dicuntur
1120 5673 1335 5744 Christo
1366 5673 1571 5727 nubere
1599 5675 1827 5744 ejusque
1852 5689 2086 5744 sponsae,

522 5752 635 5796 tota
658 5759 822 5798 causa
845 5744 933 5809 27,
971 5753 1164 5812 quaest.
1191 5743 1242 5806 l,
1281 5744 1353 5796 ita
1410 5745 1604 5796 merito
1650 5742 1893 5798 Ecclesia
1942 5742 2081 5810 ejus,

522 5829 608 5868 CUI
634 5817 757 5885 quis
787 5830 880 5883 per
913 5815 1311 5870 ordinationem
1359 5814 1630 5884 ascriptus
1657 5822 1756 5879 est,
1794 5826 1932 5868 uxor
1962 5827 2084 5867 esse

3291 4887 3336 4920 ⁵³
3369 4889 3567 4943 absunt
3597 4903 3629 4942 a
3652 4887 3761 4946 ius.

2195 5121 2414 5176 dicitur.
2456 5121 2611 5195 Unde
2659 5131 2801 5177 recte
2852 5123 3155 5195 apostolica
3182 5124 3606 5195 constitutione,
3640 5141 3767 5195 qu:e

2195 5201 2374 5246 exstat
2399 5193 2702 5246 canonibus
2731 5193 3099 5260 apostolorum
3136 5192 3224 5257 M,
3269 5193 3334 5246 l5
3361 5203 3414 5246 et
3447 5194 3533 5257 16,
3555 5192 3768 5250 con—sti-

2195 5270 2368 5333 t_utum
2399 5271 2503 5333 est,
2532 5276 2600 5314 ne
2625 5261 2865 5330 episcopi
2892 5262 3050 5333 aliive
3078 5269 3265 5316 curata
3294 5263 3552 5317 beneficia
3580 5267 3768 5333 possi-

2193 5331 2383 5402 dentes
2404 5330 2668 5402 diaereses
2692 5346 2756 5386 ac
2779 5331 3067 5400 parochias
3095 5347 3224 5386 suas
3253 5333 3371 5386 sine
3404 5335 3555 5402 gravi
3581 5330 3762 5389 causa

2195 5401 2420 5467 majoris
2449 5400 2718 5462 utilitatis,
2765 5415 2862 5454 sua
2917 5408 3108 5468 sponte
3141 5409 3348 5456 mutent
3375 5400 3581 5467 {sicut
3609 5414 3662 5456 et
3700 5405 3768 5458 il-

2193 5469 2308 5535 lud,
2331 5469 2595 5542 quodqui
2621 5478 2743 5542 post
2773 5483 2961 5542 sacros
2991 5470 3217 5542 ordines
3240 5481 3547 5542 susceptos,
3583 5489 3767 5542 quan-

2194 5541 2394 5594 tumvis
2439 5539 2692 5601 invalide,
2750 5539 3160 5594 matrimonium
3211 5541 3263 5594 in
3322 5539 3459 5596 facie
3505 5539 3769 5599 Ecclesia!

2194 5611 2518 5682 contrahere
2547 5609 3038 5682 prmsmnpserint,_
3068 5612 3553 5680 interpretativam,
3595 5624 3763 5682 qua'm

2192 5688 2389 5732 vocant
2413 5679 2729 5753 bigamiam,
2763 5680 3005 5753 adeoque
3028 5679 3479 5753 irregularitates,
3512 5679 3765 5753 aliasque

2194 5763 2382 5816 pinnas
2413 5747 2712 5818 incurrant,
2731 5765 2846 5804 can.
2871 5747 3168 5820 Quotquot,
3191 5751 3280 5817 Ἦ,
3305 5761 3496 5821 quaest.
3527 5755 3576 5807 1.
3612 5747 3689 5807 In;
