  <div class='ocr_page' id='page_1' title='image "/cluster/home/n/w/nwhite01/storage/ocr_20150623/10/hvd.32044073501348/070.png"; bbox 0 0 4006 6356; ppageno 0'>
   <div class='ocr_carea' id='block_1_1' title="bbox 171 383 264 436">
    <p class='ocr_par' dir='ltr' id='par_1_1' title="bbox 171 383 264 436">
     <span class='ocr_line' id='line_1_1' title="bbox 171 383 264 436; baseline -0.022 0"><span class='ocrx_word' id='word_1_1' title='bbox 171 383 264 436; x_wconf 73' lang='lat' dir='ltr'><strong>I20</strong></span> 
     </span>
    </p>
   </div>
   <div class='ocr_carea' id='block_1_2' title="bbox 1662 376 2047 441">
    <p class='ocr_par' dir='ltr' id='par_1_2' title="bbox 1662 376 2047 441">
     <span class='ocr_line' id='line_1_2' title="bbox 1662 376 2047 441; baseline 0.003 -10"><span class='ocrx_word' id='word_1_2' title='bbox 1662 376 2020 441; x_wconf 71' lang='lat' dir='ltr'><strong>EPISTOLIE</strong></span> <span class='ocrx_word' id='word_1_3' title='bbox 2033 417 2047 432; x_wconf 94' lang='lat'><strong>.</strong></span> 
     </span>
    </p>
   </div>
   <div class='ocr_carea' id='block_1_3' title="bbox 3323 388 3426 444">
    <p class='ocr_par' dir='ltr' id='par_1_3' title="bbox 3323 388 3426 444">
     <span class='ocr_line' id='line_1_3' title="bbox 3323 388 3426 444; baseline 0.019 -2"><span class='ocrx_word' id='word_1_4' title='bbox 3323 388 3426 444; x_wconf 67' lang='lat'><strong>1&#39;50</strong></span> 
     </span>
    </p>
   </div>
   <div class='ocr_carea' id='block_1_4' title="bbox 167 496 3416 573">
    <p class='ocr_par' dir='ltr' id='par_1_4' title="bbox 167 496 3416 573">
     <span class='ocr_line' id='line_1_4' title="bbox 167 496 3416 573; baseline 0.003 -22"><span class='ocrx_word' id='word_1_5' title='bbox 167 511 473 552; x_wconf 82' lang='lat' dir='ltr'><strong>censemus.</strong></span> <span class='ocrx_word' id='word_1_6' title='bbox 506 496 621 554; x_wconf 81' lang='lat' dir='ltr'><strong>llos</strong></span> <span class='ocrx_word' id='word_1_7' title='bbox 648 513 786 569; x_wconf 84' lang='lat' dir='ltr'><strong>ergo</strong></span> <span class='ocrx_word' id='word_1_8' title='bbox 832 499 1019 555; x_wconf 73' lang='lat' dir='ltr'><strong>szeculi</strong></span> <span class='ocrx_word' id='word_1_9' title='bbox 1065 499 1208 570; x_wconf 84' lang='lat' dir='ltr'><strong>leges</strong></span> <span class='ocrx_word' id='word_1_10' title='bbox 1249 496 1615 563; x_wconf 85' lang='lat' dir='ltr'><strong>interﬁciunt,</strong></span> <span class='ocrx_word' id='word_1_11' title='bbox 1650 499 1744 553; x_wconf 89' lang='lat' dir='ltr'><strong>sed</strong></span> <span class='ocrx_word' id='word_1_12' title='bbox 1777 501 1819 557; x_wconf 82' lang='lat' dir='ltr'><strong>A</strong></span> <span class='ocrx_word' id='word_1_13' title='bbox 1847 498 1993 553; x_wconf 90' lang='lat' dir='ltr'><strong>enim</strong></span> <span class='ocrx_word' id='word_1_14' title='bbox 2023 497 2068 529; x_wconf 79' lang='lat'><strong>&quot;</strong></span> <span class='ocrx_word' id='word_1_15' title='bbox 2102 506 2345 566; x_wconf 91' lang='lat' dir='ltr'><strong>tempore</strong></span> <span class='ocrx_word' id='word_1_16' title='bbox 2388 498 2693 570; x_wconf 84' lang='lat' dir='ltr'><strong>indigemus</strong></span> <span class='ocrx_word' id='word_1_17' title='bbox 2715 541 2730 566; x_wconf 94' lang='lat'><strong>,</strong></span> <span class='ocrx_word' id='word_1_18' title='bbox 2776 508 2836 555; x_wconf 93' lang='lat' dir='ltr'><strong>ut</strong></span> <span class='ocrx_word' id='word_1_19' title='bbox 2884 502 3090 573; x_wconf 91' lang='lat' dir='ltr'><strong>aliquid</strong></span> <span class='ocrx_word' id='word_1_20' title='bbox 3141 508 3416 562; x_wconf 84' lang='lat' dir='ltr'><strong>maturius</strong></span> 
     </span>
    </p>
   </div>
   <div class='ocr_carea' id='block_1_5' title="bbox 167 586 1742 658">
    <p class='ocr_par' dir='ltr' id='par_1_5' title="bbox 167 586 1742 658">
     <span class='ocr_line' id='line_1_5' title="bbox 167 586 1742 658; baseline 0.002 -19"><span class='ocrx_word' id='word_1_21' title='bbox 167 601 298 646; x_wconf 85' lang='lat' dir='ltr'><strong>nos.</strong></span> <span class='ocrx_word' id='word_1_22' title='bbox 335 586 722 644; x_wconf 81' lang='lat' dir='ltr'><strong>misericordia</strong></span> <span class='ocrx_word' id='word_1_23' title='bbox 760 597 1073 658; x_wconf 74' lang='lat' dir='ltr'><strong>przeeunte,</strong></span> <span class='ocrx_word' id='word_1_24' title='bbox 1108 589 1210 645; x_wconf 89' lang='lat' dir='ltr'><strong>sub</strong></span> <span class='ocrx_word' id='word_1_25' title='bbox 1242 587 1482 644; x_wconf 72' lang='lat' dir='ltr'><strong>infamiae</strong></span> <span class='ocrx_word' id='word_1_26' title='bbox 1512 597 1642 643; x_wconf 87' lang='lat' dir='ltr'><strong>nota</strong></span> <span class='ocrx_word' id='word_1_27' title='bbox 1675 589 1742 643; x_wconf 90' lang='lat' dir='ltr'><strong>ad</strong></span> 
     </span>
    </p>
   </div>
   <div class='ocr_carea' id='block_1_6' title="bbox 167 678 1741 750">
    <p class='ocr_par' dir='ltr' id='par_1_6' title="bbox 167 678 1741 750">
     <span class='ocr_line' id='line_1_6' title="bbox 167 678 1741 750; baseline 0.001 -20"><span class='ocrx_word' id='word_1_28' title='bbox 167 678 549 746; x_wconf 69' lang='lat' dir='ltr'><strong>penitentiam</strong></span> <span class='ocrx_word' id='word_1_29' title='bbox 582 679 906 748; x_wconf 88' lang='lat' dir='ltr'><strong>recipimus.</strong></span> <span class='ocrx_word' id='word_1_30' title='bbox 941 679 1116 750; x_wconf 83' lang='lat' dir='ltr'><strong>Ipsam</strong></span> <span class='ocrx_word' id='word_1_31' title='bbox 1151 695 1370 750; x_wconf 86' lang='lat' dir='ltr'><strong>quoque</strong></span> <span class='ocrx_word' id='word_1_32' title='bbox 1420 679 1741 743; x_wconf 88' lang='lat' dir='ltr'><strong>infamiam,</strong></span> 
     </span>
    </p>
   </div>
   <div class='ocr_carea' id='block_1_7' title="bbox 165 771 1746 841">
    <p class='ocr_par' dir='ltr' id='par_1_7' title="bbox 165 771 1746 841">
     <span class='ocr_line' id='line_1_7' title="bbox 165 771 1746 841; baseline 0.001 -20"><span class='ocrx_word' id='word_1_33' title='bbox 165 783 269 837; x_wconf 88' lang='lat' dir='ltr'><strong>qua</strong></span> <span class='ocrx_word' id='word_1_34' title='bbox 298 779 432 824; x_wconf 92' lang='lat' dir='ltr'><strong>sunt</strong></span> <span class='ocrx_word' id='word_1_35' title='bbox 461 771 713 841; x_wconf 90' lang='lat' dir='ltr'><strong>aspersi,</strong></span> <span class='ocrx_word' id='word_1_36' title='bbox 745 771 931 825; x_wconf 89' lang='lat' dir='ltr'><strong>delere</strong></span> <span class='ocrx_word' id='word_1_37' title='bbox 965 785 1074 824; x_wconf 93' lang='lat' dir='ltr'><strong>non</strong></span> <span class='ocrx_word' id='word_1_38' title='bbox 1115 785 1412 840; x_wconf 86' lang='lat' dir='ltr'><strong>possumus</strong></span> <span class='ocrx_word' id='word_1_39' title='bbox 1436 815 1452 838; x_wconf 90' lang='lat'><strong>,</strong></span> <span class='ocrx_word' id='word_1_40' title='bbox 1490 771 1582 824; x_wconf 91' lang='lat' dir='ltr'><strong>sed</strong></span> <span class='ocrx_word' id='word_1_41' title='bbox 1623 772 1746 823; x_wconf 83' lang='lat' dir='ltr'><strong>aui-</strong></span> 
     </span>
    </p>
   </div>
   <div class='ocr_carea' id='block_1_8' title="bbox 163 860 1747 932">
    <p class='ocr_par' dir='ltr' id='par_1_8' title="bbox 163 860 1747 932">
     <span class='ocr_line' id='line_1_8' title="bbox 163 860 1747 932; baseline 0.002 -19"><span class='ocrx_word' id='word_1_42' title='bbox 163 874 280 913; x_wconf 88' lang='lat' dir='ltr'><strong>mas</strong></span> <span class='ocrx_word' id='word_1_43' title='bbox 312 875 514 914; x_wconf 90' lang='lat' dir='ltr'><strong>eorum</strong></span> <span class='ocrx_word' id='word_1_44' title='bbox 545 876 643 931; x_wconf 89' lang='lat' dir='ltr'><strong>per</strong></span> <span class='ocrx_word' id='word_1_45' title='bbox 671 862 1052 932; x_wconf 68' lang='lat' dir='ltr'><strong>pmoitentiam</strong></span> <span class='ocrx_word' id='word_1_46' title='bbox 1081 862 1355 932; x_wconf 88' lang='lat' dir='ltr'><strong>publicam</strong></span> <span class='ocrx_word' id='word_1_47' title='bbox 1397 870 1451 917; x_wconf 91' lang='lat' dir='ltr'><strong>et</strong></span> <span class='ocrx_word' id='word_1_48' title='bbox 1491 860 1747 917; x_wconf 67' lang='lat' dir='ltr'><strong>Ecclesia:</strong></span> 
     </span>
    </p>
   </div>
   <div class='ocr_carea' id='block_1_9' title="bbox 164 947 1742 1023">
    <p class='ocr_par' dir='ltr' id='par_1_9' title="bbox 164 947 1742 1023">
     <span class='ocr_line' id='line_1_9' title="bbox 164 947 1742 1023; baseline 0.001 -19"><span class='ocrx_word' id='word_1_49' title='bbox 164 949 608 1007; x_wconf 77' lang='lat' dir='ltr'><strong>satisfactionem</strong></span> <span class='ocrx_word' id='word_1_50' title='bbox 662 967 862 1008; x_wconf 89' lang='lat' dir='ltr'><strong>sanare</strong></span> <span class='ocrx_word' id='word_1_51' title='bbox 912 953 1164 1023; x_wconf 90' lang='lat' dir='ltr'><strong>cupimus</strong></span> <span class='ocrx_word' id='word_1_52' title='bbox 1196 993 1211 1018; x_wconf 94' lang='lat'><strong>,</strong></span> <span class='ocrx_word' id='word_1_53' title='bbox 1273 951 1403 1023; x_wconf 88' lang='lat' dir='ltr'><strong>quia</strong></span> <span class='ocrx_word' id='word_1_54' title='bbox 1460 947 1742 1006; x_wconf 83' lang='lat' dir='ltr'><strong>manifesta</strong></span> 
     </span>
    </p>
   </div>
   <div class='ocr_carea' id='block_1_10' title="bbox 161 1044 1741 1114">
    <p class='ocr_par' dir='ltr' id='par_1_10' title="bbox 161 1044 1741 1114">
     <span class='ocr_line' id='line_1_10' title="bbox 161 1044 1741 1114; baseline 0.001 -19"><span class='ocrx_word' id='word_1_55' title='bbox 161 1050 389 1108; x_wconf 82' lang='lat' dir='ltr'><strong>peccata</strong></span> <span class='ocrx_word' id='word_1_56' title='bbox 422 1057 538 1097; x_wconf 89' lang='lat' dir='ltr'><strong>non</strong></span> <span class='ocrx_word' id='word_1_57' title='bbox 574 1052 705 1098; x_wconf 90' lang='lat' dir='ltr'><strong>sunt</strong></span> <span class='ocrx_word' id='word_1_58' title='bbox 733 1045 948 1099; x_wconf 91' lang='lat' dir='ltr'><strong>occulta</strong></span> <span class='ocrx_word' id='word_1_59' title='bbox 978 1045 1320 1099; x_wconf 85' lang='lat' dir='ltr'><strong>correctione</strong></span> <span class='ocrx_word' id='word_1_60' title='bbox 1351 1044 1631 1114; x_wconf 85' lang='lat' dir='ltr'><strong>purganda</strong></span> <span class='ocrx_word' id='word_1_61' title='bbox 1676 1045 1741 1097; x_wconf 82' lang='grc'><strong>⁸⁷.</strong></span> 
     </span>
    </p>
   </div>
   <div class='ocr_carea' id='block_1_11' title="bbox 163 1131 1746 1205">
    <p class='ocr_par' dir='ltr' id='par_1_11' title="bbox 163 1131 1746 1205">
     <span class='ocr_line' id='line_1_11' title="bbox 163 1131 1746 1205; baseline 0.004 -21"><span class='ocrx_word' id='word_1_62' title='bbox 163 1131 371 1189; x_wconf 85' lang='lat' dir='ltr'><strong>Omnes</strong></span> <span class='ocrx_word' id='word_1_63' title='bbox 401 1150 538 1204; x_wconf 90' lang='lat' dir='ltr'><strong>ergo</strong></span> <span class='ocrx_word' id='word_1_64' title='bbox 568 1135 663 1205; x_wconf 89' lang='lat' dir='ltr'><strong>qui</strong></span> <span class='ocrx_word' id='word_1_65' title='bbox 697 1135 750 1189; x_wconf 92' lang='lat' dir='ltr'><strong>in</strong></span> <span class='ocrx_word' id='word_1_66' title='bbox 782 1144 931 1190; x_wconf 90' lang='lat' dir='ltr'><strong>recta</strong></span> <span class='ocrx_word' id='word_1_67' title='bbox 964 1135 1067 1189; x_wconf 89' lang='lat' dir='ltr'><strong>ﬁde</strong></span> <span class='ocrx_word' id='word_1_68' title='bbox 1097 1137 1335 1205; x_wconf 80' lang='lat' dir='ltr'><strong>suspecti</strong></span> <span class='ocrx_word' id='word_1_69' title='bbox 1367 1143 1532 1200; x_wconf 91' lang='lat' dir='ltr'><strong>sunt,</strong></span> <span class='ocrx_word' id='word_1_70' title='bbox 1563 1134 1617 1188; x_wconf 93' lang='lat' dir='ltr'><strong>in</strong></span> <span class='ocrx_word' id='word_1_71' title='bbox 1652 1150 1746 1190; x_wconf 90' lang='lat' dir='ltr'><strong>ac-</strong></span> 
     </span>
    </p>
   </div>
   <div class='ocr_carea' id='block_1_12' title="bbox 165 1224 1749 1294">
    <p class='ocr_par' dir='ltr' id='par_1_12' title="bbox 165 1224 1749 1294">
     <span class='ocr_line' id='line_1_12' title="bbox 165 1224 1749 1294; baseline 0.002 -18"><span class='ocrx_word' id='word_1_72' title='bbox 165 1224 461 1278; x_wconf 87' lang='lat' dir='ltr'><strong>cusatione</strong></span> <span class='ocrx_word' id='word_1_73' title='bbox 491 1225 836 1279; x_wconf 80' lang='lat' dir='ltr'><strong>sacerdotum</strong></span> <span class='ocrx_word' id='word_1_74' title='bbox 864 1233 917 1278; x_wconf 91' lang='lat' dir='ltr'><strong>et</strong></span> <span class='ocrx_word' id='word_1_75' title='bbox 943 1240 1130 1280; x_wconf 91' lang='lat' dir='ltr'><strong>eorum</strong></span> <span class='ocrx_word' id='word_1_76' title='bbox 1154 1265 1168 1289; x_wconf 95' lang='lat'><strong>,</strong></span> <span class='ocrx_word' id='word_1_77' title='bbox 1199 1240 1359 1293; x_wconf 88' lang='lat' dir='ltr'><strong>super</strong></span> <span class='ocrx_word' id='word_1_78' title='bbox 1383 1239 1618 1294; x_wconf 91' lang='lat' dir='ltr'><strong>quorum</strong></span> <span class='ocrx_word' id='word_1_79' title='bbox 1646 1225 1749 1279; x_wconf 88' lang='lat' dir='ltr'><strong>ﬁde</strong></span> 
     </span>
    </p>
   </div>
   <div class='ocr_carea' id='block_1_13' title="bbox 166 1313 1747 1384">
    <p class='ocr_par' dir='ltr' id='par_1_13' title="bbox 166 1313 1747 1384">
     <span class='ocr_line' id='line_1_13' title="bbox 166 1313 1747 1384; baseline 0.003 -18"><span class='ocrx_word' id='word_1_80' title='bbox 166 1328 275 1367; x_wconf 87' lang='lat' dir='ltr'><strong>non</strong></span> <span class='ocrx_word' id='word_1_81' title='bbox 303 1313 618 1376; x_wconf 74' lang='lat' dir='ltr'><strong>haesitatur,</strong></span> <span class='ocrx_word' id='word_1_82' title='bbox 646 1315 874 1370; x_wconf 90' lang='lat' dir='ltr'><strong>minime</strong></span> <span class='ocrx_word' id='word_1_83' title='bbox 895 1316 1250 1384; x_wconf 86' lang='lat' dir='ltr'><strong>recipiantur,</strong></span> <span class='ocrx_word' id='word_1_84' title='bbox 1277 1324 1330 1370; x_wconf 95' lang='lat' dir='ltr'><strong>et</strong></span> <span class='ocrx_word' id='word_1_85' title='bbox 1352 1316 1406 1370; x_wconf 91' lang='lat' dir='ltr'><strong>in</strong></span> <span class='ocrx_word' id='word_1_86' title='bbox 1438 1316 1747 1372; x_wconf 88' lang='lat' dir='ltr'><strong>testimonio</strong></span> 
     </span>
    </p>
   </div>
   <div class='ocr_carea' id='block_1_14' title="bbox 169 1403 1750 1474">
    <p class='ocr_par' dir='ltr' id='par_1_14' title="bbox 169 1403 1750 1474">
     <span class='ocr_line' id='line_1_14' title="bbox 169 1403 1750 1474; baseline 0.003 -19"><span class='ocrx_word' id='word_1_87' title='bbox 169 1403 418 1457; x_wconf 83' lang='lat' dir='ltr'><strong>humano</strong></span> <span class='ocrx_word' id='word_1_88' title='bbox 461 1405 612 1458; x_wconf 88' lang='lat' dir='ltr'><strong>dubii</strong></span> <span class='ocrx_word' id='word_1_89' title='bbox 646 1405 971 1458; x_wconf 88' lang='lat' dir='ltr'><strong>habeantur.</strong></span> <span class='ocrx_word' id='word_1_90' title='bbox 1034 1404 1303 1458; x_wconf 89' lang='lat' dir='ltr'><strong>lnﬁrmari</strong></span> <span class='ocrx_word' id='word_1_91' title='bbox 1355 1421 1484 1474; x_wconf 81' lang='lat' dir='ltr'><strong>ergo</strong></span> <span class='ocrx_word' id='word_1_92' title='bbox 1534 1414 1750 1474; x_wconf 79' lang='lat' dir='ltr'><strong>oportet</strong></span> 
     </span>
    </p>
   </div>
   <div class='ocr_carea' id='block_1_15' title="bbox 166 1493 1749 1563">
    <p class='ocr_par' dir='ltr' id='par_1_15' title="bbox 166 1493 1749 1563">
     <span class='ocr_line' id='line_1_15' title="bbox 166 1493 1749 1563; baseline 0.002 -16"><span class='ocrx_word' id='word_1_93' title='bbox 166 1508 366 1547; x_wconf 86' lang='lat' dir='ltr'><strong>eorum</strong></span> <span class='ocrx_word' id='word_1_94' title='bbox 401 1508 591 1548; x_wconf 88' lang='lat' dir='ltr'><strong>vocem</strong></span> <span class='ocrx_word' id='word_1_95' title='bbox 613 1536 628 1560; x_wconf 90' lang='lat'><strong>,</strong></span> <span class='ocrx_word' id='word_1_96' title='bbox 658 1493 724 1548; x_wconf 89' lang='lat' dir='ltr'><strong>de</strong></span> <span class='ocrx_word' id='word_1_97' title='bbox 751 1510 986 1563; x_wconf 91' lang='lat' dir='ltr'><strong>quorum</strong></span> <span class='ocrx_word' id='word_1_98' title='bbox 1013 1495 1116 1549; x_wconf 90' lang='lat' dir='ltr'><strong>ﬁde</strong></span> <span class='ocrx_word' id='word_1_99' title='bbox 1142 1495 1441 1562; x_wconf 84' lang='lat' dir='ltr'><strong>dubitatur,</strong></span> <span class='ocrx_word' id='word_1_100' title='bbox 1474 1512 1574 1550; x_wconf 92' lang='lat' dir='ltr'><strong>nec</strong></span> <span class='ocrx_word' id='word_1_101' title='bbox 1600 1497 1678 1550; x_wconf 90' lang='lat' dir='ltr'><strong>eis</strong></span> <span class='ocrx_word' id='word_1_102' title='bbox 1703 1496 1749 1528; x_wconf 80' lang='grc'><strong>³⁸</strong></span> 
     </span>
    </p>
   </div>
   <div class='ocr_carea' id='block_1_16' title="bbox 167 1586 1744 1658">
    <p class='ocr_par' dir='ltr' id='par_1_16' title="bbox 167 1586 1744 1658">
     <span class='ocr_line' id='line_1_16' title="bbox 167 1586 1744 1658; baseline 0.003 -20"><span class='ocrx_word' id='word_1_103' title='bbox 167 1587 399 1638; x_wconf 87' lang='lat' dir='ltr'><strong>omnino</strong></span> <span class='ocrx_word' id='word_1_104' title='bbox 415 1601 538 1640; x_wconf 89' lang='lat' dir='ltr'><strong>esse</strong></span> <span class='ocrx_word' id='word_1_105' title='bbox 563 1586 914 1652; x_wconf 90' lang='lat' dir='ltr'><strong>credendum,</strong></span> <span class='ocrx_word' id='word_1_106' title='bbox 939 1587 1032 1656; x_wconf 88' lang='lat' dir='ltr'><strong>qui</strong></span> <span class='ocrx_word' id='word_1_107' title='bbox 1060 1595 1262 1641; x_wconf 87' lang='lat' dir='ltr'><strong>rectam</strong></span> <span class='ocrx_word' id='word_1_108' title='bbox 1289 1587 1445 1642; x_wconf 89' lang='lat' dir='ltr'><strong>ﬁdem</strong></span> <span class='ocrx_word' id='word_1_109' title='bbox 1475 1588 1744 1658; x_wconf 84' lang='lat' dir='ltr'><strong>ignorant.</strong></span> 
     </span>
    </p>
   </div>
   <div class='ocr_carea' id='block_1_17' title="bbox 166 1671 1750 1743">
    <p class='ocr_par' dir='ltr' id='par_1_17' title="bbox 166 1671 1750 1743">
     <span class='ocr_line' id='line_1_17' title="bbox 166 1671 1750 1743; baseline 0.004 -19"><span class='ocrx_word' id='word_1_110' title='bbox 166 1671 537 1737; x_wconf 68' lang='lat' dir='ltr'><strong>Quaerendum</strong></span> <span class='ocrx_word' id='word_1_111' title='bbox 573 1681 654 1727; x_wconf 86' lang='lat' dir='ltr'><strong>est</strong></span> <span class='ocrx_word' id='word_1_112' title='bbox 691 1687 820 1743; x_wconf 83' lang='lat' dir='ltr'><strong>ergo</strong></span> <span class='ocrx_word' id='word_1_113' title='bbox 845 1673 899 1726; x_wconf 93' lang='lat' dir='ltr'><strong>in</strong></span> <span class='ocrx_word' id='word_1_114' title='bbox 919 1673 1122 1742; x_wconf 82' lang='lat' dir='ltr'><strong>judicio</strong></span> <span class='ocrx_word' id='word_1_115' title='bbox 1147 1675 1214 1705; x_wconf 77' lang='grc'><strong>⁵⁸⁶</strong></span> <span class='ocrx_word' id='word_1_116' title='bbox 1241 1675 1396 1743; x_wconf 90' lang='lat' dir='ltr'><strong>cujus</strong></span> <span class='ocrx_word' id='word_1_117' title='bbox 1422 1677 1493 1731; x_wconf 87' lang='lat' dir='ltr'><strong>sit</strong></span> <span class='ocrx_word' id='word_1_118' title='bbox 1519 1692 1750 1731; x_wconf 91' lang='lat' dir='ltr'><strong>conver-</strong></span> 
     </span>
    </p>
   </div>
   <div class='ocr_carea' id='block_1_18' title="bbox 169 1763 1750 1836">
    <p class='ocr_par' dir='ltr' id='par_1_18' title="bbox 169 1763 1750 1836">
     <span class='ocr_line' id='line_1_18' title="bbox 169 1763 1750 1836; baseline 0.002 -19"><span class='ocrx_word' id='word_1_119' title='bbox 169 1763 406 1818; x_wconf 79' lang='lat' dir='ltr'><strong>sationis</strong></span> <span class='ocrx_word' id='word_1_120' title='bbox 454 1773 509 1817; x_wconf 89' lang='lat' dir='ltr'><strong>et</strong></span> <span class='ocrx_word' id='word_1_121' title='bbox 549 1764 710 1827; x_wconf 91' lang='lat' dir='ltr'><strong>ﬁdei,</strong></span> <span class='ocrx_word' id='word_1_122' title='bbox 740 1764 788 1818; x_wconf 91' lang='lat' dir='ltr'><strong>is</strong></span> <span class='ocrx_word' id='word_1_123' title='bbox 816 1765 910 1832; x_wconf 89' lang='lat' dir='ltr'><strong>qui</strong></span> <span class='ocrx_word' id='word_1_124' title='bbox 943 1775 1198 1830; x_wconf 89' lang='lat' dir='ltr'><strong>accusat,</strong></span> <span class='ocrx_word' id='word_1_125' title='bbox 1232 1776 1285 1820; x_wconf 89' lang='lat' dir='ltr'><strong>et</strong></span> <span class='ocrx_word' id='word_1_126' title='bbox 1317 1766 1363 1822; x_wconf 89' lang='lat' dir='ltr'><strong>is</strong></span> <span class='ocrx_word' id='word_1_127' title='bbox 1392 1768 1484 1836; x_wconf 90' lang='lat' dir='ltr'><strong>qui</strong></span> <span class='ocrx_word' id='word_1_128' title='bbox 1519 1782 1750 1822; x_wconf 83' lang='lat' dir='ltr'><strong>accusa-</strong></span> 
     </span>
    </p>
   </div>
   <div class='ocr_carea' id='block_1_19' title="bbox 1848 587 3423 664">
    <p class='ocr_par' dir='ltr' id='par_1_19' title="bbox 1848 587 3423 664">
     <span class='ocr_line' id='line_1_19' title="bbox 1848 587 3423 664; baseline 0.004 -22"><span class='ocrx_word' id='word_1_129' title='bbox 1848 603 2091 658; x_wconf 85' lang='lat' dir='ltr'><strong>agamus.</strong></span> <span class='ocrx_word' id='word_1_130' title='bbox 2152 587 2262 644; x_wconf 89' lang='lat' dir='ltr'><strong>Nec</strong></span> <span class='ocrx_word' id='word_1_131' title='bbox 2296 590 2704 658; x_wconf 65' lang='lat' dir='ltr'><strong>praecipitemus</strong></span> <span class='ocrx_word' id='word_1_132' title='bbox 2740 593 2967 647; x_wconf 86' lang='lat' dir='ltr'><strong>consilia</strong></span> <span class='ocrx_word' id='word_1_133' title='bbox 3004 604 3056 648; x_wconf 90' lang='lat' dir='ltr'><strong>et</strong></span> <span class='ocrx_word' id='word_1_134' title='bbox 3093 610 3256 664; x_wconf 85' lang='lat' dir='ltr'><strong>opera</strong></span> <span class='ocrx_word' id='word_1_135' title='bbox 3292 612 3423 648; x_wconf 85' lang='lat' dir='ltr'><strong>nos-</strong></span> 
     </span>
    </p>
   </div>
   <div class='ocr_carea' id='block_1_20' title="bbox 1850 682 3425 756">
    <p class='ocr_par' dir='ltr' id='par_1_20' title="bbox 1850 682 3425 756">
     <span class='ocr_line' id='line_1_20' title="bbox 1850 682 3425 756; baseline 0.004 -22"><span class='ocrx_word' id='word_1_136' title='bbox 1850 687 1962 746; x_wconf 88' lang='lat' dir='ltr'><strong>tra,</strong></span> <span class='ocrx_word' id='word_1_137' title='bbox 2010 696 2185 750; x_wconf 90' lang='lat' dir='ltr'><strong>neque</strong></span> <span class='ocrx_word' id='word_1_138' title='bbox 2227 682 2473 736; x_wconf 85' lang='lat' dir='ltr'><strong>ordinem</strong></span> <span class='ocrx_word' id='word_1_139' title='bbox 2511 699 2948 752; x_wconf 90' lang='lat' dir='ltr'><strong>corrumpamus.</strong></span> <span class='ocrx_word' id='word_1_140' title='bbox 3002 684 3106 740; x_wconf 91' lang='lat' dir='ltr'><strong>Sed</strong></span> <span class='ocrx_word' id='word_1_141' title='bbox 3143 687 3189 740; x_wconf 87' lang='lat' dir='ltr'><strong>si</strong></span> <span class='ocrx_word' id='word_1_142' title='bbox 3222 688 3425 756; x_wconf 81' lang='lat' dir='ltr'><strong>aliquis</strong></span> 
     </span>
    </p>
   </div>
   <div class='ocr_carea' id='block_1_21' title="bbox 1847 769 3424 845">
    <p class='ocr_par' dir='ltr' id='par_1_21' title="bbox 1847 769 3424 845">
     <span class='ocr_line' id='line_1_21' title="bbox 1847 769 3424 845; baseline 0.003 -23"><span class='ocrx_word' id='word_1_143' title='bbox 1847 769 2038 840; x_wconf 92' lang='lat' dir='ltr'><strong>lapsus</strong></span> <span class='ocrx_word' id='word_1_144' title='bbox 2069 785 2400 840; x_wconf 90' lang='lat' dir='ltr'><strong>quocunque</strong></span> <span class='ocrx_word' id='word_1_145' title='bbox 2461 774 2627 828; x_wconf 93' lang='lat' dir='ltr'><strong>modo</strong></span> <span class='ocrx_word' id='word_1_146' title='bbox 2690 772 2898 841; x_wconf 89' lang='lat' dir='ltr'><strong>fuerit,</strong></span> <span class='ocrx_word' id='word_1_147' title='bbox 2961 791 3070 828; x_wconf 92' lang='lat' dir='ltr'><strong>non</strong></span> <span class='ocrx_word' id='word_1_148' title='bbox 3125 777 3424 845; x_wconf 84' lang='lat' dir='ltr'><strong>perdamus</strong></span> 
     </span>
    </p>
   </div>
   <div class='ocr_carea' id='block_1_22' title="bbox 1851 861 3426 933">
    <p class='ocr_par' dir='ltr' id='par_1_22' title="bbox 1851 861 3426 933">
     <span class='ocr_line' id='line_1_22' title="bbox 1851 861 3426 933; baseline 0.001 -19"><span class='ocrx_word' id='word_1_149' title='bbox 1851 874 1977 914; x_wconf 87' lang='lat' dir='ltr'><strong>eum</strong></span> <span class='ocrx_word' id='word_1_150' title='bbox 2010 861 2076 927; x_wconf 76' lang='grc' dir='ltr'><strong>⁷ο,</strong></span> <span class='ocrx_word' id='word_1_151' title='bbox 2120 862 2211 915; x_wconf 88' lang='lat' dir='ltr'><strong>scd</strong></span> <span class='ocrx_word' id='word_1_152' title='bbox 2252 861 2491 917; x_wconf 86' lang='lat' dir='ltr'><strong>fraterno</strong></span> <span class='ocrx_word' id='word_1_153' title='bbox 2522 865 2883 933; x_wconf 89' lang='lat' dir='ltr'><strong>corripiamus</strong></span> <span class='ocrx_word' id='word_1_154' title='bbox 2909 863 3102 918; x_wconf 82' lang='lat' dir='ltr'><strong>aﬁ‘cctu</strong></span> <span class='ocrx_word' id='word_1_155' title='bbox 3124 903 3139 928; x_wconf 91' lang='lat'><strong>,</strong></span> <span class='ocrx_word' id='word_1_156' title='bbox 3177 867 3320 920; x_wconf 91' lang='lat' dir='ltr'><strong>sicut</strong></span> <span class='ocrx_word' id='word_1_157' title='bbox 3351 866 3426 919; x_wconf 81' lang='lat' dir='ltr'><strong>ait</strong></span> 
     </span>
    </p>
   </div>
   <div class='ocr_carea' id='block_1_23' title="bbox 1849 951 3423 1024">
    <p class='ocr_par' dir='ltr' id='par_1_23' title="bbox 1849 951 3423 1024">
     <span class='ocr_line' id='line_1_23' title="bbox 1849 951 3423 1024; baseline 0.002 -20"><span class='ocrx_word' id='word_1_158' title='bbox 1849 951 2041 1007; x_wconf 85' lang='lat' dir='ltr'><strong>beatus</strong></span> <span class='ocrx_word' id='word_1_159' title='bbox 2068 952 2400 1021; x_wconf 82' lang='lat' dir='ltr'><strong>Apostolus:</strong></span> <span class='ocrx_word' id='word_1_160' title='bbox 2439 954 2500 1008; x_wconf 91' lang='lat' dir='ltr'><strong>Si</strong></span> <span class='ocrx_word' id='word_1_161' title='bbox 2527 965 2926 1024; x_wconf 78' lang='lat' dir='ltr'><strong>prteoccupatus</strong></span> <span class='ocrx_word' id='word_1_162' title='bbox 2969 956 3132 1023; x_wconf 77' lang='lat' dir='ltr'><strong>fuerit</strong></span> <span class='ocrx_word' id='word_1_163' title='bbox 3173 957 3326 1009; x_wconf 83' lang='lat' dir='ltr'><strong>homo</strong></span> <span class='ocrx_word' id='word_1_164' title='bbox 3369 959 3423 1008; x_wconf 85' lang='lat' dir='ltr'><strong>in</strong></span> 
     </span>
    </p>
   </div>
   <div class='ocr_carea' id='block_1_24' title="bbox 1850 1042 3423 1115">
    <p class='ocr_par' dir='ltr' id='par_1_24' title="bbox 1850 1042 3423 1115">
     <span class='ocr_line' id='line_1_24' title="bbox 1850 1042 3423 1115; baseline 0.004 -21"><span class='ocrx_word' id='word_1_165' title='bbox 1850 1042 2032 1111; x_wconf 87' lang='lat' dir='ltr'><strong>aliquo</strong></span> <span class='ocrx_word' id='word_1_166' title='bbox 2082 1043 2308 1110; x_wconf 86' lang='lat' dir='ltr'><strong>delicto,</strong></span> <span class='ocrx_word' id='word_1_167' title='bbox 2355 1061 2444 1098; x_wconf 88' lang='lat' dir='ltr'><strong>vos</strong></span> <span class='ocrx_word' id='word_1_168' title='bbox 2484 1046 2574 1115; x_wconf 97' lang='lat' dir='ltr'><strong>qui</strong></span> <span class='ocrx_word' id='word_1_169' title='bbox 2623 1045 2929 1115; x_wconf 82' lang='lat' dir='ltr'><strong>spirituales</strong></span> <span class='ocrx_word' id='word_1_170' title='bbox 2973 1047 3131 1112; x_wconf 77' lang='lat' dir='ltr'><strong>estis,</strong></span> <span class='ocrx_word' id='word_1_171' title='bbox 3177 1048 3423 1100; x_wconf 83' lang='lat' dir='ltr'><strong>instruite</strong></span> 
     </span>
    </p>
   </div>
   <div class='ocr_carea' id='block_1_25' title="bbox 1849 1133 3420 1206">
    <p class='ocr_par' dir='ltr' id='par_1_25' title="bbox 1849 1133 3420 1206">
     <span class='ocr_line' id='line_1_25' title="bbox 1849 1133 3420 1206; baseline 0.003 -22"><span class='ocrx_word' id='word_1_172' title='bbox 1849 1133 2156 1196; x_wconf 83' lang='lat' dir='ltr'><strong>huiusmodi</strong></span> <span class='ocrx_word' id='word_1_173' title='bbox 2180 1135 2235 1186; x_wconf 85' lang='lat' dir='ltr'><strong>in</strong></span> <span class='ocrx_word' id='word_1_174' title='bbox 2265 1137 2456 1203; x_wconf 82' lang='lat' dir='ltr'><strong>spiritu</strong></span> <span class='ocrx_word' id='word_1_175' title='bbox 2484 1139 2722 1190; x_wconf 82' lang='lat' dir='ltr'><strong>lenitatis</strong></span> <span class='ocrx_word' id='word_1_176' title='bbox 2744 1177 2757 1199; x_wconf 89' lang='lat'><strong>,</strong></span> <span class='ocrx_word' id='word_1_177' title='bbox 2788 1141 3130 1190; x_wconf 77' lang='lat' dir='ltr'><strong>considerans</strong></span> <span class='ocrx_word' id='word_1_178' title='bbox 3157 1140 3378 1206; x_wconf 84' lang='lat' dir='ltr'><strong>teipsum</strong></span> <span class='ocrx_word' id='word_1_179' title='bbox 3403 1178 3420 1202; x_wconf 88' lang='lat'><strong>,</strong></span> 
     </span>
    </p>
   </div>
   <div class='ocr_carea' id='block_1_26' title="bbox 1849 1227 3420 1296">
    <p class='ocr_par' dir='ltr' id='par_1_26' title="bbox 1849 1227 3420 1296">
     <span class='ocr_line' id='line_1_26' title="bbox 1849 1227 3420 1296; baseline 0.002 -18"><span class='ocrx_word' id='word_1_180' title='bbox 1849 1241 1912 1278; x_wconf 87' lang='lat' dir='ltr'><strong>ne</strong></span> <span class='ocrx_word' id='word_1_181' title='bbox 1959 1235 2008 1278; x_wconf 92' lang='lat' dir='ltr'><strong>et</strong></span> <span class='ocrx_word' id='word_1_182' title='bbox 2043 1235 2098 1278; x_wconf 88' lang='lat' dir='ltr'><strong>tu</strong></span> <span class='ocrx_word' id='word_1_183' title='bbox 2130 1227 2365 1280; x_wconf 84' lang='lat' dir='ltr'><strong>teuteris.</strong></span> <span class='ocrx_word' id='word_1_184' title='bbox 2399 1227 2547 1280; x_wconf 84' lang='lat' dir='ltr'><strong>Alter</strong></span> <span class='ocrx_word' id='word_1_185' title='bbox 2602 1227 2822 1281; x_wconf 77' lang='lat' dir='ltr'><strong>alterius</strong></span> <span class='ocrx_word' id='word_1_186' title='bbox 2881 1244 3042 1280; x_wconf 85' lang='lat' dir='ltr'><strong>onera</strong></span> <span class='ocrx_word' id='word_1_187' title='bbox 3097 1237 3338 1296; x_wconf 83' lang='lat' dir='ltr'><strong>portate,</strong></span> <span class='ocrx_word' id='word_1_188' title='bbox 3372 1239 3420 1281; x_wconf 89' lang='lat' dir='ltr'><strong>et</strong></span> 
     </span>
    </p>
   </div>
   <div class='ocr_carea' id='block_1_27' title="bbox 1849 1317 3426 1386">
    <p class='ocr_par' dir='ltr' id='par_1_27' title="bbox 1849 1317 3426 1386">
     <span class='ocr_line' id='line_1_27' title="bbox 1849 1317 3426 1386; baseline 0.003 -16"><span class='ocrx_word' id='word_1_189' title='bbox 1849 1318 1923 1371; x_wconf 74' lang='lat' dir='ltr'><strong>sic</strong></span> <span class='ocrx_word' id='word_1_190' title='bbox 1954 1317 2309 1386; x_wconf 84' lang='lat' dir='ltr'><strong>adimplebitis</strong></span> <span class='ocrx_word' id='word_1_191' title='bbox 2345 1318 2506 1386; x_wconf 85' lang='lat' dir='ltr'><strong>legem</strong></span> <span class='ocrx_word' id='word_1_192' title='bbox 2539 1319 2740 1375; x_wconf 83' lang='lat' dir='ltr'><strong>Christi</strong></span> <span class='ocrx_word' id='word_1_193' title='bbox 2775 1321 2838 1370; x_wconf 76' lang='lat'><strong>7‘.</strong></span> <span class='ocrx_word' id='word_1_194' title='bbox 2865 1318 3036 1374; x_wconf 86' lang='lat' dir='ltr'><strong>Porro</strong></span> <span class='ocrx_word' id='word_1_195' title='bbox 3068 1319 3124 1372; x_wconf 91' lang='lat' dir='ltr'><strong>S.</strong></span> <span class='ocrx_word' id='word_1_196' title='bbox 3157 1319 3325 1373; x_wconf 83' lang='lat' dir='ltr'><strong>David</strong></span> <span class='ocrx_word' id='word_1_197' title='bbox 3357 1320 3426 1375; x_wconf 87' lang='lat' dir='ltr'><strong>de</strong></span> 
     </span>
    </p>
   </div>
   <div class='ocr_carea' id='block_1_28' title="bbox 1851 1407 3422 1478">
    <p class='ocr_par' dir='ltr' id='par_1_28' title="bbox 1851 1407 3422 1478">
     <span class='ocr_line' id='line_1_28' title="bbox 1851 1407 3422 1478; baseline 0.001 -17"><span class='ocrx_word' id='word_1_198' title='bbox 1851 1407 2176 1461; x_wconf 85' lang='lat' dir='ltr'><strong>Criminibus</strong></span> <span class='ocrx_word' id='word_1_199' title='bbox 2203 1408 2502 1462; x_wconf 75' lang='lat' dir='ltr'><strong>mortiferis</strong></span> <span class='ocrx_word' id='word_1_200' title='bbox 2527 1409 2635 1476; x_wconf 83' lang='lat' dir='ltr'><strong>egit</strong></span> <span class='ocrx_word' id='word_1_201' title='bbox 2665 1409 3040 1478; x_wconf 75' lang='lat' dir='ltr'><strong>pmnitentiam</strong></span> <span class='ocrx_word' id='word_1_202' title='bbox 3070 1411 3138 1472; x_wconf 71' lang='lat'><strong>7&#39;,</strong></span> <span class='ocrx_word' id='word_1_203' title='bbox 3163 1419 3216 1464; x_wconf 90' lang='lat' dir='ltr'><strong>et</strong></span> <span class='ocrx_word' id='word_1_204' title='bbox 3242 1418 3422 1462; x_wconf 90' lang='lat' dir='ltr'><strong>tamen</strong></span> 
     </span>
    </p>
   </div>
   <div class='ocr_carea' id='block_1_29' title="bbox 1846 1495 3423 1566">
    <p class='ocr_par' dir='ltr' id='par_1_29' title="bbox 1846 1495 3423 1566">
     <span class='ocr_line' id='line_1_29' title="bbox 1846 1495 3423 1566; baseline 0.002 -19"><span class='ocrx_word' id='word_1_205' title='bbox 1846 1495 1905 1547; x_wconf 90' lang='lat' dir='ltr'><strong>in</strong></span> <span class='ocrx_word' id='word_1_206' title='bbox 1945 1495 2150 1548; x_wconf 88' lang='lat' dir='ltr'><strong>honore</strong></span> <span class='ocrx_word' id='word_1_207' title='bbox 2181 1496 2502 1563; x_wconf 85' lang='lat' dir='ltr'><strong>permansit.</strong></span> <span class='ocrx_word' id='word_1_208' title='bbox 2536 1495 2733 1550; x_wconf 88' lang='lat' dir='ltr'><strong>Beatus</strong></span> <span class='ocrx_word' id='word_1_209' title='bbox 2775 1513 2994 1566; x_wconf 85' lang='lat' dir='ltr'><strong>quoque</strong></span> <span class='ocrx_word' id='word_1_210' title='bbox 3033 1497 3226 1553; x_wconf 84' lang='lat' dir='ltr'><strong>Petrus</strong></span> <span class='ocrx_word' id='word_1_211' title='bbox 3269 1513 3423 1551; x_wconf 89' lang='lat' dir='ltr'><strong>ama-</strong></span> 
     </span>
    </p>
   </div>
   <div class='ocr_carea' id='block_1_30' title="bbox 1851 1585 3426 1658">
    <p class='ocr_par' dir='ltr' id='par_1_30' title="bbox 1851 1585 3426 1658">
     <span class='ocr_line' id='line_1_30' title="bbox 1851 1585 3426 1658; baseline 0.003 -21"><span class='ocrx_word' id='word_1_212' title='bbox 1851 1585 2099 1639; x_wconf 86' lang='lat' dir='ltr'><strong>rissimas</strong></span> <span class='ocrx_word' id='word_1_213' title='bbox 2129 1585 2400 1656; x_wconf 85' lang='lat' dir='ltr'><strong>lacrymas</strong></span> <span class='ocrx_word' id='word_1_214' title='bbox 2427 1585 2566 1639; x_wconf 87' lang='lat' dir='ltr'><strong>fudit</strong></span> <span class='ocrx_word' id='word_1_215' title='bbox 2593 1628 2608 1652; x_wconf 94' lang='lat'><strong>,</strong></span> <span class='ocrx_word' id='word_1_216' title='bbox 2635 1587 2856 1656; x_wconf 85' lang='lat' dir='ltr'><strong>quando</strong></span> <span class='ocrx_word' id='word_1_217' title='bbox 2884 1587 3172 1640; x_wconf 89' lang='lat' dir='ltr'><strong>Dominum</strong></span> <span class='ocrx_word' id='word_1_218' title='bbox 3198 1603 3426 1658; x_wconf 76' lang='lat' dir='ltr'><strong>negasse</strong></span> 
     </span>
    </p>
   </div>
   <div class='ocr_carea' id='block_1_31' title="bbox 1851 1674 3426 1745">
    <p class='ocr_par' dir='ltr' id='par_1_31' title="bbox 1851 1674 3426 1745">
     <span class='ocr_line' id='line_1_31' title="bbox 1851 1674 3426 1745; baseline 0.002 -18"><span class='ocrx_word' id='word_1_219' title='bbox 1851 1674 2138 1742; x_wconf 83' lang='lat' dir='ltr'><strong>paenituit,</strong></span> <span class='ocrx_word' id='word_1_220' title='bbox 2176 1674 2278 1728; x_wconf 74' lang='lat' dir='ltr'><strong>&#39;sed</strong></span> <span class='ocrx_word' id='word_1_221' title='bbox 2328 1685 2506 1729; x_wconf 89' lang='lat' dir='ltr'><strong>tamen</strong></span> <span class='ocrx_word' id='word_1_222' title='bbox 2552 1676 2830 1744; x_wconf 87' lang='lat' dir='ltr'><strong>apostolus</strong></span> <span class='ocrx_word' id='word_1_223' title='bbox 2873 1677 3193 1745; x_wconf 88' lang='lat' dir='ltr'><strong>permansit.</strong></span> <span class='ocrx_word' id='word_1_224' title='bbox 3225 1675 3293 1730; x_wconf 88' lang='lat' dir='ltr'><strong>Et</strong></span> <span class='ocrx_word' id='word_1_225' title='bbox 3319 1676 3426 1730; x_wconf 81' lang='lat' dir='ltr'><strong>Do-</strong></span> 
     </span>
    </p>
   </div>
   <div class='ocr_carea' id='block_1_32' title="bbox 1853 1763 3419 1834">
    <p class='ocr_par' dir='ltr' id='par_1_32' title="bbox 1853 1763 3419 1834">
     <span class='ocr_line' id='line_1_32' title="bbox 1853 1763 3419 1834; baseline 0.003 -19"><span class='ocrx_word' id='word_1_226' title='bbox 1853 1763 2035 1817; x_wconf 92' lang='lat' dir='ltr'><strong>minus</strong></span> <span class='ocrx_word' id='word_1_227' title='bbox 2077 1780 2174 1832; x_wconf 89' lang='lat' dir='ltr'><strong>per</strong></span> <span class='ocrx_word' id='word_1_228' title='bbox 2213 1765 2534 1833; x_wconf 79' lang='lat' dir='ltr'><strong>prephetam</strong></span> <span class='ocrx_word' id='word_1_229' title='bbox 2581 1766 2934 1834; x_wconf 83' lang='lat' dir='ltr'><strong>peccantibus</strong></span> <span class='ocrx_word' id='word_1_230' title='bbox 2984 1767 3287 1834; x_wconf 88' lang='lat' dir='ltr'><strong>pollicetur,</strong></span> <span class='ocrx_word' id='word_1_231' title='bbox 3336 1767 3419 1819; x_wconf 89' lang='lat' dir='ltr'><strong>di-</strong></span> 
     </span>
    </p>
   </div>
   <div class='ocr_carea' id='block_1_33' title="bbox 169 1854 3421 1930">
    <p class='ocr_par' dir='ltr' id='par_1_33' title="bbox 169 1854 3421 1930">
     <span class='ocr_line' id='line_1_33' title="bbox 169 1854 3421 1930; baseline 0 -20"><span class='ocrx_word' id='word_1_232' title='bbox 169 1868 276 1920; x_wconf 89' lang='lat' dir='ltr'><strong>tur,</strong></span> <span class='ocrx_word' id='word_1_233' title='bbox 306 1858 580 1926; x_wconf 88' lang='lat' dir='ltr'><strong>quoniam</strong></span> <span class='ocrx_word' id='word_1_234' title='bbox 609 1857 666 1911; x_wconf 92' lang='lat' dir='ltr'><strong>bi</strong></span> <span class='ocrx_word' id='word_1_235' title='bbox 697 1858 790 1926; x_wconf 90' lang='lat' dir='ltr'><strong>qui</strong></span> <span class='ocrx_word' id='word_1_236' title='bbox 824 1873 932 1911; x_wconf 86' lang='lat' dir='ltr'><strong>non</strong></span> <span class='ocrx_word' id='word_1_237' title='bbox 969 1865 1097 1911; x_wconf 88' lang='lat' dir='ltr'><strong>sunt</strong></span> <span class='ocrx_word' id='word_1_238' title='bbox 1129 1867 1294 1930; x_wconf 56' lang='lat' dir='ltr'><strong>recta;</strong></span> <span class='ocrx_word' id='word_1_239' title='bbox 1320 1859 1749 1912; x_wconf 84' lang='lat' dir='ltr'><strong>conversationis</strong></span> <span class='ocrx_word' id='word_1_240' title='bbox 1781 1854 1822 1906; x_wconf 86' lang='grc' dir='ltr'><strong>Β</strong></span> <span class='ocrx_word' id='word_1_241' title='bbox 1852 1872 1980 1910; x_wconf 91' lang='lat' dir='ltr'><strong>cens</strong></span> <span class='ocrx_word' id='word_1_242' title='bbox 2008 1873 2021 1909; x_wconf 92' lang='lat'><strong>:</strong></span> <span class='ocrx_word' id='word_1_243' title='bbox 2066 1855 2321 1910; x_wconf 83' lang='lat' dir='ltr'><strong>Peccator</strong></span> <span class='ocrx_word' id='word_1_244' title='bbox 2356 1859 2409 1910; x_wconf 87' lang='lat' dir='ltr'><strong>in</strong></span> <span class='ocrx_word' id='word_1_245' title='bbox 2447 1873 2756 1927; x_wconf 85' lang='lat' dir='ltr'><strong>quacunque</strong></span> <span class='ocrx_word' id='word_1_246' title='bbox 2814 1858 2898 1911; x_wconf 86' lang='lat' dir='ltr'><strong>die</strong></span> <span class='ocrx_word' id='word_1_247' title='bbox 2955 1875 3232 1911; x_wconf 83' lang='lat' dir='ltr'><strong>conversus</strong></span> <span class='ocrx_word' id='word_1_248' title='bbox 3272 1859 3421 1928; x_wconf 85' lang='lat' dir='ltr'><strong>inge-</strong></span> 
     </span>
    </p>
   </div>
   <div class='ocr_carea' id='block_1_34' title="bbox 164 1947 1748 2017">
    <p class='ocr_par' dir='ltr' id='par_1_34' title="bbox 164 1947 1748 2017">
     <span class='ocr_line' id='line_1_34' title="bbox 164 1947 1748 2017; baseline 0 -15"><span class='ocrx_word' id='word_1_249' title='bbox 164 1965 225 2002; x_wconf 87' lang='lat' dir='ltr'><strong>ac</strong></span> <span class='ocrx_word' id='word_1_250' title='bbox 259 1947 392 2002; x_wconf 88' lang='lat' dir='ltr'><strong>ﬁdei</strong></span> <span class='ocrx_word' id='word_1_251' title='bbox 421 1989 436 2011; x_wconf 94' lang='lat'><strong>,</strong></span> <span class='ocrx_word' id='word_1_252' title='bbox 473 1959 527 2002; x_wconf 91' lang='lat' dir='ltr'><strong>et</strong></span> <span class='ocrx_word' id='word_1_253' title='bbox 557 1964 789 2017; x_wconf 89' lang='lat' dir='ltr'><strong>quorum</strong></span> <span class='ocrx_word' id='word_1_254' title='bbox 824 1950 934 2003; x_wconf 86' lang='lat' dir='ltr'><strong>vita</strong></span> <span class='ocrx_word' id='word_1_255' title='bbox 966 1957 1049 2004; x_wconf 89' lang='lat' dir='ltr'><strong>est</strong></span> <span class='ocrx_word' id='word_1_256' title='bbox 1079 1949 1432 2016; x_wconf 90' lang='lat' dir='ltr'><strong>accusabilis,</strong></span> <span class='ocrx_word' id='word_1_257' title='bbox 1477 1963 1586 2002; x_wconf 93' lang='lat' dir='ltr'><strong>non</strong></span> <span class='ocrx_word' id='word_1_258' title='bbox 1624 1964 1748 2017; x_wconf 90' lang='lat' dir='ltr'><strong>per-</strong></span> 
     </span>
    </p>
   </div>
   <div class='ocr_carea' id='block_1_35' title="bbox 165 2039 1745 2108">
    <p class='ocr_par' dir='ltr' id='par_1_35' title="bbox 165 2039 1745 2108">
     <span class='ocr_line' id='line_1_35' title="bbox 165 2039 1745 2108; baseline 0.001 -16"><span class='ocrx_word' id='word_1_259' title='bbox 165 2041 466 2093; x_wconf 88' lang='lat' dir='ltr'><strong>mittuntur</strong></span> <span class='ocrx_word' id='word_1_260' title='bbox 487 2039 724 2108; x_wconf 86' lang='lat' dir='ltr'><strong>majores</strong></span> <span class='ocrx_word' id='word_1_261' title='bbox 749 2046 876 2093; x_wconf 84' lang='lat' dir='ltr'><strong>natu</strong></span> <span class='ocrx_word' id='word_1_262' title='bbox 902 2054 1179 2104; x_wconf 88' lang='lat' dir='ltr'><strong>accusare,</strong></span> <span class='ocrx_word' id='word_1_263' title='bbox 1208 2054 1306 2092; x_wconf 90' lang='lat' dir='ltr'><strong>nec</strong></span> <span class='ocrx_word' id='word_1_264' title='bbox 1329 2053 1565 2108; x_wconf 88' lang='lat' dir='ltr'><strong>quorum</strong></span> <span class='ocrx_word' id='word_1_265' title='bbox 1591 2039 1745 2103; x_wconf 88' lang='lat' dir='ltr'><strong>ﬁdes,</strong></span> 
     </span>
    </p>
   </div>
   <div class='ocr_carea' id='block_1_36' title="bbox 164 2127 1748 2198">
    <p class='ocr_par' dir='ltr' id='par_1_36' title="bbox 164 2127 1748 2198">
     <span class='ocr_line' id='line_1_36' title="bbox 164 2127 1748 2198; baseline -0.001 -16"><span class='ocrx_word' id='word_1_266' title='bbox 164 2134 272 2183; x_wconf 82' lang='lat' dir='ltr'><strong>vita</strong></span> <span class='ocrx_word' id='word_1_267' title='bbox 322 2138 378 2183; x_wconf 90' lang='lat' dir='ltr'><strong>ct</strong></span> <span class='ocrx_word' id='word_1_268' title='bbox 423 2129 651 2184; x_wconf 88' lang='lat' dir='ltr'><strong>libertas</strong></span> <span class='ocrx_word' id='word_1_269' title='bbox 696 2130 961 2184; x_wconf 88' lang='lat' dir='ltr'><strong>nescitur.</strong></span> <span class='ocrx_word' id='word_1_270' title='bbox 1007 2127 1191 2198; x_wconf 86' lang='lat' dir='ltr'><strong>Neque</strong></span> <span class='ocrx_word' id='word_1_271' title='bbox 1220 2129 1352 2184; x_wconf 84' lang='lat' dir='ltr'><strong>viles</strong></span> <span class='ocrx_word' id='word_1_272' title='bbox 1397 2143 1642 2198; x_wconf 73' lang='lat' dir='ltr'><strong>persona:</strong></span> <span class='ocrx_word' id='word_1_273' title='bbox 1691 2129 1748 2181; x_wconf 91' lang='lat' dir='ltr'><strong>in</strong></span> 
     </span>
    </p>
   </div>
   <div class='ocr_carea' id='block_1_37' title="bbox 162 2219 1748 2291">
    <p class='ocr_par' dir='ltr' id='par_1_37' title="bbox 162 2219 1748 2291">
     <span class='ocr_line' id='line_1_37' title="bbox 162 2219 1748 2291; baseline -0.001 -15"><span class='ocrx_word' id='word_1_274' title='bbox 162 2239 359 2276; x_wconf 87' lang='lat' dir='ltr'><strong>eorum</strong></span> <span class='ocrx_word' id='word_1_275' title='bbox 398 2222 741 2291; x_wconf 84' lang='lat' dir='ltr'><strong>recipiantur</strong></span> <span class='ocrx_word' id='word_1_276' title='bbox 775 2221 1178 2276; x_wconf 89' lang='lat' dir='ltr'><strong>accusationem</strong></span> <span class='ocrx_word' id='word_1_277' title='bbox 1210 2222 1276 2274; x_wconf 68' lang='lat'><strong>’9.</strong></span> <span class='ocrx_word' id='word_1_278' title='bbox 1312 2219 1593 2274; x_wconf 65' lang='lat' dir='ltr'><strong>Rimandaa</strong></span> <span class='ocrx_word' id='word_1_279' title='bbox 1622 2235 1748 2274; x_wconf 85' lang='lat' dir='ltr'><strong>vero</strong></span> 
     </span>
    </p>
   </div>
   <div class='ocr_carea' id='block_1_38' title="bbox 164 2309 1750 2379">
    <p class='ocr_par' dir='ltr' id='par_1_38' title="bbox 164 2309 1750 2379">
     <span class='ocr_line' id='line_1_38' title="bbox 164 2309 1750 2379; baseline -0.001 -13"><span class='ocrx_word' id='word_1_280' title='bbox 164 2322 296 2366; x_wconf 78' lang='lat' dir='ltr'><strong>sunt</strong></span> <span class='ocrx_word' id='word_1_281' title='bbox 347 2311 684 2366; x_wconf 88' lang='lat' dir='ltr'><strong>cnucleatim</strong></span> <span class='ocrx_word' id='word_1_282' title='bbox 729 2325 977 2379; x_wconf 72' lang='lat' dir='ltr'><strong>persona:</strong></span> <span class='ocrx_word' id='word_1_283' title='bbox 1019 2318 1435 2375; x_wconf 88' lang='lat' dir='ltr'><strong>accusatorum,</strong></span> <span class='ocrx_word' id='word_1_284' title='bbox 1466 2325 1586 2378; x_wconf 62' lang='lat' dir='ltr'><strong>qua:</strong></span> <span class='ocrx_word' id='word_1_285' title='bbox 1631 2309 1750 2365; x_wconf 88' lang='lat' dir='ltr'><strong>sine</strong></span> 
     </span>
    </p>
   </div>
   <div class='ocr_carea' id='block_1_39' title="bbox 165 2402 1753 2472">
    <p class='ocr_par' dir='ltr' id='par_1_39' title="bbox 165 2402 1753 2472">
     <span class='ocr_line' id='line_1_39' title="bbox 165 2402 1753 2472; baseline -0.002 -14"><span class='ocrx_word' id='word_1_286' title='bbox 165 2406 374 2472; x_wconf 87' lang='lat' dir='ltr'><strong>scripto</strong></span> <span class='ocrx_word' id='word_1_287' title='bbox 409 2402 662 2469; x_wconf 81' lang='lat' dir='ltr'><strong>difficile,</strong></span> <span class='ocrx_word' id='word_1_288' title='bbox 696 2418 795 2472; x_wconf 92' lang='lat' dir='ltr'><strong>per</strong></span> <span class='ocrx_word' id='word_1_289' title='bbox 825 2403 1086 2471; x_wconf 90' lang='lat' dir='ltr'><strong>scriptum</strong></span> <span class='ocrx_word' id='word_1_290' title='bbox 1117 2408 1296 2455; x_wconf 90' lang='lat' dir='ltr'><strong>autem</strong></span> <span class='ocrx_word' id='word_1_291' title='bbox 1332 2415 1613 2470; x_wconf 89' lang='lat' dir='ltr'><strong>nunquam</strong></span> <span class='ocrx_word' id='word_1_292' title='bbox 1661 2416 1753 2456; x_wconf 84' lang='lat' dir='ltr'><strong>re-</strong></span> 
     </span>
    </p>
   </div>
   <div class='ocr_carea' id='block_1_40' title="bbox 166 2490 1751 2564">
    <p class='ocr_par' dir='ltr' id='par_1_40' title="bbox 166 2490 1751 2564">
     <span class='ocr_line' id='line_1_40' title="bbox 166 2490 1751 2564; baseline -0.003 -15"><span class='ocrx_word' id='word_1_293' title='bbox 166 2495 452 2564; x_wconf 88' lang='lat' dir='ltr'><strong>cipiantur</strong></span> <span class='ocrx_word' id='word_1_294' title='bbox 478 2512 492 2547; x_wconf 90' lang='lat'>:</span> <span class='ocrx_word' id='word_1_295' title='bbox 524 2493 655 2562; x_wconf 86' lang='lat' dir='ltr'><strong>quia</strong></span> <span class='ocrx_word' id='word_1_296' title='bbox 683 2507 779 2560; x_wconf 87' lang='lat' dir='ltr'><strong>per</strong></span> <span class='ocrx_word' id='word_1_297' title='bbox 805 2491 1126 2561; x_wconf 88' lang='lat' dir='ltr'><strong>scripturam</strong></span> <span class='ocrx_word' id='word_1_298' title='bbox 1159 2490 1342 2545; x_wconf 90' lang='lat' dir='ltr'><strong>nullus</strong></span> <span class='ocrx_word' id='word_1_299' title='bbox 1377 2505 1636 2545; x_wconf 87' lang='lat' dir='ltr'><strong>accusare</strong></span> <span class='ocrx_word' id='word_1_300' title='bbox 1665 2490 1751 2545; x_wconf 88' lang='lat' dir='ltr'><strong>vel</strong></span> 
     </span>
    </p>
   </div>
   <div class='ocr_carea' id='block_1_41' title="bbox 165 2583 1751 2655">
    <p class='ocr_par' dir='ltr' id='par_1_41' title="bbox 165 2583 1751 2655">
     <span class='ocr_line' id='line_1_41' title="bbox 165 2583 1751 2655; baseline -0.003 -15"><span class='ocrx_word' id='word_1_301' title='bbox 165 2585 419 2642; x_wconf 84' lang='lat' dir='ltr'><strong>accusari</strong></span> <span class='ocrx_word' id='word_1_302' title='bbox 466 2593 648 2655; x_wconf 88' lang='lat' dir='ltr'><strong>potest</strong></span> <span class='ocrx_word' id='word_1_303' title='bbox 679 2585 723 2614; x_wconf 82' lang='grc'><strong>⁶⁰</strong></span> <span class='ocrx_word' id='word_1_304' title='bbox 745 2625 760 2647; x_wconf 91' lang='grc'>,</span> <span class='ocrx_word' id='word_1_305' title='bbox 795 2584 888 2637; x_wconf 84' lang='lat' dir='ltr'><strong>sed</strong></span> <span class='ocrx_word' id='word_1_306' title='bbox 932 2583 1149 2652; x_wconf 86' lang='lat' dir='ltr'><strong>propria</strong></span> <span class='ocrx_word' id='word_1_307' title='bbox 1193 2596 1360 2648; x_wconf 88' lang='lat' dir='ltr'><strong>voce,</strong></span> <span class='ocrx_word' id='word_1_308' title='bbox 1394 2590 1449 2638; x_wconf 91' lang='lat' dir='ltr'><strong>et</strong></span> <span class='ocrx_word' id='word_1_309' title='bbox 1488 2590 1751 2652; x_wconf 80' lang='lat' dir='ltr'><strong>praesente</strong></span> 
     </span>
    </p>
   </div>
   <div class='ocr_carea' id='block_1_42' title="bbox 165 2675 1753 2746">
    <p class='ocr_par' dir='ltr' id='par_1_42' title="bbox 165 2675 1753 2746">
     <span class='ocr_line' id='line_1_42' title="bbox 165 2675 1753 2746; baseline -0.002 -15"><span class='ocrx_word' id='word_1_310' title='bbox 165 2691 258 2743; x_wconf 86' lang='lat' dir='ltr'><strong>eo,</strong></span> <span class='ocrx_word' id='word_1_311' title='bbox 305 2692 475 2746; x_wconf 89' lang='lat' dir='ltr'><strong>quem</strong></span> <span class='ocrx_word' id='word_1_312' title='bbox 521 2690 786 2730; x_wconf 88' lang='lat' dir='ltr'><strong>accusare</strong></span> <span class='ocrx_word' id='word_1_313' title='bbox 827 2675 1096 2739; x_wconf 88' lang='lat' dir='ltr'><strong>voluerit,</strong></span> <span class='ocrx_word' id='word_1_314' title='bbox 1145 2689 1302 2728; x_wconf 89' lang='lat' dir='ltr'><strong>suam</strong></span> <span class='ocrx_word' id='word_1_315' title='bbox 1347 2675 1585 2744; x_wconf 89' lang='lat' dir='ltr'><strong>quisque</strong></span> <span class='ocrx_word' id='word_1_316' title='bbox 1628 2683 1753 2743; x_wconf 84' lang='lat' dir='ltr'><strong>agat</strong></span> 
     </span>
    </p>
   </div>
   <div class='ocr_carea' id='block_1_43' title="bbox 169 2763 1750 2834">
    <p class='ocr_par' dir='ltr' id='par_1_43' title="bbox 169 2763 1750 2834">
     <span class='ocr_line' id='line_1_43' title="bbox 169 2763 1750 2834; baseline -0.001 -14"><span class='ocrx_word' id='word_1_317' title='bbox 169 2767 589 2820; x_wconf 84' lang='lat' dir='ltr'><strong>accusationem</strong></span> <span class='ocrx_word' id='word_1_318' title='bbox 622 2766 687 2817; x_wconf 85' lang='grc'><strong>⁶¹.</strong></span> <span class='ocrx_word' id='word_1_319' title='bbox 717 2763 829 2818; x_wconf 83' lang='lat' dir='ltr'><strong>Nec</strong></span> <span class='ocrx_word' id='word_1_320' title='bbox 852 2764 1073 2818; x_wconf 89' lang='lat' dir='ltr'><strong>absente</strong></span> <span class='ocrx_word' id='word_1_321' title='bbox 1102 2779 1167 2817; x_wconf 93' lang='lat' dir='ltr'><strong>co</strong></span> <span class='ocrx_word' id='word_1_322' title='bbox 1195 2765 1261 2830; x_wconf 79' lang='grc' dir='ltr'><strong>θ’,</strong></span> <span class='ocrx_word' id='word_1_323' title='bbox 1291 2779 1454 2834; x_wconf 89' lang='lat' dir='ltr'><strong>quem</strong></span> <span class='ocrx_word' id='word_1_324' title='bbox 1488 2780 1750 2819; x_wconf 85' lang='lat' dir='ltr'><strong>accusare</strong></span> 
     </span>
    </p>
   </div>
   <div class='ocr_carea' id='block_1_44' title="bbox 167 2859 1752 2928">
    <p class='ocr_par' dir='ltr' id='par_1_44' title="bbox 167 2859 1752 2928">
     <span class='ocr_line' id='line_1_44' title="bbox 167 2859 1752 2928; baseline 0.003 -18"><span class='ocrx_word' id='word_1_325' title='bbox 167 2860 437 2925; x_wconf 77' lang='lat' dir='ltr'><strong>voluerit,</strong></span> <span class='ocrx_word' id='word_1_326' title='bbox 470 2859 782 2928; x_wconf 85' lang='lat' dir='ltr'><strong>cuicunque</strong></span> <span class='ocrx_word' id='word_1_327' title='bbox 816 2860 1118 2914; x_wconf 88' lang='lat' dir='ltr'><strong>accusatori</strong></span> <span class='ocrx_word' id='word_1_328' title='bbox 1162 2859 1436 2914; x_wconf 89' lang='lat' dir='ltr'><strong>credatur.</strong></span> <span class='ocrx_word' id='word_1_329' title='bbox 1491 2859 1752 2914; x_wconf 88' lang='lat' dir='ltr'><strong>Similiter</strong></span> 
     </span>
    </p>
   </div>
   <div class='ocr_carea' id='block_1_45' title="bbox 170 2945 1750 3021">
    <p class='ocr_par' dir='ltr' id='par_1_45' title="bbox 170 2945 1750 3021">
     <span class='ocr_line' id='line_1_45' title="bbox 170 2945 1750 3021; baseline 0.001 -16"><span class='ocrx_word' id='word_1_330' title='bbox 170 2945 344 3006; x_wconf 80' lang='lat' dir='ltr'><strong>testes</strong></span> <span class='ocrx_word' id='word_1_331' title='bbox 357 2966 460 3021; x_wconf 87' lang='lat' dir='ltr'><strong>per</strong></span> <span class='ocrx_word' id='word_1_332' title='bbox 472 2963 862 3020; x_wconf 86' lang='lat' dir='ltr'><strong>quamcunque</strong></span> <span class='ocrx_word' id='word_1_333' title='bbox 892 2952 1213 3020; x_wconf 88' lang='lat' dir='ltr'><strong>scripturam</strong></span> <span class='ocrx_word' id='word_1_334' title='bbox 1239 2952 1607 3006; x_wconf 86' lang='lat' dir='ltr'><strong>testimonium</strong></span> <span class='ocrx_word' id='word_1_335' title='bbox 1641 2967 1750 3006; x_wconf 90' lang='lat' dir='ltr'><strong>non</strong></span> 
     </span>
    </p>
   </div>
   <div class='ocr_carea' id='block_1_46' title="bbox 171 3031 1754 3113">
    <p class='ocr_par' dir='ltr' id='par_1_46' title="bbox 171 3031 1754 3113">
     <span class='ocr_line' id='line_1_46' title="bbox 171 3031 1754 3113; baseline 0.001 -17"><span class='ocrx_word' id='word_1_336' title='bbox 171 3041 494 3110; x_wconf 85' lang='lat' dir='ltr'><strong>proferant,</strong></span> <span class='ocrx_word' id='word_1_337' title='bbox 533 3042 625 3095; x_wconf 89' lang='lat' dir='ltr'><strong>sed</strong></span> <span class='ocrx_word' id='word_1_338' title='bbox 659 3051 986 3109; x_wconf 70' lang='lat' dir='ltr'><strong>prtesentes,</strong></span> <span class='ocrx_word' id='word_1_339' title='bbox 1021 3043 1086 3096; x_wconf 91' lang='lat' dir='ltr'><strong>de</strong></span> <span class='ocrx_word' id='word_1_340' title='bbox 1131 3043 1214 3096; x_wconf 89' lang='lat' dir='ltr'><strong>his</strong></span> <span class='ocrx_word' id='word_1_341' title='bbox 1245 3031 1366 3113; x_wconf 63' lang='lat' dir='ltr'><strong>qua:</strong></span> <span class='ocrx_word' id='word_1_342' title='bbox 1406 3042 1658 3096; x_wconf 85' lang='lat' dir='ltr'><strong>viderunt</strong></span> <span class='ocrx_word' id='word_1_343' title='bbox 1699 3052 1754 3098; x_wconf 89' lang='lat' dir='ltr'><strong>et</strong></span> 
     </span>
    </p>
   </div>
   <div class='ocr_carea' id='block_1_47' title="bbox 171 3129 1753 3194">
    <p class='ocr_par' dir='ltr' id='par_1_47' title="bbox 171 3129 1753 3194">
     <span class='ocr_line' id='line_1_47' title="bbox 171 3129 1753 3194; baseline 0.003 -12"><span class='ocrx_word' id='word_1_344' title='bbox 171 3140 481 3194; x_wconf 65' lang='grc' dir='ltr'><strong>ιιοιθιυηι,</strong></span> <span class='ocrx_word' id='word_1_345' title='bbox 531 3130 799 3183; x_wconf 82' lang='lat' dir='ltr'><strong>veraciter</strong></span> <span class='ocrx_word' id='word_1_346' title='bbox 851 3131 1224 3185; x_wconf 90' lang='lat' dir='ltr'><strong>testimonium</strong></span> <span class='ocrx_word' id='word_1_347' title='bbox 1274 3131 1478 3186; x_wconf 86' lang='lat' dir='ltr'><strong>dicant.</strong></span> <span class='ocrx_word' id='word_1_348' title='bbox 1531 3129 1641 3186; x_wconf 89' lang='lat' dir='ltr'><strong>Nec</strong></span> <span class='ocrx_word' id='word_1_349' title='bbox 1685 3134 1753 3187; x_wconf 89' lang='lat' dir='ltr'><strong>de</strong></span> 
     </span>
    </p>
   </div>
   <div class='ocr_carea' id='block_1_48' title="bbox 171 3219 1752 3289">
    <p class='ocr_par' dir='ltr' id='par_1_48' title="bbox 171 3219 1752 3289">
     <span class='ocr_line' id='line_1_48' title="bbox 171 3219 1752 3289; baseline 0.003 -16"><span class='ocrx_word' id='word_1_350' title='bbox 171 3221 292 3275; x_wconf 85' lang='lat' dir='ltr'><strong>aliis</strong></span> <span class='ocrx_word' id='word_1_351' title='bbox 337 3219 534 3275; x_wconf 79' lang='lat' dir='ltr'><strong>causis</strong></span> <span class='ocrx_word' id='word_1_352' title='bbox 582 3221 664 3273; x_wconf 82' lang='lat' dir='ltr'><strong>vel</strong></span> <span class='ocrx_word' id='word_1_353' title='bbox 711 3220 941 3289; x_wconf 87' lang='lat' dir='ltr'><strong>negotiis</strong></span> <span class='ocrx_word' id='word_1_354' title='bbox 983 3221 1169 3276; x_wconf 90' lang='lat' dir='ltr'><strong>dicant</strong></span> <span class='ocrx_word' id='word_1_355' title='bbox 1201 3222 1607 3289; x_wconf 90' lang='lat' dir='ltr'><strong>testimonium,</strong></span> <span class='ocrx_word' id='word_1_356' title='bbox 1646 3223 1752 3280; x_wconf 86' lang='lat' dir='ltr'><strong>nisi</strong></span> 
     </span>
    </p>
   </div>
   <div class='ocr_carea' id='block_1_49' title="bbox 172 3312 1757 3381">
    <p class='ocr_par' dir='ltr' id='par_1_49' title="bbox 172 3312 1757 3381">
     <span class='ocr_line' id='line_1_49' title="bbox 172 3312 1757 3381; baseline 0.003 -14"><span class='ocrx_word' id='word_1_357' title='bbox 172 3313 234 3367; x_wconf 85' lang='lat' dir='ltr'><strong>de</strong></span> <span class='ocrx_word' id='word_1_358' title='bbox 267 3314 355 3367; x_wconf 88' lang='lat' dir='ltr'><strong>his</strong></span> <span class='ocrx_word' id='word_1_359' title='bbox 388 3327 517 3381; x_wconf 68' lang='lat' dir='ltr'><strong>qua:</strong></span> <span class='ocrx_word' id='word_1_360' title='bbox 551 3312 655 3366; x_wconf 88' lang='lat' dir='ltr'><strong>sub</strong></span> <span class='ocrx_word' id='word_1_361' title='bbox 684 3313 969 3381; x_wconf 60' lang='lat' dir='ltr'><strong>praesentia</strong></span> <span class='ocrx_word' id='word_1_362' title='bbox 1000 3328 1189 3366; x_wconf 89' lang='lat' dir='ltr'><strong>eorum</strong></span> <span class='ocrx_word' id='word_1_363' title='bbox 1224 3322 1342 3368; x_wconf 88' lang='lat' dir='ltr'><strong>acta</strong></span> <span class='ocrx_word' id='word_1_364' title='bbox 1375 3329 1496 3370; x_wconf 89' lang='lat' dir='ltr'><strong>esse</strong></span> <span class='ocrx_word' id='word_1_365' title='bbox 1521 3330 1757 3371; x_wconf 91' lang='lat' dir='ltr'><strong>noscun-</strong></span> 
     </span>
    </p>
   </div>
   <div class='ocr_carea' id='block_1_50' title="bbox 175 3402 1757 3469">
    <p class='ocr_par' dir='ltr' id='par_1_50' title="bbox 175 3402 1757 3469">
     <span class='ocr_line' id='line_1_50' title="bbox 175 3402 1757 3469; baseline 0.003 -13"><span class='ocrx_word' id='word_1_366' title='bbox 175 3413 280 3456; x_wconf 91' lang='lat' dir='ltr'><strong>tur.</strong></span> <span class='ocrx_word' id='word_1_367' title='bbox 335 3404 712 3458; x_wconf 81' lang='lat' dir='ltr'><strong>Accusatores</strong></span> <span class='ocrx_word' id='word_1_368' title='bbox 768 3418 896 3457; x_wconf 88' lang='lat' dir='ltr'><strong>vero</strong></span> <span class='ocrx_word' id='word_1_369' title='bbox 947 3402 1338 3469; x_wconf 73' lang='lat' dir='ltr'><strong>consanguinei</strong></span> <span class='ocrx_word' id='word_1_370' title='bbox 1376 3403 1441 3468; x_wconf 78' lang='grc'><strong>⁸³,</strong></span> <span class='ocrx_word' id='word_1_371' title='bbox 1494 3405 1757 3461; x_wconf 88' lang='lat' dir='ltr'><strong>adversus</strong></span> 
     </span>
    </p>
   </div>
   <div class='ocr_carea' id='block_1_51' title="bbox 174 3493 1757 3560">
    <p class='ocr_par' dir='ltr' id='par_1_51' title="bbox 174 3493 1757 3560">
     <span class='ocr_line' id='line_1_51' title="bbox 174 3493 1757 3560; baseline 0.003 -13"><span class='ocrx_word' id='word_1_372' title='bbox 174 3504 469 3550; x_wconf 68' lang='lat' dir='ltr'><strong>extraneos</strong></span> <span class='ocrx_word' id='word_1_373' title='bbox 505 3494 881 3553; x_wconf 68' lang='lat' dir='ltr'><strong>testiinonium</strong></span> <span class='ocrx_word' id='word_1_374' title='bbox 915 3509 1020 3547; x_wconf 91' lang='lat' dir='ltr'><strong>non</strong></span> <span class='ocrx_word' id='word_1_375' title='bbox 1052 3493 1269 3560; x_wconf 89' lang='lat' dir='ltr'><strong>dicant,</strong></span> <span class='ocrx_word' id='word_1_376' title='bbox 1320 3510 1420 3550; x_wconf 89' lang='lat' dir='ltr'><strong>nec</strong></span> <span class='ocrx_word' id='word_1_377' title='bbox 1462 3495 1757 3552; x_wconf 82' lang='lat' dir='ltr'><strong>familiares</strong></span> 
     </span>
    </p>
   </div>
   <div class='ocr_carea' id='block_1_52' title="bbox 173 3586 1758 3658">
    <p class='ocr_par' dir='ltr' id='par_1_52' title="bbox 173 3586 1758 3658">
     <span class='ocr_line' id='line_1_52' title="bbox 173 3586 1758 3658; baseline -0.001 -17"><span class='ocrx_word' id='word_1_378' title='bbox 173 3589 253 3643; x_wconf 76' lang='lat' dir='ltr'><strong>vel</strong></span> <span class='ocrx_word' id='word_1_379' title='bbox 284 3589 353 3642; x_wconf 90' lang='lat' dir='ltr'><strong>de</strong></span> <span class='ocrx_word' id='word_1_380' title='bbox 384 3589 556 3643; x_wconf 87' lang='lat' dir='ltr'><strong>domo</strong></span> <span class='ocrx_word' id='word_1_381' title='bbox 586 3588 914 3658; x_wconf 86' lang='lat' dir='ltr'><strong>prodeuntes</strong></span> <span class='ocrx_word' id='word_1_382' title='bbox 945 3605 959 3642; x_wconf 89' lang='lat'><strong>:</strong></span> <span class='ocrx_word' id='word_1_383' title='bbox 989 3587 1082 3642; x_wconf 88' lang='lat' dir='ltr'><strong>sed</strong></span> <span class='ocrx_word' id='word_1_384' title='bbox 1117 3586 1164 3641; x_wconf 89' lang='lat' dir='ltr'><strong>si</strong></span> <span class='ocrx_word' id='word_1_385' title='bbox 1196 3587 1504 3652; x_wconf 88' lang='lat' dir='ltr'><strong>voluerint,</strong></span> <span class='ocrx_word' id='word_1_386' title='bbox 1535 3597 1588 3643; x_wconf 92' lang='lat' dir='ltr'><strong>et</strong></span> <span class='ocrx_word' id='word_1_387' title='bbox 1617 3587 1758 3643; x_wconf 89' lang='lat' dir='ltr'><strong>invi-</strong></span> 
     </span>
    </p>
   </div>
   <div class='ocr_carea' id='block_1_53' title="bbox 172 3679 1756 3748">
    <p class='ocr_par' dir='ltr' id='par_1_53' title="bbox 172 3679 1756 3748">
     <span class='ocr_line' id='line_1_53' title="bbox 172 3679 1756 3748; baseline 0 -14"><span class='ocrx_word' id='word_1_388' title='bbox 172 3695 291 3734; x_wconf 86' lang='lat' dir='ltr'><strong>cem</strong></span> <span class='ocrx_word' id='word_1_389' title='bbox 351 3679 745 3734; x_wconf 87' lang='lat' dir='ltr'><strong>consenserint</strong></span> <span class='ocrx_word' id='word_1_390' title='bbox 808 3681 950 3734; x_wconf 80' lang='lat' dir='ltr'><strong>inter</strong></span> <span class='ocrx_word' id='word_1_391' title='bbox 984 3694 1076 3743; x_wconf 90' lang='lat' dir='ltr'><strong>se,</strong></span> <span class='ocrx_word' id='word_1_392' title='bbox 1109 3688 1358 3748; x_wconf 89' lang='lat' dir='ltr'><strong>parentes</strong></span> <span class='ocrx_word' id='word_1_393' title='bbox 1381 3679 1756 3734; x_wconf 89' lang='lat' dir='ltr'><strong>tantummodo</strong></span> 
     </span>
    </p>
   </div>
   <div class='ocr_carea' id='block_1_54' title="bbox 171 3767 1757 3832">
    <p class='ocr_par' dir='ltr' id='par_1_54' title="bbox 171 3767 1757 3832">
     <span class='ocr_line' id='line_1_54' title="bbox 171 3767 1757 3832; baseline -0.001 -7"><span class='ocrx_word' id='word_1_394' title='bbox 171 3771 566 3832; x_wconf 81' lang='lat' dir='ltr'><strong>testiﬁcentur,</strong></span> <span class='ocrx_word' id='word_1_395' title='bbox 599 3778 656 3823; x_wconf 92' lang='lat' dir='ltr'><strong>et</strong></span> <span class='ocrx_word' id='word_1_396' title='bbox 683 3785 790 3824; x_wconf 92' lang='lat' dir='ltr'><strong>non</strong></span> <span class='ocrx_word' id='word_1_397' title='bbox 827 3771 882 3824; x_wconf 92' lang='lat' dir='ltr'><strong>in</strong></span> <span class='ocrx_word' id='word_1_398' title='bbox 927 3770 1085 3825; x_wconf 91' lang='lat' dir='ltr'><strong>alios.</strong></span> <span class='ocrx_word' id='word_1_399' title='bbox 1129 3767 1240 3824; x_wconf 83' lang='lat' dir='ltr'><strong>Nec</strong></span> <span class='ocrx_word' id='word_1_400' title='bbox 1285 3777 1630 3824; x_wconf 87' lang='lat' dir='ltr'><strong>accusatores</strong></span> <span class='ocrx_word' id='word_1_401' title='bbox 1675 3771 1757 3826; x_wconf 87' lang='lat' dir='ltr'><strong>vel</strong></span> 
     </span>
    </p>
   </div>
   <div class='ocr_carea' id='block_1_55' title="bbox 174 3861 1759 3931">
    <p class='ocr_par' dir='ltr' id='par_1_55' title="bbox 174 3861 1759 3931">
     <span class='ocr_line' id='line_1_55' title="bbox 174 3861 1759 3931; baseline -0.001 -14"><span class='ocrx_word' id='word_1_402' title='bbox 174 3873 342 3918; x_wconf 80' lang='lat' dir='ltr'><strong>testes</strong></span> <span class='ocrx_word' id='word_1_403' title='bbox 375 3862 618 3930; x_wconf 86' lang='lat' dir='ltr'><strong>suspecti</strong></span> <span class='ocrx_word' id='word_1_404' title='bbox 649 3862 984 3930; x_wconf 89' lang='lat' dir='ltr'><strong>recipiantur</strong></span> <span class='ocrx_word' id='word_1_405' title='bbox 1013 3880 1027 3915; x_wconf 88' lang='lat'><strong>:</strong></span> <span class='ocrx_word' id='word_1_406' title='bbox 1055 3861 1182 3930; x_wconf 88' lang='lat' dir='ltr'><strong>quia</strong></span> <span class='ocrx_word' id='word_1_407' title='bbox 1216 3861 1673 3931; x_wconf 84' lang='lat' dir='ltr'><strong>propinquitatis,</strong></span> <span class='ocrx_word' id='word_1_408' title='bbox 1704 3871 1759 3916; x_wconf 88' lang='lat' dir='ltr'><strong>et</strong></span> 
     </span>
    </p>
   </div>
   <div class='ocr_carea' id='block_1_56' title="bbox 174 3951 1756 4018">
    <p class='ocr_par' dir='ltr' id='par_1_56' title="bbox 174 3951 1756 4018">
     <span class='ocr_line' id='line_1_56' title="bbox 174 3951 1756 4018; baseline 0 -13"><span class='ocrx_word' id='word_1_409' title='bbox 174 3951 607 4016; x_wconf 84' lang='lat' dir='ltr'><strong>familiaritatis,</strong></span> <span class='ocrx_word' id='word_1_410' title='bbox 651 3967 717 4005; x_wconf 91' lang='lat' dir='ltr'><strong>ac</strong></span> <span class='ocrx_word' id='word_1_411' title='bbox 762 3951 1151 4006; x_wconf 88' lang='lat' dir='ltr'><strong>dominationis</strong></span> <span class='ocrx_word' id='word_1_412' title='bbox 1180 3951 1438 4018; x_wconf 80' lang='lat' dir='ltr'><strong>affectio,</strong></span> <span class='ocrx_word' id='word_1_413' title='bbox 1475 3951 1756 4006; x_wconf 86' lang='lat' dir='ltr'><strong>veritatem</strong></span> 
     </span>
    </p>
   </div>
   <div class='ocr_carea' id='block_1_57' title="bbox 173 4043 1758 4112">
    <p class='ocr_par' dir='ltr' id='par_1_57' title="bbox 173 4043 1758 4112">
     <span class='ocr_line' id='line_1_57' title="bbox 173 4043 1758 4112; baseline -0.001 -15"><span class='ocrx_word' id='word_1_414' title='bbox 173 4044 438 4112; x_wconf 82' lang='lat' dir='ltr'><strong>impedire</strong></span> <span class='ocrx_word' id='word_1_415' title='bbox 467 4043 608 4096; x_wconf 88' lang='lat' dir='ltr'><strong>solet</strong></span> <span class='ocrx_word' id='word_1_416' title='bbox 637 4043 702 4093; x_wconf 67' lang='grc'><strong>⁵³.</strong></span> <span class='ocrx_word' id='word_1_417' title='bbox 729 4043 901 4096; x_wconf 83' lang='lat' dir='ltr'><strong>Amor</strong></span> <span class='ocrx_word' id='word_1_418' title='bbox 922 4043 1194 4108; x_wconf 89' lang='lat' dir='ltr'><strong>carnalis,</strong></span> <span class='ocrx_word' id='word_1_419' title='bbox 1223 4049 1278 4096; x_wconf 90' lang='lat' dir='ltr'><strong>et</strong></span> <span class='ocrx_word' id='word_1_420' title='bbox 1307 4044 1470 4097; x_wconf 90' lang='lat' dir='ltr'><strong>timor</strong></span> <span class='ocrx_word' id='word_1_421' title='bbox 1497 4044 1564 4108; x_wconf 78' lang='grc'><strong>⁵⁵,</strong></span> <span class='ocrx_word' id='word_1_422' title='bbox 1594 4052 1758 4111; x_wconf 90' lang='lat' dir='ltr'><strong>atque</strong></span> 
     </span>
    </p>
   </div>
   <div class='ocr_carea' id='block_1_58' title="bbox 174 4133 1760 4201">
    <p class='ocr_par' dir='ltr' id='par_1_58' title="bbox 174 4133 1760 4201">
     <span class='ocr_line' id='line_1_58' title="bbox 174 4133 1760 4201; baseline -0.001 -15"><span class='ocrx_word' id='word_1_423' title='bbox 174 4135 436 4196; x_wconf 77' lang='lat' dir='ltr'><strong>avaritia,</strong></span> <span class='ocrx_word' id='word_1_424' title='bbox 484 4133 809 4201; x_wconf 88' lang='lat' dir='ltr'><strong>plerumque</strong></span> <span class='ocrx_word' id='word_1_425' title='bbox 850 4147 1046 4188; x_wconf 87' lang='lat' dir='ltr'><strong>sensus</strong></span> <span class='ocrx_word' id='word_1_426' title='bbox 1093 4133 1352 4186; x_wconf 84' lang='lat' dir='ltr'><strong>hebetant</strong></span> <span class='ocrx_word' id='word_1_427' title='bbox 1391 4133 1659 4187; x_wconf 83' lang='lat' dir='ltr'><strong>humanos</strong></span> <span class='ocrx_word' id='word_1_428' title='bbox 1705 4141 1760 4185; x_wconf 91' lang='lat' dir='ltr'><strong>et</strong></span> 
     </span>
    </p>
   </div>
   <div class='ocr_carea' id='block_1_59' title="bbox 173 4224 1758 4294">
    <p class='ocr_par' dir='ltr' id='par_1_59' title="bbox 173 4224 1758 4294">
     <span class='ocr_line' id='line_1_59' title="bbox 173 4224 1758 4294; baseline -0.001 -15"><span class='ocrx_word' id='word_1_429' title='bbox 173 4233 498 4294; x_wconf 86' lang='lat' dir='ltr'><strong>pervertunt</strong></span> <span class='ocrx_word' id='word_1_430' title='bbox 533 4224 862 4292; x_wconf 90' lang='lat' dir='ltr'><strong>opiniones;</strong></span> <span class='ocrx_word' id='word_1_431' title='bbox 923 4233 982 4279; x_wconf 92' lang='lat' dir='ltr'><strong>ut</strong></span> <span class='ocrx_word' id='word_1_432' title='bbox 1034 4233 1305 4294; x_wconf 65' lang='lat' dir='ltr'><strong>quaestum</strong></span> <span class='ocrx_word' id='word_1_433' title='bbox 1359 4225 1610 4293; x_wconf 89' lang='lat' dir='ltr'><strong>pietatem</strong></span> <span class='ocrx_word' id='word_1_434' title='bbox 1657 4239 1758 4292; x_wconf 84' lang='lat' dir='ltr'><strong>pu-</strong></span> 
     </span>
    </p>
   </div>
   <div class='ocr_carea' id='block_1_60' title="bbox 174 4315 1758 4386">
    <p class='ocr_par' dir='ltr' id='par_1_60' title="bbox 174 4315 1758 4386">
     <span class='ocr_line' id='line_1_60' title="bbox 174 4315 1758 4386; baseline 0 -16"><span class='ocrx_word' id='word_1_435' title='bbox 174 4327 322 4382; x_wconf 89' lang='lat' dir='ltr'><strong>tent,</strong></span> <span class='ocrx_word' id='word_1_436' title='bbox 359 4325 415 4371; x_wconf 89' lang='lat' dir='ltr'><strong>et</strong></span> <span class='ocrx_word' id='word_1_437' title='bbox 450 4320 741 4386; x_wconf 86' lang='lat' dir='ltr'><strong>pecuniam</strong></span> <span class='ocrx_word' id='word_1_438' title='bbox 774 4316 935 4384; x_wconf 89' lang='lat' dir='ltr'><strong>quasi</strong></span> <span class='ocrx_word' id='word_1_439' title='bbox 972 4316 1278 4370; x_wconf 87' lang='lat' dir='ltr'><strong>mercedem</strong></span> <span class='ocrx_word' id='word_1_440' title='bbox 1317 4315 1758 4385; x_wconf 72' lang='lat' dir='ltr'><strong>prudentim.Ne-</strong></span> 
     </span>
    </p>
   </div>
   <div class='ocr_carea' id='block_1_61' title="bbox 173 4405 1753 4476">
    <p class='ocr_par' dir='ltr' id='par_1_61' title="bbox 173 4405 1753 4476">
     <span class='ocr_line' id='line_1_61' title="bbox 173 4405 1753 4476; baseline -0.001 -16"><span class='ocrx_word' id='word_1_441' title='bbox 173 4425 262 4461; x_wconf 79' lang='lat' dir='ltr'><strong>mo</strong></span> <span class='ocrx_word' id='word_1_442' title='bbox 305 4409 449 4462; x_wconf 82' lang='lat' dir='ltr'><strong>enim</strong></span> <span class='ocrx_word' id='word_1_443' title='bbox 495 4409 550 4460; x_wconf 89' lang='lat' dir='ltr'><strong>in</strong></span> <span class='ocrx_word' id='word_1_444' title='bbox 573 4405 696 4459; x_wconf 91' lang='lat' dir='ltr'><strong>dolo</strong></span> <span class='ocrx_word' id='word_1_445' title='bbox 737 4405 987 4476; x_wconf 81' lang='lat' dir='ltr'><strong>loquatur</strong></span> <span class='ocrx_word' id='word_1_446' title='bbox 1032 4407 1100 4460; x_wconf 88' lang='lat' dir='ltr'><strong>ad</strong></span> <span class='ocrx_word' id='word_1_447' title='bbox 1151 4407 1451 4476; x_wconf 73' lang='lat' dir='ltr'><strong>proximum</strong></span> <span class='ocrx_word' id='word_1_448' title='bbox 1482 4423 1636 4460; x_wconf 85' lang='lat' dir='ltr'><strong>suum</strong></span> <span class='ocrx_word' id='word_1_449' title='bbox 1686 4407 1753 4459; x_wconf 78' lang='grc'><strong>⁸⁸.</strong></span> 
     </span>
    </p>
   </div>
   <div class='ocr_carea' id='block_1_62' title="bbox 175 4496 1759 4553">
    <p class='ocr_par' dir='ltr' id='par_1_62' title="bbox 175 4496 1759 4553">
     <span class='ocr_line' id='line_1_62' title="bbox 175 4496 1759 4553; baseline 0 -1"><span class='ocrx_word' id='word_1_450' title='bbox 175 4497 355 4553; x_wconf 68' lang='lat' dir='ltr'><strong>Fat-ea</strong></span> <span class='ocrx_word' id='word_1_451' title='bbox 400 4498 526 4551; x_wconf 85' lang='lat' dir='ltr'><strong>alta</strong></span> <span class='ocrx_word' id='word_1_452' title='bbox 556 4508 633 4550; x_wconf 75' lang='lat' dir='ltr'><strong>est</strong></span> <span class='ocrx_word' id='word_1_453' title='bbox 666 4513 723 4550; x_wconf 75' lang='lat' dir='ltr'><strong>os</strong></span> <span class='ocrx_word' id='word_1_454' title='bbox 757 4497 1000 4552; x_wconf 84' lang='lat' dir='ltr'><strong>malevoli</strong></span> <span class='ocrx_word' id='word_1_455' title='bbox 1031 4499 1098 4552; x_wconf 75' lang='grc'><strong>⁸⁷.</strong></span> <span class='ocrx_word' id='word_1_456' title='bbox 1131 4496 1395 4553; x_wconf 82' lang='lat' dir='ltr'><strong>innocens</strong></span> <span class='ocrx_word' id='word_1_457' title='bbox 1422 4498 1551 4552; x_wconf 92' lang='lat' dir='ltr'><strong>dum</strong></span> <span class='ocrx_word' id='word_1_458' title='bbox 1588 4498 1759 4552; x_wconf 89' lang='lat' dir='ltr'><strong>credit</strong></span> 
     </span>
    </p>
   </div>
   <div class='ocr_carea' id='block_1_63' title="bbox 174 4589 1756 4659">
    <p class='ocr_par' dir='ltr' id='par_1_63' title="bbox 174 4589 1756 4659">
     <span class='ocr_line' id='line_1_63' title="bbox 174 4589 1756 4659; baseline 0 -17"><span class='ocrx_word' id='word_1_459' title='bbox 174 4591 368 4656; x_wconf 85' lang='lat' dir='ltr'><strong>facile,</strong></span> <span class='ocrx_word' id='word_1_460' title='bbox 397 4589 516 4644; x_wconf 88' lang='lat' dir='ltr'><strong>cito</strong></span> <span class='ocrx_word' id='word_1_461' title='bbox 544 4589 764 4643; x_wconf 83' lang='lat' dir='ltr'><strong>labitur.</strong></span> <span class='ocrx_word' id='word_1_462' title='bbox 802 4589 906 4644; x_wconf 91' lang='lat' dir='ltr'><strong>Sed</strong></span> <span class='ocrx_word' id='word_1_463' title='bbox 941 4591 1045 4646; x_wconf 87' lang='lat' dir='ltr'><strong>iste</strong></span> <span class='ocrx_word' id='word_1_464' title='bbox 1071 4591 1288 4659; x_wconf 80' lang='lat' dir='ltr'><strong>lapsus,</strong></span> <span class='ocrx_word' id='word_1_465' title='bbox 1319 4591 1493 4659; x_wconf 83' lang='lat' dir='ltr'><strong>surgit</strong></span> <span class='ocrx_word' id='word_1_466' title='bbox 1521 4607 1534 4655; x_wconf 89' lang='lat'><strong>;</strong></span> <span class='ocrx_word' id='word_1_467' title='bbox 1569 4601 1622 4643; x_wconf 88' lang='lat' dir='ltr'><strong>et</strong></span> <span class='ocrx_word' id='word_1_468' title='bbox 1648 4596 1756 4644; x_wconf 87' lang='lat' dir='ltr'><strong>ter-</strong></span> 
     </span>
    </p>
   </div>
   <div class='ocr_carea' id='block_1_64' title="bbox 170 4681 1754 4752">
    <p class='ocr_par' dir='ltr' id='par_1_64' title="bbox 170 4681 1754 4752">
     <span class='ocr_line' id='line_1_64' title="bbox 170 4681 1754 4752; baseline -0.001 -17"><span class='ocrx_word' id='word_1_469' title='bbox 170 4683 488 4752; x_wconf 76' lang='lat' dir='ltr'><strong>giversator</strong></span> <span class='ocrx_word' id='word_1_470' title='bbox 514 4681 632 4736; x_wconf 87' lang='lat' dir='ltr'><strong>suis</strong></span> <span class='ocrx_word' id='word_1_471' title='bbox 653 4681 862 4736; x_wconf 86' lang='lat' dir='ltr'><strong>artibus</strong></span> <span class='ocrx_word' id='word_1_472' title='bbox 888 4682 1276 4751; x_wconf 59' lang='lat' dir='ltr'><strong>praecipitatur,</strong></span> <span class='ocrx_word' id='word_1_473' title='bbox 1307 4681 1450 4735; x_wconf 89' lang='lat' dir='ltr'><strong>unde</strong></span> <span class='ocrx_word' id='word_1_474' title='bbox 1477 4696 1754 4749; x_wconf 86' lang='lat' dir='ltr'><strong>nunquam</strong></span> 
     </span>
    </p>
   </div>
   <div class='ocr_carea' id='block_1_65' title="bbox 167 4770 1756 4841">
    <p class='ocr_par' dir='ltr' id='par_1_65' title="bbox 167 4770 1756 4841">
     <span class='ocr_line' id='line_1_65' title="bbox 167 4770 1756 4841; baseline 0.001 -17"><span class='ocrx_word' id='word_1_475' title='bbox 167 4772 397 4826; x_wconf 75' lang='lat' dir='ltr'><strong>exsiliat</strong></span> <span class='ocrx_word' id='word_1_476' title='bbox 423 4779 595 4840; x_wconf 87' lang='lat' dir='ltr'><strong>atque</strong></span> <span class='ocrx_word' id='word_1_477' title='bbox 636 4771 847 4825; x_wconf 74' lang='lat' dir='ltr'><strong>evadat.</strong></span> <span class='ocrx_word' id='word_1_478' title='bbox 890 4770 1161 4826; x_wconf 89' lang='lat' dir='ltr'><strong>Ponderet</strong></span> <span class='ocrx_word' id='word_1_479' title='bbox 1205 4785 1334 4841; x_wconf 87' lang='lat' dir='ltr'><strong>ergo</strong></span> <span class='ocrx_word' id='word_1_480' title='bbox 1377 4770 1756 4840; x_wconf 88' lang='lat' dir='ltr'><strong>unusquisque</strong></span> 
     </span>
    </p>
   </div>
   <div class='ocr_carea' id='block_1_66' title="bbox 165 4861 1756 4932">
    <p class='ocr_par' dir='ltr' id='par_1_66' title="bbox 165 4861 1756 4932">
     <span class='ocr_line' id='line_1_66' title="bbox 165 4861 1756 4932; baseline -0.003 -12"><span class='ocrx_word' id='word_1_481' title='bbox 165 4877 467 4921; x_wconf 83' lang='lat' dir='ltr'><strong>sermones</strong></span> <span class='ocrx_word' id='word_1_482' title='bbox 499 4875 666 4927; x_wconf 87' lang='lat' dir='ltr'><strong>suos,</strong></span> <span class='ocrx_word' id='word_1_483' title='bbox 695 4870 748 4915; x_wconf 90' lang='lat' dir='ltr'><strong>et</strong></span> <span class='ocrx_word' id='word_1_484' title='bbox 779 4861 924 4930; x_wconf 91' lang='lat' dir='ltr'><strong>quod</strong></span> <span class='ocrx_word' id='word_1_485' title='bbox 962 4861 1068 4917; x_wconf 87' lang='lat' dir='ltr'><strong>sibi</strong></span> <span class='ocrx_word' id='word_1_486' title='bbox 1100 4862 1247 4932; x_wconf 88' lang='lat' dir='ltr'><strong>loqui</strong></span> <span class='ocrx_word' id='word_1_487' title='bbox 1280 4878 1385 4918; x_wconf 90' lang='lat' dir='ltr'><strong>non</strong></span> <span class='ocrx_word' id='word_1_488' title='bbox 1421 4862 1569 4926; x_wconf 82' lang='lat' dir='ltr'><strong>vult,</strong></span> <span class='ocrx_word' id='word_1_489' title='bbox 1598 4863 1756 4917; x_wconf 88' lang='lat' dir='ltr'><strong>alteri</strong></span> 
     </span>
    </p>
   </div>
   <div class='ocr_carea' id='block_1_67' title="bbox 165 4947 1755 5020">
    <p class='ocr_par' dir='ltr' id='par_1_67' title="bbox 165 4947 1755 5020">
     <span class='ocr_line' id='line_1_67' title="bbox 165 4947 1755 5020; baseline -0.005 -12"><span class='ocrx_word' id='word_1_490' title='bbox 165 4971 284 5009; x_wconf 87' lang='lat' dir='ltr'><strong>non</strong></span> <span class='ocrx_word' id='word_1_491' title='bbox 345 4953 639 5020; x_wconf 89' lang='lat' dir='ltr'><strong>loquatur.</strong></span> <span class='ocrx_word' id='word_1_492' title='bbox 694 4947 848 5003; x_wconf 90' lang='lat' dir='ltr'><strong>Unde</strong></span> <span class='ocrx_word' id='word_1_493' title='bbox 899 4950 1036 5004; x_wconf 90' lang='lat' dir='ltr'><strong>bene</strong></span> <span class='ocrx_word' id='word_1_494' title='bbox 1095 4965 1248 5004; x_wconf 90' lang='lat' dir='ltr'><strong>sacra</strong></span> <span class='ocrx_word' id='word_1_495' title='bbox 1301 4950 1378 5004; x_wconf 88' lang='lat' dir='ltr'><strong>ait</strong></span> <span class='ocrx_word' id='word_1_496' title='bbox 1428 4948 1755 5019; x_wconf 86' lang='lat' dir='ltr'><strong>Scriptura:</strong></span> 
     </span>
    </p>
   </div>
   <div class='ocr_carea' id='block_1_68' title="bbox 165 5038 1758 5112">
    <p class='ocr_par' dir='ltr' id='par_1_68' title="bbox 165 5038 1758 5112">
     <span class='ocr_line' id='line_1_68' title="bbox 165 5038 1758 5112; baseline -0.002 -13"><span class='ocrx_word' id='word_1_497' title='bbox 165 5046 333 5112; x_wconf 71' lang='lat' dir='ltr'><strong>Quod</strong></span> <span class='ocrx_word' id='word_1_498' title='bbox 393 5044 494 5097; x_wconf 87' lang='lat' dir='ltr'><strong>tibi</strong></span> <span class='ocrx_word' id='word_1_499' title='bbox 536 5059 645 5097; x_wconf 83' lang='lat' dir='ltr'><strong>non</strong></span> <span class='ocrx_word' id='word_1_500' title='bbox 689 5043 766 5096; x_wconf 86' lang='lat' dir='ltr'><strong>vis</strong></span> <span class='ocrx_word' id='word_1_501' title='bbox 816 5042 965 5109; x_wconf 75' lang='lat' dir='ltr'><strong>ﬁeri,</strong></span> <span class='ocrx_word' id='word_1_502' title='bbox 1011 5042 1168 5096; x_wconf 88' lang='lat' dir='ltr'><strong>alteri</strong></span> <span class='ocrx_word' id='word_1_503' title='bbox 1213 5059 1276 5098; x_wconf 86' lang='lat' dir='ltr'><strong>ne</strong></span> <span class='ocrx_word' id='word_1_504' title='bbox 1318 5042 1487 5110; x_wconf 80' lang='lat' dir='ltr'><strong>facias</strong></span> <span class='ocrx_word' id='word_1_505' title='bbox 1535 5041 1602 5096; x_wconf 76' lang='grc'><strong>⁸⁸.</strong></span> <span class='ocrx_word' id='word_1_506' title='bbox 1649 5038 1758 5096; x_wconf 84' lang='lat' dir='ltr'><strong>Nos</strong></span> 
     </span>
    </p>
   </div>
   <div class='ocr_carea' id='block_1_69' title="bbox 234 5261 1559 5326">
    <p class='ocr_par' dir='ltr' id='par_1_69' title="bbox 234 5261 1559 5326">
     <span class='ocr_line' id='line_1_69' title="bbox 234 5261 1559 5326; baseline -0.005 -6"><span class='ocrx_word' id='word_1_507' title='bbox 234 5269 284 5300; x_wconf 81' lang='grc'><strong>⁵⁷</strong></span> <span class='ocrx_word' id='word_1_508' title='bbox 341 5267 404 5320; x_wconf 87' lang='lat' dir='ltr'><strong>S.</strong></span> <span class='ocrx_word' id='word_1_509' title='bbox 451 5263 583 5319; x_wconf 83' lang='lat' dir='ltr'><strong>Isid.</strong></span> <span class='ocrx_word' id='word_1_510' title='bbox 629 5279 714 5326; x_wconf 87' lang='grc' dir='ltr'><strong>ιιι,</strong></span> <span class='ocrx_word' id='word_1_511' title='bbox 743 5261 892 5318; x_wconf 91' lang='lat' dir='ltr'><strong>Sent.</strong></span> <span class='ocrx_word' id='word_1_512' title='bbox 921 5263 1014 5318; x_wconf 77' lang='grc'><strong>46.</strong></span> <span class='ocrx_word' id='word_1_513' title='bbox 1089 5263 1134 5295; x_wconf 80' lang='grc'><strong>⁵⁸</strong></span> <span class='ocrx_word' id='word_1_514' title='bbox 1175 5261 1305 5317; x_wconf 83' lang='lat' dir='ltr'><strong>Adr.</strong></span> <span class='ocrx_word' id='word_1_515' title='bbox 1355 5263 1462 5317; x_wconf 91' lang='lat' dir='ltr'><strong>col.</strong></span> <span class='ocrx_word' id='word_1_516' title='bbox 1507 5261 1559 5314; x_wconf 78' lang='grc'><strong>4.</strong></span> 
     </span>
    </p>
   </div>
   <div class='ocr_carea' id='block_1_70' title="bbox 155 5332 1090 5407">
    <p class='ocr_par' dir='ltr' id='par_1_70' title="bbox 155 5332 1090 5407">
     <span class='ocr_line' id='line_1_70' title="bbox 155 5332 1090 5407; baseline -0.001 -18"><span class='ocrx_word' id='word_1_517' title='bbox 155 5354 290 5407; x_wconf 67' lang='lat' dir='ltr'><strong>cap.</strong></span> <span class='ocrx_word' id='word_1_518' title='bbox 366 5335 455 5390; x_wconf 78' lang='lat'><strong>96.</strong></span> <span class='ocrx_word' id='word_1_519' title='bbox 504 5333 688 5389; x_wconf 82' lang='lat' dir='ltr'><strong>Adr.l</strong></span> <span class='ocrx_word' id='word_1_520' title='bbox 738 5334 902 5407; x_wconf 84' lang='lat' dir='ltr'><strong>col._5</strong></span> <span class='ocrx_word' id='word_1_521' title='bbox 927 5332 1090 5407; x_wconf 72' lang='lat' dir='ltr'><strong>et15_.</strong></span> 
     </span>
    </p>
   </div>
   <div class='ocr_carea' id='block_1_71' title="bbox 159 5485 563 5533">
    <p class='ocr_par' dir='ltr' id='par_1_71' title="bbox 159 5485 563 5533">
     <span class='ocr_line' id='line_1_71' title="bbox 159 5485 563 5533; baseline -0.012 0"><span class='ocrx_word' id='word_1_522' title='bbox 159 5485 563 5533; x_wconf 79' lang='lat' dir='ltr'><strong>accusatores.</strong></span> 
     </span>
    </p>
   </div>
   <div class='ocr_carea' id='block_1_72' title="bbox 157 5540 1584 5614">
    <p class='ocr_par' dir='ltr' id='par_1_72' title="bbox 157 5540 1584 5614">
     <span class='ocr_line' id='line_1_72' title="bbox 157 5540 1584 5614; baseline -0.006 -11"><span class='ocrx_word' id='word_1_523' title='bbox 157 5549 206 5580; x_wconf 77' lang='lat'><strong><em>“</em></strong></span> <span class='ocrx_word' id='word_1_524' title='bbox 252 5547 322 5602; x_wconf 87' lang='lat' dir='ltr'><strong>S.</strong></span> <span class='ocrx_word' id='word_1_525' title='bbox 387 5545 580 5599; x_wconf 80' lang='lat' dir='ltr'><strong>Ambr.</strong></span> <span class='ocrx_word' id='word_1_526' title='bbox 607 5560 698 5614; x_wconf 90' lang='lat' dir='ltr'><strong>ep.</strong></span> <span class='ocrx_word' id='word_1_527' title='bbox 731 5543 828 5608; x_wconf 64' lang='grc' dir='ltr'><strong>Η,</strong></span> <span class='ocrx_word' id='word_1_528' title='bbox 859 5558 1022 5613; x_wconf 90' lang='lat' dir='ltr'><strong>quam</strong></span> <span class='ocrx_word' id='word_1_529' title='bbox 1057 5540 1346 5614; x_wconf 65' lang='lat' dir='ltr'><strong>legendam:</strong></span> <span class='ocrx_word' id='word_1_530' title='bbox 1371 5540 1584 5595; x_wconf 84' lang='lat' dir='ltr'><strong>moneo.</strong></span> 
     </span>
    </p>
   </div>
   <div class='ocr_carea' id='block_1_73' title="bbox 153 5614 874 5756">
    <p class='ocr_par' dir='ltr' id='par_1_73' title="bbox 153 5614 874 5756">
     <span class='ocr_line' id='line_1_73' title="bbox 153 5614 841 5684; baseline -0.003 -16"><span class='ocrx_word' id='word_1_531' title='bbox 153 5635 248 5684; x_wconf 76' lang='grc' dir='ltr'><strong>ιν,</strong></span> <span class='ocrx_word' id='word_1_532' title='bbox 290 5614 392 5670; x_wconf 78' lang='grc'><strong>16.</strong></span> <span class='ocrx_word' id='word_1_533' title='bbox 471 5616 516 5647; x_wconf 78' lang='grc'><strong><em>⁸⁸</em></strong></span> <span class='ocrx_word' id='word_1_534' title='bbox 553 5614 612 5669; x_wconf 90' lang='lat' dir='ltr'><strong>S.</strong></span> <span class='ocrx_word' id='word_1_535' title='bbox 647 5615 841 5668; x_wconf 81' lang='lat' dir='ltr'><strong>Ambr.</strong></span> 
     </span>
     <span class='ocr_line' id='line_1_74' title="bbox 155 5683 874 5756; baseline -0.006 -15"><span class='ocrx_word' id='word_1_536' title='bbox 155 5698 325 5756; x_wconf 74' lang='lat' dir='ltr'><strong>gust.</strong></span> <span class='ocrx_word' id='word_1_537' title='bbox 357 5701 441 5755; x_wconf 87' lang='lat' dir='ltr'><strong>ep.</strong></span> <span class='ocrx_word' id='word_1_538' title='bbox 485 5685 555 5738; x_wconf 82' lang='lat'><strong>50</strong></span> <span class='ocrx_word' id='word_1_539' title='bbox 585 5684 655 5739; x_wconf 92' lang='lat' dir='ltr'><strong>de</strong></span> <span class='ocrx_word' id='word_1_540' title='bbox 673 5683 874 5756; x_wconf 70' lang='lat' dir='ltr'><strong>iisdem</strong></span> 
     </span>
    </p>
   </div>
   <div class='ocr_carea' id='block_1_74' title="bbox 152 5752 1240 5828">
    <p class='ocr_par' dir='ltr' id='par_1_74' title="bbox 152 5752 1240 5828">
     <span class='ocr_line' id='line_1_75' title="bbox 152 5752 1240 5828; baseline -0.007 -15"><span class='ocrx_word' id='word_1_541' title='bbox 152 5752 412 5828; x_wconf 53' lang='lat' dir='ltr'><strong>August.</strong></span> <span class='ocrx_word' id='word_1_542' title='bbox 449 5755 581 5810; x_wconf 88' lang='lat' dir='ltr'><strong>ibid.</strong></span> <span class='ocrx_word' id='word_1_543' title='bbox 660 5754 708 5828; x_wconf 60' lang='grc' dir='ltr'><strong>’ξ</strong></span> <span class='ocrx_word' id='word_1_544' title='bbox 732 5752 1120 5828; x_wconf 36' lang='grc' dir='ltr'><strong>ΔΜίιιιξιζιιγιιι,</strong></span> <span class='ocrx_word' id='word_1_545' title='bbox 1155 5753 1240 5828; x_wconf 61' lang='lat' dir='ltr'><strong>t8.</strong></span> 
     </span>
    </p>
   </div>
   <div class='ocr_carea' id='block_1_75' title="bbox 157 5820 1262 5898">
    <p class='ocr_par' dir='ltr' id='par_1_75' title="bbox 157 5820 1262 5898">
     <span class='ocr_line' id='line_1_76' title="bbox 157 5820 1262 5898; baseline -0.008 -12"><span class='ocrx_word' id='word_1_546' title='bbox 157 5820 288 5898; x_wconf 56' lang='grc' dir='ltr'><strong>δὶς</strong></span> <span class='ocrx_word' id='word_1_547' title='bbox 352 5837 406 5882; x_wconf 82' lang='lat' dir='ltr'><strong>et</strong></span> <span class='ocrx_word' id='word_1_548' title='bbox 438 5841 652 5893; x_wconf 61' lang='grc' dir='ltr'><strong>χχχιιι,</strong></span> <span class='ocrx_word' id='word_1_549' title='bbox 687 5823 775 5878; x_wconf 77' lang='lat' dir='ltr'><strong>li.</strong></span> <span class='ocrx_word' id='word_1_550' title='bbox 851 5823 895 5856; x_wconf 84' lang='grc'><strong>⁸⁰</strong></span> <span class='ocrx_word' id='word_1_551' title='bbox 927 5822 1073 5878; x_wconf 88' lang='lat' dir='ltr'><strong>Psal.</strong></span> <span class='ocrx_word' id='word_1_552' title='bbox 1103 5820 1262 5887; x_wconf 39' lang='lat' dir='ltr'><strong>10H.</strong></span> 
     </span>
    </p>
   </div>
   <div class='ocr_carea' id='block_1_76' title="bbox 949 5679 1480 5738">
    <p class='ocr_par' dir='ltr' id='par_1_76' title="bbox 949 5679 1480 5738">
     <span class='ocr_line' id='line_1_77' title="bbox 949 5679 1480 5738; baseline -0.008 0"><span class='ocrx_word' id='word_1_553' title='bbox 949 5684 1104 5738; x_wconf 82' lang='lat' dir='ltr'><strong>avide</strong></span> <span class='ocrx_word' id='word_1_554' title='bbox 1125 5692 1179 5738; x_wconf 91' lang='lat' dir='ltr'><strong>et</strong></span> <span class='ocrx_word' id='word_1_555' title='bbox 1212 5682 1269 5737; x_wconf 90' lang='lat' dir='ltr'><strong>S.</strong></span> <span class='ocrx_word' id='word_1_556' title='bbox 1301 5679 1480 5735; x_wconf 82' lang='lat' dir='ltr'><strong>Petro.</strong></span> 
     </span>
    </p>
   </div>
   <div class='ocr_carea' id='block_1_77' title="bbox 1341 5819 1666 5875">
    <p class='ocr_par' dir='ltr' id='par_1_77' title="bbox 1341 5819 1666 5875">
     <span class='ocr_line' id='line_1_78' title="bbox 1341 5819 1666 5875; baseline -0.009 0"><span class='ocrx_word' id='word_1_557' title='bbox 1341 5822 1384 5853; x_wconf 73' lang='grc' dir='ltr'>θί</span> <span class='ocrx_word' id='word_1_558' title='bbox 1416 5820 1546 5875; x_wconf 73' lang='lat' dir='ltr'><strong>Ibid.</strong></span> <span class='ocrx_word' id='word_1_559' title='bbox 1584 5819 1666 5872; x_wconf 75' lang='grc'><strong>15.</strong></span> 
     </span>
    </p>
   </div>
   <div class='ocr_carea' id='block_1_78' title="bbox 1639 5258 1793 5323">
    <p class='ocr_par' dir='ltr' id='par_1_78' title="bbox 1639 5258 1793 5323">
     <span class='ocr_line' id='line_1_79' title="bbox 1639 5258 1793 5323; baseline 0 -33"><span class='ocrx_word' id='word_1_560' title='bbox 1639 5260 1704 5290; x_wconf 76' lang='lat'><strong>58&#39;</strong></span> <span class='ocrx_word' id='word_1_561' title='bbox 1729 5258 1793 5323; x_wconf 61' lang='lat'><strong>2,</strong></span> 
     </span>
    </p>
   </div>
   <div class='ocr_carea' id='block_1_79' title="bbox 1781 3190 1823 3246">
    <p class='ocr_par' dir='ltr' id='par_1_79' title="bbox 1781 3190 1823 3246">
     <span class='ocr_line' id='line_1_80' title="bbox 1781 3190 1823 3246; baseline 0 0"><span class='ocrx_word' id='word_1_562' title='bbox 1781 3190 1823 3246; x_wconf 88' lang='lat' dir='ltr'>C</span> 
     </span>
    </p>
   </div>
   <div class='ocr_carea' id='block_1_80' title="bbox 1789 4538 1833 4592">
    <p class='ocr_par' dir='ltr' id='par_1_80' title="bbox 1789 4538 1833 4592">
     <span class='ocr_line' id='line_1_81' title="bbox 1789 4538 1833 4592; baseline 0 0"><span class='ocrx_word' id='word_1_563' title='bbox 1789 4538 1833 4592; x_wconf 93' lang='lat' dir='ltr'><strong>D</strong></span> 
     </span>
    </p>
   </div>
   <div class='ocr_carea' id='block_1_81' title="bbox 1185 5329 2138 5406">
    <p class='ocr_par' dir='ltr' id='par_1_81' title="bbox 1185 5329 2138 5406">
     <span class='ocr_line' id='line_1_82' title="bbox 1185 5329 2138 5406; baseline -0.009 -19"><span class='ocrx_word' id='word_1_564' title='bbox 1185 5334 1229 5365; x_wconf 66' lang='grc'><strong>³³</strong></span> <span class='ocrx_word' id='word_1_565' title='bbox 1255 5333 1323 5406; x_wconf 62' lang='grc'><strong>2,</strong></span> <span class='ocrx_word' id='word_1_566' title='bbox 1349 5348 1404 5402; x_wconf 93' lang='lat' dir='ltr'><strong>q.</strong></span> <span class='ocrx_word' id='word_1_567' title='bbox 1498 5330 1959 5406; x_wconf 53' lang='lat' dir='ltr'><strong>:Accusatorum.</strong></span> <span class='ocrx_word' id='word_1_568' title='bbox 2037 5329 2082 5406; x_wconf 62' lang='lat' dir='ltr'><strong>f&quot;</strong></span> 
     </span>
    </p>
   </div>
   <div class='ocr_carea' id='block_1_82' title="bbox 160 5395 3422 5484">
    <p class='ocr_par' dir='ltr' id='par_1_82' title="bbox 160 5395 3422 5484">
     <span class='ocr_line' id='line_1_83' title="bbox 160 5395 3422 5484; baseline -0.003 -24"><span class='ocrx_word' id='word_1_569' title='bbox 160 5395 377 5463; x_wconf 62' lang='lat' dir='ltr'><strong>Testes</strong></span> <span class='ocrx_word' id='word_1_570' title='bbox 408 5420 507 5474; x_wconf 90' lang='lat' dir='ltr'><strong>per</strong></span> <span class='ocrx_word' id='word_1_571' title='bbox 527 5419 690 5476; x_wconf 90' lang='lat' dir='ltr'><strong>quas.</strong></span> <span class='ocrx_word' id='word_1_572' title='bbox 743 5404 1086 5484; x_wconf 53' lang='lat' dir='ltr'><strong>‘1vide_cod.</strong></span> <span class='ocrx_word' id='word_1_573' title='bbox 1119 5395 1411 5484; x_wconf 38' lang='lat' dir='ltr'><strong>TbeodL&#39;ét</strong></span> <span class='ocrx_word' id='word_1_574' title='bbox 1439 5400 1708 5484; x_wconf 41' lang='lat' dir='ltr'><strong>Aniaﬁnum</strong></span> <span class='ocrx_word' id='word_1_575' title='bbox 1741 5398 1988 5484; x_wconf 72' lang='lat' dir='ltr'><strong>aliosque</strong></span> <span class='ocrx_word' id='word_1_576' title='bbox 2031 5395 2564 5484; x_wconf 27' lang='lat' dir='ltr'><strong>iurisconsultoshh</strong></span> <span class='ocrx_word' id='word_1_577' title='bbox 2584 5395 2673 5484; x_wconf 39' lang='grc' dir='ltr'><em>,εἶτα</em></span> <span class='ocrx_word' id='word_1_578' title='bbox 2696 5395 3005 5484; x_wconf 31' lang='lat' dir='ltr'><strong>2:11;?ng</strong></span> <span class='ocrx_word' id='word_1_579' title='bbox 3041 5395 3422 5484; x_wconf 45' lang='lat'><strong>(13333183335</strong></span> 
     </span>
    </p>
   </div>
   <div class='ocr_carea' id='block_1_83' title="bbox 765 5459 3442 5591">
    <p class='ocr_par' dir='ltr' id='par_1_83' title="bbox 765 5459 3442 5591">
     <span class='ocr_line' id='line_1_84' title="bbox 765 5459 3442 5541; baseline -0.008 -13"><span class='ocrx_word' id='word_1_580' title='bbox 765 5473 809 5504; x_wconf 73' lang='lat'><strong>“</strong></span> <span class='ocrx_word' id='word_1_581' title='bbox 864 5459 1086 5528; x_wconf 82' lang='lat' dir='ltr'><strong>Anian:</strong></span> <span class='ocrx_word' id='word_1_582' title='bbox 1133 5471 1390 5528; x_wconf 83' lang='lat' dir='ltr'><strong>Veritatis</strong></span> <span class='ocrx_word' id='word_1_583' title='bbox 1463 5459 2358 5541; x_wconf 48' lang='lat' dir='ltr'><strong>professionem)&quot;propinquitatis</strong></span> <span class='ocrx_word' id='word_1_584' title='bbox 2445 5460 2659 5516; x_wconf 85' lang='lat' dir='ltr'><strong>aﬁ‘ectio</strong></span> <span class='ocrx_word' id='word_1_585' title='bbox 2743 5459 3007 5540; x_wconf 81' lang='lat' dir='ltr'><strong>impedire</strong></span> <span class='ocrx_word' id='word_1_586' title='bbox 3071 5459 3442 5525; x_wconf 84' lang='lat' dir='ltr'><strong>cognoscitur.</strong></span> 
     </span>
     <span class='ocr_line' id='line_1_85' title="bbox 765 5521 3442 5591; baseline -0.005 -4"><span class='ocrx_word' id='word_1_587' title='bbox 765 5543 827 5591; x_wconf 73' lang='lat' dir='ltr'><strong>.L</strong></span> <span class='ocrx_word' id='word_1_588' title='bbox 859 5558 1022 5591; x_wconf 73' lang='lat' dir='ltr'><strong>mnam</strong></span> <span class='ocrx_word' id='word_1_589' title='bbox 1057 5540 1346 5591; x_wconf 65' lang='lat' dir='ltr'><strong>legendam:</strong></span> <span class='ocrx_word' id='word_1_590' title='bbox 1371 5556 1584 5591; x_wconf 87' lang='lat' dir='ltr'><strong>moneo.</strong></span> <span class='ocrx_word' id='word_1_591' title='bbox 1663 5538 1706 5570; x_wconf 80' lang='grc'><strong>⁸⁸</strong></span> <span class='ocrx_word' id='word_1_592' title='bbox 1742 5537 1885 5591; x_wconf 81' lang='lat' dir='ltr'><strong>Psal.</strong></span> <span class='ocrx_word' id='word_1_593' title='bbox 1915 5553 2049 5590; x_wconf 69' lang='grc' dir='ltr'><strong>χχιιι</strong></span> <span class='ocrx_word' id='word_1_594' title='bbox 2076 5577 2091 5591; x_wconf 93' lang='grc'><strong>.</strong></span> <span class='ocrx_word' id='word_1_595' title='bbox 2124 5535 2177 5590; x_wconf 72' lang='grc'><strong>4.</strong></span> <span class='ocrx_word' id='word_1_596' title='bbox 2286 5536 2328 5566; x_wconf 75' lang='grc'><strong>⁸⁷</strong></span> <span class='ocrx_word' id='word_1_597' title='bbox 2372 5533 2532 5586; x_wconf 83' lang='lat' dir='ltr'><strong>Prov.</strong></span> <span class='ocrx_word' id='word_1_598' title='bbox 2590 5545 2738 5591; x_wconf 72' lang='lat' dir='ltr'><strong>XXVI,</strong></span> <span class='ocrx_word' id='word_1_599' title='bbox 2793 5536 2950 5591; x_wconf 76' lang='lat' dir='ltr'><strong>juxta</strong></span> <span class='ocrx_word' id='word_1_600' title='bbox 2980 5523 3142 5579; x_wconf 78' lang='lat' dir='ltr'><strong>LXX.</strong></span> <span class='ocrx_word' id='word_1_601' title='bbox 3223 5523 3268 5591; x_wconf 62' lang='lat' dir='ltr'><strong>°f</strong></span> <span class='ocrx_word' id='word_1_602' title='bbox 3309 5521 3442 5577; x_wconf 84' lang='lat' dir='ltr'><strong>Tol).</strong></span> 
     </span>
    </p>
   </div>
   <div class='ocr_carea' id='block_1_84' title="bbox 1871 5575 2177 5599">
    <p class='ocr_par' dir='ltr' id='par_1_84' title="bbox 1871 5575 2177 5599">
     <span class='ocr_line' id='line_1_86' title="bbox 1871 5575 2177 5599; baseline -0.007 -7"><span class='ocrx_word' id='word_1_603' title='bbox 1871 5576 1885 5592; x_wconf 78' lang='grc' dir='ltr'><strong><em>ο</em></strong></span> <span class='ocrx_word' id='word_1_604' title='bbox 1915 5575 2048 5590; x_wconf 62' lang='grc' dir='ltr'><strong>ΑιὶΙΙΙ</strong></span> <span class='ocrx_word' id='word_1_605' title='bbox 2076 5577 2091 5599; x_wconf 66' lang='grc' dir='ltr'><strong>ς</strong></span> <span class='ocrx_word' id='word_1_606' title='bbox 2124 5575 2177 5590; x_wconf 71' lang='grc'><strong>’1⁷0</strong></span> 
     </span>
    </p>
   </div>
   <div class='ocr_carea' id='block_1_85' title="bbox 471 5604 1751 5732">
    <p class='ocr_par' dir='ltr' id='par_1_85' title="bbox 471 5604 1751 5732">
     <span class='ocr_line' id='line_1_87' title="bbox 471 5604 1751 5732; baseline -0.008 -62"><span class='ocrx_word' id='word_1_607' title='bbox 471 5616 516 5647; x_wconf 79' lang='grc'><strong><em>⁸⁸</em></strong></span> <span class='ocrx_word' id='word_1_608' title='bbox 553 5614 612 5669; x_wconf 89' lang='lat' dir='ltr'><strong>S.</strong></span> <span class='ocrx_word' id='word_1_609' title='bbox 644 5604 841 5668; x_wconf 57' lang='lat' dir='ltr'><strong>&#39;Ambr.</strong></span> <span class='ocrx_word' id='word_1_610' title='bbox 874 5604 1218 5732; x_wconf 49' lang='lat' dir='ltr'><strong>egistolavbii.</strong></span> <span class='ocrx_word' id='word_1_611' title='bbox 1295 5611 1341 5642; x_wconf 74' lang='grc'><strong>⁷⁸</strong></span> <span class='ocrx_word' id='word_1_612' title='bbox 1369 5619 1646 5681; x_wconf 88' lang='lat' dir='ltr'><strong>portemus</strong></span> <span class='ocrx_word' id='word_1_613' title='bbox 1670 5624 1751 5692; x_wconf 71' lang='lat' dir='ltr'><strong>eui</strong></span> 
     </span>
     <span class='ocr_line' id='line_1_88' title="bbox 485 5678 1751 5732; baseline -0.002 0"><span class='ocrx_word' id='word_1_614' title='bbox 485 5685 555 5732; x_wconf 70' lang='lat'><strong>50</strong></span> <span class='ocrx_word' id='word_1_615' title='bbox 585 5684 655 5732; x_wconf 81' lang='lat' dir='ltr'><strong>de</strong></span> <span class='ocrx_word' id='word_1_616' title='bbox 687 5683 874 5732; x_wconf 77' lang='lat' dir='ltr'><strong>iisdem</strong></span> <span class='ocrx_word' id='word_1_617' title='bbox 949 5684 1104 5732; x_wconf 81' lang='lat' dir='ltr'><strong>avide</strong></span> <span class='ocrx_word' id='word_1_618' title='bbox 1125 5692 1179 5732; x_wconf 83' lang='lat' dir='ltr'><strong>et</strong></span> <span class='ocrx_word' id='word_1_619' title='bbox 1212 5682 1269 5732; x_wconf 90' lang='lat' dir='ltr'><strong>S.</strong></span> <span class='ocrx_word' id='word_1_620' title='bbox 1301 5679 1480 5732; x_wconf 86' lang='lat' dir='ltr'><strong>Petro.</strong></span> <span class='ocrx_word' id='word_1_621' title='bbox 1585 5681 1630 5710; x_wconf 86' lang='grc'><strong>⁷³</strong></span> <span class='ocrx_word' id='word_1_622' title='bbox 1665 5678 1751 5731; x_wconf 70' lang='lat' dir='ltr'><strong>bzt</strong></span> 
     </span>
    </p>
   </div>
   <div class='ocr_carea' id='block_1_86' title="bbox 1856 5604 2343 5732">
    <p class='ocr_par' dir='ltr' id='par_1_86' title="bbox 1856 5604 2343 5732">
     <span class='ocr_line' id='line_1_89' title="bbox 1861 5604 2343 5663; baseline -0.012 0"><span class='ocrx_word' id='word_1_623' title='bbox 1861 5617 1914 5663; x_wconf 85' lang='lat' dir='ltr'><strong>et</strong></span> <span class='ocrx_word' id='word_1_624' title='bbox 1945 5608 2011 5660; x_wconf 91' lang='lat' dir='ltr'><strong>fr.</strong></span> <span class='ocrx_word' id='word_1_625' title='bbox 2045 5623 2094 5661; x_wconf 91' lang='lat' dir='ltr'><strong>c.</strong></span> <span class='ocrx_word' id='word_1_626' title='bbox 2128 5604 2343 5661; x_wconf 73' lang='lat' dir='ltr'><strong>aﬁ‘ectu.</strong></span> 
     </span>
     <span class='ocr_line' id='line_1_90' title="bbox 1856 5674 2343 5732; baseline -0.002 -3"><span class='ocrx_word' id='word_1_627' title='bbox 1856 5717 1863 5729; x_wconf 80' lang='lat'><strong>.</strong></span> <span class='ocrx_word' id='word_1_628' title='bbox 1917 5693 2048 5730; x_wconf 81' lang='lat' dir='ltr'><strong>xvm</strong></span> <span class='ocrx_word' id='word_1_629' title='bbox 2073 5716 2088 5732; x_wconf 91' lang='lat'><strong>.</strong></span> <span class='ocrx_word' id='word_1_630' title='bbox 2140 5674 2240 5732; x_wconf 74' lang='grc'><strong>21.</strong></span> <span class='ocrx_word' id='word_1_631' title='bbox 2272 5675 2343 5728; x_wconf 69' lang='grc'>22</span> 
     </span>
    </p>
   </div>
   <div class='ocr_carea' id='block_1_87' title="bbox 1712 5691 2363 5742">
    <p class='ocr_par' dir='ltr' id='par_1_87' title="bbox 1712 5691 2363 5742">
     <span class='ocr_line' id='line_1_91' title="bbox 1712 5691 2363 5742; baseline -0.002 -11"><span class='ocrx_word' id='word_1_632' title='bbox 1712 5691 1863 5732; x_wconf 76' lang='lat' dir='ltr'><strong>zecn,</strong></span> <span class='ocrx_word' id='word_1_633' title='bbox 1917 5693 2088 5742; x_wconf 81' lang='lat' dir='ltr'><strong>xvm,</strong></span> <span class='ocrx_word' id='word_1_634' title='bbox 2140 5691 2240 5742; x_wconf 60' lang='grc' dir='ltr'><strong>τι,</strong></span> <span class='ocrx_word' id='word_1_635' title='bbox 2272 5691 2363 5730; x_wconf 76' lang='lat'><strong>‘22.</strong></span> 
     </span>
    </p>
   </div>
   <div class='ocr_carea' id='block_1_88' title="bbox 1343 5747 2193 5818">
    <p class='ocr_par' dir='ltr' id='par_1_88' title="bbox 1343 5747 2193 5818">
     <span class='ocr_line' id='line_1_92' title="bbox 1343 5747 2193 5818; baseline -0.005 -13"><span class='ocrx_word' id='word_1_636' title='bbox 1343 5751 1385 5783; x_wconf 86' lang='grc'><strong>⁷⁷</strong></span> <span class='ocrx_word' id='word_1_637' title='bbox 1425 5751 1481 5804; x_wconf 90' lang='lat' dir='ltr'><strong>S.</strong></span> <span class='ocrx_word' id='word_1_638' title='bbox 1511 5749 1669 5816; x_wconf 79' lang='lat' dir='ltr'><strong>Greg.</strong></span> <span class='ocrx_word' id='word_1_639' title='bbox 1704 5764 1789 5818; x_wconf 91' lang='lat' dir='ltr'><strong>ep.</strong></span> <span class='ocrx_word' id='word_1_640' title='bbox 1818 5747 1886 5802; x_wconf 74' lang='grc'><strong>54</strong></span> <span class='ocrx_word' id='word_1_641' title='bbox 1919 5747 2041 5802; x_wconf 89' lang='lat' dir='ltr'><strong>libri</strong></span> <span class='ocrx_word' id='word_1_642' title='bbox 2077 5761 2193 5801; x_wconf 84' lang='lat' dir='ltr'><strong>vui.</strong></span> 
     </span>
    </p>
   </div>
   <div class='ocr_carea' id='block_1_89' title="bbox 1850 1947 3426 2017">
    <p class='ocr_par' dir='ltr' id='par_1_89' title="bbox 1850 1947 3426 2017">
     <span class='ocr_line' id='line_1_93' title="bbox 1850 1947 3426 2017; baseline 0.001 -17"><span class='ocrx_word' id='word_1_643' title='bbox 1850 1947 2077 2012; x_wconf 86' lang='lat' dir='ltr'><strong>muerit,</strong></span> <span class='ocrx_word' id='word_1_644' title='bbox 2113 1948 2352 2000; x_wconf 83' lang='lat' dir='ltr'><strong>omnium</strong></span> <span class='ocrx_word' id='word_1_645' title='bbox 2391 1947 2737 2017; x_wconf 84' lang='lat' dir='ltr'><strong>iuiquitatum</strong></span> <span class='ocrx_word' id='word_1_646' title='bbox 2778 1948 2924 2000; x_wconf 83' lang='lat' dir='ltr'><strong>illius</strong></span> <span class='ocrx_word' id='word_1_647' title='bbox 2964 1965 3069 2001; x_wconf 83' lang='lat' dir='ltr'><strong>non</strong></span> <span class='ocrx_word' id='word_1_648' title='bbox 3105 1948 3426 2003; x_wconf 86' lang='lat' dir='ltr'><strong>recordabar</strong></span> 
     </span>
    </p>
   </div>
   <div class='ocr_carea' id='block_1_90' title="bbox 1851 2037 2182 2106">
    <p class='ocr_par' dir='ltr' id='par_1_90' title="bbox 1851 2037 2182 2106">
     <span class='ocr_line' id='line_1_94' title="bbox 1851 2037 2182 2106; baseline 0.006 -16"><span class='ocrx_word' id='word_1_649' title='bbox 1851 2037 2083 2106; x_wconf 82' lang='lat' dir='ltr'><strong>amplius</strong></span> <span class='ocrx_word' id='word_1_650' title='bbox 2114 2037 2182 2092; x_wconf 86' lang='grc'><strong>⁷³.</strong></span> 
     </span>
    </p>
   </div>
   <div class='ocr_carea' id='block_1_91' title="bbox 2593 2126 2679 2182">
    <p class='ocr_par' dir='ltr' id='par_1_91' title="bbox 2593 2126 2679 2182">
     <span class='ocr_line' id='line_1_95' title="bbox 2593 2126 2679 2182; baseline 0.047 -4"><span class='ocrx_word' id='word_1_651' title='bbox 2593 2126 2679 2182; x_wconf 84' lang='lat' dir='ltr'><strong>Vl.</strong></span> 
     </span>
    </p>
   </div>
   <div class='ocr_carea' id='block_1_92' title="bbox 1993 2220 3250 2290">
    <p class='ocr_par' dir='ltr' id='par_1_92' title="bbox 1993 2220 3250 2290">
     <span class='ocr_line' id='line_1_96' title="bbox 1993 2220 3250 2290; baseline 0.001 -16"><span class='ocrx_word' id='word_1_652' title='bbox 1993 2220 2050 2274; x_wconf 88' lang='lat' dir='ltr'><strong>Si</strong></span> <span class='ocrx_word' id='word_1_653' title='bbox 2077 2223 2242 2290; x_wconf 82' lang='lat' dir='ltr'><strong>possit</strong></span> <span class='ocrx_word' id='word_1_654' title='bbox 2273 2221 2518 2274; x_wconf 72' lang='lat' dir='ltr'><strong>sacerdos</strong></span> <span class='ocrx_word' id='word_1_655' title='bbox 2539 2231 2654 2290; x_wconf 87' lang='lat' dir='ltr'><strong>post</strong></span> <span class='ocrx_word' id='word_1_656' title='bbox 2682 2221 2887 2288; x_wconf 80' lang='lat' dir='ltr'><strong>lapsum</strong></span> <span class='ocrx_word' id='word_1_657' title='bbox 2922 2223 3250 2275; x_wconf 83' lang='lat' dir='ltr'><strong>ministrare.</strong></span> 
     </span>
    </p>
   </div>
   <div class='ocr_carea' id='block_1_93' title="bbox 1923 2332 3428 2404">
    <p class='ocr_par' dir='ltr' id='par_1_93' title="bbox 1923 2332 3428 2404">
     <span class='ocr_line' id='line_1_97' title="bbox 1923 2332 3428 2404; baseline 0.003 -20"><span class='ocrx_word' id='word_1_658' title='bbox 1923 2332 2117 2387; x_wconf 87' lang='lat' dir='ltr'><strong>Errant</strong></span> <span class='ocrx_word' id='word_1_659' title='bbox 2163 2333 2308 2386; x_wconf 90' lang='lat' dir='ltr'><strong>enim</strong></span> <span class='ocrx_word' id='word_1_660' title='bbox 2337 2333 2402 2396; x_wconf 69' lang='grc'><strong>⁷⁸,</strong></span> <span class='ocrx_word' id='word_1_661' title='bbox 2461 2334 2554 2404; x_wconf 90' lang='lat' dir='ltr'><strong>qui</strong></span> <span class='ocrx_word' id='word_1_662' title='bbox 2610 2343 2804 2403; x_wconf 89' lang='lat' dir='ltr'><strong>putant</strong></span> <span class='ocrx_word' id='word_1_663' title='bbox 2852 2333 3064 2388; x_wconf 88' lang='lat' dir='ltr'><strong>Domini</strong></span> <span class='ocrx_word' id='word_1_664' title='bbox 3116 2335 3428 2390; x_wconf 87' lang='lat' dir='ltr'><strong>sacerdotes</strong></span> 
     </span>
    </p>
   </div>
   <div class='ocr_carea' id='block_1_94' title="bbox 1851 2421 3423 2499">
    <p class='ocr_par' dir='ltr' id='par_1_94' title="bbox 1851 2421 3423 2499">
     <span class='ocr_line' id='line_1_98' title="bbox 1851 2421 3423 2499; baseline 0.003 -25"><span class='ocrx_word' id='word_1_665' title='bbox 1851 2429 1975 2489; x_wconf 90' lang='lat' dir='ltr'><strong>post</strong></span> <span class='ocrx_word' id='word_1_666' title='bbox 2007 2421 2255 2491; x_wconf 90' lang='lat' dir='ltr'><strong>lapsum,</strong></span> <span class='ocrx_word' id='word_1_667' title='bbox 2305 2425 2350 2478; x_wconf 89' lang='lat' dir='ltr'><strong>si</strong></span> <span class='ocrx_word' id='word_1_668' title='bbox 2392 2425 2715 2494; x_wconf 80' lang='lat' dir='ltr'><strong>condignam</strong></span> <span class='ocrx_word' id='word_1_669' title='bbox 2757 2425 2966 2499; x_wconf 81' lang='lat' dir='ltr'><strong>egerint</strong></span> <span class='ocrx_word' id='word_1_670' title='bbox 3010 2425 3423 2494; x_wconf 77' lang='lat' dir='ltr'><strong>pomitentiam,</strong></span> 
     </span>
    </p>
   </div>
   <div class='ocr_carea' id='block_1_95' title="bbox 1851 2511 3425 2583">
    <p class='ocr_par' dir='ltr' id='par_1_95' title="bbox 1851 2511 3425 2583">
     <span class='ocr_line' id='line_1_99' title="bbox 1851 2511 3425 2583; baseline 0.004 -18"><span class='ocrx_word' id='word_1_671' title='bbox 1851 2511 2084 2567; x_wconf 88' lang='lat' dir='ltr'><strong>Domino</strong></span> <span class='ocrx_word' id='word_1_672' title='bbox 2133 2514 2447 2569; x_wconf 91' lang='lat' dir='ltr'><strong>ministrare</strong></span> <span class='ocrx_word' id='word_1_673' title='bbox 2497 2530 2604 2568; x_wconf 93' lang='lat' dir='ltr'><strong>non</strong></span> <span class='ocrx_word' id='word_1_674' title='bbox 2639 2530 2833 2583; x_wconf 91' lang='lat' dir='ltr'><strong>posse,</strong></span> <span class='ocrx_word' id='word_1_675' title='bbox 2883 2524 2938 2570; x_wconf 86' lang='lat' dir='ltr'><strong>et</strong></span> <span class='ocrx_word' id='word_1_676' title='bbox 2978 2517 3094 2570; x_wconf 86' lang='lat' dir='ltr'><strong>suis</strong></span> <span class='ocrx_word' id='word_1_677' title='bbox 3122 2517 3425 2571; x_wconf 89' lang='lat' dir='ltr'><strong>honoribus</strong></span> 
     </span>
    </p>
   </div>
   <div class='ocr_carea' id='block_1_96' title="bbox 1852 2601 3425 2674">
    <p class='ocr_par' dir='ltr' id='par_1_96' title="bbox 1852 2601 3425 2674">
     <span class='ocr_line' id='line_1_100' title="bbox 1852 2601 3425 2674; baseline 0.001 -18"><span class='ocrx_word' id='word_1_678' title='bbox 1852 2601 1959 2656; x_wconf 91' lang='lat' dir='ltr'><strong>frui</strong></span> <span class='ocrx_word' id='word_1_679' title='bbox 1981 2641 1995 2666; x_wconf 87' lang='lat'><strong>.</strong></span> <span class='ocrx_word' id='word_1_680' title='bbox 2040 2604 2086 2658; x_wconf 91' lang='lat' dir='ltr'><strong>si</strong></span> <span class='ocrx_word' id='word_1_681' title='bbox 2135 2604 2336 2658; x_wconf 89' lang='lat' dir='ltr'><strong>bonam</strong></span> <span class='ocrx_word' id='word_1_682' title='bbox 2381 2606 2635 2674; x_wconf 87' lang='lat' dir='ltr'><strong>deinceps</strong></span> <span class='ocrx_word' id='word_1_683' title='bbox 2662 2605 2828 2659; x_wconf 83' lang='lat' dir='ltr'><strong>vitam</strong></span> <span class='ocrx_word' id='word_1_684' title='bbox 2863 2605 3149 2672; x_wconf 86' lang='lat' dir='ltr'><strong>duxerint,</strong></span> <span class='ocrx_word' id='word_1_685' title='bbox 3179 2614 3233 2660; x_wconf 91' lang='lat' dir='ltr'><strong>et</strong></span> <span class='ocrx_word' id='word_1_686' title='bbox 3266 2622 3425 2660; x_wconf 89' lang='lat' dir='ltr'><strong>suum</strong></span> 
     </span>
    </p>
   </div>
   <div class='ocr_carea' id='block_1_97' title="bbox 1853 2691 3429 2764">
    <p class='ocr_par' dir='ltr' id='par_1_97' title="bbox 1853 2691 3429 2764">
     <span class='ocr_line' id='line_1_101' title="bbox 1853 2691 3429 2764; baseline 0.003 -18"><span class='ocrx_word' id='word_1_687' title='bbox 1853 2691 2223 2746; x_wconf 85' lang='lat' dir='ltr'><strong>sacerdotium</strong></span> <span class='ocrx_word' id='word_1_688' title='bbox 2257 2694 2526 2762; x_wconf 83' lang='lat' dir='ltr'><strong>condigne</strong></span> <span class='ocrx_word' id='word_1_689' title='bbox 2554 2694 3034 2749; x_wconf 85' lang='lat' dir='ltr'><strong>custodierint..Et</strong></span> <span class='ocrx_word' id='word_1_690' title='bbox 3062 2694 3164 2763; x_wconf 88' lang='lat' dir='ltr'><strong>ipsi</strong></span> <span class='ocrx_word' id='word_1_691' title='bbox 3194 2696 3288 2764; x_wconf 88' lang='lat' dir='ltr'><strong>qui</strong></span> <span class='ocrx_word' id='word_1_692' title='bbox 3323 2696 3429 2750; x_wconf 90' lang='lat' dir='ltr'><strong>hoc</strong></span> 
     </span>
    </p>
   </div>
   <div class='ocr_carea' id='block_1_98' title="bbox 1852 2781 3424 2850">
    <p class='ocr_par' dir='ltr' id='par_1_98' title="bbox 1852 2781 3424 2850">
     <span class='ocr_line' id='line_1_102' title="bbox 1852 2781 3424 2850; baseline 0 -17"><span class='ocrx_word' id='word_1_693' title='bbox 1852 2789 2046 2850; x_wconf 87' lang='lat' dir='ltr'><strong>putant</strong></span> <span class='ocrx_word' id='word_1_694' title='bbox 2073 2821 2088 2845; x_wconf 94' lang='lat'><strong>,</strong></span> <span class='ocrx_word' id='word_1_695' title='bbox 2114 2796 2219 2835; x_wconf 93' lang='lat' dir='ltr'><strong>non</strong></span> <span class='ocrx_word' id='word_1_696' title='bbox 2253 2782 2427 2835; x_wconf 92' lang='lat' dir='ltr'><strong>solum</strong></span> <span class='ocrx_word' id='word_1_697' title='bbox 2455 2792 2676 2848; x_wconf 90' lang='lat' dir='ltr'><strong>errant,</strong></span> <span class='ocrx_word' id='word_1_698' title='bbox 2705 2783 2798 2836; x_wconf 90' lang='lat' dir='ltr'><strong>sed</strong></span> <span class='ocrx_word' id='word_1_699' title='bbox 2839 2781 3002 2836; x_wconf 90' lang='lat' dir='ltr'><strong>etiam</strong></span> <span class='ocrx_word' id='word_1_700' title='bbox 3033 2789 3223 2835; x_wconf 89' lang='lat' dir='ltr'><strong>contra</strong></span> <span class='ocrx_word' id='word_1_701' title='bbox 3250 2781 3424 2835; x_wconf 84' lang='lat' dir='ltr'><strong>tradi-</strong></span> 
     </span>
    </p>
   </div>
   <div class='ocr_carea' id='block_1_99' title="bbox 1853 2869 3431 2942">
    <p class='ocr_par' dir='ltr' id='par_1_99' title="bbox 1853 2869 3431 2942">
     <span class='ocr_line' id='line_1_103' title="bbox 1853 2869 3431 2942; baseline 0.001 -18"><span class='ocrx_word' id='word_1_702' title='bbox 1853 2879 1936 2924; x_wconf 89' lang='lat' dir='ltr'><strong>tas</strong></span> <span class='ocrx_word' id='word_1_703' title='bbox 1961 2869 2215 2926; x_wconf 81' lang='lat' dir='ltr'><strong>Ecclesiae</strong></span> <span class='ocrx_word' id='word_1_704' title='bbox 2239 2873 2418 2928; x_wconf 87' lang='lat' dir='ltr'><strong>claves</strong></span> <span class='ocrx_word' id='word_1_705' title='bbox 2441 2873 2722 2942; x_wconf 89' lang='lat' dir='ltr'><strong>disputant</strong></span> <span class='ocrx_word' id='word_1_706' title='bbox 2743 2874 2788 2904; x_wconf 80' lang='grc'><strong>⁷⁸</strong></span> <span class='ocrx_word' id='word_1_707' title='bbox 2809 2880 2865 2927; x_wconf 90' lang='lat' dir='ltr'><strong>et</strong></span> <span class='ocrx_word' id='word_1_708' title='bbox 2889 2887 3049 2942; x_wconf 83' lang='lat' dir='ltr'><strong>agere</strong></span> <span class='ocrx_word' id='word_1_709' title='bbox 3072 2871 3340 2933; x_wconf 86' lang='lat' dir='ltr'><strong>videntur,</strong></span> <span class='ocrx_word' id='word_1_710' title='bbox 3363 2871 3431 2925; x_wconf 88' lang='lat' dir='ltr'><strong>de</strong></span> 
     </span>
    </p>
   </div>
   <div class='ocr_carea' id='block_1_100' title="bbox 1853 2959 3427 3032">
    <p class='ocr_par' dir='ltr' id='par_1_100' title="bbox 1853 2959 3427 3032">
     <span class='ocr_line' id='line_1_104' title="bbox 1853 2959 3427 3032; baseline -0.004 -16"><span class='ocrx_word' id='word_1_711' title='bbox 1853 2963 2053 3032; x_wconf 88' lang='lat' dir='ltr'><strong>quibus</strong></span> <span class='ocrx_word' id='word_1_712' title='bbox 2094 2960 2299 3017; x_wconf 84' lang='lat' dir='ltr'><strong>dictum</strong></span> <span class='ocrx_word' id='word_1_713' title='bbox 2335 2973 2456 3017; x_wconf 88' lang='lat' dir='ltr'><strong>est:</strong></span> <span class='ocrx_word' id='word_1_714' title='bbox 2503 2959 3124 3031; x_wconf 65' lang='lat' dir='ltr'><strong>Quacunque&#39;solveritis</strong></span> <span class='ocrx_word' id='word_1_715' title='bbox 3161 2959 3215 3011; x_wconf 83' lang='lat' dir='ltr'><strong>in</strong></span> <span class='ocrx_word' id='word_1_716' title='bbox 3252 2969 3427 3018; x_wconf 88' lang='lat' dir='ltr'><strong>terra,</strong></span> 
     </span>
    </p>
   </div>
   <div class='ocr_carea' id='block_1_101' title="bbox 1855 3048 3428 3121">
    <p class='ocr_par' dir='ltr' id='par_1_101' title="bbox 1855 3048 3428 3121">
     <span class='ocr_line' id='line_1_105' title="bbox 1855 3048 3428 3121; baseline -0.004 -13"><span class='ocrx_word' id='word_1_717' title='bbox 1855 3065 2007 3108; x_wconf 86' lang='lat' dir='ltr'><strong>erunt</strong></span> <span class='ocrx_word' id='word_1_718' title='bbox 2049 3053 2227 3107; x_wconf 86' lang='lat' dir='ltr'><strong>soluta</strong></span> <span class='ocrx_word' id='word_1_719' title='bbox 2265 3061 2311 3105; x_wconf 89' lang='lat' dir='ltr'><strong>et</strong></span> <span class='ocrx_word' id='word_1_720' title='bbox 2352 3054 2406 3105; x_wconf 86' lang='lat' dir='ltr'><strong>in</strong></span> <span class='ocrx_word' id='word_1_721' title='bbox 2447 3054 2646 3110; x_wconf 72' lang='lat' dir='ltr'><strong>caelo&quot;.</strong></span> <span class='ocrx_word' id='word_1_722' title='bbox 2680 3052 2938 3121; x_wconf 88' lang='lat' dir='ltr'><strong>Alioquin</strong></span> <span class='ocrx_word' id='word_1_723' title='bbox 2978 3053 3092 3104; x_wconf 70' lang='lat' dir='ltr'><strong>haec</strong></span> <span class='ocrx_word' id='word_1_724' title='bbox 3124 3048 3428 3112; x_wconf 88' lang='lat' dir='ltr'><strong>sententia,</strong></span> 
     </span>
    </p>
   </div>
   <div class='ocr_carea' id='block_1_102' title="bbox 1855 3138 3433 3209">
    <p class='ocr_par' dir='ltr' id='par_1_102' title="bbox 1855 3138 3433 3209">
     <span class='ocr_line' id='line_1_106' title="bbox 1855 3138 3433 3209; baseline -0.004 -11"><span class='ocrx_word' id='word_1_725' title='bbox 1855 3155 1946 3200; x_wconf 88' lang='lat' dir='ltr'><strong>aut</strong></span> <span class='ocrx_word' id='word_1_726' title='bbox 1975 3144 2187 3198; x_wconf 91' lang='lat' dir='ltr'><strong>Domini</strong></span> <span class='ocrx_word' id='word_1_727' title='bbox 2216 3159 2322 3196; x_wconf 92' lang='lat' dir='ltr'><strong>non</strong></span> <span class='ocrx_word' id='word_1_728' title='bbox 2353 3152 2439 3198; x_wconf 90' lang='lat' dir='ltr'><strong>est</strong></span> <span class='ocrx_word' id='word_1_729' title='bbox 2461 3184 2476 3209; x_wconf 96' lang='lat'><strong>,</strong></span> <span class='ocrx_word' id='word_1_730' title='bbox 2505 3151 2600 3197; x_wconf 91' lang='lat' dir='ltr'><strong>aut</strong></span> <span class='ocrx_word' id='word_1_731' title='bbox 2627 3158 2756 3197; x_wconf 89' lang='lat' dir='ltr'><strong>vera</strong></span> <span class='ocrx_word' id='word_1_732' title='bbox 2785 3153 2888 3196; x_wconf 84' lang='lat' dir='ltr'><strong>est.</strong></span> <span class='ocrx_word' id='word_1_733' title='bbox 2915 3139 3028 3195; x_wconf 89' lang='lat' dir='ltr'><strong>Nos</strong></span> <span class='ocrx_word' id='word_1_734' title='bbox 3057 3154 3189 3195; x_wconf 86' lang='lat' dir='ltr'><strong>vero</strong></span> <span class='ocrx_word' id='word_1_735' title='bbox 3217 3138 3433 3194; x_wconf 82' lang='lat' dir='ltr'><strong>indubi-</strong></span> 
     </span>
    </p>
   </div>
   <div class='ocr_carea' id='block_1_103' title="bbox 1859 3231 3430 3302">
    <p class='ocr_par' dir='ltr' id='par_1_103' title="bbox 1859 3231 3430 3302">
     <span class='ocr_line' id='line_1_107' title="bbox 1859 3231 3430 3302; baseline -0.003 -12"><span class='ocrx_word' id='word_1_736' title='bbox 1859 3245 2060 3302; x_wconf 86' lang='lat' dir='ltr'><strong>tanter,</strong></span> <span class='ocrx_word' id='word_1_737' title='bbox 2090 3245 2197 3290; x_wconf 89' lang='lat' dir='ltr'><strong>tam</strong></span> <span class='ocrx_word' id='word_1_738' title='bbox 2228 3235 2439 3289; x_wconf 85' lang='lat' dir='ltr'><strong>Domini</strong></span> <span class='ocrx_word' id='word_1_739' title='bbox 2487 3234 2797 3290; x_wconf 88' lang='lat' dir='ltr'><strong>sacerdotes</strong></span> <span class='ocrx_word' id='word_1_740' title='bbox 2827 3248 2992 3302; x_wconf 91' lang='lat' dir='ltr'><strong>quam</strong></span> <span class='ocrx_word' id='word_1_741' title='bbox 3024 3232 3266 3301; x_wconf 91' lang='lat' dir='ltr'><strong>reliquos</strong></span> <span class='ocrx_word' id='word_1_742' title='bbox 3296 3231 3430 3285; x_wconf 81' lang='lat' dir='ltr'><strong>tide-</strong></span> 
     </span>
    </p>
   </div>
   <div class='ocr_carea' id='block_1_104' title="bbox 1859 3319 3434 3392">
    <p class='ocr_par' dir='ltr' id='par_1_104' title="bbox 1859 3319 3434 3392">
     <span class='ocr_line' id='line_1_108' title="bbox 1859 3319 3434 3392; baseline -0.001 -16"><span class='ocrx_word' id='word_1_743' title='bbox 1859 3323 1936 3377; x_wconf 89' lang='lat' dir='ltr'><strong>lcs</strong></span> <span class='ocrx_word' id='word_1_744' title='bbox 1958 3363 1972 3384; x_wconf 86' lang='lat'><strong>.</strong></span> <span class='ocrx_word' id='word_1_745' title='bbox 2003 3334 2128 3392; x_wconf 88' lang='lat' dir='ltr'><strong>post</strong></span> <span class='ocrx_word' id='word_1_746' title='bbox 2151 3323 2370 3392; x_wconf 78' lang='lat' dir='ltr'><strong>dignam</strong></span> <span class='ocrx_word' id='word_1_747' title='bbox 2401 3322 2829 3377; x_wconf 84' lang='lat' dir='ltr'><strong>satisfactionem</strong></span> <span class='ocrx_word' id='word_1_748' title='bbox 2859 3336 3021 3390; x_wconf 78' lang='lat' dir='ltr'><strong>posse</strong></span> <span class='ocrx_word' id='word_1_749' title='bbox 3042 3321 3222 3376; x_wconf 88' lang='lat' dir='ltr'><strong>redire</strong></span> <span class='ocrx_word' id='word_1_750' title='bbox 3244 3319 3312 3374; x_wconf 90' lang='lat' dir='ltr'><strong>ad</strong></span> <span class='ocrx_word' id='word_1_751' title='bbox 3339 3321 3434 3374; x_wconf 90' lang='lat' dir='ltr'><strong>ho-</strong></span> 
     </span>
    </p>
   </div>
   <div class='ocr_carea' id='block_1_105' title="bbox 1858 3408 3428 3480">
    <p class='ocr_par' dir='ltr' id='par_1_105' title="bbox 1858 3408 3428 3480">
     <span class='ocr_line' id='line_1_109' title="bbox 1858 3408 3428 3480; baseline -0.003 -16"><span class='ocrx_word' id='word_1_752' title='bbox 1858 3426 2020 3465; x_wconf 86' lang='lat' dir='ltr'><strong>nores</strong></span> <span class='ocrx_word' id='word_1_753' title='bbox 2044 3411 2324 3466; x_wconf 89' lang='lat' dir='ltr'><strong>credimus</strong></span> <span class='ocrx_word' id='word_1_754' title='bbox 2345 3411 2413 3476; x_wconf 87' lang='grc'><strong>⁷⁷,</strong></span> <span class='ocrx_word' id='word_1_755' title='bbox 2436 3418 2670 3466; x_wconf 90' lang='lat' dir='ltr'><strong>testante</strong></span> <span class='ocrx_word' id='word_1_756' title='bbox 2693 3408 2924 3463; x_wconf 91' lang='lat' dir='ltr'><strong>Domino</strong></span> <span class='ocrx_word' id='word_1_757' title='bbox 2951 3423 3045 3480; x_wconf 89' lang='lat' dir='ltr'><strong>per</strong></span> <span class='ocrx_word' id='word_1_758' title='bbox 3069 3409 3386 3478; x_wconf 88' lang='lat' dir='ltr'><strong>prophetam</strong></span> <span class='ocrx_word' id='word_1_759' title='bbox 3413 3424 3428 3460; x_wconf 89' lang='lat'><strong>:</strong></span> 
     </span>
    </p>
   </div>
   <div class='ocr_carea' id='block_1_106' title="bbox 1860 3501 3424 3572">
    <p class='ocr_par' dir='ltr' id='par_1_106' title="bbox 1860 3501 3424 3572">
     <span class='ocr_line' id='line_1_110' title="bbox 1860 3501 3424 3572; baseline -0.001 -18"><span class='ocrx_word' id='word_1_760' title='bbox 1860 3501 2114 3570; x_wconf 82' lang='lat' dir='ltr'><strong>Nunquid</strong></span> <span class='ocrx_word' id='word_1_761' title='bbox 2145 3503 2235 3572; x_wconf 87' lang='lat' dir='ltr'><strong>qui</strong></span> <span class='ocrx_word' id='word_1_762' title='bbox 2263 3503 2408 3556; x_wconf 87' lang='lat' dir='ltr'><strong>cadit</strong></span> <span class='ocrx_word' id='word_1_763' title='bbox 2433 3541 2449 3568; x_wconf 89' lang='lat'><strong>,</strong></span> <span class='ocrx_word' id='word_1_764' title='bbox 2480 3518 2582 3556; x_wconf 87' lang='lat' dir='ltr'><strong>non</strong></span> <span class='ocrx_word' id='word_1_765' title='bbox 2615 3502 2828 3568; x_wconf 75' lang='lat' dir='ltr'><strong>adiiciet</strong></span> <span class='ocrx_word' id='word_1_766' title='bbox 2858 3510 2917 3554; x_wconf 85' lang='lat' dir='ltr'><strong>ut</strong></span> <span class='ocrx_word' id='word_1_767' title='bbox 2947 3501 3227 3570; x_wconf 82' lang='lat' dir='ltr'><strong>resurgat?</strong></span> <span class='ocrx_word' id='word_1_768' title='bbox 3248 3507 3302 3554; x_wconf 87' lang='lat' dir='ltr'><strong>et</strong></span> <span class='ocrx_word' id='word_1_769' title='bbox 3331 3501 3424 3568; x_wconf 85' lang='lat' dir='ltr'><strong>qui</strong></span> 
     </span>
    </p>
   </div>
   <div class='ocr_carea' id='block_1_107' title="bbox 1858 3587 3435 3655">
    <p class='ocr_par' dir='ltr' id='par_1_107' title="bbox 1858 3587 3435 3655">
     <span class='ocr_line' id='line_1_111' title="bbox 1858 3587 3435 3655; baseline -0.001 -14"><span class='ocrx_word' id='word_1_770' title='bbox 1858 3606 2072 3642; x_wconf 83' lang='lat' dir='ltr'><strong>aversus</strong></span> <span class='ocrx_word' id='word_1_771' title='bbox 2115 3599 2188 3643; x_wconf 78' lang='lat' dir='ltr'><strong>est</strong></span> <span class='ocrx_word' id='word_1_772' title='bbox 2208 3631 2222 3655; x_wconf 94' lang='lat'><strong>,</strong></span> <span class='ocrx_word' id='word_1_773' title='bbox 2263 3606 2362 3643; x_wconf 86' lang='lat' dir='ltr'><strong>nou</strong></span> <span class='ocrx_word' id='word_1_774' title='bbox 2401 3597 2682 3644; x_wconf 83' lang='lat' dir='ltr'><strong>revertetur</strong></span> <span class='ocrx_word' id='word_1_775' title='bbox 2703 3590 2750 3621; x_wconf 80' lang='grc'><strong>⁷⁸</strong></span> <span class='ocrx_word' id='word_1_776' title='bbox 2772 3591 2798 3642; x_wconf 68' lang='lat'><strong>.9</strong></span> <span class='ocrx_word' id='word_1_777' title='bbox 2825 3588 2892 3643; x_wconf 85' lang='lat' dir='ltr'><strong>Et</strong></span> <span class='ocrx_word' id='word_1_778' title='bbox 2923 3589 3054 3641; x_wconf 89' lang='lat' dir='ltr'><strong>alibi</strong></span> <span class='ocrx_word' id='word_1_779' title='bbox 3089 3605 3103 3641; x_wconf 89' lang='lat'><strong>:</strong></span> <span class='ocrx_word' id='word_1_780' title='bbox 3132 3587 3273 3641; x_wconf 83' lang='lat' dir='ltr'><strong>Nolo</strong></span> <span class='ocrx_word' id='word_1_781' title='bbox 3295 3629 3309 3652; x_wconf 92' lang='lat'><strong>,</strong></span> <span class='ocrx_word' id='word_1_782' title='bbox 3356 3589 3435 3640; x_wconf 87' lang='lat' dir='ltr'><strong>in-</strong></span> 
     </span>
    </p>
   </div>
   <div class='ocr_carea' id='block_1_108' title="bbox 1858 3676 3435 3747">
    <p class='ocr_par' dir='ltr' id='par_1_108' title="bbox 1858 3676 3435 3747">
     <span class='ocr_line' id='line_1_112' title="bbox 1858 3676 3435 3747; baseline -0.001 -17"><span class='ocrx_word' id='word_1_783' title='bbox 1858 3677 1979 3747; x_wconf 88' lang='lat' dir='ltr'><strong>quit</strong></span> <span class='ocrx_word' id='word_1_784' title='bbox 2004 3676 2291 3744; x_wconf 86' lang='lat' dir='ltr'><strong>Dominus,</strong></span> <span class='ocrx_word' id='word_1_785' title='bbox 2314 3689 2535 3732; x_wconf 86' lang='lat' dir='ltr'><strong>mortem</strong></span> <span class='ocrx_word' id='word_1_786' title='bbox 2557 3679 2868 3746; x_wconf 76' lang='lat' dir='ltr'><strong>peccatoris,</strong></span> <span class='ocrx_word' id='word_1_787' title='bbox 2893 3678 2982 3730; x_wconf 75' lang='lat' dir='ltr'><strong>sed</strong></span> <span class='ocrx_word' id='word_1_788' title='bbox 3005 3687 3061 3729; x_wconf 86' lang='lat' dir='ltr'><strong>ut</strong></span> <span class='ocrx_word' id='word_1_789' title='bbox 3089 3685 3435 3730; x_wconf 67' lang='lat' dir='ltr'><strong>convertatur</strong></span> 
     </span>
    </p>
   </div>
   <div class='ocr_carea' id='block_1_109' title="bbox 1858 3767 3431 3838">
    <p class='ocr_par' dir='ltr' id='par_1_109' title="bbox 1858 3767 3431 3838">
     <span class='ocr_line' id='line_1_113' title="bbox 1858 3767 3431 3838; baseline -0.001 -18"><span class='ocrx_word' id='word_1_790' title='bbox 1858 3778 1908 3821; x_wconf 84' lang='lat' dir='ltr'><strong>et</strong></span> <span class='ocrx_word' id='word_1_791' title='bbox 1935 3769 2072 3821; x_wconf 82' lang='lat' dir='ltr'><strong>vivat</strong></span> <span class='ocrx_word' id='word_1_792' title='bbox 2095 3769 2164 3823; x_wconf 80' lang='lat'><strong>&quot;’.</strong></span> <span class='ocrx_word' id='word_1_793' title='bbox 2199 3768 2262 3821; x_wconf 87' lang='lat' dir='ltr'><strong>Et</strong></span> <span class='ocrx_word' id='word_1_794' title='bbox 2291 3769 2550 3838; x_wconf 82' lang='lat' dir='ltr'><strong>prepheta</strong></span> <span class='ocrx_word' id='word_1_795' title='bbox 2598 3768 2767 3823; x_wconf 86' lang='lat' dir='ltr'><strong>David</strong></span> <span class='ocrx_word' id='word_1_796' title='bbox 2832 3767 3210 3836; x_wconf 66' lang='lat' dir='ltr'><strong>paenitentiam</strong></span> <span class='ocrx_word' id='word_1_797' title='bbox 3243 3781 3431 3836; x_wconf 86' lang='lat' dir='ltr'><strong>agens,</strong></span> 
     </span>
    </p>
   </div>
   <div class='ocr_carea' id='block_1_110' title="bbox 1858 3858 3433 3927">
    <p class='ocr_par' dir='ltr' id='par_1_110' title="bbox 1858 3858 3433 3927">
     <span class='ocr_line' id='line_1_114' title="bbox 1858 3858 3433 3927; baseline -0.004 -12"><span class='ocrx_word' id='word_1_798' title='bbox 1858 3861 2033 3915; x_wconf 81' lang='lat' dir='ltr'><strong>dixit:</strong></span> <span class='ocrx_word' id='word_1_799' title='bbox 2067 3858 2240 3915; x_wconf 82' lang='lat' dir='ltr'><strong>Redde</strong></span> <span class='ocrx_word' id='word_1_800' title='bbox 2267 3861 2394 3914; x_wconf 83' lang='lat' dir='ltr'><strong>mihi</strong></span> <span class='ocrx_word' id='word_1_801' title='bbox 2426 3860 2669 3914; x_wconf 66' lang='lat' dir='ltr'><strong>laetitiam</strong></span> <span class='ocrx_word' id='word_1_802' title='bbox 2712 3858 2966 3913; x_wconf 73' lang='lat' dir='ltr'><strong>salutaris</strong></span> <span class='ocrx_word' id='word_1_803' title='bbox 2988 3859 3103 3925; x_wconf 84' lang='lat' dir='ltr'><strong>tui,</strong></span> <span class='ocrx_word' id='word_1_804' title='bbox 3141 3867 3189 3913; x_wconf 88' lang='lat' dir='ltr'><strong>et</strong></span> <span class='ocrx_word' id='word_1_805' title='bbox 3240 3859 3433 3927; x_wconf 76' lang='lat' dir='ltr'><strong>spiritu</strong></span> 
     </span>
    </p>
   </div>
   <div class='ocr_carea' id='block_1_111' title="bbox 1859 3948 3434 4020">
    <p class='ocr_par' dir='ltr' id='par_1_111' title="bbox 1859 3948 3434 4020">
     <span class='ocr_line' id='line_1_115' title="bbox 1859 3948 3434 4020; baseline 0 -18"><span class='ocrx_word' id='word_1_806' title='bbox 1859 3950 2144 4019; x_wconf 83' lang='lat' dir='ltr'><strong>principali</strong></span> <span class='ocrx_word' id='word_1_807' title='bbox 2197 3951 2454 4020; x_wconf 80' lang='lat' dir='ltr'><strong>conﬁrma</strong></span> <span class='ocrx_word' id='word_1_808' title='bbox 2511 3965 2590 4003; x_wconf 88' lang='lat' dir='ltr'><strong>me</strong></span> <span class='ocrx_word' id='word_1_809' title='bbox 2624 3949 2695 4003; x_wconf 79' lang='grc' dir='ltr'><strong>⁸ο.</strong></span> <span class='ocrx_word' id='word_1_810' title='bbox 2747 3948 2867 4018; x_wconf 91' lang='lat' dir='ltr'><strong>Ipse</strong></span> <span class='ocrx_word' id='word_1_811' title='bbox 2897 3963 3134 4018; x_wconf 90' lang='lat' dir='ltr'><strong>namque</strong></span> <span class='ocrx_word' id='word_1_812' title='bbox 3168 3957 3293 4019; x_wconf 88' lang='lat' dir='ltr'><strong>post</strong></span> <span class='ocrx_word' id='word_1_813' title='bbox 3316 3964 3434 4018; x_wconf 82' lang='lat' dir='ltr'><strong>poe-</strong></span> 
     </span>
    </p>
   </div>
   <div class='ocr_carea' id='block_1_112' title="bbox 1861 4038 3434 4105">
    <p class='ocr_par' dir='ltr' id='par_1_112' title="bbox 1861 4038 3434 4105">
     <span class='ocr_line' id='line_1_116' title="bbox 1861 4038 3434 4105; baseline -0.004 -9"><span class='ocrx_word' id='word_1_814' title='bbox 1861 4044 2144 4098; x_wconf 90' lang='lat' dir='ltr'><strong>nitentiam</strong></span> <span class='ocrx_word' id='word_1_815' title='bbox 2174 4050 2228 4097; x_wconf 90' lang='lat' dir='ltr'><strong>et</strong></span> <span class='ocrx_word' id='word_1_816' title='bbox 2255 4043 2393 4097; x_wconf 90' lang='lat' dir='ltr'><strong>alios</strong></span> <span class='ocrx_word' id='word_1_817' title='bbox 2424 4040 2632 4105; x_wconf 89' lang='lat' dir='ltr'><strong>docuit,</strong></span> <span class='ocrx_word' id='word_1_818' title='bbox 2679 4048 2733 4095; x_wconf 90' lang='lat' dir='ltr'><strong>et</strong></span> <span class='ocrx_word' id='word_1_819' title='bbox 2767 4039 3096 4095; x_wconf 88' lang='lat' dir='ltr'><strong>sacriﬁcium</strong></span> <span class='ocrx_word' id='word_1_820' title='bbox 3135 4038 3244 4093; x_wconf 86' lang='lat' dir='ltr'><strong>Deo</strong></span> <span class='ocrx_word' id='word_1_821' title='bbox 3273 4038 3434 4092; x_wconf 90' lang='lat' dir='ltr'><strong>obtu-</strong></span> 
     </span>
    </p>
   </div>
   <div class='ocr_carea' id='block_1_113' title="bbox 1861 4128 3433 4204">
    <p class='ocr_par' dir='ltr' id='par_1_113' title="bbox 1861 4128 3433 4204">
     <span class='ocr_line' id='line_1_117' title="bbox 1861 4128 3433 4204; baseline -0.003 -19"><span class='ocrx_word' id='word_1_822' title='bbox 1861 4133 1945 4195; x_wconf 90' lang='lat' dir='ltr'><strong>lit,</strong></span> <span class='ocrx_word' id='word_1_823' title='bbox 1979 4135 2120 4189; x_wconf 82' lang='lat' dir='ltr'><strong>dans</strong></span> <span class='ocrx_word' id='word_1_824' title='bbox 2152 4133 2458 4204; x_wconf 85' lang='lat' dir='ltr'><strong>exemplum</strong></span> <span class='ocrx_word' id='word_1_825' title='bbox 2489 4132 2806 4188; x_wconf 90' lang='lat' dir='ltr'><strong>doctoribus</strong></span> <span class='ocrx_word' id='word_1_826' title='bbox 2852 4140 3054 4186; x_wconf 68' lang='lat' dir='ltr'><strong>sancta:</strong></span> <span class='ocrx_word' id='word_1_827' title='bbox 3080 4130 3355 4192; x_wconf 60' lang='lat' dir='ltr'><strong>Ecclesiae,</strong></span> <span class='ocrx_word' id='word_1_828' title='bbox 3387 4128 3433 4184; x_wconf 92' lang='lat' dir='ltr'><strong>si</strong></span> 
     </span>
    </p>
   </div>
   <div class='ocr_carea' id='block_1_114' title="bbox 1859 4221 3434 4295">
    <p class='ocr_par' dir='ltr' id='par_1_114' title="bbox 1859 4221 3434 4295">
     <span class='ocr_line' id='line_1_118' title="bbox 1859 4221 3434 4295; baseline -0.002 -17"><span class='ocrx_word' id='word_1_829' title='bbox 1859 4225 1996 4294; x_wconf 83' lang='lat' dir='ltr'><strong>lapsi</strong></span> <span class='ocrx_word' id='word_1_830' title='bbox 2028 4224 2254 4291; x_wconf 91' lang='lat' dir='ltr'><strong>fuerint,</strong></span> <span class='ocrx_word' id='word_1_831' title='bbox 2288 4234 2343 4280; x_wconf 90' lang='lat' dir='ltr'><strong>et</strong></span> <span class='ocrx_word' id='word_1_832' title='bbox 2394 4225 2720 4295; x_wconf 87' lang='lat' dir='ltr'><strong>condignam</strong></span> <span class='ocrx_word' id='word_1_833' title='bbox 2755 4223 3132 4293; x_wconf 70' lang='lat' dir='ltr'><strong>paenitentiam</strong></span> <span class='ocrx_word' id='word_1_834' title='bbox 3175 4221 3286 4277; x_wconf 92' lang='lat' dir='ltr'><strong>Deo</strong></span> <span class='ocrx_word' id='word_1_835' title='bbox 3310 4235 3434 4290; x_wconf 78' lang='lat' dir='ltr'><strong>ges-</strong></span> 
     </span>
    </p>
   </div>
   <div class='ocr_carea' id='block_1_115' title="bbox 1860 4310 3436 4384">
    <p class='ocr_par' dir='ltr' id='par_1_115' title="bbox 1860 4310 3436 4384">
     <span class='ocr_line' id='line_1_119' title="bbox 1860 4310 3436 4384; baseline -0.004 -14"><span class='ocrx_word' id='word_1_836' title='bbox 1860 4315 2051 4380; x_wconf 90' lang='lat' dir='ltr'><strong>serint,</strong></span> <span class='ocrx_word' id='word_1_837' title='bbox 2082 4323 2376 4384; x_wconf 90' lang='lat' dir='ltr'><strong>utrumque</strong></span> <span class='ocrx_word' id='word_1_838' title='bbox 2405 4314 2582 4369; x_wconf 88' lang='lat' dir='ltr'><strong>facere</strong></span> <span class='ocrx_word' id='word_1_839' title='bbox 2611 4328 2793 4383; x_wconf 88' lang='lat' dir='ltr'><strong>posse.</strong></span> <span class='ocrx_word' id='word_1_840' title='bbox 2825 4311 3015 4367; x_wconf 92' lang='lat' dir='ltr'><strong>Docuit</strong></span> <span class='ocrx_word' id='word_1_841' title='bbox 3047 4313 3193 4367; x_wconf 90' lang='lat' dir='ltr'><strong>enim</strong></span> <span class='ocrx_word' id='word_1_842' title='bbox 3213 4310 3436 4380; x_wconf 88' lang='lat' dir='ltr'><strong>quando</strong></span> 
     </span>
    </p>
   </div>
   <div class='ocr_carea' id='block_1_116' title="bbox 1860 4402 3430 4472">
    <p class='ocr_par' dir='ltr' id='par_1_116' title="bbox 1860 4402 3430 4472">
     <span class='ocr_line' id='line_1_120' title="bbox 1860 4402 3430 4472; baseline -0.004 -13"><span class='ocrx_word' id='word_1_843' title='bbox 1860 4406 1997 4460; x_wconf 83' lang='lat' dir='ltr'><strong>dixit</strong></span> <span class='ocrx_word' id='word_1_844' title='bbox 2023 4423 2036 4458; x_wconf 89' lang='lat'><strong>:</strong></span> <span class='ocrx_word' id='word_1_845' title='bbox 2067 4403 2271 4458; x_wconf 87' lang='lat' dir='ltr'><strong>Docebo</strong></span> <span class='ocrx_word' id='word_1_846' title='bbox 2301 4404 2507 4472; x_wconf 77' lang='lat' dir='ltr'><strong>iniquos</strong></span> <span class='ocrx_word' id='word_1_847' title='bbox 2533 4404 2645 4456; x_wconf 79' lang='lat' dir='ltr'><strong>vias</strong></span> <span class='ocrx_word' id='word_1_848' title='bbox 2678 4412 2818 4466; x_wconf 87' lang='lat' dir='ltr'><strong>tuas,</strong></span> <span class='ocrx_word' id='word_1_849' title='bbox 2852 4413 2898 4455; x_wconf 90' lang='lat' dir='ltr'><strong>et</strong></span> <span class='ocrx_word' id='word_1_850' title='bbox 2946 4403 3096 4471; x_wconf 85' lang='lat' dir='ltr'><strong>impii</strong></span> <span class='ocrx_word' id='word_1_851' title='bbox 3121 4402 3190 4456; x_wconf 86' lang='lat' dir='ltr'><strong>ad</strong></span> <span class='ocrx_word' id='word_1_852' title='bbox 3225 4411 3271 4454; x_wconf 88' lang='lat' dir='ltr'><strong>te</strong></span> <span class='ocrx_word' id='word_1_853' title='bbox 3298 4417 3430 4454; x_wconf 86' lang='lat' dir='ltr'><strong>cou-</strong></span> 
     </span>
    </p>
   </div>
   <div class='ocr_carea' id='block_1_117' title="bbox 1861 4491 3434 4562">
    <p class='ocr_par' dir='ltr' id='par_1_117' title="bbox 1861 4491 3434 4562">
     <span class='ocr_line' id='line_1_121' title="bbox 1861 4491 3434 4562; baseline -0.004 -12"><span class='ocrx_word' id='word_1_854' title='bbox 1861 4505 2129 4550; x_wconf 80' lang='lat' dir='ltr'><strong>vertentur</strong></span> <span class='ocrx_word' id='word_1_855' title='bbox 2177 4495 2243 4548; x_wconf 73' lang='grc'><strong>⁸⁸.</strong></span> <span class='ocrx_word' id='word_1_856' title='bbox 2298 4493 2364 4548; x_wconf 83' lang='lat' dir='ltr'><strong>Et</strong></span> <span class='ocrx_word' id='word_1_857' title='bbox 2408 4494 2736 4550; x_wconf 79' lang='lat' dir='ltr'><strong>sacriﬁcium</strong></span> <span class='ocrx_word' id='word_1_858' title='bbox 2790 4491 2900 4546; x_wconf 91' lang='lat' dir='ltr'><strong>Deo</strong></span> <span class='ocrx_word' id='word_1_859' title='bbox 2952 4508 3050 4562; x_wconf 91' lang='lat' dir='ltr'><strong>pro</strong></span> <span class='ocrx_word' id='word_1_860' title='bbox 3104 4509 3162 4547; x_wconf 86' lang='lat' dir='ltr'><strong>se</strong></span> <span class='ocrx_word' id='word_1_861' title='bbox 3216 4493 3434 4558; x_wconf 86' lang='lat' dir='ltr'><strong>obtulit,</strong></span> 
     </span>
    </p>
   </div>
   <div class='ocr_carea' id='block_1_118' title="bbox 1863 4582 3435 4653">
    <p class='ocr_par' dir='ltr' id='par_1_118' title="bbox 1863 4582 3435 4653">
     <span class='ocr_line' id='line_1_122' title="bbox 1863 4582 3435 4653; baseline -0.003 -13"><span class='ocrx_word' id='word_1_862' title='bbox 1863 4587 1992 4640; x_wconf 90' lang='lat' dir='ltr'><strong>dum</strong></span> <span class='ocrx_word' id='word_1_863' title='bbox 2017 4584 2260 4640; x_wconf 89' lang='lat' dir='ltr'><strong>dicebat:</strong></span> <span class='ocrx_word' id='word_1_864' title='bbox 2290 4583 2626 4652; x_wconf 82' lang='lat' dir='ltr'><strong>Sacri/icium</strong></span> <span class='ocrx_word' id='word_1_865' title='bbox 2654 4583 2758 4637; x_wconf 84' lang='lat' dir='ltr'><strong>Deo</strong></span> <span class='ocrx_word' id='word_1_866' title='bbox 2782 4585 3002 4653; x_wconf 73' lang='lat' dir='ltr'><strong>spiritus</strong></span> <span class='ocrx_word' id='word_1_867' title='bbox 3026 4582 3435 4636; x_wconf 83' lang='lat' dir='ltr'><strong>contribulatus.</strong></span> 
     </span>
    </p>
   </div>
   <div class='ocr_carea' id='block_1_119' title="bbox 1866 4673 3440 4745">
    <p class='ocr_par' dir='ltr' id='par_1_119' title="bbox 1866 4673 3440 4745">
     <span class='ocr_line' id='line_1_123' title="bbox 1866 4673 3440 4745; baseline -0.001 -16"><span class='ocrx_word' id='word_1_868' title='bbox 1866 4676 2071 4733; x_wconf 83' lang='lat' dir='ltr'><strong>Videns</strong></span> <span class='ocrx_word' id='word_1_869' title='bbox 2121 4677 2267 4732; x_wconf 91' lang='lat' dir='ltr'><strong>enim</strong></span> <span class='ocrx_word' id='word_1_870' title='bbox 2330 4676 2597 4745; x_wconf 89' lang='lat' dir='ltr'><strong>Pr0pheta</strong></span> <span class='ocrx_word' id='word_1_871' title='bbox 2646 4677 2852 4731; x_wconf 89' lang='lat' dir='ltr'><strong>scelera</strong></span> <span class='ocrx_word' id='word_1_872' title='bbox 2897 4690 2996 4730; x_wconf 87' lang='lat' dir='ltr'><strong>sua</strong></span> <span class='ocrx_word' id='word_1_873' title='bbox 3053 4673 3312 4728; x_wconf 89' lang='lat' dir='ltr'><strong>mundata</strong></span> <span class='ocrx_word' id='word_1_874' title='bbox 3342 4689 3440 4743; x_wconf 90' lang='lat' dir='ltr'><strong>per</strong></span> 
     </span>
    </p>
   </div>
   <div class='ocr_carea' id='block_1_120' title="bbox 1861 4765 3438 4840">
    <p class='ocr_par' dir='ltr' id='par_1_120' title="bbox 1861 4765 3438 4840">
     <span class='ocr_line' id='line_1_124' title="bbox 1861 4765 3438 4840; baseline -0.004 -17"><span class='ocrx_word' id='word_1_875' title='bbox 1861 4769 2261 4840; x_wconf 68' lang='lat' dir='ltr'><strong>pmnitentiam,</strong></span> <span class='ocrx_word' id='word_1_876' title='bbox 2294 4784 2403 4822; x_wconf 92' lang='lat' dir='ltr'><strong>non</strong></span> <span class='ocrx_word' id='word_1_877' title='bbox 2434 4767 2720 4834; x_wconf 88' lang='lat' dir='ltr'><strong>dubitavit,</strong></span> <span class='ocrx_word' id='word_1_878' title='bbox 2751 4765 3099 4837; x_wconf 69' lang='lat' dir='ltr'><strong>praedicando</strong></span> <span class='ocrx_word' id='word_1_879' title='bbox 3121 4774 3175 4820; x_wconf 92' lang='lat' dir='ltr'><strong>et</strong></span> <span class='ocrx_word' id='word_1_880' title='bbox 3206 4765 3438 4819; x_wconf 88' lang='lat' dir='ltr'><strong>Domino</strong></span> 
     </span>
    </p>
   </div>
   <div class='ocr_carea' id='block_1_121' title="bbox 1864 4853 3440 4929">
    <p class='ocr_par' dir='ltr' id='par_1_121' title="bbox 1864 4853 3440 4929">
     <span class='ocr_line' id='line_1_125' title="bbox 1864 4853 3440 4929; baseline -0.004 -15"><span class='ocrx_word' id='word_1_881' title='bbox 1864 4861 2104 4926; x_wconf 89' lang='lat' dir='ltr'><strong>libando,</strong></span> <span class='ocrx_word' id='word_1_882' title='bbox 2130 4874 2324 4914; x_wconf 87' lang='lat' dir='ltr'><strong>curare</strong></span> <span class='ocrx_word' id='word_1_883' title='bbox 2379 4859 2577 4917; x_wconf 86' lang='lat' dir='ltr'><strong>aliena.</strong></span> <span class='ocrx_word' id='word_1_884' title='bbox 2632 4856 3022 4929; x_wconf 84' lang='lat' dir='ltr'><strong>Lacrymarum</strong></span> <span class='ocrx_word' id='word_1_885' title='bbox 3055 4871 3184 4925; x_wconf 83' lang='lat' dir='ltr'><strong>ergo</strong></span> <span class='ocrx_word' id='word_1_886' title='bbox 3244 4853 3440 4909; x_wconf 83' lang='lat' dir='ltr'><strong>eflusio</strong></span> 
     </span>
    </p>
   </div>
   <div class='ocr_carea' id='block_1_122' title="bbox 1867 4944 3440 5017">
    <p class='ocr_par' dir='ltr' id='par_1_122' title="bbox 1867 4944 3440 5017">
     <span class='ocr_line' id='line_1_126' title="bbox 1867 4944 3440 5017; baseline -0.004 -13"><span class='ocrx_word' id='word_1_887' title='bbox 1867 4958 2047 5004; x_wconf 90' lang='lat' dir='ltr'><strong>movet</strong></span> <span class='ocrx_word' id='word_1_888' title='bbox 2080 4949 2248 5003; x_wconf 91' lang='lat' dir='ltr'><strong>animi</strong></span> <span class='ocrx_word' id='word_1_889' title='bbox 2295 4948 2625 5017; x_wconf 91' lang='lat' dir='ltr'><strong>passionem.</strong></span> <span class='ocrx_word' id='word_1_890' title='bbox 2692 4945 3081 5002; x_wconf 88' lang='lat' dir='ltr'><strong>Satisfactione</strong></span> <span class='ocrx_word' id='word_1_891' title='bbox 3116 4953 3295 4998; x_wconf 89' lang='lat' dir='ltr'><strong>autem</strong></span> <span class='ocrx_word' id='word_1_892' title='bbox 3329 4944 3440 4998; x_wconf 91' lang='lat' dir='ltr'><strong>im-</strong></span> 
     </span>
    </p>
   </div>
   <div class='ocr_carea' id='block_1_123' title="bbox 1867 5032 3444 5109">
    <p class='ocr_par' dir='ltr' id='par_1_123' title="bbox 1867 5032 3444 5109">
     <span class='ocr_line' id='line_1_127' title="bbox 1867 5032 3444 5109; baseline -0.003 -17"><span class='ocrx_word' id='word_1_893' title='bbox 1867 5041 2034 5109; x_wconf 84' lang='lat' dir='ltr'><strong>pleta,</strong></span> <span class='ocrx_word' id='word_1_894' title='bbox 2062 5039 2326 5094; x_wconf 81' lang='lat' dir='ltr'><strong>avertitur</strong></span> <span class='ocrx_word' id='word_1_895' title='bbox 2351 5037 2570 5092; x_wconf 90' lang='lat' dir='ltr'><strong>animus</strong></span> <span class='ocrx_word' id='word_1_896' title='bbox 2598 5036 2666 5091; x_wconf 91' lang='lat' dir='ltr'><strong>ab</strong></span> <span class='ocrx_word' id='word_1_897' title='bbox 2697 5036 2800 5090; x_wconf 91' lang='lat' dir='ltr'><strong>ira.</strong></span> <span class='ocrx_word' id='word_1_898' title='bbox 2830 5033 2934 5100; x_wconf 86' lang='lat' dir='ltr'><strong>Qui</strong></span> <span class='ocrx_word' id='word_1_899' title='bbox 2981 5034 3128 5088; x_wconf 91' lang='lat' dir='ltr'><strong>enim</strong></span> <span class='ocrx_word' id='word_1_900' title='bbox 3160 5048 3266 5087; x_wconf 92' lang='lat' dir='ltr'><strong>non</strong></span> <span class='ocrx_word' id='word_1_901' title='bbox 3290 5032 3444 5103; x_wconf 82' lang='lat' dir='ltr'><strong>igno-</strong></span> 
     </span>
    </p>
   </div>
   <div class='ocr_carea' id='block_1_124' title="bbox 1830 5248 3442 5327">
    <p class='ocr_par' dir='ltr' id='par_1_124' title="bbox 1830 5248 3442 5327">
     <span class='ocr_line' id='line_1_128' title="bbox 1830 5248 3442 5327; baseline -0.007 -18"><span class='ocrx_word' id='word_1_902' title='bbox 1830 5265 2022 5327; x_wconf 71' lang='lat' dir='ltr'><strong>quzest.</strong></span> <span class='ocrx_word' id='word_1_903' title='bbox 2047 5255 2084 5327; x_wconf 75' lang='grc'>7</span> <span class='ocrx_word' id='word_1_904' title='bbox 2111 5273 2139 5327; x_wconf 59' lang='grc' dir='ltr'><strong>ί</strong></span> <span class='ocrx_word' id='word_1_905' title='bbox 2158 5254 2519 5327; x_wconf 75' lang='lat' dir='ltr'><strong>Quzerendum</strong></span> <span class='ocrx_word' id='word_1_906' title='bbox 2545 5259 2647 5307; x_wconf 90' lang='lat' dir='ltr'><strong>est.</strong></span> <span class='ocrx_word' id='word_1_907' title='bbox 2677 5250 2742 5304; x_wconf 85' lang='lat' dir='ltr'><strong>Et</strong></span> <span class='ocrx_word' id='word_1_908' title='bbox 2772 5250 2825 5304; x_wconf 90' lang='lat' dir='ltr'><strong>iu</strong></span> <span class='ocrx_word' id='word_1_909' title='bbox 2875 5248 3313 5327; x_wconf 30' lang='lat' dir='ltr'><strong>Carthagncqnc.</strong></span> <span class='ocrx_word' id='word_1_910' title='bbox 3369 5262 3442 5327; x_wconf 57' lang='lat' dir='ltr'><strong>tv,</strong></span> 
     </span>
    </p>
   </div>
   <div class='ocr_carea' id='block_1_125' title="bbox 3129 5317 3442 5383">
    <p class='ocr_par' dir='ltr' id='par_1_125' title="bbox 3129 5317 3442 5383">
     <span class='ocr_line' id='line_1_129' title="bbox 3129 5317 3442 5383; baseline -0.019 -13"><span class='ocrx_word' id='word_1_911' title='bbox 3129 5317 3172 5348; x_wconf 76' lang='grc' dir='ltr'><strong>οι</strong></span> <span class='ocrx_word' id='word_1_912' title='bbox 3204 5317 3272 5379; x_wconf 74' lang='lat'><strong>3,</strong></span> <span class='ocrx_word' id='word_1_913' title='bbox 3306 5329 3362 5383; x_wconf 91' lang='lat' dir='ltr'><strong>q.</strong></span> <span class='ocrx_word' id='word_1_914' title='bbox 3390 5317 3442 5367; x_wconf 72' lang='lat'><strong>9:</strong></span> 
     </span>
    </p>
   </div>
   <div class='ocr_carea' id='block_1_126' title="bbox 2037 5323 3440 5396">
    <p class='ocr_par' dir='ltr' id='par_1_126' title="bbox 2037 5323 3440 5396">
     <span class='ocr_line' id='line_1_130' title="bbox 2037 5323 3440 5396; baseline -0.008 -17"><span class='ocrx_word' id='word_1_915' title='bbox 2037 5326 2082 5357; x_wconf 77' lang='lat'><strong>°°</strong></span> <span class='ocrx_word' id='word_1_916' title='bbox 2108 5325 2172 5388; x_wconf 79' lang='grc'><strong>5,</strong></span> <span class='ocrx_word' id='word_1_917' title='bbox 2224 5342 2279 5394; x_wconf 92' lang='lat' dir='ltr'><strong>q.</strong></span> <span class='ocrx_word' id='word_1_918' title='bbox 2341 5325 2373 5396; x_wconf 88' lang='lat'><strong>9</strong></span> <span class='ocrx_word' id='word_1_919' title='bbox 2403 5341 2415 5376; x_wconf 88' lang='lat'><strong>:</strong></span> <span class='ocrx_word' id='word_1_920' title='bbox 2451 5323 2725 5396; x_wconf 40' lang='lat' dir='ltr'><strong>AbsenteA</strong></span> <span class='ocrx_word' id='word_1_921' title='bbox 2749 5335 2814 5374; x_wconf 90' lang='lat' dir='ltr'><strong>eo</strong></span> <span class='ocrx_word' id='word_1_922' title='bbox 2871 5333 3080 5396; x_wconf 46' lang='lat' dir='ltr'><strong>quem.&quot;</strong></span> <span class='ocrx_word' id='word_1_923' title='bbox 3129 5323 3172 5348; x_wconf 85' lang='lat'><strong>&quot;</strong></span> <span class='ocrx_word' id='word_1_924' title='bbox 3204 5323 3272 5379; x_wconf 76' lang='grc'><strong>5,</strong></span> <span class='ocrx_word' id='word_1_925' title='bbox 3306 5329 3362 5396; x_wconf 34' lang='grc' dir='ltr'><strong>(ι’.</strong></span> <span class='ocrx_word' id='word_1_926' title='bbox 3390 5323 3440 5394; x_wconf 60' lang='lat'><strong>8;</strong></span> 
     </span>
    </p>
   </div>
   <div class='ocr_carea' id='block_1_127' title="bbox 3041 5388 3445 5452">
    <p class='ocr_par' dir='ltr' id='par_1_127' title="bbox 3041 5388 3445 5452">
     <span class='ocr_line' id='line_1_131' title="bbox 3041 5388 3445 5452; baseline -0.015 -11"><span class='ocrx_word' id='word_1_927' title='bbox 3041 5388 3445 5452; x_wconf 81' lang='lat' dir='ltr'><strong>Consanguinei</strong></span> 
     </span>
    </p>
   </div>
   <div class='ocr_carea' id='block_1_128' title="bbox 2629 5389 2979 5459">
    <p class='ocr_par' dir='ltr' id='par_1_128' title="bbox 2629 5389 2979 5459">
     <span class='ocr_line' id='line_1_132' title="bbox 2629 5389 2979 5459; baseline -0.009 -15"><span class='ocrx_word' id='word_1_928' title='bbox 2629 5389 2838 5459; x_wconf 51' lang='grc' dir='ltr'><strong>αλιι.</strong></span> <span class='ocrx_word' id='word_1_929' title='bbox 2889 5390 2979 5441; x_wconf 74' lang='lat'><strong>5:</strong></span> 
     </span>
    </p>
   </div>
   <div class='ocr_carea' id='block_1_129' title="bbox 2286 5521 3446 5645">
    <p class='ocr_par' dir='ltr' id='par_1_129' title="bbox 2286 5521 3446 5645">
     <span class='ocr_line' id='line_1_133' title="bbox 2286 5521 3446 5597; baseline -0.011 -10"><span class='ocrx_word' id='word_1_930' title='bbox 2286 5536 2328 5566; x_wconf 73' lang='grc'><strong>⁸⁷</strong></span> <span class='ocrx_word' id='word_1_931' title='bbox 2372 5533 2532 5586; x_wconf 83' lang='lat' dir='ltr'><strong>Prov.</strong></span> <span class='ocrx_word' id='word_1_932' title='bbox 2590 5545 2738 5596; x_wconf 78' lang='lat' dir='ltr'><strong>xxvr,</strong></span> <span class='ocrx_word' id='word_1_933' title='bbox 2793 5521 2950 5597; x_wconf 77' lang='lat' dir='ltr'><strong>juxta</strong></span> <span class='ocrx_word' id='word_1_934' title='bbox 2980 5521 3165 5579; x_wconf 48' lang='lat' dir='ltr'><strong>LXXX</strong></span> <span class='ocrx_word' id='word_1_935' title='bbox 3223 5523 3268 5553; x_wconf 74' lang='grc'><strong>⁸⁸</strong></span> <span class='ocrx_word' id='word_1_936' title='bbox 3309 5521 3446 5577; x_wconf 87' lang='lat' dir='ltr'><strong>Tob.</strong></span> 
     </span>
     <span class='ocr_line' id='line_1_134' title="bbox 2290 5589 3446 5645; baseline -0.001 0"><span class='ocrx_word' id='word_1_937' title='bbox 2290 5622 2340 5645; x_wconf 82' lang='grc' dir='ltr'><strong>ιι-</strong></span> <span class='ocrx_word' id='word_1_938' title='bbox 2448 5604 2491 5632; x_wconf 77' lang='grc' dir='ltr'><strong>τί</strong></span> <span class='ocrx_word' id='word_1_939' title='bbox 2533 5599 2708 5645; x_wconf 66' lang='lat' dir='ltr'><strong>(latnt-</strong></span> <span class='ocrx_word' id='word_1_940' title='bbox 2762 5614 2847 5645; x_wconf 79' lang='lat' dir='ltr'><strong>vr.</strong></span> <span class='ocrx_word' id='word_1_941' title='bbox 2901 5597 2964 5645; x_wconf 78' lang='lat' dir='ltr'><strong>L</strong></span> <span class='ocrx_word' id='word_1_942' title='bbox 2997 5597 3048 5645; x_wconf 72' lang='grc' dir='ltr'><strong>Δ.</strong></span> <span class='ocrx_word' id='word_1_943' title='bbox 3151 5592 3197 5623; x_wconf 75' lang='grc' dir='ltr'><strong>τ’</strong></span> <span class='ocrx_word' id='word_1_944' title='bbox 3238 5589 3298 5645; x_wconf 90' lang='lat' dir='ltr'><strong>S.</strong></span> <span class='ocrx_word' id='word_1_945' title='bbox 3333 5593 3446 5644; x_wconf 84' lang='lat' dir='ltr'><strong>Au-</strong></span> 
     </span>
    </p>
   </div>
   <div class='ocr_carea' id='block_1_130' title="bbox 2451 5597 3448 5730">
    <p class='ocr_par' dir='ltr' id='par_1_130' title="bbox 2451 5597 3448 5730">
     <span class='ocr_line' id='line_1_135' title="bbox 2451 5597 3448 5662; baseline -0.014 -5"><span class='ocrx_word' id='word_1_946' title='bbox 2451 5604 2491 5632; x_wconf 81' lang='lat'>“</span> <span class='ocrx_word' id='word_1_947' title='bbox 2533 5599 2708 5656; x_wconf 84' lang='lat' dir='ltr'><strong>Galat.</strong></span> <span class='ocrx_word' id='word_1_948' title='bbox 2762 5614 2847 5658; x_wconf 82' lang='lat' dir='ltr'><strong>vr,</strong></span> <span class='ocrx_word' id='word_1_949' title='bbox 2901 5597 2965 5662; x_wconf 80' lang='grc'><strong>1,</strong></span> <span class='ocrx_word' id='word_1_950' title='bbox 2997 5597 3048 5649; x_wconf 75' lang='grc'><strong>4.</strong></span> <span class='ocrx_word' id='word_1_951' title='bbox 3151 5597 3197 5623; x_wconf 81' lang='grc'><strong>⁷·</strong></span> <span class='ocrx_word' id='word_1_952' title='bbox 3238 5597 3298 5646; x_wconf 88' lang='lat' dir='ltr'><strong>S.</strong></span> <span class='ocrx_word' id='word_1_953' title='bbox 3333 5597 3448 5644; x_wconf 83' lang='lat' dir='ltr'><strong>Au-</strong></span> 
     </span>
     <span class='ocr_line' id='line_1_136' title="bbox 2451 5661 3443 5730; baseline -0.013 -4"><span class='ocrx_word' id='word_1_954' title='bbox 2451 5672 2498 5703; x_wconf 74' lang='lat'>&quot;</span> <span class='ocrx_word' id='word_1_955' title='bbox 2537 5672 2592 5725; x_wconf 92' lang='lat' dir='ltr'><strong>in</strong></span> <span class='ocrx_word' id='word_1_956' title='bbox 2627 5669 2782 5723; x_wconf 89' lang='lat' dir='ltr'><strong>Dccr.</strong></span> <span class='ocrx_word' id='word_1_957' title='bbox 2818 5667 2967 5721; x_wconf 91' lang='lat' dir='ltr'><strong>lvon.</strong></span> <span class='ocrx_word' id='word_1_958' title='bbox 3003 5665 3095 5718; x_wconf 89' lang='lat' dir='ltr'><strong>lib.</strong></span> <span class='ocrx_word' id='word_1_959' title='bbox 3146 5677 3221 5730; x_wconf 86' lang='lat' dir='ltr'><strong>tv,</strong></span> <span class='ocrx_word' id='word_1_960' title='bbox 3309 5662 3352 5692; x_wconf 80' lang='grc'><strong>⁷³</strong></span> <span class='ocrx_word' id='word_1_961' title='bbox 3387 5661 3443 5714; x_wconf 84' lang='lat' dir='ltr'><strong>S.</strong></span> 
     </span>
    </p>
   </div>
   <div class='ocr_carea' id='block_1_131' title="bbox 2281 5732 3448 5813">
    <p class='ocr_par' dir='ltr' id='par_1_131' title="bbox 2281 5732 3448 5813">
     <span class='ocr_line' id='line_1_137' title="bbox 2281 5732 3448 5813; baseline -0.015 -13"><span class='ocrx_word' id='word_1_962' title='bbox 2281 5746 2337 5813; x_wconf 48' lang='grc'><strong>,⁷⁸</strong></span> <span class='ocrx_word' id='word_1_963' title='bbox 2376 5743 2574 5797; x_wconf 85' lang='lat' dir='ltr'><strong>.lcrem.</strong></span> <span class='ocrx_word' id='word_1_964' title='bbox 2635 5755 2770 5807; x_wconf 80' lang='lat' dir='ltr'><strong>vni,</strong></span> <span class='ocrx_word' id='word_1_965' title='bbox 2810 5736 2863 5789; x_wconf 70' lang='grc'><strong>4.</strong></span> <span class='ocrx_word' id='word_1_966' title='bbox 2940 5735 2984 5766; x_wconf 75' lang='grc' dir='ltr'><strong>τ’</strong></span> <span class='ocrx_word' id='word_1_967' title='bbox 3026 5732 3226 5788; x_wconf 84' lang='lat' dir='ltr'><strong>Ezech.</strong></span> <span class='ocrx_word' id='word_1_968' title='bbox 3284 5745 3448 5794; x_wconf 79' lang='lat' dir='ltr'><strong>xvm,</strong></span> 
     </span>
    </p>
   </div>
  </div>
