4006 6356
542 363 637 418 131

1846 363 1903 417 S.
1943 360 2266 419 URBANUS
2301 362 2321 416 ι
2356 363 2530 417 PAPA

3701 365 3805 421 i3!

540 485 645 538 scit
671 483 849 547 alteri,
886 482 1160 554 quomodo
1214 479 1318 537 sibi
1345 487 1500 551 putat
1534 481 1845 537 subveniri?
1875 480 2113 551 Supera-
2143 498 2187 553 Α
2218 493 2461 543 mortem.
2493 485 2601 538 sive
2627 483 2942 538 obeditionis
2988 483 3057 538 ad
3097 483 3417 552 justitiam?
3451 481 3668 538 Gratias
3698 501 3802 536 au-

542 575 788 630 bundant
816 590 945 645 ergo
978 582 1219 644 peccata,
1273 572 1685 643 suprrabundet
1711 581 1765 627 et
1794 574 2115 629 misericor-

540 668 650 721 dia.
681 666 947 733 Quoniam
999 665 1142 736 apud
1190 664 1481 717 Dominum
1535 664 1918 727 misericordia,
1955 676 2001 719 et
2035 680 2118 718 co—

539 758 690 827 piosa
716 756 858 826 apud
885 772 1005 809 eum
1059 755 1347 823 redemptio
1369 754 1445 808 ⁸¹.’
1473 752 1647 809 Penes
1685 753 1968 808 Dominum
1999 768 2117 806 om-

540 846 694 902 nium
727 846 1063 901 abundantia
1118 852 1221 910 est,
1250 844 1379 913 quia
1416 844 1669 898 Dominus
1724 844 1980 897 virtutum
2007 845 2118 912 ipse

537 944 616 988 est
645 945 693 988 et
730 950 823 988 rex
880 934 1068 1005 gloria:
1095 934 1162 987 ⁸⁸.
1215 932 1306 986 Ait
1347 933 1492 987 enim
1554 933 1884 1003 Apostolus:
1925 931 2117 987 Omnes

536 1037 904 1096 peccaverunt,
953 1036 1002 1079 et
1049 1036 1198 1096 egent
1232 1024 1404 1095 gloria
1440 1023 1571 1089 Dei;
1610 1024 1900 1094 justiﬁcati
1948 1024 2115 1095 gratis

536 1131 630 1184 per
658 1116 891 1186 gratiam
935 1115 1123 1184 ipsius,
1168 1130 1262 1184 per
1315 1113 1725 1182 redemptionem
1778 1128 1895 1184 qua:
1954 1121 2032 1167 est
2062 1114 2118 1166 in

538 1204 749 1259 Christo
779 1204 931 1270 Iesu,
966 1221 1120 1275 quem
1166 1204 1439 1274 proposuit
1496 1202 1633 1256 Deus
1690 1203 2114 1271 propitiatorem,

534 1310 626 1363 per
651 1297 810 1366 ﬁdem
839 1298 893 1349 in
919 1295 1179 1365 sanguine
1205 1296 1396 1365 ipsius,
1420 1295 1490 1348 ad
1514 1294 1861 1348 ostensionem
1884 1293 2118 1363 justitite

536 1403 670 1451 sum,
699 1399 917 1457 propter
946 1387 1307 1441 remissionem
1334 1385 1741 1455 praecedentium
1778 1385 2113 1452 delictorum,

536 1478 591 1530 in
618 1479 1000 1532 sustentatione
1034 1477 1148 1537 Dei,
1180 1477 1250 1531 ad
1287 1477 1635 1531 ostensionem
1656 1477 1889 1546 justitia:
1913 1475 2027 1544 ejus
2058 1476 2114 1529 in

538 1569 636 1620 hoc
662 1577 927 1637 tempore;
960 1578 1016 1621 ut
1047 1568 1117 1621 sit
1169 1567 1279 1637 ipse
1298 1565 1482 1635 justus
1519 1576 1568 1620 et
1611 1565 1922 1635 justiﬁcans
1972 1581 2112 1631 eum,

534 1662 625 1731 qui
643 1676 711 1714 ea:
726 1662 918 1729 ﬁdeest
935 1659 1063 1713 Iesu
1090 1659 1290 1715 Christi
1311 1660 1379 1712 ⁸⁵.
1399 1657 1565 1713 David
1594 1658 1739 1712 enim
1765 1657 1930 1712 dicit:
1963 1656 2117 1711 Beati

535 1765 759 1820 quarunt
794 1751 1029 1804 remissa:
1077 1758 1199 1803 sunt
1225 1749 1558 1818 iniquitates,
1610 1755 1660 1800 et
1705 1762 1931 1817 quorum
1978 1755 2115 1800 tecta

2224 585 2325 628 tem
2354 574 2484 633 Deo.
2516 575 2653 645 quod
2694 575 2872 645 fuistis
2896 576 3029 631 servi
3066 576 3287 643 peccati,
3340 576 3591 633 obedistis
3623 585 3803 628 autem

2220 681 2286 720 ea:
2313 667 2467 719 corde
2492 666 2546 719 in
2600 682 2717 720 eam
2760 665 2989 734 formam
3035 666 3314 733 doctrinm,
3339 666 3396 720 in
3426 682 3582 733 quam
3613 664 3804 719 traditi

2221 758 2347 810 estis
2421 755 2656 810 Liberati
2715 766 2893 811 autem
2942 774 2975 811 a
3024 766 3271 823 peccato,
3318 758 3454 811 servi
3491 754 3621 827 facti
3672 756 3804 810 estis

2214 849 2465 918 justime.
2494 845 2802 900 Humanum
2835 847 2955 902 dico
3014 847 3094 900 ⁸⁸.
3124 846 3301 917 Maius
3333 848 3481 903 enim
3514 857 3803 918 peccatum

2221 949 2305 995 est
2325 937 2623 1008 judicantis
2657 939 2726 1001 ",
2757 953 2921 1008 quam
2966 936 3088 1008 ejus
3116 937 3212 1008 qui
3258 938 3561 1008 iudicatur.
3596 936 3807 992 Existi-

2223 1045 2359 1091 mas,
2393 1027 2571 1097 inquit
2625 1024 2941 1096 Apostolus,
2972 1044 3002 1081 ο
3047 1027 3202 1082 homo
3235 1028 3406 1081 omnis
3456 1028 3549 1098 qui
3578 1028 3806 1097 judicas

2221 1136 2307 1173 eos
2335 1119 2423 1188 qui
2448 1117 2580 1172 talia
2602 1127 2785 1188 agunt,
2814 1128 2864 1172 et
2922 1119 3057 1188 facis
3081 1135 3164 1180 ea,
3188 1119 3313 1188 quia
3340 1127 3398 1171 tu
3418 1119 3635 1188 eﬂ'ugies
3651 1120 3807 1188 judi-

2222 1210 2361 1263 cium
2390 1208 2531 1261 Dei?
2568 1209 2649 1262 An
2680 1206 2894 1262 divitias
2936 1208 3183 1262 bonitatis
3215 1209 3329 1277 ejus
3360 1217 3410 1263 et
3455 1211 3731 1278 patientia
3749 1220 3802 1264 et

2222 1294 2644 1364 longanimitutis
2692 1296 3029 1350 contemnis?
3071 1293 3295 1365 Ignoras
3346 1298 3597 1366 quoniam
3655 1297 3807 1352 beni-

2223 1385 2396 1454 gnitas
2447 1382 2546 1438 Dei
2599 1383 2669 1439 ad
2702 1385 3058 1454 paenitentiam
3115 1394 3162 1439 te
3198 1387 3456 1440 adducit?
3498 1385 3804 1441 Secundum

2222 1476 2484 1531 duritiam
2519 1486 2696 1531 autem
2747 1485 2895 1530 tuam
2933 1485 2982 1530 et
3013 1478 3345 1547 impaenitens
3382 1494 3496 1545 cor,
3529 1480 3803 1533 thesauri-

2225 1584 2317 1621 zas
2348 1568 2446 1622 tibi
2471 1569 2608 1621 iram
2636 1568 2692 1621 in
2730 1567 2816 1621 die
2854 1567 2970 1632 ira’,
3004 1579 3054 1622 et
3089 1568 3580 1638 reuelationisjusti
3601 1568 3804 1639 judicii

2223 1653 2341 1721 Dei,
2371 1655 2464 1726 qui
2486 1654 2666 1708 reddet
2718 1655 2996 1725 unicuique
3024 1656 3309 1710 secundum
3349 1672 3507 1726 opera
3532 1657 3647 1727 ejus
3672 1673 3691 1711 :
3716 1658 3803 1713 his

2221 1746 2453 1817 quidem,
2475 1746 2565 1816 qui
2609 1747 2897 1801 secundum
2947 1747 3261 1814 patientiam
3294 1747 3415 1803 boni
3453 1750 3648 1818 operis,
3694 1749 3807 1821 glo-

535 1850 660 1895 sunt
687 1852 907 1912 peccata
935 1843 1007 1896 ⁸⁵.
1041 1840 1332 1896 Mundatur
1362 1856 1492 1912 ergo
1524 1842 1692 1895 homo
1719 1855 1750 1894 a
1782 1846 2025 1910 peccato,
2060 1848 2113 1892 et
2145 1856 2185 1910 Β
2214 1844 2350 1897 riam
2386 1852 2438 1898 et
2491 1842 2738 1898 honorem
2763 1853 2809 1909 et
2837 1843 3306 1914 incorruptionem,
3362 1846 3718 1916 quaerentibus
3751 1848 3804 1881 ”

535 1934 772 2004 resurgit
803 1935 979 2005 gratia
1022 1932 1118 1988 Dei
1166 1933 1353 2004 lapsus
1376 1932 1451 1998 ⁸⁸,
1485 1941 1540 1988 et
1594 1933 1646 1987 in
1674 1932 1907 2002 pristino
1934 1938 2118 1984 manet

533 2022 740 2089 ollicio,
795 2024 952 2094 juxta
1010 2023 1299 2094 prmdictas
1357 2024 1737 2079 auctoritates.
1800 2020 1998 2077 Videat
2046 2034 2115 2075 ne

534 2111 770 2181 amplius
822 2121 1056 2182 peccet,
1119 2122 1181 2167 ut
1236 2112 1506 2168 sententia
1560 2109 1839 2181 Evangelii
1894 2118 2116 2164 maneat

534 2202 589 2257 in
621 2218 726 2259 eo:
775 2201 939 2271 Vade,
974 2214 1024 2260 et
1072 2204 1301 2274 amplius
1329 2203 1439 2257 noli
1484 2219 1695 2273 peccare
1743 2203 1815 2258 ⁸⁷.
1856 2200 2012 2257 Unde
2040 2202 2116 2256 ait

532 2294 831 2365 Apostolus
857 2314 870 2349 :
902 2295 1027 2349 Non
1047 2312 1169 2366 ergo
1202 2304 1377 2366 regnet
1395 2304 1667 2365 peccatum
1697 2297 1755 2348 in
1781 2303 1951 2348 vestro
1973 2309 2115 2347 mor-

533 2387 635 2440 tali
663 2403 898 2457 corpore,
927 2398 985 2441 ut
1036 2388 1297 2443 obediatis
1345 2387 1783 2455 concupiscentiis
1830 2387 1965 2457 ejus.
2008 2384 2112 2441 Sed

532 2493 696 2549 neque
745 2478 1036 2532 exhibeatis
1085 2478 1320 2532 membra
1372 2487 1543 2532 vestra
1601 2494 1755 2531 arnta
1811 2476 2112 2547 iniquitatis

531 2578 769 2639 peccato,
805 2569 896 2622 sed
918 2569 1157 2623 exhibete
1205 2584 1293 2623 vos
1320 2567 1451 2635 Deo,
1507 2578 1760 2638 tanquam
1781 2582 1847 2622 ea:
1889 2568 2112 2620 mortuis

532 2660 780 2728 viventes,
806 2669 855 2713 et
880 2659 1111 2714 membra
1137 2669 1310 2715 vestra
1360 2675 1514 2714 arma
1533 2659 1769 2729 justitia:
1810 2658 1939 2714 Deo.
1976 2657 2112 2714 Pec-

530 2762 711 2808 catum
737 2753 875 2806 enim
927 2750 1067 2805 vobis
1120 2767 1223 2809 non
1258 2752 1655 2816 dominabitur;
1683 2768 1786 2806 non
1834 2751 1974 2805 enim
2018 2751 2111 2805 sub

540 2842 653 2913 lege
684 2843 833 2908 estis,
866 2842 955 2896 sed
983 2843 1077 2896 sub
1122 2843 1319 2914 gratia.
1352 2841 1493 2907 Quid
1518 2859 1641 2913 ergo
1668 2843 1693 2897 ?
1743 2841 2111 2906 Peccabimus,

530 2932 780 3002 quoniam
811 2948 912 2986 non
945 2947 1128 2985 sumus
1157 2930 1252 2985 sub
1297 2930 1427 3001 lege,
1458 2931 1548 2985 sed
1573 2932 1665 2985 sub
1691 2931 1913 3002 gratia!
1936 2929 2108 2985 Absit.

530 3019 613 3078 An
639 3025 875 3089 nescitis,
905 3024 1156 3095 quoniam
1186 3025 1274 3078 cui
1295 3023 1548 3078 exhibetis
1574 3039 1661 3077 vos
1692 3037 1864 3077 servos
1895 3023 1964 3076 ad
1993 3025 2111 3076 obe-

530 3116 804 3181 diendum,
830 3116 966 3170 servi
991 3117 1117 3170 estis
1145 3114 1282 3184 ejus,
1314 3117 1401 3169 cui
1422 3116 1666 3180 obeditis,
1692 3116 1797 3169 sive
1817 3115 2018 3184 peccati
2041 3114 2111 3168 ad

2219 1935 2383 1989 vitam
2418 1942 2671 1990 aternam
2691 1950 2712 1999 ;
2764 1934 2845 1989 his
2878 1942 3078 2000 autem,
3126 1938 3217 2006 qui
3268 1951 3334 1990 ea:
3367 1938 3720 2001 contentione,
3750 1946 3805 1993 et

2217 2025 2309 2095 qui
2334 2040 2436 2078 non
2467 2025 2800 2095 acquiescunt
2838 2027 3070 2091 veritati,
3117 2026 3341 2081 credunt
3394 2038 3569 2083 autem
3600 2029 3805 2099 iniqui-

2220 2117 2339 2180 tati,
2367 2114 2454 2168 ira
2494 2123 2542 2169 et
2567 2115 2884 2185 indignatio,
2928 2109 3205 2171 tribulatio
3235 2126 3284 2172 et
3313 2120 3563 2189 angustia
3592 2120 3649 2173 in
3684 2136 3799 2174 om-

2219 2221 2335 2259 nem
2363 2207 2599 2259 animam
2627 2204 2854 2262 hominis
2901 2208 3170 2276 operantis
3213 2208 3438 2275 malum,
3480 2209 3662 2265 Judazi
3686 2214 3802 2283 pri-

2217 2312 2363 2350 mum
2387 2305 2436 2350 et
2464 2295 2654 2352 Greci.
2687 2297 2873 2353 Gloria
2905 2307 3101 2367 autem,
3139 2310 3189 2354 et
3219 2300 3407 2362 honor,
3440 2311 3490 2355 et
3526 2317 3631 2371 pas;
3653 2303 3805 2357 omni

2218 2388 2458 2456 aperanti
2492 2388 2684 2442 bonum
2706 2387 2775 2443 ".
2813 2387 3174 2456 Sententiam,
3208 2390 3426 2456 fratres,
3480 2407 3605 2461 quas
3634 2395 3804 2450 mise-

2217 2477 2510 2532 ricordiam
2534 2487 2679 2533 vetat
2706 2479 2774 2544 θ’,
2808 2494 2916 2534 non
2953 2479 3132 2535 solum
3158 2488 3363 2547 tenere,
3399 2482 3496 2537 sed
3519 2488 3574 2538 et
3598 2482 3799 2538 audire

2220 2565 2470 2638 refugite,
2501 2569 2629 2637 quia
2660 2568 2842 2638 potior
2885 2578 2969 2624 est
2998 2568 3376 2625 misericordia
3404 2571 3664 2627 omnibus
3696 2572 3801 2627 lto-

2184 2656 2675 2737 rlocautomatibus
2723 2668 2776 2713 et
2822 2658 3108 2717 sacriliciis
3159 2659 3230 2716 ”.
3272 2660 3550 2717 Consultis
3578 2663 3802 2728 _vestris

2221 2749 2455 2805 breviter
2504 2751 2914 2821 respondimus,
2972 2751 3102 2820 quia
3148 2766 3441 2822 oppressos
3493 2753 3682 2821 nimis,
3741 2765 3803 2811 et

2216 2849 2626 2911 prteoccupatos
2683 2841 2806 2897 aliis
2853 2840 3101 2912 judiciis,
3156 2841 3350 2897 littera:
3388 2857 3489 2898 nos
3530 2843 3800 2901 invenere

2215 2940 2431 2988 vestrae.
2458 2930 2592 2986 Data
2615 2946 2714 2986 vm
2734 2930 2860 2987 ldus
2880 2930 3154 3001 Octobris,
3181 2932 3460 2989 Antonino
3481 2942 3537 2989 et
3558 2932 3801 2989 Alexan-

2215 3023 2317 3078 dro
2340 3023 2475 3079 viris
2500 3023 2824 3080 clarissimis
2862 3023 3183 3080 consulibus
3211 3023 3277 3078 ".

592 3279 640 3309 δ’
666 3274 815 3332 Psal.
841 3291 1026 3341 cxxrx,
1062 3276 1116 3332 7.
1149 3277 1196 3311 ⁸⁸
1219 3277 1364 3332 Psal.
1387 3291 1543 3337 χχιιι.
1576 3275 1664 3331 10.
1740 3276 1783 3310 ⁸⁵
1808 3275 1966 3331 Rom.
1995 3293 2078 3339 ιιι.
2106 3277 2140 3330 2

2225 3275 2302 3331 26.
2379 3276 2425 3312 ⁸⁵
2450 3274 2595 3332 Psal.
2616 3291 2769 3342 xxxi,
2806 3274 2859 3333 1.
2935 3275 2983 3308 ⁸⁸
3011 3291 3041 3329 a
3066 3276 3225 3345 lapsu
3295 3274 3341 3306 ⁸⁷
3365 3273 3524 3328 Joan.
3547 3288 3665 3334 \‘lll,
3699 3272 3795 3327 il.

566 3349 791 3420 “Rom.
825 3367 900 3411 vi,
934 3352 1119 3407 {2-19.
1195 3352 1242 3383 ”
1265 3351 1396 3405 Sixti
1427 3360 1568 3420 sent.
1602 3352 1717 3405 iu.
1793 3352 1840 3384 ’θ
1872 3351 2101 3405 Roman.
2127 3351 2366 3404 Correct.
2398 3350 2955 3420 prmieruntqverbum
2984 3358 3223 3420 quierunt
3252 3348 3535 3420 participio

567 3419 723 3475 tibus.
790 3420 834 3452 ⁹¹
862 3420 1016 3475 Rom.
1048 3438 1106 3485 ιι,
1136 3422 1189 3486 '5,
1221 3421 1306 3475 l0.
1368 3422 1414 3451 ”
1438 3418 1568 3475 Sixti
1599 3429 1741 3477 sent.
1768 3422 1891 3486 528,
1924 3436 1992 3474 ex
2020 3435 2140 3475 vers

2225 3435 2268 3475 te
2292 3419 2472 3474 Ruﬁni
2496 3418 2586 3488 qui
2611 3418 2743 3473 obiit
2767 3434 2856 3473 an.
2884 3418 3006 3473 411.
3070 3419 3117 3452 ⁸⁸
3141 3418 3303 3474 Marc.
3333 3435 3428 3474 xu.
3487 3418 3534 3451 “
3559 3418 3651 3472 an.
3672 3418 3808 3474 22%.

1847 3774 2020 3819 ANNO
2069 3770 2304 3818 DOMINI
2344 3771 2600 3817 CCXXXI.

1420 3956 1594 4136 S.
1729 3945 2457 4131 UBBAN
2471 3949 2733 4129 US
2879 3954 2960 4125 Ι

1760 4247 2174 4311 PONTIFEX
2226 4244 2616 4307 ROMANUS

1202 4565 1544 4632 NOTITIA
1599 4565 1715 4626 EX
1762 4563 1998 4626 LIBRO
2048 4558 2566 4624 PONTIFICALI
2606 4558 2913 4622 DAMAS]
2954 4557 3179 4619 PAPIE

556 4734 754 4799 (nam,
779 4730 982 4797 Concil.,
1007 4733 1049 4797 Ι,
1069 4732 1183 4793 747,
1202 4729 1378 4783 Varias
1394 4729 1645 4780 lectiones
1667 4727 1884 4799 adbpnc
1911 4728 2073 4799 locum
2094 4722 2316 4799 Libri

2317 4723 2549 4787 ntilicalis
2568 4723 2682 4787 vide
2713 4718 3017 4787 Patrologite
3058 4717 3242 4770 Latino:
3287 4723 3404 4768 tom.
3433 4714 3670 4778 CXXVII,
3718 4724 3796 4767 col

1683 4789 1823 4849 1338,
1849 4790 1901 4838 in
1920 4787 2186 4840 Anastasio
2206 4785 2643 4846 Bibliothecario.)

2145 4924 2214 4937 _

632 5008 884 5069 Urbanus
909 5012 985 5085 (l)
1015 5013 1238 5069 natione
1279 5010 1582 5079 Romanus,
1618 5027 1684 5067 ex
1718 5021 1872 5083 patre
1908 5011 2203 5081 Pontiano,
2229 5012 2369 5069 sedit
2415 5022 2591 5065 annos
2632 5013 2903 5078 quatuor,
2939 5019 3156 5060 menses
3192 5003 3289 5067 10,
3336 5002 3453 5089 dies
3487 5002 3553 5057 ιε
3582 5001 3685 5073 (2).
3723 5001 3831 5060 llic

627 5167 728 5241 (i)_
747 5166 1014 5241 Urbanus.
1047 5168 1185 5223 Cum
1218 5170 1686 5241 postAmartyrium
1709 5168 1944 5241 Callisti,
1975 5170 2131 5241 sedes

627 5184 704 5240 υ)
747 5184 1014 5223 urbanus.
1047 5184 1185 5223 bum
1291 5184 1342 5226 st
1365 5184 1686 5241 martyrium
1709 5184 1944 5235 uatnsn,
1975 5184 2131 5224 sedes

554 5254 651 5294 sex
679 5238 872 5294 diebus
902 5248 1174 5299 vacasset,
1214 5184 1288 5294 gl)
1326 5236 1599 5304 Octobris,
1625 5254 1771 5294 anno
1788 5239 1993 5295 Christi
2019 5240 2132 5293 nati

552 5308 809 5381 226,_qui
830 5316 916 5364 est
938 5309 1234 5381 Alexandri
1261 5309 1605 5381 imperatoris
1628 5311 1849 5381 tertius,
1876 5307 2132 5381 Urbanus

553 5377 735 5448 patria
774 5377 1057 5433 Romanus
1104 5380 1173 5450 ei
1204 5377 1574 5435 substituitur.
1627 5378 1827 5435 Baron.
1856 5379 2132 5450 praedicto

552 5464 734 5520 anno,
778 5449 1088 5520 num._ult.
1144 5448 1258 5506 Sub
1291 5450 1455 5520 hujus
1487 5449 1800 5519 pontiﬁcatu
1841 5448 2131 5520 Origenem

552 5517 935 5590 Alexandrinae
957 5517 1222 5590 Ecclesia},
1236 5517 1540 5585 subditum,
1570 5528 1928 5590 spontaneum
1943 5517 2132 5575 eunu-

550 5588 719 5671 chum
746 5589 816 5671 ab
843 5588 1154 5671 {Menandro
1181 5588 1685 5671 Hierosolymorum
1711 5591 1965 5671 episcopo
1992 5602 2127 5671 con-

554 5665 634 5727 tra
664 5658 1034 5727 apostolorum
1067 5673 1306 5716 canones
1333 5658 1640 5715 ordinatum
1674 5658 1797 5716 esse
1824 5658 2131 5714 Demetrius

550 5725 934 5801 Alexandrina:
968 5727 1229 5801 Ecclesiae
1284 5729 1572 5801 episcopus
1603 5731 1757 5801 jure
1822 5729 2128 5801 meritoque

551 5797 927 5869 conqueritur,
966 5797 1252 5873 ipsumque
1281 5797 1569 5872 O‘rigetiem
1598 5797 1656 5858 in
1683 5800 1949 5857 laicorum
1980 5797 2129 5857 ordi-

2240 5182 2365 5222 nem
2393 5163 2766 5237 redigendum,
2789 5161 2939 5237 etab
2958 5159 3220 5237 exercitio
3245 5157 3566 5237 presbyterii
3589 5173 3832 5228 suspen-

2240 5238 2480 5294 dendum
2512 5228 2671 5300 Esse,
2720 5228 2869 5289 recte
2908 5230 3150 5300 decrevit
3195 5228 3261 5284 et
3302 5228 3588 5300 admonet;
3630 5239 3828 5300 postea

2239 5309 2464 5378 tandem,
2484 5299 2942 5378 excommunicat,
2966 5299 3110 5370 quod
3132 5300 3335 5378 scripta
3368 5299 3617 5378 quadam
3636 5299 3827 5378 .dein-

2239 5391 2369 5447 cepa
2419 5377 2489 5447 ab
2535 5388 2602 5429 eo
2651 5374 2738 5428 vel
2779 5366 3027 5447 evulgata
3050 5411 3067 5437 ,
3101 5370 3200 5447 ‘vel
3221 5366 3263 5436 ,⁷
3288 5377 3348 5424 ιιι
3380 5366 3531 5447 ipse
3555 5366 3828 5447 Origenes

2241 5438 2576 5508 excusabat,
2637 5457 2739 5499 suo
2781 5438 3004 5497 nomine
3051 5440 3230 5506 edita,
3284 5438 3470 5495 multis
3517 5438 3829 5496 baeresibus

2243 5524 2535 5637 gestetgant.
2563 5513 2706 5637 ἕως
2735 5511 2935 5567 Baron.
2975 5510 3236 5582 praadicto
3274 5523 3419 5565 anno
3451 5515 3506 5566 et
3534 5510 3828 5578 sequenti-

2276 5602 2361 5637 us.
2445 5600 2531 5637 BV.
2611 5599 2681 5637 IN.

2236 5587 2361 5643 bus.
2404 5586 2531 5639 Sev.
2563 5586 2681 5637 Bm.

2305 5655 2387 5728 (2)
2425 5652 2571 5728 §edit
2596 5668 2763 5708 annos
2793 5652 2847 5720 4,
2879 5668 3077 5707 menses
3112 5650 3198 5728 ll),
3221 5650 3331 5706 dies
3365 5649 3453 5728 12.
3481 5646 3561 5702 Ex
3592 5645 3828 5704 Vatica~

2236 5721 2328 5782 nis'
2353 5721 2625 5780 indicibus
2649 5732 2863 5779 constat
2894 5737 3021 5778 eum
3060 5722 3266 5778 sedisse
3310 5721 3471 5776 annis
3494 5734 3612 5782 sex,
3638 5731 3825 5773 mens.

2239 5796 2306 5867 7,
2347 5795 2492 5852 dieb.
2524 5796 2580 5852 4.
2611 5792 2810 5853 Euseb.
2859 5794 2917 5849 in
2947 5792 3145 5849 Chron.
3175 5792 3416 5851 graviter
3460 5796 3653 5856 errat,
3685 5788 3825 5844 dum
