4006 6356
196 389 291 444 Q33
1736 397 1769 451 δ

1879 399 2037 456 lTlA.
3369 409 3470 462 (Μ

193 506 316 560 fecit
349 507 664 587 ministeria
696 519 920 587 sacrata
945 512 1127 565 omnia
1155 521 1405 587 argentea
1437 514 1626 587 (alet
1657 522 1881 587 patcnas
1915 524 2217 587 argenteas
2240 514 2311 587 25
2354 515 2764 587 θρροειιίς.ᾘῖο
2797 532 2896 571 sua
2935 518 3226 573 traditione
3268 524 3470 579 multos

189 580 460 661 convertit
498 580 956 661 adnbaptismurn
989 591 1043 634 et
1070 582 1475 661 credulitatem;
1509 580 1816 661 Tibur-tium
1851 580 2013 639 etiam
2041 593 2097 661 _et
2130 580 2473 661 Valerianum
2506 585 2917 661 _uobilissimum
2956 588 3164 661 uirum,
3205 605 3468 661 sponsum

192 648 852 724 sanctm_Czecili:e,7quos
884 650 1048 724 etiam
1077 666 1249 724 usque
1288 653 1352 724 ad
1389 653 1632 724 martyrii
1664 654 1898 724 palmam
1926 654 2196 723 perduxit.
2236 653 2302 707 Et
2345 669 2440 722 per
2467 654 2589 724 ejus
2617 657 2820 709 monita
2865 665 2919 710 et
2958 648 3282 723 doctrinam,
3313 662 3467 716 multi

193 717 454 799 martyrio
497 721 748 799 coronati
779 730 911 799 sunt
942 721 1042 790 (4).
1087 717 1182 774 Hic
1210 721 1339 799 fecit
1377 717 1747 799 ordinationes
1782 717 2023 799 quinque
2060 739 2159 799 per
2181 717 2422 799 mensem
2465 717 2836 799 Decembrem:
2871 728 3214 799 presbyteros
3249 717 3468 792 novem,

192 784 454 869 discernes
485 787 752 869 quinque,
783 784 1075 858 episcopos
1106 806 1201 869 per
1227 791 1442 869 diversa
1475 784 1907 869 loca_octo_.A'Qui
1929 784 1985 849 et
2009 784 2254 863 sepultus
2279 801 2362 849 est
2389 793 2444 847 in
2465 793 2779 850 caemeterio
2801 784 3128 866 Prietextati,
3153 798 3238 852 via
3271 784 3468 869 Appia,

191 869 279 908 nu
315 853 596 912 Kalendas
626 853 844 924 Junias',
871 869 926 914 et
957 853 1189 915 cessa-vit
1217 861 1563 930 episcopatus
1590 861 1708 916 dies
1735 853 1825 918 50.

1304 1212 1822 1306 NOTITIA
1897 1215 2399 1306 ALTERA.

1247 1402 1340 1463 (D.
1367 1403 1631 1462 Cous-uxr,
1665 1401 1894 1468 Epistolaa
1926 1406 2059 1454 Rom.
2087 1413 2200 1466 nant
2253 1408 2290 1466 Ι,
2315 1407 2364 1455 ll
2385 1407 2448 1470 ι.)

254 1705 665 1775 Huncpapam,
691 1703 1002 1759 Alexandro
1027 1703 1375 1775 imperatore,
1396 1702 1623 1760 Callisto
1653 1719 1773 1760 suc-
1802 1718 1844 1766 Α
1875 1712 2168 1760 censentur
2216 1703 2560 1759 consulatus.
2603 1701 2674 1758 At
2717 1703 2772 1758 in
2822 1702 3170 1763 Bucheriano
3203 1706 3464 1781 Catalogo

190 1798 416 1853 cessisse
446 1795 722 1851 Eusebius
754 1796 810 1849 in
832 1793 1093 1851 Chronico
1123 1793 1308 1850 tradit.
1345 1793 1484 1848 Eum
1517 1793 1774 1849 Ecclesiae

189 1889 447 1944 Romanae
480 1889 799 1958 pontiﬁcatu
831 1888 1071 1941 octennio
1096 1886 1440 1958 perfunctum
1469 1902 1592 1944 esse
1625 1887 1767 1942 idem

189 1982 421 2051 scriptor
462 1979 613 2034 Hist.
654 1981 748 2035 lib.
795 1996 870 2045 vr,
901 1995 951 2035 c.
978 1981 1070 2047 23,
1093 1981 1271 2036 docet.
1304 1979 1520 2034 Etcum
1550 1979 1770 2049 quidem

187 2091 216 2126 ι
255 2072 550 2126 consulatu
603 2070 833 2126 Maximi
875 2082 926 2125 et
962 2071 1174 2125 Aflt'ani
1218 2087 1382 2142 usque
1425 2071 1676 2142 Agricola
1723 2081 1772 2125 et

184 2164 538 2226 Clementiae,
569 2163 672 2218 hoc
694 2173 776 2218 est
808 2162 877 2217 ab
905 2177 1050 2216 anno
1078 2161 1282 2218 Christi
1305 2163 1412 2216 225
1439 2163 1508 2218 ad
1531 2162 1636 2216 250
1667 2161 1772 2218 Ec-

183 2256 402 2310 clcsiam
444 2254 662 2309 rexisse
699 2269 766 2309 ex
808 2253 1150 2308 Bucheriano
1191 2253 1438 2323 catalogo
1483 2253 1768 2310 discimus.

181 2345 299 2402 Maii
336 2348 415 2402 25
446 2348 565 2413 die,
586 2361 698 2416 quo
729 2354 782 2400 et
813 2346 1133 2399 memoriam
1160 2346 1283 2416 ejus
1309 2347 1549 2402 celebrat
1579 2345 1770 2403 Eccle-

181 2441 278 2504 sia,
313 2440 534 2495 obiisse
581 2438 841 2494 creditur.
877 2435 1003 2492 flare
1049 2445 1231 2492 autem
1283 2438 1467 2493 omnia
1514 2438 1657 2494 inter
1689 2454 1769 2506 se,

183 2546 392 2587 necnon
424 2547 558 2586 cum
589 2531 676 2595 iis,
711 2545 833 2600 qua:
857 2530 924 2585 de
953 2529 1178 2584 Callisto
1208 2530 1595 2599 praemisimus,
1627 2545 1774 2585 com-

180 2624 301 2692 poni
328 2622 629 2677 commode
665 2629 929 2690 possunt,
962 2622 1008 2676 si
1053 2623 1365 2676 octennium
1398 2621 1770 2678 Eusebianum

181 2724 299 2770 octo
329 2715 594 2770 diversos
619 2715 946 2768 consulatus
969 2713 1360 2783 intelligamus.
1385 2712 1520 2768 Nam
1545 2715 1614 2768 ab
1639 2714 1769 2768 anni

181 2808 282 2862 223
326 2822 528 2862 mense
564 2805 807 2872 Octobri,
857 2807 1002 2862 circa
1045 2807 1205 2875 cujus
1253 2807 1460 2861 exitum
1508 2806 1770 2862 Callistus

178 2897 426 2968 pontifex
471 2907 696 2952 creatus
724 2905 976 2967 putatur,
1009 2898 1078 2953 ad
1120 2897 1190 2952 25
1232 2897 1376 2952 diem
1413 2899 1617 2954 mensis
1641 2898 1769 2954 Maii

181 2990 306 3045 anni
335 2986 473 3054 250,
515 3004 628 3059 quo
664 2987 872 3044 Urbani
918 3005 1067 3044 mors
1113 2989 1489 3059 consignatur,
1531 2999 1657 3046 octo
1684 3006 1770 3045 re-

1876 1810 1986 1850 non
2025 1795 2204 1851 solum
2247 1810 2422 1850 annos
2477 1793 2532 1858 8,
2579 1795 2671 1850 sed
2704 1805 2757 1850 et
2801 1806 3061 1866 praeterea
3113 1815 3333 1856 menses
3369 1803 3460 1869 tl,

1877 1885 1994 1941 dies
2020 1884 2108 1953 l2,
2141 1884 2198 1938 in
2225 1899 2330 1939 ms.
2358 1896 2541 1939 autem
2569 1885 2771 1956 reginae
2811 1883 2974 1941 Suec.
3011 1901 3186 1943 annos
3217 1889 3272 1952 8,
3303 1904 3460 1944 men-

1876 1993 1966 2034 ses
1998 1977 2087 2043 10,
2115 1977 2234 2034 dies
2264 1977 2352 2043 l2,
2404 1977 2459 2032 in
2489 1976 2807 2034 Corbeiensi
2855 1994 3029 2035 annos
3053 1981 3108 2048 9,
3153 1983 3370 2038 menses
3404 1983 3458 2046 l.

1875 2072 1992 2127 dies
2021 2070 2082 2125 11
2122 2069 2334 2126 sedisse
2382 2069 2698 2127 adnotatur.
2740 2069 2846 2126 Sed
2889 2072 3016 2142 quia
3057 2073 3112 2127 in
3148 2075 3461 2130 numericas

1875 2173 2034 2218 notas
2066 2177 2222 2218 error
2257 2160 2419 2217 facile
2443 2162 2655 2230 irrepit,
2701 2163 2836 2218 adeo
2884 2173 2944 2218 ut
2975 2180 3072 2234 pro
3095 2177 3218 2222 octo
3253 2164 3461 2222 Urbani

1873 2253 2148 2325 pontiﬁcis
2190 2253 2348 2308 annis
2391 2251 2447 2308 in
2495 2267 2606 2309 uno
2649 2252 2963 2310 Colbertino
3001 2254 3069 2308 lV
3101 2257 3231 2311 etin
3260 2256 3461 2314 Fossa-

1874 2346 2016 2402 tcnsi
2050 2342 2117 2398 ΠΙ
2177 2354 2389 2400 tantum
2423 2345 2696 2416 legantur.
2739 2343 3051 2401 haerendum
3096 2349 3278 2417 potius
3306 2349 3460 2405 vide-

1875 2446 1964 2492 tur
1998 2437 2276 2494 consulari
2304 2445 2468 2501 nota,
2499 2451 2607 2505 qua
2639 2435 2848 2491 Urbani
2884 2438 3237 2508 pontiﬁcatus
3273 2455 3305 2495 a
3338 2439 3458 2496 Ma-

1875 2531 2009 2586 ximi
2042 2541 2096 2586 et
2118 2529 2334 2585 ἰειίθηί
2378 2530 2667 2585 consulatu
2705 2529 2771 2584 ad
2813 2531 3159 2586 consulatum
3188 2531 3461 2604 Agricola

1871 2632 1926 2679 et
1954 2622 2281 2679 Clementini
2308 2622 2361 2676 in
2392 2621 2734 2677 Buclteriano
2756 2622 3008 2693 catalogo
3036 2623 3315 2678 delinitur.

1945 2712 2152 2768 Urbani
2181 2713 2393 2766 nullum
2437 2712 2504 2767 ad
2554 2728 2656 2768 nos
2703 2715 2948 2784 pervenit
2992 2714 3292 2784 genuinum
3325 2715 3462 2770 scri-

1873 2815 2048 2876 ptum.
2081 2805 2158 2860 Ea
2190 2806 2389 2876 quippe
2434 2806 2685 2876 epistola,
2722 2822 2847 2876 qua:
2889 2807 3109 2862 nomine
3157 2807 3305 2863 illius
3351 2808 3460 2864 cir-

1872 2898 2196 2964 cumfertur,
2235 2898 2504 2953 lsidorum
2551 2897 2908 2954 Mercatorem
2955 2897 3206 2968 opiﬁcem
3253 2899 3455 2954 habet:

1875 2991 2122 3060 adeoque
2152 2990 2220 3045 ab
2246 2989 2367 3060 ejus
2393 2990 2714 3046 collectione
2743 3005 2852 3044 non
2892 2998 2977 3044 est
3009 2990 3386 3045 distrahenda.

179 3147 250 3201 illi
293 3161 478 3201 annos
513 3161 711 3200 novem
759 3144 1002 3200 ascribit.
1037 3144 1236 3200 Baron.
1274 3158 1420 3200 anno
1456 3144 1582 3212 255,
1615 3160 1768 3200 num.
1807 3151 1848 3206 Β
1875 3155 2009 3200 nutu
2057 3160 2122 3200 ac
2155 3145 2396 3215 consilio
2447 3143 2645 3200 accidit
2698 3153 2757 3200 ut
2805 3143 3114 3199 Alexander
3159 3143 3461 3215 imperator

181 3219 225 3272 ι.
254 3218 388 3272 Ser.
432 3216 554 3270 BIN.

247 3289 324 3355 (5)
370 3286 478 3340 Hic
512 3286 638 3354 fecit
683 3284 977 3338 ministeria
1017 3293 1230 3338 sacrata
1272 3285 1450 3339 omnia
1497 3295 1766 3353 argentea.

181 3358 268 3412 His
318 3357 667 3426 temporibus
694 3355 992 3426 Ecclesiam
1032 3369 1141 3426 non
1191 3356 1355 3410 modo
1404 3355 1624 3426 yitreis,
1675 3355 1769 3409 sed

180 3431 336 3482 etiam
374 3424 657 3497 argenteis
686 3425 978 3497 calicibus,
1011 3424 1576 3497 quibusabundabat,
1609 3440 1767 3478 usam

181 3499 378 3559 fuisse,
425 3493 796 3566 praeterquam
838 3496 984 3564 quod
1030 3493 1117 3550 hic
1161 3493 1310 3566 aliud
1347 3504 1664 3566 asseratur,
1701 3510 1767 3566 ex

179 3564 796 3637 Gregorii'TuI-onensis
823 3565 1292 3637 commentariolo,
1319 3579 1494 3637 quem_
1511 3565 1582 3637 De
1597 3564 1769 3637 gloria

179 3633 477 3706 martyrum
535 3636 796 3704 scripsit,
826 3649 1180 3706 cognoscere
1231 3633 1390 3701 licet,
1442 3634 1536 3689 ubi
1589 3633 1765 3706 dicit:

177 3703 344 3763 multa
375 3721 537 3761 sacra
565 3703 947 3760 ministerialia
976 3720 1105 3758 vasa
1133 3719 1198 3759 ex
1230 3712 1454 3774 argento
1484 3703 1765 3774 confecta,

179 3781 398 3832 inventa
433 3791 581 3840 esse,
608 3776 740 3830 dum
781 3783 967 3846 crypta
1007 3774 1133 3846 illa,
1155 3774 1207 3828 in
1238 3773 1346 3843 qua
1377 3773 1576 3846 ﬁdeles
1611 3789 1766 3828 sacra

180 3858 402 3918 agentes
445 3847 654 3900 occlusi
695 3843 940 3918 fuerant,
984 3843 1632 3918 re'foderetur,_llno_non
1676 3859 1766 3896 ar-

180 3912 388 3985 gEnteis
434 3927 687 3980 tantum,
735 3916 827 3970 sed
871 3923 927 3968 et
964 3916 1145 3969 aureis
1188 3913 1449 3970 calicibus
1491 3912 1768 3985 Romanos

180 3983 467 4057 pontiﬁces
513 3988 660 4040 circa
703 3986 817 4057 haec
853 3992 1097 4057 tempora
1133 3985 1484 4057 incruentum
1521 3983 1768 4052 corporis

179 4052 239 4113 ac
293 4058 594 4127 sanguinis
631 4055 864 4127 Domini
911 4052 1242 4127 sacriﬁcium
1293 4052 1487 4127 offerre
1530 4068 1768 4127 c_on_sue-

180 4129 338 4191 tisse,
372 4122 711 4182 Prudentius
741 4127 794 4197 in
830 4128 1033 4197 hymno
1059 4126 1125 4180 de
1149 4125 1317 4180 rebus
1346 4122 1511 4194 gestis
1544 4122 1602 4197 ξ.
1632 4122 1768 4197 μων

179 4199 334 4252 rentii
361 4199 596 4261 indicat,
618 4191 889 4261 versibus,
917 4195 1118 4265 quibus
1142 4191 1522 4265 persecutores
1547 4191 1605 4249 S.
1631 4191 1768 4248 Lau-

174 4271 407 4323 rentium
441 4267 884 4336 interpellarunt,
920 4266 1099 4320 hisce:

507 4381 666 4435 Hunc
689 4395 798 4432 esse
830 4381 1014 4432 vestris
1047 4379 1206 4450 orgiis

505 4450 829 4519 ﬂoremque,
857 4459 904 4501 et
939 4449 1126 4512 artem,
1149 4449 1416 4517 proditum
1446 4455 1559 4509 est;

502 4519 662 4574 Hanc
691 4519 1029 4587 disciplinam
1056 4519 1265 4585 [aderis

502 4589 689 4643 Libent
719 4599 774 4642 ut
799 4606 930 4642 auro
961 4590 1241 4651 antistites,

503 4661 774 4730 Argenteis
806 4660 1014 4729 scyphis
1042 4658 1239 4728 ferunt,

499 4729 737 4784 Fu’mare
765 4746 976 4783 sacrum
998 4730 1336 4798 sanguinem:

498 4803 748 4868 Aaroque
769 4802 1036 4853 nocturnis
1063 4800 1230 4852 sacris

499 4872 694 4925 Astare
717 4870 853 4940 ﬁxos
879 4886 1072 4926 cereos.

244 4988 387 5045 Cum
439 4987 608 5059 igitur
659 4987 760 5041 hac
813 4999 900 5059 ex_
926 4983 1081 5053 parte
1130 4981 1475 5059 Christiana;
1504 4978 1760 5059 Ecclesiae

181 5058 352 5128 gloria
401 5049 714 5121 crésceret,
757 5049 937 5128 regale
968 5053 1359 5128 sacerdotium
1416 5051 1616 5128 Christi
1666 5049 1759 5128 his

182 5117 485 5199 fulgoribus
516 5137 570 5183 et
599 5117 936 5181 ornamentis
966 5123 1350 5190 illustraretur,
1383 5137 1490 5176 non
1515 5121 1634 5174 sine
1663 5117 1757 5174 Dei

1879 3216 2093 3285 templis
2137 3214 2364 3269 deorum
2427 3215 2752 3285 gentilium,
2809 3230 3005 3285 aurum
3062 3223 3114 3269 et
3170 3214 3458 3285 argentum

1872 3283 2111 3339 conferri
2137 3300 2278 3354 tegre
2303 3283 2507 3349 tulerit,
2541 3285 2782 3352 illudque
2808 3283 3003 3351 Persii,
3028 3295 3089 3339 ut
3112 3283 3279 3340 refert
3305 3283 3461 3339 Lam.

1874 3355 2106 3424 pridius,
2138 3354 2452 3423 frequenter
2483 3355 2817 3410 susurrarit:

2232 3463 2298 3519 In
2329 3465 2520 3534 templo
2549 3465 2678 3536 quid
2709 3466 2842 3536 facit
2877 3467 3108 3520 aurum?

1869 3577 1937 3632 Et
1961 3578 2178 3634 demum
2213 3578 2506 3648 singularis
2537 3577 2738 3633 divince
2769 3578 3124 3650 providentia:
3160 3593 3300 3650 opus
3331 3597 3455 3638 esse

1869 3650 2104 3713 videtur,
2134 3650 2278 3719 quod
2305 3663 2502 3702 aurum
2536 3657 2590 3702 et
2615 3660 2924 3719 argentum,
2962 3649 3178 3719 templis
3199 3649 3458 3706 ethnico-

1867 3734 1990 3773 rum
2025 3717 2301 3790 jamfante
2340 3717 2748 3790 collatum._per
2777 3717 3134 3790 Maximinum
3163 3719 3458 3776 Alexandri

1868 3787 2241 3845 successorem
2275 3788 2416 3841 istuc
2445 3787 2673 3850 auferri,
2697 3796 2908 3842 statuas
2934 3787 3182 3851 deorum,
3211 3804 3458 3844 omnem-

1867 3875 1974 3928 que
2007 3859 2290 3913 materiam
2328 3857 2904 3928 nummisicondendis
2933 3856 3195 3928 idoneam_
3227 3858 3456 3913 conﬂari

1868 3925 2205 3998 permiserit:
2234 3929 2480 3997 adeoque
2505 3926 2736 3998 voluerit
2763 3926 2903 3990 ﬁeri,
2931 3927 3076 3998 quod
3108 3925 3127 3978 Ι
3163 3925 3296 3998 ιίςξεἐ
3329 3944 3453 3997 Cap.

1870 3995 1900 4053 ir
1923 3998 2202 4063 scribitur,
2231 4013 2356 4052 arca
2387 3995 2597 4053 scilicet
2627 3995 2720 4066 Dei
2743 3996 3237 4066 appropinquante,
3252 3995 3453 4066 ’Dagon

1868 4068 2310 4123 Philistlmorum
2345 4067 2510 4122 deum
2543 4065 2848 4136 confringi;
2879 4065 3038 4136 illam
3055 4066 3266 4132 extolli,
3305 4065 3455 4123 hunc

1867 4137 2059 4208 dejic‘i;
2106 4137 2253 4192 illam
2297 4137 2465 4209 gloria
2502 4146 2556 4192 et
2592 4135 2798 4209 honore
2833 4135 2992 4202 allici,
3022 4136 3169 4209 hunc
3197 4152 3329 4209 vero
3359 4138 3456 4193 de-

1863 4207 2069 4278 jeCtum
2097 4207 2356 4264 universo
2386 4222 2582 4262 ornatu
2620 4216 2674 4261 et
2712 4207 2912 4261 decore
2949 4207 3076 4262 exui
3107 4217 3161 4262 et
3189 4207 3453 4276 spoliari;

1866 4278 2191 4333 Christiana:
2229 4278 2504 4347 religionis
2553 4279 2789 4348 gloriam,
2827 4291 3074 4348 crescere
3097 4318 3112 4342 ,
3174 4278 3456 4346 gentilitia:

1868 4347 2575 4418 superstitionishonorem
2624 4347 2794 4418 minui
2823 4356 2878 4400 et
2893 4347 3120 4418 penitus
3144 4350 3450 4403 obscurari.

1869 4414 2070 4479 Ba'ron.
2099 4434 2245 4472 anno
2271 4416 2476 4472 Christi
2506 4417 2633 4476 255,
2659 4433 2715 4470 n.
2752 4416 2864 4486 {et
2891 4414 2944 4471 5.
2989 4414 3141 4486 Vide,
3162 4432 3284 4486 qua:
3311 4419 3455 4472 dixi-

1793 4497 1836 4553 c
1868 4503 1992 4542 mus
2023 4503 2188 4558 supra
2223 4487 2276 4558 in
2311 4489 2452 4542 notis
2476 4488 2541 4541 ad
2572 4486 2752 4540 Vitam
2777 4484 3199 4558 zephyrini._lu.

1944 4559 2020 4628 (4)
2061 4555 2167 4612 Per
2203 4557 2548 4628 ejus‘monjta
2588 4555 3158 4628 etgdoctrinam‘multi
3192 4557 3450 4628 martyrio

1873 4623 2112 4681 coronati
2139 4623 2282 4681 sunt.
2310 4626 2413 4692 Qui
2444 4625 2772 4690 Tiburtium,
2811 4623 3160 4680 Valerianum
3192 4634 3246 4679 et
3275 4624 3452 4678 Maxi—

1872 4712 2024 4752 mum
2053 4713 2178 4752 cum
2207 4709 2394 4752 sancta
2420 4695 2634 4750 Caecilia
2665 4696 2717 4748 in
2749 4695 2852 4750 ﬁde
2882 4695 3234 4760 instruxerat,
3273 4694 3451 4764 bapti-

1871 4778 2112 4831 zaverat,
2141 4775 2195 4822 et
2215 4766 2480 4822 adversus
2508 4766 2673 4820 ictum
2705 4765 2867 4834 gladii
2901 4765 3115 4819 hortatu
3147 4780 3249 4820 suo
3262 4765 3451 4834 phﬁr-

1873 4847 2134 4901 maverat,
2165 4835 2383 4892 tandem
2415 4837 2533 4905 ipse
2565 4832 2783 4905 quoque
2809 4835 2980 4890 multa
3019 4847 3238 4904 propter
3261 4832 3450 4890 Eccle-

1871 4907 2007 4962 siam
2034 4923 2251 4977 passus,
2281 4904 2895 4977 cervicmusabscissis,
2927 4907 3188 4977 martyrio
3217 4919 3450 4960 corona-

1865 4985 1954 5031 tus
1993 4975 2110 5045 est,
2150 4994 2296 5033 anno
2327 4975 2530 5032 Christi
2575 4975 3055 5045 235,,Alexandri
3104 4975 3450 5044 imperatoris

1863 5046 1971 5170 Ill),
2020 5043 2284 5170 \Eigesimo
2339 5046 2532 5118 quinto
2583 5045 2670 5101 die
2727 5044 2871 5102 Maii.
2932 5043 3133 5100 Barou.
3184 5043 3448 5118 praedicto

1883 5132 2002 5170 oco.
2059 5134 2113 5170 ε.

1883 5132 2002 5172 OCO.
2036 5132 2113 5174 ID.
