4006 6356
263 406 383 460 ῬΠ

1345 410 1681 468 ΕΡΙΒΤΟΙΑ
1721 415 1809 468 AD
1840 413 2073 472 OMNES
2109 416 2590 476 CllRlSTlANOS.

3425 433 3524 488 i153

277 536 391 582 tam
424 528 792 596 praesentibus
814 547 978 601 quam
1012 533 1211 590 futuris
1236 538 1592 606 temporibus,
1625 537 1859 608 plurima
1887 547 1933 604 Λ
1964 551 2141 595 autem
2172 542 2240 594 ad
2266 558 2379 595 eam
2406 558 2424 596 :
2451 543 2592 608 Quid
2642 545 2818 616 utique
2871 549 3104 602 convenit
3153 551 3295 604 vobis
3327 561 3524 606 tentare

270 630 328 676 et
354 621 691 690 elegantiora
720 637 949 694 possent
990 627 1302 683 ministrare
1333 629 1579 685 ﬁdelibus
1603 647 1856 686 comnm-

273 730 399 770 nem
427 715 588 770 ﬁdem
613 717 965 784 ducentibus,
989 736 1153 791 quam
1178 737 1242 776 ex
1271 724 1443 792 pretio
1471 739 1694 785 eorum;
1744 739 1855 779 cm-

269 818 471 878 perunt
498 810 700 878 praedia
726 819 781 864 et
817 826 998 882 agros,
1031 827 1170 882 quos
1192 813 1421 868 vendere
1452 815 1854 882 solebant,ma-

269 897 503 954 tricibus
525 897 787 957 Ecelesiis
817 903 1088 970 tradere’,
1123 913 1178 959 et
1226 920 1294 960 ex
1335 907 1638 976 sumptibus
1664 921 1850 961 eorum

267 1005 480 1046 νιτεῐε.

1036 1083 1098 1141 ll.

334 1192 476 1264 Ipsa:
505 1213 636 1253 vero
663 1215 750 1254 res
777 1199 830 1255 in
860 1201 1066 1256 ditione
1091 1201 1844 1272 singularumparochiarum,

258 1290 678 1358 episcoporum,
711 1292 805 1362 qui
834 1292 1011 1348 locum
1047 1302 1226 1346 tenent
1256 1295 1644 1363 apostolorum,
1669 1304 1844 1360 erant,

257 1388 315 1434 e:
347 1389 482 1434 sunt
532 1398 708 1452 usque
737 1384 938 1450 adhuc,
964 1394 1018 1439 et
1047 1383 1242 1438 futuris
1272 1401 1482 1454 semper
1503 1387 1697 1440 debent
1726 1403 1846 1442 esse

258 1471 631 1539 temporibus.
663 1472 704 1526 E
732 1475 932 1543 quibus
957 1475 1196 1544 episcopi
1226 1485 1278 1529 et
1301 1476 1484 1530 ﬁdeles
1502 1476 1844 1546 dispensato-

255 1573 588 1623 reseorum,
625 1563 880 1618 omnibus
910 1580 1254 1619 communem
1308 1566 1475 1620 vitam
1527 1566 1720 1636 degere
1747 1583 1843 1622 vo-

255 1649 524 1716 lentibus,
551 1654 862 1710 ministrare
893 1665 1089 1710 cuncta
1114 1659 1418 1713 necessaria
1442 1659 1658 1724 debent,
1682 1669 1843 1730 prout

255 1745 462 1800 melius
487 1749 786 1815 potuerint,
817 1757 878 1804 ut
911 1765 1073 1804 nemo
1098 1750 1150 1804 in
1196 1751 1276 1806 eis
1317 1767 1480 1822 egens
1510 1753 1834 1811 inveniatur.

266 1831 406 1905 Ipsae
456 1839 606 1891 enim
637 1854 720 1908 res
742 1839 978 1895 ﬁdelium
997 1841 1298 1896 oblationes
1321 1843 1678 1912 appellantur,
1708 1845 1836 1915 quia

1961 631 2221 701 Spiritum
2257 633 2510 688 Domini?
2541 635 2674 688 Ecce
2701 639 2852 706 pedes
2873 651 3050 692 eorum
3082 641 3172 710 qui
3209 643 3522 711 sepelierunt

1955 728 2126 779 uirum
2157 737 2320 792 tuum,
2352 729 2421 780 ad
2451 729 2667 791 ostium,
2697 737 2746 782 et
2767 729 2980 798 efferant
3011 745 3080 786 te.
3113 731 3405 803 Confestim
3439 755 3524 791 cc-

1955 817 2086 870 cidit
2111 818 2180 870 ad
2201 819 2353 887 pedes
2379 819 2513 887 ejus,
2537 831 2586 874 et
2606 822 2906 890 exspiravit.
2937 822 3206 879 lntrantes
3229 835 3404 882 autem
3421 829 3520 898 jn-

1953 926 2119 977 renes,
2151 911 2630 966 inveneruntillam
2667 923 2953 981 mortuam,
3003 927 3052 970 et
3101 917 3422 983 extulerunt,
3469 932 3520 975 et

1952 1003 2267 1071 sepelierunt
2294 1005 2362 1057 ad
2393 1005 2562 1058 virum
2586 1021 2760 1060 suum.
2793 1006 2862 1061 Et
2889 1009 3058 1078 factus
3086 1021 3162 1064 est
3197 1011 3356 1066 timor
3401 1029 3519 1066 ma-

1955 1108 2084 1161 gnus
2104 1093 2156 1144 in
2174 1093 2465 1147 universam
2483 1094 2794 1161 Ecclesium,
2807 1108 2856 1150 et
2872 1098 2926 1150 in
2949 1111 3122 1153 omnes
3133 1101 3222 1169 qui
3235 1102 3515 1156 audierunt

1949 1183 2058 1235 lucc
2073 1184 2113 1235 '.
2138 1181 2282 1246 Haec,
2302 1185 2520 1249 fratres,
2555 1185 2710 1240 valde
2735 1187 2969 1242 cavenda
2997 1198 3124 1242 sunt
3147 1199 3199 1242 ct
3225 1190 3462 1244 timenda
3495 1208 3511 1244 :

1949 1275 2076 1343 quia
2131 1291 2219 1330 res
2266 1273 2542 1339 Ecclesia,
2575 1293 2683 1331 non
2715 1279 2871 1347 quasi
2905 1280 3139 1348 pr0prize
3181 1281 3245 1344 ³⁸,
3298 1280 3394 1336 sed
3452 1291 3514 1337 ut

1944 1380 2263 1422 communes
2289 1376 2344 1422 et
2385 1367 2616 1423 Domino
2657 1370 2854 1424 oblata:
2883 1372 2948 1432 “,
3008 1388 3132 1426 cum
3180 1389 3396 1429 summo
3444 1377 3512 1428 ti-

1945 1474 2095 1514 more
2122 1475 2230 1514 non
2260 1460 2311 1514 in
2337 1461 2470 1517 alios
2496 1478 2660 1532 quam
2690 1463 2741 1518 in
2772 1464 3022 1534 praefatos
3051 1481 3183 1522 usus
3229 1477 3359 1523 sunt
3380 1469 3511 1524 ﬁde-

1943 1550 2064 1605 liter
2093 1551 2487 1620 dispensandze,
2543 1572 2611 1610 ne
2659 1559 2921 1626 sacrilegii
2965 1568 3171 1612 reatum
3205 1559 3507 1626 incurrant,

1941 1644 2033 1713 qui
2051 1659 2144 1698 eas
2170 1645 2292 1699 inde
2321 1645 2663 1712 abstrahunt,
2685 1649 2773 1702 ubi
2796 1650 3003 1704 tradita:
3027 1659 3269 1716 sunt,'ne
3290 1669 3506 1722 pinnam

1939 1748 1993 1792 et
2015 1748 2246 1793 mortem
2290 1741 2516 1796 Ananiae
2560 1751 2614 1795 et
2664 1740 2907 1812 Saphirae
2933 1744 3231 1810 incurrant,
3258 1756 3310 1800 et
3339 1748 3507 1816 (quod

1938 1828 2092 1898 pejus
2126 1831 2230 1902 est)
2283 1833 2570 1887 anathema
2605 1835 2923 1889 maranatha
2955 1837 3086 1889 ﬁant
3119 1837 3182 1901 ¹²,
3223 1845 3278 1890 et
3317 1837 3363 1892 si
3396 1853 3506 1893 non

252 1925 497 1982 Domino
527 1929 852 1986 oﬁ'eruntur.
877 1931 991 1986 Non
1017 1947 1144 2002 ergo
1170 1933 1366 1988 debent
1391 1937 1442 1988 in
1470 1935 1591 1990 aliis
1619 1936 1829 2002 usibus,
1865 1920 1905 1976 Β
1933 1937 2180 1993 corpore.
2209 1931 2269 1977 ιη
2303 1925 2544 1980 Ariani“
2572 1935 2627 1979 εί
2661 1925 2913 1996 δ³Ρ¹⁸Ῐ¹⁹²ο
2954 1929 3154 1982 morini
3185 1928 3502 1992 εθείάθΐίιην

253 2034 425 2089 quam
466 2021 880 2085 ecclesiasticis,
915 2033 968 2077 et
999 2024 1377 2094 prmdictorum
1403 2026 1834 2081 Christianorum

248 2109 492 2164 fratrum
510 2113 592 2166 vel
616 2113 968 2182 indigentium
1002 2117 1242 2170 converti
1266 2135 1277 2170 :
1301 2117 1428 2187 quia
1460 2127 1581 2172 vota
1614 2126 1742 2172 sunt
1772 2118 1836 2172 ﬁ-

250 2204 464 2258 delium
485 2205 528 2267 ⁸,
552 2215 603 2258 et
625 2206 790 2273 pretia
806 2215 1143 2276 peccatorum
1161 2207 1261 2277 (7),
1278 2224 1341 2262 ac
1357 2209 1677 2278 patrimonia
1700 2225 1834 2279 pau-

248 2308 473 2363 perum,
503 2304 666 2363 atque
695 2296 760 2348 ad
797 2297 1115 2364 praedictum
1151 2313 1290 2369 opus
1337 2300 1684 2368 explendum,
1717 2299 1831 2353 Do-

245 2385 407 2438 mino
465 2386 696 2442 traditae.
750 2384 807 2439 Si
859 2388 984 2456 quis
1037 2399 1214 2444 autem
1255 2391 1418 2461 (quod
1463 2390 1624 2459 absit)
1677 2406 1833 2446 secus

245 2477 448 2547 egerit,
477 2478 659 2532 videat
693 2494 759 2532 ne
790 2480 1197 2536 damnationem
1253 2481 1478 2535 Ananiat
1508 2491 1561 2535 et
1587 2481 1832 2551 Saphirae

243 2569 542 2638 percipiat,
573 2579 626 2623 et
654 2585 781 2624 reus
810 2571 1079 2641 sacrilegii
1097 2571 1378 2639 efﬁciatur,
1394 2574 1536 2627 sicut
1554 2573 1629 2626 illi
1657 2572 1830 2629 ell'ecti

249 2670 406 2725 sunt,
442 2663 539 2732 qui
574 2665 749 2732 pretia
783 2665 1160 2734 praedictarum
1191 2681 1370 2720 rerum
1420 2664 1826 2730 iraudaverunt,

245 2755 314 2809 de
328 2755 541 2824 quibus
566 2757 761 2827 legitur
783 2758 836 2812 in
871 2757 1142 2828 przedictis
1167 2757 1537 2828 apostolorum
1560 2757 1783 2812 Actibus
1809 2778 1822 2812 :

254 2843 348 2901 Vir
377 2858 566 2902 autem
615 2848 835 2919 quidam
877 2850 1085 2902 nomine
1125 2849 1384 2915 Ananias,
1434 2863 1552 2902 cum
1597 2846 1827 2918 Saphira

245 2953 412 2992 uxore
433 2955 538 2992 sua
554 2979 570 3004 ,
598 2941 830 2994 vendidit
855 2955 1040 3012 agrum
1062 2952 1109 2995 et
1125 2939 1392 3009 fraudavit
1413 2939 1475 2993 de
1494 2941 1663 3009 pretio
1686 2941 1824 3010 agri,

246 3033 457 3086 conscia
494 3048 664 3086 uxore
686 3051 784 3087 sua
812 3049 833 3088 :
855 3044 904 3088 et
945 3035 1166 3103 offerens
1197 3042 1396 3103 partem
1421 3033 1723 3102 quamdam,
1755 3033 1823 3086 ad

243 3127 396 3196 pedes
423 3125 791 3196 apostolorum
818 3128 1014 3196 posuit.
1063 3127 1208 3181 Dixit
1256 3137 1431 3181 autem
1464 3125 1652 3181 Petrus
1677 3127 1822 3180 Ana-

243 3221 343 3273 πίω
378 3234 398 3272 :
435 3219 554 3273 Cur
583 3213 800 3272 tentavit
831 3217 1059 3274 Satanas
1094 3237 1182 3275 cor
1207 3233 1378 3286 tuum,
1405 3223 1612 3274 mentiri
1631 3230 1679 3275 te
1701 3218 1821 3290 Spi-

241 3313 367 3364 ritui
395 3320 607 3377 sancto,
622 3319 671 3365 et
691 3312 941 3382 fraudare
956 3313 1018 3366 de
1034 3315 1197 3382 pretio
1215 3314 1370 3383 agri?
1400 3313 1585 3368 Nonne
1609 3331 1820 3368 manens

242 3403 334 3454 tibi
368 3401 648 3468 manebat,
680 3411 730 3455 et
756 3403 1118 3457 venumdatam
1148 3414 1261 3456 erat
1291 3405 1344 3457 in
1390 3415 1483 3458 tua
1530 3407 1823 3473 potestate?

242 3495 415 3558 Quare
442 3495 680 3564 posuisti
711 3495 765 3548 in
783 3495 938 3548 corde
959 3503 1048 3548 tuo
1077 3496 1208 3548 lianc
1231 3497 1375 3550 rem?
1415 3494 1536 3550 Non
1577 3513 1628 3550 es
1653 3496 1822 3550 ltomi-
1848 3488 1850 3490 ⁷

246 3585 393 3637 uibus
425 3587 702 3646 mentitus.
729 3586 820 3638 sed
850 3584 1093 3638 Domino.
1120 3585 1352 3638 Audiens
1377 3596 1554 3640 autem
1577 3587 1818 3644 Ananias

256 3677 362 3730 hac
387 3678 561 3741 verba,
581 3677 797 3742 cecidit,
823 3686 872 3729 et
898 3677 1204 3745 exspiravit.
1245 3674 1313 3729 Et
1342 3678 1515 3746 factus
1552 3689 1629 3732 est
1661 3679 1818 3732 timor

260 3783 471 3836 magnus
489 3770 540 3820 in
561 3783 748 3822 omnes
773 3767 863 3838 qui
892 3769 1200 3822 audierunt.
1230 3766 1509 3839 Surgentes
1531 3779 1702 3823 autem
1723 3769 1818 3839 ju-

255 3873 424 3923 venes,
449 3868 745 3913 antorerunt
762 3875 878 3913 eum
897 3876 915 3923 ;
937 3868 985 3913 et
1013 3861 1313 3929 e/ferentes,
1338 3859 1667 3929 sepelierunt.
1705 3859 1818 3915 Fa-

241 3961 390 4002 ctum
409 3961 489 4002 est
509 3962 684 4004 autem
708 3951 863 4020 quasi
883 3951 1134 4004 horarum
1162 3953 1321 4004 trium
1344 3952 1594 4021 spatium,
1615 3961 1663 4006 et
1679 3967 1815 4004 uxor

237 4041 427 4110 ipsius,
465 4044 705 4096 nesciens
734 4042 873 4113 quod
925 4042 1124 4110 factum
1175 4041 1371 4112 fuerat,
1413 4043 1666 4096 introivit.
1711 4041 1814 4096 Re-

236 4135 500 4202 spondeas
527 4143 707 4186 autem
732 4135 781 4186 ei
818 4133 1032 4198 Petrus,
1083 4133 1215 4186 dixit
1245 4149 1264 4187 :
1297 4133 1394 4186 Dic
1418 4134 1564 4195 mihi,
1601 4133 1646 4186 si
1675 4134 1812 4187 tanti

236 4240 422 4293 agrum
442 4223 798 4276 vendidistis.’
822 4223 894 4275 At
912 4221 1004 4276 illa
1031 4223 1204 4276 dixit:
1231 4220 1410 4276 Etiam
1439 4223 1592 4277 tanti.
1617 4221 1806 4275 Petrus

311 4387 574 4459 ’Concil.
608 4385 785 4442 Milev.
975 4385 1263 4459 'Julianus
1287 4385 1773 4459 Pomeriuslian
1800 4386 1885 4459 lie
1919 4388 2034 4459 _vita
2070 4391 2385 4459 contempl.,
2407 4405 2456 4445 c.
2505 4389 2608 4446 9et
2635 4389 2725 4444 16.
2772 4387 2904 4443 Vide
2927 4387 3142 4443 Hincm.
3199 4399 3302 4459 epp

1713 4457 1755 4488 ¹⁰
1791 4456 1878 4512 12.
1907 4457 2110 4524 Quiest.
2137 4461 2162 4513 l
2195 4479 2208 4514 :
2242 4456 2348 4515 Res
2378 4461 2620 4515 ecclesia:
2657 4476 2762 4513 non
2790 4462 2969 4528 quasi.

237 4534 350 4584 rius
370 4527 472 4596 qui
509 4542 697 4595 supra,
724 4529 776 4581 in
807 4544 971 4597 opere
1003 4527 1146 4596 quod
1205 4527 1342 4581 falso
1413 4543 1446 4580 a
1497 4527 1765 4596 plerisque
1825 4527 2083 4582 tributum
2128 4531 2230 4584 fuit
2287 4529 2554 4598 Prospero
2618 4527 2908 4599 Aquita’no.

237 4599 320 4649 2'2-
400 4599 446 4630 ⁸³
476 4597 564 4649 17.
600 4596 800 4649 Ουειξςι.
829 4604 864 4649 4
894 4617 906 4649 :
942 4599 1337 4649 Attendcndum
1365 4605 1469 4649 cst.
1515 4612 1580 4649 ne
1621 4597 1836 4649 oraadia.
1914 4595 1957 4628 “
1983 4613 2284 4649 sacrorum.
2365 4601 2542 4649 "Cod
2571 4599 2776 4649 Theoil-
2807 4601 2895 4649 lib.

1621 4611 1836 4664 prauua.

234 4461 289 4524 8,
323 4462 459 4512 edit.
511 4456 835 4526 Moguntina:
857 4458 1050 4512 Busaei.
1125 4456 1332 4511 ’Actor.
1380 4474 1432 4519 v,
1468 4456 1619 4511 1-11.

234 4599 320 4653 ες.
400 4599 446 4630 ⁸³
476 4599 564 4650 Π.
600 4599 800 4662 Quaest.

235 4670 320 4735 40,
349 4685 523 4738 quam
547 4668 807 4736 expende.

237 4755 454 4809 gerens.

400 4599 446 4630 ⁸³
476 4597 564 4650 17.
600 4596 800 4662 Quaest.
829 4596 864 4652 4
894 4617 906 4653 :
942 4599 1337 4652 Attendendum
1365 4605 1469 4659 cst,
1515 4612 1580 4650 ne

910 4669 952 4699 "
981 4680 1187 4723 uratur.
1283 4665 1362 4719 "l
1398 4667 1522 4721 Cor.
1564 4681 1617 4730 v,
1649 4666 1702 4721 5.

1803 4667 1846 4698 ⁸⁸
1875 4663 2077 4733 Quaest.
2109 4671 2134 4723 1
2167 4689 2182 4725 :
2213 4669 2467 4725 Videntes
2499 4680 2678 4725 autem
2705 4671 2972 4726 sacerdot.

1938 2017 2118 2070 anima
2153 2025 2354 2081 tamen,
2381 2032 2502 2086 quae
2542 2018 2720 2087 potior
2768 2032 2850 2075 est
2896 2035 3142 2089 corpore,
3189 2027 3404 2074 mortua
3449 2031 3505 2075 et

1937 2108 2170 2163 alienata
2198 2125 2226 2163 a
2257 2112 2534 2165 consortio
2559 2111 2795 2164 ﬁdelium
2815 2113 2992 2177 cadat,
3011 2120 3062 2164 et
3093 2109 3146 2164 in
3170 2111 3500 2180 profundum

1936 2197 2178 2255 barathri
2209 2201 2442 2256 labatur.
2478 2201 2631 2257 Unde
2652 2203 3034 2257 attendendum
3059 2212 3140 2257 est
3161 2202 3414 2257 omnibus
3434 2204 3499 2264 ".

1934 2300 1988 2347 et
2013 2293 2242 2348 ﬁdeliter
2262 2294 2698 2361 custodiendum,
2726 2305 2778 2350 et
2814 2295 2956 2349 illius
2975 2295 3344 2364 usurpationis
3365 2310 3464 2348 con
3479 2325 3499 2335 ο

1932 2385 2156 2440 tumelia
2183 2387 2517 2456 depellenda,
2537 2397 2604 2442 ne
2633 2387 2829 2458 praedia
2857 2389 3047 2442 usibus
3087 2395 3421 2442 secretorum
3455 2390 3500 2421 “

1933 2464 2232 2531 celestiutn
2255 2477 2525 2542 dedicata,
2541 2493 2570 2533 a
2589 2480 2912 2549 quibusdam
2939 2480 3273 2535 irruentibus
3296 2495 3488 2536 vexen-

1934 2575 2042 2622 tur.
2065 2567 2218 2634 Quod
2243 2570 2288 2624 si
2317 2571 2442 2639 quis
2475 2570 2661 2626 fecerit
2683 2573 2746 2637 ",
2762 2582 2880 2641 post
2907 2572 3100 2626 debita:
3119 2573 3338 2629 ultionis
3353 2574 3464 2627 acri
3480 2603 3497 2614 -

1931 2660 2194 2728 moniam,
2242 2675 2364 2730 qua:
2413 2677 2541 2732 erga
2593 2663 2887 2734 sacrilegos
2917 2663 3040 2732 jure
3073 2665 3366 2734 promenda
3391 2675 3494 2728 est,

1933 2758 2195 2820 perpetua
2217 2750 2510 2820 damnetur
2540 2752 2785 2819 infamia,
2815 2763 2868 2806 et
2889 2755 3094 2808 carceri
3119 2753 3383 2819 tradatur,
3402 2765 3497 2807 aut

1927 2843 2119 2899 exsilio
2148 2853 2423 2914 perpetuas
2469 2845 2864 2914 deportationis
2897 2855 3080 2900 utatur
3105 2847 3168 2900 ¹⁶.
3199 2846 3491 2910 Quoniam,

1921 2934 2077 3004 juxta
2110 2935 2428 3005 Apostolum
2461 2938 2527 3004 ",
2561 2937 2776 2992 tradere
2819 2947 3028 3007 oportet
3052 2937 3358 3008 huiusmodi
3390 2937 3493 2989 lio-

1925 3028 2126 3083 mincm
2177 3030 2412 3096 Satanae,
2455 3039 2515 3084 ut
2568 3030 2794 3099 spiritus
2825 3030 3008 3086 salvus
3061 3030 3132 3083 sit
3185 3031 3241 3084 in
3271 3030 3358 3083 die
3387 3028 3493 3082 Do-

1924 3121 2080 3176 mini.

1997 3304 2311 3362 Memoratis
2338 3322 2466 3378 ergo
2491 3308 3027 3378 augmentationibus
3051 3322 3113 3362 ac
3142 3309 3399 3369 cultibus.
3434 3309 3487 3362 in

1925 3407 2134 3453 tantum
2169 3399 2424 3456 Ecclesia:
2447 3401 2510 3468 ¹⁸,
2539 3401 2738 3472 quibus
2765 3401 3004 3470 episcopi
3038 3401 3345 3470 praesident,
3380 3401 3486 3455 Do-

1924 3492 2073 3547 mino
2100 3493 2540 3561 adminiculante,
2577 3503 2883 3558 creverunt,
2932 3504 2985 3549 et
3041 3495 3206 3548 tantis
3251 3495 3487 3548 maxima

1881 3593 1886 3597 '
1922 3597 2051 3651 pars
2076 3599 2264 3638 earum
2297 3585 2575 3638 abundant
2603 3584 2788 3649 rebus,
2836 3593 2896 3638 ut
2923 3583 3106 3638 nullus
3163 3584 3235 3638 sit
3282 3583 3337 3637 in
3383 3585 3486 3648 eis,

1921 3689 2269 3729 communem
2301 3677 2506 3746 eligens
2532 3677 2573 3708 η
2601 3677 2792 3741 vitam,
2845 3677 3123 3745 indigens;
3157 3675 3252 3730 sed
3303 3677 3487 3731 omnia

1921 3767 2226 3820 necessaria
2275 3767 2342 3820 ab
2372 3767 2630 3836 episcopo
2685 3767 2906 3836 suisque
2941 3767 3207 3822 ministris
3235 3767 3485 3836 percipit.

1924 3859 2052 3913 ldeo
2080 3857 2124 3911 si
2151 3858 2348 3927 aliquis
2368 3860 2636 3913 exstiterit
2665 3859 2942 3914 modernis
2989 3868 3086 3913 aut
3119 3860 3314 3914 futuris
3346 3869 3486 3913 tem-

1918 3949 2166 4019 poribus,
2193 3950 2287 4018 qui
2319 3950 2432 4003 hiec
2463 3949 2695 4005 avellere
2741 3950 2967 4016 nitatur,
3010 3951 3124 4020 jam
3159 3950 3305 4005 dicta
3332 3951 3488 4003 dam-

1917 4041 2135 4095 natione
2161 4039 2405 4096 feriatur.

2661 4131 2748 4188 Ν.

1985 4222 2142 4290 Quod
2176 4232 2356 4278 autem
2381 4225 2536 4280 sedes
2564 4223 2620 4278 in
2667 4227 3045 4295 episcoporum
3091 4224 3338 4280 ecclesiis
3390 4239 3486 4279 ex-

3308 4387 3484 4445 .5et

3047 4463 3085 4491 “
3111 4459 3255 4512 Idem
3288 4459 3481 4514 Pome‘

3027 4531 3070 4562 “
3117 4529 3136 4582 1
3185 4529 3313 4583 Cor.
3366 4544 3480 4590 xvr,

2365 4602 2412 4631 ⁸⁸
2431 4601 2542 4654 Cod
2571 4599 2776 4654 Theod.
2807 4601 2895 4652 lib.
2919 4616 3028 4668 xw,
3057 4600 3139 4654 tit.
3170 4599 3204 4651 2
3225 4640 3240 4664 ,
3302 4609 3480 4652 const.

2365 4680 2467 4723 ites
2499 4680 2678 4723 autem
2705 4671 2972 4723 sacerdot.
3068 4671 3110 4702 "
3141 4669 3350 4723 Detrens
3394 4669 3480 4723 vel

3186 4683 3350 4740 egens
3394 4683 3459 4723 ve

1914 4595 1957 4628 “
1983 4613 2284 4654 sacrorum.

307 4893 380 4964 (Τ)
409 4893 597 4946 Pretia
618 4904 966 4963 peccatorum.
992 4891 1383 4963 Receptissima
1411 4900 1495 4946 est
1510 4890 1805 4964 expositio,
1837 4895 1886 4955 D
1911 4891 2141 4964 pertiunt
2173 4891 2318 4964 nobis
2344 4888 2660 4964 corporalia,
2683 4889 2867 4959 quibus
2915 4902 3007 4940 nos
3053 4886 3480 4964 spiritualiaipi-

235 4973 294 5017 nt
329 4962 525 5018 hestize
559 4962 996 5034 eteleemosynze
1039 4962 1148 5033 pro
1177 4965 1409 5034 peccatis
1435 4962 1651 5034 oblatae,
1677 4977 1833 5030 pec-.

231 5045 355 5088 cata
425 5036 786 5103 appellentur.
841 5031 984 5089 Osee
1035 5031 1272 5103 capftv
1322 5033 1388 5086 de
1431 5031 1804 5103 sacerdotibus

231 5105 438 5173 dicitur
467 5100 744 5157 i'Peccata
769 5105 949 5173 populi
976 5106 1076 5173 mei
1103 5100 1394 5156 comedent.
1423 5100 1594 5167 Quem
1624 5103 1804 5157 locum

233 5172 499 5245 Cyrillus,
528 5166 1386 5245 Theophy'la'ctus,Theodoretus
1415 5166 1585 5245 et_alii
1618 5187 1804 5245 recen-

234 5241 403 5298 tiores
458 5255 602 5299 recte
659 5241 725 5298 de
760 5241 959 5299 hostiis
991 5243 1433 5312 interpretantur.
1466 5241 1599 5296 Nam
1655 5242 1802 5296 Scri-

235 5323 394 5382 ptura
426 5316 500 5367 ita
533 5312 845 5383 frequenter
887 5315 1032 5383 IOqui
1077 5316 1232 5377 solet,
1270 5323 1327 5367 ut
1365 5315 1419 5366 in
1453 5313 1643 5380 primis
1687 5313 1802 5383 ovi:

229 5379 555 5439 dentissime
603 5379 750 5454 patet
795 5400 861 5439 ex
914 5379 1064 5439 hisce
1105 5384 1284 5439 verbis
1331 5379 1483 5437 Pauli
1530 5390 1706 5451 apost.
1757 5379 1801 5436 ll

227 5454 386 5519 Con,
419 5470 544 5524 cap.
589 5453 622 5509 v
653 5474 667 5509 :
698 5453 834 5507 Eum
869 5456 958 5525 qui
995 5467 1261 5524 peccatum
1289 5470 1391 5506 non
1417 5463 1674 5525 noveratL
1705 5469 1801 5525 pro

229 5526 385 5595 nobis
411 5520 684 5594 peccatum
714 5526 857 5594 fecit,
879 5520 935 5578 ut
968 5520 1059 5580 nos
1075 5526 1386 5595 elﬁceremur
1398 5523 1613 5595 justitia
1634 5520 1730 5595 Dei
1748 5523 1804 5595 in

226 5594 364 5666 ipso.
403 5593 546 5662 Quia
578 5593 741 5665 igitur
788 5598 929 5650 bona
966 5593 1286 5666 tempbralia
1309 5593 1419 5648 Deo
1444 5595 1498 5647 in
1530 5593 1797 5666 ministris

227 5663 494 5720 Ecclesia:
517 5663 718 5732 oblata,
749 5675 966 5735 peccata
997 5663 1289 5730 redimunt,
1307 5672 1360 5735 et
1389 5671 1696 5734 peccantem
1725 5663 1794 5718 ad

226 5736 436 5789 donum
497 5739 830 5807 ptenitentiae
874 5737 1236 5807 obtinendum
1281 5734 1593 5807 disponunt,
1646 5743 1794 5788 recte

229 5818 403 5873 pretia
449 5803 795 5875 peccatorum
830 5807 1187 5876 appellantur.
1205 5803 1281 5860 De
1313 5806 1414 5876 hoc
1431 5813 1784 5876 peccatorum

224 5872 404 5943 Pretio
440 5872 964 5949 intelligendum—est
1012 5875 1143 5932 illud
1172 5875 1400 5947 apostoli
1431 5872 1582 5930 Pauli
1619 5893 1634 5928 :
1672 5872 1784 5929 lm-

512 5972 782 6034 Pnaos.
814 5973 931 6034 Gn.
961 5971 1043 6032 Χ..

1909 4957 2186 5030 pertimus.
2243 4960 2355 5015 Hoc
2411 4957 2550 5014 idem
2607 4957 2796 5030 beatos
2856 4967 3186 5030 martyrac
3235 4957 3481 5030 pontifex

1905 5027 2212 5087 Alexander
2237 5032 2281 5096 Ι,
2321 5031 2480 5100 epist.
2513 5030 2563 5096 1,
2606 5029 2658 5083 in
2707 5027 3199 5100 principio,’_hisce
3226 5027 3432 5100 “verbis
3460 5046 3477 5081 ε

1909 5101 2024 5172 Ipsi
2051 5104 2262 5180 __enim,
2323 5096 2518 5170 inquit,
2567 5117 2668 5180 pro
2707 5096 2725 5100 ⁷
2760 5097 2951 5180 popqu
3017 5096 3374 5180 interpellant,
3430 5107 3484 5180 et

1904 5168 2082 5244 populi
2135 5182 2348 5241 peccata
2400 5168 2697 5244 comedunt,
2747 5168 2870 5241 quia
2941 5168 3176 5238 precibus
3253 5169 3364 5244 suis
3431 5176 3482 5244 et

1903 5237 2251 5298 oblationibus
2315 5260 2378 5296 ea
2449 5242 2617 5294 delent
2636 5237 2790 5310 atque
2856 5237 3185 5310 consumunt.
3252 5237 3482 5291 Comedi

1903 5315 2048 5370 enim
2132 5313 2521 5388 dicuntur__in
2595 5309 2893 5381 Scriptura,
2939 5309 3301 5388 psal._LVIIt,
3357 5320 3482 5388 qua:

1910 5396 2329 5441 consumuntur.
2391 5381 2676 5437 Discamus
2717 5377 2890 5449 'ergo
2939 5377 3107 5449 'quod
3182 5378 3276 5447 qui
3336 5377 3481 5432 elec-

1909 5457 2154 5528 mosynis
2209 5464 2264 5510 et
2330 5449 3013 5528 oblationibusulidelium
3071 5449 3324 5528 fruimur,
3367 5461 3479 5528 .eas

1901 5517 2160 5596 precibus
2217 5527 2442 5598 nostris,
2490 5524 2631 5578 sicut
2672 5517 3478 5598 obligamurndiligentissime

1899 5588 2337 5670 compensemus;
2368 5588 2611 5649 futurum
2637 5588 2899 5670 alioquin,
2923 5599 2982 5643 ut
3002 5588 3069 5643 de
3089 5589 3254 5670 rebus
3271 5588 3477 5670 injuste

1896 5658 2152 5738 acceptis,
2183 5658 2378 5738 coram
2423 5664 2703 5738 tremendo
2745 5658 2947 5738 j‘udicen
2979 5658 3189 5724 saeculi,
3239 5658 3476 5738 graviter

1892 5725 2281 5810 periclitemur.
2341 5735 2471 5793 Vide
2504 5725 2774 5809 _lliberam
2812 5733 2863 5785 in
2899 5727 3104 5804 Oscam
3132 5743 3183 5784 c.
3215 5725 3291 5798 ιῦ,
3325 5742 3382 5784 n.
3413 5725 3470 5780 4.

1892 5809 2018 5867 SEY.
2073 5809 2191 5864 BIN.

3155 5957 3194 6018 5
