4006 6356
487 378 590 433 115

1851 370 2124 427 A'STERII
2166 366 2421 428 URBANI

3621 384 3718 440 fit.

481 501 759 556 cautiores
813 504 1141 556 statuerunt.
1184 478 1356 550 Porro
1407 493 1690 551 Valesiana
1745 496 2057 566 conjectura
2087 499 2135 554 Α
2158 496 2414 566 episcopo
2438 498 2577 553 duas
2595 497 2866 554 Ecclesias
2888 498 3046 569 longe
3072 498 3210 553 inter
3237 514 3296 556 se
3313 499 3532 559 dissitas
3554 501 3721 561 fuisse

486 589 836 647 Tillemontio
867 589 978 662 (12)
1018 599 1132 659 prie
1177 587 1387 644 caeteris
1415 595 1579 658 atque
1609 586 1903 643 Pearsonio
1941 587 2054 659 (15)

487 685 741 740 arrisisse
768 681 1106 753 perhibetur.

557 774 622 827 ll.
661 772 794 840 Quis
846 780 1026 826 autem
1071 771 1317 841 qualisve
1361 769 1523 824 fuerit
1567 777 1754 824 noster
1788 767 2053 834 Asterius,

472 881 597 920 :non
636 865 824 934 liquet.
863 861 1189 932 Episcopum
1225 877 1355 916 vero
1383 862 1558 930 ipsum
1586 859 1777 924 fuisse,
1808 860 1898 932 illa
1929 875 2056 914 sua-

481 955 616 1012 dere
647 957 781 1012 satis
809 955 1064 1024 ridentur
1107 961 1231 1024 quae
1279 954 1348 1008 ab
1379 967 1445 1008 co
1494 953 1722 1023 Ancyrae
1763 954 1816 1006 in
1845 951 2054 1008 Galatia

489 1058 705 1119 peracta
752 1021 1076 1100 noscuntur.
1125 1043 1260 1098 Cum
1315 1044 1459 1099 enim
1514 1042 1659 1097 illius
1691 1042 1842 1097 urbis
1873 1039 2056 1096 Eccle-

490 1141 626 1194 siam
654 1136 893 1192 Montani
924 1140 1152 1205 ejusque
1185 1133 1510 1187 feminarum
1533 1131 2045 1202 pseudoprophetiis

490 1232 758 1286 turbatam
796 1227 1172 1297 comperisset,
1204 1225 1431 1280 collecto
1470 1223 1706 1278 fidelium
1752 1232 1893 1278 ctetu
1937 1223 2055 1293 plu-

490 1326 642 1379 ribus
669 1323 861 1377 diebus
884 1319 1164 1385 disseruit,
1196 1333 1400 1388 eosque
1443 1317 1496 1372 in
1524 1317 1749 1372 veritate
1774 1312 1897 1370 fidei
1936 1331 2054 1370 ma-

489 1431 727 1488 gnopere
764 1413 1128 1476 conﬁrmavit,
1177 1410 1516 1466 adversarios
1556 1426 1684 1466 vero
1716 1410 1919 1480 Deique
1953 1409 2055 1463 bo—

489 1519 602 1564 stes
633 1509 684 1562 in
724 1506 907 1578 fugam
940 1506 1207 1561 convertit
1235 1503 1346 1572 (14)
1380 1521 1393 1556 :
1431 1517 1540 1573 quo
1581 1502 1797 1572 quidem
1832 1515 2056 1557 munere

486 1599 664 1669 fungi,
689 1599 868 1652 virum
900 1597 952 1651 in
981 1597 1172 1666 primis
1193 1595 1484 1666 episcopali
1510 1594 1716 1648 honore
1736 1593 2054 1664 insignitum

484 1688 736 1744 decebat.

562 1780 829 1834 Praeterea
862 1784 1091 1831 testatur
1125 1782 1314 1829 auctor
1347 1773 1457 1845 (15)
1495 1781 1623 1827 tunc
1653 1770 1893 1828 adfuisse
1924 1769 2053 1824 dum

488 1876 835 1944 loqueretur,
869 1871 1114 1924 Zoticum
1166 1867 1424 1924 Otrenum
1479 1881 1639 1936 quem
1685 1872 1845 1919 vocat
1895 1878 2054 1918 suum
2087 1843 2128 1897 Β

491 1963 992 2036 συμπρεσϐύτερον,
1033 1962 1164 2032 quin
1207 1969 1260 2014 et
1292 1959 1534 2013 Zoticum
1571 1957 1964 2011 Comanensem
2004 1963 2059 2009 et

491 2056 765 2112 lulianum
805 2056 1165 2125 Apamenum,
1203 2052 1402 2124 ἄνδρας
1440 2049 1693 2122 δοκίμους
1719 2049 1810 2103 καὶ.
1841 2047 2060 2102 ἐπισκό-

489 2165 647 2213 πους,
681 2148 819 2202 viros
851 2145 1043 2216 probos
1085 2156 1135 2198 et
1177 2141 1463 2214 episcopali
1495 2141 1752 2210 dignitate
1793 2147 2006 2192 ornatos
2038 2152 2056 2189 :

488 2251 552 2295 ut
580 2249 863 2309 propterea
898 2253 1005 2291 non
1030 2237 1202 2291 solum
1233 2235 1286 2288 in
1314 2235 1746 2304 presbyterorum
1771 2229 2056 2301 collegium

489 2340 779 2402 cOOptatus
811 2328 982 2384 fuisse
1014 2329 1262 2382 videatur
1290 2327 1570 2388 Asterius,
1604 2323 1698 2379 sed
1747 2332 1799 2378 et
1832 2323 2059 2391 ipsemet

489 2427 780 2495 episcOpus
838 2422 1019 2487 fuerit,
1059 2421 1154 2492 qui
1197 2420 1454 2475 nimirum
1498 2418 1670 2473 tribus
1705 2417 1826 2472 aliis
1877 2424 2056 2470 astan-

491 2516 638 2570 tibus
664 2513 933 2586 episcopis
958 2514 1023 2568 ad
1056 2512 1314 2584 populum
1352 2512 1405 2565 in
1445 2509 1678 2565 ecclesia
1710 2508 1873 2562 verba
1915 2506 2058 2561 fece—

490 2607 580 2662 rit.
611 2605 795 2676 Neque
827 2619 956 2660 vero
981 2605 1103 2673 quis
1125 2604 1249 2673 jure
1273 2601 1575 2672 collegerit,
1612 2609 1864 2654 nostrum
1897 2597 2056 2652 Aste-

489 2699 632 2753 rium
681 2697 924 2767 adeoque
977 2695 1223 2750 Zoticum
1285 2693 1544 2748 Otrenum
1611 2691 1666 2746 in
1731 2688 2055 2761 presbyterii

490 2791 658 2863 gradu
691 2788 858 2844 fuisse
885 2787 1259 2843 tantummodo
1283 2786 1599 2849 collocatos,
1638 2784 1781 2853 quod
1812 2782 2055 2838 Zoticum

489 2882 668 2954 ipsum
710 2881 1183 2951 compresbyterum
1229 2893 1387 2933 suum
1425 2877 1696 2947 appellet:
1738 2875 1880 2930 baud
1908 2874 2054 2930 enim

492 2975 734 3030 insolens
777 2974 831 3028 in
877 2971 1263 3029 ecclesiasticae
1299 2970 1636 3039 antiquitatis
1665 2968 2053 3034 monumentis,

491 3068 777 3137 episc0pos
827 3065 1010 3120 vocari
1052 3063 1402 3119 consuevisse
1451 3061 1815 3132 presbyteros.
1877 3059 2055 3114 Unum

2158 589 2501 646 commissas.
2533 588 2695 660 Otrys
2728 589 2874 644 enim
2921 589 2975 645 in
3023 589 3290 661 Bithyniae
3327 591 3527 649 ﬁnibus
3551 596 3721 652 col-lo-

2156 689 2316 735 catur
2350 697 2379 736 a
2420 683 2724 749 Strabone;
2758 682 3125 738 Comanorum
3155 699 3284 738 vero
3328 686 3458 742 urbs
3507 687 3588 758 (ut
3631 689 3722 746 hic

2152 771 2225 826 de
2272 771 2529 828 Comanis
2577 773 2818 829 Ponticis
2863 775 3094 843 taceam)
3138 773 3722 844 Cappadocia:,Ptole-

2157 878 2294 917 mmo
2340 873 2497 928 teste,
2545 865 2878 920 attribuitur.
2918 866 2978 919 In
3029 864 3241 921 notitiis
3289 868 3719 938 episc0patuum,

2157 955 2309 1024 prior
2354 956 2655 1013 dioeceseos
2698 957 2915 1013 Asiana:
2961 967 3202 1028 putatur,
3251 956 3489 1016 Ponticae
3538 972 3719 1018 autem

2155 1047 2446 1116 posterior.

2227 1138 2318 1193 lll.
2346 1137 2465 1194 Jam
2489 1153 2616 1195 vero
2645 1155 2767 1210 qua:
2797 1149 3054 1211 superant
3079 1156 3144 1196 ex
3171 1141 3346 1197 tribus
3372 1141 3530 1197 libris
3561 1143 3722 1196 Aste-

2156 1231 2223 1286 rii
2245 1271 2260 1295 ,
2288 1241 2498 1286 aetatem
2531 1233 2664 1288 satis
2709 1234 2990 1289 declarant
3017 1249 3126 1304 qua
3159 1235 3258 1288 ille
3306 1234 3596 1290 scribebat.
3631 1233 3723 1290 Sic

2157 1324 2303 1378 enim
2344 1323 2422 1377 ait
2459 1320 2570 1394 (l9)
2604 1340 2618 1377 :
2652 1321 2728 1376 Ab
2771 1323 2917 1376 obitu
2958 1323 3274 1379 Maximilla:
3302 1341 3462 1394 usque
3491 1329 3547 1378 in
3583 1324 3719 1379 hanc

2157 1415 2331 1481 diem,
2358 1415 2478 1484 plus
2507 1431 2666 1485 quam
2713 1414 2960 1468 tredecim
3011 1417 3136 1469 anni
3166 1416 3284 1486 jam
3334 1417 3502 1487 elapsi
3548 1424 3721 1471 sunt:

2157 1521 2250 1561 nec
2283 1516 2455 1561 tamen
2499 1506 2666 1560 ullum
2717 1515 2810 1559 aut
2839 1507 3164 1576 particulare
3193 1508 3417 1576 bellum,
3462 1519 3556 1563 aut
3601 1511 3721 1563 uni-

2157 1599 2355 1652 versale
2397 1599 2451 1652 in
2508 1599 2661 1652 terris
2713 1598 2836 1667 fuit.
2883 1595 3002 1652 Ima
3047 1599 3406 1666 Christianis,
3455 1602 3721 1672 pracipua

2156 1691 2385 1761 quadam
2415 1689 2510 1744 Dei
2541 1688 2934 1754 misericordia,
2968 1705 3075 1760 pax
3103 1690 3310 1746 stabilis
3338 1701 3387 1745 et
3417 1692 3575 1759 firma
3604 1706 3722 1762 per-

2158 1783 2373 1836 mansit.
2405 1780 2470 1836 Et
2490 1781 2683 1836 iterum
2713 1782 2823 1851 (20)
2859 1797 2872 1834 :
2904 1781 3196 1837 Ostendaut
3227 1783 3371 1836 nobis
3405 1781 3723 1853 (Cataphry-

2159 1877 2272 1945 ges)
2302 1875 2516 1945 quinam
2542 1875 2678 1927 inter
2709 1875 2847 1942 ipsos
2878 1872 3128 1927 Montano
3147 1881 3197 1927 et
3231 1872 3556 1926 mulierculis
3592 1887 3718 1925 suc-

2159 1966 2404 2020 cesserint
2438 1981 2456 2019 :
2484 1967 2673 2021 etenim
2702 1965 2982 2036 prophetia:
3009 1965 3202 2018 donum
3224 1966 3280 2018 in
3312 1964 3454 2018 omni
3483 1961 3722 2017 Ecclesia

2159 2056 2227 2110 ad
2259 2055 2504 2110 ultimum
2536 2073 2697 2127 usque
2738 2055 2951 2110 Domini
2979 2057 3256 2110 adventum
3299 2070 3598 2124 permanere
3623 2055 3719 2108 de-

2159 2145 2294 2208 bere,
2339 2157 2524 2200 auctor
2561 2157 2637 2201 est
2669 2144 2969 2215 Apostolus.
3005 2143 3107 2200 Sed
3137 2145 3341 2198 nullum
3381 2145 3606 2215 prorsus
3622 2162 3722 2215 pa-

2157 2249 2332 2293 terunt
2383 2239 2683 2306 ostendere,
2721 2239 2931 2292 tametsi
2967 2239 3083 2308 jam
3127 2245 3346 2309 quartus
3377 2238 3604 2291 decimus
3634 2238 3720 2290 hic

2157 2341 2349 2402 agatur
2387 2348 2556 2386 annus
2598 2330 2662 2384 ab
2704 2331 2847 2384 obitu
2880 2329 3213 2385 Maximilla.
3243 2328 3320 2383 Ex
3360 2330 3559 2399 quibus
3588 2344 3722 2386 sane

2155 2423 2370 2490 verbis,
2427 2423 2710 2479 subductis
2781 2423 3118 2490 rationibus,
3174 2421 3375 2492 colligit
3425 2419 3720 2476 Tillemono

2156 2514 2266 2570 tius
2293 2515 2402 2587 (2|)
2430 2516 2535 2570 ista
2560 2515 2846 2585 scripsisse
2869 2514 3143 2570 Asterium
3185 2513 3329 2568 circa
3373 2511 3587 2570 Domini
3617 2529 3719 2566 an-

2156 2622 2287 2660 num
2317 2607 2445 2672 23!,
2490 2607 2701 2676 imperii
2746 2620 2873 2661 vero
2919 2595 3208 2660 Alexandri
3239 2621 3316 2658 si.
3354 2602 3419 2659 Et
3440 2603 3566 2674 jure
3598 2603 3725 2674 qui-

2155 2700 2322 2754 dem:
2357 2715 2480 2754 nam
2529 2699 2862 2762 Alexander,
2912 2695 3220 2753 Herodiano
3267 2694 3592 2765 testetﬂi),
3641 2697 3723 2759 εἰς

2154 2791 2738 2863 τεσσαρεσκαιδέκατον
2763 2789 2958 2854 ἐλάσας
2983 2790 3079 2861 τῆς
3109 2788 3381 2859 βασιλείας
3401 2786 3535 2855 ἔτος,
3567 2787 3723 2841 ἀναι-

2158 2886 2298 2956 μωτὶ
2338 2881 2536 2957 ἦρξεν,
2581 2885 2732 2938 annis
2789 2883 3185 2955 quatuordecim
3228 2882 3362 2933 citra
3413 2880 3718 2950 sanguinem

2157 2977 2314 3045 gessit
2349 2974 2631 3044 imperium
2658 2988 2678 3028 :
2708 2982 2768 3028 ut
2795 2971 3020 3042 proinde
3046 2971 3228 3040 quiete
3276 2983 3434 3040 agere
3465 2967 3716 3038 permissi

2157 3065 2360 3122 fuerint
2391 3065 2691 3120 Christiani
2730 3080 2796 3121 eo
2824 3065 3152 3134 imperante;
3193 3061 3435 3130 adeoque
3465 3074 3571 3128 pax
3601 3059 3716 3126 illa,

489 3159 713 3215 aﬂeram
747 3156 1076 3226 exemplum,
1103 3165 1157 3209 ει
1198 3154 1417 3224 quidem
1464 3162 1547 3208 101‘
1593 3153 1945 3217 inelllcalum.
1988 3167 2053 3206 ex
2082 3181 2124 3238 ο
2157 3175 2264 3229 qua
2291 3157 2391 3213 sub
2421 3157 2696 3212 Antonino
2721 3155 2996 3211 Caracalla
3015 3197 3029 3222 ,
3063 3154 3165 3211 sub
3191 3152 3448 3218 Macrino,
3479 3168 3578 3208 nec
3604 3167 3716 3206 non

490 3251 716 3321 epistola
748 3249 934 3304 lrenaei
974 3249 1043 3304 ad
1075 3247 1349 3302 Victorem
1379 3245 1488 3316 (l6)
1523 3261 1535 3295 :
1568 3263 1587 3296 ‹
1626 3241 1730 3299 Sed
1757 3254 1810 3300 et
1835 3243 2056 3316 presby-

489 3344 590 3399 teri
621 3343 716 3408 illi,
747 3342 942 3410 inquit,
971 3340 1065 3410 qui
1097 3349 1222 3395 ante
1267 3338 1510 3394 Soterem
1541 3337 1797 3394 Ecclesiae
1821 3337 2053 3408 praefue-

491 3443 653 3500 runt,
699 3447 862 3502 quam
907 3446 1050 3485 nunc
1100 3431 1391 3498 gubernas.
1427 3447 1446 3480 ι
1475 3427 1542 3482 Et
1579 3443 1704 3482 mox
1745 3442 1776 3480 ε·
1802 3445 1824 3479 ι
1854 3425 2054 3482 Verum

491 3525 583 3597 qui
620 3532 670 3579 te
712 3532 1105 3593 praecesserunt
1146 3521 1466 3592 presbyteri.
1508 3539 1528 3572 ›
1560 3517 1863 3589 Paucisque
1891 3519 2058 3574 inter-

484 3618 664 3688 jectis,
694 3617 761 3672 de
788 3613 1016 3670 Aniccto
1062 3617 1226 3669 verba
1275 3611 1480 3668 faciens
1520 3628 1536 3664 :
1581 3630 1601 3664 ι
1632 3610 1768 3665 Cum
1812 3609 1922 3673 hic,
1959 3611 2054 3677 ait,

488 3713 927 3785 presbyterorum
959 3709 1052 3780 qui
1090 3717 1215 3764 ante
1250 3723 1308 3764 se
1344 3706 1577 3770 fuerant,
1608 3706 2056 3762 consuetudinem

487 3803 830 3860 retinendam
857 3817 980 3857 esse
1004 3801 1235 3866 diceret,
1270 3817 1290 3852 ι
1316 3809 1420 3855 etc.
1447 3800 1556 3853 Καὶ
1583 3800 1632 3852 οὶ
1669 3797 1774 3870 πρὸ
1806 3798 2059 3869 Σωτῆρος

489 3896 880 3970 πρεσϐύτεροι,
931 3895 981 3947 οἱ
1043 3893 1375 3966 προστάντες
1437 3892 1536 3963 τῆς
1609 3890 1932 3963 Ἐκκλησῑας
1990 3886 2059 3962 ἧς

487 3989 674 4059 ἀφηγῇ
714 3981 788 4041 ξ’.
835 4026 848 4038 .
895 4026 908 4038 .
949 3982 1064 4038 ἀλλ’
1097 3984 1148 4036 οἱ
1199 3982 1302 4055 πρὸ
1337 3981 1430 4035 σοῦ
1467 3981 1823 4053 πρεσϐύτεροι
1865 4020 1878 4035 .
1921 4021 1937 4038 .
1981 4020 1994 4034 .
2039 4019 2053 4032 .

488 4078 714 4147 λέγοντα
739 4076 850 4147 (τὸν
894 4074 1193 4145 ’Λνεκητον)
1236 4074 1335 4144 τὴν
1367 4072 1652 4144 συνήθειαν
1677 4073 1782 4124 τῶν
1817 4070 1921 4142 πρὸ
1958 4070 2058 4124 αὑ-

488 4168 583 4222 τοῦ
619 4166 1002 4240 πρεσϐυτέρων
1033 4164 1270 4234 ὀφείλειν
1314 4163 1585 4234 κατέχειν.
1617 4161 1778 4216 Plura
1807 4162 2059 4232 suppedi-

487 4259 626 4314 tabit
661 4257 914 4312 Svicerus
945 4256 1079 4326 (Π),
1115 4269 1275 4324 quem
1301 4251 1545 4323 profecto
1580 4253 1767 4308 mirari
1807 4252 1952 4308 subit
1985 4251 2050 4305 il-

487 4350 718 4406 lustrem
746 4350 891 4402 hunc
912 4347 1088 4401 locum
1119 4345 1461 4414 pneteriisse.

563 4440 831 4496 Caeterum
869 4437 1008 4492 baud
1045 4433 1470 4491 existimavcrim
1509 4432 1759 4502 equidem
1792 4446 1912 4486 cum
1951 4429 2056 4485 Le-

2159 3252 2262 3306 sub
2309 3249 2599 3321 Elagabalo
2646 3248 2923 3303 fruebatur
2965 3246 3236 3309 Ecclesia,
3281 3244 3383 3300 sub
3424 3243 3718 3299 Alexandri

2157 3356 2372 3412 quoque
2401 3338 2629 3409 imperio
2655 3338 2862 3392 stabilis
2889 3348 2938 3392 et
2967 3337 3124 3406 ﬁrma
3163 3334 3475 3407 permansit,
3503 3343 3561 3388 ut
3582 3335 3721 3390 scri—
3800 3335 3804 3338 ’

2157 3434 2237 3489 bit
2261 3442 2444 3488 noster
2474 3439 2686 3486 auctor.

2229 3523 2308 3577 Ex
2346 3523 2412 3579 iis
2451 3537 2618 3592 porro
2647 3536 2768 3592 qua:
2803 3521 2912 3575 huc
2950 3534 3122 3591 usque
3151 3519 3217 3575 de
3248 3518 3463 3575 Asterio
3497 3518 3719 3575 Urbano

2157 3615 2568 3680 edisseruimus,
2615 3613 2669 3668 in
2700 3612 2890 3683 primis
2935 3627 3065 3667 vero
3099 3613 3166 3667 de
3213 3611 3360 3668 illius
3390 3612 3502 3668 acri
3533 3612 3718 3668 studio

2159 3708 2211 3762 in
2238 3707 2548 3763 Christiana
2592 3705 2851 3776 religione
2899 3705 2967 3760 ab
3016 3703 3388 3759 btereticorum
3432 3692 3721 3761 fraudibus

2157 3800 2521 3867 vindicanda;
2549 3797 2672 3869 quis
2711 3797 2928 3852 demum
2958 3810 3115 3866 aequo
3147 3796 3330 3850 animo
3360 3794 3496 3852 ferat
3521 3810 3588 3851 eo
3622 3811 3722 3852 us-

2159 3909 2263 3966 que
2305 3892 2636 3963 processissc
2674 3890 2853 3945 virum
2903 3889 3176 3952 criticum,
3217 3898 3277 3944 ut
3319 3888 3559 3944 scribere
3604 3903 3717 3944 non

2157 3985 2419 4041 dubitarit
2453 3984 2588 4055 (25),
2618 3998 2734 4053 qua:
2767 3981 2835 4037 ab
2873 3981 3181 4052 Apollonio,
3210 3981 3443 4048 Asterio,
3481 3980 3722 4037 Miltiade

2159 4078 2388 4153 aliisque
2423 4076 2567 4131 illius
2600 4074 2700 4130 aevi
2745 4073 3194 4129 Montanistarum
3234 4073 3720 4143 oppugnatoribus,

2160 4170 2336 4224 retulit
2361 4168 2656 4232 Eusebius,
2687 4166 2817 4221 adeo
2859 4183 2970 4222 esse
3005 4166 3159 4238 plena
3204 4165 3598 4221 declamatoria
3628 4183 3722 4220 ua-

2160 4261 2365 4318 nitatis.
2394 4269 2454 4312 ut
2483 4275 2542 4313 eo
2575 4259 2776 4329 faciant
2823 4258 2946 4329 fidei
2994 4259 3169 4312 minus
3189 4299 3204 4324 ,
3234 4275 3336 4329 quo
3377 4259 3544 4329 magis
3575 4259 3721 4328 amr-

2161 4353 2348 4407 ment?
2379 4355 2526 4406 Itane
2558 4351 2725 4406 vero?
2750 4349 2824 4406 lta
2850 4351 3071 4421 quidem
3100 4351 3182 4404 vir
3226 4351 3316 4406 ille
3348 4361 3570 4416 censet;
3611 4363 3725 4420 quo

2163 4445 2422 4500 nimirum
2456 4443 2916 4520 Montanumsivc
2944 4452 3138 4512 purget
3159 4443 3277 4498 sive
3303 4442 3502 4507 laudet,
3531 4458 3724 4501 suum-

487 4531 710 4605 quienio
739 4530 851 4600 (18)
881 4529 943 4583 ν.
976 4529 1040 4585 C.
1081 4543 1249 4583 unum
1282 4525 1644 4595 eumdemque
1694 4523 1864 4578 fuisse
1904 4523 2054 4578 Zoti—

2159 4550 2263 4607 que
2303 4536 2532 4608 proinde
2568 4519 2960 4590 Tertullianum
3006 4535 3075 4589 ab
3113 4533 3368 4591 Ecclesia:
3397 4535 3603 4590 unitate
3627 4549 3719 4590 se-

488 4641 613 4682 cum
664 4622 926 4680 Otrenum
973 4635 1027 4677 et
1074 4621 1510 4686 Comanensem,
1557 4633 1790 4688 quorum
1841 4616 2055 4672 divis-im
2150 4628 2404 4698 junctum
2433 4641 2497 4682 ac
2517 4624 2860 4682 Μοηιωιίειίε
2887 4624 3184 4681 addictum.

489 4717 740 4772 meminit
780 4723 972 4770 auctor
1008 4729 1023 4772 z
1056 4728 1181 4768 cum
1229 4712 1594 4767 inconsonum
1643 4711 1910 4776 videatur,
1963 4709 2056 4762 uni

568 4868 680 4940 (l2)
705 4867 946 4940 Tillcm.,
976 4867 1016 4940 _l.
1043 4882 1118 4940 ο..
1141 4881 1265 4940 pag.
1294 4865 1418 4920 671.

559 4932 672 5008 (⁷13)
699 4939 954 5008 Pears.,_
976 4932 1158 5008 'imlic:
1191 4932 1397 5008 lgnat.,
1427 4942 1800 5008 pa_rt._t_l,‘pag.
1837 4932 1962 4987 164.

561 5005 675 5077 (Li)
708 5005 1066 5074 Aster.'Urb.,
1099 5005 1314 5077 Fragm.
1348 5007 1399 5072 1,
1424 5006 1530 5060 col.
1572 5005 1689 5077 iis.

557 5075 672 5152 (lii)
701 5079 780 5152 id.
810 5077 969 5143 ibid.,
993 5088 1046 5152 et
1071 5075 1288 5152 Eragin.
1309 5077 1374 5152 Α.
1397 5077 1508 5131 col.
1539 5075 1662 5152 151.

585 5145 675 5220 16)
706 5149 872 5215 lren.,
903 5149 1046 5220 apud
1075 5145 1274 5220 Euseb.
1300 5145 1612 5220 1]is£.eccl.,
1634 5146 1726 5199 lib.
1745 5161 1796 5211 v,
1814 5160 1932 5218 cap.
1959 5145 2048 5220 ἓξ.

585 5153 675 5220 16)
706 5153 872 5215 lren.,
903 5153 1046 5218 apud
1075 5153 1274 5203 Euseb.
1300 5153 1612 5210 Ilist.eccl.,
1634 5153 1726 5199 lib.
1745 5161 1796 5211 v,
1814 5160 1932 5218 cap.
1959 5153 2048 5200 25.

558 5153 930 5293 (Πλενίοθινη
967 5217 1120 5274 Thes.
1147 5216 1299 5288 eccl.,
1324 5233 1376 5272 ν.
1395 5215 1788 5290 Πρεσϐύτερος,
1817 5226 1949 5273 ιοω.
1982 5215 2050 5281 Il,

484 5291 608 5363 pag.
633 5291 759 5350 826.

2153 4866 2337 4992 εΗ(118)
2367 4866 2652 4938 Lequiem,
2683 4866 2869 4922 Oriens
2892 4866 3120 4930 Christ,
3149 4873 3280 4921 tom.
3306 4864 3370 4930 ll,
3406 4881 3564 4939 pagg.
3590 4865 3728 4935 447,

2233 5007 2344 5076 (19)
2371 5007 2572 5077 Aster.,
2599 5005 2818 5077 Fragm.
2844 5007 2897 5071 5,
2932 5005 3082 5071 infr.,
3110 5007 3216 5060 col.
3245 5006 3367 5062 151.

2235 5078 2346 5147 (20)
2384 5078 2486 5142 ld.,
2507 5076 2726 5146 Fragm.
2751 5077 2838 5144 l0,
2870 5077 3024 5142 infr.,
3051 5078 3160 5132 col.
3197 5077 3320 5133 155.

2230 5149 2339 5218 (‘21)
2369 5147 2605 5218 Iillem"
2641 5147 2824 5218 Μέηιη
2860 5158 2990 5218 tom.
3017 5147 3083 5213 ll,
3119 5163 3238 5216 pag.
3266 5147 3391 5218 441.

2232 5215 2341 5290 (ea)
2371 5215 2684 5290 Herculem,
2709 5215 3029 5290 Ilistar._lib.
3067 5215 3146 5290 vr,
3160 5215 3266 5290 sub
3291 5217 3412 5280 init.

2234 5285 2347 5359 (ἓῦ)
2385 5287 2604 5358 lligalt.,
2635 5287 2845 5358 praefat.
2873 5288 2941 5343 ad
2968 5285 3193 5343 Tertull.
