4006 6356
431 360 527 414 M7
1803 367 2080 424 ASTEBII
2119 367 2380 424 URBANI
3575 367 3680 421 148

425 484 507 540 cri
553 484 742 543 dolore
792 488 1030 558 perculsi
1085 486 1308 543 fuerint.
1347 487 1485 543 Cum
1541 504 1670 544 vero
1720 489 1840 560 ejus
1893 491 1995 545 loci

2101 505 2229 552 τους
2255 488 2364 560 (51)
2381 487 2705 559 λυπηθῆναι.
2751 487 3064 553 Ἀξιούντων
3096 483 3189 541 οὖν
3215 487 3323 540 τῶν
3344 485 3488 542 κατά
3516 486 3681 542 τόπον

423 577 731 650 presbyteri
759 580 1123 649 postularent,
1162 589 1222 635 ut
1266 596 1456 636 eorum
1490 592 1832 652 quae-contra
1871 584 1995 638 veri-

2111 580 2518 652 πρεσϐυτέρων,
2551 581 2700 646 ὅπως
2728 580 2834 634 τῶν
2883 579 3180 650 λεχθέντων
3216 578 3358 634 κατά
3385 579 3493 633 τῶν
3527 580 3681 634 ἀντι-

422 670 552 725 tatis
573 672 916 729 adversarios
944 674 1088 730 dicta
1117 673 1353 740 fuerant,
1383 676 1839 732 commentarium
1867 677 1995 746 ipsis

2107 671 2498 745 διατιθεμένων
2558 671 2637 744 τῷ
2686 671 2784 744 τῆς
2814 672 3068 744 ἀληθείας
3107 671 3250 742 λόγῳ
3303 672 3601 744 ὑπόμνημά
3627 692 3682 729 τι

423 765 692 835 scriptum
721 766 1086 833 relinquerem
1119 786 1132 823 :
1195 778 1408 824 astante
1454 769 1616 824 etiam
1651 770 1995 842 compresby-

2106 765 2530 835 καταλίπωμενο
2582 764 2847 836 παρόντος
2903 765 2997 817 καὶ
3047 763 3142 816 τοῦ
3197 763 3681 838 συμπρεσόυτέρου

421 864 542 912 tero
568 866 756 913 nostro
808 857 1000 914 Zotico
1064 857 1307 925 Otreno,
1379 861 1431 916 id
1500 861 1719 931 quidem
1779 860 1995 916 minime

2104 859 2262 930 ἡμῶν
2305 856 2544 911 Ζωτικοῦ
2592 856 2688 911 τοῦ
2728 857 2988 928 Ὀτρηνοῦ
3034 856 3170 927 (52),
3226 856 3386 910 τοῦτο
3429 857 3525 928 μὲν
3577 857 3680 912 οὐκ

422 948 692 1015 praestiti;
730 949 825 1003 sed
851 949 1017 1004 simul
1067 959 1232 1019 atque
1265 949 1373 1005 huc
1428 949 1734 1014 rediissem,
1761 949 1995 1019 scriptu-

2103 948 2454 1020 ἐπράξαμεν·
2515 946 2965 1018 ἐπηγγειλάμεθα
3019 948 3077 1002 δὲ
3109 947 3294 1001 ἐνθάδε
3336 947 3677 1019 γράψαντες,

422 1055 543 1092 rum
574 1055 660 1095 me
694 1041 902 1105 omnia,
944 1049 999 1097 et
1049 1044 1115 1096 ad
1164 1042 1314 1113 ipsos
1345 1043 1750 1114 quamprimum
1794 1042 1995 1097 missu-

2103 1039 2204 1092 τοῦ
2258 1039 2465 1111 Κυρίου
2512 1039 2776 1105 διδόντος,
2841 1038 2931 1092 διὰ
2997 1039 3229 1109 σπουδῆς
3290 1039 3529 1110 πέμπειν
3574 1043 3678 1096 αὐ-

423 1146 568 1198 rum,
591 1129 704 1187 Deo
736 1130 972 1198 favente,
1006 1133 1256 1203 promisi.
2103 1135 2216 1196 τοῖς
2869 1123 2874 1132 ’

1803 1250 1870 1307 ll.
1898 1249 1980 1305 Ex
2009 1249 2143 1304 libro
2184 1266 2222 1303 ι.

491 1364 658 1435 Igitur
683 1364 958 1420 obstinata
989 1367 1206 1421 illorum
1237 1367 1402 1422 coitio
1423 1368 1688 1424 adversus
1706 1367 1995 1424 Ecclesiam

2185 1365 2250 1418 Ἥ
2275 1365 2453 1419 τοίνυν
2504 1365 2755 1432 ἔνστασις
2784 1367 2964 1422 αὐτῶν
3017 1368 3112 1422 καὶ
3159 1369 3193 1440 ἡ
3236 1369 3545 1442 πρόσφατος
3581 1366 3678 1422 τοῦ

419 1465 476 1511 et
503 1473 644 1512 nova
669 1459 965 1528 perniciosi
1002 1462 1315 1518 schismatis
1351 1462 1599 1527 haeresis,
1643 1461 1788 1516 hanc
1818 1461 1995 1515 habuit

2104 1458 2513 1530 ἀποσχίσματος
2559 1459 2768 1530 αἵρεσις
2825 1459 2961 1531 πρὸς
3008 1460 3108 1532 τὴν
3173 1460 3517 1532 Ἐκκλησίαν,
3577 1460 3680 1532 τὴν

419 1550 714 1620 originem.
745 1549 915 1608 Vicus
938 1553 1161 1624 quidam
1198 1569 1320 1610 esse
1341 1555 1545 1609 dicitur
1595 1553 1649 1607 in
1680 1551 1852 1625 Mysia
1879 1569 1995 1608 eon-

2102 1553 2282 1607 αἰτίαν
2334 1551 2460 1623 ἔσχε
2507 1553 2780 1622 τοιαύτην.
2831 1553 3008 1625 Κώμη
3037 1572 3121 1618 τις
3177 1549 3313 1608 εἶναι
3353 1554 3568 1625 λέγεται
3619 1558 3679 1610 ὲν

419 1645 654 1698 tcrmina
685 1644 956 1717 Phrygiae,
1003 1647 1232 1702 nomine
1263 1647 1522 1703 Ardaba:
1559 1648 1611 1701 in
1635 1661 1767 1716 quo,
1825 1646 1995 1709 aiunt,

2099 1649 2165 1718 τῇ
2194 1645 2335 1699 κατά
2379 1647 2480 1718 τὴν
2526 1645 2766 1717 Φρυγίαν
2810 1646 2997 1720 Μυσία
3041 1645 3176 1719 (55).
3207 1647 3513 1721 καλουμένη
3556 1650 3682 1722 Ἀρο

419 1733 742 1792 Montanum
789 1740 1085 1808 quemdam
1119 1755 1187 1794 ex
1234 1739 1304 1795 iis
1332 1740 1426 1810 qui
1476 1739 1716 1794 fidelium
1773 1755 1995 1795 numero

2101 1737 2269 1791 δαϐαὖ
2325 1738 2597 1808 τοὺνομασ
2665 1737 2795 1792 ἔνθα
2847 1740 2981 1809 φασὶ
3044 1738 3168 1793 τινὰ
3217 1738 3328 1793 τῶν
3382 1739 3683 1796 νεοπίστων

418 1845 613 1885 recens
653 1831 879 1900 ascripti
911 1831 1152 1897 fuerant,
1177 1832 1473 1888 immodica
1506 1832 1672 1902 primi
1703 1831 1810 1887 loci
1848 1831 1995 1901 cupi-

2104 1828 2359 1903 πρώτως,
2415 1831 2692 1884 Μοντανὸν
2743 1830 2979 1902 τοῦνομα
3036 1831 3179 1885 κατὰ
3227 1832 3431 1904 Γράτον
3495 1833 3682 1896 Ἀσίας

419 1921 588 1976 ditate
616 1933 859 1992 captum,
890 1925 1128 1993 primum
1154 1925 1257 1980 sub
1287 1923 1454 1980 Grato
1479 1923 1624 1980 Asia:
1668 1924 1995 1995 proconsule

2101 1921 2432 1988 ἀνθύπατον,
2485 1924 2543 1976 έν
2587 1923 2854 1996 ἐπιθυμίᾳ
2901 1925 3076 1996 ψυχῆς
3136 1924 3359 1996 ἀμέτρῳ
3406 1922 3678 1996 φιλοπρω-

418 2014 627 2068 aditum
683 2015 738 2069 in
792 2031 851 2070 se
906 2016 1224 2072 adversario
1275 2017 1494 2087 spiritui
1547 2016 1896 2086 praabuisse:
1944 2024 2001 2070 et

417 2104 668 2162 daemone
694 2107 985 2176 repletum,
1021 2108 1206 2164 subito
1231 2109 1470 2178 quodam
1506 2106 1691 2163 furore
1712 2123 1778 2163 ac
1799 2108 2000 2162 mentis

417 2212 648 2252 excessu
691 2200 910 2254 concuti
952 2201 1220 2270 coepisse,
1257 2210 1310 2255 et
1367 2215 1507 2256 nova
1533 2199 1782 2270 quaedam
1835 2210 1999 2270 atque

418 2291 669 2346 inaudita
721 2293 1015 2363 proloqui;
1077 2294 1439 2348 hariolantem
1499 2309 1564 2349 ac
1613 2293 1996 2364 praedicentem

415 2381 625 2449 futura,
666 2395 860 2456 praeter
890 2402 1101 2442 morem
1134 2397 1299 2457 atque
1331 2387 1647 2441 institutum
1673 2385 1928 2442 Ecclesiae
1966 2401 1998 2439 a

314 2501 331 2516 -
417 2478 728 2548 majoribus
759 2478 1040 2542 traditum,
1081 2489 1136 2534 et
1183 2479 1446 2535 continua
1490 2480 1747 2548 deinceps
1778 2494 1998 2534 succes-

417 2572 574 2626 sione
605 2583 988 2642 propagatum.
1017 2571 1190 2627 Porro
1218 2587 1284 2629 ex
1319 2572 1406 2628 his
1445 2571 1539 2642 qui
1575 2581 1704 2625 tunc
1735 2573 1998 2640 temporis

418 2663 758 2720 adulterinos
783 2665 1030 2734 hominis
1065 2680 1351 2721 sermones
1397 2665 1704 2727 audierant,
1748 2663 1841 2718 alii
1869 2663 1997 2733 qui-

415 2756 540 2811 dem
574 2766 634 2812 ut
660 2757 1010 2827 abreptitium
1034 2768 1090 2813 et
1123 2758 1527 2814 dazmoniacum
1587 2772 1652 2812 ac
1681 2757 1878 2826 spiritu
1904 2771 1996 2811 er-

415 2849 560 2904 roris
599 2859 806 2916 actum,
843 2851 1146 2920 turbasque
1195 2851 1251 2904 in
1303 2851 1507 2922 populo
1545 2850 1872 2905 excitantem
1911 2849 1994 2902 in-

415 2941 754 3012 dignahundi
788 2942 1176 3013 ohjurgabant,
1202 2951 1256 2997 et
1288 2942 1439 3011 loqui
1483 2942 1712 2996 ulterius
1733 2941 1996 3012 prohibe-

415 3034 589 3090 bant:
618 3035 819 3106 quippe
848 3035 943 3106 qui
984 3036 1042 3090 iu
1095 3045 1281 3090 mente
1339 3034 1606 3090 haberent
1637 3035 1930 3091 discrimen
1963 3051 1994 3090 a

415 3126 656 3182 Domino
707 3136 1096 3197 prmnotatum,
1150 3127 1440 3197 minasque
1493 3127 1700 3197 quibus
1738 3128 1995 3197 iubemur

415 3220 712 3276 adventum
746 3219 1011 3276 falsorum
1035 3221 1427 3292 prophetarum
1477 3222 1765 3292 vigilanter
1791 3238 1855 3278 ac
1881 3223 1994 3279 sol-
2023 3194 2064 3252 δ

415 3313 567 3370 licite
599 3313 916 3370 observare.
947 3315 1057 3369 Alii
1108 3329 1242 3368 vero
1263 3314 1421 3368 .velut
1449 3323 1642 3370 sancto
1698 3313 1910 3385 Spiritu
1943 3324 1999 3370 et

413 3405 721 3476 prophetia:
747 3407 920 3477 gratia
946 3406 1074 3461 elati
1103 3405 1388 3476 inﬂatique
1419 3405 1616 3460 mirum
1650 3407 1704 3461 in
1748 3407 1994 3473 modum,

415 3508 470 3555 et
517 3499 892 3556 distinctionis
949 3514 982 3554 a
1013 3499 1247 3555 Domino
1301 3508 1734 3569 praemonstrata:
1780 3501 2004 3570 penitus

415 3591 592 3656 obliti,
647 3591 801 3647 illum
851 3591 1217 3647 infatuantem
1271 3602 1327 3647 et
1369 3591 1709 3648 adulatorem
1737 3594 1997 3664 vulgique

416 3679 764 3735 seductorem
795 3681 1048 3750 spiritum
1082 3681 1228 3736 ultro
1261 3681 1330 3737 ad
1363 3682 1697 3753 loquendum
1740 3699 1998 3754 provoca-

415 3772 570 3838 bant,
608 3773 751 3844 capti
777 3774 897 3843 ejus
937 3773 1211 3830 illecebris
1261 3783 1316 3829 et
1366 3774 1421 3829 in
1487 3773 1733 3830 fraudem
1767 3775 1992 3830 inducti.

414 3865 532 3922 Hae
565 3867 734 3938 igitur
753 3877 870 3924 arte
911 3884 1008 3924 seu
1049 3868 1237 3939 potius
1266 3868 1457 3924 fraude
1506 3885 1571 3925 ac
1603 3871 1842 3926 versutia
1879 3871 1998 3926 dia-

414 3959 576 4015 bolus
604 3961 867 4016 adversus
893 3976 990 4016 eos
1017 3962 1112 4032 qui
1146 3961 1294 4017 dicto
1319 3960 1533 4016 Domini
1562 3962 1845 4018 audientes
1885 3978 1994 4016 non

415 4061 595 4114 erant,
627 4054 854 4108 exitium
896 4054 1268 4118 machinatus,
1319 4069 1444 4109 cum
1478 4054 1677 4108 abillis
1716 4054 1996 4108 immerito

498 4229 609 4302 ςσι)
663 4233 772 4287 Kal
827 4232 971 4298 τοῦς
1021 4234 1383 4300 ἀντιθέτους.
1441 4232 1621 4288 Malim
1681 4233 2001 4302 ἀντιθέους,

415 4309 482 4358 ut
505 4301 709 4373 legitur
737 4303 806 4357 ad
838 4304 1138 4372 marginem
1174 4305 1430 4359 editionis
1466 4304 1820 4360 Genevensis.
1854 4301 1993 4360 Cum

414 4374 562 4428 enim
605 4373 728 4447 jam
755 4443 768 4447 _
805 4373 1005 4447 dixerit
1051 4375 1179 4438 τοὺς
1249 4373 1563 4447 ἐξεναντίας
1599 4374 1994 4447 Λάποκρουσθῆ-

415 4460 540 4514 ναι,
602 4443 943 4514 ineptissima
1007 4456 1152 4500 esset
1213 4446 1501 4514 repetitio.
1565 4445 1613 4500 si
1664 4443 1792 4509 τοὺς
1844 4443 1995 4502 ἀντι-

415 4513 604 4586 θέτους
660 4513 856 4572 iterum
895 4517 1223 4570 nominaret.
1278 4513 1477 4586 Verum
1513 4514 1813 4582 ἀντιθέους,
1849 4518 1993 4586 quod

414 4585 579 4655 longe
607 4589 830 4656 gravius
866 4595 969 4651 est,
997 4587 1232 4655 appellat
1280 4585 1665 4649 Montanistas,
1695 4588 1747 4642 id
1779 4585 1876 4641 est
1898 4587 1993 4643 Dei

413 4656 784 4726 adversarios,
845 4671 911 4710 eo
944 4657 1091 4726 quod
1124 4672 1326 4711 novum
1363 4656 1706 4712 Paraeletum
1768 4658 1994 4714 induce-

412 4733 559 4798 rent.
594 4725 770 4798 Atque
796 4727 870 4782 ita
904 4725 978 4782 in,
998 4727 1185 4783 codice
1228 4726 1366 4798 Fuk.
1407 4741 1461 4782 et
1507 4727 1678 4784 Savil.
1727 4730 1992 4798 scriptum

415 4797 667 4852 habetur.
703 4795 761 4850 Si
791 4798 916 4867 quis
957 4814 1088 4854 vero
1112 4797 1423 4862 ἀντιθέτους
1447 4802 1680 4854 retinere
1716 4795 1989 4856 maluerit.

415 4881 528 4923 non
586 4869 920 4938 repugnabo.
956 4868 1097 4923 Infra
1149 4868 1306 4938 enim,
1343 4869 1994 4926 ἀίουηιυιοθὰντιδιατιθέ-

413 4953 592 5061 Eum,
634 4937 779 5020 utet
816 4940 959 5007 apud
1003 4937 1230 5021 Gregor.
1265 4937 1571 5020 Nyssenum
1616 4939 1712 4994 lib.
1749 4956 1765 4993 ι
1801 4949 1991 4995 contra

463 5019 769 5061 unomtum.
795 5019 850 5061 et
867 5009 1097 5061 Paulum
1135 5027 1190 5061 ιη
1220 5008 1266 5061 ll
1299 5009 1366 5061 ad
1392 5008 1632 5061 Timoth.

463 5010 769 5069 nnomium,
795 5019 850 5063 et
867 5009 1097 5064 Paulum
1121 5008 1190 5064 in
1220 5008 1266 5063 ll
1299 5008 1366 5064 ad
1392 5008 1632 5064 Timoth.

488 5078 600 5150 (32)
639 5078 751 5132 Τοῦ
790 5080 1086 5148 Ὀτρηνοῦι
1147 5079 1285 5135 Male
1327 5081 1470 5149 apud
1511 5079 1878 5148 Nicephorum
1910 5079 1991 5135 lc-

451 5149 562 5223 itur
603 5149 914 5223 ’οστρηνοῦ.
949 5151 1378 5223 Distinguendus
1417 5161 1599 5223 autem
1660 5151 1875 5223 videtur
1903 5152 1992 5206 hic

461 5222 638 5278 oticus
667 5218 902 5278 Oti-enus
927 5237 958 5276 a
988 5218 1177 5276 Zotico
1223 5222 1552 5277 Comanensi
1587 5222 1863 5291 episcopo,
1890 5239 1989 5276 cu-

411 5292 504 5359 jus
533 5291 677 5346 infra
701 5293 952 5347 meminit
1002 5293 1094 5348 hic
1131 5301 1342 5348 auctor.
1383 5291 1519 5346 Nam
1551 5301 1605 5347 et
1633 5293 1992 5349 (lomanensis

415 5363 505 5416 ille
527 5362 808 5432 antiquior
849 5363 972 5416 fuit.

487 5433 598 5504 (~35)
646 5431 742 5504 Ἐγ
772 5433 847 5502 τῇ
873 5433 1023 5489 κατὰ
1051 5431 1168 5502 τὴν
1215 5433 1476 5504 Φρυγίαν
1505 5433 1728 5504 Μυσίᾳ1
1757 5432 1989 5489 Rufinus

414 5501 620 5576 vertit:
686 5501 843 5558 Vicus
876 5506 1094 5576 quidam
1117 5501 1120 5502 ⁷
1147 5501 1269 5576 esse
1296 5501 1496 5576 dicitur
1530 5503 1671 5576 apud
1696 5502 1988 5576 Phrygiam

416 5573 608 5644 Mysia:
648 5573 913 5630 civitatem
951 5592 971 5629 :
1010 5575 1370 5644 ineptissime.
1401 5573 1511 5630 Nec
1550 5575 1744 5629 melius
1771 5573 1988 5628 Museu-

412 5644 502 5728 l'us
516 5646 1116 5728 etQhristophorsonus
1135 5646 1580 5728 interpret-antur,
1601 5646 1746 5728 apud
1759 5644 1985 5728 Mysiam

414 5712 690 5788 thygjw.
715 5712 856 5788 Quid
893 5718 1068 5788 enim,
1087 5712 1438 5788 amabo—,Asibi
1471 5717 1587 5788 vult
1616 5712 1785 5788 Mysia
1808 5712 1984 5788 Phry-

413 5759 1595 5858 ξςίὲἵῖὁᾘίνίἒῖΝοῦἱὶῗίυῖὶᾛῖᾖὲεᾶῗεἶέἁὶ
1616 5759 1692 5841 ’ἐξ
1705 5759 1981 5858 "stage,

412 5865 549 5915 teste
571 5856 838 5916 Strabone
873 5859 931 5915 in
953 5859 1092 5916 libro
1117 5873 1211 5913 xu.
1241 5856 1361 5913 Alia
1383 5857 1580 5929 major,
1603 5873 1766 5930 quem
1797 5856 1990 5929 Olym-.

2025 4556 2072 4614 D

2099 2013 2251 2077 τείας
2307 2014 2466 2068 δόντα
2505 2014 2736 2086 πάροδον
2791 2019 2872 2080 εἰς
2919 2017 3108 2071 ἑαυτὸν
3155 2017 3234 2088 τῷ
3290 2016 3674 2088 ἀντικειμένῳ,

2101 2105 2687 2179 πνευματοφορηθῆναί
2765 2125 2825 2160 τε
2879 2110 2974 2162 καὶ
3020 2108 3301 2178 αἰφνιδίως
3358 2110 3417 2162 ὲν
3469 2109 3678 2180 κατοχῇ

2099 2214 2206 2251 τινι
2235 2199 2330 2252 καὶ
2366 2199 2736 2270 παρεκστάσει
2773 2202 3060 2274 γενόμενον
3082 2201 3382 2272 ὲνθουσιᾷν·
3411 2198 3681 2273 ἄρξασθαί

2097 2307 2157 2342 τε
2181 2289 2360 2343 λαλεῖν
2403 2292 2498 2345 καὶ
2521 2292 2858 2364 ξενοφωνεῖν,
2915 2293 3069 2366 ποιρά
3109 2293 3173 2346 τὸ
3204 2292 3346 2346 κατά
3381 2293 3682 2364 παράδοσιν

2099 2382 2356 2436 καὶκατὰ
2397 2383 2647 2455 διαδοχὴν
2689 2385 2893 2439 ἄνωθεν
2935 2385 3032 2456 τῆς
3076 2384 3403 2456 Ἐκκλησίας
3431 2383 3554 2448 ἔθος
3577 2373 3703 2456 δῆέ

2099 2473 2190 2526 θεν
2219 2474 2649 2546 προφητεύοντα.
2699 2476 2820 2529 Τῶν
2851 2476 2910 2530 δὲ
2955 2477 3075 2530 κατ’
3097 2476 3275 2529 έκεῖνο
3301 2475 3494 2548 καιροῦ
3523 2477 3583 2529 ὲν
3603 2477 3675 2548 τῇ

2096 2565 2206 2620 τῶν
2247 2567 2417 2620 νόθων
2477 2569 2889 2638 ὲκφωνημάτων
2941 2568 3205 2641 ἀκροάσει
3239 2568 3569 2639 γενομένων,
3624 2570 3680 2622 oi.

2102 2658 2199 2729 μὲν
2225 2657 2299 2722 ὡς
2339 2658 2432 2711 ἐπὶ
2464 2657 2839 2730 ἐνεργουμένῳ
2873 2657 2967 2711 καὶ
2998 2657 3323 2729 δαιμονῶντι
3345 2657 3442 2712 καὶ
3467 2657 3526 2711 ὲν
3547 2655 3682 2712 πλά-

2097 2764 2194 2817 νης
2216 2746 2483 2818 πνεύματι
2523 2747 2842 2819 ὑπάρχοντι,
2883 2747 2976 2802 καὶ
3003 2747 3129 2810 τοὺς
3147 2747 3337 2818 ὄχλους
3354 2747 3678 2819 ταράττοντι

2098 2836 2388 2907 ἀχθόμενοι
2416 2831 2710 2908 ὲπετίμων¹,
2742 2837 2839 2891 καὶ
2887 2835 3066 2890 λαλεῖν
3095 2836 3352 2891 ἐκώλυον·
3393 2836 3679 2910 μεμνημέ-

2096 2946 2177 2982 νοι
2201 2929 2298 3000 τῆς
2343 2927 2436 2981 τοῦ
2482 2928 2686 3000 Κυρίου
2716 2928 3002 2998 διαστολῆς
3033 2945 3094 2981 τε
3140 2928 3235 2982 καὶ
3257 2927 3505 2998 ἀπειλῆς,
3535 2928 3677 2997 πρὸς

2096 3023 2156 3076 τὸ
2185 3020 2548 3091 φυλάττεσθαι
2596 3020 2695 3092 τὴν
2734 3019 2843 3074 τῶν
2875 3019 3333 3094 ψευδοπροφητῶν
3369 3022 3675 3094 ἐγρηγορό-

2097 3131 2206 3178 τως
2234 3115 2556 3186 παρουσίαν.
2595 3114 2658 3166 Oi
2691 3112 2746 3166 δὲ
2771 3112 2846 3176 ὠς
2874 3112 3012 3184 ἁγίῳ
3035 3112 3313 3184 Πνεύματι
3338 3113 3432 3166 καὶ
3465 3131 3680 3186 προφη-

2096 3206 2233 3277 τικῷ
2275 3207 2572 3278 χαρίσματι
2619 3205 2968 3277 ἐπαιρόμενοι
2991 3247 3007 3272 ,
3035 3207 3130 3260 καὶ
3175 3207 3272 3277 οὐχ
3299 3207 3502 3277 ἥκιστα
3534 3225 3677 3279 χαυ-

2097 3299 2366 3369 νούμενοι,
2397 3297 2491 3351 καὶ
2518 3297 2616 3369 τῆς
2643 3297 2926 3368 διαστολῆς
2956 3297 3051 3351 τοῦ
3092 3298 3298 3372 Κυρίου
3328 3299 3680 3355 ἐπιλανθανό-

2100 3407 2273 3460 μενοι,
2307 3390 2368 3442 τὸ
2403 3389 2702 3461 βλαψίφρον
2731 3391 2826 3444 καὶ
2858 3390 3272 3463 ὑποκοριστικὸν
3313 3392 3408 3446 καὶ
3437 3391 3678 3447 λαοπλά-

2095 3497 2186 3534 νον
2210 3481 2424 3552 πνεῦμα
2481 3480 2919 3552 προύκαλοῦντο·
2954 3481 3272 3553 θελγόμενοι
3322 3483 3417 3536 καὶ
3461 3481 3681 3537 πλανώ-

2101 3590 2249 3644 μενοι
2293 3574 2384 3626 ὑπ’
2407 3572 2594 3640 αὑτοῦ,
2637 3574 2717 3638 εἰς
2751 3575 2812 3628 τὸ
2869 3574 3065 3645 μηκέτι
3092 3574 3395 3629 κωλύεσθαι
3424 3577 3670 3648 σιωπᾷνο

2095 3666 2262 3738 τέχνῃ
2307 3665 2363 3719 δέ
2403 3682 2530 3728 τινι,
2594 3665 2793 3736 μᾶλλον
2833 3665 2891 3718 δὲ
2915 3665 3138 3737 τοιαύτῃ
3193 3665 3401 3736 μεθόδῳ
3447 3654 3680 3720 κακοτε-

2097 3758 2250 3830 χνίας
2283 3759 2311 3811 ὁ
2340 3755 2583 3820 διάϐολος
2624 3755 2722 3828 τὴν
2756 3755 2897 3810 κατὰ
2913 3755 3023 3810 τῶν
3056 3755 3349 3828 παρηκόων
3379 3754 3487 3826 (⁵54)
3518 3755 3675 3809 ἀπώ-

2096 3852 2246 3906 λειαν
2283 3849 2754 3923 μηχανησάμενος,
2779 3849 2872 3902 καὶ
2900 3850 3030 3920 παρ’
3061 3847 3218 3914 ἀξίαν
3263 3848 3354 3902 ὑπ’
3389 3848 3566 3903 αὐτῶν
3593 3866 3678 3903 τι-

2100 3941 2370 4014 μώμενος,
2427 3940 2754 4013 ὑπεξήγειᾴ
2784 3959 2844 3994 τε
2879 3942 2974 3994 καὶ
3011 3940 3448 4012 προσεξέκαυσεν
3493 3943 3678 3996 αὐτῶν

2095 4035 2195 4106 τὴν
2221 4035 2738 4106 ἀποκεκοιμημένην
2771 4034 2882 4105 (⁸55)
2938 4035 3049 4088 ἀπὸ
3081 4036 3181 4106 τῆς
3233 4037 3372 4090 κατὰ
3414 4035 3674 4108 ἀλήθειαν

2095 4251 2289 4307 penem
2314 4245 2474 4291 vocat
2497 4233 2732 4307 Strabo;
2767 4236 2874 4290 alia
2900 4236 3115 4307 _r_ninor,
3153 4251 3314 4306 quam
3347 4233 3678 4307 He_llespon-

2096 4305 2227 4362 tiam
2292 4314 2453 4361 vocat
2495 4306 2843 4377 Ptolemaaus.
2900 4305 3361 4376 Utraque’porro
3413 4305 3666 4377 Phrygiae

2094 4378 2438 4432 contermina
2492 4376 2612 4431 fuit.
2673 4375 2827 4430 Unde
2881 4388 3071 4431 natum
3128 4375 3475 4446 proverbium
3527 4375 3673 4446 apud

2097 4448 2336 4514 Graecos,
2356 4449 2540 4519 Χωρὶς
2563 4447 2632 4501 τὰ
2657 4447 2878 4501 Μυσῶν.
2915 4447 3042 4502 Fuit
3085 4456 3140 4502 et
3193 4448 3362 4519 altera
3403 4447 3574 4519 Mysia
3614 4448 3671 4501 in

2099 4519 2341 4588 Europa,
2366 4515 2616 4574 Thracia
2642 4519 2976 4588 contributa,
3033 4533 3198 4588 quam
3223 4515 3399 4572 Latini
3447 4515 3669 4588 quidem

2098 4587 2346 4645 Mcesiam
2388 4599 2622 4654 vocant,
2661 4587 2833 4644 Graeci
2883 4604 3015 4644 vero
3054 4587 3286 4658 semper
3323 4587 3556 4642 Μυσίαν.
3587 4588 3672 4642 Ad

2096 4661 2263 4730 hujus
2309 4675 2439 4731 ergo
2479 4661 2924 4731 distinctionem,
2977 4662 3011 4730 ἡ
3064 4659 3206 4713 κατὰ
3257 4660 3500 4731 Φρυγίαν
3553 4660 3672 4712 Μυ-

2097 4729 2187 4784 σία
2239 4731 2326 4786 hic
2377 4729 2583 4785 dicitur
2629 4731 2800 4801 Mysia
2858 4729 3107 4801 Phrygiae
3159 4729 3524 4801 contermina,
3571 4744 3668 4783 seu

2095 4802 2357 4856 Asiatica.
2391 4801 2564 4856 Porro
2607 4799 2766 4857 vicus
2811 4802 2915 4856 iste
2959 4799 3029 4855 i'n'
3073 4802 3264 4856 codice
3291 4799 3430 4854 Maz.
3470 4801 3672 4854 dicitur

2109 4871 2395 4925 Ἀοδα6ἄ6.

2191 4943 2279 5013 54)
2303 4941 2462 4996 Κατὰ
2482 4942 2602 4996 τῶν
2633 4943 2967 5012 παρηκόων.
2990 4941 3220 4997 Rufinus
3243 4939 3670 5013 indisciplinatos

2093 5011 2276 5076 vertit,
2339 5013 2619 5070 Musculus
2669 5011 3051 5083 immorigeros,
3102 5027 3211 5083 non
3247 5012 3407 5067 male.
3468 5011 3671 5064 Intelli-

2093 5094 2294 5155 guntur
2316 5086 2464 5139 enim
2518 5086 2552 5138 ii
2597 5085 2690 5154 qui
2747 5082 3074 5153 praeceptum
3109 5082 3346 5148 Domini,
3380 5099 3491 5151 quo
3531 5098 3673 5151 pra:-

2094 5157 2286 5210 moniti
2319 5156 2537 5210 fuerant
2564 5165 2626 5210 ut
2654 5173 2684 5210 a
2727 5156 2881 5210 falsis
2937 5155 3217 5224 prophetis
3247 5161 3531 5224 caverent,
3563 5168 3665 5224 ne-

2093 5227 2398 5298 gligebant;
2445 5227 2544 5298 τῆς
2585 5226 2875 5298 διαστολῆς,
2907 5222 3011 5298 τοῦ
3040 5222 3264 5298 Κυρίου
3317 5222 3676 5298 ἐπιλανθανό-

2138 5315 2280 5365 ενοι,
2311 5307 2368 5350 ut
2402 5295 2564 5365 supra
2591 5295 2831 5366 loquitur
2865 5296 2954 5350 hic
2999 5295 3374 5350 innominatus
3402 5295 3663 5364 scriptor.

2138 5315 2280 5365 ενοι,
2311 5315 2368 5350 nt
2402 5315 2564 5365 supra
2591 5315 2830 5366 loquitur
2865 5315 2897 5350 n

2091 5315 2330 5422 Fessime
2349 5367 2897 5437 Christophorsonus.

2164 5438 2273 5507 (55)
2313 5437 2432 5504 Τὴν
2464 5434 3035 5506 ἀπόκεκοιμημένην.
3056 5434 3371 5504 Metaphora
3395 5442 3480 5489 εει
3499 5449 3674 5507 a_mu--

2091 5505 2340 5570 lierihus,
2361 5524 2483 5577 qua:
2513 5509 2703 5563 relicto
2731 5505 2911 5561 mariti
2933 5517 3055 5562 toro
3084 5508 3269 5561 furtim
3295 5507 3361 5561 ad
3391 5505 3665 5560 mceclmm

2089 5575 2394 5635 transeunt.
2426 5575 2560 5633 Nam
2592 5578 2918 5649 κοιμᾶσθαι,
2956 5595 3050 5633 seu
3083 5579 3340 5649 dormire,
3375 5577 3443 5649 de
3476 5577 3660 5644 hujus

2090 5651 2235 5703 modi
2263 5650 2545 5704 adulteriis
2572 5648 2690 5703 dici
2708 5650 2865 5714 solet,
2907 5659 2968 5704 ut
2994 5651 3046 5702 in
3093 5648 3246 5702 libris
3280 5648 3453 5702 sacris
3475 5661 3658 5700 occur-

2088 5721 2160 5774 rit
2189 5736 2294 5774 non
2319 5722 2506 5776 semel.
2555 5719 2709 5786 Quod
2758 5736 2882 5775 cum
2927 5736 3032 5773 non
3065 5719 3388 5788 intelligeret
3414 5717 3666 5772 Christo-

2087 5792 2420 5862 phorsonus,
2472 5792 2666 5845 erroris
2701 5807 2882 5858 εοηιιιο
2913 5791 3236 5864 consopitum
3267 5789 3448 5844 vertit.
