4006 6356
477 395 581 452 155
1595 398 1984 452 PONTIANUS
2024 401 2306 452 PAPA.—-
2341 400 2636 452 NOTlTlA.
3598 397 3702 450 156

469 516 590 572 dem
616 515 884 587 imperitia
909 515 1124 572 initium
1157 531 1402 585 sumens,
1426 519 1480 573 in
1509 521 1802 576 amentiam
1825 531 2024 588 autem,

2136 523 2251 575 σίου
2299 521 2557 592 ἀμαθίας,
2591 518 2978 592 καταστρέφων
3011 517 3068 572 δὲ
3110 519 3189 581 εἰς
3222 515 3473 571 ἀκούσιον
3505 513 3700 585 μανίαν

469 616 530 662 ut
583 607 696 678 jam
731 608 866 675 dixi,
899 607 1327 664 involuntariam
1380 610 1658 668 desinens.
1704 611 2024 684 ilujusmodi

2130 613 2327 684 ψυχῆς,
2365 613 2441 678 ὡς
2474 612 2816 685 προείρηται.
2848 608 3048 662 Τοῦτον
3074 608 3132 661 δὲ
3166 607 3258 660 τὸν
3303 606 3523 679 τρόπον,
3574 602 3700 658 οὔτε

469 711 600 752 vero
632 697 829 767 spiritu
887 697 1098 751 nullum
1134 714 1376 769 unquam
1416 715 1515 756 nec
1539 700 1592 754 in
1626 701 1822 758 Vetere
1851 718 1951 759 nec
1977 703 2024 758 in

2125 705 2250 758 τινὰ
2271 705 2378 758 τῶν
2405 703 2546 758 κατὰ
2578 705 2676 776 τὴν
2697 703 2956 767 Παλαιὰν,
2981 700 3104 756 οὔτε
3127 700 3235 755 τῶν
3272 697 3413 754 κατὰ
3445 697 3544 771 τὴν
3563 700 3705 753 Και-

468 786 623 844 Νονο
680 787 1033 844 Testamento
1082 789 1402 859 prophetam
1457 791 1698 846 aﬂlatum
1783 801 2024 862 poterunt

2133 795 2230 866 νὴν
2259 795 2840 868 πνευματοφορηθέντα
2867 796 3155 868 προφήτην
3169 793 3336 858 δεῖξαι
3361 792 3699 864 δυνήσονται·

469 882 846 936 demonstrare
881 898 895 936 :
931 897 1042 936 non
1092 881 1365 954 Agabum,
1414 898 1525 938 non
1557 881 1775 949 Judam,
1810 898 1917 938 non
1953 883 2024 939 Si-

2132 883 2257 938 οὕτε
2287 884 2542 955 Ἀγαὸον,
2577 884 2700 938 οὔτε
2739 883 2958 948 Ἰούδαν,
2987 883 3110 936 οὕτε
3138 883 3316 945 Σίλαν,
3340 881 3464 935 οὔτε
3488 880 3585 944 τὰς
3606 883 3702 934 Φι-

468 969 600 1037 lam,
631 986 732 1026 nec
753 970 987 1042 Philippi
1016 973 1177 1039 tilias,
1193 988 1293 1029 nec
1313 974 1584 1029 Ammiam
1612 975 2024 1046 Philadelphen-

2136 977 2340 1032 λίππου
2392 978 2714 1050 Θυγατὲρας,
2755 975 2880 1031 οὔτε
2919 976 3017 1048 τὴν
3065 977 3123 1029 ἐν
3167 972 3518 1044 Φιλαδελφείᾳ
3571 973 3705 1042 Ἀμ-

469 1075 605 1124 sem,
639 1077 738 1117 nec
763 1062 1120 1130 Quadratum,
1147 1079 1248 1119 nec
1285 1067 1468 1136 plures
1496 1080 1715 1136 quoque
1766 1066 1906 1122 alios
1939 1065 2024 1136 qui

2145 1071 2294 1141 μίαν,
2344 1071 2467 1125 οὔτε
2505 1071 2795 1142 Κοδρᾶτον,
2846 1069 2968 1123 οὔτε
3009 1069 3108 1140 ἤδη
3154 1066 3305 1131 τινὰς
3351 1065 3542 1130 ἄλλους
3589 1065 3704 1136 (50)

469 1152 606 1206 nihil
638 1153 704 1208 ad
738 1153 890 1224 ipsos
920 1154 1216 1225 pertinent,
1242 1157 1634 1228 praedicabunt.

2145 1163 2308 1234 μηδὲν
2337 1165 2517 1229 αὐτοῖς
2545 1164 2914 1236 προσήκοντας
2941 1161 3322 1232 καυχήσονται.

2063 1273 2135 1330 Χ.

535 1382 672 1438 Nam
706 1382 750 1438 si
778 1382 1019 1452 quidem,
1053 1392 1113 1438 ut
1142 1382 1456 1453 pradicant,
1479 1393 1601 1454 post
1624 1382 1958 1450 Quadratum
1981 1392 2036 1440 et

469 1478 743 1533 Ammiam
785 1475 1293 1546 Philadelphensem
1343 1477 1599 1533 mulieres
1639 1479 1742 1533 illa:
1795 1476 2024 1534 Montani

2154 1476 2410 1548 Ἀμμίαν,
2465 1475 2539 1538 ὥς
2582 1492 2763 1545 φασιν,
2807 1476 2862 1528 αἱ
2903 1476 3028 1546 περὶ
3079 1475 3353 1528 Μοντανδν
3405 1474 3705 1541 διεδέξαντο

470 1573 527 1626 in
565 1570 862 1642 prophetim
893 1569 1119 1640 gratiam
1181 1579 1581 1638 successerunt,
1615 1571 1905 1627 ostendant
1937 1587 2024 1626 nn-

2141 1571 2398 1638 γυναῖκες
2433 1567 2494 1621 τὸ
2541 1566 2874 1638 προφητικὸν
2911 1567 3176 1638 χάρισμα,
3205 1567 3332 1631 τοὺς
3369 1567 3474 1620 ἀπὸ
3502 1569 3707 1622 Μοντα-

470 1663 558 1718 bis
603 1661 826 1732 quinam
880 1661 1023 1716 inter
1085 1660 1236 1731 ipsos
1282 1660 1540 1716 Montano
1575 1677 1640 1718 ac
1691 1663 2024 1719 mulierculis

2143 1658 2234 1714 νοῦ
2264 1656 2490 1712 καὶτῶν
2527 1657 2801 1726 γυναικῶν
2834 1656 2980 1721 τίνες
3011 1659 3141 1729 παρ’
3181 1658 3362 1721 αὐτοῖς
3386 1657 3704 1722 διεδέξαντο,

471 1756 855 1812 successerint.
906 1753 1119 1810 Etenim
1176 1755 1474 1825 pr0phetite
1524 1753 1726 1809 donum
1779 1753 1833 1810 in
1883 1754 2024 1810 omni

2137 1748 2494 1814 δειξάτωσανο
2525 1749 2633 1801 δεῖν
2673 1748 2782 1820 γὰρ
2830 1744 2966 1802 εἶναι
3007 1749 3067 1802 τὸ
3105 1750 3436 1822 προφητικὸν
3463 1751 3709 1822 χάρισμα

470 1848 714 1904 Ecclesia
746 1847 814 1902 ad
845 1847 1102 1902 ultimum
1129 1863 1304 1918 usque
1336 1845 1554 1902 Domini
1586 1847 1876 1902 adventum
1908 1863 2023 1918 per-

2137 1843 2193 1895 ὲν
2222 1843 2368 1912 πάσῃ
2387 1843 2453 1912 τῇ
2473 1839 2768 1912 Ἐκκλησία
2801 1841 2961 1912 μέχρι
2983 1841 3074 1896 τὸν
3101 1841 3312 1906 τελείας
3338 1844 3637 1915 παρουσίας
3675 1847 3707 1898 ὁ

471 1956 695 1996 manere
723 1941 941 2006 debere,
975 1950 1168 1996 auctor
1213 1950 1296 1996 est
1347 1939 1662 2009 Apostolus.
1694 1937 1797 1994 Sed
1823 1939 2024 1994 nullum

2148 1934 2462 1997 Ἀπόστολος
2484 1934 2643 2002 ἀξιοῖ·
2661 1934 2775 1988 ἀλλ’
2800 1935 2898 1988 οὐκ
2921 1934 2988 1988 ἂν
3012 1935 3185 2006 ἔχοιεν
3209 1935 3376 2001 δεῖξαι
3405 1937 3547 2008 (50“)
3572 1955 3703 1991 τεσ-

471 2048 696 2104 prorsus
710 2041 959 2102 poterunt
985 2033 1291 2099 ostendere,
1318 2033 1532 2088 tametsi
1550 2033 1672 2102 jam
1698 2040 1927 2103 quartus
1947 2033 2024 2088 de-

2145 2045 2212 2082 σα
2217 2046 2274 2100 ρε
2283 2028 2627 2082 σκαιδέκατον
2640 2028 2740 2100 ήδη
2766 2045 2868 2082 που
2881 2027 3038 2082 τοῦτο
3059 2029 3178 2093 ἔτος
3191 2029 3298 2083 ἀπὸ
3311 2030 3409 2102 τῆς
3425 2028 3705 2103 Μαξιμίλ-

473 2124 652 2180 cimus
691 2124 779 2179 hic
817 2133 1010 2195 agatur
1033 2141 1210 2181 annus
1229 2125 1298 2180 ab
1324 2124 1475 2180 obitu
1497 2122 1826 2179 Maximillre.

2141 2118 2239 2188 λης
2263 2118 2540 2188 τελευτῆς.

1595 398 1984 458 PONTIANUS
2024 401 2306 458 PAPA.—-
2341 400 2636 458 NOTlTlA.

2207 1385 2271 1439 Εἰ
2307 1383 2414 1456 γὰρ
2470 1383 2606 1454 μετὰ
2649 1383 2921 1456 Κοδρᾶτον
2972 1383 3066 1438 καὶ
3109 1383 3205 1455 τὴν
3249 1383 3307 1436 ὲν
3349 1381 3705 1456 Φιλαδελφείᾳ

543 2237 654 2311 (50)
686 2241 834 2311 Ορτε
882 2239 997 2307 ἤδη
1029 2237 1208 2311 τινὰς-
1243 2239 1491 2305 ἄλλους.
1525 2236 1601 2311 Ιηᾲ
1635 2238 1824 2311 codice
1846 2235 2034 2311 ‘Med.,

471 2305 612 2364 Mal.
637 2305 705 2366 ἐι
735 2309 869 2364 Fuk.
898 2305 950 2364 et
987 2305 1140 2380 apud
1169 2309 1530 2379 Nicephorum
1591 2309 1784 2379 legitur
1813 2305 1934 2362 οὔτε
1957 2324 2040 2359 τι-

2144 2239 2599 2378 νάῗὲοιῖῗλιὶῳιίᾱ
2632 2304 2822 2361 deesse
2853 2305 3080 2362 videtur.
3115 2306 3213 2364 En.
3250 2286 3488 2364 Phaon.

472 2533 826 2547 _————v

1739 2691 1909 2736 ANNO
1953 2690 2182 2734 DOMINI
2241 2689 2509 2732 CCXXXIV

1127 2863 2024 3052 PONTIAI‘

2125 2867 2355 3048 US
2446 2863 3028 3046 PAPA

1801 3331 2405 3455 NOTITIA

476 3564 670 3630 (llum,
701 3559 904 3625 Concit.,
926 3561 976 3626 I,
1001 3561 1111 3623 755,
1132 3573 1195 3632 ex
1220 3561 1656 3632 Itlbropontilleali
1679 3558 1877 3632 parnasi
1905 3573 2059 3632 papae.
2085 3588 2148 3632 τ-
2167 3561 2864 3632 γετξειελεειίοῃεὶερλιυηρ
2887 3563 3050 3632 locum
3074 3561 3209 3614 Libri
3248 3561 3544 3616 pontiﬁcalis
3587 3564 3700 3616 vida

1145 3626 1197 3674 in
1230 3621 1486 3674 Anastasio
1513 3621 1920 3684 Bibliothecario,‘
1938 3621 2237 3688 Pati-elogia:
2258 3622 2438 3676 Latina:
2458 3630 2497 3674 t.
2520 3623 2747 3686 CXXVII,
2774 3627 2865 3675 col.
2891 3625 3056 3688 1557.)

545 3897 847 3972 Pontianus
874 3898 950 3971 (l)
977 3898 1198 3954 natione
1223 3898 1523 3966 Romanus,
1556 3915 1620 3955 ex
1649 3909 1800 3970 patre
1828 3901 2134 3967 Calfurnio,
2163 3902 2304 3960 sedit
2342 3916 2516 3957 annos
2545 3901 2599 3964 9,
2633 3915 2848 3972 menses
2881 3900 2934 3966 5,
2962 3899 3082 3972 dies
3107 3898 3142 3953 2
3175 3899 3273 3971 (2);
3315 3901 3576 3972 martyrio
3601 3917 3700 3957 co-

472 3981 716 4042 ronatur.
749 3969 1082 4042 Fuitaute_m
1115 3972 1452 4042 temporibus
1484 3969 1802 4035 Alexandri,
1836 3987 1866 4026 a
1897 3975 2180 4030 consulatu
2213 3973 2526 4042 Pompeiani
2555 3982 2610 4027 et
2639 3971 2931 4041 Pelagiani.
2962 3969 3161 4042 Eodem
3197 3969 3441 4040 tempore
3462 3969 3695 4026 Pontia-

474 4057 578 4122 nus
605 4041 893 4122 episcopus
922 4049 983 4122 et
1017 4039 1310 4122 Philippus
1352 4042 1637 4122 presbyter
1674 4042 1727 4095 in
1759 4043 2056 4122 exsilio_ab
2084 4039 2491 4122 Alexandro_(3)
2509 4050 2656 4122 sunt
2691 4039 2963 4122 deportati;
2989 4041 3042 4096 in
3077 4039 3420 4122 sardinia'm,
3447 4042 3697 4122 in_in_su-

473 4111 580 4165 lam
610 4109 920 4171 Buccinam,
951 4109 1151 4165 Severo
1165 4109 1232 4164 et
1261 4111 1305 4177 Q

1312 4111 1556 4166 uintiauo
1583 4112 1924 4168 consulibus.
1959 4115 2014 4169 In
2046 4116 2232 4170 eadem
2262 4111 2437 4168 insula
2471 4111 2721 4176 alliictus,
2750 4111 3036 4166 defunctus
3071 4121 3155 4167 est
3192 4127 3288 4166 xm
3325 4111 3550 4166 Kalend.
3594 4111 3700 4167 De—

473 4180 724 4235 cembris.
757 4179 854 4252 ilic
882 4179 1017 4252 fecit
1034 4181 1406 4252 ordinationes
1433 4182 1569 4252 duas
1607 4197 1704 4250 per
1737 4197 1975 4252 m_ensem
2011 4183 2377 4247 Decembrem,
2403 4183 2746 4252 presbyteros
2771 4197 2886 4252 sex,
2908 4181 3168 4236 diaconos
3192 4182 3453 4252 quinque,
3485 4181 3700 4250 episco-

475 4266 576 4321 pos
623 4266 720 4321 per
748 4250 976 4321 diversa
1006 4251 1124 4321 loca
1169 4266 1284 4305 sex.
1315 4249 1488 4321 Quem
1533 4249 1724 4306 beatus
1765 4250 2040 4309 Fabianus
2080 4254 2306 4308 adduxit
2342 4249 2470 4321 cu'm
2495 4249 2642 4306 clero
2671 4251 2908 4321 navigio,
2937 4260 2990 4306 et
3017 4249 3265 4321 sepelivit
3294 4249 3358 4308 in
3380 4249 3698 4308 cmmeterio

472 4318 678 4374 Callisti
709 4319 795 4374 via
820 4320 1010 4390 Appia.
1046 4318 1112 4373 Et
1139 4320 1375 4376 cessavit
1403 4321 1746 4391 episcopatus
1774 4336 1806 4375 a
1837 4321 1924 4377 die
1957 4323 2313 4394 depositionis
2344 4338 2398 4376 xi
2436 4320 2660 4377 Kalend.
2692 4318 2975 4377 Decembr.
3002 4318 3120 4377 dies
3151 4323 3239 4378 l5.

650 4477 972 4559 Pontique}.
1013 4477 1145 4533 Post
1160 4478 1524 4559 interregnum
1545 4479 2025 4559 §9dierltni,_octa—
2050 4489 2093 4548 ο
2125 4480 2328 4559 mensis
2376 4478 2720 4559 Novembris,
2752 4495 2896 4535 anno
2941 4478 3142 4559 Christi
3185 4479 3298 4534 nati
3327 4477 3453 4559 25?.
3482 4477 3700 4559 Corpus

469 4565 540 4604 vo
569 4547 790 4622 Kalend.
816 4548 966 4622 gulii,
997 4547 1506 4622 anno_Christi'255,
1541 4550 1828 4622 Alexandri
1856 4552 2025 4622 impe-

469 4621 669 4692 ratoris
699 4619 794 4692 10,
816 4618 1112 4692 Pontianus
1141 4617 1362 4674 Urbano
1396 4621 1744 4692 subrogatur.
1775 4620 1888 4676 Sub
1925 4617 2026 4678 hoc

470 4691 725 4760 pontiﬁce
761 4689 1020 4760 Origenes
1050 4688 1312 4745 Caesareae
1355 4688 1755 4760 philosophiam
1803 4693 2022 4759 docens,

471 4758 790 4842 Gregorium
829 4758 1499 4842 Magnum,‘cognomelnto
1533 4758 2020 4842 Thaumaturgum,

468 4828 792 4901 discipulum
840 4828 1047 4884 habuit.
1085 4828 1198 4901 Hoc
1216 4828 1495 4900 'pontilice
1535 4840 1687 4886 sexta
1719 4828 2024 4901 persecutio

468 4899 925 4963 Christianorum,
956 4907 1010 4954 et
1057 4899 1292 4955 maxime
1333 4901 1620 4969 praesulum
1670 4899 1942 4964 Ecclesia,
1995 4918 2026 4956 a

474 4971 776 5054 maximiuo
824 4969 1438 5054 imperatorenpublieq
1467 4971 1642 5054 edicto
1693 4973 2026 5054 promulgata

468 5050 571 5106 est,
627 5047 908 5109 propterea
955 5040 1100 5110 quod
1152 5040 1226 5096 dii
1275 5043 1522 5111 gentiles,
1571 5052 1630 5096 ut
1683 5040 2026 5111 spargebant,

467 5111 904 5182 Christianorum
958 5111 1204 5182 moribus
1261 5120 1316 5166 et
1373 5113 1634 5182 religione
1684 5115 2023 5182 contempti,

468 5181 697 5252 ideoque
746 5179 813 5234 ad
865 5179 1201 5252 iracundiam
1255 5195 1318 5252 ac
1371 5179 1667 5237 vindictam
1721 5179 2022 5252 provocati,

466 5251 779 5323 universam
848 5251 1164 5323 orientalem
1216 5251 1425 5323 plagam
1477 5251 1810 5323 gravissimis
1869 5263 2026 5308 terra:

469 5321 705 5376 motibus
736 5319 1084 5392 aeerbissime
1112 5319 1504 5390 exa‘gita‘ssent.‘
1535 5321 1647 5377 Hac
1678 5323 1868 5378 eadem
1903 5339 2023 5392 pcr-

467 5393 746 5446 secutione
770 5389 1088 5461 Pontianus,
1113 5389 1268 5461 jussu
1301 5393 1594 5448 Aiexandri
1632 5393 1686 5448 in
1719 5389 2021 5448 Sardiniam

469 5461 755 5543 relegatus,
784 5459 1063 5543 Maximini
1098 5459 1442 5543 imperatoris
1482 5464 1738 5518 mandato
1765 5462 2019 5543 fustibus

467 5533 800 5599 verberatus,
829 5532 1148 5606 martyrium
1178 5532 1377 5590 ibidem
1408 5533 1805 5590 consummavit
1833 5534 1898 5590 i9
1929 5533 2018 5589 die

2130 4552 2274 4606 illius
2302 4561 2487 4620 postea
2524 4565 2553 4603 a
2580 4550 2820 4605 Fabiano
2848 4565 2986 4620 papa
3016 4549 3244 4620 Romam
3269 4549 3612 4611 translatum,
3638 4549 3696 4602 in

2129 4619 2442 4678 ccemeterio
2487 4620 2700 4676 Callisti
2750 4619 3022 4689 sepultum
3069 4628 3172 4675 est.
3202 4619 3400 4674 Baron.
3433 4620 3695 4689 praedicto

2131 4707 2296 4756 anno,
2332 4709 2387 4745 η.
2425 4692 2478 4756 5,
2505 4692 2536 4744 6
2564 4699 2618 4745 et
2651 4689 2733 4745 l0.
2765 4689 2890 4744 Sev.
2925 4690 3042 4744 Bm.

2200 4763 2278 4833 (2)
2317 4761 2461 4817 Sedit
2484 4778 2646 4833 annos
2669 4761 2721 4820 9.
2740 4777 2936 4816 menses
2958 4760 3145 4833 5,_dies
3164 4759 3220 4814 2.
3259 4759 3446 4815 Annos
3466 4758 3518 4824 4,
3538 4773 3694 4833 men-

2130 4828 2583 4956 scerdidiesles,
2617 4833 2822 4888 sedisse
2871 4846 2938 4886 ex
2977 4831 3063 4886 die
3097 4830 3374 4901 ingressus
3417 4839 3472 4884 et
3513 4828 3695 4884 obitus

2131 4918 2196 4956 (ιο
2242 4920 2308 4956 ΙΠΙ
2339 4919 2421 4956 ur.
2481 4919 2535 4956 ι).

2131 4903 2421 4958 colligitur.
2457 4903 2535 4956 lu.

2203 4920 2771 5042 ἱὲῗιὲιὲἇειηῗοιειηρονε
2797 4971 3114 5042 Pontianus,
3144 4977 3276 5042 βίος,
3309 4968 3366 5022 in
3405 4967 3593 5022 exsilio
3627 4968 3696 5022 ab

2131 5039 2464 5122 Alexandro.
2496 5039 2662 5122 Quod
2695 5060 2816 5122 non.
2850 5051 2960 5096 tam
3004 5039 3492 5122 reli_g_ionis_causa,
3526 5055 3693 5122 quam

2131 5114 2311 5183 aliqua
2357 5113 2537 5182 potius
2583 5112 2853 5168 calumnia
2887 5128 2917 5166 a
2946 5111 3236 5183 gentilibus
3259 5111 3693 5183 circumventum

2121 5178 2445 5238 Pontianum
2481 5184 2782 5238 Alexander
2809 5182 3142 5252 relegaverit,
3170 5181 3343 5249 ipsius
3375 5195 3514 5252 erga
3532 5178 3699 5252 Cll-ri-

2121 5255 2328 5310 stianos
2379 5252 2700 5314 aﬂ'ectus,et
2749 5249 2954 5306 familia
2996 5251 3323 5306 Christianis
3375 5249 3696 5303 hominibus

2121 5323 2317 5378 referta
2339 5323 2557 5376 indicat.
2583 5322 2803 5386 Euseb.,
2831 5323 2928 5376 lib.
2956 5337 3009 5375 νι
3061 5319 3230 5382 Ηὶεε..
3255 5335 3304 5374 c.
3325 5319 3518 5380 21,οὺ
3543 5318 3691 5388 quod

2121 5393 2353 5455 facinus,
2391 5392 2499 5446 Deo
2522 5392 2751 5458 vindice,
2780 5408 2810 5446 a
2837 5391 3100 5447 militibus
3127 5390 3488 5445 Alexandrum
3519 5390 3695 5457 impe-

2119 5473 2350 5518 ratorem
2379 5465 2616 5517 occisum
2644 5479 2784 5526 esse,
2816 5477 2923 5516 non
2957 5478 3092 5517 vana
3125 5462 3439 5532 conjectura
3463 5458 3571 5518 dici
3593 5473 3696 5529 po-

2121 5534 2264 5588 terit.
2295 5532 2492 5588 Baron.
2533 5548 2675 5589 anno
2702 5533 2828 5599 257,
2865 5549 2919 5588 η.
2959 5533 3010 5588 1.
3048 5532 3124 5588 lo.
