4006 6356
259 416 368 474 ἱδτ

1675 421 1954 480 NOTITIA
1987 423 2284 480 ALTERA.

3410 424 3512 481 158

1373 767 1879 863 NOTITIA
1945 769 2404 860 ALTERA

1073 972 1152 1035 (D.
1179 969 1449 1028 Cous-um,
1474 961 1710 1034 Epistolas
1729 970 1867 1020 Rom.
1889 972 2040 1030 pont.,
2069 971 2187 1018 tom.
2219 966 2241 1016 Ι
2271 970 2326 1014 et
2357 965 2510 1025 unlc.,
2545 979 2596 1030 p.
2618 964 2751 1028 115.)

338 1248 388 1305 Ι,
440 1248 503 1305 In
544 1246 1194 1322 Bucherianocatalogo,
1232 1259 1292 1306 ιη
1337 1260 1393 1306 ei
1437 1249 1490 1306 in
1522 1249 1835 1306 Fossatensi
1864 1252 1915 1314 Α
1941 1244 2232 1316 episcopus
2277 1236 2592 1302 damnavit,
2640 1235 2805 1306 hujus
2856 1235 3139 1290 sententia:
3189 1233 3516 1305 subscripsit

249 1355 309 1400 et
346 1344 525 1400 altero
554 1344 757 1415 reginae
803 1343 1128 1408 Succorum,
1177 1342 1244 1399 de
1287 1342 1556 1399 Pontiano
1599 1342 1715 1398 haec
1743 1343 1840 1397 ha-

248 1436 463 1492 bentur
490 1454 505 1491 :
537 1435 834 1491 Pontianus
858 1437 1011 1490 annis
1043 1435 1289 1508 quinque,
1321 1435 1582 1490 mensibus
1610 1433 1835 1501 duobus,

246 1527 443 1582 diebus
469 1536 686 1598 septem.
735 1526 863 1581 Fuit
907 1528 1221 1597 temporibus
1257 1526 1548 1581 Alexandri
1581 1543 1613 1580 a
1648 1542 1829 1580 consu-

245 1618 372 1673 latu
397 1619 715 1691 Pompeiani
737 1628 788 1674 et
815 1618 1132 1690 Peligniani.
1154 1618 1233 1674 Eo
1261 1629 1487 1690 tempore
1509 1617 1838 1688 Nepotianus

249 1713 382 1784 (leg.
412 1712 743 1784 Pontianus)
771 1721 819 1768 et
847 1711 1164 1784 Hippolytus
1189 1712 1456 1784 presbyter
1485 1711 1690 1768 exsules
1713 1720 1835 1766 sunt

244 1807 524 1875 deportati
556 1806 615 1859 ia
656 1805 889 1860 insulam
932 1806 1177 1859 ηοεὶυαηι-
1201 1803 1510 1860 Sardiniam
1553 1803 1743 1860 Severo
1786 1813 1836 1858 et

247 1897 616 1964 Quintiniano
647 1897 968 1953 consulibus.
1005 1895 1072 1951 In
1101 1897 1286 1952 eadem
1328 1896 1505 1952 insula
1545 1897 1834 1951 discinctus

243 2001 328 2046 est
352 2009 406 2046 Iv
441 1990 721 2046 Kalendas
764 1990 1028 2057 Octobris,
1058 1999 1108 2045 et
1142 1990 1257 2045 loco
1300 1990 1413 2061 ejus
1446 1991 1720 2046 ordinatus
1759 1998 1837 2044 est

242 2089 480 2141 Anteros
511 2101 569 2140 xx
601 2084 874 2140 Kalendas
896 2084 1218 2150 Decembris,
1247 2084 1547 2140 consulibus
1579 2081 1705 2150 SS.,
1733 2084 1836 2141 hoc

243 2187 328 2232 est
355 2191 532 2248 supra
574 2175 816 2247 scriptis.

314 2312 372 2367 2.
401 2310 551 2378 Quid
586 2311 698 2367 illic
723 2309 1014 2366 discinctus
1035 2311 1137 2368 sibi
1161 2311 1309 2377 velit,
1352 2311 1454 2367 etsi
1484 2311 1625 2366 inter
1646 2311 1832 2367 erudi-

239 2413 333 2460 tos
386 2420 499 2459 non
555 2405 834 2469 convenit,
878 2405 956 2459 illi
1003 2413 1184 2460 tamen
1233 2405 1338 2460 hoc
1377 2405 1544 2459 verbo
1581 2403 1832 2461 Pontiani

238 2507 483 2554 mortem
527 2497 806 2553 enuntiari
851 2513 958 2553 non
1003 2498 1270 2553 dubitant.
1306 2497 1374 2553 Et
1401 2513 1530 2553 vero
1556 2498 1601 2554 si
1634 2498 1833 2553 discin—

1941 1338 2136 1392 Roma.
2179 1331 2494 1403 Hieronymi
2538 1345 2603 1385 ea
2632 1329 2698 1384 de
2744 1344 2803 1383 re
2839 1328 3005 1383 verba
3052 1327 3284 1384 Ruﬁnus
3309 1326 3510 1384 Invect.

1939 1431 2034 1487 lib.
2070 1446 2108 1484 ιι
2158 1427 2240 1484 sic
2279 1423 2448 1480 refert
2478 1424 2494 1456 ί
2523 1438 2538 1476 :
2569 1421 2864 1476 Damnatur
2895 1439 2928 1474 a
2963 1421 3227 1476 Demetrio
3271 1422 3514 1492 episcopo

1939 1519 2318 1595 (Origenes)...
2360 1515 2428 1570 In
2472 1515 2868 1570 damnationem
2919 1514 3035 1584 ejus
3084 1515 3341 1568 consentit
3389 1514 3514 1568 urbs

1939 1615 2128 1670 Roma.
2161 1611 2290 1682 Ipsa
2317 1622 2500 1667 contra
2529 1611 2668 1664 hunc
2699 1609 2838 1680 cogit
2879 1615 3140 1673 senatum,
3172 1623 3272 1660 non
3301 1617 3517 1678 propter

1938 1707 2243 1776 dogmatum
2270 1705 2574 1767 novitatem,
2605 1717 2710 1755 non
2739 1707 2950 1770 propter
2981 1697 3241 1762 haeresim,
3275 1705 3334 1750 ut
3371 1711 3512 1750 nunc

1937 1797 2185 1851 adversus
2222 1811 2338 1850 eum
2372 1794 2547 1848 rabidi
2586 1810 2738 1848 canes
2787 1793 3078 1858 simulant;
3113 1791 3204 1847 sed
3240 1792 3366 1864 quia
3396 1790 3514 1862 glo-

1937 1890 2075 1943 riam
2104 1887 2416 1958 eloquentiaa
2456 1886 2573 1954 ejus
2613 1894 2663 1940 et
2697 1885 2932 1939 scientiae
2959 1884 3095 1954 ferre
3119 1899 3222 1938 non
3246 1889 3512 1953 poterant.

1938 1976 2064 2033 Haec
2094 1991 2257 2047 porro
2284 1974 2502 2030 invidia:
2531 1975 2680 2030 labes
2708 1973 3102 2038 Alexandrino,
3126 1987 3234 2027 non
3266 1971 3515 2026 Romano

1937 2069 2166 2125 antistiti
2210 2069 2279 2124 ab
2319 2067 2648 2139 Hieronymo
2697 2065 2956 2120 inuritur.
2998 2063 3108 2120 Nec
3137 2063 3412 2119 immerito
3443 2063 3514 2118 ad

1937 2159 2242 2215 Romanum
2276 2159 2582 2228 pontiﬁcem
2625 2158 2853 2228 ejusque
2894 2158 3098 2212 clerum
3135 2156 3218 2210 vir
3248 2155 3514 2226 religione

1933 2262 1989 2309 et
2016 2253 2322 2308 eruditione
2351 2251 2534 2306 clarus
2564 2250 2615 2306 id
2641 2249 3048 2315 accommodat,
3075 2247 3222 2319 quod
3250 2246 3514 2317 Augusti-

1935 2359 2039 2398 nus
2065 2343 2086 2374 ’
2123 2343 2190 2398 de
2232 2342 2422 2408 altera,
2468 2340 2562 2396 sed
2614 2339 2780 2395 simili
2809 2353 2975 2394 causa
3019 2336 3199 2391 dixit:
3236 2334 3513 2391 Creditum

1934 2447 2011 2492 est
2058 2436 2251 2492 litteris
2291 2433 2541 2499 concilii;
2591 2449 2754 2503 neque
2785 2432 2924 2486 enim
2969 2429 3127 2484 aliter
3166 2428 3508 2499 oportebat...

1937 2530 2098 2585 Salva
2126 2527 2265 2584 enim
2294 2527 2612 2581 conscientia
2644 2524 2836 2578 litteris
2881 2523 3096 2578 concilii
3124 2520 3456 2576 crediderant
3490 2536 3510 2574 :

237 2607 362 2694 9‘"
397 2590 455 2645 id
473 2598 577 2694 ,⁸⁵⁸
604 2590 748 2660 apud
780 2591 1553 2694 5'3,mm?“¢253,q“°‘1_°ﬁ“°
1578 2601 1624 2645 ⁸⁸
1654 2591 1833 2660 digni.
1863 2605 1909 2664 Β
1936 2639 2098 2694 neque
2126 2621 2266 2676 enim
2292 2619 2360 2673 ab
2393 2618 2692 2672 hominibus
2720 2617 2784 2671 de
2823 2615 2947 2669 aliis
2975 2613 3274 2668 hominibus
3301 2611 3508 2683 aliquid

240 2692 349 2736 tate
395 2683 654 2751 priuare,
705 2697 814 2737 non
869 2681 1048 2752 inepte
1085 2682 1283 2738 dicitur
1327 2683 1615 2738 discinctus
1664 2698 1826 2753 papa,

238 2788 404 2844 quem
441 2788 600 2828 mors
627 2771 906 2843 pontiﬁcia
929 2772 1188 2842 dignitate
1217 2771 1468 2843 privavit.
1505 2772 1616 2828 Hoc
1645 2781 1826 2827 autem

239 2865 445 2932 posito,
501 2864 758 2934 sequitur
803 2871 864 2918 ut
908 2861 1209 2918 Pontianus
1249 2879 1395 2918 anno
1441 2863 1566 2931 250,
1599 2861 1728 2919 Julii
1756 2861 1829 2917 22

241 2957 348 3020 die,
383 2955 528 3011 feria
569 2957 763 3026 quinta
798 2955 1122 3024 ordinatus,
1159 2971 1303 3010 anno
1325 2957 1453 3023 255,
1495 2955 1829 3027 Septembris

242 3047 311 3102 28
345 3048 434 3103 die
462 3064 580 3103 una
631 3063 758 3102 cum
798 3049 912 3102 vita
959 3057 1267 3118 susceptam
1303 3048 1550 3103 amiserit
1588 3048 1828 3120 dignita-

245 3148 369 3194 tem.
399 3139 519 3196 Nec
553 3141 742 3196 obstat
768 3141 913 3212 quod
939 3157 1082 3197 anno
1112 3141 1218 3196 250
1242 3156 1350 3195 non
1375 3139 1739 3212 Pompeianus
1773 3148 1829 3198 et

243 3229 603 3302 Pelignianus
623 3272 640 3296 ,
673 3233 766 3288 sed
805 3232 1057 3303 Agricola
1092 3244 1146 3288 et
1175 3233 1547 3290 Clementinus
1576 3235 1832 3292 consula-

245 3333 354 3377 tum
389 3323 697 3394 gesserint.
735 3322 828 3403 Sic
873 3325 1019 3380 enim
1065 3325 1348 3390 hactenus,
1377 3325 1452 3380 uti
1490 3325 1603 3395 jam
1635 3326 1690 3380 in
1725 3324 1830 3382 Te-

247 3414 501 3486 lesphore
556 3416 882 3485 observavi,
931 3419 1266 3489 compositus
1317 3425 1401 3474 est
1453 3417 1830 3476 Bucberianus

250 3510 550 3581 catalogus,
603 3517 664 3565 et
712 3511 780 3566 ad
833 3511 953 3582 ejus
1002 3511 1359 3567 imitationem
1404 3513 1606 3577 caeteri,
1649 3513 1829 3583 utqui

257 3599 393 3656 illum
427 3603 791 3673 conscripsit,
824 3604 1080 3660 consules
1102 3604 1301 3676 quibus
1327 3604 1558 3675 quisque
1585 3605 1828 3676 pontifex

263 3694 412 3749 vita
447 3696 678 3764 ﬁnierit,
711 3697 881 3752 semel
918 3707 1137 3754 notasse
1172 3706 1480 3765 contentus,
1507 3700 1728 3755 eosdem
1770 3701 1827 3755 in

271 3799 633 3843 successorum
664 3788 825 3844 initio
853 3789 1190 3860 designando
1220 3798 1464 3859 repetere
1499 3791 1724 3846 caverit.
1751 3792 1830 3847 Ac

264 3878 384 3935 licet
411 3880 699 3952 plerosque
746 3881 937 3936 iisdem
968 3881 1317 3949 consulibus,
1345 3883 1546 3952 quibus
1577 3882 1830 3939 decesso~

1929 2713 2234 2770 incredibile
2277 2711 2585 2775 dicebatur,
2640 2721 2734 2763 aut
2787 2708 2864 2763 eis
2921 2717 3107 2761 contra
3163 2705 3512 2776 Evangelium

1929 2807 2303 2863 credebatur...
2339 2803 2483 2859 Sane
2511 2800 2804 2856 concordia
2835 2797 3206 2853 Ecclesiarum
3247 2794 3507 2865 postulat,

1929 2897 2387 2972 quemadmodum
2412 2893 2706 2950 concilium
2733 2890 3032 2956 Nicaanum,
3054 2903 3176 2943 can.
3197 2885 3250 2954 5,
3275 2887 3511 2944 subinde

1930 2993 2133 3058 sanxit,
2162 3000 2222 3047 ut
2251 3006 2281 3046 a
2303 2988 2522 3060 proprio
2545 2987 2805 3057 episcopo
2826 2984 2948 3055 quis
2974 2979 3507 3043 excommunicatus,

1929 3087 2000 3143 ab
2037 3084 2160 3141 aliis
2187 3099 2297 3138 non
2341 3080 2659 3151 recipiatur,
2701 3078 2808 3132 nisi
2855 3078 3074 3132 aliunde
3104 3081 3380 3145 comperta
3411 3072 3511 3126 ba-

1929 3177 2122 3234 heatur
2167 3174 2288 3245 ejus
2332 3171 2665 3236 innocentia,
2703 3169 2880 3240 quoad
2922 3168 3094 3238 ipsius
3123 3179 3288 3221 causa
3320 3163 3389 3219 de
3420 3162 3510 3217 in-

1930 3278 2083 3340 tegro
2117 3267 2366 3322 discussa
2395 3264 2730 3319 absolvatur.
2762 3259 2898 3316 llinc
2927 3270 3187 3330 praeterea
3213 3264 3510 3313 excusatur

1929 3357 2302 3415 Romanorum
2342 3371 2467 3412 cum
2521 3354 2797 3410 Demetrio
2837 3353 2890 3406 in
2919 3350 3170 3421 Origenis
3199 3347 3510 3404 damnatio-

1929 3467 2052 3508 nem
2078 3449 2391 3514 consensio,
2421 3449 2586 3520 quod,
2627 3455 2762 3503 teste
2795 3446 2991 3501 Ruﬁno
3022 3444 3178 3515 Apol.
3213 3460 3306 3514 pro
3328 3442 3506 3512 0rig.,

1930 3541 2159 3598 Romam
2190 3540 2351 3596 delati
2381 3538 2597 3594 fuerant
2626 3538 2751 3593 libri
2788 3535 3006 3607 Origeni
3046 3534 3337 3606 suppositi,
3369 3535 3507 3600 imo,

1929 3643 1990 3690 ut
2019 3633 2382 3704 Hieronymus
2421 3630 2580 3700 epist.
2608 3629 2678 3684 65
2711 3629 2779 3684 ad
2812 3627 3152 3694 Pammach.,
3191 3643 3241 3682 c.
3280 3625 3345 3693 5,
3379 3641 3508 3680 nar-

1929 3736 2032 3790 rat,
2060 3725 2280 3795 quidam
2329 3725 2503 3794 ipsius
2547 3723 2753 3792 proprii
2804 3736 2913 3775 non
2957 3719 3093 3774 satis
3137 3719 3414 3789 castigati,
3448 3718 3506 3772 in

1930 3819 2130 3889 quibus
2157 3817 2420 3873 nonnulla
2453 3825 2609 3870 erant
2630 3812 3096 3884 reprehendenda,
3129 3826 3360 3882 quaeque
3382 3809 3507 3864 Ori-

1929 3926 2142 3980 genem,
2172 3919 2232 3964 ut
2269 3910 2499 3980 ipsemet
2532 3915 2721 3977 postea
2758 3907 2812 3960 in
2847 3904 3076 3974 epistola
3101 3903 3169 3958 ad
3200 3903 3506 3958 Fabianum

257 3984 341 4070 res
366 3971 645 4038 obierunt,
675 3972 745 4028 iis
774 3973 1106 4028 successisse
1132 3981 1363 4040 constet,
1399 3972 1598 4028 borum
1645 3982 1824 4030 tamen
1854 4011 1895 4068 ο
1930 3971 2244 4068 ῖδεευδέει,
2283 3971 2566 4070 geripsiss'e
2591 3971 2907 4068 ρωηίιεδεί,
2932 3997 3066 4053 cum
3105 4005 3288 4050 ωηατ,
3315 3995 3507 4050 Deme.

250 4060 464 4120 initium
509 4081 626 4120 non
675 4065 747 4120 ab
786 4064 1012 4132 iisdem,
1042 4067 1135 4122 sed
1168 4081 1199 4120 a
1237 4066 1590 4137 sequentibus
1627 4081 1829 4123 consu-

247 4154 385 4212 libus
415 4157 756 4228 consignare
785 4160 1086 4214 consuevit.
1115 4158 1382 4215 Praedicta
1409 4166 1588 4214 autem
1619 4158 1828 4214 calculo

243 4263 432 4304 secum
487 4250 820 4306 conciliatur
875 4251 1176 4318 Eusebius,
1225 4252 1319 4323 qui
1379 4251 1704 4307 Pontianum
1770 4252 1824 4306 in

242 4342 510 4400 Chronico
548 4346 774 4416 quidem
823 4347 975 4401 annis
1005 4349 1258 4418 quinque,
1288 4349 1342 4402 in
1387 4346 1632 4402 Historia
1672 4349 1826 4404 annis

237 4453 333 4490 se:
375 4437 765 4508 episcopatum
815 4439 1058 4496 tenuisse
1109 4440 1320 4496 scribit.
1370 4438 1506 4494 Nam
1559 4449 1614 4495 et
1669 4442 1827 4496 annis

233 4529 492 4600 quinque
543 4530 869 4602 completis,
902 4539 960 4588 et
1001 4547 1096 4588 sex
1144 4533 1486 4605 incompletis
1526 4532 1825 4589 Ecclesiam

233 4621 675 4678 administravit.
692 4621 751 4678 In
770 4633 1090 4680 transcursu
1104 4625 1193 4680 hic
1218 4641 1414 4681 moneo
1429 4625 1482 4680 in
1512 4624 1828 4682 Victoriano

232 4730 458 4770 (ratione
497 4715 642 4786 apud
690 4715 1017 4772 Eucherium
1042 4759 1058 4784 ,
1084 4734 1138 4789 p.
1171 4719 1272 4782 34,
1319 4717 1649 4789 Pompeiano
1697 4735 1828 4774 con-

233 4809 348 4864 suli
397 4825 517 4866 non
567 4808 984 4882 Pelignianum,
1031 4813 1125 4868 sed
1171 4812 1506 4868 Felicianum
1563 4813 1824 4884 collegam

230 4902 494 4974 adjungi.
522 4901 726 4958 Verum
772 4903 875 4960 iste
911 4922 1086 4962 canon
1129 4923 1235 4963 non
1270 4908 1432 4963 modo
1459 4922 1524 4962 ex
1551 4906 1825 4962 Romano-

227 5009 363 5049 rum
397 4996 727 5064 pontiﬁcum
761 4998 1029 5070 catalogo,
1071 4999 1163 5056 sed
1208 5008 1263 5056 et
1297 5016 1364 5055 ex
1390 5001 1617 5070 antiquo
1652 4999 1824 5055 fasto-

226 5102 361 5143 rum
399 5091 783 5146 consularium
809 5090 1112 5163 fragmento
1143 5094 1285 5164 apud
1311 5095 1562 5149 eumdem
1613 5093 1828 5149 Buche-

225 5181 383 5235 rium
408 5197 539 5252 pag.
566 5182 675 5236 247
697 5193 780 5239 est
807 5184 1179 5254 corrigendos.

265 5272 356 5329 De
388 5273 642 5345 Origenis
671 5276 1034 5343 damnatione,
1063 5289 1114 5333 et
1142 5279 1206 5333 de
1234 5277 1490 5334 Pontiani
1523 5278 1784 5350 epistolis.

308 5370 365 5421 i.
429 5366 734 5440 Postquam
781 5367 1066 5441 Origenem
1124 5371 1430 5429 Demetrius
1478 5372 1820 5429 Alexandria:

313 5526 339 5564 ⁸
359 5526 519 5600 Apud
547 5527 806 5600 Hierom,
827 5544 956 5588 nov.
988 5532 1118 5591 edit.
1149 5543 1280 5591 tom.
1306 5532 1396 5604 IV,
1424 5549 1546 5607 pag.
1572 5535 1696 5592 450.

1927 4093 2018 4147 trii
2050 4108 2198 4148 mors
2227 4106 2370 4145 anno
2391 4090 2492 4144 251
2527 4090 2762 4153 labente,
2799 4087 2885 4143 vel
2927 4096 2986 4142 ut
3010 4087 3186 4143 serius
3217 4101 3360 4170 anno
3397 4085 3506 4141 2'52

1926 4185 2297 4256 consignetur,
2329 4182 2448 4238 haec
2471 4179 2721 4252 Origenis
2752 4179 3032 4236 damnatio
3067 4177 3340 4233 Pontiano
3365 4193 3506 4248 pon-

1925 4279 2089 4343 tifice,
2114 4285 2169 4332 et
2195 4276 2384 4346 primis
2415 4275 2634 4345 quidem
2675 4274 2820 4329 illius
2859 4274 3017 4328 annis
3039 4315 3055 4340 ,
3098 4271 3392 4342 contigisse
3417 4272 3506 4327 di-

1926 4365 2094 4421 cenda
2124 4372 2227 4420 est.
2254 4363 2368 4420 Hac
2394 4364 2462 4419 de
2495 4379 2554 4418 re
2586 4363 2886 4419 Pontianus
2921 4379 3028 4419 non
3055 4364 3229 4430 solus,
3257 4363 3348 4418 sed
3378 4379 3503 4418 cum

1927 4465 2157 4524 senatu,
2212 4456 2318 4511 hoc
2358 4464 2442 4511 est
2489 4472 2614 4512 cum
2655 4457 2823 4521 clero,
2871 4457 3264 4526 pronuntiavit.
3316 4455 3505 4526 Neque

1926 4550 2068 4606 male
2090 4559 2266 4605 cretus
2300 4550 2389 4604 ille
2409 4549 2564 4615 cleri,
2588 4564 2751 4618 quem
2778 4549 3157 4619 presbyterium
3187 4564 3384 4605 vocare
3411 4567 3506 4603 ve-

1926 4648 2068 4695 teres
2097 4639 2297 4702 solent,
2341 4648 2554 4693 senatus
2582 4639 2650 4691 ab
2689 4635 3021 4708 Hieronymo
3060 4637 3362 4707 appellatus
3393 4645 3499 4692 est.

1925 4730 2120 4787 Latine
2161 4730 2362 4801 quippe
2417 4738 2632 4785 senatus
2688 4729 2891 4784 Graeca:
2940 4727 3062 4783 voci
3111 4727 3502 4800 πρεσϐυτέριον

1925 4833 2048 4893 apte
2078 4822 2391 4892 respondet.
2414 4821 2684 4876 Caeterum
2722 4829 2901 4877 coetus
2933 4820 3023 4875 ille
3058 4817 3436 4890 presbyterium
3469 4837 3504 4876 a

1925 4915 2161 4987 digniori
2194 4923 2348 4984 parte
2387 4923 2753 4983 nuncupatur,
2786 4913 3036 4984 quamvis
3068 4911 3230 4966 etiam
3280 4911 3507 4982 presby~

1925 5007 2061 5062 teris
2103 5005 2394 5061 inferiores
2439 5003 2626 5061 clerici
2667 5005 2978 5073 convenire
3002 5005 3056 5059 in
3107 5019 3233 5059 eum
3273 5018 3502 5058 consue-

1923 5099 2121 5155 verint.

1995 5192 2249 5248 Pontiani
2277 5193 2398 5248 dua:
2422 5192 2652 5263 {exstant
2680 5193 2923 5264 epistola:
2963 5191 3170 5248 Isidoro
3201 5189 3499 5246 architecto
3538 5253 3551 5269 ο

1926 5283 2286 5350 concinnatae,
2318 5283 2563 5355 adeoque
2611 5283 2668 5338 in
2713 5299 2902 5340 earum
2953 5284 3217 5352 classem,
3249 5296 3384 5353 quas
3407 5280 3498 5336 ille

1925 5376 2129 5447 pariter
2158 5376 2434 5446 conﬂavit,
2458 5375 2835 5433 amandandaz.

1845 5535 1866 5564 ²
1893 5531 2012 5592 Lib.
2044 5531 2121 5590 De
2143 5532 2281 5590 unit.
2312 5532 2484 5603 Eccl.,
2511 5549 2562 5594 c.
2585 5533 2680 5602 9.5,
2702 5550 2760 5590 n.
2786 5532 2875 5591 18.
