3936 6358
270 268 369 325 ﬁl

1736 287 2115 348 EPISTOLAS.

3388 312 3491 368 162

266 389 481 445 minam
510 390 740 450 insidias
766 394 1042 466 adjuvare,
1060 413 1354 473 eorumque
1374 419 1569 462 causas
1595 418 1831 478 portare,
1863 414 1907 470 Α
1936 412 2329 470 instantissime
2379 414 2653 486 laberate,
2686 419 3065 494 eleemosynis,
3108 440 3245 495 quas
3278 443 3492 499 semper

269 484 464 537 scitote
496 498 598 539 vos
620 486 675 540 in
704 500 768 541 eo
801 490 957 543 valde
989 489 1101 546 Deo
1130 493 1360 562 placere,
1388 498 1481 566 qui
1514 498 1615 554 sibi
1642 516 1736 557 eos
1764 502 1831 558 ad

266 572 620 628 serviendum
647 577 857 639 ascivit.
879 587 934 633 et
958 577 1254 639 familiares
1285 584 1550 640 intantum
1583 588 1685 643 sibi
1710 606 1831 647 esse

266 662 459 728 voluit,
485 673 548 718 ut
576 666 738 721 etiam
772 670 1000 724 aliorum
1032 671 1235 729 hostias
1261 690 1359 744 per
1385 691 1480 731 eos
1505 690 1826 749 acceptaret,

260 764 426 822 atque
463 771 657 811 eorum
682 771 896 827 peccata
923 762 1166 831 donaret,
1193 766 1405 836 sibique
1435 770 1821 825 reconciliaret.

262 846 367 915 ipsi
416 864 645 920 quoque
672 854 889 922 proprio
935 870 1031 911 ore
1069 873 1266 928 corpus
1312 859 1523 915 Domini
1553 862 1627 934 (6)
1656 864 1825 919 conli-

257 941 409 993 ciunt
422 940 463 1003 ⁸,
500 952 550 995 et
575 944 789 1012 pepulis
818 947 1055 1003 tradunt.
1075 948 1148 1005 De
1173 951 1280 1005 illis
1305 954 1449 1007 enim
1473 954 1675 1009 dictum
1700 967 1782 1012 est
1806 975 1820 1012 :

256 1029 365 1094 Qui
395 1048 487 1084 vos
510 1036 865 1099 contristabit,
890 1054 970 1091 me
991 1042 1356 1105 contristabit:
1377 1056 1423 1099 et
1446 1047 1535 1113 qui
1567 1047 1706 1101 vobis
1735 1050 1821 1116 fa-

254 1124 361 1175 ciet
382 1125 665 1195 injuriam,
687 1131 892 1198 recipiet
908 1130 962 1183 id
977 1134 1111 1202 quod
1130 1135 1304 1205 inique
1324 1139 1478 1206 gessit
1493 1138 1534 1192 '.
1568 1138 1634 1192 Et
1653 1141 1777 1195 alibi
1804 1160 1816 1196 :

256 1213 363 1279 Qui
392 1234 483 1269 eos
508 1221 680 1285 audit,
710 1238 787 1275 me
810 1223 993 1285 audit;
1018 1235 1065 1278 et
1091 1227 1181 1295 qui
1204 1243 1290 1281 vos
1327 1233 1545 1298 spernit,
1575 1249 1653 1287 me
1678 1252 1810 1303 sper-

252 1307 332 1355 nit
351 1321 371 1366 ;
389 1310 484 1373 qui
499 1317 676 1361 autem
700 1327 778 1363 me
799 1315 1015 1379 spernit,
1042 1317 1236 1383 spernit
1257 1334 1372 1371 eum
1399 1322 1487 1385 qui
1511 1339 1589 1376 me
1612 1325 1754 1377 misit
1774 1327 1813 1379 ⁸.

255 1396 321 1449 Hi
352 1398 499 1451 enim
534 1415 641 1453 non
673 1412 799 1457 sunt
829 1403 1140 1475 infestandi,
1171 1409 1263 1464 sed
1302 1411 1623 1469 honorandi.
1651 1415 1705 1469 In
1733 1419 1816 1473 his

252 1502 479 1557 quoque
514 1489 780 1548 Dominus
813 1494 1135 1562 honoratur,
1181 1500 1337 1569 cujus
1384 1502 1648 1574 legatione
1694 1506 1812 1563 fun-

258 1611 473 1671 guntur.
500 1601 569 1657 Hi
602 1621 753 1675 ergo,
786 1608 831 1661 si
860 1607 996 1664 forte
1018 1612 1330 1681 ceciderint,
1359 1632 1387 1669 a
1420 1617 1666 1674 fidelibus
1688 1630 1813 1674 sunt

263 1694 570 1749 sublevandi
604 1707 658 1751 et
690 1703 958 1769 portandi.
988 1703 1286 1760 Accusandi
1334 1721 1513 1764 autem
1548 1728 1653 1765 non
1686 1723 1811 1767 sunt

1930 501 2178 565 amastis,
2204 501 2317 571 jam
2350 519 2494 559 nunc
2539 507 2738 577 largius
2773 520 2933 581 atque
2959 514 3181 570 uberius
3209 517 3331 573 date
3361 535 3484 589 ope-

1926 603 2065 654 ram,
2092 602 2147 645 ut
2168 602 2319 649 tanto
2346 606 2466 663 post
2494 612 2703 655 crescat
2730 604 2882 659 vobis
2918 606 2969 659 in
2993 607 3347 664 retributione
3371 611 3488 667 fru~

1927 692 2045 737 ctus
2075 685 2335 750 muneris,
2365 698 2571 757 quanto
2628 692 2717 747 hic
2760 698 3059 752 excreverit
3115 700 3354 755 studium
3404 703 3484 758 la-

1923 773 2091 829 boris.

1992 864 2275 933 Praeterea,
2312 870 2611 928 salutantes
2636 884 2857 943 paterna
2877 877 3159 935 dulcedine
3186 882 3482 940 bonitatem

1921 965 2152 1011 vestram
2185 960 2226 1026 ⁸,
2258 965 2489 1030 petimus
2524 975 2582 1018 ut
2627 966 2679 1017 in
2724 966 2900 1031 bonis,
2947 985 3064 1037 qua:
3114 973 3375 1041 coepistis,
3417 984 3485 1029 ne

1918 1050 2198 1106 deficiatis.
2248 1052 2428 1124 Neque
2459 1059 2602 1112 ullus
2637 1072 2733 1112 vos
2779 1060 2846 1113 ab
2892 1061 2970 1115 eis
3011 1074 3251 1119 avertere
3284 1068 3479 1136 possit,

1918 1143 2010 1195 sed
2043 1142 2096 1195 in
2137 1147 2346 1200 cunctis
2378 1148 2626 1201 allectum
2665 1163 2857 1204 vestrae
2894 1152 3194 1218 charitatis,
3222 1156 3401 1211 clerici
3428 1167 3483 1212 et
3538 1164 3555 1185 '

1918 1234 2056 1287 servi
2098 1233 2211 1297 Dei,
2247 1252 2311 1290 ac
2333 1238 2514 1292 cuncti
2546 1239 2862 1305 Christiani,
2889 1242 2981 1310 qui
3012 1244 3064 1296 in
3103 1244 3208 1298 illis
3239 1246 3483 1313 partibus

1916 1337 2342 1391 commorantur,
2388 1345 2572 1384 amore
2617 1330 2819 1384 Christi
2864 1341 2917 1385 et
2954 1332 3008 1386 S.
3063 1331 3206 1388 Petri
3257 1336 3482 1405 pleniter

1916 1413 2238 1483 inveniant,
2298 1427 2349 1471 et
2386 1417 2585 1473 favoris
2637 1420 2799 1474 vestri
2849 1421 3094 1486 solatiis,
3156 1439 3481 1495 quocunque

1914 1505 2076 1559 modo
2126 1523 2348 1563 necesse
2400 1509 2594 1573 fuerit,
2644 1512 2950 1579 potiantur;
3000 1523 3267 1583 quatenus
3300 1526 3477 1572 vestra

1912 1596 2089 1649 cuncti
2137 1612 2237 1666 ope
2277 1599 2481 1654 defensi
2529 1609 2690 1668 atque
2716 1601 2905 1669 adjuti,
2950 1612 3003 1657 et
3036 1619 3136 1659 nos
3174 1605 3326 1660 vobis
3351 1622 3477 1676 gra-

1914 1684 2108 1738 tiarum
2139 1688 2411 1755 possimus
2437 1690 2696 1744 exsistere
2724 1692 2993 1747 debitores
3023 1694 3042 1724 ⁹
3064 1734 3078 1758 ,
3127 1704 3179 1749 et
3229 1696 3477 1752 Christus

260 1783 324 1837 ab
348 1784 667 1852 infamibus,
700 1799 794 1844 aut
835 1794 1132 1862 sceleratis,
1163 1798 1247 1852 vel
1280 1799 1533 1866 inimicis,
1562 1812 1655 1857 aut
1681 1806 1803 1858 alte-

1910 1772 2066 1829 Jesus
2090 1774 2346 1831 Dominus
2382 1790 2563 1833 noster
2592 1790 2843 1834 retentam
2887 1784 3108 1851 gloriam
3142 1797 3474 1855 compenset,

260 1875 362 1928 rius
394 1887 557 1931 secta:
582 1878 666 1933 vel
694 1879 967 1950 religionis
996 1884 1324 1944 hominibus.
1363 1891 1419 1947 Si
1447 1898 1806 1964 peccaverint,

255 1982 283 2019 a
340 1968 573 2038 reliquis
633 1983 929 2043 arguantur
1003 1980 1422 2050 sacerdotibus;
1497 1986 1590 2040 sed
1652 1998 1706 2042 et
1776 2006 1806 2044 a

255 2062 477 2116 summis
517 2065 873 2132 pontificibus
906 2071 1367 2143 constringantur,
1412 2084 1465 2130 et
1509 2093 1618 2132 non
1648 2096 1676 2133 a
1704 2096 1806 2136 sae-

248 2152 547 2218 talaribus,
573 2165 669 2210 aut
703 2158 857 2213 mala:
890 2160 1012 2214 vitae
1063 2162 1376 2220 hominibus
1408 2178 1701 2238 arguantur
1726 2172 1807 2225 vel

244 2255 556 2300 arceantur.
584 2248 741 2314 Quod
776 2265 905 2320 ergo
930 2252 996 2306 de
1021 2252 1203 2310 fratris
1250 2258 1414 2312 vestri
1448 2262 1679 2316 transitu
1709 2278 1804 2319 vos

242 2337 557 2390 contristari
590 2339 900 2397 audivimus
931 2342 971 2409 ⁷,
1009 2360 1118 2398 non
1147 2348 1362 2403 modico
1402 2354 1667 2422 compulsi
1708 2371 1806 2409 su-
1882 2352 1885 2355 ’

239 2440 362 2480 mus
388 2441 654 2483 marore.
686 2426 841 2487 Unde
872 2434 1294 2504 omnipotentem
1321 2438 1487 2495 Deum
1526 2459 1801 2514 rogamus,

235 2524 296 2568 ut
323 2532 441 2571 sua:
466 2533 567 2573 vos
601 2522 786 2591 gratia:
810 2525 1141 2593 aspiratione
1170 2531 1500 2600 consoletur,
1528 2550 1731 2606 vosque
1752 2551 1805 2595 et

234 2618 263 2656 a
298 2606 563 2676 malignis
586 2609 885 2677 spiritibus,
908 2622 963 2667 et
988 2629 1018 2668 a
1042 2619 1311 2683 perversis
1334 2620 1667 2692 hominibus,
1692 2644 1804 2684 coe-

233 2696 354 2751 lesti
419 2700 763 2768 proiectione
793 2707 1103 2768 lcustodiat.
1146 2706 1282 2764 Nam
1330 2721 1383 2767 et
1427 2715 1472 2769 si
1500 2733 1653 2786 |quos
1684 2732 1805 2789 post

232 2788 384 2843 illius
445 2790 656 2846 obitum
697 2799 963 2851 tumultus
998 2802 1358 2868 quorumdam
1394 2788 1799 2866 adversantium

232 2880 548 2943 sustinetis,
591 2881 754 2937 nolite
784 2884 1003 2950 mirari,
1041 2887 1086 2941 si
1119 2902 1244 2954 vos,
1293 2892 1385 2960 qui
1416 2891 1523 2947 frui
1562 2894 1717 2950 bonis
1746 2897 1798 2951 in

228 2980 375 3024 terra
428 2980 633 3039 vestra,
666 2975 717 3029 id
747 2984 849 3040 est,
898 2978 952 3031 in
1000 2988 1141 3034 terra
1173 2982 1468 3036 viventium
1509 2988 1749 3054 quaeritis
1772 3030 1789 3056 ,

230 3064 376 3121 maia
423 3065 707 3120 hominum
738 3068 790 3122 in
825 3078 965 3125 terra
994 3073 1167 3126 aliena
1199 3076 1444 3144 portatis.
1482 3075 1799 3149 Peregrina-

231 3157 310 3211 tio
335 3157 550 3227 quippe
574 3160 783 3214 estvita
813 3177 1087 3231 praasens;
1120 3177 1173 3220 et
1208 3166 1298 3236 qui
1329 3169 1567 3238 suspirat
1604 3171 1671 3225 ad
1700 3188 1799 3242 pa-

228 3251 425 3314 triam,
474 3252 525 3303 ei
601 3260 927 3307 tormentum
983 3264 1065 3311 est
1114 3259 1567 3329 peregrinationis
1610 3264 1799 3330 locus,

230 3344 452 3399 etiamsi
482 3344 710 3399 blandus
736 3362 857 3402 esse
885 3348 1151 3403 videatur.
1184 3349 1349 3405 Vobis
1372 3364 1550 3409 autem
1581 3357 1674 3426 qui
1708 3374 1803 3426 pa-

228 3437 398 3489 triam
458 3438 705 3507 quaeritis
725 3478 739 3503 ,
769 3439 909 3493 inter
940 3442 1170 3510 suspiria
1197 3458 1317 3512 quae
1365 3444 1599 3509 habetis,
1637 3448 1797 3502 etiam

230 3540 471 3598 gemitus
520 3531 681 3585 audio
745 3532 999 3587 humana:
1054 3536 1426 3604 oppressionis
1484 3554 1797 3610 exsurgere.

234 3620 403 3687 Quod
448 3624 586 3678 mira
628 3624 1013 3694 omnipotentis
1068 3624 1164 3680 Dei
1209 3626 1567 3697 dispositione
1596 3634 1797 3703 agitur,

238 3723 305 3766 ut
346 3715 471 3768 dum
525 3716 723 3772 veritas
777 3732 872 3786 per
914 3732 1153 3773 amorem
1184 3730 1362 3785 vocat,
1391 3725 1628 3781 mundus
1663 3741 1799 3795 prae-

234 3822 375 3861 sens
406 3823 433 3860 a
464 3808 645 3878 seipse
690 3812 929 3866 animum
964 3823 1203 3868 vestrum
1236 3828 1332 3883 per
1385 3815 1793 3884 tribulationes,

230 3912 377 3967 quas
430 3899 665 3969 ingerit,
757 3902 1012 3972 rejiciat;
1088 3914 1348 3975 tantoque
1443 3906 1655 3964 facilius
1730 3912 1798 3966 ab

228 4003 422 4045 amore
459 3990 624 4060 hujus
655 3993 835 4047 saeculi
873 4010 1027 4050 mens
1056 4005 1232 4059 exeat,
1270 4007 1476 4067 quanto
1517 4010 1571 4053 et
1606 4000 1797 4069 impel-

230 4079 385 4145 litur,
443 4082 577 4136 dum
627 4094 869 4140 vocatur.
902 4086 1087 4155 Itaque
1132 4089 1274 4157 quod
1316 4088 1583 4159 coepistis,
1617 4089 1801 4159 hospi-

1909 1875 1963 1922 et
2008 1868 2199 1923 beatus
2248 1871 2522 1938 apostolus
2551 1870 2743 1925 Petrus
2777 1875 3144 1940 apostolorum
3191 1878 3471 1949 princeps,

1910 1960 1962 2013 in
2001 1975 2233 2029 quorum
2270 1976 2365 2015 vos
2398 1964 2578 2018 causis
2607 1964 2938 2034 impenditis,
2973 1967 3145 2034 ipsius
3182 1968 3364 2037 gloriae.
3385 1971 3471 2040 jaa-

1909 2066 2068 2105 nuam
2100 2053 2322 2121 aperiat.
2354 2053 2484 2108 Data
2520 2072 2551 2108 ι
2584 2055 2806 2110 Kalend.
2838 2056 2965 2112 Feb.
2998 2058 3197 2114 Severo
3223 2069 3277 2116 et
3304 2060 3473 2128 Quin-

1909 2143 2054 2198 tiano
2080 2145 2211 2200 viris
2234 2146 2553 2202 clarissimis
2579 2150 2893 2205 consulibus
2921 2152 2985 2203 ¹⁰.

2470 2279 2807 2337 EPISTOLA
2845 2286 2909 2339 ll.

2380 2387 2443 2424 ΑΙ)
2483 2386 2651 2427 OMNES
2688 2390 2984 2432 EPISCOPOS.

2104 2457 2180 2513 De
2204 2460 2437 2529 fraterna
2459 2463 2735 2518 dilectione
2759 2474 2808 2518 et
2835 2468 3062 2524 vitandis
3099 2472 3273 2529 malis.

1973 2551 2278 2608 PONTIANUS
2322 2564 2521 2608 sanctae
2550 2564 2601 2609 et
2628 2558 2949 2616 universalis
2978 2560 3228 2618 Ecclesia:
3254 2566 3468 2636 episco-

1901 2658 2023 2713 pus,
2053 2643 2305 2699 omnibus
2331 2654 2475 2700 recte
2503 2644 2791 2702 Dominum
2820 2650 3122 2709 colentibus
3147 2665 3198 2710 et
3225 2657 3467 2714 divinum

1902 2733 2105 2787 cultum
2138 2735 2469 2800 amantibus,
2498 2736 2749 2791 salutem.

1973 2824 2154 2880 Gloria
2184 2829 2234 2879 in
2262 2827 2478 2880 excelsis
2513 2828 2639 2890 Deo,
2676 2839 2723 2882 et
2754 2830 2807 2882 in
2854 2839 2993 2885 terra
3025 2850 3131 2902 pax
3172 2835 3466 2893 hominibus

1902 2917 2047 2972 bonae
2077 2918 2358 2972 voluntatis
2396 2918 2457 2973 ¹¹.
2489 2916 2611 2975 Haec
2653 2921 2836 2985 verba,
2868 2923 3195 2992 charissimi,
3233 2943 3337 2981 non
3370 2929 3469 2983 ho-

1900 3010 2107 3063 minum
2140 3017 2285 3073 sunt,
2319 3009 2410 3063 sed
2436 3011 2784 3079 angelorum;
2818 3020 2870 3066 et
2898 3028 3004 3066 non
3035 3015 3270 3070 humano
3303 3032 3466 3071 sensu

1826 3094 1865 3149 C
1900 3102 2219 3168 excogitata,
2273 3102 2365 3156 sed
2408 3103 2476 3155 ab
2521 3102 2725 3173 angelis
2771 3104 2823 3157 in
2872 3114 2991 3157 ortu
3026 3104 3319 3162 Salvatoris
3365 3124 3470 3162 an-

1905 3194 2169 3247 nuntiata.
2207 3192 2416 3258 Quibus
2454 3193 2815 3248 indubitanter
2853 3197 2919 3249 ab
2950 3198 3202 3252 omnibus
3244 3200 3467 3271 intelligi

1900 3290 2107 3350 potest,
2138 3282 2281 3351 quod
2322 3298 2428 3337 non
2469 3284 2623 3337 malae
2648 3284 2939 3341 voluntatis
2980 3288 3327 3354 hominibus,
3374 3295 3467 3348 sed

1901 3371 2075 3434 honre,
2124 3387 2229 3440 pax
2268 3370 2337 3425 sit
2375 3388 2405 3425 a
2452 3372 2679 3427 Domino
2711 3375 2857 3428 data.
2895 3375 3047 3431 Unde
3083 3376 3343 3435 Dominus
3373 3396 3471 3451 per

1897 3461 2219 3532 Prophetam
2266 3462 2505 3532 loquitur
2562 3465 2785 3520 dicens:
2840 3466 3008 3531 Quam
3077 3469 3242 3525 bonus
3293 3468 3469 3529 Israel

1897 3552 2035 3607 Deus
2063 3553 2143 3606 his
2170 3554 2257 3623 qui
2285 3564 2422 3606 recte
2456 3563 2573 3608 sunt
2616 3556 2812 3610 corde!
2843 3557 2949 3611 Mei
2974 3570 3143 3613 autem
3177 3578 3302 3631 pene
3339 3544 3468 3619 moti

1894 3654 2015 3699 sunt
2049 3644 2220 3714 pedes,
2253 3660 2378 3713 pene
2406 3646 2559 3713 effusi
2600 3656 2720 3699 sunt
2755 3664 2960 3717 gressus
2990 3652 3112 3717 mei,
3149 3656 3272 3721 quia
3301 3671 3469 3709 temu-

1893 3733 2033 3787 latus
2058 3750 2169 3787 sum
2201 3744 2384 3788 contra
2416 3735 2643 3805 iniquos,
2683 3753 2863 3805 pacem
2889 3739 3169 3807 impiorum
3194 3743 3370 3797 uidens
3400 3746 3465 3797 ".

1892 3825 1968 3880 De
1994 3824 2150 3879 bonis
2181 3840 2310 3879 vero
2338 3825 2449 3895 ipsa
2486 3842 2581 3897 per
2606 3842 2664 3882 se
2692 3826 2901 3884 Veritas
2938 3831 3042 3885 ait:
3075 3831 3228 3885 Beati
3272 3840 3468 3889 mundo

1899 3915 2072 3978 corde,
2098 3916 2344 3984 quoniam
2386 3915 2485 3984 ipsi
2524 3915 2690 3969 Deum
2738 3918 3063 3975 videbunt".
3109 3918 3294 3975 Mundi
3320 3924 3465 3978 enim

1901 4020 2010 4060 non
2054 4013 2179 4060 sunt
2212 4004 2395 4070 corde,
2429 4007 2521 4076 qui
2551 4008 2688 4061 mala
2717 4008 2975 4075 cogitant,
3003 4020 3097 4065 aut
3137 4013 3325 4067 nociva
3363 4015 3465 4069 ad-

1901 4113 2091 4152 versus
2117 4095 2310 4151 fratres
2340 4112 2502 4166 suos;
2533 4100 2659 4168 quia
2687 4100 2822 4153 nihil
2851 4101 2976 4154 mali
3006 4103 3135 4168 vult,
3167 4104 3259 4173 qui
3292 4104 3467 4159 fidelis

231 4176 471 4231 talitatis
523 4192 710 4232 curam
740 4178 1028 4248 impendite
1048 4218 1063 4244 ,
1094 4179 1150 4233 in
1180 4180 1425 4236 oratione
1468 4191 1522 4236 et
1545 4182 1800 4254 lacrymis

1910 4199 1983 4246 est
2008 4192 2072 4246 ⁸⁸.
2116 4190 2319 4247 Fidelis
2356 4207 2486 4264 ergo
2518 4192 2681 4247 homo
2708 4193 2880 4263 magis
2918 4192 3093 4263 diligit
3121 4194 3307 4250 audire
3343 4206 3466 4266 quas

232 4349 254 4378 ⁸
290 4347 450 4404 Hier.
483 4366 569 4420 ep.
606 4350 631 4404 i
666 4360 718 4405 et
746 4350 833 4404 85.
907 4350 929 4382 ⁵
967 4350 1131 4405 Zacli.
1164 4365 1225 4412 il,
1259 4351 1311 4407 8.
1388 4351 1409 4383 ⁸
1448 4349 1579 4407 an.
1606 4364 1662 4411 κ.
1692 4354 1777 4409 16.

231 4421 414 4488 deque
446 4422 637 4475 versis.
712 4422 733 4453 ⁸
761 4422 902 4475 ldem
931 4437 1016 4488 ep.
1060 4422 1123 4474 21
1180 4422 1272 4476 lib.
1304 4437 1399 4476 vti.

234 4492 279 4522 ³³
295 4490 504 4546 Psalm.
557 4507 736 4557 uiui,
763 4494 827 4558 1,
850 4493 906 4559 2,
941 4494 994 4547 3.
1072 4492 1115 4523 ⁸³
1141 4490 1331 4547 Matth.
1360 4508 1422 4559 v,
1454 4494 1509 4549 8.

310 4659 383 4733 β)
428 4658 651 4733 Propria
692 4675 793 4733 ore_
826 4674 1009 4726 corpus
1071 4657 1308 4733 Domini_
1332 4656 1639 4733 conﬁciunt.
1688 4660 1790 4727 Qui

233 4728 377 4785 hanc
405 4731 475 4783 ob
508 4746 725 4783 causam
768 4730 1087 4799 Pontianum
1118 4729 1265 4782 velut
1294 4728 1664 4799 blasphemum
1701 4747 1791 4785 ac-

232 4811 455 4863 cusant,
492 4801 649 4854 iidem
681 4809 927 4853 sanctum
958 4796 1363 4869 Hieronymum,
1402 4796 1787 4868 Augustinum,

228 4872 706 4938 Chrysostomum.
741 4870 985 4938 aliosque
1023 4868 1204 4938 plures
1233 4868 1483 4923 Ecclesia:
1521 4871 1800 4925 catholicae

228 4930 426 4995 Patres
450 4942 777 4994 orthodoxos
805 4940 871 4993 de
899 4930 1122 4993 crimine
1146 4947 1351 5007 notant.
1382 4939 1433 4990 in
1459 4954 1567 5007 quo
1591 4941 1796 4994 nullum

229 5029 366 5068 sane
397 5011 605 5065 crimen
635 5012 1004 5090 demonstrare
1028 5016 1275 5088 possunt.
1306 5005 1524 5090 Hieron.
1560 5009 1794 5090 inlepist.

228 5085 297 5139 ad
342 5081 731 5136 Heliodorum:
770 5079 940 5142 Absit,
976 5078 1184 5147 inquit,
1222 5087 1279 5129 ut
1313 5079 1376 5131 de
1406 5077 1484 5132 his
1515 5077 1797 5148 quidquam

228 5155 518 5206 sinistrum
552 5153 757 5219 loquar,
795 5149 883 5217 qui
916 5150 1201 5217 apostolico
1241 5151 1408 5218 gradu
1445 5150 1794 5215 succedentes,

229 5224 435 5278 Christi
479 5237 665 5290 corpus
692 5236 842 5273 sacro
886 5236 972 5272 ore
1015 5220 1318 5288 conﬁciunt,
1357 5235 1448 5288 per
1476 5234 1601 5288 quos
1631 5228 1801 5290 etnos

230 5292 535 5346 Christiani
570 5288 781 5352 sumus,
819 5292 907 5360 qui
933 5290 1109 5370 Icta-ves
1145 5291 1288 5370 regni
1312 5290 1560 5370 crateram
1606 5288 1802 5370 haben-

232 5373 333 5442 tes,
363 5361 757 5442 quodammodo
778 5359 1109 5442 umquam;
1136 5359 1272 5413 diem
1294 5360 1559 5442 judicant.
1591 5359 1655 5442 ,Α
1668 5376 1802 5442 agn-

230 5428 417 5485 stinus
462 5433 619 5499 epist.
658 5432 781 5511 522,
798 5433 861 5484 ad
900 5428 1317 5511 Victorianum,
1347 5430 1436 5511 ubi
1476 5431 1544 5483 de
1586 5428 1804 5511 feminis

227 5503 468 5572 captivis
494 5498 945 5579 interbarliaros:
987 5500 1117 5563 Ora,
1150 5500 1363 5579 inquit,_
1385 5498 1543 5553 Deum
1571 5515 1676 5579 pro.
1704 5501 1798 5579 eis.

227 5584 278 5628 et
297 5567 463 5643 'roga,
499 5582 557 5625 ut
584 5575 741 5625 etiam
770 5576 915 5651 ipsas.
933 5581 1119 5650 doceat
1147 5570 1278 5623 talia
1306 5571 1497 5651 dicere,
1531 5567 1712 5651 qualia

232 5639 466 5699 Ascrias
503 5645 643 5697 inter
677 5639 866 5696 caetera
898 5643 954 5694 in
983 5642 1216 5720 aratione
1242 5652 1290 5693 et
1322 5640 1640 5720 confessione
1659 5639 1803 5720 fudit

234 5718 303 5768 ad
334 5714 545 5778 Deum;
584 5714 661 5766 sic
690 5715 827 5766 enim
870 5712 1148 5791 auricilla:
1192 5712 1245 5764 in
1293 5722 1431 5791 terra
1480 5711 1801 5791 captiuitatis

238 5803 366 5851 sm,
399 5787 658 5855 quomodo
690 5793 841 5840 erant
875 5783 957 5840 illi
996 5784 1051 5839 in
1076 5796 1237 5853 terra,
1267 5781 1355 5837 ubi
1386 5796 1476 5837 nec
1506 5781 1804 5849 sacriﬁcare

1499 4424 1519 4455 '
1558 4425 1709 4509 19.6w.
1748 4440 1835 4509 se
1874 4425 1939 4509 7'3.
1972 4424 2214 4509 siesse“!
2251 4424 2421 4509 ﬁbri-

1588 4495 1631 4525 “
1656 4494 1797 4551 Sixti
1822 4507 1961 4552 sent.
1997 4494 2133 4566 205,
2167 4506 2221 4552 et
2249 4497 2344 4553 ibi.

1911 4357 1932 4387 ⁷
1963 4354 2019 4429 S.
2051 4356 2210 4427 Greg.
2243 4372 2329 4429 ep.
2359 4356 2447 4426 70,
2482 4356 2576 4411 lib.
2596 4373 2696 4429 ix,
2729 4357 2916 4429 paucis
2946 4373 3044 4428 pro
3070 4368 3221 4429 more
3261 4375 3464 4429 susque

2568 4427 2611 4458 ¹⁰
2640 4443 2729 4481 an.
2761 4428 2886 4483 255.
2949 4427 2962 4428 ί
3034 4430 3076 4465 ⁸³
3104 4427 3235 4484 Luc.
3272 4446 3333 4495 ιι,
3374 4427 3460 4485 id.
3550 4460 3553 4465 -

1894 4677 2037 4714 more
2072 4675 2165 4713 suo
2204 4665 2445 4727 poterant
2498 4658 2751 4719 Domino,
2794 4658 2931 4710 sicut
2966 4672 3057 4709 nec
3094 4656 3211 4711 ista!
3250 4668 3465 4724 possunt

1895 4732 1972 4785 vel
2017 4731 2153 4799 ferre
2183 4730 2497 4783 oblationem
2535 4728 2605 4799 ad
2636 4727 2807 4799 altare
2845 4727 2961 4799 Dei,
3010 4727 3087 4779 vel
3122 4728 3350 4799 inuenire
3390 4729 3463 4782 ibi

1896 4796 2235 4862 sacerdotem,
2251 4814 2506 4876 perquam
2530 4797 2751 4864 o/I'erant
2774 4796 2896 4848 Deo.
2917 4796 3150 4876 Sanctus
3175 4797 3460 4876 Clirysost.

1905 4872 2066 4925 lll).llt
2086 4869 2159 4923 De
2176 4869 2487 4933 sacerdotio,
2503 4868 3201 4947 comparanssacerdotium
3219 4882 3369 4947 nova:
3387 4869 3465 4923 le-

1904 4942 1987 5010 gis
2017 4958 2138 4995 cum
2176 4939 2480 4994 sacerdotio
2504 4938 2710 5010 veteris
2728 4936 2891 5006 legis,
2922 4946 3210 5005 postquam
3240 4937 3467 5010 dixisset

1902 5007 2209 5067 Judmorum
2234 5010 2533 5063 sacerdotes
2564 5023 2667 5060 non
2700 5007 2899 5075 lepram
2931 5022 3210 5075 purgasse,
3272 5009 3364 5061 sed
3399 5009 3468 5061 de

1903 5092 2127 5155 purgata
2160 5077 2743 5155 duntaxatjudicasse:
2789 5075 3023 5155 Nostris,
3064 5078 3465 5155 inquit,_sacer-

1903 5147 2132 5216 dotibus,
2167 5166 2267 5203 non
2295 5149 2523 5216 corporis
2555 5147 2770 5215 lepram,
2812 5150 2901 5199 sed
2928 5147 3119 5201 anima:
3152 5147 3328 5199 sordes
3363 5162 3463 5198 non

1904 5223 2021 5276 dico
2054 5230 2305 5290 purgatas
2336 5219 2589 5290 probare,
2619 5218 2711 5290 sed
2747 5233 2971 5290 purgare
2992 5231 3468 5290 _prorsu_s_cunces-

1905 5308 2022 5346 sum
2054 5286 2173 5344 esti
2204 5286 2357 5355 Quod
2413 5288 2575 5358 igitur
2619 5286 2918 5358 Pontianus
2952 5287 3049 5358 hie
3086 5286 3314 5358 scribit,
3370 5300 3465 5358 per

1868 5380 1871 5385 '
1908 5362 2217 5418 sacerdotes
2248 5355 2454 5429 corpus
2479 5357 2690 5411 Domini
2720 5356 2946 5429 cantici,
2984 5357 3212 5429 Aliorum
3254 5355 3463 5409 hostias

1909 5449 1940 5488 a
1972 5431 2082 5487 Deo
2116 5432 2301 5500 recipi,
2336 5425 2552 5498 peccata
2585 5428 2864 5506 hominum
2894 5425 3305 5506 dimitti,‘etiam
3338 5440 3464 5494 pro—

1909 5502 2177 5558 batissimi
2223 5496 2470 5554 auctores
2530 5498 2767 5567 praedicti
2813 5496 3198 5567 scripserunt,
3234 5496 3464 5564 ideoque

1908 5573 2051 5642 quod
2084 5565 2569 5647 Magdeburgenses
2617 5569 2670 5621 in
2719 5567 2980 5647 Pontiano
3027 5565 3462 5647 reprehendunt,

1910 5636 2044 5698 nihil
2084 5636 2343 5697 est'aliud
2376 5636 2537 5709 quam
2568 5652 2715 5693 mera
2738 5636 3040 5709 _ca_lumn_ia.
3076 5636 3330 5694 Bellarm.
3365 5637 3461 5691 lib.

1911 5730 1963 5770 v1
1989 5715 2063 5769 De
2090 5712 2312 5769 Roman.
2340 5700 2550 5782 p6ntif.,
2576 5718 2695 5781 cap.
2727 5703 2776 5766 8.
2802 5705 2925 5761 Stv.
2952 5700 3069 5760 But.
