4006 6356
504 337 606 392 163

1631 341 1952 398 ΡΟΝἸΊΑΝΙ
1990 341 2193 398 ΡΑΡᾸΕ
2264 341 2643 399 EPISTOLJE.

3637 339 3742 396 itii

502 466 735 529 oportet,
764 473 926 530 quam
957 458 1136 514 dicere
1177 474 1298 529 qua:
1335 475 1445 517 non
1492 470 1725 532 oportet.
1770 461 1837 516 Et
1870 462 1916 518 si
1944 462 2069 532 quis
2096 464 2144 522 Α
2169 477 2260 531 per
2283 476 2544 515 sermones
2569 468 2685 514 tuos
2715 458 3085 514 admirabitur.
3113 456 3405 514 Novissime
3425 467 3599 514 autem
3623 476 3744 529 per-

503 550 679 606 ﬁdelis
701 560 806 618 est,
849 551 1028 605 videat
1078 566 1147 606 ne
1189 552 1332 608 mala
1377 554 1652 624 loquatur,
1690 564 1785 609 aut
1813 554 2069 624 cuiquam

503 644 731 702 insidias
777 657 963 717 ponat.
1004 645 1060 702 ln
1105 649 1209 704 hoc
1255 661 1386 718 ergo
1431 647 1815 702 discernuntur
1843 646 1941 702 lilii
1975 643 2070 702 Dei

501 747 556 790 et
579 735 673 790 lilii
704 737 927 792 diaboli.
953 737 1076 792 Filii
1116 753 1350 808 namque
1385 735 1478 792 Dei
1510 752 1723 806 semper
1755 738 1995 809 cogitant
2017 747 2072 794 et

501 843 660 899 agere
689 829 1027 884 contendunt
1070 846 1190 901 qum
1228 829 1323 884 Dei
1358 838 1507 896 sunt,
1551 837 1606 883 et
1636 827 1833 884 fratres
1872 829 2072 885 indesi-

499 930 689 975 nenter
717 921 996 988 adjuvant,
1023 931 1077 976 et
1103 921 1237 976 nulli
1277 936 1473 976 nocere
1496 921 1706 977 volunt.
1739 921 1860 976 Filii
1889 931 2066 978 autem

499 1010 704 1066 diaboli
729 1019 949 1066 econtra
994 1011 1132 1066 mala
1171 1021 1225 1067 et
1258 1013 1449 1066 nociva
1484 1027 1696 1083 semper
1721 1013 2068 1081 meditantur,

498 1101 628 1170 quia
661 1116 825 1171 opera
863 1117 1051 1159 eorum
1087 1103 1229 1157 mala
1269 1112 1417 1159 sunt.
1463 1102 1542 1158 De
1587 1104 1787 1174 quibus
1831 1105 2070 1174 loquitur

419 1225 428 1232 -
497 1191 764 1250 Dominus
790 1211 885 1265 per
908 1195 1200 1252 Jeremiam
1230 1197 1572 1266 prophetam,
1607 1197 1826 1254 dicens:
1857 1197 2070 1270 Loquar

488 1284 703 1355 judicia
745 1303 858 1340 mea
882 1303 1000 1340 cum
1029 1289 1125 1352 eis,
1167 1304 1325 1357 super
1365 1289 1506 1342 omni
1546 1288 1752 1342 malitia
1795 1305 1973 1344 eorum
2003 1290 2069 1344 η.

499 1374 787 1446 Propterea
832 1377 1038 1446 judicio
1081 1378 1391 1432 contendam
1437 1379 1609 1432 adhuc
1655 1380 1948 1445 vobiscum,
1993 1379 2069 1435 ait

503 1464 775 1532 Dominus,
807 1475 856 1520 et
879 1484 993 1520 cum
1019 1467 1148 1538 ﬁliis
1180 1469 1363 1522 vestris
1395 1468 1694 1539 disceptabo
1721 1470 1784 1523 ".
1809 1467 1943 1524 Ecce
1978 1485 2070 1541 ego

499 1558 638 1628 ﬁngo
676 1569 858 1613 contra
899 1576 988 1614 vos
1017 1561 1237 1626 malum,
1265 1572 1315 1617 et
1343 1563 1513 1633 cogito
1541 1573 1725 1617 contra
1751 1579 1838 1618 vos
1872 1564 2071 1634 cogita-

497 1649 692 1702 tionem
732 1650 798 1704 ".
831 1646 979 1717 Haec,
1026 1649 1245 1717 fratres,
1275 1653 1430 1709 valde
1461 1663 1590 1710 sunt
1629 1655 1888 1721 timenda,
1919 1665 1975 1710 et
2001 1655 2072 1711 ab

495 1741 753 1798 omnibus
791 1745 1061 1814 cavenda;
1100 1747 1360 1816 quoniam
1407 1761 1569 1816 super
1607 1761 1768 1816 quem
1803 1745 2069 1816 judicium

497 1832 594 1888 Dei
621 1835 896 1903 ceciderit,
946 1852 1056 1892 non
1107 1838 1254 1894 exiet
1293 1838 1612 1908 impunitus.
1660 1836 1728 1892 Et
1755 1837 1876 1893 ideo
1903 1851 2073 1893 unus-

496 1927 727 1997 quisque
744 1931 1030 2000 praevideat
1054 1947 1121 1987 ne
1137 1932 1242 1988 hoc
1257 1932 1595 1987 machinetur
1619 1939 1712 1986 aut
1739 1939 1864 2001 agat
1886 1930 1940 1985 in
1962 1930 2075 1985 fra-

493 2028 655 2088 trem,
679 2023 821 2092 quod
853 2023 967 2094 ipse
990 2025 1100 2094 pati
1125 2024 1383 2080 noluerit.
1413 2023 1479 2079 Et
1500 2039 1601 2080 nec
1625 2023 1682 2078 in
1710 2022 2072 2094 suspicionem

494 2113 680 2168 veniat
707 2114 872 2170 homo
896 2116 1089 2181 ﬁdelis,
1123 2125 1183 2172 ut
1211 2118 1357 2173 dicat
1392 2126 1485 2172 aut
1525 2117 1690 2171 faciat
1723 2131 1786 2171 ea
1819 2131 1941 2186 quae
1963 2115 2074 2186 pati

493 2219 602 2260 non
630 2205 762 2260 vult.
795 2205 949 2263 Unde
988 2218 1294 2279 suspectos,
1333 2220 1428 2265 aut
1467 2209 1723 2265 inimicos
1752 2209 1814 2273 ⁸⁸,
1851 2215 1945 2262 aut
1995 2207 2075 2263 la-

492 2294 597 2352 cile
625 2295 920 2367 litigantes,
949 2308 1004 2354 et
1032 2315 1128 2355 eos
1161 2301 1256 2370 qui
1297 2317 1405 2355 non
1441 2311 1569 2355 sunt
1595 2299 1753 2354 bona:
1779 2313 2072 2354 conversa-

491 2385 678 2454 tionis,
724 2401 816 2444 aut
846 2406 1080 2460 quorum
1131 2392 1242 2447 vita
1269 2400 1354 2447 est
1390 2391 1737 2456 accusabilis,
1767 2399 1820 2445 et
1849 2390 1941 2461 qui
1987 2405 2074 2445 re-

491 2486 635 2533 ctam
666 2495 774 2535 non
813 2490 998 2538 tenent
1039 2491 1094 2538 et
1127 2484 1324 2538 docent
1365 2483 1545 2547 tidem,
1580 2489 1925 2538 accusatores
1951 2495 2073 2537 esse

490 2582 546 2629 et
572 2583 760 2640 testes,
793 2584 848 2630 et
885 2585 1259 2632 antecessores
1297 2577 1472 2633 nostri
1516 2575 1810 2646 apostolica
1855 2574 2068 2643 repule-

488 2659 619 2718 runt
646 2665 987 2729 auctoritate,
1018 2674 1075 2721 et
1098 2681 1196 2722 nos
1226 2665 1636 2732 submovemus,
1669 2673 1832 2733 atque
1871 2660 2070 2716 futuris

489 2757 824 2827 temporibus
868 2757 1232 2823 excludimus,
1288 2773 1356 2813 ne
1402 2758 1632 2813 libenter
1677 2755 1786 2810 labi
1836 2755 2066 2825 possint,

489 2862 629 2918 quos
658 2863 760 2905 nos
792 2859 975 2905 tenere
1011 2857 1066 2906 et
1097 2850 1308 2905 salvare
1334 2849 1625 2904 debemus:
1672 2861 1741 2901 ne
1770 2845 1947 2917 (quod
1976 2845 2070 2900 ab-

489 2938 598 3011 sit)
657 2942 973 3012 prmdictum
1017 2939 1111 2996 Dei
1154 2939 1461 3010 judicium,
1509 2955 1620 2994 non
1667 2948 1875 2994 tantum
1908 2951 2070 3008 super

488 3044 750 3104 utrosque
772 3035 972 3101 veniat,
1002 3035 1096 3090 sed
1120 3044 1174 3089 et
1203 3049 1306 3090 nos
1335 3048 1524 3090 eorum
1558 3033 1691 3087 vitio
1717 3031 1880 3104 (quod
1924 3031 2067 3087 Deus

488 3127 731 3194 avertat)
796 3142 1103 3197 pereamus.
1148 3125 1419 3196 Scriptum
1455 3135 1538 3179 est
1573 3125 1752 3180 enim:
1800 3123 2066 3177 Rectorem
2093 3167 2136 3224 ο

489 3225 539 3270 te
569 3218 893 3286 posuerunt?
918 3234 1098 3271 curam
1124 3218 1338 3276 illorum
1362 3216 1511 3283 habe,
1544 3226 1600 3270 ut
1631 3215 1826 3270 lateris
1859 3226 2068 3284 propter

489 3306 636 3374 illas,
668 3318 717 3362 et
743 3319 1108 3363 ornamentum
1133 3309 1320 3380 gratia:
1358 3309 1586 3378 accipias
1615 3323 1882 3364 coronam.
1911 3316 1959 3360 et
1985 3306 2068 3360 di-

478 3397 787 3465 gnationem
852 3397 1191 3468 consequaris
1263 3397 1645 3468 corrogationis
1694 3397 1756 3449 ίθ.
1832 3393 2067 3449 Verbum

486 3488 633 3543 enim
661 3503 893 3560 nequam
922 3489 1174 3546 immutat
1209 3504 1325 3554 cor,
1365 3505 1432 3544 ex
1469 3504 1578 3558 quo
1615 3499 1852 3558 quatuor
1889 3496 2068 3556 partes

485 3578 762 3646 oriuntur,
799 3579 1004 3636 bonum
1053 3588 1107 3634 et
1152 3579 1379 3645 malum,
1416 3579 1525 3632 vita
1562 3586 1614 3633 et
1655 3591 1824 3642 mors,
1878 3585 1935 3631 et
1969 3575 2068 3630 do-

485 3668 744 3724 minatrix
783 3679 869 3726 est
921 3685 1108 3728 eorum
1170 3671 1391 3726 assidue
1442 3669 1644 3740 lingua.
1708 3669 1812 3725 Pro
1865 3669 2066 3724 talibus

483 3761 727 3832 prmdicti
749 3761 955 3818 vitandi
986 3761 1281 3822 admodum
1315 3770 1461 3825 sunt,
1497 3772 1551 3816 et
1577 3762 1895 3833 priusquam
1927 3777 2066 3832 prae-

483 3853 642 3909 dictae
666 3854 992 3908 enucleatim
1022 3854 1404 3933 examinentur
1431 3854 1740 3924 Opiniones,
1783 3864 1836 3910 et
1868 3854 1937 3910 ab
1960 3855 2065 3912 illis

482 3943 647 4000 alieni
696 3945 1066 4012 inveniantur,
1102 3960 1224 4000 non.
1255 3954 1385 4000 sunt
1417 3946 1769 4017 suscipiendi,
1808 3947 2062 4018 quoniam

482 4036 805 4105 sacriﬁcium
849 4035 1084 4090 salutare
1128 4044 1226 4102 est,
1249 4035 1512 4091 attendere
1556 4039 1843 4102 mandatis,
1874 4045 1923 4091 et
1953 4037 2066 4091 dis-

481 4126 663 4182 cedere
697 4126 760 4180 ab
785 4128 925 4180 omni
951 4126 1250 4198 iniquitate.
1284 4126 1680 4196 Bencplacitum
1730 4136 1807 4181 est
1838 4127 2062 4182 Domino

482 4219 720 4274 recedere
748 4219 811 4272 ab
837 4220 1150 4290 iniquitate;
1183 4229 1234 4274 et
1268 4218 1531 4282 laudatio,
1565 4218 1798 4273 recedere
1827 4219 1890 4272 ab
1921 4220 2064 4289 inju-

481 4311 636 4366 stitia
652 4311 720 4365 ὀ.
750 4311 1018 4378 Quoniam
1041 4312 1306 4382 scriptum
1339 4321 1424 4367 est
1463 4331 1476 4367 :
1505 4311 1679 4382 Dilige
1717 4312 2014 4381 proximum
2043 4352 2060 4377 ,

473 4416 530 4458 et
557 4403 864 4474 conjungere
895 4405 1000 4474 ﬁde
1023 4421 1142 4458 cum
1169 4404 1282 4460 illo.
1306 4404 1458 4470 Quod
1483 4406 1530 4459 si
1555 4403 1900 4458 denudareris
1941 4407 2060 4460 abs-

478 4585 632 4640 homo
658 4587 748 4657 qui
776 4586 945 4656 perdit
972 4588 1201 4642 amicum
1230 4605 1405 4655 suum,
1439 4589 1516 4642 sic
1547 4589 1636 4659 qui
1681 4590 1852 4658 perdit
1880 4590 2060 4644 amici-

479 4679 610 4732 tiam
633 4678 862 4748 proximi
886 4680 990 4733 sui.
1021 4679 1091 4733 Et
1113 4681 1249 4734 sicut
1281 4681 1372 4752 qui
1397 4681 1614 4735 dimittit
1637 4698 1783 4738 avem
1806 4681 1871 4736 de
1896 4699 2057 4735 manu

476 4783 597 4832 sua,
631 4769 707 4822 sic
729 4770 820 4838 qui
840 4770 1168 4841 dereliquisti
1196 4773 1494 4842 proximum
1525 4783 1695 4839 tuum,
1731 4783 1779 4827 et
1806 4789 1909 4827 non
1938 4789 2056 4827 eum

475 4861 671 4929 capies.
719 4858 842 4914 Non
893 4860 1046 4915 illunt
1097 4865 1371 4933 sequaris,
1416 4864 1663 4934 quoniam
1697 4863 1848 4935 longe
1887 4863 2052 4919 abest.

477 4947 683 5020 E/fugit
712 4951 850 5004 enim
875 4953 1028 5022 quasi
1058 4971 1245 5024 caprea
1281 4955 1344 5010 de
1383 4955 1587 5027 laqueo,
1625 4956 1752 5027 quia
1782 4957 2056 5011 vulnerata

471 5053 550 5100 est
590 5045 772 5099 anima
807 5047 942 5116 ejus.
981 5046 1133 5104 Ultra
1174 5066 1294 5104 eum
1335 5067 1436 5105 non
1464 5053 1657 5121 poteris
1689 5051 1968 5124 colligare,
2010 5061 2060 5107 et

474 5135 746 5191 maledicti
779 5147 859 5192 est
920 5140 1279 5196 concordatio.
1333 5141 1614 5198 Denudare
1671 5153 1846 5198 autem
1896 5143 2056 5198 amici

474 5230 726 5299 mysteria
750 5270 766 5296 ,
807 5230 1102 5301 desperatio
1155 5243 1235 5287 est
1279 5235 1471 5291 animle
1508 5234 1759 5305 infelicis.
1806 5237 2052 5289 Annuens

472 5320 622 5374 oculo
647 5321 878 5388 fabricat
916 5323 1120 5394 iniqua,
1147 5336 1198 5379 et
1230 5341 1381 5380 nemo
1409 5342 1527 5381 eum
1564 5325 1794 5393 abjiciet.
1827 5326 1895 5380 In
1920 5344 2046 5381 con-

470 5421 648 5480 spectu
673 5414 942 5470 oculorum
986 5424 1195 5470 tuorum
1231 5417 1558 5473 conculcabit
1583 5435 1639 5474 os
1680 5437 1855 5486 suum,
1883 5429 1935 5474 et
1961 5437 2051 5474 su-

542 5592 588 5624 "
608 5591 808 5651 Jerem.
863 5596 1029 5661 1,16.
1149 5598 1414 5655 "Jerem.
1451 5617 1529 5665 ιι,
1569 5601 1622 5658 9.

471 5659 764 5737 §u§pectos
793 5659 975 5723 autem
1014 5667 1148 5737 ini.;
1189 5680 1243 5726 et
1272 5670 1328 5736 2,

1725 5604 1768 5635 ¹⁷
1795 5602 1998 5660 Jerem.
2051 5622 2204 5671 xvm,
2238 5609 2327 5669 ll.

1378 5686 1433 5741 q.
1481 5672 1512 5724 7
1547 5691 1560 5728 :
1603 5671 2100 5745 Quaerendum'eSt;
2128 5688 2181 5733 et
2210 5680 2263 5734 in
2293 5681 2495 5736 decret.
2553 5671 2706 5734 lvonI
2736 5678 2831 5733 lib.
2862 5695 2934 5734 tv.
3012 5679 3055 5711 ¹⁹
3083 5679 3250 5734 Eccli.
3284 5692 3457 5743 χχιιι,
3500 5676 3550 5740 l,
3585 5671 3643 5740 Ξ,
3668 5677 3726 5730 3.

2170 561 2330 608 vertet
2369 569 2426 606 os
2471 568 2655 621 suum,
2687 562 2737 607 et
2779 554 2837 606 in
2869 553 3034 607 verbis
3073 551 3176 606 tuis
3218 553 3364 606 dabit
3406 552 3738 606 scandalum.

2173 642 2345 696 Multa
2377 641 2540 706 odivi,
2565 651 2616 696 et
2641 659 2742 696 non
2767 643 3029 713 coazquavi
3049 643 3121 706 ei,
3148 651 3198 697 et
3227 641 3478 695 Dominus
3505 641 3643 696 odiet
3676 641 3747 696 il-

2169 734 2300 789 lum.
2330 733 2433 799 Qui
2460 735 2516 788 in
2545 733 2714 787 altum
2739 733 2967 804 lapidem
2996 733 3182 798 mittit,
3224 748 3382 802 super
3425 731 3540 801 ejus
3582 741 3744 800 caput

2171 827 2340 892 cadet,
2374 835 2422 880 et
2464 825 2624 896 plaga
2671 825 2856 880 dolosa
2889 825 3059 880 dolosi
3105 825 3303 879 dividet
3351 823 3587 879 vulnera.
3636 824 3746 890 Qui

2169 917 2305 987 fodit
2333 917 2556 986 foveam,
2588 917 2781 970 incidet
2806 917 2862 969 in
2890 915 3071 980 illam;
3099 924 3148 970 et
3181 916 3272 986 qui
3299 916 3486 970 statuit
3509 913 3745 982 lapidem

2169 1011 2430 1080 proximo,
2471 1009 2697 1078 offendet
2734 1010 2792 1063 in
2828 1024 2918 1075 eo;
2953 1018 3002 1062 et
3031 1010 3121 1079 qui
3148 1010 3393 1079 laqueum
3423 1008 3520 1062 alii
3556 1007 3744 1078 ponit,

2167 1101 2353 1169 peribit
2376 1103 2432 1156 in
2459 1102 2572 1156 illo.
2599 1100 2840 1156 Facienti
2862 1101 3234 1172 nequissimum
3259 1101 3560 1161 consilium,
3585 1114 3745 1168 super

2168 1197 2338 1265 ipsum
2376 1194 2709 1260 devoleetur;
2758 1203 2808 1249 et
2845 1210 2948 1247 non
3001 1203 3271 1264 cognoscet
3319 1193 3456 1247 unde
3501 1195 3746 1248 adveniet

2170 1287 2271 1342 illi.
2315 1285 2503 1341 Illusio
2531 1299 2580 1341 et
2611 1286 2981 1357 improperium
3009 1285 3370 1354 superborum,
3413 1294 3465 1340 et
3505 1286 3743 1340 uindicta

2167 1381 2305 1433 sicut
2345 1379 2423 1433 leo
2451 1379 2795 1433 insidiabitur
2833 1376 2936 1431 illi.
2977 1375 3187 1448 Laqueo
3213 1377 3454 1446 peribunt
3483 1377 3573 1448 qui
3599 1376 3745 1431 oble-

2169 1481 2382 1526 ctantur
2412 1487 2537 1525 casu
2572 1470 2869 1540 iustorum;
2910 1469 3062 1524 dolor
3098 1479 3274 1524 autem
3307 1479 3573 1524 consumet
3615 1468 3742 1524 illos

2168 1574 2446 1634 antequam
2479 1563 2798 1617 moriantur.
2846 1560 2942 1616 Ira
2964 1570 3013 1616 et
3051 1561 3222 1632 furor,
3255 1569 3474 1630 utraque
3505 1575 3745 1615 exsecra-

2170 1656 2298 1710 bilis
2327 1663 2483 1720 sunt;
2523 1663 2574 1709 et
2609 1654 2690 1709 uir
2724 1663 2966 1724 peccator
2993 1653 3258 1707 continens
3292 1653 3394 1706 erit
3429 1651 3643 1706 illorum
3669 1651 3740 1706 ⁹¹.

2172 1747 2277 1815 Qui
2310 1748 2568 1803 vindicari
2597 1746 2729 1814 uult,
2778 1763 2812 1800 a
2846 1743 2955 1799 Deo
2983 1745 3206 1799 inueniet
3231 1742 3519 1798 vindictam
3549 1751 3600 1797 et
3628 1761 3746 1814 pec-

2104 1809 2146 1868 B
2176 1851 2297 1898 cata
2335 1840 2480 1895 illius
2521 1809 2730 1895 servans
2777 1837 3024 1894 servabit.
3071 1836 3322 1907 Relinque
3363 1836 3602 1906 proximo
3628 1809 3743 1891 ituo

2176 1937 2380 1990 nocenti
2411 1945 2479 2000 te,
2509 1944 2558 1989 et
2594 1943 2716 1988 tunc
2743 1931 3042 2003 deprecanti
3072 1931 3165 1985 tibi
3201 1941 3419 2001 peccata
3453 1929 3742 1984 solventur.

2176 2028 2350 2083 Homo
2385 2028 2584 2082 homini
2621 2035 2846 2081 reservat
2873 2026 3041 2089 iram,
3075 2033 3126 2079 et
3163 2041 3199 2079 a
3227 2023 3336 2078 Deo
3363 2024 3551 2095 quierit
3575 2024 3749 2079 mede-

2174 2119 2326 2174 lam?
2355 2117 2421 2174 In
2445 2117 2702 2172 hominem
2739 2115 2964 2170 similem
3001 2116 3104 2170 sibi
3129 2131 3234 2168 non
3265 2113 3417 2169 habet
3442 2115 3746 2168 misericor-

2173 2211 2355 2276 diam,
2399 2209 2540 2264 etde
2577 2209 2804 2278 peccatis
2843 2207 2955 2261 suis
3003 2206 3311 2276 deprecatur
3356 2204 3694 2259 Altissimum
3719 2207 3749 2259 .’

2175 2300 2294 2372 Ipse
2318 2318 2435 2356 cum
2473 2317 2597 2354 caro
2629 2301 2731 2366 sit,
2768 2307 2992 2354 reservat
3025 2298 3160 2352 iram
3183 2337 3199 2363 ,
3231 2306 3282 2351 et
3315 2296 3744 2367 propitiationem

2171 2397 2300 2466 petit
2325 2411 2358 2448 a
2386 2393 2532 2448 Deo?
2556 2392 2686 2458 Quis
2711 2391 2880 2446 orabit
2902 2407 2996 2461 pro
3024 2390 3231 2446 delictis
3265 2389 3451 2444 illius?
3481 2387 3745 2444 Memento

2173 2486 2592 2551 nouissimorum,
2623 2495 2672 2539 et
2704 2485 2878 2538 desine
2913 2483 3213 2548 inimicari;
3251 2481 3491 2536 tabitudo
3524 2481 3666 2536 enim
3688 2493 3742 2536 et

2171 2595 2310 2634 mors
2335 2579 2604 2632 imminent
2631 2577 2896 2630 mandatis
2925 2577 2992 2630 ".
3035 2573 3326 2628 Memorare
3357 2574 3593 2628 timorem
3619 2571 3741 2639 Dei,

2169 2681 2219 2726 et
2241 2688 2345 2727 non
2373 2670 2624 2725 irascaris
2645 2669 2904 2740 proximo.
2932 2667 3221 2722 Memorare
3256 2665 3554 2720 testamenti
3582 2665 3748 2719 Altis-

2169 2764 2324 2830 simi,
2357 2773 2407 2817 et
2445 2761 2648 2832 despice
2688 2760 3041 2832 ignorantiam
3067 2758 3317 2828 proximi.
3360 2756 3579 2810 Abstine
3616 2763 3666 2809 te
3707 2772 3746 2808 α

2168 2854 2280 2921 lite,
2312 2863 2360 2908 et
2394 2853 2592 2908 minues
2619 2860 2856 2923 peccata.
2892 2851 3061 2906 Homo
3084 2851 3223 2905 enim
3249 2847 3533 2902 iracundus
3563 2846 3746 2902 incen-

2168 2946 2248 2999 dit
2274 2944 2438 3008 litem,
2461 2954 2511 2998 et
2535 2944 2615 2998 uir
2634 2954 2879 3014 peccator
2905 2941 3135 2996 turbabit
3163 2941 3384 3005 amicos,
3408 2951 3460 2996 et
3490 2941 3548 2995 in
3569 2941 3743 2996 medio

2168 3053 2348 3106 pacem
2394 3037 2698 3092 habentium
2737 3036 2981 3090 immittet
3029 3033 3385 3090 inimicitiam.
3441 3030 3744 3088 Secundum

2168 3129 2304 3183 enim
2347 3129 2489 3198 ligna
2517 3127 2696 3192 silvas,
2737 3129 2811 3180 sic
2854 3126 2989 3197 ignis
3020 3124 3347 3188 exardescet;
3375 3131 3425 3177 et
3457 3119 3742 3180 secundum

2170 3222 2411 3275 uirtutem
2438 3221 2684 3283 hominis,
2718 3219 2795 3272 sic
2821 3217 3097 3272 iracundia
3135 3215 3279 3271 illius
3305 3215 3437 3281 erit;
3471 3225 3522 3270 et
3553 3230 3744 3269 secun-

2169 3311 2295 3364 dum
2317 3310 2665 3365 substantiam
2701 3324 2854 3362 suam
2885 3305 3141 3362 exaltabit
3183 3307 3321 3359 iram
3346 3320 3518 3359 suam.
3553 3303 3746 3360 Certa-

2168 3418 2285 3456 men
2308 3401 2614 3471 festinatum
2657 3399 2893 3454 incendet
2928 3399 3118 3470 ignem,
3163 3406 3213 3452 et
3257 3396 3324 3451 lis
3359 3397 3616 3468 festinans
3659 3397 3746 3467 ef-

2167 3493 2348 3563 fundet
2396 3493 2734 3564 sanguinem,
2763 3501 2813 3546 et
2841 3491 3024 3561 lingua
3069 3490 3357 3561 testificans
3408 3489 3456 3522 ”
3513 3489 3743 3545 adducet

2167 3594 2407 3640 mortem.
2448 3584 2506 3640 Si
2536 3583 2820 3654 suﬂlaveris
2862 3583 2918 3636 in
2955 3581 3268 3647 scintillam,
3305 3581 3457 3652 quasi
3483 3582 3620 3652 ignis
3650 3598 3743 3634 ar-

2166 3674 2336 3740 debit;
2384 3686 2433 3730 et
2467 3676 2514 3728 si
2552 3673 2819 3743 exspueris
2855 3688 3013 3742 super
3049 3670 3222 3738 illam,
3266 3672 3659 3742 exstinguetur,
3689 3681 3744 3725 et

2166 3778 2386 3839 utraque
2419 3783 2482 3820 ea:
2521 3782 2608 3820 ore
2647 3765 3077 3835 proﬁciscuntur.
3124 3761 3353 3817 Susurro
3393 3772 3442 3817 et
3491 3761 3742 3833 bilinguis

2166 3859 2476 3915 maledictus
2504 3900 2519 3926 ,
2552 3857 2743 3912 multos
2786 3857 2926 3910 enim
2973 3853 3201 3909 turbavit
3244 3870 3425 3924 pacem
3471 3854 3738 3909 habentes.

2166 3951 2373 4023 Lingua
2398 3950 2552 4005 tertia
2587 3948 2778 4003 multos
2819 3947 3115 4012 commovit,
3160 3954 3209 4000 et
3233 3944 3494 4015 dispersit
3522 3944 3643 3998 illos
3672 3945 3742 3999 de

2163 4058 2309 4115 gente
2338 4045 2393 4098 in
2413 4051 2632 4113 gentem.
2672 4039 2919 4096 Civitates
2949 4039 3171 4092 divitum
3196 4037 3426 4091 munitas
3454 4035 3500 4068 "
3526 4035 3743 4089 destru-

2161 4140 2264 4202 πει,
2294 4145 2343 4190 et
2373 4136 2552 4189 domos
2589 4142 2892 4203 magnatum
2911 4117 3128 4199 effodit.
3177 4129 3404 4184 Virtutes
3425 4127 3739 4198 pepulerunt

2163 4227 2481 4294 concidit,et
2501 4237 2670 4296 gentes
2699 4224 2862 4294 fortes
2887 4221 3147 4277 dissolvit.
3192 4221 3402 4289 Lingua
3429 4219 3585 4274 tertia
3618 4233 3740 4270 mu-

2162 4320 2312 4372 lieres
2337 4318 2536 4370 viratas
2560 4316 2605 4348 ²⁵
2634 4315 2811 4385 ejecit,
2834 4324 2884 4369 et
2906 4314 3129 4384 privavit
3158 4311 3280 4366 illas
3308 4309 3571 4364 laboribus
3597 4309 3734 4364 suis.

2164 4403 2269 4470 Qui
2294 4403 2501 4473 respicit
2524 4402 2696 4464 illam,
2728 4417 2829 4456 non
2857 4401 3066 4455 habebit
3089 4401 3336 4471 requiem,
3360 4415 3451 4453 nec
3473 4397 3738 4453 habitabit

367 4508 381 4524 ⁸
480 4511 641 4549 censa
698 4494 868 4561 illius,
918 4512 1021 4550 non
1057 4497 1379 4566 persequeris
1412 4504 1527 4567 post
1553 4513 1690 4550 eum.
1739 4495 1889 4550 Sicut
1923 4499 2061 4552 enim
2094 4507 2136 4560 ι)
2165 4512 2283 4550 cum
2323 4496 2499 4566 requie
2543 4495 2610 4549 “.
2655 4494 2886 4566 Flagelli
2916 4493 3072 4564 plaga
3111 4491 3327 4548 livorem
3368 4492 3532 4562 facit,
3573 4492 3737 4562 plaga

2161 4597 2336 4643 autem
2373 4587 2568 4659 lingua:
2610 4588 2924 4642 comminuet
2965 4603 3108 4641 ossa.
3151 4584 3310 4640 Multi
3345 4584 3645 4639 ceciderunt
3677 4586 3736 4637 in

2159 4697 2248 4735 ore
2274 4679 2474 4752 gladii;
2514 4681 2602 4735 sed
2630 4697 2733 4734 non
2770 4680 2867 4748 sic,
2901 4678 3158 4750 quomodo
3183 4677 3273 4749 qui
3303 4677 3613 4731 interierunt
3642 4691 3737 4745 per

2161 4773 2396 4844 linguam
2436 4789 2608 4828 suam.
2662 4772 2856 4827 Beatus
2893 4771 2981 4842 qui
3025 4779 3189 4824 tectus
3240 4779 3317 4824 est
3363 4787 3394 4823 a
3431 4767 3611 4839 lingua
3637 4785 3735 4823 ne-

2161 4883 2338 4937 quam,
2374 4868 2463 4937 qui
2489 4867 2546 4920 in
2580 4865 2914 4920 iracundiam
2947 4863 3093 4918 illius
3124 4879 3225 4917 non
3253 4862 3522 4929 transivit,
3559 4871 3607 4915 et
3642 4862 3735 4931 qui

2159 4977 2263 5014 non
2291 4960 2516 5014 attraxit
2537 4959 2725 5030 jugum
2763 4958 2898 5028 ejus,
2931 4969 2982 5014 et
3011 4957 3230 5013 uinculis
3272 4957 3386 5026 ejus
3419 4973 3522 5010 non
3555 4965 3632 5010 est
3673 4956 3740 5010 li-

2161 5062 2334 5124 gatus.
2371 5050 2569 5122 Iugum
2599 5053 2736 5106 enim
2764 5051 2912 5105 illius
2939 5051 3128 5120 jugum
3154 5049 3377 5118 ferreum
3407 5059 3504 5115 est,
3545 5057 3594 5102 et
3621 5049 3740 5102 vin-

2159 5143 2336 5197 culum
2365 5142 2510 5198 illtus
2565 5142 2826 5197 vinculum
2861 5159 3052 5197 (ereum
3080 5151 3178 5196 est.
3210 5140 3354 5195 Mors
3385 5141 3554 5206 illius,
3591 5157 3736 5194 mors

2158 5235 2509 5306 nequissima;
2550 5243 2600 5288 et
2634 5233 2779 5288 utilis
2811 5232 2985 5303 potius
3010 5233 3244 5302 infernus
3269 5247 3426 5302 quam
3445 5229 3562 5284 illa.
3603 5227 3738 5284 Per-

2156 5328 2448 5382 severantia
2478 5327 2626 5382 illius
2672 5343 2776 5380 non
2817 5326 3158 5395 permanebit,
3199 5325 3288 5379 sed
3331 5323 3578 5378 obtinebit
3619 5323 3737 5376 uias

2153 5419 2501 5489 injustorum,
2533 5428 2583 5475 et
2616 5421 2662 5461 ³⁷
2689 5419 2909 5489 flamma
2954 5433 3053 5472 sua
3092 5433 3199 5472 non
3231 5416 3495 5471 comburet
3523 5413 3732 5487 justas.

2429 5607 2471 5640 ⁸³
2496 5609 2632 5664 Sixti
2661 5607 2902 5678 ejusdem
2930 5617 3068 5664 sent.
3091 5607 3195 5662 168
3225 5617 3280 5662 et
3307 5607 3428 5662 i69.
3462 5606 3531 5678 3,
3566 5621 3622 5675 q.
3655 5605 3727 5678 ξε

543 5730 910 5824 ξξξξξςεξξηζ,
939 5737 994 5804 2.
1025 5739 1078 5822 5:
1134 5730 1198 5773 ’³⁸
1232 5730 1412 5798 Εοὲιίί
1435 5730 1850 5824 μνιιξίξῖόβζ
1899 5748 1944 5780 ’³
1968 5730 2493 5824 itiman—datis‘eju‘s:
2553 5730 2932 5808 ieiunidici
2999 5749 3048 5784 “
3069 5730 3729 5807 muratasfh'veridi'cu

467 5801 516 5835 “
540 5803 757 5862 habebit
789 5801 1024 5865 amicum
1049 5809 1118 5886 in
1145 5826 1257 5884 quo
1296 5801 1619 5884 requiescat.
1693 5817 1737 5848 "
1764 5816 1841 5871 in.
