4006 6356
475 308 574 363 181

1875 323 2130 382 ANTE!“
2159 324 2358 383 ΡΑΡΔΞ

3590 334 3698 389 1εὸ

480 495 3664 548 _________________________________

1549 660 2055 755 NOTITIA
2135 665 2602 761 ALTERA

1498 842 1581 907 (D.
1617 843 1879 906 Congress,
1901 845 2126 910 Epistola:
2148 850 2284 900 Rom.
2310 857 2463 915 pont.,
2479 852 2524 914 Ι,
2551 852 2689 917 118.)

533 1068 787 1135 Anterus,
822 1069 898 1124 uti
939 1070 1050 1141 jam
1082 1085 1112 1125 e
1149 1069 1407 1138 catalogis
1452 1069 1786 1136 Fossatensi,
1821 1071 2031 1128 Bnehe-
2059 1079 2103 1134 Α
2130 1074 2271 1130 sicut
2301 1082 2356 1128 et
2398 1074 2590 1128 mortis
2623 1073 2814 1128 Anteri
2861 1074 2978 1131 dies
3011 1075 3374 1133 numerandos
3415 1092 3522 1132 non
3572 1094 3694 1134 esse

461 1163 616 1217 riano
649 1164 725 1232 (in
758 1180 866 1232 quo
895 1165 1116 1218 Anteros
1145 1164 1488 1233 appellatur),
1515 1173 1568 1218 et
1599 1164 1798 1232 reginae
1829 1163 2029 1221 Sueco-

462 1271 583 1309 rum
634 1255 962 1319 audivimus,
995 1273 1049 1311 xt
1080 1255 1352 1310 Kalendas
1399 1255 1721 1326 pecembris,
1747 1255 1934 1311 Seuero
1981 1266 2032 1312 et

433 1368 435 1370 ·
464 1348 810 1414 Quintiniano
845 1350 1142 1403 consulibus
1163 1390 1179 1414 ,
1221 1350 1327 1404 hoc
1372 1355 1456 1403 est
1487 1363 1632 1403 anno
1657 1348 1791 1415 255,
1827 1351 2030 1406 mensis

461 1439 780 1495 Novembris
805 1441 867 1495 21
902 1441 1012 1506 die,
1038 1442 1313 1494 ordinatus
1338 1449 1434 1504 est,
1462 1450 1623 1510 atque
1657 1449 1711 1496 ut
1744 1441 1799 1495 in
1823 1441 2028 1504 ,iisdem

459 1530 722 1600 catalogis
751 1531 962 1600 legitur,
991 1547 1162 1585 mense
1189 1546 1292 1583 uno
1319 1546 1380 1583 ac
1408 1530 1588 1583 diebus
1615 1529 1789 1583 decem
1817 1529 1871 1583 in
1893 1546 2029 1599 pon-

459 1624 666 1678 tificatu
703 1623 930 1690 exactis,
975 1623 1189 1676 dormiit
1212 1637 1271 1676 Ill
1302 1620 1485 1676 Nonas
1511 1620 1763 1674 Januarii
1791 1620 2028 1676 Maximo

460 1712 597 1785 (leg;
640 1714 966 1782 Maximino)
1005 1724 1055 1769 et
1097 1715 1351 1784 Africano
1401 1712 1739 1780 consulibus,
1792 1713 1896 1768 hoc
1944 1723 2028 1770 est

456 1821 603 1860 anno
628 1806 755 1872 256,
784 1805 1026 1860 Januarii
1061 1807 1218 1860 tertio
1251 1806 1359 1869 die,
1405 1820 1515 1875 quo
1542 1803 1725 1858 etiam
1761 1806 2025 1860 memoria

459 1897 609 1952 illius
666 1898 720 1952 in
773 1896 1172 1969 Martyrologiis
1220 1897 1497 1952 recolitur.
1556 1894 1626 1951 Ut
1677 1905 1858 1950 autem
1922 1895 2026 1951 iste

421 1991 622 2044 —unius
667 1991 873 2046 mensis
922 2005 986 2045 ac
1032 1991 1219 2045 decem
1267 1990 1515 2057 dierum,
1545 1989 1637 2060 qui
1681 1989 1884 2044 Antero
1917 1988 2020 2042 tri-

457 2083 718 2145 buuntur,
749 2082 990 2138 calculus
1038 2083 1195 2153 plane
1222 2082 1472 2153 quadret,
1505 2098 1556 2137 ix
1587 2080 1858 2135 Kalendas
1892 2078 2019 2132 Dec.

463 2185 564 2241 pro
611 2187 662 2225 xi
710 2169 983 2227 Kalendas
1041 2172 1161 2227 Dec.
1211 2173 1516 2242 legendum,
1563 2169 2026 2242 et_ordiuationis

2137 1164 2515 1220 Tillemontius
2546 1165 2815 1220 observat.
2845 1165 2899 1220 ln
2921 1178 3134 1223 vetusto
3161 1167 3475 1224 Corbeieusi
3506 1171 3694 1225 codice

2134 1257 2340 1312 mensis
2377 1271 2520 1311 unus
2554 1272 2618 1311 ac
2641 1256 2757 1310 dies
2788 1258 3037 1313 undecim
3081 1260 3283 1314 Antero
3321 1261 3690 1315 ascribuntur.

2133 1345 2398 1402 Eusebius
2436 1347 2655 1416 quidem
2699 1364 2866 1402 unum
2914 1350 3177 1405 duntaxat
3210 1366 3448 1406 mensem
3483 1368 3690 1407 memo-

2133 1452 2259 1494 rat:
2291 1438 2383 1493 sed
2418 1438 2552 1492 nihil
2599 1438 2724 1494 inde
2771 1439 3032 1496 adversus
3081 1441 3203 1496 illos
3245 1441 3360 1496 dies
3384 1443 3689 1498 conficitur.

2133 1509 2599 1596 Quemadmodum
2633 1530 2780 1584 enim
2809 1531 3100 1587 historicus
3130 1533 3217 1586 ille
3249 1532 3302 1587 in
3327 1534 3446 1590 aliis
3476 1535 3693 1604 pontiﬁ-

2137 1623 2292 1677 cibus
2341 1631 2471 1693 quot
2516 1623 2746 1692 quisque
2783 1637 2956 1678 annos
3004 1625 3355 1692 apostolicam
3393 1627 3573 1680 sedem
3606 1635 3690 1680 tc-

2129 1715 2327 1782 nuerit,
2358 1731 2466 1770 non
2492 1714 2763 1784 adjunctis
2789 1716 3066 1771 mensibus
3089 1727 3182 1771 aut
3209 1717 3423 1784 diebus,
3451 1718 3692 1774 indicare

2129 1806 2264 1860 satis
2308 1806 2500 1873 habet,
2529 1806 2605 1860 ita
2652 1815 2705 1861 et
2739 1805 2826 1860 hic
2878 1806 2970 1860 ubi
3007 1807 3124 1861 dies
3161 1808 3399 1876 omittit,
3456 1810 3588 1864 nihil
3618 1811 3689 1864 ab

2129 1897 2234 1952 hoc
2263 1911 2416 1952 more
2441 1911 2541 1951 suo
2568 1896 2802 1951 alienum
2831 1895 2980 1950 facit.

2197 1987 2384 2043 Anteri
2417 1985 2796 2042 circumfertur
2821 1987 2980 2043 unica
3003 1988 3251 2060 epistola,
3275 2005 3394 2060 qua:
3419 1988 3686 2048 lsidorutn

2125 2088 2410 2151 parentem
2442 2079 2650 2134 habuit.

1569 2479 2105 2646 ANTERI
2191 2475 2592 2590 ΡΑΡλΈ

1725 2702 2316 2798 EPISTOLA
2381 2685 2462 2758 (⁸)

1289 2883 1364 2940 De
1402 2893 1692 2938 mutatione
1733 2882 2089 2952 episcoporum
2130 2871 2371 2946 [sedium
2420 2869 2848 2944 episcopalium].

521 3023 869 3083 Charissimis
901 3023 1160 3078 fratribus
1185 3036 1280 3092 per
1333 3020 1596 3077 Baeticam
1653 3026 1814 3088 atque
1844 3017 1861 3048 ¹
1915 3014 2023 3068 Τυ-
2053 3016 2094 3070 Β
2122 3011 2254 3068 dicit
2277 3023 2396 3065 esse
2429 3004 2722 3078 superflua,
2756 3020 2905 3075 spem
2929 3021 3036 3060 non
3059 3004 3266 3062 habens
3291 3005 3356 3062 de
3386 3005 3604 3077 futuris,
3633 3018 3686 3065 et

453 3119 684 3175 letanam
715 3115 1024 3186 provincias
1061 3112 1329 3184 episcOpis
1355 3110 1666 3167 constitutis
1686 3151 1701 3177 ,
1756 3107 2010 3162 Asnaus

451 3211 737 3282 episcopus
773 3208 825 3262 in
863 3205 1092 3260 Domino
1132 3205 1384 3259 salutem.

523 3299 800 3369 Optarein,
836 3295 1031 3350 fratres
1065 3292 1410 3358 charissiini,
1447 3305 1657 3361 semper
1707 3285 2012 3344 dilectionis

449 3401 506 3448 et
537 3391 684 3461 pacis
715 3400 904 3444 vestra:
945 3385 1272 3442 sinceritatis
1314 3382 1511 3456 gaudia
1541 3382 1730 3437 audire
1755 3375 1798 3444 *,
1841 3379 1914 3434 ita
1955 3387 2016 3432 ut

449 3483 692 3538 vicissim
740 3477 1172 3535 discurrentibus
1217 3476 1412 3531 litteris
1475 3473 1754 3543 sospitatis
1806 3469 2011 3524 indicia

445 3572 789 3644 iuvarentur,
825 3568 870 3623 si
899 3568 1110 3637 quietos
1138 3582 1239 3621 nos
1268 3567 1336 3621 ab
1363 3565 1673 3620 incursione
1694 3577 1787 3616 sna
1819 3573 2028 3613 vacare-

449 3664 624 3720 hostis
656 3663 911 3731 antiquus
938 3661 1172 3715 sineret:
1203 3658 1295 3728 qui
1323 3659 1385 3713 ab
1412 3658 1566 3714 initio
1593 3662 1818 3711 mendax
1845 3654 1887 3718 ³,
1915 3651 2015 3707 ini-

448 3755 626 3810 micus
653 3752 915 3816 veritatis,
946 3751 1175 3806 aemulus
1209 3749 1464 3814 hominis,
1501 3763 1662 3818 quem
1708 3755 1768 3800 ut
1795 3744 2010 3813 decipe.

447 3853 550 3910 ret,
581 3857 641 3900 se
676 3851 800 3898 ante
827 3841 1057 3911 decepit,
1085 3839 1358 3910 pudicitiae
1381 3836 1746 3901 adversarius,
1777 3834 2007 3889 luxuria:

448 3936 737 4008 magister;
764 3932 1174 3988 crudelitatibus
1199 3931 1460 4001 pascitur,
1494 3929 1816 3984 abstinentia
1846 3927 2007 3999 puni-

445 4037 568 4094 tur;
597 4026 710 4082 odit
729 4024 958 4096 jejunia,
984 4022 1251 4079 ministris
1276 4023 1391 4078 suis
1407 4022 1845 4093 praedicantibus,
1873 4020 2004 4075 dum

519 4184 539 4215 ι
573 4197 679 4253 non
705 4181 917 4253 probat.
949 4181 1074 4253 Qut.
1096 4181 1238 4253 Aug.
1271 4181 1326 4237 in
1355 4197 1476 4253 cap.
1499 4181 1570 4236 62
1601 4181 1724 4236 coll.
1754 4180 1978 4236 Adriani
2007 4194 2180 4250 papae.

443 4270 538 4320 xv,
569 4252 660 4307 52.
707 4250 752 4284 ’⁸
784 4251 922 4306 idem
951 4250 1198 4306 Siricius.

2112 3101 2358 3173 Apostoli
2385 3099 2654 3156 sententia
2683 3111 3055 3167 repercussus,
3080 3097 3347 3154 dicentis:
3379 3097 3671 3154 Manduce-

2111 3211 2225 3250 mus
2272 3202 2321 3248 et
2369 3191 2632 3254 bibamus,
2667 3205 2786 3242 cras
2829 3189 2967 3241 enim
3007 3189 3292 3242 moriemur
3330 3187 3374 3242 ⁸.
3409 3188 3454 3244 0
3488 3188 3679 3245 infelix

2114 3285 2363 3348 audacia,
2393 3297 2426 3336 ο
2447 3281 2742 3350 desperatae
2770 3278 2966 3333 mentis
2989 3279 3208 3332 astutia!
3240 3278 3356 3349 lpse
3381 3280 3524 3335 enim
3552 3281 3684 3334 hor-

2113 3385 2260 3430 tatur
2290 3372 2438 3436 odia,
2480 3379 2533 3426 et
2565 3369 2714 3440 fugat
2745 3367 3115 3424 concordiam.
3157 3368 3224 3422 Et
3263 3370 3389 3440 quia
3424 3370 3583 3426 facile
3612 3372 3684 3425 ad

2113 3467 2432 3522 deteriorem
2471 3471 2679 3533 partem
2722 3475 2875 3516 mens
2921 3461 3160 3515 humana
3201 3463 3578 3519 transducitur
3621 3466 3681 3531 ',

2114 3560 2304 3616 volens
2325 3569 2499 3625 magis
2530 3569 2626 3625 per
2657 3554 2952 3624 Spatiosam
3003 3554 3145 3608 viam
3180 3554 3480 3620 ambulare,
3511 3573 3680 3627 quam

2113 3659 2279 3707 arcta
2311 3650 2413 3704 via:
2445 3648 2546 3704 iter
2577 3663 2701 3704 cum
2731 3645 2915 3700 labore
2950 3643 3201 3699 transire.
3226 3643 3344 3710 Qua
3370 3646 3436 3701 de
3458 3662 3537 3714 re,
3562 3647 3680 3704 fra-

2112 3753 2221 3802 tres
2251 3742 2610 3808 dilectissimi,
2643 3739 2927 3797 sectamini
2959 3738 3206 3805 meliora,
3258 3747 3312 3794 et
3347 3754 3563 3810 semper
3594 3758 3682 3797 re-

2109 3836 2338 3906 linquite
2369 3835 2654 3890 deteriora.
2690 3831 2837 3887 Bona
2863 3830 3006 3900 agite
3027 3871 3042 3896 ,
3074 3829 3218 3884 mala
3248 3830 3435 3897 vitate,
3471 3839 3532 3885 ut
3556 3848 3681 3888 vere

2110 3927 2360 3998 discipuli
2391 3924 2606 3980 Domini
2629 3937 2751 3979 esse
2780 3919 3154 3976 inveniamiui.

2181 4020 2257 4076 De
2284 4019 2584 4074 mutatione
2629 4029 2759 4085 ergo
2788 4013 3162 4083 episcoporum
3199 4011 3297 4084 (5),
3328 4012 3506 4068 unde»
3544 4028 3680 4068 san-

3428 4175 3452 4207 δ
3483 4174 3505 4229 l
3533 4177 3666 4234 Cor.

2277 4178 2299 4211 ’
2329 4177 2558 4233 Siricius
2580 4191 2666 4246 ep.
2695 4174 2751 4228 2.
2849 4173 2871 4206 ⁸
2899 4171 3056 4229 Joan.
3091 4189 3212 4241 vui,
3241 4173 3331 4228 44.

445 4367 637 4422 Exstat
667 4365 827 4422 etiam
867 4365 1084 4438 elegans
1115 4365 1446 4438 epigramma
1477 4360 1708 4438 Ansonii
1728 4361 1809 4438 _ad
1850 4368 2008 4416 nota-
2034 4365 2078 4423 C
2111 4359 2280 4438 fectos
2312 4359 2568 4438 martyrio
2596 4358 2824 4415 afficitur
2856 4358 2942 4413 die
2966 4357 3000 4413 3
3027 4355 3294 4438 Januarii,
3326 4369 3473 4416 coSs.
3501 4360 3680 4417 Maxi-

445 4440 588 4494 rium
623 4453 782 4493 suum
811 4432 1068 4493 velociter
1089 4432 1469 4506 excipientem,
1494 4433 1579 4488 his
1600 4432 1849 4488 versibus
1876 4446 2009 4486 con-

446 4519 692 4565 lentum:

725 4639 898 4705 Quam
923 4639 1164 4709 prwpetis
1187 4638 1386 4692 dextra:
1414 4637 1540 4708 fuga

725 4710 806 4765 Tu
851 4707 930 4764 me
951 4707 1243 4779 loquentem
1265 4707 1514 4779 prwvenis
1532 4707 1553 4759 .'

725 4781 876 4846 Quis,
903 4775 1098 4850 qurcso,
1133 4779 1247 4849 quis
1265 4775 1366 4850 :me
1383 4776 1616 4850 prodidit
1634 4775 1660 4832 ι

723 4851 854 4916 Quis
882 4848 987 4903 ista
1017 4848 1298 4920 jamdiarit
1329 4848 1444 4920 tibi,

720 4921 854 4987 Qum
891 4919 1184 4991 cogitabam
1214 4919 1428 4991 dicere?

725 4993 856 5056 Qute
881 4989 1025 5060 furta
1057 4989 1209 5060 corde
1234 4991 1288 5041 in
1324 4989 1512 5043 intimo

725 5061 944 5115 Exercet
987 5060 1095 5114 ales
1120 5059 1334 5112 dextera
1351 5061 1376 5113 .9

725 5129 856 5194 Quis
884 5131 1010 5184 ordo
1037 5130 1209 5183 rerum
1236 5139 1343 5181 tam
1365 5144 1547 5196 novus,

738 5200 920 5255 Veniat
953 5201 1007 5254 in
1038 5215 1192 5253 aures
1217 5209 1272 5252 ut
1303 5209 1422 5252 tuas

723 5271 874 5338 Quod
897 5271 1078 5341 lingua
1113 5269 1341 5323 nondum
1371 5267 1689 5323 absolverit?

442 5411 576 5478 Qute
612 5407 936 5480 igiturdActa
980 5415 1303 5480 martyrum,
1343 5405 1500 5480 jussu
1542 5403 1858 5480 Clementis,
1903 5417 2000 5478 per

443 5476 687 5537 notaritis
735 5478 962 5534 ﬁdeliter
1010 5476 1319 5546 conScripta
1349 5476 1612 5540 fuerantf,
1650 5491 1719 5546 ea
1765 5476 1998 5534 Antei'us

442 5549 684 5621 pontifex
709 5550 992 5621 diligenter
1015 5545 1364 5615 conquisivit,
1395 5554 1544 5621 etne
1582 5545 1664 5621 vel
1689 5547 1994 5621 interirent,

443 5616 527 5674 vel
567 5620 635 5674 ab
663 5616 895 5674 ethnicis
930 5626 1428 5686 corrumperentur,
1461 5617 1514 5670 iu
1539 5616 1767 5672 ecclesia
1798 5633 1994 5672 recon-

442 5690 599 5746 didit.
626 5689 986 5756 Quamobrem
1011 5688 1079 5743 ad
1107 5685 1310 5740 Julium
1333 5685 1685 5742 Maximinum
1714 5688 1994 5756 imperato-

441 5775 580 5830 rem,
611 5760 705 5830 qui
738 5760 1111 5830 sacerdotibus
1142 5765 1425 5830 cruentum
1473 5756 1672 5830 bellum
1707 5759 1993 5830 indixerat,

443 5825 674 5900 delatus,
697 5845 792 5903 per
813 5828 1139 5887 Vitalianum
1164 5837 1258 5886 aut
1280 5825 1540 5885 Sabinum
1569 5827 1840 5882 Maximini
1863 5844 1998 5901 prae-

2111 4432 2262 4486 mino
2300 4437 2375 4500 et‘
2394 4428 2671 4492 Africano,
2712 4443 2948 4500 quorum
2987 4428 3304 4500 consulatus
3345 4446 3476 4500 cum
3527 4449 3677 4487 anno

2109 4499 2313 4555 Christi
2351 4498 2457 4553 238
2501 4507 2556 4554 et
2599 4497 2744 4554 anno
2789 4499 2825 4554 2
2879 4498 3098 4570 imperii
3138 4497 3417 4554 Maximini
3466 4503 3680 4557 coinci-

2109 4571 2206 4626 dit.
2247 4569 2372 4624 ch.
2406 4568 2522 4622 BIN.

2147 4571 2206 4624 it.
2247 4569 2372 4624 ch.
2406 4569 2522 4622 BIN.

2180 4639 2256 4708 (4)
2286 4639 2550 4709 Suspecta
2581 4638 2786 4706 pariter
2832 4637 2968 4694 viris
3012 4637 3186 4695 doctis
3240 4638 3324 4694 vel
3380 4653 3449 4694 ex
3505 4655 3672 4697 unius

2111 4709 2428 4778 Hieronymi
2456 4710 2770 4778 segmentis.

2184 4781 2261 4851 (5)
2303 4777 2379 4851 De
2402 4777 2688 4851 mutatione
2723 4780 3102 4851 episcoporum.
3158 4777 3408 4834 Pontifex
3431 4780 3498 4834 de
3525 4780 3674 4834 sedi-

2104 4849 2209 4906 bus
2244 4849 2654 4918 'episc0palibus
2701 4849 3087 4906 transferendis
3138 4859 3192 4903 et
3240 4853 3674 4907 transmutandis

2104 4921 2407 4981 consultus,
2441 4921 2541 4972 hac
2563 4922 2787 4988 epistola
2815 4919 2992 4983 docet,
3021 4931 3076 4974 et
3098 4921 3342 4988 exemplo
3363 4918 3505 4975 Petri
3540 4934 3674 4988 apri-

2101 4991 2228 5045 stoli
2255 4990 2594 5060 aliorumque
2624 4988 2856 5060 plurium
2902 4990 3094 5060 probat
3140 4991 3546 5044 translationem
3583 5006 3672 5043 se-

2105 5061 2191 5115 dis
2223 5059 2542 5130 episcopalis
2583 5058 2785 5130 licitam
2832 5058 2973 5123 esse,
3023 5060 3069 5130 si
3096 5060 3328 5114 utilitate
3349 5068 3403 5113 et
3430 5059 3670 5130 neceSsi-

2108 5137 2216 5184 tate
2244 5128 2466 5185 alterius
2490 5128 2745 5184 Ecclesia:
2771 5131 3016 5199 exigente
3047 5129 3140 5182 fiat
3173 5145 3296 5183 cum
3321 5128 3668 5198 superiorum

2101 5201 2482 5270 episcoporum
2516 5199 2826 5270 cognitione
2853 5209 2905 5253 et
2924 5213 3227 5264 consensu;
3253 5199 3297 5251 si
3337 5215 3463 5252 vero
3486 5199 3568 5250 vel
3597 5214 3668 5270 cx

2102 5269 2351 5338 avaritia,
2402 5271 2483 5323 vel
2512 5269 2806 5339 ambitione
2831 5279 2924 5322 aut
2952 5269 3424 5339 praesumptione,
3455 5269 3667 5339 acsola

2100 5337 2626 5411 propria'voluntate
2653 5337 3153 5411 episcopus'sedem
3191 5337 3384 5404 mutet,
3413 5337 3668 5411 illicitum

2099 5409 2217 5477 est,
2249 5419 2302 5465 et
2337 5409 2805 5480 apostolica__lege,
2835 5425 2958 5479 qua:
2985 5419 3165 5464 exstat
3203 5423 3400 5480 canon.
3429 5409 3670 5478 apostol.

2102 5476 2588 5546 H.7interdictutn.
2623 5476 2775 5533 Unde
2803 5476 2926 5533 cum
2964 5493 3205 5547 tempore
3248 5476 3670 5534 Nicazni’conci-

2099 5551 2156 5604 lii
2195 5565 2258 5606 ex
2286 5549 2658 5612 Antioclienis,
2692 5549 2782 5602 alii
2811 5548 3107 5604 Eusebium
3135 5550 3550 5612 Cresariensem,
3570 5549 3663 5601 alii

2099 5619 2446 5676 Eustachium
2482 5617 2802 5674 Beroensem
2853 5620 3147 5675 antistitem
3201 5636 3310 5674 non
3357 5619 3474 5674 sine
3505 5619 3666 5672 turba

2096 5693 2264 5746 totius
2295 5689 2476 5760 p0puli
2499 5698 2827 5759 expeterent,
2884 5699 3232 5745 sacrosancta
3263 5690 3504 5760 synodus
3530 5704 3629 5741 san
3650 5715 3667 5728 -

2095 5761 2336 5816 ctissime
2366 5761 2440 5826 id,
2470 5761 2612 5829 quod
2641 5760 2708 5813 ab
2737 5761 3000 5828 apostolis
3029 5761 3380 5815 constitutum
3403 5760 3514 5829 jam
3534 5768 3664 5813 ante

2096 5831 2292 5900 fuerat,
2345 5831 2704 5897 conﬁrmavit,
2741 5846 2808 5887 ne
2845 5830 3106 5903 episcOpi,
3157 5830 3456 5901 presbyteri
3496 5837 3663 5897 atque
