4006 6356
263 331 372 385 169

1755 315 2123 376 EPISTULA:

3414 305 3514 357 170

257 461 406 503 cum
426 448 614 503 sedem
648 447 996 520 apostolicam
1044 445 1326 501 consulere
1354 441 1623 505 voluistis,
1649 441 1843 496 scitote
1871 444 1918 498 Α
1949 430 2384 502 legis.judicium,
2409 421 2948 520 etmiserirord-iumct
2969 415 3524 520 ﬁdeiulltecopormit

256 556 384 596 eam
413 555 693 597 communi
720 539 951 593 utilitate
972 547 1134 607 atque
1159 535 1480 590 necessitate
1508 533 1624 587 ﬁeri
1654 533 1838 595 licere,

260 634 360 688 sed
394 647 506 686 non
537 634 694 687 libitu
726 633 1050 702 cujusquam
1081 642 1176 684 aut
1203 627 1595 683 dominatione.
1619 625 1839 686 Petrus,

261 735 495 782 sanctus
520 725 780 795 magister
808 733 993 779 noster
1016 733 1070 778 et
1093 721 1342 792 princeps
1364 719 1755 788 apostolorum,
1779 717 1846 770 de

262 814 560 869 Antiochia
592 813 840 867 utilitatis
871 826 1037 866 causa
1069 809 1362 864 translatus
1393 815 1476 860 est
1506 805 1755 864 Romam,
1789 813 1849 857 ut

263 907 471 962 ibidem
532 907 714 976 potius
766 906 1028 974 proficere
1077 911 1281 972 posset.
1331 898 1597 954 Eusebius
1627 899 1645 928 '-’
1709 913 1846 966 quo-

261 1014 373 1068 que
403 998 484 1067 (6)
514 998 586 1052 de
627 996 865 1066 quadam
905 1009 1070 1064 parva
1104 991 1321 1046 civitate
1346 1029 1360 1052 ,
1419 988 1715 1058 apostolica
1745 1003 1845 1040 au-

263 1090 545 1153 ctoritate,
570 1097 812 1142 mutatus
833 1095 914 1140 cst
946 1087 966 1117 ⁸
999 1084 1399 1139 Alexandriam.
1451 1080 1711 1134 Similiter
1741 1079 1845 1133 Fe-

265 1178 390 1233 lix’
432 1179 499 1232 de
554 1178 798 1241 civitate,
852 1191 956 1245 qua
1013 1175 1296 1228 ordinatus
1329 1180 1446 1248 erat
1477 1171 1739 1226 electione
1772 1170 1850 1225 cio

265 1253 443 1331 viiim,
495 1276 720 1338 propter
765 1267 1064 1322 doctrinam
1115 1273 1168 1318 et
1212 1264 1408 1318 bonam
1470 1262 1634 1315 vitam
1685 1276 1849 1331 quant

268 1360 536 1421 habebat,
572 1357 853 1412 communi
881 1357 1258 1425 episcoporum
1295 1363 1346 1407 rt
1387 1353 1722 1421 reliquorum
1759 1367 1851 1405 sa-

265 1451 562 1502 cerdotum
613 1463 679 1500 ac
734 1445 1056 1516 populorum
1097 1443 1349 1506 consilio,
1413 1445 1712 1497 translatus
1768 1450 1854 1494 est

265 1538 576 1608 Ephesum.
599 1537 718 1591 Non
736 1539 880 1592 enim
902 1536 1094 1591 transit
1113 1536 1177 1589 de
1203 1535 1421 1589 civitate
1441 1533 1506 1588 ad
1531 1534 1805 1589 civitatem
1833 1573 1849 1598 ,

265 1632 362 1699 qui
389 1647 499 1684 non
525 1646 630 1685 suo
659 1631 813 1684 lihitu
845 1639 938 1683 aut
961 1629 1166 1683 ambitu
1193 1629 1296 1682 hoc
1312 1626 1459 1694 facit,
1491 1627 1584 1682 sed
1620 1627 1854 1682 utilitate

265 1725 508 1794 quadam
528 1731 626 1778 aut
647 1721 971 1778 necessitate
994 1720 1297 1785 aliorum”,
1319 1721 1532 1776 hortatu
1551 1729 1604 1775 et
1624 1723 1853 1775 consilio

1947 527 2140 595 facere,
2162 531 2209 574 et
2239 520 2334 573 illa
2360 534 2461 571 non
2487 513 2920 568 omitterc.l)uces
2945 511 3090 564 cirri.
3114 509 3408 564 rxcolantcs
3431 526 3492 562 cu
3515 539 3524 549 -

1951 619 2127 679 licem,
2153 612 2407 667 ramelum
2430 623 2604 662 atttem
2633 603 3145 678 glutientes".Quod
3168 603 3293 658 licet
3326 617 3434 656 non
3461 602 3528 656 li-

1948 717 2032 763 cet
2051 709 2090 738 ”
2117 714 2201 770 ;e.t
2217 702 2361 774 quod
2392 717 2498 755 non
2519 700 2662 763 licet,
2685 697 2874 751 licet".
2899 693 3364 761 Quemadmodum
3393 691 3526 746 Jan-

1950 817 2044 853 nes
2068 809 2121 853 et
2147 796 2418 850 Mamhres
2438 792 2755 846 restiterunt
2777 789 3014 852 veritati,
3039 787 3118 840 sic
3143 795 3196 839 et
3219 785 3316 848 illi,
3349 792 3531 840 mente

1947 890 2182 960 reprobi,
2197 895 2440 941 amantes
2462 883 2789 951 voluptatem
2811 881 2982 950 magis
2999 894 3157 949 quam
3181 876 3526 945 Deum,quod

1951 984 2111 1047 licet,
2143 982 2341 1035 docent
2371 994 2478 1031 non
2509 976 2669 1030 licere
2689 1016 2704 1040 ,
2737 974 2788 1028 id
2836 983 2954 1038 est,
2987 974 3268 1040 episcopos
3297 971 3532 1040 migrare

1951 1077 2018 1130 de
2041 1076 2258 1130 civitate
2281 1071 2346 1126 ad
2372 1069 2669 1132 civitatem,
2697 1075 2994 1136 praetaxato
3026 1064 3217 1129 modo;
3248 1063 3393 1131 quod
3422 1077 3530 1116 non

1951 1168 2098 1234 licet,
2129 1169 2330 1220 docent
2350 1165 2536 1226 licere,
2567 1161 2620 1214 id
2643 1168 2745 1226 est,
2773 1156 3199 1212 misericordiam
3230 1170 3335 1208 non
3372 1169 3532 1224 agere

1952 1260 2101 1315 circa
2138 1259 2402 1328 patientes
2437 1253 2816 1309 necessitatem
2849 1291 2863 1313 ,
2910 1249 3012 1303 hoc
3041 1258 3152 1310 est,
3187 1248 3266 1300 eis
3295 1247 3387 1316 qui
3419 1246 3532 1315 epi-

1953 1367 2181 1422 scopum
2209 1365 2315 1404 non
2342 1348 2563 1412 habent,
2591 1357 2645 1402 ct
2663 1359 2821 1401 sacro
2853 1342 3144 1410 episcopali
3172 1341 3411 1409 indigent
3434 1339 3534 1391 uii-

1954 1443 2202 1506 nisterio,
2245 1441 2561 1510 episcopum
2595 1437 2661 1492 de
2686 1439 2790 1491 alia
2822 1435 3040 1488 civitate
3072 1447 3238 1486 causa
3286 1431 3534 1484 utilitatis

1954 1534 2040 1590 vel
2065 1531 2411 1588 necessitatis
2439 1529 2600 1584 tribui
2639 1548 2651 1581 :
2688 1538 2741 1582 et
2790 1526 3062 1597 episcopis
3104 1523 3534 1593 persecutionem

1955 1635 2051 1681 aut
2074 1625 2456 1680 necessitatem
2487 1622 2840 1692 patientibus,
2885 1619 3045 1672 aliam
3078 1616 3391 1670 cathedram
3419 1614 3535 1669 dari

1955 1726 2170 1788 negant.
2205 1714 2598 1771 (Iontradicunt
2624 1713 2785 1766 etiam
2818 1726 2985 1765 sacra:
3012 1709 3302 1779 Scriptura:
3326 1709 3390 1774 ιθ,
3419 1721 3536 1776 qua?

268 1818 551 1884 potiorum
587 1813 930 1870 transfertur.
963 1811 1074 1868 Nec
1110 1812 1438 1869 transfertur
1466 1813 1532 1868 de
1549 1813 1748 1868 minori
1770 1815 1852 1868 ei-
1887 1833 1925 1890 Β
1957 1820 2183 1870 testatur
2208 1808 2365 1862 malle
2384 1807 2546 1862 Deum
2574 1807 2983 1860 misericordium
3007 1820 3163 1873 quam
3187 1801 3536 1872 judicium”.

267 1911 437 1962 vitate
470 1909 541 1962 ad
574 1909 838 1977 majorem
867 1907 960 1976 qui
988 1906 1089 1961 hoc
1117 1921 1224 1960 non
1246 1905 1453 1960 ambitu
1485 1920 1583 1960 nec
1636 1906 1852 1974 propria

268 2004 558 2056 voluntate
586 2001 738 2065 facit,
769 1999 860 2055 scd
886 2011 981 2053 aut
1007 1999 1058 2052 vi
1087 2014 1116 2052 a
1139 1999 1355 2068 propria
1386 1998 1512 2052 sede
1535 1999 1745 2066 pulsus,
1764 2009 1858 2051 aut

269 2095 609 2147 necessitate
636 2103 882 2155 coactus,
907 2097 1001 2143 aut
1026 2090 1256 2143 utilitate
1279 2089 1380 2143 loci
1401 2098 1494 2142 aut
1517 2088 1721 2157 populi,
1749 2103 1855 2142 non

268 2187 536 2254 superbe,
596 2183 692 2238 sed
725 2198 850 2237 cum
905 2181 1241 2245 humilitate,
1275 2181 1345 2233 ah
1394 2180 1518 2234 aliis
1566 2180 1859 2234 translatus

270 2288 322 2330 ct
352 2276 771 2331 inthronizatus
797 2283 908 2338 est;
941 2273 1068 2342 quia
1094 2273 1256 2326 homo
1279 2271 1424 2326 videt
1450 2272 1503 2326 in
1537 2271 1694 2333 facie,
1721 2271 1860 2326 Deus

268 2379 457 2423 autent
491 2369 548 2422 in
581 2368 767 2421 corde.
801 2365 867 2420 Et
896 2365 1162 2420 Dominus
1195 2380 1290 2434 per
1317 2363 1642 2432 Prophetam
1677 2364 1858 2433 loqui-

271 2473 358 2514 tur
401 2460 641 2515 diccns:
697 2457 953 2511 Dominus
1011 2461 1109 2510 scit
1170 2455 1519 2525 cogitationes
1568 2455 1858 2520 hominum,

268 2552 531 2618 quoniam
563 2565 714 2603 vana:
746 2559 867 2601 sunt
905 2550 969 2602 η.
1003 2545 1122 2600 Νοιι
1157 2560 1286 2614 ergo
1314 2554 1485 2599 mutat
1521 2544 1701 2599 sedem
1724 2584 1736 2605 ,
1768 2546 1861 2614 qui

273 2658 383 2695 non
410 2651 596 2695 mutat
652 2650 910 2696 mentem.
941 2637 1052 2694 Nec
1093 2645 1267 2690 mutat
1292 2636 1586 2698 civitatem,
1618 2636 1710 2704 qui
1754 2651 1862 2688 non

274 2750 371 2786 sua
409 2741 636 2803 sponte,
665 2733 759 2786 sed
781 2731 1015 2787 consilio
1044 2737 1099 2784 et
1126 2727 1389 2783 electione
1417 2727 1648 2782 aliorum
1680 2735 1862 2781 muta-

276 2835 362 2877 tur
398 2826 464 2875 ".
510 2821 636 2877 Non
696 2838 826 2893 ergo
874 2824 1072 2893 migrat
1119 2820 1185 2876 de
1210 2820 1432 2876 civitate
1465 2819 1533 2873 ad
1566 2818 1861 2882 civitatem,

278 2917 370 2984 qui
408 2932 520 2969 non
549 2915 799 2969 avaritia:
844 2929 1031 2980 causa,
1062 2929 1162 2968 nec
1194 2921 1387 2983 sponte
1416 2911 1639 2966 dimittit
1670 2925 1861 2976 suam;

281 3010 369 3064 sed
417 3009 646 3079 (ntjam
696 3007 899 3062 dictum
943 3009 1047 3075 est)
1075 3015 1168 3060 aut
1202 3007 1392 3076 pulsus
1425 3020 1456 3059 a
1479 3005 1607 3059 sede
1647 3019 1744 3058 sua
1774 3011 1869 3057 aut

285 3103 616 3157 aerrssitate
664 3107 921 3163 coactus,
952 3108 1044 3152 aut
1075 3099 1340 3153 electione
1388 3107 1440 3152 et
1493 3096 1869 3151 exhortatione

2015 1901 2189 1969 (Quae,
2222 1917 2436 1971 precor,
2473 1901 2648 1969 major
2679 1898 2937 1964 charitas,
2967 1909 3061 1950 aut
3094 1897 3239 1965 quod
3263 1894 3538 1949 efﬁcacius

1958 1995 2178 2065 pietatis
2230 1994 2592 2064 patrocinium
2635 2001 2812 2063 potest
2863 2007 2891 2044 a
2925 2005 3201 2060 quoquam
3241 1989 3401 2043 alicui
3436 1988 3539 2040 im-

1960 2087 2140 2156 pendi,
2182 2103 2346 2157 quam
2400 2087 2445 2140 si
2478 2086 2804 2156 ignorantiae
2853 2084 3106 2139 tenebras
3159 2094 3212 2136 et
3256 2083 3538 2152 imperitiae

1959 2179 2244 2248 caliginem
2276 2179 2344 2232 ab
2375 2194 2440 2232 eo
2469 2178 2714 2248 repellat,
2765 2193 2830 2231 ac
2857 2176 3075 2230 demum
3118 2189 3257 2228 verte
3285 2174 3406 2227 fidei
3437 2175 3538 2227 do-

1963 2273 2152 2326 ctrina:
2183 2271 2404 2342 pabulo,
2453 2287 2559 2324 non
2605 2272 2670 2325 ad
2702 2277 2995 2340 quaestum,
3051 2283 3157 2320 nou
3189 2267 3257 2321 ad
3288 2266 3538 2320 ambitio-

1963 2380 2107 2429 nem,
2150 2364 2244 2419 sed
2280 2365 2345 2418 ad
2375 2363 2741 2418 eruditionem
2772 2369 2827 2416 et
2853 2361 3263 2415 :edilicationem
3294 2357 3539 2413 reﬁciat?

1963 2455 2248 2526 Tanquam
2281 2457 2426 2508 enim
2458 2455 2650 2509 mutilo
2682 2454 2740 2508 fit
2777 2469 2996 2515 manus,
3043 2451 3232 2505 claudo
3263 2467 3374 2520 pes,
3417 2467 3541 2503 ocu-

1967 2549 2048 2603 lus
2077 2565 2214 2602 ca-co
2246 2549 2314 2614 ²¹,
2371 2549 2464 2618 qui
2514 2546 2833 2618 ignorantiae
2873 2545 3108 2600 tenebris
3145 2544 3425 2607 obvoluto,
3455 2561 3542 2596 sa-

1966 2639 2181 2708 pientiae
2215 2648 2269 2693 et
2296 2639 2540 2693 scicntia:
2572 2637 2888 2692 thesaurum
2917 2644 3144 2698 reserat,
3172 2644 3227 2688 et
3251 2635 3540 2690 candorem

1967 2730 2106 2784 lueis
2132 2731 2359 2799 viasque
2394 2729 2608 2782 Domini
2637 2729 2945 2799 benigniter
2973 2728 3148 2796 aperit
3175 2727 3266 2795 ".)

2042 2820 2298 2892 Utrisque
2344 2835 2547 2886 autem,
2591 2823 2644 2876 id
2703 2831 2865 2878 estet
2901 2820 3099 2874 famem
3131 2819 3280 2874 verbi
3329 2817 3420 2872 Dei
3451 2834 3543 2886 pa-

1968 2915 2252 2979 tientibus,
2299 2924 2352 2970 et
2400 2915 2672 2985 episcopis
2717 2915 3135 2974 necessitatem,
3188 2911 3410 2982 quando
3461 2912 3543 2964 in-

1971 3007 2350 3060 thronizautur
2387 3018 2604 3077 propter
2646 3021 2991 3062 communem
3023 3005 3308 3060 utilitatem
3339 3004 3392 3057 in
3420 3004 3541 3058 aliis

1970 3099 2302 3162 civitatibus,
2327 3116 2430 3154 non
2459 3101 2669 3154 modica
2696 3101 2983 3155 exhibetur
3011 3098 3404 3154 misericordia.
3434 3096 3542 3152 Ne-

285 3194 638 3247 saeerdotum
676 3200 730 3246 et
755 3190 1100 3260 populorum,
1154 3189 1448 3243 translatus
1503 3196 1587 3242 est
1627 3187 1692 3241 ad
1743 3186 1871 3240 alte-
1897 3191 1942 3253 C
1974 3202 2164 3262 gantcs
2181 3205 2357 3248 autem
2390 3195 2523 3259 lucc,
2544 3195 2667 3248 licet
2691 3196 2910 3264 speciem
2930 3195 3155 3248 habeant
3181 3196 3415 3264 pictatis,
3439 3197 3543 3249 vir-

290 3302 393 3339 um
426 3288 747 3341 civitatem.
779 3281 914 3337 Nam
944 3282 1085 3337 sicut
1113 3281 1351 3352 episcopi
1385 3281 1586 3335 habent
1627 3288 1870 3349 potesta-

291 3389 382 3432 tum
430 3379 707 3432 ordinare
741 3375 1062 3446 regulariter
1113 3375 1396 3444 episcopos
1425 3383 1478 3427 et
1508 3372 1745 3442 reliquos
1785 3387 1874 3427 sa-

297 3473 540 3525 cerdotes
567 3469 639 3534 ⁸⁸,
685 3470 768 3523 sic
815 3468 1028 3536 quoties
1063 3467 1266 3521 utilitas
1296 3475 1389 3519 aut
1423 3469 1724 3519 necessitas
1745 3479 1872 3518 eoe-

300 3563 420 3630 gerit
444 3564 516 3624 “,
549 3559 876 3630 supradicto
911 3559 1074 3612 modo
1101 3569 1155 3613 et
1181 3569 1392 3612 mutare
1421 3568 1475 3612 et
1507 3557 1876 3610 inthronizare

310 3663 615 3721 potestatem
687 3652 909 3706 habent.
953 3651 1079 3708 Haec
1122 3661 1183 3706 ut
1221 3650 1485 3721 petiistis,
1549 3649 1674 3704 licet
1722 3648 1873 3704 vobis

319 3744 617 3811 incognita“
647 3757 759 3795 non
789 3741 919 3804 sint,
958 3741 1184 3796 tenenda
1210 3740 1554 3804 mandamus,
1603 3754 1670 3792 ne
1713 3740 1870 3809 igno—

322 3836 484 3887 rantia
506 3833 906 3903 quorumdam,
936 3833 1161 3887 meliora
1191 3842 1244 3886 et
1283 3833 1501 3886 utiliora
1535 3833 1792 3894 vitentur,
1819 3839 1873 3884 et

313 3927 569 3981 inutiliora
605 3934 924 3988 sumantur,
957 3925 1100 3979 sicut
1149 3926 1201 3977 in
1250 3934 1439 3979 sancto
1466 3923 1663 3992 legitur
1691 3921 1866 3976 Evan-

305 4020 436 4088 gelia
465 4039 478 4073 :
511 4019 598 4074 Va:
630 4018 798 4082 vobis,
820 4017 1124 4087 Iiypocritw,
1148 4018 1270 4088 quia
1293 4017 1559 4070 decimatis
1587 4015 1867 4080 ment/mm,

298 4124 347 4163 et
361 4113 683 4175 anethum,et
698 4109 1042 4171 cuminum,et
1066 4109 1349 4179 reliquistis
1365 4107 1732 4176 quaagrariora
1749 4116 1869 4159 sunt

366 4209 386 4238 ‘
417 4207 467 4259 7.
499 4224 556 4277 q.
583 4205 648 4259 ιε
679 4205 1005 4277 Mutationes
1037 4203 1444 4277 episcoporum.
1461 4204 1524 4257 Et
1566 4203 1618 4256 in
1663 4203 1822 4277 decr.
1857 4203 2004 4260 lvon.
2043 4207 2134 4260 lib.
2174 4222 2253 4259 ιιι.

296 4272 532 4332 iisdem.‘
589 4277 638 4308 “
674 4276 903 4346 apostol.
941 4272 1182 4346 eam”.
1224 4272 1237 4274 ⁷
1262 4275 1301 4346 ξι
1325 4272 1527 4346 Ρειιιιη.
1553 4289 1741 4346 xcxut,
1771 4276 1848 4328 il.

291 4342 727 4450 episcoporumf
821 4346 861 4375 ’⁵
886 4345 1226 4414 exposcerit;
1266 4344 1336 4396 ita
1367 4353 1419 4396 et
1450 4342 1583 4396 Luc.

297 4420 314 4450 ι
373 4419 664 4450 [ι’-...ΛιΙῖηε
697 4417 748 4450 in
788 4415 913 4450 Annl
963 4431 1061 4450 nrn
1088 4414 1418 4450 valnon-Iin
1441 4429 1574 4450 unum

297 4414 340 4450 ⁸⁸
373 4414 667 4472 Ειιιῖούὶιιδ
697 4417 748 4469 in
781 4415 935 4484 Apol.
963 4431 1061 4484 pro
1088 4414 1418 4484 Symmacho
1441 4429 1598 4482 papa.

293 4490 487 4542 eodem
539 4504 650 4542 ms.
685 4487 881 4540 desunt
919 4484 1276 4556 quiegansulis
1301 4485 1508 4556 clausa.

291 4559 413 4615 loco
460 4574 635 4628 supra
677 4559 861 4612 citato.

1661 4345 1702 4374 ¹³
1734 4347 1910 4412 ignota
1930 4385 1944 4407 ,
1987 4345 2057 4400 ita
2086 4345 2153 4400 in
2182 4346 2316 4400 Luc.

1707 4415 1746 4446 ¹¹⁹
1775 4415 1911 4468 Osee
1966 4433 2041 4478 vt,
2085 4421 2136 4470 ti.

1585 4485 1629 4516 ”
1669 4485 1710 4538 ll
1741 4484 1879 4538 Tum.
1914 4503 1993 4551 ιιι,
2029 4488 2082 4541 5.

965 4555 1010 4587 ²⁴¹
1052 4554 1102 4609 7.
1132 4571 1185 4624 q.
1219 4555 1240 4608 l
1283 4574 1295 4609 :
1326 4553 1648 4611 Mutationes
1679 4557 2083 4625 episcoporum.

1978 3290 2138 3335 tatem
2173 3293 2343 3337 tamen
2390 3285 2503 3354 ejus
2554 3285 2812 3356 abnegant
2843 3287 2911 3341 ³³.
2966 3285 3100 3339 Nam
3130 3287 3182 3340 in
3210 3287 3300 3340 tali
3329 3288 3543 3358 negotio

1977 3374 2289 3444 prosapiam
2320 3375 2364 3406 “
2393 3392 2500 3430 non
2523 3391 2760 3446 agnosco
2785 3378 2864 3444 ”;
2898 3378 2942 3432 si
2965 3378 3090 3446 quis
3115 3387 3294 3433 tamen
3324 3379 3543 3448 sapienc

1978 3464 2137 3525 tium,
2166 3479 2306 3534 quos
2335 3465 2716 3534 insipientibus
2747 3468 3086 3535 tempestatis
3122 3467 3285 3536 hujus
3308 3470 3541 3538 proceila

1980 3555 2102 3610 aliis
2133 3556 2362 3610 sociavit
2395 3557 2732 3619 auctoribus,
2783 3557 3084 3613 facinorum
3132 3559 3544 3628 participatione

1980 3649 2306 3713 maculatur,
2359 3651 2614 3719 splendor
2654 3651 2934 3719 sapientis,
2977 3651 3080 3706 etsi
3103 3652 3544 3706 communionem

1978 3741 2269 3794 criminum
2298 3741 2551 3807 incurrit,
2590 3745 2763 3799 nescit
2793 3754 2970 3798 tamen
2998 3745 3188 3799 ducem
3223 3760 3279 3798 se
3306 3747 3546 3813 praebere

1978 3833 2352 3900 peccantibus.
2408 3833 2525 3886 Alia
2553 3847 2772 3902 quoque
2797 3843 3065 3889 estcausa
3096 3835 3342 3889 utilitatis
3370 3846 3420 3889 et
3452 3853 3545 3889 ne-

1974 3924 2267 3987 cessitatis,
2293 3925 2465 3979 etalia
2489 3925 2728 3980 avaritiae
2751 3935 2805 3980 et
2835 3927 3544 3996 praesumptionis,autpro-

1977 4017 2108 4086 pria:
2137 4017 2448 4071 voluntatis.
2485 4017 2742 4073 Avaritiae
2770 4034 2988 4088 quoque
3019 4034 3184 4073 causa
3201 4020 3268 4084 ",
3299 4020 3382 4074 vel
3409 4036 3546 4089 pne-

1977 4111 2325 4180 sumptionis,
2374 4119 2470 4164 aut
2513 4112 2746 4180 pr0pria:
2776 4111 3090 4177 voluntatis,
3132 4125 3240 4165 non
3274 4120 3401 4166 sunt
3428 4113 3545 4180 epi-

2329 4209 2353 4276 Τ
2381 4207 2599 4276 ignotus
2630 4207 2764 4260 viris
2807 4206 3001 4276 doctis:
3075 4205 3099 4237 ⁸
3127 4205 3202 4276 in.
3224 4207 3299 4276 77’
3332 4205 3545 4276 ignotus

1966 4279 2008 4308 ¹²
2041 4277 2219 4346 κρίσει
2245 4275 2448 4329 πολλῶν
2482 4277 2812 4346 ἐπισκόπων.
2891 4275 2934 4308 ¹³
2968 4275 3018 4330 7.
3042 4292 3097 4346 q.
3121 4275 3143 4328 1
3171 4294 3183 4330 :
3212 4275 3547 4346 Mutationes

2396 4348 2439 4377 ¹⁶
2467 4345 2658 4400 Matth.
2689 4364 2824 4410 χχιι,
2847 4347 2939 4412 23,
2963 4345 3073 4400 ει(
3129 4348 3172 4380 ¹⁷
3209 4345 3251 4400 ll
3277 4346 3416 4400 Tim.
3459 4364 3539 4400 ιιι.

2265 4417 2311 4448 ¹⁰
2337 4417 2691 4471 sacrificium.
2792 4419 2835 4448 ²¹
2876 4416 2998 4471 Job.
3030 4433 3181 4481 xxrx,
3217 4417 3301 4470 15.
3406 4419 3449 4448 ²²
3491 4420 3540 4470 iu

2178 4486 2225 4518 “
2262 4488 2534 4557 propriam
2568 4487 2893 4558 prosapiem.
2997 4489 3042 4519 ³⁵
3084 4487 3224 4542 idem
3265 4486 3544 4542 Ειιηοάὶιιε

291 4677 520 4732 diaconi
571 4675 640 4730 de
675 4673 902 4728 ecclesia
956 4673 1010 4726 in
1045 4689 1154 4741 qua
1179 4672 1412 4726 ordinati
1447 4681 1592 4736 sunt,
1623 4674 1674 4726 in
1709 4673 1867 4726 aliam
1907 4681 1946 4735 ι)
1975 4672 2318 4730 Sardicensis
2346 4674 2719 4740 decreverunt,
2748 4684 2807 4727 ut
2835 4674 2970 4728 tales
2996 4673 3270 4742 deinceps,
3299 4687 3406 4728 non
3432 4683 3547 4727 tan-

291 4747 728 4806 transferantur,
766 4744 871 4797 nisi
912 4745 1209 4798 necessitas
1256 4743 1337 4796 vel
1367 4743 1587 4797 evidens
1615 4742 1870 4798 Ecclesiae

289 4821 509 4872 utilitas
582 4815 716 4869 illud
761 4814 1018 4883 requirat.
1075 4812 1208 4867 Nam
1236 4824 1297 4866 ut
1325 4813 1485 4867 alicui
1516 4813 1630 4866 sedi
1662 4814 1730 4867 ab
1759 4815 1870 4866 baca

291 4893 484 4942 reticis
513 4885 896 4957 pessumdatac,
935 4885 1178 4957 insignis
1207 4884 1404 4952 aliquis
1435 4883 1658 4957 alterius
1681 4883 1868 4937 Eccle-

287 4961 383 5014 size
414 4954 1091 5027 episcopuspraeficiatur,
1131 4954 1180 5006 id
1218 4970 1323 5007 nou
1358 4954 1523 5027 modo
1551 4969 1657 5027 non
1684 4963 1869 5027 sancta

287 5023 543 5100 synodus
570 5023 866 5100 prohibuit,
886 5025 978 5100 sed
1004 5040 1033 5077 e
1057 5033 1244 5100 contra
1269 5025 1447 5100 potius
1560 5023 1863 5100 faciendum

285 5092 413 5154 esse
444 5092 704 5165 exemplo
729 5096 966 5159 edocuit,
1017 5110 1140 5148 cum
1187 5093 1420 5165 Eusebio
1463 5092 1864 5165 ANicotnediensi

285 5180 342 5224 et
371 5163 700 5236 Theognide
732 5165 960 5236 Memno,
989 5166 1258 5233 episcopis
1289 5163 1508 5236 Arianis
1556 5163 1866 5236 insigniori-

287 5241 394 5294 bus
431 5234 724 5306 depositis,
775 5237 827 5288 in
873 5235 1051 5306 sedem
1103 5236 1342 5306 ipsorum
1377 5234 1604 5306 aliarum
1658 5234 1864 5306 sedium

284 5304 577 5364 antistites
605 5307 953 5360 suﬂ'ccerunt.
1009 5304 1069 5358 Et
1099 5307 1223 5374 quia
1254 5304 1468 5358 Eusebii
1495 5304 1870 5357 Nicomedien-

283 5383 366 5435 sis
424 5378 672 5432 hominis
716 5376 938 5445 inquieti
983 5385 1032 5429 et
1074 5376 1345 5430 ambitiosi
1396 5375 1507 5443 (qui
1551 5383 1678 5496 post
1731 5375 1868 5428 duas

283 5452 454 5496 miles
486 5456 726 5496 imitatas
753 5446 1280 5496 Constantinooolim
1309 5460 1368 5496 se
1398 5455 1545 5496 trans
1570 5444 1676 5496 erri
1706 5459 1867 5496 cura-

283 5452 454 5505 sedes
486 5456 726 5500 mutatas
753 5444 1280 5515 constantinopolim
1309 5444 1676 5515 se_transferri
1706 5459 1867 5515 cura-7

284 5522 385 5590 vit)
425 5518 713 5590 exemplo,
755 5515 1066 5590 frequenter
1115 5513 1188 5590 ab
1213 5513 1429 5590 A_rianis
1462 5514 1644 5590 ﬁebat,
1689 5523 1749 5590 ιιι
1773 5514 1866 5583 qui

283 5584 557 5643 humanae
578 5584 766 5657 gloriae
790 5587 1013 5641 libidine
1051 5585 1280 5652 incitati,
1314 5584 1628 5657 muneribus
1659 5585 1727 5640 ad
1751 5599 1870 5657 ma:

278 5662 441 5730 iores
488 5653 922 5730 sedesprovehi
977 5657 1306 5721 laborarent,
1360 5654 1428 5709 iis
1465 5656 1732 5730 episcopis
1773 5653 1867 5724 qui

286 5725 609 5799 majoribus
637 5727 951 5799 civitatibus
993 5737 1277 5797 prmerant,
1322 5729 1598 5799 negotium
1643 5725 1872 5799 facesse:

283 5795 451 5867 rent;
515 5799 643 5854 ideo
663 5797 852 5852 Patres
895 5795 1228 5852 sacrosancti
1278 5795 1599 5852 meuinenici
1651 5795 1868 5850 concilii

626 5918 905 5978 PATROL.
949 5916 1096 5996 (31..

1975 4755 2087 4797 ιιιηι
2113 4814 2118 4815 ν
2145 4744 2285 4798 inter
2335 4746 2618 4815 episcopos
2664 4761 2770 4797 non
2817 4755 3234 4798 numerarentur
3259 4784 3306 4815 ,γ
3337 4746 3428 4798 sed
3478 4747 3546 4798 ab

1973 4814 2123 4868 omni
2152 4814 2376 4883 penitus
2405 4816 2613 4869 ordinis
2639 4815 2992 4869 ecclesiastici
3025 4815 3192 4883 gradu
3226 4814 3440 4883 dejecti,
3471 4817 3548 4868 in-

1977 4894 2056 4938 ter
2099 4885 2268 4940 laicos
2313 4895 2806 4950 commorarentur,
2857 4884 2968 4937 imo
3018 4900 3086 4938 ne
3139 4885 3271 4937 laica
3317 4885 3544 4953 quidem

1975 4957 2359 5009 communione
2382 4957 2435 5008 in
2463 4955 2566 5008 fine
2595 4957 2716 5009 vitae
2755 4956 3178 5024 impartirentur.
3210 4953 3385 5008 Baron
3412 4971 3540 5011 ann.

1975 5026 2180 5079 Christi
2208 5025 2336 5088 524,
2373 5041 2524 5078 num.
2560 5025 2696 5093 155;
2733 5041 2875 5078 anno
2897 5025 3021 5092 325,
3052 5041 3204 5080 num.
3232 5024 3370 5092 155;
3416 5028 3542 5082 item

1973 5111 2118 5148 anno
2147 5096 2272 5160 547,
2308 5111 2458 5149 num.
2490 5096 2578 5149 46.
2606 5095 2730 5150 Ssv.
2762 5095 2876 5148 Bm.

2045 5165 2120 5236 (6)
2164 5165 2417 5220 Eusebius
2457 5183 2677 5236 quoque.
2732 5165 2830 5219 Hic
2862 5173 2944 5218 est
2974 5163 3093 5236 ille
3123 5163 3390 5220 Eusebius
3416 5165 3542 5218 Ale-

1976 5237 2274 5290 xandrinus
2297 5235 2605 5305 episcopus,
2652 5236 2742 5306 qui
2792 5235 3009 5303 scripsit
3037 5235 3104 5288 i8
3135 5251 3413 5290 sermones
3445 5251 3544 5286 nu-

1976 5322 2070 5375 per
2096 5307 2148 5358 in
2180 5307 2553 5376 vetustissimo
2582 5307 2718 5360 libro
2750 5307 3089 5376 bibliotheca
3127 5307 3338 5376 Cryptze
3367 5306 3540 5358 ferra-

1978 5387 2063 5440 tae,
2087 5384 2146 5428 ut
2171 5384 2398 5430 testatur
2424 5375 2726 5430 Turriauus
2753 5392 2869 5445 cap.
2902 5375 2990 5439 12,
3016 5377 3152 5431 libro
3182 5375 3242 5440 ii,
3273 5385 3540 5443 .nventos,

1976 5447 2032 5499 in
2053 5460 2287 5514 quorum
2326 5461 2436 5500 uno
2476 5461 2645 5516 quem,
2680 5447 2746 5502 de
2777 5446 3112 5500 Ascensione
3159 5446 3372 5498 Domini
3408 5447 3546 5501 scri-

1975 5517 2103 5586 psit,
2135 5531 2266 5570 usus
2291 5525 2374 5570 est
2403 5515 2570 5572 verbo
2602 5515 2902 5582 Ilomousii,
2950 5518 3092 5585 quod
3122 5524 3343 5571 sanctus
3374 5516 3543 5570 Atha-

1975 5587 2249 5656 nasiusin
2281 5589 2438 5656 epist.
2468 5589 2532 5641 ad
2572 5587 2854 5641 Africanos
2904 5587 2980 5640 ait
3010 5604 3114 5640 non
3148 5587 3314 5640 fuisse
3347 5586 3399 5640 in
3416 5600 3545 5656 syn-

1975 5658 2082 5712 odo
2150 5655 2366 5712 Nicaaiia
2399 5659 2700 5720 inventum,
2755 5658 2850 5713 sed
2891 5661 3043 5726 prius
3085 5657 3253 5710 fuisse
3281 5655 3455 5709 etiam
3475 5659 3543 5708 ab

1975 5727 2244 5797 episc0pis
2294 5727 2638 5784 Alexandriae
2687 5736 3028 5796 usurpatum,
3082 5728 3149 5780 ad
3168 5727 3542 5797 psset-endam

1976 5795 2178 5853 contra
2197 5798 2481 5855 haereticos
2511 5795 3132 5856 consubstaritialitatem
3167 5795 3290 5852 Filii
3323 5797 3439 5853 Dei.

3194 5916 3236 5978 6
