4006 6356
482 274 576 326 171

1858 275 2114 333 ANTERI
2155 279 2355 334 ΡΑΡΑΞ

3616 285 3722 341 172

476 394 627 463 scopi
651 393 894 448 mutandi
927 394 994 448 de
1023 393 1240 448 civitate
1270 394 1335 448 ad
1369 394 1679 457 civitatem,
1718 397 1812 451 sed
1839 398 2039 453 utilita-
2067 406 2112 461 Α
2140 409 2223 454 tus
2254 400 2297 432 ⁸³
2337 409 2413 454 est
2475 400 2528 453 in
2557 400 2775 454 naribus
2816 402 3032 464 nostris,
3083 412 3136 456 et
3174 419 3344 457 sermo
3382 402 3615 458 scintilla
3649 406 3722 459 ad

477 488 546 541 tis
591 494 646 540 et
676 486 1032 542 necessitatis.
1092 484 1249 551 Quod
1297 500 1458 541 nemo
1504 497 1680 557 negat.
1729 489 1834 544 nisi
1883 490 1937 543 bi
1974 490 2042 546 de

473 578 676 648 quibus
701 577 906 633 dictum
934 586 1017 631 est
1048 595 1061 630 :
1099 575 1424 630 Erraverant
1458 578 1510 630 in
1538 577 1809 642 ebrietate,
1845 580 2042 633 nescie—

473 678 600 725 runt
642 670 916 731 videntem,
964 669 1337 738 ignoraverunt
1391 668 1655 737 judicium
1683 670 1746 723 ³⁷.
1802 670 1936 724 Nam
1993 672 2041 725 si

474 764 784 820 enat-rando
810 779 1035 833 cogerer
1069 764 1275 832 aperire
1302 772 1577 818 transacta
1602 764 1667 826 ’³,
1701 766 2040 819 ostenderem

473 856 629 911 vobis
656 856 864 909 nullum
900 854 1119 910 evenire
1145 856 1398 910 solatium
1427 855 1495 910 de
1526 857 1932 925 comparatione
1958 855 2040 910 fa-

473 957 705 1003 ctorum.
736 946 999 1001 Caeterum
1026 955 1179 1010 state,
1201 946 1531 1010 citatissimi,
1560 964 1715 1016 super
1742 949 1876 1011 vias,
1898 951 2041 1018 aspi-

468 1040 660 1094 cientes
688 1048 736 1093 et
763 1040 1143 1109 interrogantes
1161 1039 1224 1093 de
1249 1041 1449 1093 semitis
1478 1038 1691 1094 Domini
1710 1042 1939 1113 antiquis
1968 1043 2036 1106 ³³,

467 1142 519 1186 et
553 1130 715 1186 videte
744 1148 862 1202 que
905 1135 980 1186 est
1029 1132 1113 1185 via
1148 1130 1282 1185 bona
1318 1140 1368 1185 et
1399 1140 1561 1197 recta,
1602 1140 1651 1185 et
1681 1134 1951 1188 ambulate
1982 1135 2037 1188 in

467 1239 551 1289 ea,
578 1232 632 1277 et
659 1216 930 1277 invenietis
958 1222 1186 1293 requiem
1228 1223 1508 1277 animabus
1538 1224 1733 1278 vestris
1758 1224 1825 1278 ³⁸.
1886 1224 1951 1279 Et
1976 1233 2038 1280 ut

464 1312 622 1381 juxta
648 1312 940 1384 Sapientiae
971 1327 1153 1367 vocem
1182 1312 1432 1367 dicamus
1462 1329 1476 1368 :
1511 1313 1728 1385 Ditigite
1740 1314 2035 1383 justitiam,

466 1407 558 1477 qiti
574 1406 831 1477 judicatis
863 1414 1079 1460 terram.
1129 1403 1325 1460 Sentite
1359 1404 1422 1459 de
1445 1404 1671 1459 Domino
1702 1405 1759 1460 in
1785 1405 2035 1475 bonitate,

466 1508 518 1552 et
547 1500 603 1553 in
633 1498 973 1568 simplicitate
999 1497 1175 1552 cordis
1213 1498 1429 1567 qua'rite
1459 1497 1649 1559 illum;
1680 1499 1929 1568 quoniam
1957 1499 2038 1552 in—

467 1592 670 1647 venitur
708 1590 772 1644 ab
803 1590 884 1643 his
911 1590 1001 1660 qui
1030 1606 1132 1643 non
1169 1599 1368 1644 tentant
1398 1590 1589 1654 illum;
1620 1601 1833 1660 apparet
1862 1600 2037 1644 autem

463 1685 537 1738 eis
567 1685 655 1754 qui
688 1681 841 1752 ﬁdem
867 1681 1053 1735 habent
1098 1682 1152 1735 in
1192 1681 1366 1735 illum.
1426 1680 1693 1736 Perverse
1725 1684 1862 1736 enim
1892 1686 2035 1755 cogi.

2113 510 2122 518 ι
2145 490 2569 543 commovendum
2591 506 2681 543 cor
2711 500 2980 555 nostrum;
3009 509 3113 562 qua
3135 494 3417 559 exstincta,
3457 495 3590 549 cinis
3616 496 3719 549 crit

2144 598 2330 650 corpus
2360 590 2621 645 nostrum,
2655 592 2704 635 et
2724 583 2942 651 spiritus
2968 581 3283 650 e/fundetur,
3310 594 3563 655 tanquam
3584 586 3721 640 mol-

2143 671 2211 725 lis
2246 688 2358 725 aer.
2416 669 2483 723 Et
2523 671 2771 724 transibit
2796 674 2899 725 vita
2930 683 3112 725 nostra
3144 682 3394 744 tanquam
3441 676 3716 746 vestigium

2144 763 2318 827 nubis,
2362 772 2411 816 et
2446 763 2583 816 sicut
2631 763 2817 817 nebula
2846 763 3180 829 dissolvetur,
3211 782 3328 836 que
3365 767 3548 837 fugata
3572 778 3651 824 est
3683 787 3720 824 a

2143 856 2310 909 radiis
2338 856 2488 918 solis,
2534 865 2584 908 et
2613 872 2647 910 a
2674 855 2849 911 calore
2881 856 3029 910 illius
3065 869 3374 929 aggravata.
3431 859 3501 913 Et
3527 877 3716 915 nomen

2142 957 2382 1001 nostrum
2436 946 2747 999 oblivionem
2796 947 3013 1016 accipiet
3065 962 3156 1016 per
3201 958 3421 1019 tempus,
3469 961 3519 1004 et
3564 969 3715 1005 nemo

2141 1039 2448 1092 memoriam
2476 1036 2680 1092 habebit
2719 1054 2928 1107 operum
2971 1047 3288 1095 nostrorum.
3331 1041 3541 1097 Umbre
3571 1060 3714 1098 enim

2142 1132 2403 1185 transitus
2441 1140 2516 1185 est
2549 1140 2748 1198 tempus
2791 1139 3051 1199 nostrum,
3094 1141 3143 1186 et
3172 1148 3274 1185 non
3295 1142 3371 1187 est
3401 1135 3622 1187 reversio
3653 1135 3715 1203 ﬁ-

2140 1224 2222 1278 nis
2246 1224 2438 1288 nostri,
2481 1223 2729 1294 quoniam
2773 1224 3083 1294 consignata
3109 1234 3207 1289 est,
3233 1234 3281 1278 et
3310 1241 3461 1279 nemo
3489 1222 3710 1279 νεοίη-ὣς

2143 1324 2229 1369 tur
2258 1315 2325 1370 “.
2372 1314 2665 1385 Propterea
2718 1315 3011 1384 unicuique
3055 1317 3454 1385 prmvidendum
3492 1327 3596 1384 est,
3650 1328 3713 1372 ut

2141 1422 2488 1477 summopere
2530 1423 2589 1463 se
2635 1406 2922 1474 custodiat,
2969 1417 3025 1462 et
3070 1408 3273 1462 utiliter
3311 1425 3368 1463 se
3396 1409 3709 1478 praevideat.

2141 1508 2203 1553 ut
2230 1515 2351 1554 cum
2383 1499 2500 1554 dies
2527 1509 2770 1555 extrema
2806 1499 3039 1569 ﬁnisque
3087 1501 3209 1556 vitze
3248 1502 3547 1566 advenerit,
3595 1521 3707 1560 non

2142 1600 2384 1647 transeat
2409 1591 2474 1646 ad
2502 1601 2813 1661 perpetuam
2853 1601 3104 1657 mortem,
3143 1595 3234 1649 sed
3264 1595 3330 1648 ad
3359 1596 3525 1650 vitam
3551 1606 3710 1652 reter-

2142 1701 2289 1739 nam.
2319 1683 2483 1740 Facta
2513 1686 2658 1740 enim
2691 1685 3030 1742 subditorum
3054 1687 3368 1757 judicantur
3396 1707 3423 1742 a
3450 1692 3611 1746 nobis
3634 1692 3706 1757 ³⁸,

465 1776 691 1829 taliones
742 1782 987 1844 separant
1023 1790 1054 1827 a
1091 1772 1217 1837 Deo,
1263 1773 1488 1842 probata
1510 1760 1690 1828 autem
1720 1775 1884 1829 virtus
1914 1791 2033 1829 cor-
2063 1765 2103 1819 Β
2136 1787 2321 1831 nostra
2371 1792 2499 1831 vero
2538 1775 2751 1846 judicat
2794 1776 2956 1832 Deus.
3014 1776 3090 1832 Ex
3122 1780 3316 1835 merito
3365 1795 3495 1835 vero
3529 1782 3709 1852 plebis

463 1868 589 1937 ripit
613 1868 939 1936 insipientes.
971 1866 1232 1931 Quoniam
1259 1869 1316 1919 in
1339 1865 1648 1920 malevolam
1672 1867 1904 1920 animum
1930 1884 2031 1921 non

460 1961 701 2016 introibit
750 1960 1033 2029 sapientia,
1083 1974 1173 2011 nec
1204 1956 1461 2011 habitabit
1489 1959 1539 2011 in
1577 1974 1792 2026 corpore
1819 1958 2031 2013 subdito

460 2054 709 2124 peccatis.
768 2049 1000 2120 Spiritus
1049 2050 1186 2103 enim
1227 2059 1442 2102 sanctus
1490 2048 1785 2118 discipline
1821 2050 2032 2120 effugiet

462 2147 666 2217 fictum,
712 2154 763 2199 et
792 2142 1002 2213 auferet
1025 2159 1080 2196 se
1105 2159 1138 2195 α
1166 2139 1571 2212 cogitationibus
1619 2158 1738 2211 que
1774 2153 1895 2196 sunt
1919 2145 2031 2198 sine

462 2239 752 2301 intellectu,
802 2244 851 2290 et
891 2235 1209 2305 corripietur
1254 2251 1285 2287 a
1313 2234 1695 2302 superveniente
1730 2232 2025 2303 iniquitate.

462 2331 727 2401 Benignus
764 2338 839 2382 est
868 2328 1007 2382 enim
1035 2326 1255 2396 spiritus
1283 2325 1575 2394 sapientiae,
1632 2334 1682 2378 et
1706 2342 1807 2378 non
1838 2325 2030 2380 libera-

459 2421 535 2475 bit
565 2420 904 2474 maledictum
929 2419 972 2450 ³³
1005 2435 1039 2472 a
1063 2417 1219 2471 labiis
1265 2417 1406 2481 suis;
1451 2418 1699 2486 quoniam
1750 2436 1929 2473 renum
1954 2420 2025 2474 il-

460 2513 562 2567 lius
606 2512 755 2566 testis
802 2520 878 2565 est
920 2510 1084 2576 Deus,
1129 2518 1178 2563 et
1203 2510 1376 2563 cordis
1403 2509 1515 2579 ejus
1554 2519 1818 2564 scrutator
1837 2520 1914 2565 est
1943 2528 2028 2568 ve-

460 2620 574 2669 rus,
607 2612 657 2657 et
687 2602 880 2673 lingue
909 2602 1056 2656 illius
1085 2601 1319 2656 auditor.
1351 2600 1623 2666 Quoniam
1655 2602 1885 2673 Spiritus
1917 2604 2025 2657 Do-

456 2695 586 2749 mini
609 2694 821 2765 replevit
870 2692 1044 2747 orbem
1075 2702 1359 2756 terrarum,
1404 2704 1452 2747 et
1483 2695 1599 2752 hoc.
1634 2693 1770 2763 quod
1795 2694 2026 2747 continet

456 2787 655 2850 omnia,
709 2785 986 2839 scientiam
1015 2785 1167 2838 habet
1196 2785 1356 2839 vocis.
1413 2783 1636 2853 Propter
1662 2785 1777 2849 hoc,
1820 2786 1911 2855 qui
1942 2785 2022 2838 lo-

454 2876 635 2946 quitur
663 2875 864 2945 iniqua,
917 2889 1019 2926 non
1042 2883 1208 2943 potest
1234 2873 1421 2940 latere,
1461 2890 1554 2927 nec
1584 2874 1846 2943 preteriet
1871 2873 2021 2929 illum

452 2968 738 3037 corripiens
773 2965 1058 3035 judicium.
1123 2963 1190 3018 In
1237 2965 1640 3035 cogitationibus
1688 2966 1828 3019 enim
1874 2967 2023 3035 impii

453 3058 797 3129 interrogatio
824 3059 948 3114 erit.
997 3056 1310 3112 Sermonum
1337 3072 1512 3111 autem
1546 3058 1691 3112 illius
1717 3058 1920 3111 auditio
1953 3058 2022 3111 ad

452 3150 739 3204 Dominum
776 3150 960 3215 veniet,
1000 3159 1051 3203 et
1082 3148 1151 3203 ad
1174 3151 1552 3219 correptionem
1577 3149 1919 3219 iniquitatum
1948 3150 2021 3203 il-

451 3239 588 3305 lius;
642 3242 895 3311 quoniam
924 3242 1070 3294 auris
1103 3241 1202 3294 zeli
1245 3241 1395 3293 audit
1436 3241 1634 3305 onnzia,
1683 3253 1733 3296 et
1762 3242 2021 3297 tumultus

451 3333 930 3386 murmurationum
947 3348 1049 3386 non
1069 3331 1427 3385 abscondetur.
1442 3330 1714 3387 Custodite
1740 3348 1861 3402 ergo
1885 3349 1969 3387 vos
1988 3351 2020 3386 a

450 3431 890 3488 murmuratione,
940 3438 1058 3493 que
1099 3422 1231 3475 nihil
1261 3422 1505 3492 prodest;
1553 3432 1601 3475 et
1631 3440 1663 3475 a
1698 3422 2020 3479 detractione

446 3516 647 3585 parcite
676 3515 902 3586 tingue;
950 3516 1197 3586 quoniam
1240 3531 1409 3568 sermo
1438 3519 1687 3569 obscurus
1718 3517 1773 3569 in
1796 3532 2017 3570 vacuum

451 3623 554 3661 non
581 3607 698 3660 ibit.
756 3606 827 3661 Os
855 3607 992 3677 quod
1024 3607 1292 3671 mentitur,
1320 3608 1510 3660 occidit
1542 3608 1796 3660 animam.
1859 3605 2017 3661 Noli-

449 3708 497 3753 tc
524 3698 696 3753 selare
726 3708 945 3752 mortem
973 3700 1027 3752 in
1048 3715 1223 3754 errore
1248 3702 1368 3753 vite
1397 3708 1598 3765 vestre,
1646 3715 1805 3770 neque
1832 3701 2015 3770 acqui-

448 3793 582 3846 ratis
629 3792 974 3861 perditionem
1013 3792 1069 3845 in
1112 3790 1352 3861 operibus
1399 3807 1650 3845 manuum
1681 3804 2007 3856 vestrarum;

445 3884 695 3954 quoniam
730 3877 869 3937 Deus
900 3893 1117 3937 mortem
1142 3899 1244 3936 non
1271 3882 1416 3951 fecit,
1464 3899 1554 3936 nec
1577 3882 1791 3937 letatur
1815 3884 1871 3937 in
1893 3900 2011 3953 per-

444 3976 645 4029 ditione
674 3975 926 4029 vivorum.
981 3972 1189 4029 Creavit
1217 3975 1376 4041 enim,
1406 3984 1461 4028 ut
1491 3983 1682 4040 essent,
1732 3975 1932 4041 omnia,
1959 3985 2009 4030 et

443 4066 707 4122 sanabiles
754 4082 865 4120 esse
909 4064 1074 4120 voluit
1103 4067 1341 4120 nationes
1371 4065 1513 4119 orbis
1539 4075 1822 4121 terrarum.
1884 4066 2009 4121 Non

441 4169 519 4215 est
552 4160 610 4212 in
639 4158 748 4212 illis
777 4158 1210 4212 medicamentum
1240 4158 1563 4223 exterminii,
1598 4173 1688 4210 nec
1719 4157 2006 4226 inferorum

441 4270 656 4325 regnum
686 4254 740 4306 in
768 4262 909 4306 terra
955 4252 1254 4306 viventium.
1310 4250 1536 4303 Iustitia
1578 4261 1824 4319 perpetua
1852 4260 2003 4306 estet

439 4345 789 4410 immortalis;
837 4344 1105 4414 injustitia
1152 4352 1326 4396 autem
1370 4342 1553 4397 mortis
1596 4351 1671 4395 est
1699 4344 1997 4414 acquisitio.

2135 1883 2524 1939 nonnunquam
2551 1869 2789 1939 episcopi
2814 1870 3259 1939 depravantur“,
3284 1881 3551 1939 quatenus
3574 1889 3708 1944 pro-

2133 1961 2335 2016 clivius.
2353 1960 2550 2014 cadant
2574 1960 2667 2030 qui
2695 1972 3018 2030 sequuntur.
3061 1962 3250 2032 Capite
3292 1963 3701 2035 languescente,

2132 2062 2325 2108 cetera
2375 2052 2619 2121 corporis
2682 2053 2927 2108 membra
2983 2053 3323 2111 inticiuntur.
3395 2055 3705 2113 Deteriores

2131 2154 2279 2211 sunt,
2328 2145 2419 2215 qui
2466 2145 2631 2200 vitam
2683 2160 2974 2216 moresque
3018 2145 3285 2201 bonorum
3319 2160 3700 2219 corrumpunt,

2133 2236 2216 2290 his
2261 2237 2355 2306 qui
2409 2237 2745 2292 substantias
2794 2237 3021 2293 aliorum
3069 2238 3374 2309 praediaque
3413 2240 3698 2312 diripiunt.

2129 2325 2328 2379 Caveat
2363 2326 2739 2395 unusquisque
2773 2343 2841 2380 ne
2870 2337 2964 2383 aut
2992 2328 3254 2399 linguam,
3284 2337 3379 2384 aut
3406 2345 3566 2385 aures
3593 2331 3695 2385 ba-

2131 2414 2256 2468 beat
2301 2415 2606 2483 prurientes
2631 2415 2698 2480 ‘7,
2741 2415 2795 2469 id
2834 2424 2917 2471 est
2963 2432 3031 2472 ne
3074 2428 3167 2472 aut
3203 2418 3318 2488 ipse
3345 2418 3466 2472 aliis
3513 2420 3697 2474 detra-

2130 2506 2242 2571 hat,
2294 2515 2387 2560 aut
2434 2506 2570 2561 alios
2610 2507 2794 2561 audiat
2822 2508 3188 2565 detrahentes.
3240 2508 3458 2575 Sedens,
3491 2512 3693 2581 inquit,

2127 2597 2374 2652 adversus
2425 2597 2645 2666 fratrem
2677 2607 2823 2652 tuum
2866 2599 3194 2669 loquebaris,
3242 2601 3593 2671 detrahendo,
3641 2613 3693 2657 et

2126 2691 2372 2744 adversus
2421 2691 2594 2760 filium
2637 2692 2825 2745 matris
2879 2701 2983 2747 tae
3018 2693 3243 2761 ponebas
3280 2696 3591 2749 scandalum
3622 2697 3690 2759 ³⁸,

2124 2790 2229 2838 etc.
2274 2780 2509 2837 Parcant
2535 2782 2732 2853 singuli
2765 2783 3084 2839 detractioni
3109 2785 3326 2854 linguae,
3352 2789 3688 2843 custodiant-

2125 2887 2231 2943 que
2260 2889 2542 2930 sermones
2580 2888 2745 2941 suos;
2784 2883 2839 2928 et
2867 2875 3061 2941 sciant,
3095 2875 3221 2944 quia
3247 2886 3442 2932 cuncta
3469 2892 3593 2947 qua:
3618 2877 3691 2933 de

2124 2967 2246 3023 aliis
2276 2968 2591 3038 loquuntur,
2623 2982 2721 3022 sua
2751 2967 3021 3022 sententia
3044 2968 3451 3038 judicabuntur.
3512 2967 3690 3025 Nemo

2126 3057 2296 3112 invito
2341 3057 2579 3113 auditori
2624 3057 2854 3112 libenter
2885 3056 3073 3112 refert.
3131 3057 3301 3114 Ollicii
3343 3059 3684 3130 singulorum

2125 3150 2218 3213 sit,
2251 3149 2612 3213 dilectissimi,
2668 3164 2776 3205 non
2804 3150 2977 3205 solum
3014 3150 3203 3206 oculos
3233 3160 3413 3207 castos
3442 3167 3683 3217 servare.

2123 3241 2219 3298 sed
2243 3249 2298 3297 et
2323 3242 2586 3313 linguam.
2628 3240 2737 3296 Nec
2769 3242 2898 3311 quid
2932 3241 2987 3295 in
3018 3242 3340 3312 cujusquam
3367 3242 3530 3299 domo
3556 3259 3688 3315 aga-

2123 3344 2233 3399 tur,
2282 3335 2388 3390 alia
2416 3335 2612 3391 domus
2635 3350 2731 3404 per
2762 3350 2860 3390 vos
2887 3348 3127 3405 unquam
3153 3336 3381 3391 noverit.
3436 3334 3687 3393 Habeant

2120 3439 2312 3480 omnes
2360 3423 2763 3493 simplicitatem
2794 3422 3060 3477 columbae
3085 3423 3150 3489 ”,
3188 3438 3257 3478 ne
3283 3423 3537 3493 cuiquam
3564 3439 3684 3477 ma-

2118 3516 2407 3570 chinentur
2433 3513 2588 3570 dolos
2620 3531 2637 3581 ;
2661 3523 2715 3569 et
2743 3514 3008 3584 serpentis
3036 3515 3315 3578 astutiam,
3349 3531 3418 3572 ne
3446 3515 3680 3570 aliorum

2117 3606 2532 3676 supplantentur
2580 3605 2813 3662 insidiis.
2864 3602 2979 3660 Non
3025 3616 3107 3661 est
3158 3606 3479 3662 humilitatis
3522 3623 3679 3674 mea,

2116 3713 2290 3768 neque
2337 3713 2625 3764 mensurae,
2671 3698 2921 3767 judicare
2966 3699 3033 3753 de
3068 3698 3296 3762 ceteris,
3339 3706 3395 3753 et
3420 3698 3488 3755 de
3515 3700 3681 3754 mini~

2113 3791 2243 3847 stris
2264 3788 2626 3847 Ecclesiarum
2658 3790 2939 3845 sinistrum
2968 3788 3244 3858 quidpiam
3270 3787 3470 3844 dicere.
3499 3788 3678 3853 Absit,

2112 3892 2172 3937 ut
2197 3882 2493 3952 quidquam
2539 3881 2821 3938 sinistrum
2869 3880 3044 3937 dehis
3074 3880 3270 3951 loquar
3308 3879 3374 3948 ⁸ο,
3421 3881 3515 3951 qui
3539 3896 3675 3951 apo-

2111 3976 2304 4031 stolico
2327 3975 2516 4045 gradui
2539 3974 2909 4040 succedentes,
2936 3972 3135 4029 Christi
3166 3989 3363 4044 corpus
3394 3989 3552 4030 sacro
3579 3990 3678 4030 ore

2109 4065 2423 4133 coniiciunt,
2471 4079 2567 4136 per
2602 4081 2740 4136 quos
2783 4082 2885 4121 nos
2929 4065 3093 4120 etiam
3124 4065 3419 4121 Christiani
3449 4081 3664 4129 sumus,

2107 4156 2200 4225 qui
2248 4156 2426 4211 claves
2471 4156 2623 4226 regni
2664 4155 2926 4211 celerum
2974 4156 3256 4217 habentes.
3292 4165 3417 4212 ante
3465 4156 3661 4224 judicii

2104 4248 2247 4303 diem
2268 4247 2535 4317 judicant.
2591 4244 2771 4301 Veteri
2797 4245 3016 4316 quidem
3042 4247 3161 4318 lege
3192 4248 3421 4304 habetur
3448 4248 3514 4314 “,
3546 4249 3673 4319 qui-

2104 4354 2318 4409 cunque
2346 4337 2719 4394 sacerdotibus
2762 4352 2872 4391 non
2900 4338 3342 4409 obtemperasset,
3393 4347 3488 4393 aut
3514 4346 3671 4394 extra

436 4441 598 4510 [mpii
632 4448 805 4494 autem
850 4439 1089 4491 manibus
1125 4446 1175 4491 et
1209 4436 1374 4491 verbis
1416 4437 1768 4490 accersierunt
1811 4436 1999 4502 illam;
2030 4420 2084 4499 D.
2106 4443 2281 4488 castra
2337 4432 2547 4501 positus
2614 4431 2955 4501 lapidabatur
3010 4447 3042 4485 a
3090 4432 3306 4503 populo,
3356 4442 3451 4487 aut
3487 4434 3670 4505 gladio

433 4541 485 4585 et
512 4531 832 4597 estimantes
860 4544 975 4581 eam
1004 4528 1246 4592 amicam,
1286 4527 1639 4595 deﬂuxerunt,
1673 4538 1721 4581 et
1756 4531 1997 4598 sponsio-

433 4639 523 4677 nes
550 4629 833 4692 posuerunt
874 4619 943 4673 ad
972 4618 1157 4681 illam;
1186 4618 1434 4688 quoniam
1476 4629 1639 4673 morte
1670 4620 1817 4690 digni
1850 4632 1993 4685 sunt,

431 4714 522 4784 qui
554 4722 673 4767 sunt
701 4729 767 4767 ex
792 4722 942 4782 parte
964 4711 1111 4765 illius
1149 4712 1215 4764 ³³.
1276 4709 1534 4764 Dixerunt
1560 4713 1718 4775 enim,
1775 4712 1913 4778 apud
1940 4731 1995 4768 se

431 4804 718 4874 cogitantes
773 4819 876 4856 non
913 4799 1373 4872 rccte:Exignum
1414 4812 1511 4863 est,
1559 4814 1608 4857 et
1657 4821 1774 4857 cum
1811 4803 1989 4868 tedio,

430 4905 633 4963 tempus
679 4894 798 4948 vite
841 4901 1055 4959 nostre,
1102 4902 1152 4947 et
1186 4909 1288 4946 non
1331 4902 1407 4948 est
1447 4893 1776 4964 refrigerium
1807 4896 1861 4948 in
1890 4895 1992 4963 ﬁne

427 4986 678 5050 hominis,
725 4993 776 5039 et
800 5001 902 5040 non
928 4995 1005 5040 est
1030 4986 1119 5056 qui
1164 4986 1374 5054 agnitus
1403 4986 1472 5040 sit
1500 5002 1729 5040 reversus
1760 4985 1824 5039 ab
1854 4986 1991 5054 infe-

429 5080 526 5134 ris.
580 5074 843 5143 Quoniam
883 5093 947 5131 επ
977 5077 1139 5131 nihilo
1160 5079 1271 5130 nati
1304 5094 1506 5136 sumus.
1546 5086 1597 5132 et
1625 5077 1857 5148 posthac
1886 5077 1993 5131 eri-

426 5186 544 5226 mus
569 5180 819 5241 tanqnam
855 5185 958 5223 non
986 5168 1258 5239 fuerimus.
1316 5167 1578 5233 Quoniam
1615 5168 1790 5237 fumus
1830 5168 1990 5238 afﬂa-

408 5402 422 5412 ’
495 5401 541 5435 ³⁷
566 5400 667 5457 lsaz
696 5415 891 5464 xxvm,
928 5397 981 5452 7.
1036 5399 1081 5432 ³³
1117 5398 1257 5454 idem
1303 5396 1580 5454 Ennodius
1623 5412 1752 5452 mox
1783 5396 2055 5453 laudatus.
2130 5396 2175 5427 ³³
2217 5393 2471 5465 synodica
2489 5391 2719 5465 μαι-ἱειιί
2757 5388 2801 5465 ι.

1569 5467 1613 5500 ³⁸
1655 5468 1784 5538 Sap.
1830 5470 1898 5539 ill,
1936 5467 2039 5522 1-5.

1569 5540 1845 5593 lulianum.
1894 5582 1917 5601 ν,
1941 5538 1985 5569 ³⁸
2022 5536 2039 5589 l

2132 5467 2176 5496 "
2211 5467 2264 5520 9.
2309 5480 2363 5533 q.
2392 5467 2443 5518 5.
2489 5467 2651 5516 Facta
2693 5467 3059 5516 subditorum.
3162 5467 3207 5493 "
3248 5467 3371 5516 Isid.
3402 5472 3649 5526 tn,sent.

2123 5536 2225 5589 dm.
2254 5550 2437 5601 .xux,
2496 5531 2586 5586 20.
2657 5530 2711 5601 ³³
2741 5532 2881 5584 idem
2906 5530 3052 5587 Hier.
3081 5547 3167 5600 ep.
3200 5532 3299 5596 1⁷5,
3328 5542 3438 5586 tum
3473 5548 3557 5600 ep.
3593 5531 3649 5596 4,

425 5600 633 5666 necnon
662 5626 679 5664 ι
735 5613 802 5665 ad
864 5600 1233 5682 Heliodorum.
1274 5607 1427 5663 Unde
1454 5600 1697 5682 arguitur
1729 5600 2443 5682 Met-carioris,rnangoninrn_
2467 5600 2890 5682 putidissimam.

1466 5672 1821 5736 H"Hactenus
1860 5677 2004 5732 Hier.
2050 5672 2252 5732 Antero
2293 5672 2477 5729 multis
2520 5673 2675 5729 annis
2699 5672 2983 5742 posterior.

720 5472 764 5502 ³⁸
805 5468 1006 5539 δεμ),
1089 5468 1133 5500 ³³
1172 5486 1236 5523 ac
1276 5468 1457 5523 ﬂatus.

751 5541 796 5571 ιτ
840 5538 898 5595 s;
952 5538 1099 5594 Hier.
1132 5554 1217 5608 ep.
1276 5539 1317 5608 ἓ
1342 5539 1411 5593 ad
1469 5538 1917 5608 Nepotianum.,

423 5470 626 5527 dicum.

424 5540 530 5605 38,
558 5541 647 5595 L2.

424 5681 742 5751 quicquam.
837 5684 880 5713 ⁸³
911 5678 1129 5751 Denter.
1171 5695 1303 5733 xvu.

414 5749 652 5821 -“_Psal.
688 5765 778 5817 xv,
811 5752 863 5808 ὅ.
975 5750 1021 5783 ⁸³
1059 5749 1187 5820 Sap.
1229 5750 1373 5818 xn,l

2105 4525 2315 4580 cervice
2396 4524 2675 4594 subjecta,
2722 4531 3088 4592 contemptum
3135 4525 3385 4594 expiabat
3446 4542 3665 4583 cruore.

2103 4615 2258 4671 Nunc
2312 4630 2440 4671 vero
2500 4615 2817 4670 inobediens
2867 4614 3136 4684 spirituali
3197 4616 3669 4675 animadversione

2103 4718 2405 4777 truncatur,
2451 4716 2507 4763 et
2555 4707 2759 4778 ejectus
2810 4706 2878 4761 ab
2904 4705 3175 4771 Ecclesia,
3222 4707 3411 4761 rabido
3461 4707 3667 4764 demo-

2100 4816 2229 4855 num
2295 4815 2389 4855 ore
2440 4799 2766 4868 discerpitur
2819 4798 2888 4851 ⁸².
2960 4795 3181 4867 Oportet
3235 4799 3378 4852 enim
3445 4808 3504 4853 ut
3565 4800 3663 4870 qui

2102 4890 2268 4946 Deum
2318 4890 2625 4945 haereditate
2672 4887 2949 4959 possident
2996 4888 3077 4956 “,
3130 4889 3338 4957 absque
3389 4889 3499 4945 ullo
3557 4891 3663 4946 im-

2097 4981 2406 5051 pedimento
2435 4980 2615 5035 saeculi
2647 4978 2757 5033 Deo
2783 4978 3042 5042 serviant,
3090 4987 3149 5031 ut
3177 4977 3355 5033 dicere
3395 4981 3608 5049 possint
3640 5002 3657 5038 :

2097 5072 2352 5127 Dominus
2375 5088 2498 5141 pars
2528 5070 2852 5126 hereditatis
2877 5085 3002 5124 mea:
3033 5070 3100 5123 “.
3149 5069 3194 5124 0
3231 5087 3389 5140 quam
3414 5071 3576 5126 bonus
3605 5085 3659 5127 et

2093 5168 2267 5222 suavis
2292 5176 2368 5222 est
2393 5164 2624 5236 Spiritus
2659 5173 2800 5230 tuus,
2836 5162 3071 5230 Domine,
3102 5164 3154 5217 in
3188 5161 3659 5221 omnibus“lPar-—

2898 5391 2941 5423 ³⁸
2982 5389 3092 5447 Jer.
3133 5407 3210 5455 vr,
3257 5391 3343 5446 16.
3409 5392 3452 5424 ³¹
3493 5392 3658 5447 male—

3162 5461 3207 5493 ³³
3247 5460 3371 5516 Isid.
3402 5476 3486 5526 tu,
3507 5472 3649 5517 sent.

2132 5465 2176 5496 ³⁵
2211 5459 2264 5520 9ῖ
2309 5480 2363 5533 q.
2392 5463 2443 5518 3.
2489 5459 3059 5533 Factahsubditorum.

3013 5603 3058 5634 ⁸ο
3100 5605 3185 5658 Η.
3211 5620 3287 5673 -ιιη
3316 5602 3368 5656 5.
3401 5602 3560 5673 Absit
3590 5612 3652 5657 ut

3125 5673 3170 5705 "
3206 5671 3332 5729 Isid.
3380 5688 3416 5727 ll
3451 5671 3553 5727 Off.
3592 5674 3647 5725 Ι.
