4006 6356
320 289 415 343 I75

1728 286 2108 342 EPISTOLA‘J.

3444 295 3542 346 175

304 423 384 464 crs
429 417 614 462 autem
655 409 930 473 omnibus,
982 410 1238 480 quoniam
1293 419 1382 464 tua
1435 417 1581 471 sunt,
1629 408 1872 474 Domine,
1904 412 1950 468 Α
1979 409 2131 477 quasi
2164 407 2484 475 insipientes,
2539 409 2628 461 sed
2661 418 2716 460 ut
2743 408 3030 477 sapientes;
3076 410 3382 463 rediriientes
3411 422 3541 464 tem-

303 504 397 570 qul
419 501 636 556 animas
669 516 836 558 amas.
895 501 1120 574 Ideoque
1146 504 1260 567 hos,
1296 504 1385 572 qui
1414 509 1655 556 exerrant
1709 503 1872 571 parti-

305 593 422 658 bus,
477 595 738 664 corripis;
751 596 845 668 ,de
873 596 1059 666 quibus
1101 604 1336 665 peccant,
1391 594 1637 648 admenes
1664 605 1710 647 et
1737 593 1872 647 allo-

301 688 505 757 queris,
547 696 609 740 ut
635 688 820 740 relicta
851 687 1086 752 malitia,
1139 688 1354 740 credant
1379 688 1433 740 in
1471 695 1537 751 te,
1564 685 1782 738 Domine
1803 685 1869 738 ⁵⁸.

305 774 383 828 Tu
416 786 616 842 autem,
670 775 808 829 Deus
855 788 1050 841 noster,
1099 777 1272 830 suavis
1295 785 1344 830 et
1375 793 1520 830 verus
1543 793 1615 838 es,
1647 776 1870 844 patiens,

300 868 430 920 etin
463 867 830 920 misericordia
866 867 1144 936 disponens
1169 868 1364 920 omnia.
1423 865 1649 924 Etenim.
1680 867 1727 920 si
1758 882 1875 934 pec-

301 959 617 1021 cat-erimus,
665 959 742 1010 tui
769 974 970 1022 sumus,
1007 959 1222 1011 scientes
1248 957 1658 1027 magnitudinem
1705 965 1867 1008 tuam.

301 1049 371 1102 Et
402 1051 453 1102 si
473 1066 577 1102 non
601 1050 1006 1118 peccaverimus,
1052 1051 1245 1103 scimus
1271 1050 1516 1119 quoniam
1547 1047 1685 1117 apud
1714 1061 1761 1102 te
1785 1063 1874 1100 su-

300 1158 420 1195 mus
447 1144 734 1211 computati
763 1142 827 1194 ⁸⁷.
855 1141 1086 1211 Spiritus
1111 1143 1404 1195 timentium
1438 1141 1713 1195 Dominum
1733 1155 1874 1210 qua:—

299 1245 453 1288 retur
473 1235 537 1288 ab
561 1253 641 1298 eo.
661 1245 708 1288 et
732 1237 785 1288 in
814 1245 1046 1303 respectu
1070 1234 1214 1287 illius
1247 1233 1610 1287 benedicentur
1634 1231 1700 1285 ⁸⁸.
1731 1231 1877 1296 Qua-

297 1339 538 1396 propter,
597 1327 787 1394 fratres
822 1325 1143 1388 charissimi,
1191 1325 1359 1378 omnis
1408 1340 1576 1377 sermo
1614 1323 1784 1376 malus
1813 1338 1876 1376 ea:

298 1434 384 1470 ore
419 1428 594 1471 vestro
615 1433 715 1470 non
742 1416 988 1486 procedat
1007 1433 1026 1480 ;
1046 1416 1135 1470 sed
1158 1417 1203 1470 si
1228 1416 1345 1485 quis
1369 1415 1530 1468 bonus
1555 1422 1632 1469 est
1661 1414 1728 1467 ad
1749 1414 1877 1467 α’άί-

296 1511 609 1577 ﬁcationem
659 1508 1088 1577 opportunitatis,
1137 1517 1194 1560 ut
1226 1508 1311 1561 det
1343 1507 1572 1576 gratiam
1614 1507 1879 1560 audienti-

297 1599 418 1665 bus,
477 1608 527 1652 et
565 1597 725 1650 nolite
755 1599 1068 1650 contristare
1096 1595 1352 1665 Spiritum
1391 1606 1631 1650 sanctum
1657 1595 1775 1657 Dei.
1821 1596 1877 1649 in

296 1707 402 1760 quo
449 1692 651 1761 signati
672 1691 793 1744 estis
817 1691 871 1743 in
890 1691 1028 1743 diem
1058 1689 1447 1758 redemptionis.
1501 1687 1681 1744 Omnis
1723 1705 1874 1742 ama-

298 1787 507 1848 ritudo,
540 1793 589 1836 et
613 1785 716 1848 ira,
741 1793 788 1836 et
816 1782 1132 1851 indignatio,
1156 1789 1205 1834 et
1226 1781 1446 1847 clamor,
1479 1788 1526 1833 et
1554 1779 1874 1848 blasphemia

300 1874 530 1928 tollatur
557 1890 590 1925 a
621 1872 762 1926 vobis
795 1888 914 1924 cum
965 1871 1106 1925 omni
1132 1869 1337 1923 malitia
1362 1869 1428 1924 ⁸⁵⁸.
1479 1867 1662 1922 Estote
1701 1879 1875 1923 autem

295 1967 528 2020 inuicem
560 1963 787 2031 benigni,
818 1962 1201 2030 misericordes,
1227 1961 1478 2014 donantes
1495 1962 1732 2028 invicem,
1764 1963 1878 2016 sic-

295 2069 351 2112 ut
407 2067 466 2112 et
511 2056 652 2110 Deus
697 2059 754 2110 in
800 2055 1009 2110 Christo
1053 2055 1265 2109 donavit
1306 2053 1468 2109 vobis.
1515 2053 1696 2108 Estote
1759 2070 1878 2124 ergo

299 2147 603 2199 imitatores
638 2145 758 2211 Dei,
786 2146 922 2198 sicut
949 2146 1048 2214 filii
1075 2145 1404 2208 charissimi;
1450 2153 1499 2198 et
1531 2143 1796 2199 ambulate
1823 2145 1878 2198 in

301 2240 612 2302 dilectione,
661 2239 796 2291 sicut
839 2247 890 2292 et
916 2238 1160 2293 Christus
1190 2238 1377 2291 dilexit
1400 2253 1514 2301 nos,
1554 2246 1603 2291 et
1658 2237 1882 2291 tradidit

301 2331 645 2397 semetipsum
676 2344 770 2397 pro
810 2328 956 2381 nobis
988 2327 1304 2381 oblationem
1333 2337 1382 2380 et
1420 2327 1650 2381 hostiam
1691 2327 1798 2380 Deo
1827 2329 1882 2381 in

301 2421 521 2473 odorem
563 2420 868 2473 suavitatis.
923 2418 1230 2473 Fornicatio
1261 2428 1437 2473 autem
1477 2429 1526 2472 et
1569 2420 1736 2472 omnis
1777 2419 1882 2472 im-

301 2512 577 2564 munditia
610 2519 705 2563 aut
731 2511 958 2564 avaritia
986 2527 1088 2563 non
1112 2512 1408 2565 nominetur
1442 2513 1496 2564 in
1534 2510 1698 2575 vobis,
1747 2511 1882 2564 sicut

300 2614 346 2656 et
372 2604 527 2656 decet
572 2613 808 2668 sanctos,
864 2612 955 2656 aut
1000 2604 1292 2672 turpitudo,
1340 2613 1433 2656 aut
1473 2603 1880 2674 stultiloquium,

301 2704 393 2748 aut
423 2695 760 2758 scurrilitas,
806 2710 924 2764 qua:
963 2694 1030 2746 ad
1059 2710 1165 2746 rem
1197 2710 1298 2747 non
1335 2695 1612 2763 pertinent,
1656 2696 1746 2748 sed
1772 2711 1883 2748 ma-

302 2788 375 2855 gis
408 2788 717 2856 gratiarum
768 2787 930 2839 actio.
979 2783 1093 2837 Hoc
1119 2786 1257 2838 enim
1303 2785 1506 2849 scitote,
1540 2786 1882 2857 intelligentes

305 2879 438 2948 quod
485 2879 665 2931 omnis
710 2878 1023 2946 fornicator,
1063 2887 1153 2930 aut
1179 2877 1501 2945 immundus,
1547 2886 1638 2930 aut
1669 2896 1879 2944 avarus,

305 2973 439 3044 quod
481 2983 567 3027 est
609 2973 874 3026 idolorum
914 2973 1152 3033 servitus,
1196 2988 1296 3025 non
1343 2970 1491 3026 habet
1521 2973 1883 3026 hwreditatem

1971 512 2090 568 pus,
2126 499 2374 567 quoniam
2416 499 2526 552 dies
2566 499 2694 551 mali
2719 509 2863 553 sunt.
2910 499 3195 569 Propterea
3225 502 3388 554 nolite
3425 504 3543 572 ﬁeri

1972 588 2348 656 imprudentes,
2399 589 2490 640 sed
2526 587 2871 658 intelligentes
2917 606 3032 659 qua:
3057 591 3126 643 sit
3161 591 3400 644 voluntas
3425 592 3539 646 Dei.

1975 677 2044 731 Et
2077 677 2240 732 nolite
2271 679 2525 732 inebriari
2557 681 2693 745 vino,
2729 681 2781 733 in
2808 696 2906 750 quo
2931 692 3006 735 est
3037 680 3250 734 luxuria
3279 699 3296 744 ;
3324 682 3414 736 sed
3439 684 3542 736 im—

1973 768 2225 836 pleamini
2276 768 2479 839 Spiritu
2521 780 2720 834 sancto,
2775 771 3037 840 loquentes
3085 771 3460 843 nobismetipsis
3487 774 3543 827 in

1974 861 2219 930 psalmis,
2249 861 2454 930 hymnis
2486 870 2534 915 et
2575 861 2796 915 canticis
2828 863 3215 928 spiritualibus,
3271 873 3542 918 cantantes

1975 963 2023 1007 et
2070 952 2350 1023 psallentes
2399 955 2454 1005 in
2499 953 2745 1006 cordibus
2788 954 2971 1006 vestris
3014 952 3273 1018 Domino,
3342 957 3542 1026 gratias

1974 1055 2182 1112 aqentes
2213 1062 2411 1114 semper
2435 1061 2529 1114 pro
2558 1044 2794 1098 omnibus
2820 1046 2875 1098 in
2899 1047 3104 1100 nomine
3136 1047 3349 1102 Domini
3373 1052 3541 1102 nostri

1919 1149 1930 1160 ‘
1973 1137 2102 1192 Iesu
2132 1136 2331 1192 Christi
2369 1137 2475 1190 Deo
2498 1149 2545 1191 et
2582 1135 2758 1203 Patri,
2792 1137 3010 1206 subjecti
3033 1139 3246 1192 invicem
3275 1141 3326 1194 in
3360 1141 3544 1195 timore

1977 1229 2175 1286 Christi
2207 1231 2272 1286 ⁸ο.
2332 1227 2479 1284 State
2513 1231 2712 1300 itaque,
2763 1230 2978 1299 fratres,
3026 1241 3075 1285 et
3104 1241 3267 1286 tenete
3295 1234 3544 1288 traditio-

1977 1337 2064 1376 nes
2110 1322 2481 1392 apostolorum
2526 1331 2580 1376 et
2625 1323 2937 1390 apostolicae
2987 1324 3153 1391 sedis,
3200 1335 3257 1378 ut
3286 1325 3543 1380 Dominus

1977 1424 2153 1466 noster
2191 1411 2346 1467 Jesus
2402 1411 2668 1478 Christus,
2715 1421 2763 1466 et
2810 1413 2972 1468 Pater
2999 1424 3194 1481 noster,
3240 1417 3331 1486 qui
3359 1417 3544 1470 dilexit

1977 1521 2091 1571 nos,
2117 1514 2165 1559 et
2188 1505 2328 1558 dedit
2357 1503 2768 1559 consolationem
2803 1517 3074 1574 wternam,
3105 1519 3154 1562 et
3189 1525 3329 1577 spem
3357 1509 3545 1563 bonum

1977 1598 2033 1651 in
2065 1597 2258 1667 gratia,
2310 1597 2612 1651 exhortetur
2656 1596 2818 1650 corda
2857 1608 3050 1665 uestra,
3097 1607 3147 1652 et
3193 1601 3460 1670 confirmet
3491 1603 3545 1655 in

1979 1690 2122 1742 omni
2146 1705 2298 1758 opere
2337 1698 2385 1742 et
2430 1689 2484 1742 in
2510 1705 2743 1743 sermone
2769 1688 2900 1743 bono
2933 1691 3000 1744 ".
3057 1690 3135 1744 De
3174 1701 3379 1758 cretero,
3434 1693 3547 1762 fra-

1979 1788 2102 1842 tres,
2139 1787 2282 1832 orate
2305 1795 2398 1848 pro
2427 1779 2597 1845 nobis,
2631 1787 2688 1833 ut
2719 1796 2886 1833 sermo
2918 1779 3129 1832 Domini
3152 1789 3330 1834 currat
3362 1791 3410 1834 et
3437 1781 3546 1835 cla-

1979 1871 2232 1939 riﬁcetur,
2274 1872 2408 1924 sicut
2443 1880 2494 1924 et
2520 1872 2659 1939 apud
2697 1889 2808 1932 vos.
2844 1880 2893 1925 et
2933 1880 2990 1923 ut
3036 1870 3316 1926 liberemur
3350 1872 3414 1926 ab
3442 1874 3546 1926 int-

1977 1965 2214 2034 portunis
2244 1973 2291 2016 et
2318 1964 2473 2017 malis
2521 1964 2857 2028 hominibus;
2909 1979 3010 2016 non
3049 1965 3188 2016 enim
3213 1966 3443 2019 omnium
3468 1975 3546 2019 est

1979 2057 2130 2125 fides.
2187 2052 2388 2109 Fidelis
2438 2064 2610 2108 autent
2654 2055 2792 2108 Deus
2819 2063 2915 2119 est,
2965 2057 3053 2125 qui
3076 2055 3405 2124 conﬁrmabit
3433 2068 3544 2121 uo's,

1979 2159 2028 2203 et
2045 2149 2300 2202 custodiet
2331 2165 2362 2200 a
2390 2147 2529 2200 malo
2549 2147 2615 2200 υ.
2645 2147 3034 2217 Quapropter”
3062 2149 3234 2219 ponite
3251 2149 3547 2204 indesinen-

1983 2252 2060 2296 ter
2097 2243 2258 2295 corda
2305 2251 2475 2294 vestra
2516 2241 2570 2293 in
2607 2241 2798 2294 virtute
2841 2239 2958 2306 Dei,
3001 2251 3048 2294 et
3094 2241 3322 2295 resistite
3345 2259 3546 2312 semper

1981 2333 2154 2398 malis,
2213 2342 2263 2387 et
2309 2340 2550 2386 enarrate
2587 2331 2714 2398 hac,
2744 2331 2889 2398 iuxta
2931 2347 3118 2387 vocem
3159 2332 3456 2403 Propheta},
3491 2335 3547 2387 in

1979 2426 2246 2494 progenies
2271 2424 2490 2487 alteras,
2510 2425 2758 2494 quoniam
2782 2424 2864 2477 hic
2882 2432 2957 2477 est
2976 2421 3112 2477 Deus
3131 2422 3269 2477 Deus
3293 2434 3468 2478 noster
3492 2425 3547 2477 in

1983 2522 2254 2575 aeternum,
2298 2521 2346 2565 et
2388 2514 2497 2574 ipse
2538 2521 2676 2582 reget
2715 2530 2807 2567 nos
2831 2514 2885 2566 in
2912 2513 3108 2568 sarcula
3129 2513 3194 2568 “.
3246 2511 3398 2568 Unde
3425 2529 3543 2576 vos,

1981 2605 2076 2675 qui
2125 2605 2178 2658 in
2224 2605 2440 2673 specula
2486 2620 2516 2659 a
2558 2603 2792 2658 Domino
2817 2606 2950 2660 estis
2972 2607 3270 2671 constituti,
3309 2606 3547 2676 compri-

1983 2714 2130 2754 mere
2156 2706 2209 2753 et
2243 2699 2499 2768 repellere
2529 2714 2624 2754 eos
2653 2714 2997 2769 summopere
3039 2698 3269 2764 debetis,
3316 2699 3409 2769 qui
3437 2697 3547 2752 fra-

1982 2790 2154 2846 tribus
2206 2790 2433 2845 insidias
2475 2800 2799 2860 praeparant,
2854 2787 2953 2845 aut'
2971 2790 3025 2845 in
3053 2805 3147 2844 eos
3170 2790 3467 2845 seditiones
3493 2798 3549 2844 et

1982 2881 2236 2936 scandala
2260 2883 2520 2937 excitant.
2575 2881 2755 2938 Facile
2793 2891 2875 2938 est
2900 2882 3044 2936 enim
3079 2880 3353 2936 hominem
3380 2881 3545 2936 verbo

1983 2972 2169 3030 fallere
2193 2976 2274 3042 ",
2329 2976 2423 3031 sed
2470 2991 2576 3031 non
2619 2973 2930 3031 Dominum.
2982 2974 3230 3030 ldeohos
3258 2973 3547 3044 reprehen-

308 3067 358 3118 in
393 3082 560 3136 regno
593 3064 794 3118 Christi
833 3075 883 3118 et
917 3063 1032 3117 Dei.
1089 3063 1255 3117 Nemo
1281 3080 1367 3119 vos
1394 3064 1608 3118 seducat
1639 3064 1881 3118 inanibtts
1909 3084 1952 3143 ο
1982 3068 2129 3134 dere,
2161 3077 2214 3123 et
2239 3069 2308 3123 ab
2337 3069 2424 3124 his
2444 3084 2542 3124 vos
2567 3076 2806 3123 avertere
2829 3075 3060 3137 oportet,
3121 3075 3408 3136 quatenus,
3445 3081 3542 3120 ex-

310 3159 493 3212 rerbis.
550 3157 778 3224 Propter
812 3156 920 3210 [nec
940 3156 1078 3209 enim
1114 3156 1250 3208 venit
1288 3155 1372 3208 ira
1396 3155 1488 3209 Dei
1523 3157 1578 3210 in
1603 3157 1744 3226 ﬁlios
1774 3157 1882 3226 dif-

311 3251 564 3318 ﬁdentia’.
622 3249 806 3302 Nolite
833 3265 955 3319 ergo
997 3248 1121 3319 effici
1146 3249 1427 3318 participes
1449 3265 1646 3304 eorum.
1701 3249 1881 3304 Eratis

312 3344 440 3395 enim
488 3341 786 3410 aliquando
827 3340 1067 3400 tenebrae,
1116 3357 1252 3395 nunc
1282 3352 1458 3396 autem
1503 3341 1595 3395 lux
1617 3343 1670 3394 in
1694 3342 1881 3396 Domi-

317 3448 394 3484 no.
471 3429 542 3485 Ut
584 3431 692 3499 ﬁlii
762 3431 894 3484 lucis
952 3431 1216 3485 ambulate
1273 3432 1498 3501 (fructus
1555 3433 1692 3487 enim
1747 3434 1880 3488 lucis

320 3533 386 3574 est
412 3524 466 3575 in
499 3519 928 3588 omnibonitate,
960 3530 1008 3574 et
1034 3520 1270 3591 iustitia,
1293 3530 1342 3574 et
1366 3523 1623 3594 veritate),
1654 3524 1881 3593 proban-

333 3623 396 3665 tes
431 3614 552 3681 quid
583 3615 657 3666 sit
689 3611 1066 3681 beneplacitum
1104 3611 1232 3666 Deo.
1285 3611 1354 3666 Et
1391 3613 1550 3668 nolite
1588 3615 1880 3668 communi-

339 3720 443 3757 care
467 3705 702 3770 operibus
748 3704 1089 3774 infructuosis
1131 3705 1478 3772 tenebrarum,
1512 3707 1677 3775 magis
1704 3715 1880 3760 autem

341 3794 632 3862 redarguite.
684 3793 817 3859 Quae
840 3795 978 3848 enim
1000 3795 1055 3848 in
1085 3796 1286 3850 occulto
1329 3797 1463 3866 ﬁunt
1495 3798 1558 3850 ab
1594 3797 1742 3867 ipsis,
1771 3806 1883 3851 tur-

331 3896 483 3953 peest
502 3897 547 3940 et
573 3889 771 3941 dicere.
825 3886 1018 3942 Omnia
1043 3898 1214 3942 autem
1246 3905 1363 3960 qute
1401 3898 1713 3960 arguuntur,
1743 3907 1775 3944 a
1800 3890 1884 3944 lu-

326 3980 456 4032 mine
484 3980 916 4048 manifestantur.
957 3978 1120 4035 Omne
1147 3982 1285 4036 enim
1313 3983 1450 4054 quod
1487 3983 1881 4053 manifestatur,

321 4071 486 4124 lumen
525 4084 630 4129 est.
680 4072 907 4141 Propter
937 4076 1072 4143 quod
1115 4073 1244 4127 dicit
1275 4093 1293 4126 :
1328 4073 1494 4144 Surge
1537 4075 1624 4144 qui
1662 4075 1882 4143 dormis,

317 4175 362 4217 et
381 4181 611 4235 exsurge
649 4183 680 4218 a
706 4167 951 4233 mortuis,
994 4176 1041 4219 et
1070 4165 1393 4221 illuminabit
1423 4177 1470 4221 te
1492 4167 1750 4222 Christus.
1795 4167 1885 4223 Vi-

314 4261 426 4314 dete
455 4263 663 4330 itaque,
717 4260 930 4328 fratres,
973 4261 1230 4330 quomodo
1277 4270 1426 4316 caute
1458 4262 1751 4329 ambuletis,
1784 4279 1888 4317 non

369 4475 428 4512 υτ
451 4471 593 4547 Sap.
615 4479 783 4545 xn,2.
827 4477 871 4509 ‘7
912 4479 1038 4548 Sap.
1064 4495 1152 4540 xv,
1189 4479 1240 4539 l.
1267 4478 1322 4532 2.

307 4549 508 4605 Thess.
545 4564 609 4610 ιι,
631 4551 719 4610 14,
752 4548 946 4611 15,16.

1416 4477 1462 4511 ⁸⁸
1497 4478 1658 4534 Eccli.
1713 4494 1876 4534 xxxrv

1978 4479 2028 4532 4.
2095 4476 2353 4548 "iEphes.
2383 4474 2671 4548 ty,2_9-5_l.
2778 4474 2824 4504 ⁸ο
2863 4474 3059 4548 pres.
3094 4474 3363 4548 mut—“21..

1058 4551 1101 4581 δ’
1140 4536 1185 4602 ll
1206 4536 1396 4603 Thess.
1433 4563 1515 4614 ιιι,
1543 4549 1728 4613 1,2,5.
1806 4549 1852 4581 ⁸³

1978 4536 2248 4617 [ειείιιέρῤ.
2276 4546 2330 4602 9.
2405 4536 2454 4578 ⁸⁸
2493 4545 2634 4617 Psal.
2671 4536 3073 4617 xurI1_,_i£,_15.
3147 4538 3193 4570 "
3227 4536 3364 4617 Sixti
3397 4543 3539 4617 sent.

310 4621 428 4690 176.
499 4621 546 4651 ⁵⁸
587 4617 1072 4690 δῑρριιηῡοιθιιείε
1112 4620 1164 4673 in
1210 4619 1392 4690 libello
1413 4620 1591 4690 oblato
1622 4635 1711 4674 an.
1743 4619 1893 4690 649,_
1917 4614 2370 4690 inisynodﬁﬁom.
2402 4631 2556 4690 cons:
2586 4614 2643 4669 2.

1987 3159 2179 3215 stincta
2221 3158 2464 3213 funditus
2492 3158 2800 3227 huiusmodi
2843 3157 3072 3228 caligine
3102 3157 3170 3223 ",
3219 3155 3435 3211 Lucifer
3463 3156 3545 3210 eis

1985 3250 2349 3320 resplendeat,
2393 3259 2447 3304 et
2495 3249 2679 3305 laetitia
2720 3249 2929 3304 oriatur
2967 3251 3020 3303 in
3049 3249 3300 3305 cordibus
3331 3263 3541 3303 eorum.

1987 3340 2312 3410 Conﬁdimus
2339 3350 2512 3396 autem
2541 3342 2605 3396 de
2631 3343 2789 3406 vobis,
2822 3341 3038 3407 fratres,
3070 3342 3126 3396 in
3153 3341 3398 3408 Domino,
3417 3359 3545 3412 quo-

1987 3434 2132 3487 niam
2158 3450 2274 3504 qua:
2294 3434 2654 3503 prtecepimus,
2671 3442 2720 3486 et
2743 3433 2944 3502 facitis,
2969 3442 3019 3486 et
3037 3433 3244 3501 facietis
3264 3433 3330 3486 ³⁷.
3363 3431 3546 3499 Quan-

1985 3533 2041 3580 to
2072 3525 2215 3580 enim
2250 3523 2507 3579 beneﬁcia
2528 3533 2706 3580 vestra
2730 3526 2814 3580 his
2843 3523 3076 3594 amplius
3107 3523 3392 3582 exhibetis.
3421 3532 3544 3578 tan-

1984 3621 2041 3668 to
2068 3613 2326 3682 majorem
2377 3613 2802 3668 vicissitudinem
2847 3614 2917 3668 ab
2955 3613 3306 3684 omnipotenti
3332 3612 3440 3668 Deo
3471 3613 3540 3680 ⁸⁸,

1985 3705 2075 3759 cui
2110 3704 2352 3759 serviunt
2380 3705 2424 3736 δ’
2445 3744 2461 3771 ,
2491 3704 2833 3773 exspectatis.
2883 3703 3235 3774 Omnipotens
3279 3703 3420 3759 Deus
3443 3719 3574 3759 sua.

1983 3811 2081 3852 vos
2131 3797 2466 3867 protectione
2517 3798 2786 3852 custodiat
2809 3798 2875 3863 ⁸⁸,
2927 3797 3299 3866 honoremque
3329 3803 3382 3850 et
3402 3811 3540 3866 prae-

1985 3894 2202 3956 ceptum
2254 3899 2471 3941 servare
2521 3885 2810 3951 concedat,
2855 3892 2908 3938 et
2928 3883 3096 3954 gloria
3124 3883 3405 3952 honorque
3431 3879 3543 3934 Deo

1983 3978 2134 4034 Patri
2162 3977 2542 4048 omnipotenti,
2560 3977 2786 4047 ejusque
2807 3975 3086 4046 unigenito
3111 3973 3248 4028 Filio
3275 3969 3544 4026 Salvatori

1986 4081 2196 4134 nostro,
2249 4084 2374 4124 cum
2427 4067 2628 4137 Spiritu
2681 4075 2871 4122 sancto
2902 4066 2973 4120 sit
3009 4065 3063 4118 in
3092 4063 3285 4120 sascula
3313 4061 3542 4117 saeculo-

1985 4178 2129 4218 rum.
2175 4163 2370 4217 Amen.
2423 4159 2555 4215 Data
2593 4159 2636 4191 ⁶¹
2684 4175 2763 4214 xu
2819 4157 2939 4212 Kal.
2988 4155 3186 4226 Aprilis
3215 4153 3542 4209 Maximiano

1985 4263 2040 4311 et
2070 4254 2328 4310 Africano
2359 4253 2491 4308 viris
2519 4227 2839 4308 clarissimis
2871 4247 3207 4305 consulibus.

2778 4472 2824 4504 ⁸ο
2863 4471 3059 4540 Ephes.
3094 4483 3147 4531 ν,
3177 4464 3362 4540 ξιοὲιη
3415 4467 3459 4496 ³¹
3501 4461 3542 4517 ll

2726 4613 2770 4645 ⁸⁷
2813 4601 2856 4667 ll
2923 4601 3116 4667 Thess.
3151 4624 3230 4671 ιιι,
3263 4607 3316 4660 ι.
3395 4606 3438 4638 ⁸⁸
3475 4601 3540 4663 S.

334 4689 502 4762 Greg.
536 4705 626 4759 ep.
656 4683 746 4754 52,
776 4689 871 4744 lib.
904 4704 976 4742 ιι.
1055 4691 1099 4722 ⁸³
1138 4689 1372 4746 servitis.
1447 4691 1490 4721 ‘°
1525 4688 1687 4758 Greg.
1719 4705 1804 4759 ep.
1837 4683 2040 4750 50,1ib.’
2067 4704 2142 4745 tv.
2218 4689 2261 4721 “
2301 4703 2368 4744 ex
2400 4703 2502 4743 ms.
2530 4683 2763 4742 Justelli.
