4006 6356
275 361 380 413 177

1330 362 1403 433 Β..
1429 361 1771 419 FABIANUS
1806 362 2004 418 PAPA.
2048 392 2118 406 —
2153 360 2450 420 NOTITIA.

3407 369 3505 426 l-78

280 476 1038 553 Novatiannmdejicclcsia,
1059 488 1118 553 et
1157 480 1440 553 quosdam
1460 481 2141 553 confessores,rpos_tquam
2171 481 2347 538 Moses
2376 483 2426 536 in
2458 497 2690 553 carcere
2722 481 3009 539 defunctus
3041 490 3145 544 est,
3179 480 3406 553 qui_l‘uit
3433 483 3506 537 ibi

278 564 498 603 menses
534 548 730 622 “7(9).
757 548 824 603 Et
856 550 1116 622 sicrmulti
1147 550 1444 605 Christiani
1482 550 1732 621 fugerunt
1760 548 1893 621 (10}.
1921 548 2020 607 Hic
2043 552 2171 608 fecit
2203 553 2575 607 ordinationes
2601 551 2845 621 quinque
2872 562 2969 622 per
3005 548 3247 608 mensem
3281 550 3506 607 Decem-

278 621 832 701 brem,presbfjteros
858 620 1045 701 viginti
1076 621 1513 701 duos,diac'onos
1532 620 2078 701 septemmpiscopos
2116 638 2209 693 per
2242 624 2452 701 diversa
2491 622 2608 701 loca
2626 620 3309 701 undecim.Qu_i-sepultus
3340 631 3426 680 est
3450 624 3508 678 in

277 691 596 744 cmmeterio
623 688 859 757 Callisti,
888 688 972 744 via
992 690 1185 761 Appia,
1211 707 1308 747 xm
1342 688 1611 748 Kalendas
1638 688 1940 748 Februarii.
1970 688 2037 749 Et
2065 688 2299 748 cessavit
2329 694 2674 763 episcopatus
2700 693 2816 749 dies
2844 688 3105 765 sex—(ll).

1383 1050 1899 1144 ΝΟΤΙΤΙᾹ
1968 1053 2428 1143 ALTERA

940 1246 1026 1318 (ι).
1054 1245 1363 1313 Consum,
1386 1245 1642 1318 Epistolis
1669 1244 1821 1303 Rom.
1846 1249 2063 1320 ponti[.,
2099 1258 2232 1306 tom.
2260 1248 2282 1304 l
2314 1258 2367 1306 et
2402 1249 2574 1318 unic.,
2607 1266 2659 1321 p.
2686 1245 2839 1316 “8.)

341 1523 395 1577 1.
431 1522 573 1578 Cum
610 1521 806 1579 fratres
832 1539 1020 1581 omnes
1054 1526 1106 1580 in
1138 1525 1370 1582 ecclesia
1409 1537 1594 1584 essent
1622 1544 1849 1601 congre-
1878 1538 1925 1595 Α
2021 1534 2074 1589 3.
2115 1530 2188 1588 De
2228 1532 2388 1589 beato
2435 1531 2661 1588 Fabiani
2700 1532 2849 1588 exitu
2895 1531 3199 1604 Cyprianus
3241 1533 3371 1589 cleri
3412 1531 3517 1589 Ro-

270 1618 406 1687 gati,
447 1625 510 1671 ut
552 1632 676 1671 eum
727 1617 820 1686 qui
870 1619 1068 1672 Antero
1103 1633 1460 1677 successurus
1487 1630 1603 1676 erat
1635 1623 1856 1678 ordina-

270 1718 417 1773 rent,
466 1708 653 1763 subito
693 1708 887 1778 illapsu
930 1708 1223 1775 columbae,
1254 1725 1376 1780 qua:
1414 1709 1640 1767 Fabiani
1668 1714 1854 1770 vertici

271 1799 506 1865 insedit,
531 1810 815 1870 permotus
843 1800 1074 1869 populus
1099 1798 1399 1856 Fabianum
1426 1802 1740 1873 episcopatu
1773 1802 1856 1857 di-

273 1904 448 1961 gnum
485 1904 612 1943 esse
652 1889 1040 1952 conclamavit,
1076 1890 1371 1962 statimque
1402 1894 1856 1963 comprehensum

270 1980 607 2037 sacerdotali
646 1981 918 2035 cathedra:
956 1982 1234 2052 imposuit.
1303 1981 1711 2040 Ordinationem
1738 1987 1857 2057 ejus

272 2071 555 2127 Eusebius
600 2071 654 2125 in
703 2069 961 2126 Chronico
1011 2083 1131 2143 post
1162 2073 1437 2128 Maximini
1481 2084 1712 2131 mortem
1766 2091 1855 2132 re-

272 2171 466 2216 censet
485 2179 504 2226 ;
539 2162 632 2215 sed
647 2161 722 2215 ibi
748 2176 856 2215 non
881 2169 962 2216 est
990 2172 1299 2217 accuratus.
1328 2161 1460 2218 Nam
1482 2172 1535 2218 et
1559 2164 1674 2233 ipso
1690 2180 1856 2232 anno,

272 2257 358 2324 qui
406 2254 695 2309 Maximini
731 2270 916 2310 necem
958 2256 1203 2325 excepit,
1238 2256 1424 2311 Anteri
1456 2257 1854 2312 ordinationem

272 2348 582 2411 ctobitum,
600 2347 937 2418 Fabianique
952 2349 1269 2403 electionem
1288 2350 1725 2420 consignat,licet
1743 2350 1860 2405 haec

275 2440 374 2493 tria
417 2438 726 2493 Maximino
769 2440 1059 2509 superstite
1114 2441 1479 2510 contigerint,
1535 2449 1699 2512 atque
1751 2442 1859 2495 alio

275 2549 425 2588 anno
443 2534 689 2588 Anterus
720 2533 1025 2596 ordinatus,
1055 2542 1108 2587 ct
1142 2534 1247 2587 alio
1279 2534 1384 2587 vita
1421 2531 1638 2588 functus
1663 2532 1854 2589 fuerit.

341 2627 404 2680 2.
434 2627 492 2680 ln
529 2624 877 2680 Bucberiano
906 2626 1136 2695 aliisque
1162 2625 1403 2695 antiquis
1441 2626 1705 2697 catalogis
1740 2628 1855 2683 haec

275 2718 515 2788 legimus
550 2736 565 2773 :
600 2716 875 2772 Fabianus
924 2735 1086 2771 annos
1136 2716 1232 2781 14,
1283 2734 1504 2771 mensem
1546 2708 1598 2784 1,
1625 2718 1737 2772 dies
1768 2718 1854 2774 10.

280 2809 408 2865 Fuit
437 2811 764 2880 temporibus
808 2810 1093 2865 Maximini
1130 2820 1178 2865 et
1227 2809 1483 2864 Gordiani
1522 2822 1570 2865 et
1602 2811 1857 2881 Philippi,

1956 1625 2102 1680 mani
2130 1624 2326 1681 litteris
2358 1625 2559 1679 certior
2581 1622 2777 1687 lactus.
2816 1640 2942 1680 mox
2975 1625 3278 1681 rescribens
3303 1627 3320 1658 ⁸
3359 1625 3521 1696 hujus

1955 1713 2128 1768 sancti
2157 1712 2428 1784 pontiﬁcis
2453 1714 2688 1783 elogium
2720 1713 2806 1769 bis
2834 1714 3023 1784 paucis
3044 1715 3362 1786 complexus
3391 1727 3477 1774 est
3502 1735 3517 1774 :

1956 1802 2088 1858 Cum
2127 1805 2193 1858 de
2230 1820 2444 1858 excessu
2478 1804 2597 1858 boni
2644 1805 2743 1858 viri
2786 1804 2999 1876 collegae
3040 1807 3140 1860 mei
3169 1824 3351 1862 rumor
3378 1810 3522 1878 apud

1956 1914 2050 1951 nos
2085 1899 2314 1951 incertus
2355 1908 2510 1960 esset,
2547 1897 2741 1967 fratres
2772 1899 3090 1965 eharissimi,
3116 1908 3166 1953 et
3215 1901 3391 1968 opinio
3422 1913 3522 1956 au-

1958 1989 2044 2043 bia
2073 2000 2302 2056 nutaret,
2331 1990 2507 2059 accepi
2536 2007 2569 2044 α
2600 1990 2742 2044 vobis
2769 1989 2977 2045 litteras
3007 1990 3076 2044 ad
3105 2007 3186 2046 me
3215 1994 3404 2047 missas
3432 2009 3525 2062 per

1958 2078 2303 2136 Clementium
2353 2082 2808 2152 Irypodiaconum.
2856 2081 3046 2152 quibus
3100 2082 3403 2152 plenissime
3458 2083 3524 2138 ds

1956 2172 2183 2243 glorioso
2232 2175 2343 2237 eius
2390 2174 2536 2228 exitu
2585 2174 2893 2228 instruerer.
2933 2173 3001 2227 Et
3050 2174 3311 2229 exsultavi
3356 2177 3522 2241 satis,

1957 2266 2095 2336 quod
2123 2283 2217 2336 pro
2251 2267 2553 2337 integritate
2590 2267 3072 2323 administrationis
3103 2267 3249 2337 ejus,
3281 2284 3526 2322 consuma

1960 2356 2121 2408 matio
2153 2372 2352 2426 quoque
2393 2355 2609 2408 honesta
2637 2357 2966 2423 processerit.
2998 2356 3063 2411 In
3090 2373 3191 2427 quo
3227 2357 3369 2411 vobis
3389 2373 3524 2427 quo-

1959 2465 2055 2519 que
2097 2448 2384 2516 plurimum
2435 2447 2697 2518 gratulor,
2730 2449 2868 2519 quod
2909 2448 3022 2518 ejus
3063 2450 3372 2504 memoriam
3413 2458 3524 2505 tam

1960 2537 2147 2591 eclebri
2183 2547 2232 2591 et
2285 2537 2486 2591 illustri
2522 2539 2831 2617 'testimonio
2874 2541 3300 2610 prosequamini',
3340 2548 3396 2594 ut
3434 2556 3528 2610 per

1960 2647 2046 2684 vos
2078 2630 2418 2684 innotesceret
2442 2631 2612 2697 nobis,
2640 2635 2780 2702 quod
2805 2640 2853 2686 et
2881 2630 3023 2687 vobis
3055 2640 3188 2687 esset
3221 2634 3365 2686 circa
3390 2647 3527 2702 pras-

1958 2722 2116 2791 positi
2149 2722 2455 2775 memoriam
2477 2722 2786 2794 gloriosum,
2818 2732 2866 2777 et
2900 2724 3046 2777 nobis
3080 2740 3283 2795 quoque
3309 2725 3433 2793 ﬁdei
3463 2741 3527 2780 ac

1960 2813 2169 2867 virtutis
2217 2814 2467 2881 praeberet
2505 2812 2819 2883 exemplum.
2848 2812 2993 2868 Nam
3026 2824 3280 2885 quantum
3315 2815 3527 2885 pericu-

281 2921 311 2956 a
351 2904 647 2957 consulatu
694 2901 978 2955 Jlaximini
1024 2913 1071 2956 et
1121 2902 1363 2970 Africani
1414 2918 1572 2972 usque
1607 2901 1763 2955 Decio
1794 2900 1853 2955 ll
1892 2897 1930 2952 Β
1958 2903 2071 2957 losa
2101 2920 2179 2957 res
2219 2913 2296 2958 est
2341 2904 2409 2957 ad
2447 2906 2766 2976 sequendum
2810 2905 3020 2976 lapsum
3048 2907 3203 2961 ruina
3231 2908 3524 2977 praepositi,

283 2998 401 3067 (leg.
438 2996 605 3049 Decio
636 2993 687 3061 Ι)
715 3005 763 3048 et
801 2992 964 3048 Grato
992 2995 1115 3063 (hoc
1138 3003 1218 3049 est
1254 2994 1322 3046 ab
1356 3009 1498 3047 auuu
1528 2992 1732 3048 Christi
1752 2992 1865 3049 236

284 3091 345 3144 ad
383 3089 543 3156 230).
575 3088 781 3141 Passus
822 3094 898 3140 est
930 3102 1004 3140 xu
1035 3085 1197 3156 (apud
1230 3084 1370 3143 Boil.
1407 3101 1545 3152 xui;
1585 3086 1639 3139 iu
1666 3084 1876 3142 Fossat.

287 3199 380 3236 ms.
408 3182 529 3251 xrv)
563 3178 841 3233 Kalendas
871 3176 1175 3231 Februarii.
1210 3176 1284 3231 Ex
1314 3178 1418 3231 hoc
1450 3176 1660 3232 calculo
1695 3177 1741 3233 si
1768 3192 1863 3232 au-

288 3274 493 3327 feratur
530 3272 744 3327 mensis
792 3286 955 3337 unus,
990 3279 1043 3325 et
1080 3269 1397 3340 praeferatur
1439 3269 1601 3324 lectio
1656 3269 1863 3326 codicis

288 3367 338 3419 in
367 3380 477 3435 quo
519 3362 805 3417 Fabianus
840 3376 938 3416 xm
970 3359 1097 3413 Kal.
1131 3358 1293 3415 Febr.
1326 3376 1513 3431 passus
1549 3359 1860 3426 adnotatur,

294 3465 539 3527 sequetur
568 3464 636 3510 ut
672 3455 722 3509 is
746 3469 883 3525 papa
911 3469 1055 3509 anno
1080 3452 1206 3518 256,
1230 3450 1475 3507 Januarii
1506 3451 1717 3506 decimo
1751 3450 1858 3518 die,

290 3550 379 3616 qui
406 3550 459 3603 in
489 3548 843 3603 Dominicam
892 3547 1185 3612 incidebat,
1215 3544 1521 3611 ordinatus,
1557 3559 1701 3599 anno
1730 3543 1857 3608 250,

307 3639 527 3695 Januarii
552 3639 632 3695 20
659 3639 750 3695 die
783 3638 1030 3710 martyrii
1061 3653 1320 3693 coronam
1353 3635 1579 3706 adeptus
1614 3636 1720 3691 sit:
1753 3650 1861 3705 quo

314 3732 506 3798 quidem
542 3732 638 3786 die
679 3730 739 3785 in
778 3729 1031 3785 omnibus
1064 3727 1303 3798 antiquis
1342 3725 1732 3789 monumentis,
1759 3739 1860 3779 no-

320 3826 647 3896 minatimque
709 3823 767 3878 in
816 3822 956 3877 libro
1001 3819 1465 3877 Sacramentorum
1510 3816 1567 3873 S.
1617 3816 1864 3889 Gregorii

312 3917 490 3972 festam
509 3919 630 3988 ejus
658 3914 975 3972 ascribitur.

379 4079 396 4110 ⁸
422 4077 580 4148 Apud
602 4075 932 4142 Pamelium,
959 4074 1118 4145 epist.
1150 4074 1203 4128 4.

291 4223 435 4264 sares
461 4210 517 4263 in
558 4221 785 4262 carcere
816 4204 1213 4270 detinebantur,
1254 4214 1309 4260 ct
1343 4220 1452 4274 quo
1474 4204 1526 4259 in
1550 4204 1726 4259 locum
1759 4201 1862 4257 Fa-

1958 2994 2011 3048 in
2046 3004 2252 3050 tantum
2284 2994 2410 3049 utile
2437 3005 2515 3050 est
2547 3006 2596 3050 et
2622 2996 2880 3063 salutare,
2911 3012 3030 3050 cum
3059 3013 3113 3050 se
3141 2997 3410 3067 episcopus
3435 3011 3527 3066 per

1959 3085 2350 3155 firmamentum
2381 3089 2507 3157 ﬁdei
2552 3089 2810 3159 fratribus
2852 3088 3045 3160 prwbet
3077 3089 3415 3144 imitandum.
3449 3089 3526 3147 Ea

1960 3179 2064 3234 fuit
2088 3179 2369 3235 beatorum
2399 3182 2614 3237 illorum
2649 3190 2950 3252 temporum
2982 3182 3134 3246 lldes,
3162 3192 3220 3237 ut
3241 3198 3367 3239 cum
3400 3183 3526 3237 boni

1961 3280 2015 3325 et
2070 3270 2219 3326 utilis
2260 3272 2494 3342 pastoris
2532 3272 2748 3343 jactura
2791 3272 2996 3327 luctum
3049 3282 3103 3327 et
3150 3273 3416 3347 lacrymas
3457 3274 3527 3329 ab

1963 3358 2138 3429 ipsius
2171 3374 2330 3431 grege
2357 3359 2684 3430 exprimere,
2712 3368 2767 3414 et
2813 3359 2883 3414 ab
2925 3359 3104 3415 amico
3131 3359 3527 3415 consolatorias

1965 3452 2173 3510 litteras
2219 3454 2436 3524 exigere
2487 3453 2685 3509 debere
2740 3453 3040 3519 videretur,
3083 3462 3139 3509 et
3187 3452 3418 3507 Romani
3472 3460 3528 3507 et

1964 3546 2174 3601 amicus
2204 3560 2394 3600 eorum
2423 3544 2728 3615 Cyprianus
2765 3545 2979 3601 animos
3027 3546 3080 3599 in
3119 3553 3365 3601 mutuam
3402 3560 3527 3615 gra-

1966 3638 2284 3692 tulationem
2316 3637 2686 3700 ellunderent;
2712 3638 2845 3694 certi
2883 3637 3140 3692 nimirum
3180 3636 3316 3692 nihil
3341 3635 3529 3692 Eccle-

1962 3730 2058 3784 sia:
2084 3738 2354 3799 ereptum,
2386 3728 2476 3784 cui
2512 3730 2830 3800 praeclarum
2872 3727 3174 3800 praestitum
3209 3727 3283 3784 sit
3305 3726 3430 3783 ﬁdei
3460 3742 3528 3782 ac

1963 3821 2187 3877 virtutis.
2206 3821 2535 3892 exemplum.

1962 4210 2126 4256 etiam
2180 4214 2274 4255 sex
2325 4198 2605 4255 mensibus
2640 4205 2874 4266 tantum,
2911 4196 3056 4270 quod
3106 4196 3199 4252 alii
3246 4206 3522 4270 asserunt,

292 4280 427 4332 biani
451 4282 569 4351 jam
602 4279 746 4331 ultra
794 4292 997 4331 annum
1026 4269 1322 4351 _t_nartvrio_
1358 4269 1554 4351 allecti,
1593 4282 1712 4351 posut
1768 4279 1925 4337 an-C
1960 4273 2051 4326 sed
2094 4269 2243 4351 ultra
2299 4270 2567 4339 integrum
2615 4284 2820 4351 annum
2872 4270 2976 4326 hoc
3037 4276 3281 4351 tempore
3334 4269 3519 4351 sedent

290 4345 469 4403 nnum‘
487 4351 865 4416 interregnum
893 4346 1253 4416 pontiﬁcium,
1283 4345 1568 4416 Cornelius
1599 4346 1856 4401 suffectus

284 4430 417 4474 erat.
452 4419 593 4473 Nam
626 4413 728 4486 qui
754 4418 869 4471 haec
894 4413 1061 4471 verba
1094 4418 1159 4471 ad
1187 4428 1397 4485 tempus
1427 4413 1650 4470 Fabiani
1679 4416 1858 4470 adhuc

283 4493 519 4546 viventis
545 4489 812 4553 referunt,
842 4488 1077 4553 graviter
1103 4497 1319 4553 errant;
1356 4501 1481 4541 cum
1510 4502 1616 4539 non
1649 4495 1857 4541 tantum

287 4560 447 4616 Liber
487 4558 822 4627 pontiﬁcalis
848 4556 941 4612 hic
981 4558 1034 4610 in
1068 4557 1188 4612 Vita
1228 4556 1475 4627 Fabiani.
1526 4566 1581 4610 et
1632 4556 1771 4612 infra
1803 4556 1855 4627 in

286 4629 399 4686 Vita
433 4625 708 4690 Cornelii,
752 4644 941 4683 verum
983 4628 1097 4697 ipse
1158 4642 1376 4697 quoque
1426 4626 1587 4697 Cypr.
1640 4625 1856 4697 epistol.

282 4703 367 4765 49,
403 4702 486 4756 52
540 4710 597 4754 et
655 4700 743 4765 76,
797 4695 1687 4768 aperte‘scrib’ant‘Novatianuni
1747 4710 1857 4751 nou

281 4786 402 4827 autc
434 4789 470 4825 a
506 4769 721 4824 Novato
772 4771 1054 4823 seductum
1099 4769 1288 4832 fuisse,
1312 4768 1427 4837 nisi
1472 4776 1591 4837 post
1620 4768 1859 4824 schisma

281 4850 554 4919 adversus
581 4839 895 4919 Cornelium
950 4837 1279 4919 conﬂatum;
1306 4836 1455 4893 Unde
1478 4836 1616 4919 quid
1647 4839 1715 4919 de
1737 4838 1855 4919 epi-

278 4914 414 4966 stula
457 4912 689 4965 Fabiani
728 4912 919 4979 prima,
961 4925 1067 4979 qua
1088 4908 1424 4963 Novatianus
1453 4924 1483 4963 a
1516 4906 1720 4963 Novato
1740 4906 1859 4977 ejus

276 4991 532 5053 tempore
596 4981 854 5053 seductus
900 4980 1344 5053 essegscribitur,
1384 4980 1727 5053 sentiendum
1764 4981 1855 5045 sit,

276 5054 330 5108 in
360 5048 520 5107 statis
570 5054 640 5107 ad
688 5051 917 5120 primam
965 5050 1123 5119 epist.
1164 5051 1407 5105 dicemus
1456 5048 1617 5105 infra.
1656 5048 1854 5104 Baron.

275 5138 425 5179 anno
456 5122 591 5183 238,
624 5137 776 5176 num.
812 5122 855 5191 97
878 5131 930 5175 et
953 5137 1106 5191 seqq.

345 5198 426 5265 (9)
478 5192 773 5265 Postquam
793 5190 979 5265 Moses
1007 5188 1304 5265 in‘cAarcere
1326 5188 1605 5260 defunctus
1635 5191 1858 5265 est,_qui

274 5267 377 5337 [sit
403 5261 493 5337 ibi
516 5279 718 5337 menses
752 5262 1003 5337 H.__Cum
1038 5262 1166 5316 sede
1198 5262 1375 5316 adhuc
1402 5268 1626 5337 vacante
1650 5261 1714 5315 ad
1744 5261 1858 5315 Mo-

273 5330 394 5399 sen,
424 5333 731 5389 Maximum
758 5330 1217 5394 etNicostratum,
1246 5344 1531 5401 postquam
1561 5333 1615 5401 in
1640 5345 1859 5387 carcere

272 5412 421 5463 ultra
461 5419 671 5459 annum
729 5404 931 5457 detenti
993 5400 1495 5468 fuissent,sanctus
1552 5400 1859 5473 Cyprianus

271 5477 573 5547 epistolam
606 5474 1058 5547 scripserit,_quae
1099 5483 1186 5528 est
1238 5474 1304 5527 16
1347 5472 1610 5547 editionis
1627 5472 1855 5547 Pame_|.,

272 5543 605 5615 fuerintque
665 5555 797 5600 tunc
845 5544 1184 5615 adhucpace
1232 5552 1287 5597 et
1320 5543 1525 5597 unitate
1559 5544 1856 5599 concordes

273 5612 547 5690 (quorum
615 5615 892 5690 Maximus
930 5623 984 5668 et
1036 5612 1398 5690 Nicostratus
1424 5623 1556 5690 post
1610 5626 1852 5690 creatum
1886 5627 1930 5683 υ

270 5683 626 5751 Cornelium,
657 5689 730 5741 ab
779 5684 991 5749 eodem,
1036 5693 1097 5739 ut
1145 5700 1212 5739 ex
1241 5685 1476 5740 Eusebio
1528 5693 1768 5749 constat,
1797 5683 1851 5738 in

270 5763 581 5817 schismate
607 5757 776 5813 divisi
804 5756 976 5823 sunt),
1002 5756 1364 5812 certissimum
1386 5765 1590 5810 estnon
1620 5771 1710 5810 sex
1735 5756 1851 5809 die-

274 5832 401 5900 bus,
464 5838 522 5885 ut
581 5827 731 5886 infra
789 5840 982 5882 auctor
1029 5824 1363 5883 Pontiﬁcalis
1414 5826 1623 5896 scribit,
1678 5839 1852 5897 neque

1958 4340 2290 4412 pontiﬁciam
2337 4338 2582 4412 vacasse.
2632 4339 2831 4395 Baron.
2866 4354 3012 4412 anno
3064 4338 3191 4403 255,
3242 4352 3397 4412 num2
3430 4338 3518 4412 28.

1959 4407 2131 4478 Quem
2160 4420 2351 4467 auctor
2384 4412 2471 4466 hic
2508 4411 2560 4464 in
2595 4425 2810 4465 carcere
2864 4410 3177 4466 defunctum
3230 4422 3353 4463 esse
3382 4407 3524 4463 insi-

1960 4493 2113 4549 nunt,
2161 4498 2251 4553 ex,
2284 4483 2443 4553 epist.
2478 4480 2715 4553 _Cornel.
2770 4480 2851 4553 ad
2910 4480 3136 4553 Fabium
3193 4478 3522 4533 Antiochea.

1959 4569 2122 4623 quant
2172 4550 2333 4607 infra'
2367 4569 2435 4607 ex
2478 4550 2716 4623 Eusebio
2769 4552 2875 4609 huc
2916 4550 3249 4623 init-remus,
3308 4557 3526 4604 constat

1960 4621 2195 4694 glorioso
2219 4624 2475 4696 martyrio
2498 4622 2717 4696 publice
2740 4624 2793 4677 in
2836 4621 3080 4696 omnium
3109 4627 3526 4696 conspectu‘cry

1961 4689 2419 4817 ronaniéanartyi-ii
2443 4689 2696 4764 adeptum
2728 4708 2868 4749 esse.
2896 4694 2975 4746 lta
3001 4690 3198 4746 Baron.
3228 4704 3371 4745 anno
3390 4689 3519 4755 255,

1961 4781 2113 4817 HUIII.
2174 4802 2185 4815 ο
2210 4803 2224 4817 .

1960 4781 2113 4820 ιιυιιι.
2136 4766 2224 4818 59.

2031 4836 2144 4905 (10)
2175 4834 2244 4889 Et
2291 4834 2368 4888 sic
2409 4837 2566 4891 multi
2614 4835 2904 4891 Christiani
2955 4836 3226 4960 ingerunt.
3291 4831 3523 4888 lndictio

2031 4907 2357 4960 rsecutionis
2390 4907 2748 4960 atrocissima:
2778 4907 2913 4960 adeo
2983 4905 3258 4960 Jcclcsiam
3305 4903 3523 4959 univer-

1959 4903 2357 4976 perseciuionis
2390 4907 2748 4964 atrocissima:
2778 4907 2913 4961 adeo
2956 4903 3258 4976 Ecclesiam
3305 4903 3524 4976 univer-

1960 4973 2074 5031 sam
2137 4977 2437 5040 concussit,
2490 4988 2550 5034 ut
2600 4978 2931 5047 complures,
2966 4977 3090 5031 licet
3127 4973 3433 5047 fortissimi,
3465 4987 3524 5027 se

1960 5047 2353 5119 subduxerint.
2400 5056 2456 5102 et
2488 5045 2923 5119 quidem—inter
2951 5048 3088 5119 alios
3137 5045 3521 5119 sanctissimus

1960 5118 2287 5187 Cyprianus,
2306 5118 2489 5173 divino
2505 5114 2670 5187 prope
2693 5115 2894 5188 Spiritu
2915 5117 3206 5188 impulsus,
3233 5114 3523 5188 Dionysius

1958 5185 2380 5253 Alexandrinus,
2409 5204 2473 5245 ac
2500 5185 2701 5244 Paulus
2729 5185 2957 5245 eremita
2982 5185 3010 5243 ί
3040 5188 3136 5258 qui
3187 5185 3439 5258 deinceps
3464 5185 3519 5237 in

1960 5261 2236 5329 spelunca,
2261 5275 2425 5330 quam
2458 5270 2588 5316 tunc
2634 5261 2893 5331 temporis
2940 5255 3134 5314 nactus
3185 5265 3287 5331 est,
3340 5255 3523 5311 solita-

1959 5327 2098 5384 riam
2127 5327 2294 5384 vitam
2324 5347 2509 5399 agens,
2553 5327 2863 5400 exemplum
2901 5331 3025 5385 vita;
3047 5327 3361 5385 monasticae
3380 5339 3522 5400 prte-

1960 5400 2114 5463 bens,
2151 5396 2448 5471 permansit
2471 5396 2538 5456 ad
2568 5396 2770 5456 artuum
2803 5404 2981 5457 aetatis
3013 5400 3133 5465 “3,
3156 5400 3249 5471 qui
3272 5405 3358 5453 est
3374 5396 3526 5451 Con-

1959 5471 2147 5597 ;tggntii
2197 5473 2540 5543 imperatoris
2604 5472 2634 5526 7
2688 5473 2997 5530 inchoatus.
3051 5470 3321 5528 Baronius
3376 5480 3527 5524 anno

1989 5611 2141 5738 esit)
2202 5608 2435 5699 Cessavit
2489 5615 2817 5685 episcopatus
2866 5616 2977 5670 dies
3016 5614 3069 5671 6.
3116 5613 3271 5671 Ultra
3318 5628 3527 5671 annum

2056 5698 2141 5738 em
2175 5692 2507 5738 nonttuctam
2554 5701 2801 5738 vacasse.
2830 5695 3048 5738 constat
3087 5703 3154 5738 ex
3186 5687 3256 5738 iis
3280 5700 3403 5738 cum
3435 5701 3527 5738 stt-

1960 5685 2146 5759 sedem
2175 5685 2507 5759 pontiticiam
2554 5695 3048 5759 vacasse,_constat
3087 5703 3154 5742 ex
3186 5687 3256 5759 iis
3280 5700 3403 5759 quae
3435 5701 3530 5740 su-

1961 5769 2054 5823 pra
2094 5753 2228 5820 dixi,
2256 5755 2433 5813 verbis
2451 5753 2743 5829 Postquam
2792 5755 3007 5823 loses;
3032 5824 3039 5830 ,
3063 5774 3173 5830 qua
3192 5758 3260 5815 de
3287 5753 3347 5816 re
3373 5759 3531 5829 plura

1958 5826 2201 5881 dicemus
2221 5824 2380 5881 infra.

1996 5841 2201 5882 tcemus
2221 5841 2380 5883 inll'a.
