4006 6356
483 433 588 489 179

1747 433 1808 492 S.
1847 431 2186 488 FABIANUS
2225 431 2417 485 PAPA.

3599 423 3708 478 180

480 548 560 605 De
595 551 832 620 epistolis
875 561 926 607 et
967 553 1430 608 constitutionibus
1471 551 1540 606 ad
1574 550 1873 608 Fabianum
1917 554 2044 606 atti-
2072 561 2116 615 Α
2147 568 2288 616 rum,
2319 551 2372 604 in
2419 549 2616 619 quibus
2658 546 2930 601 Fabianus
2975 552 3031 600 et
3071 530 3276 614 septeni
3321 541 3705 603 subdiaconos,

1133 624 1395 678 nentibus.

554 735 606 790 l.
635 733 915 807 Origenes,
963 735 1200 792 Eusebio
1241 746 1378 792 teste
1407 738 1449 805 ',
1481 737 1547 792 ad
1580 736 1878 792 Fabianum
1909 752 2043 806 apo-

478 825 764 895 logeticam
807 829 1024 898 scripsit
1065 829 1350 898 epistolam
1374 871 1388 894 ,
1429 845 1536 899 qua
1574 844 1632 883 se
1679 828 2044 883 orthodoxum

479 919 711 987 probare
735 918 1025 974 nitebatur.
1056 917 1203 974 Hanc
1230 930 1425 975 notans
1455 919 1815 991 Hieronymus
1837 921 1891 974 ἐ
1923 919 2044 989 Ipse

483 1007 750 1078 Origenes,
782 1007 979 1078 inquit,
1008 1010 1062 1062 in
1100 1009 1320 1079 epistola
1351 1026 1506 1080 quam
1534 1010 1716 1063 scribit
1741 1010 1810 1064 ad
1843 1009 2044 1064 Fabia-

480 1117 604 1153 num
630 1099 882 1155 Romante
907 1101 1049 1154 urbis
1072 1103 1385 1172 episcopum,
1412 1103 1768 1172 paenitentiam
1793 1104 1923 1173 agit,
1949 1119 2044 1156 cur

480 1190 612 1244 talia
657 1191 749 1262 (ob
794 1207 915 1261 qua:
954 1193 1008 1245 in
1063 1191 1182 1261 ejus
1233 1192 1641 1248 damnationem
1704 1191 1877 1248 Roma
1936 1193 2042 1248 sub

477 1281 744 1337 Pontiano
777 1283 1152 1354 consenserat)
1193 1285 1484 1354 scripserit,
1521 1294 1571 1339 et
1615 1301 1801 1340 causas
1835 1285 2042 1339 temeri-

479 1372 606 1425 tatis
635 1372 689 1425 in
716 1373 1050 1427 Ambrosium
1080 1373 1259 1444 refert,
1290 1375 1428 1444 quod
1461 1383 1658 1429 secreto
1692 1375 1832 1428 edita
1862 1376 1913 1429 in
1944 1391 2041 1445 pu-

478 1461 670 1516 blicum
694 1463 994 1532 protulerit.

547 1553 600 1610 2.
633 1557 939 1628 Cyprianus
967 1557 1128 1626 epist.
1157 1558 1320 1613 55’ad
1357 1558 1670 1613 Cornelium
1711 1558 1891 1626 docet,
1921 1557 2041 1613 Pri-

478 1655 661 1702 vatum
689 1648 1134 1710 Lambesitanum
1167 1651 1481 1720 episcopum
1526 1651 1580 1704 in
1613 1651 1728 1721 ipsa
1762 1649 2039 1705 Lambesi-

478 1750 602 1796 tana
627 1742 860 1808 colonia,
891 1743 962 1796 ob
995 1744 1164 1798 multa
1195 1751 1248 1798 et
1284 1742 1466 1814 gravia
1497 1743 1712 1808 delicta,
1741 1743 2038 1811 nonaginta

474 1833 853 1902 episcoporum
904 1835 1170 1890 sententia
1219 1834 1560 1899 damnatum,
1589 1832 1815 1886 Fabiani
1843 1841 1892 1886 et
1929 1831 2038 1886 Do-

2143 643 2234 715 qui
2263 642 2486 696 totidem
2516 640 2744 694 notariis
2773 639 2838 692 ad
2867 635 3260 692 conscribenda
3290 643 3587 704 martyrum
3613 649 3708 702 ge-

2143 743 2225 789 sta
2258 733 2621 797 imminerent,
2656 729 3006 786 constituisse
3053 727 3282 796 legitur,
3333 739 3508 794 neque
3538 725 3705 778 etiam

2138 839 2240 895 par
2267 825 2480 880 videtur
2508 823 2859 878 additamenti
2906 821 3068 891 hujus
3095 818 3410 874 auctoritas.
3435 816 3704 872 Praeterea

2141 933 2205 972 ex
2233 931 2321 984 eo,
2345 917 2490 987 quod
2519 914 2831 986 Gregorius,
2856 915 2925 969 ab
2951 913 3176 983 Eulogio
3201 909 3568 966 Alexandrino
3595 908 3706 977 epi-

2137 1021 2307 1076 scopo
2333 1015 2551 1077 rogatus
2579 1015 2637 1061 ut
2657 1021 2777 1076 quae
2801 1005 3068 1060 Eusebius
3091 1003 3381 1072 collegerat
3403 1009 3700 1069 martyrum

2141 1107 2287 1167 gesta
2328 1099 2395 1154 ad
2440 1113 2499 1153 se
2541 1099 2950 1162 transmitteret,
2985 1097 3078 1151 lib.
3112 1111 3231 1159 Vlll,
3273 1093 3430 1162 epist.
3473 1091 3575 1154 29,
3609 1106 3699 1143 re.

2139 1189 2370 1259 spondet
2398 1207 2411 1242 :
2443 1188 2613 1243 Nulla
2642 1191 2695 1243 in
2723 1190 2930 1243 archiva
2943 1189 3097 1257 hujus
3127 1196 3321 1240 nostri:
3347 1185 3592 1238 Ecclesia
3621 1183 3703 1237 uel

2139 1281 2194 1334 in
2219 1281 2472 1337 Romanae
2495 1283 2639 1335 urbis
2665 1282 2986 1335 bibliothecis
3009 1297 3119 1335 esse
3145 1281 3376 1350 cognoui,
3406 1280 3506 1332 nisi
3526 1295 3701 1349 pauca

2139 1373 2380 1444 quadam
2413 1375 2470 1428 in
2513 1375 2668 1428 unius
2703 1375 2898 1430 codicis
2935 1373 3194 1428 uolumine
3230 1372 3481 1436 collecta;
3504 1372 3570 1426 de
3602 1385 3701 1427 ve—

2138 1465 2296 1520 ritate
2325 1474 2620 1536 gestorum,
2649 1483 2769 1537 quae
2816 1475 2876 1520 ut
2913 1464 3099 1520 Romae
3128 1465 3432 1533 conscripta
3470 1465 3704 1518 circum—

2137 1554 2409 1623 feruntur,
2447 1558 2695 1612 nonnulli
2729 1557 2996 1621 dubitant.
3029 1555 3216 1611 Verbis
3238 1564 3414 1610 tamen
3451 1554 3698 1624 Gregorii

2136 1649 2380 1717 pressius
2429 1649 2788 1704 insistendum
2830 1664 2937 1703 non
2975 1657 3076 1702 est.
3114 1647 3190 1702 Eo
3229 1648 3373 1703 enim
3421 1646 3700 1716 antiquior

2137 1747 2192 1792 et
2229 1753 2412 1794 rerum
2451 1740 2837 1794 bistoricarum
2879 1741 3107 1811 peritior
3135 1739 3382 1794 Gelasius
3405 1739 3562 1808 epist.
3601 1739 3693 1801 35,

2137 1843 2192 1881 n.
2233 1827 2286 1893 6,
2312 1829 2553 1898 agnoscit
2581 1845 2644 1884 ac
2672 1830 2864 1899 recipit
2891 1839 3032 1900 gesta
3054 1838 3354 1882 sanctorum
3377 1839 3692 1896 martyrum,

476 1927 587 1979 nati
627 1926 819 1980 litteris
862 1926 1184 1980 severissime
1231 1933 1468 1978 notatum
1519 1923 1702 1992 fuisse.
1757 1922 1912 1988 Quod
1961 1922 2036 1976 ita
2068 1919 2110 1980 Β
2137 1919 2227 1989 qui
2259 1920 2638 1990 multiplicibus
2674 1931 3052 1977 tormentorum
3083 1921 3401 1974 cruciatibus
3446 1931 3493 1973 et
3525 1921 3692 1972 mira-

475 2014 705 2085 intelligi
755 2023 970 2083 potest,
1008 2023 1068 2067 ut
1100 2012 1378 2068 Fabianus
1424 2011 1787 2066 Lambesitani
1821 2009 2036 2066 concilii

473 2106 669 2160 litteris
718 2114 832 2160 tum
881 2106 947 2160 de
995 2105 1190 2160 Privati
1222 2105 1433 2160 delictis
1477 2113 1532 2158 et
1572 2103 1782 2167 hmresi,
1819 2112 1932 2157 tum
1970 2101 2037 2156 de

474 2197 740 2252 sententia
787 2200 842 2251 in
889 2213 1012 2252 eum
1056 2197 1166 2252 lata
1196 2197 1394 2252 certior
1425 2195 1619 2262 factus,
1660 2195 1725 2249 ad
1759 2195 2032 2277 Privatum

475 2289 653 2356 ipsum
708 2290 1007 2358 scripserit,
1043 2304 1277 2358 eumque
1311 2288 1654 2344 severissime
1681 2290 2031 2356 corripuerit;

472 2379 576 2445 vel,
602 2381 747 2449 quod
784 2381 1120 2450 probabilius
1144 2381 1378 2444 videtur,
1411 2379 1474 2435 ad
1517 2382 1782 2452 synodum
1816 2399 1936 2452 quae
1967 2383 2032 2437 ad

473 2484 534 2525 se
579 2471 870 2540 scripserat
917 2471 1258 2538 rescribens,
1302 2472 1677 2542 gravissimam
1715 2473 1843 2527 huic
1867 2473 2034 2528 luere-

474 2565 581 2618 tico
633 2572 818 2617 notam
861 2563 1141 2618 inusserit.
1186 2561 1371 2632 Neque
1404 2573 1582 2618 tamen
1634 2565 1839 2634 quievit
1871 2564 2034 2619 versi—

473 2653 626 2723 pellis
672 2655 836 2708 homo
865 2673 879 2721 ;
913 2655 1005 2710 sed
1057 2663 1180 2725 post
1223 2654 1470 2722 Fabiani,
1507 2663 1568 2709 ut
1599 2656 1849 2726 colligere
1881 2667 1965 2711 est
1987 2657 2029 2724 ⁸,

473 2754 726 2812 mortem,
756 2761 851 2816 spe
885 2747 1138 2801 inductus
1165 2747 1467 2817 decipiendi
1512 2748 1641 2802 cleri
1676 2749 1816 2818 ejus,
1844 2764 2034 2818 quem-

472 2837 595 2891 dam
623 2852 654 2891 e
696 2837 949 2907 nequitiae
991 2853 1103 2893 suae.
1146 2839 1371 2893 cohorte
1421 2839 1760 2894 vexillarium
1803 2839 2029 2895 Romam

472 2929 640 2994 misit,
670 2929 760 2999 qui
788 2930 930 2998 furto
963 2939 1012 2988 et
1051 2930 1414 2999 fraudulenter
1443 2932 1646 2984 litteras
1677 2932 1822 3000 pacis
1846 2933 2032 2988 elicere

472 3030 697 3073 curaret.
753 3018 925 3073 Simul
973 3029 1026 3074 et
1073 3021 1377 3091 Cyprianus
1411 3021 1585 3075 eidem
1625 3022 1770 3077 clero
1810 3038 2027 3091 cavens,

473 3127 580 3164 rem
618 3111 902 3165 sollicitam
944 3111 1045 3181 ipsi
1085 3112 1387 3178 nuntiavit,
1440 3115 1544 3168 hoc
1591 3123 1674 3170 est
1709 3115 1793 3169 vel
1824 3116 1890 3170 de
1921 3133 2030 3186 qua

473 3199 737 3255 sollicitus
788 3208 906 3254 erat
958 3201 1136 3256 clerus
1187 3200 1487 3266 Romanus,
1532 3203 1615 3257 vel
1665 3205 1866 3274 potius,
1908 3221 2026 3262 mea

471 3290 690 3354 quidem
725 3292 1010 3357 sententia,
1043 3293 1110 3347 de
1156 3307 1266 3362 qua
1313 3292 1578 3350 sollicitus
1616 3304 1734 3350 erat
1776 3297 1890 3367 ipse
1923 3297 2026 3369 Cy-

470 3382 714 3451 prianus,
749 3398 814 3437 ne
844 3383 1092 3437 videlicet
1119 3381 1370 3440 Privatus
1413 3384 1674 3441 Romanis
1709 3387 2025 3457 imponeret.

471 3471 671 3528 Verum
717 3473 1131 3543 vigilantissimo
1179 3475 1325 3529 clero
1372 3476 1649 3546 imponere
1697 3494 1804 3532 non
1862 3480 2028 3534 valuit

469 3559 702 3614 emissus
734 3575 766 3614 a
803 3560 1022 3615 Privato
1065 3561 1302 3631 perfidiae
1345 3579 1572 3621 consors
1616 3567 1862 3622 callidus.
1890 3567 2024 3623 Nam

467 3659 522 3705 et
566 3661 854 3722 antequam
903 3652 1155 3724 Cypriani
1196 3654 1250 3708 in
1298 3654 1495 3710 Urbem
1546 3657 1734 3721 littera:
1782 3662 2027 3729 pervt-ni-

469 3750 611 3806 rent,
639 3758 730 3796 nec
755 3743 871 3812 quis
909 3753 1039 3798 esset
1081 3743 1262 3811 latuit,
1298 3763 1387 3800 nec
1429 3747 1634 3802 litteras
1663 3767 1792 3819 quas
1826 3752 2024 3806 volebat

466 3835 683 3904 accepit.
714 3903 719 3913 '

535 3930 588 3985 '5.
623 3926 798 3986 Vei‘ba
842 3933 942 3988 ista
991 3933 1310 3992 Bucheriani
1342 3937 1586 4008 Catalogi
1627 3938 1692 3993 de
1726 3937 1964 3994 Fabiano
2006 3958 2018 3993 :

467 4020 571 4077 Hic
619 4025 851 4094 regiones
892 4027 1072 4081 divisit
1117 4029 1444 4088 diaconibus,
1483 4040 1530 4083 et
1569 4031 1762 4084 multas
1793 4031 2021 4100 fabricas

463 4129 554 4182 per
580 4118 870 4169 cremeteria
919 4118 1035 4185 ﬁeri
1071 4119 1254 4188 jussit,
1303 4120 1358 4174 in
1406 4119 1720 4175 Fossatensi
1762 4133 1816 4176 et
1854 4123 2022 4176 altero

463 4204 665 4274 reginae
703 4204 1002 4262 Succorum
1033 4211 1114 4264 sic
1142 4211 1458 4280 interpolata
1497 4213 1726 4281 legimus
1761 4229 1775 4264 :
1816 4212 1916 4266 Hic
1941 4230 2022 4267 re-

462 4295 636 4364 giones
668 4296 846 4350 diuisit
870 4298 1196 4365 diaconibus,
1223 4309 1274 4353 et
1305 4301 1426 4370 fecit
1455 4312 1645 4370 septem
1681 4303 1843 4372 (apud
1881 4302 2016 4358 Boll.

461 4384 575 4456 ses)
605 4385 972 4451 subdiaconos,
998 4390 1087 4458 qui
1106 4399 1298 4459 septem
1329 4393 1551 4445 notariis
1580 4393 1930 4459 imminerent,
1963 4404 2019 4447 ut

461 4488 610 4549 gesta
635 4489 929 4550 martyrum
956 4481 1182 4549 ﬁdeliter
1206 4482 1538 4552 colligerent;
1567 4501 1629 4540 ac
1652 4486 1843 4541 deinde
1866 4487 2021 4541 omit-

461 4569 614 4637 titur,
642 4579 690 4623 et
721 4571 914 4624 multas
961 4572 1190 4642 fabricas
1225 4591 1317 4643 per
1359 4578 1652 4630 caemeteria
1685 4578 1800 4646 ﬁeri
1826 4579 2014 4646 jussit.
2049 4603 2094 4657 υ

461 4658 698 4730 Tempus
751 4663 933 4731 pacis,
980 4680 1088 4733 qua
1137 4663 1380 4720 Ecclesia
1424 4666 1672 4738 Philippo
1721 4669 2019 4738 imperante

459 4753 763 4818 fruebatur,
794 4754 972 4809 locum
1005 4755 1244 4812 Fabiano
1269 4757 1436 4826 dedit,
1487 4768 1546 4814 ut
1583 4760 1637 4813 in
1669 4762 2014 4829 cmmetepiis,

460 4844 513 4898 in
553 4845 754 4914 quibus
793 4859 1092 4904 conventus
1124 4849 1398 4907 celebrare
1435 4867 1498 4906 ac
1531 4867 1685 4906 sacra
1727 4851 1904 4908 facere
1932 4870 2019 4909 so-

459 4936 640 4991 lebant
681 4937 886 5004 fideles,
921 4939 1155 4995 fabricas
1191 4942 1307 4996 fieri
1349 4943 1432 4996 vel
1471 4943 1656 5013 augeri
1682 4943 2016 5014 przeciperet.

459 5028 604 5084 Idem
634 5045 852 5100 quoque
895 5042 1126 5102 tempus,
1169 5044 1228 5088 ut
1271 5037 1557 5104 quemdam
1587 5037 1832 5107 regendae
1857 5039 2018 5096 Urbis

458 5122 884 5178 commodiorem
943 5127 1191 5180 ordinem
1257 5127 1597 5193 institueret,
1647 5128 1696 5182 ei
1750 5129 2014 5198 permisit.

457 5215 724 5282 Quocirca
762 5233 886 5272 cum
919 5217 1241 5275 Bucberiani
1278 5220 1505 5290 catalogi
1542 5221 1595 5274 in
1633 5220 1848 5276 Liberio
1873 5221 2018 5277 desi-

457 5309 636 5365 nentis
668 5310 988 5379 antiquitas,
1017 5321 1130 5366 tum
1172 5312 1286 5382 ipsa
1318 5313 1570 5382 temporis
1610 5313 1748 5367 ratio
1780 5313 1831 5367 id
1858 5314 2015 5370 nobis

457 5401 616 5457 facile
641 5403 988 5472 persuadent,
1015 5405 1160 5473 quod
1184 5406 1239 5459 in
1262 5421 1327 5459 eo
1349 5407 1593 5476 catalogo
1616 5407 1682 5460 de
1705 5406 2015 5477 regionibus
2037 5442 2044 5449 -

456 5495 794 5566 singulorum
835 5492 1190 5552 diaconorum
1225 5513 1368 5552 curae
1394 5499 1700 5553 commissis
1729 5514 1792 5554 ac
1831 5500 2014 5554 multis

454 5586 676 5644 fabricis
710 5587 932 5644 Fabiani
955 5590 1112 5659 jussu
1144 5591 1468 5647 constructis
1497 5591 1769 5645 scribitur.

525 5681 578 5736 4.
607 5681 710 5736 Sed
741 5685 866 5752 quia
898 5700 996 5754 par
1027 5700 1133 5738 non
1173 5691 1255 5742 est
1292 5683 1585 5752 antiquitas
1630 5699 1819 5738 eorum
1849 5683 2014 5737 libro-

529 5879 551 5916 ⁸
582 5877 780 5935 Euseb.
835 5880 926 5936 lib.
960 5897 1029 5947 vn,
1086 5898 1131 5936 c.
1186 5881 1274 5935 26.
1402 5881 1584 5940 ’"ier.
1637 5882 1794 5943 epist.
1836 5879 1903 5936 65
1950 5882 2012 5934 ad

2137 2009 2329 2064 bilibus
2375 2012 2760 2080 confessionum
2826 2011 3100 2081 triumphis
3152 2011 3437 2064 irradiant.
3491 2007 3692 2063 Verum

2134 2102 2228 2158 ubi
2277 2103 2423 2158 addit
2471 2103 2610 2159 idem
2656 2119 2794 2174 papa
2842 2123 2856 2158 :
2903 2103 3029 2157 Ideo
3079 2104 3361 2157 secundum
3418 2102 3692 2171 antiquam

2133 2193 2557 2246 consuetudinem
2587 2193 2846 2263 singulari
2879 2192 3084 2247 cautela
3129 2193 3184 2245 in
3228 2201 3412 2245 sancta
3453 2189 3692 2244 Romana

2134 2284 2374 2339 Ecclesia
2416 2302 2515 2339 non
2561 2286 2827 2356 leguntur,
2859 2289 2983 2358 quia
3030 2297 3077 2340 et
3127 2303 3302 2340 eorum
3337 2287 3425 2354 qui
3459 2285 3694 2338 conscri-

2131 2391 2277 2445 psere
2316 2379 2526 2431 nomina
2571 2379 2776 2448 penitus
2826 2378 3155 2448 ignorantur,
3203 2377 3444 2447 prtedicti
3475 2376 3692 2432 addita-

2131 2471 2297 2524 menti
2333 2470 2492 2526 fidem
2531 2472 2758 2525 multum
2793 2471 3083 2525 imminuit.
3113 2468 3257 2524 Nihil
3285 2471 3482 2540 quippe
3505 2469 3572 2523 ad
3597 2485 3691 2540 ge.-

2132 2571 2340 2616 storum
2372 2562 2585 2617 illorum
2610 2563 2890 2616 αὐθεντίαν
2917 2563 3154 2618 defuisse
3175 2563 3466 2628 videretur,
3498 2563 3543 2616 si
3580 2561 3691 2616 Ro-

2130 2654 2277 2708 mani
2304 2655 2574 2724 pontiﬁcis
2597 2656 2914 2711 auctoritate
2936 2671 2966 2709 a
2992 2664 3196 2724 septem
3221 2655 3468 2718 notariis,
3489 2654 3692 2723 quibus

2130 2747 2404 2817 praepositi
2453 2747 2683 2803 fuissent
2718 2748 2940 2802 totidem
2985 2747 3299 2802 subdiaconi
3326 2789 3339 2812 ,
3379 2747 3688 2814 conscripta

2129 2847 2330 2892 essent.
2371 2838 2440 2892 Ut
2482 2848 2540 2893 ut
2587 2848 2702 2906 est,
2755 2839 3021 2894 Eusebius
3063 2839 3155 2893 lib.
3196 2856 3246 2893 vt
3293 2838 3463 2904 llist.,
3498 2854 3546 2893 c.
3592 2839 3685 2901 4³5,

2129 2928 2290 2984 fidem
2342 2927 2492 2995 facit,
2543 2931 2645 2986 sub
2696 2930 2919 2984 Fabiani
2967 2945 3283 2985 successore
3329 2931 3578 2985 Cornelio
3629 2931 3686 2983 in

2130 3019 2374 3076 Romana
2411 3021 2648 3077 Ecclesia
2681 3031 2883 3090 septem
2916 3021 3177 3076 diaconos
3201 3024 3532 3092 totidemque
3563 3022 3688 3076 sub-

2129 3112 2388 3168 diaconos
2419 3114 2690 3169 exstitisse
2721 3132 2734 3168 :
2766 3130 2828 3168 ac
2863 3115 3142 3184 probabile
3179 3125 3261 3170 est
3291 3115 3589 3169 Fabianum
3620 3130 3689 3169 eo

2130 3200 2248 3270 ipso
2280 3211 2538 3272 tempore,
2575 3219 2684 3274 quo
2715 3205 2942 3275 singulis
2971 3206 3210 3260 diaconis
3253 3205 3422 3260 ollicia
3456 3207 3688 3276 partitus

2128 3299 2232 3355 est,
2270 3306 2366 3346 sua
2409 3291 2574 3346 etiam
2617 3293 2984 3359 subdiaconis,
3015 3296 3218 3364 quaevis
3261 3295 3347 3368 illa
3381 3295 3508 3360 sint,
3547 3294 3691 3349 assi-

2128 3398 2338 3453 gnasse.
2373 3383 2525 3440 Tunc
2549 3401 2678 3440 vero
2711 3384 2883 3438 Roma
2916 3386 2969 3438 in
3000 3387 3405 3455 quatuordecim
3436 3387 3687 3455 regiones

2127 3476 2501 3545 dividebatur;
2537 3493 2602 3532 ex
2627 3494 2734 3548 quo
2761 3479 3026 3547 sequitur,
3075 3488 3132 3532 ut
3173 3479 3401 3550 singulis
3443 3480 3688 3538 diaconis

2125 3567 2246 3622 dum
2273 3569 2542 3624 attributae
2578 3568 2813 3634 fuerint,
2844 3586 2952 3639 quo
2984 3570 3197 3626 facilius
3233 3587 3492 3641 pauperes
3518 3587 3688 3642 quos-

2125 3677 2232 3732 que
2259 3661 2596 3731 dignoscere,
2630 3662 2816 3730 eisque
2843 3663 3131 3716 subvenire
3159 3673 3398 3731 possent.

2194 3751 2272 3806 De
2302 3752 2427 3805 aliis
2455 3752 2693 3821 epistolis
2727 3769 2787 3805 ac
2817 3753 3037 3807 decretis
3068 3752 3307 3807 Fabiano
3341 3757 3608 3824 ascriptis.

2195 3844 2246 3898 1.
2274 3842 2512 3899 Isidorus
2541 3843 2808 3900 Mercator
2848 3846 3020 3901 tribus
3054 3846 3297 3914 epistolis
3332 3845 3556 3901 Fabiani
3587 3866 3685 3903 no-

2124 3936 2271 3990 mine
2297 3938 2564 4002 conlictis,
2596 3937 2830 4007 ideoque
2854 3938 3018 3991 alium
3042 3937 3094 3990 in
3125 3946 3328 3992 tomum
3353 3941 3682 4009 rejiciendis,

2125 4028 2496 4084 collectionem
2537 4045 2690 4086 suam
2717 4030 2884 4084 auxit.
2926 4029 3004 4083 Ex
3040 4046 3146 4084 una
3187 4031 3396 4084 illarum
3429 4047 3492 4086 ea
3527 4033 3686 4088 ﬂuxit

2125 4120 2328 4188 Opinio,
2365 4136 2471 4190 qua
2498 4119 2790 4186 Fabianus,
2818 4131 2874 4175 ut
2901 4121 3139 4175 chrisma
3180 4137 3272 4190 per
3305 4124 3548 4193 singulos
3586 4141 3686 4178 an-

2124 4228 2246 4279 nos,
2274 4222 2452 4268 vetere
2481 4214 2731 4280 incenso,
2758 4215 2814 4268 in
2840 4215 3009 4268 Coena
3045 4214 3258 4269 Domini
3300 4217 3680 4283 conﬁceretur,

2124 4303 2472 4358 constituisse
2503 4304 2760 4358 creditur.
2787 4303 3052 4369 Quocirca
3076 4306 3176 4360 levi
3203 4322 3332 4360 sane
3355 4323 3417 4361 ac
3442 4308 3681 4362 sublesta

2123 4394 2445 4448 auctoritate
2489 4395 2677 4448 nititur
2715 4396 3029 4464 hujusntodi
3077 4396 3280 4465 opinio.
3309 4397 3459 4450 Illam
3499 4412 3680 4452 autem

2123 4486 2457 4555 expendendi
2501 4489 2676 4556 aptior
2713 4488 2928 4542 dabitur
2963 4489 3199 4553 occasio,
3232 4489 3320 4543 ubi
3353 4505 3415 4544 ea
3436 4530 3451 4554 ,
3488 4491 3542 4544 in
3572 4507 3682 4560 qua

2124 4576 2267 4632 istud
2292 4579 2486 4632 asserit
2512 4577 2768 4645 lsidorus,
2794 4579 3020 4648 epistola
3049 4582 3256 4634 cdetur.

2191 4665 2244 4720 2.
2281 4665 2544 4723 Praeterea
2575 4669 2749 4724 eidem
2791 4685 2941 4740 papa:
2967 4671 3021 4724 in
3051 4671 3380 4728 editionibus
3412 4671 3682 4728 Concilio—

2123 4773 2242 4812 rum
2277 4758 2462 4814 decem
2504 4761 2870 4817 attribuuntur
2910 4763 3123 4818 decreta
3151 4780 3180 4818 e
3225 4763 3483 4818 Gratiano
3512 4774 3565 4818 et
3602 4765 3684 4819 al-

2123 4860 2239 4905 tera
2287 4852 2663 4920 compilatione
2711 4855 2954 4921 collecta,
2990 4856 3084 4909 sed
3127 4871 3300 4925 neque
3348 4856 3539 4924 majori
3578 4855 3684 4910 fide

2124 4939 2306 5010 digna.
2340 4939 2407 4994 Et
2434 4941 2626 4996 borum
2671 4944 2891 5012 quidem
2939 4945 3171 5012 primum
3211 4946 3290 4999 sic
3317 4947 3628 5001 enuntiatur
3662 4964 3677 5000 :

2123 5030 2183 5087 Si
2213 5033 2329 5103 quis
2365 5035 2706 5089 contristatus
2746 5037 2970 5090 uoluerit
3003 5038 3331 5092 reconciliari
3361 5040 3516 5107 fratri
3561 5058 3683 5108 suo,

2121 5126 2479 5195 satisfaciente
2521 5144 2580 5180 eo
2614 5131 2702 5198 qui
2748 5131 3104 5192 contristavit,
3145 5133 3412 5185 acerrimis
3453 5149 3687 5187 macere-

2123 5222 2207 5268 tur
2267 5215 2492 5284 inediis,
2538 5221 2824 5288 usquedum
2869 5223 3105 5290 gratanti
3146 5223 3320 5274 animo
3355 5224 3685 5291 satisfactio-

2120 5322 2237 5361 nem
2270 5307 2502 5377 recipiat.
2529 5307 2712 5378 Neque
2744 5310 2795 5363 id
2827 5327 2854 5363 a
2889 5310 3150 5365 Gratiano
3181 5321 3388 5366 tantum
3422 5314 3549 5368 dist.
3587 5315 3681 5381 90,

2120 5415 2169 5453 c.
2204 5398 2292 5462 10,
2325 5401 2416 5454 sed
2447 5409 2501 5454 et
2530 5401 2598 5455 ab
2627 5400 2786 5456 lvone
2817 5418 2930 5470 par.
2964 5403 3047 5468 15,
3083 5419 3130 5457 c.
3162 5404 3249 5471 60,
3283 5415 3335 5458 et
3364 5405 3684 5461 Burchardo

2120 5490 2210 5545 lib.
2239 5508 2291 5554 x,
2317 5507 2364 5546 c.
2395 5492 2482 5558 59,
2515 5494 2702 5547 eodem
2735 5495 2949 5549 nomine
2978 5495 3247 5552 laudatur.
3274 5495 3469 5552 Verum
3496 5500 3681 5565 priora

2119 5585 2238 5654 ejus
2266 5586 2426 5640 verba
2452 5601 2707 5654 expressa
2733 5598 2944 5640 suntex
2975 5586 3159 5642 Basilii
3191 5587 3412 5659 Regula,
3444 5590 3498 5642 in
3522 5591 3681 5659 cujus

2120 5679 2294 5746 capite
2329 5677 2392 5730 74
2427 5678 2526 5732 ista
2557 5694 2623 5732 ex
2657 5677 3094 5747 interpretatione
3127 5679 3304 5734 Rufini
3333 5683 3682 5750 praemittitur

2123 5880 2434 5936 Pammach.
2463 5893 2514 5938 et
2536 5883 2761 5950 0ccan.,
2786 5899 2836 5939 c.
2864 5884 2914 5938 4.
3027 5887 3044 5916 ⁸
3071 5883 3230 5953 Cypr.
3260 5884 3310 5938 in
3338 5884 3441 5939 [ine
3471 5899 3556 5954 ep.
3583 5882 3672 5941 50.
