4006 6356
488 444 592 501 183

1800 459 1857 514 S.
1899 460 2179 515 FABIANI’
2206 459 2406 516 ΡΑΡᾹΞ

3616 467 3723 524 186

486 579 618 622 vero
637 581 701 623 ac
730 567 952 624 tetidem
982 554 1182 637 vel‘bis,
1210 582 1343 641 quot
1384 572 1514 627 illud
1547 575 1984 640 Gratianus,'lvo
2013 588 2065 633 et
2091 585 2139 640 Α
2173 581 2436 649 scriptum
2466 590 2569 646 est,
2602 597 2712 637 uno
2751 583 2918 638 verbo
2963 582 3252 638 liberentur
3289 594 3530 655 excepto,
3559 600 3722 657 cujus

489 657 837 715 Burchardus
884 658 1144 727 referunt,
1197 677 1227 716 a
1269 656 1546 734 Reginone
1588 667 1684 720 lib.
1736 684 1773 729 ι.
1828 684 1878 723 c.
1929 668 2054 733 195,

486 750 739 806 laudatur
773 758 832 804 ut
870 765 937 805 ex
969 751 1111 807 libro
1150 769 1191 807 ιι
1214 749 1600 825 Capitularium
1621 798 1636 821 ,
1679 758 1767 811 ubi
1802 766 1857 813 et
1883 768 2059 814 exstat

488 856 537 896 c.
566 840 776 917 dsgsed
824 841 941 897 sine
984 843 1348 900 additamento
1396 846 1453 900 id
1481 855 1593 913 est,
1632 851 2058 919 etc.,quomodo

487 932 717 986 habetur
742 931 794 986 in
820 933 1053 988 concilio
1079 932 1387 992 Turonensi
1414 953 1497 992 ιιι.

554 1022 607 1077 9.
642 1019 702 1077 Si
729 1024 847 1093 quis
891 1024 1112 1094 triginta
1145 1027 1320 1081 tetatis
1354 1044 1465 1082 sua:
1499 1045 1603 1083 non
1629 1029 1916 1100 impleverit
1958 1049 2055 1086 an-

485 1130 599 1180 nos,
628 1114 776 1169 nullo
808 1116 961 1170 modo
983 1116 1252 1188 presbyter
1279 1120 1571 1189 ordinetur,
1594 1129 1723 1185 ete.,
1747 1122 1889 1192 quod
1911 1123 2053 1193 apud

483 1203 860 1261 Bureltardum
896 1207 993 1262 lib.
1027 1224 1103 1275 ιι,
1128 1224 1179 1265 c.
1215 1209 1313 1277 10,
1343 1221 1399 1266 et
1426 1214 1645 1268 lvonem
1676 1229 1732 1283 p.
1771 1214 1805 1269 6
1825 1254 1840 1279 ,
1872 1231 1922 1271 c.
1946 1216 2049 1282 50,

482 1294 713 1351 Fabiani
747 1298 967 1354 nomine
1002 1299 1316 1371 insigniter,
1346 1311 1402 1357 et
1421 1304 1580 1374 cujus
1605 1305 1818 1360 initium
1848 1306 2056 1362 Gratia-

483 1400 588 1441 nus
616 1387 742 1441 dist.
784 1386 873 1452 78,
906 1403 956 1442 c.
986 1389 1038 1456 1,
1065 1388 1345 1447 Bonifacio
1386 1408 1541 1463 papa:
1589 1395 1830 1457 ascribit,
1868 1411 2052 1452 merus

484 1484 567 1529 est
609 1491 783 1532 canon
831 1478 893 1532 11
931 1478 1384 1539 Νθοεωεειτίθιιείε
1421 1485 1640 1540 concilii
1682 1502 1749 1541 ex
1788 1486 2051 1557 interpre-

486 1563 687 1619 tatione
733 1564 950 1622 Martini
998 1566 1346 1628 Bracarensis
1390 1574 1661 1645 episcopi,
1692 1590 1812 1645 cap.
1856 1576 1927 1632 20
1952 1578 2049 1634 de-

484 1656 741 1724 scriptus.
1325 1660 1332 1667 ’

555 1744 642 1799 10.
674 1744 1015 1801 Decernimus
1059 1760 1120 1804 ut
1158 1751 1215 1804 in
1256 1752 1496 1807 omnibus
1539 1754 1831 1814 Dominicis
1869 1759 2049 1814 diebus

485 1832 675 1886 altaris
720 1833 919 1888 oblatio
965 1835 1029 1889 ab
1077 1839 1317 1894 omnibus
1361 1842 1484 1897 viris
1533 1853 1582 1897 ct
1617 1848 1922 1904 mulieribus
1952 1851 2049 1919 ﬁat

486 1932 593 1974 tam
637 1923 790 1991 panis
835 1939 994 1995 quam
1031 1927 1158 1993 uini,
1213 1939 1269 1983 ut
1315 1947 1408 2001 per
1439 1934 1549 1987 .Itas
1598 1938 1986 1996 immolationes
2014 1959 2047 1995 a

482 2020 812 2080 peccatorum
863 2032 1080 2071 suorum
1130 2020 1362 2089 fascibus
1397 2023 1700 2094 liberentur,
1743 2045 1810 2085 ex
1838 2047 2052 2088 canone

482 2102 519 2156 4
542 2104 756 2160 concilii
783 2104 1193 2167 Matisconensis
1224 2128 1265 2168 lt
1284 2152 1300 2178 ,
1336 2129 1482 2171 anno
1504 2118 1609 2174 585
1637 2119 1915 2189 celebrati,
1949 2124 2045 2179 de-

2156 670 2275 726 loco
2300 682 2516 726 careant
2546 674 2835 729 concilium
2873 674 3105 745 praefert.
3142 673 3424 744 Perperam
3467 678 3630 748 igitur
3660 680 3720 736 iu

2156 761 2341 818 codice
2362 764 2628 820 librorum
2665 765 2756 832 i6,
2784 766 2880 820 lib.
2908 782 2961 832 v,
3000 782 3050 822 c.
3081 767 3131 832 7,
3159 767 3302 838 apud
3340 769 3720 828 Burchardum

2154 853 2250 908 lib.
2283 870 2335 917 v,
2361 869 2411 909 c.
2447 855 2540 919 24,
2572 864 2626 911 et
2647 854 2865 912 lvonem
2895 872 2950 927 p.
2974 857 3032 923 2,
3066 874 3117 915 c.
3148 859 3250 926 54,
3276 858 3515 917 Fabiano
3547 865 3720 919 ascri-

2154 946 2319 1001 bitur.
2342 945 2496 1013 Quod
2533 948 2753 1018 quidem
2786 949 3003 1003 lvonem
3036 966 3145 1004 non
3186 950 3483 1008 advenisse
3514 955 3717 1010 mirum

2124 1026 2265 1105 'est,
2318 1054 2443 1094 cum
2491 1040 2721 1095 subinde
2765 1057 2886 1112 cap.
2936 1042 3000 1096 41
3056 1043 3369 1097 earumdem
3423 1046 3718 1102 verborum

2154 1144 2423 1184 summam
2470 1130 2874 1203 perstringens,
2924 1146 2989 1186 ea
3041 1132 3257 1187 concilii
3302 1132 3719 1193 Matisconensis

2153 1230 2434 1291 agnoscat.

2223 1311 2310 1366 Η.
2349 1309 2473 1365 Non
2503 1320 2583 1366 est
2613 1312 2981 1383 accipiendum
3006 1315 3324 1385 sacriﬁcium
3353 1317 3416 1369 de
3440 1333 3599 1372 manu
3624 1334 3719 1374 sa-

2151 1402 2395 1467 cerdotis,
2428 1403 2518 1474 qui
2543 1406 2805 1459 orationes
2837 1406 2913 1459 uel
2943 1407 3173 1460 actiones
3202 1416 3251 1461 et
3284 1408 3511 1479 reliquas
3537 1410 3719 1466 obser-

2150 1494 2381 1547 vationes
2424 1496 2480 1548 in
2519 1496 2679 1563 missa
2716 1496 3001 1550 secundant
3044 1499 3205 1551 ritum
3244 1500 3457 1569 implere
3491 1518 3591 1555 non
3620 1518 3714 1571 po.

2151 1594 2277 1649 test,
2320 1586 2488 1641 codex
2538 1585 2606 1640 16
2630 1586 2912 1652 librorum,
2943 1588 3038 1643 lib.
3081 1606 3134 1656 v,
3169 1605 3218 1645 c.
3261 1591 3325 1657 9;
3368 1591 3717 1649 Burchardus

2148 1675 2244 1730 lib.
2270 1692 2324 1742 v,
2353 1692 2404 1732 c.
2434 1678 2523 1742 50,
2555 1686 2609 1732 et
2643 1677 2734 1732 lvo
2771 1681 2938 1750 p.12,
2963 1697 3012 1737 e.
3043 1682 3140 1750 44,
3176 1682 3413 1739 Fabiano
3445 1685 3718 1755 tribuunt,

2146 1777 2357 1821 aetatem
2376 1775 2554 1823 tamen
2575 1770 2781 1825 redolet
2800 1771 2904 1826 hoc
2926 1788 3063 1843 papa
3088 1777 3462 1830 recentiorem.
3491 1776 3555 1831 Et
3584 1793 3716 1832 vero

2148 1852 2421 1915 Theodori
2441 1859 2849 1920 Cantuariensis
2884 1880 3006 1921 esse
3040 1866 3197 1922 ﬁdem
3223 1869 3349 1923 facit
3376 1880 3529 1925 vetus
3543 1871 3715 1926 codex

2155 1952 2483 2019 Coislianus,
2510 1953 2562 2007 in
2589 1969 2698 2024 quo
2730 1970 2856 2011 cum
2889 1958 3136 2027 pluribus
3166 1961 3286 2015 aliis
3320 1960 3719 2017 Paenitentialis

2150 2042 2390 2109 ejusdem
2419 2044 2813 2115 archiepiscopi
2845 2047 3098 2117 capitulis
3117 2049 3422 2105 exhibetur.

499 2257 3692 2307 ________________________________

1476 2421 1595 2538 S.
1683 2425 2263 2547 FABIANI
2342 2434 2744 2552 PAP/E

1799 2628 2426 2724 EPISTOLJE

886 2835 1219 2895 EPISTOLA
1259 2839 1469 2896 PRIMA
1498 2842 1631 2911 (12).

555 2962 622 3000 Ml
670 2961 957 3004 υκιιέιιεοε
994 2965 1258 3007 εοειεειι
1295 2969 1608 3009 (ΞΑἸἮΟΗΕᾸΞ
1650 2971 1962 3013 ιίιΝιετιιοε.

491 3059 593 3126 Qui
622 3077 721 3114 non
754 3062 971 3116 debeant
1015 3065 1225 3137 admitti
1262 3066 1374 3135 (l5)
1431 3067 1499 3120 ad
1546 3069 1954 3137 excusationem,
1982 3083 2035 3127 et

628 3147 730 3184 non
751 3148 860 3187 esse
889 3136 1379 3189 communicandum
1407 3139 1892 3196 excommunicatis.

558 3223 932 3278 Dilectissimis
965 3225 1166 3295 ubique
1191 3226 1484 3282 Catholicae
1521 3226 1777 3283 Ecclesia:
1802 3231 2035 3285 commi-

487 3313 698 3380 nistris,
732 3313 999 3371 Furseus
1027 3316 1255 3372 salutem
1287 3318 1343 3372 in
1380 3317 1628 3373 Domino.

558 3404 769 3461 Divinis
807 3408 1089 3477 praeceptis
1132 3409 1245 3479 (14)
1283 3417 1338 3463 et
1366 3410 1681 3479 apostolicis
1710 3425 1999 3465 monemur
2024 3412 2042 3444 ⁸

488 3496 771 3563 institutis,
796 3508 858 3553 ut
894 3513 994 3570 pro
1021 3510 1342 3557 cunctarum
1374 3501 1736 3559 Ecclesiarum
1760 3513 1903 3559 statu
1940 3503 2043 3558 im-

489 3588 643 3659 pigro
674 3590 958 3661 vigilemus
991 3593 1208 3648 aﬂcctu.
1241 3590 1395 3649 Unde
1433 3608 1773 3665 consequens
1816 3602 1921 3661 est,
1951 3593 2045 3649 de-

490 3680 619 3734 bere
642 3695 742 3736 vos
776 3682 918 3737 scire
974 3699 1097 3754 qua:
1122 3685 1264 3755 apud
1294 3684 1593 3739 Romanam
1620 3685 1674 3739 in
1699 3700 1854 3741 sacro
1878 3700 2050 3756 agun-

488 3781 579 3827 tur
615 3773 722 3829 ritu
750 3773 1072 3841 Ecclesiam,
1099 3786 1161 3830 ut
1180 3776 1304 3846 ejus
1329 3785 1615 3847 sequentes
1639 3777 1904 3847 exempla,
1928 3778 2052 3846 ejus

2072 2860 2114 2915 Β
2147 2851 2360 2923 Septem
2400 2870 2528 2926 ergo
2559 2856 2820 2913 diaconos
2853 2856 3049 2929 (15)in
3090 2858 3225 2915 urbe
3265 2859 3435 2914 Roma
3488 2875 3584 2931 per
3623 2875 3715 2918 sev

2147 2955 2293 3016 ptem
2346 2948 2599 3018 regiones
2644 2950 2900 3014 civitatis,
2933 2950 3072 3006 sicut
3114 2965 3147 3005 a
3198 2951 3445 3020 patribus
3493 2953 3713 3023 accepi-

2148 3052 2293 3103 mus,
2338 3038 2624 3104 habemus,
2659 3041 2752 3110 qui
2797 3056 2894 3110 per
2937 3041 3181 3109 singulas
3234 3042 3604 3100 hebdomadas
3656 3053 3714 3092 αι

2151 3128 2466 3187 Dominicos
2501 3133 2641 3199 dies,
2669 3143 2832 3203 atque
2864 3132 3217 3190 iestivitatum
3261 3136 3548 3203 solemnia,
3582 3153 3713 3193 cum

2152 3222 2576 3280 subdiaconibus
2615 3233 2669 3280 et
2718 3225 3004 3297 acolythis,
3036 3240 3100 3281 ac
3148 3227 3463 3297 sequacium
3488 3230 3509 3259 ’
3567 3229 3715 3284 ordi-

2148 3329 2279 3368 num
2307 3314 2592 3381 ministris,
2630 3317 2871 3386 injuncta
2902 3316 3006 3372 sibi
3049 3316 3343 3373 observant
3372 3319 3703 3384 ministeria,

2146 3417 2202 3460 et
2246 3407 2418 3476 parati
2456 3409 2602 3463 omni
2636 3409 2770 3463 hora
2821 3419 2951 3465 sunt
2980 3412 3047 3466 ad
3076 3412 3320 3468 divinum
3368 3412 3628 3478 cilicium,
3656 3422 3715 3466 et

2144 3498 2408 3569 quidquid
2444 3500 2525 3555 eis
2555 3500 2873 3571 injungitur,
2909 3504 3297 3575 peragendum.
3352 3502 3614 3559 Similiter
3658 3515 3713 3559 et

2146 3591 2322 3658 vobis,
2348 3599 2510 3660 prout
2542 3601 2903 3661 opportunum
2949 3591 3133 3658 fuerit,
3160 3609 3257 3663 per
3286 3595 3532 3666 singulas
3582 3594 3716 3649 civi-

2147 3690 2284 3736 tates
2319 3690 2402 3736 est
2443 3680 2772 3744 faciendum,
2799 3692 2861 3738 ut
2902 3684 3144 3741 divinum
3188 3687 3392 3756 absque
3422 3687 3529 3741 ulla
3556 3701 3715 3740 mora

2154 3783 2207 3827 et
2239 3773 2564 3843 negligentia
2612 3775 2855 3830 studiose
2901 3791 2967 3830 ac
3004 3776 3319 3833 solemniter
3357 3784 3553 3848 agatur
3596 3777 3714 3831 olli-

489 3866 601 3922 veri
633 3868 727 3921 lilii
761 3868 1136 3935 inveniamini,
1163 3883 1286 3938 qua:
1318 3879 1496 3925 vestra
1517 3878 1601 3925 est
1630 3879 1801 3924 mater
1841 3878 2052 3925 vocata.
2082 3865 2127 3925 Ω
2158 3865 2324 3920 cium.
2359 3863 2600 3935 Denique
2640 3873 2844 3935 septem
2890 3867 3143 3922 similiter
3189 3868 3557 3924 subdiaconos
3589 3867 3707 3940 (16)

562 3982 579 4013 ¹
614 3978 671 4036 S.
705 3979 816 4037 Leo
845 3997 930 4053 ep.
962 3982 1017 4038 4.
1111 3985 1132 4015 ³
1166 3983 1528 4053 sequentium.

562 4121 673 4192 (12)
697 4120 831 4193 Tres
856 4121 960 4176 illa:
995 4137 1080 4192 ep.
1133 4123 1427 4191 supposita:
1464 4138 1529 4178 ac
1553 4124 1751 4193 spuria:
1774 4125 1905 4180 viris
1945 4127 2046 4180 do-

490 4194 593 4247 ctis
624 4192 906 4253 habentur,
946 4201 999 4245 et
1034 4193 1241 4245 merito.

564 4261 674 4330 (15)
706 4259 777 4330 De
802 4275 987 4314 errore
1014 4259 1202 4315 Novati
1238 4271 1291 4315 et
1323 4261 1625 4317 Novatiani.

560 4328 680 4402 (l4),
702 4328 1230 4402 Divinisprwceptis,
1246 4340 1350 4387 etc.
1375 4330 1499 4386 Hatc
1518 4333 1745 4401 epistola
1761 4333 1882 4387 aliis
1915 4347 2049 4402 spu-

490 4402 597 4467 ria,
630 4400 734 4454 nisi
752 4416 803 4472 a
839 4400 1409 4472 quibusdatnmendis
1442 4410 1496 4456 et
1533 4400 1817 4472 erroribus
1841 4400 2042 4472 expur-

492 4483 685 4539 gvtur;
717 4469 840 4524 aliis
885 4485 989 4523 non
1034 4485 1061 4523 a
1097 4469 1335 4525 Fabiano
1358 4511 1373 4532 ,
1404 4473 1495 4526 sed
1530 4472 1712 4540 potius
1735 4469 2047 4540 aCornelio

493 4542 688 4611 scripta
732 4555 852 4611 esse
891 4540 1103 4611 videtur
1133 4558 1147 4593 :
1189 4542 1442 4611 eogquod
1472 4539 1611 4596 inira
1642 4544 1709 4595 de
1745 4539 1950 4595 Novato
1995 4549 2049 4596 et

490 4610 796 4665 Novatiano
842 4610 957 4664 haec
997 4609 1231 4664 referat:
1262 4609 1482 4679 Insuper
1519 4620 1571 4665 et
1616 4611 1750 4665 illud
1796 4627 1880 4665 vos
1916 4611 2050 4664 scire

2149 4118 2414 4174 sexdecim
2453 4111 2705 4182 episcopis
2754 4111 2949 4180 factus,
2974 4111 3142 4182 locum
3175 4110 3435 4165 cathedra:
3475 4113 3718 4182 vacantis

2150 4194 2438 4255 acceperat,
2472 4180 2522 4236 et
2561 4182 2657 4234 illa
2693 4197 2799 4250 qua
2841 4181 2943 4255 fuit
2973 4180 3228 4255 prwditus
3260 4181 3582 4255 castimonia
3606 4183 3713 4255 eir-

2186 4251 2319 4311 ina'li
2364 4255 2572 4307 crebras
2615 4252 2995 4320 persecutiones
3041 4251 3443 4320 natiprincipis
3483 4253 3718 4305 sustine-

2186 4276 2318 4311 ιηαιι
2364 4276 2572 4307 εΐιυηιι
2615 4276 2995 4320 persecutiones
3041 4276 3178 4304 nuu-
3226 4276 3443 4319 nnupw
3483 4276 3713 4305 suntne-

2150 4276 2260 4382 gat.
2300 4324 2433 4379 Tum
2461 4322 2595 4391 forte
2616 4320 2831 4390 quidam
2852 4322 3117 4390 presbyter
3142 4276 3384 4374 N’bvatus
3415 4337 3481 4374 ea:
3504 4322 3713 4390 Africa,

2150 4408 2283 4459 etc.,
2316 4394 2533 4449 Romam
2561 4391 2715 4455 venit,
2756 4401 2861 4447 etc.
2894 4393 3080 4460 Itaque
3107 4392 3176 4445 ob
3208 4391 3349 4446 hanc
3386 4406 3610 4447 causam
3644 4394 3712 4446 li-

2154 4477 2302 4524 ceret
2353 4465 2507 4517 ﬁrma
2552 4459 2863 4528 conjectura
2914 4459 3496 4530 statuere.auctorem
3550 4462 3718 4530 hujus

2152 4535 2399 4606 epistolae
2426 4531 2737 4606 Cornelium
2773 4532 2954 4601 potius
2979 4547 3139 4606 quam
3168 4529 3477 4606 abianum
3506 4529 3676 4586 fuisSe
3695 4573 3713 4596 ,

2153 4599 2256 4662 nisi
2272 4605 2410 4659 infra
2431 4602 2631 4671 mentio
2653 4599 2803 4656 ﬁeret
2826 4610 3026 4671 septem
3049 4602 3525 4671 subdiacouorum,
3551 4616 3716 4671 qjtos,

492 4655 1232 4748 2.15;.
1614 4655 2049 4751 praedicnt-ibit;
2082 4655 2128 4711 θ
2154 4655 2457 4732 ὖῖὲῖῖίίω
2481 4669 2728 4751 ejusdem
2756 4655 2902 4751 apud
2931 4669 3543 4751 Liltrutnpontiticalem
3568 4655 3713 4726 Eon-

493 4750 706 4821 quidem
746 4751 939 4821 nostris
976 4752 1223 4817 peccatis,
1247 4752 1498 4806 suadente
1523 4750 1740 4821 antiquo
1760 4752 1907 4805 hoste
1926 4791 1940 4816 ,
1964 4751 2055 4821 qui

493 4819 693 4894 semper
723 4828 780 4870 ut
806 4819 886 4894 [eo
925 4821 1129 4887 rugiens
1161 4822 1349 4894 circuit
1401 4819 1820 4894 querens—ouem
1852 4819 2057 4894 devoret

495 4888 534 4956 (l
569 4887 709 4963 lfetr.
730 4904 796 4963 Σ,
828 4886 1488 4963 8),‘sup_erpeni_t_Novatus
1517 4901 1581 4937 ea:
1606 4886 1881 4963 Africana
1904 4897 2060 4963 sepa-

495 4904 534 4956 (ι
570 4904 709 4940 ι’ριτ.
743 4904 796 4949 v,
828 4904 903 4956 δ),
934 4905 991 4941 su
1033 4904 1227 4941 ervemt
1256 4904 1488 4939 novatus
1517 4904 1581 4937 ea:
1606 4904 1804 4954 Ajrtca,
1833 4904 1880 4935 et
1904 4904 2060 4963 sepa-

491 4958 627 5032 snavit
722 4957 954 5032 Ecclesia
975 4904 1162 5012 (ﬁnisti
1188 4955 1564 5032 Nepotianum,
1588 4963 1636 5006 et
1660 4953 1910 5032 quosdam
1929 4951 2061 5005 altos

491 5025 681 5102 Christi
701 5029 1032 5097 confcssores,
1055 5037 1104 5081 et
1128 5026 1381 5102 convertit
1413 5026 1468 5077 in
1492 5040 1710 5102 pretium
1746 5023 2057 5102 doctrinam.

491 5095 623 5161 Quae
668 5093 808 5151 sane
836 5111 942 5150 non
983 5106 1107 5151 ante
1151 5093 1383 5151 Cornelii
1429 5093 1697 5164 pontiﬁcis
1733 5093 2061 5164 creationem

493 5160 782 5245 contigisse
802 5206 816 5225 ,
854 5164 1350 5245 ῑςξιίηιοηὶοιιτὶμτὶ
1384 5160 1704 5245 pontiﬁcalis
1733 5170 1788 5216 et
1815 5160 2061 5245 Cypriani

493 5238 627 5315 satis
646 5232 736 5290 est
765 5236 1131 5314 manifestum.
1161 5235 1314 5315 Adde
1348 5232 1491 5315 quod
1516 5232 2064 5315 l’acianus,‘epi_st."3

492 5307 561 5360 ad
595 5305 1067 5375 Sympronianum,
1099 5322 1220 5360 cum
1261 5304 1545 5360 Novatiani
1583 5304 1856 5367 meminit,
1902 5304 2065 5375 deiis

495 5391 613 5446 quae
635 5367 784 5429 'an'te
813 5375 995 5429 sedem
1027 5367 1261 5430 Cornelii
1292 5384 1553 5446 gesserat,
1584 5375 1923 5429 commendat
1947 5373 2065 5436 eius

494 5449 817 5519 catholicam
847 5448 1036 5513 tidem;
1077 5448 1156 5519 sic
1176 5450 1325 5519 enim
1369 5449 1558 5503 scribit
1585 5467 1598 5504 :
1630 5449 1739 5504 Cur
1757 5450 1924 5519 igitur
1944 5446 2056 5502 No-

492 5516 740 5588 eationus
788 5524 909 5588 tuus
937 5558 952 5582 ,
994 5533 1056 5570 ne
1107 5517 1244 5587 falso
1289 5519 1497 5588 quidem
1543 5520 1711 5573 adhuc
1752 5516 2054 5588 episcopatu

492 5534 740 5567 oauonus
788 5534 909 5569 tuus
937 5558 952 5582 ,
994 5534 1056 5570 ne
1107 5534 1244 5587 jatso
1327 5534 1497 5571 utaent
1543 5534 1711 5573 annuo
1752 5534 2053 5588 eptscopatu

404 5596 405 5599 ‘
494 5586 761 5658 sacerdos,
802 5585 954 5657 longe
980 5595 1259 5658 antequam
1285 5534 1561 5643 Z‘ornelius
1584 5588 1765 5644 Romae
1784 5591 2053 5658 episcopus

494 5653 974 5725 ﬁereILantequum
996 5653 1290 5710 sacerdotio
1323 5658 1470 5711 illius
1513 5659 1785 5724 invideret,
1807 5653 1915 5713 inec
1935 5653 2056 5711 sua-

402 5738 411 5749 ι
494 5723 612 5776 sit?
646 5723 1089 5798 liabes'Cypriani
1112 5729 1466 5781 testimonium
1488 5738 1620 5793 ,etc.
1666 5728 1732 5783 Et
1766 5739 1887 5798 post
1926 5728 2053 5781 reli-

494 5808 600 5861 qua
638 5797 743 5869 :At
784 5796 918 5869 hanc
943 5800 1111 5867 ipsam
1136 5799 1375 5852 lueresim
1401 5798 1686 5852 Novatiani
1719 5796 1929 5869 quando
1954 5814 2054 5850 ctu-

492 5867 722 5931 perunt?
762 5866 969 5931 Audite,
1016 5885 1225 5937 qnwso,
1273 5880 1321 5921 et
1369 5879 1536 5922 totum
1580 5866 1816 5923 ordinem
1857 5869 2051 5922 erroris

493 5938 647 5988 nostri
688 5937 959 5992 advertite.
1019 5938 1292 5993 Cornelius
1326 5938 1443 6008 jam
1485 5939 1663 5993 Romo:
1715 5940 1983 6008 episcopus
2021 5956 2050 5991 α

2156 4757 2283 4811 stat,
2319 4740 2547 4798 notariis
2576 4740 2711 4813 Acta
2748 4748 3044 4813 martyrum
3075 4740 3450 4813 colligentibus
3491 4751 3544 4795 et
3582 4756 3716 4813 con—

2156 4810 2540 4876 scribentibus,
2588 4810 2905 4877 Fabianus,'
2935 4827 3041 4865 non
3099 4810 3413 4877 Cornelius,
3465 4811 3711 4865 omnium

2156 4884 2419 4942 sententia
2461 4880 2717 4951 przel‘ecit.
2749 4880 2943 4951 Tutius
2986 4882 3148 4951 igitur
3174 4896 3239 4936 ac
3278 4881 3611 4951 veriusiesse
3639 4884 3717 4933 vi-

2155 4958 2331 5021 detur,
2372 4949 2634 5022 prmtlicta
2661 4952 2727 5004 de
2756 4950 2963 5022 Novato
3008 4949 3061 5005 et
3090 4949 3389 5005 Novatiano
3427 4950 3498 5004 ab
3530 4950 3717 5022 aliquo

2155 5027 2323 5081 sciolo
2354 5020 2721 5093 superaddita;
2748 5020 2917 5093 fuisse
2937 5062 2953 5087 ,
2988 5022 3140 5093 ideo,
3178 5022 3322 5090 quod
3365 5020 3570 5090 putarit
3597 5021 3716 5093 haec

2157 5097 2315 5150 verba
2343 5090 2490 5147 Libri
2542 5091 2866 5161 pontiﬁcalis
2889 5131 2903 5154 ,
2937 5092 3112 5144 eodem
3158 5101 3381 5161 tempore
3417 5090 3714 5161 supervenit

2158 5164 2397 5220 Novatus
2419 5204 2433 5225 ,
2462 5162 2526 5216 ad
2553 5159 2777 5214 Fabiani
2805 5162 2948 5215 sedis
2982 5159 3269 5228 pontitlcia‘.
3317 5170 3531 5230 tempus
3574 5160 3715 5213 refe-

2155 5236 2319 5291 renda
2351 5248 2495 5294 esse,
2525 5246 2647 5286 cum
2678 5245 2861 5284 revera
2893 5233 2957 5285 ad
2983 5247 3044 5285 ea
3075 5246 3195 5300 quae
3245 5241 3435 5285 auctor
3463 5230 3716 5299 proxime

2155 5306 2384 5368 dixerat,
2432 5311 2546 5374 post
2572 5301 2879 5374 passionem
2904 5317 3041 5374 Aeero
3077 5301 3426 5374 ejus,_reler§i
3457 5300 3713 5355 debeant.

2155 5374 2354 5429 Barou.
2390 5369 2533 5428 anno
2564 5369 2690 5431 2'58,
2719 5387 2867 5425 num.
2895 5372 2926 5425 9
2949 5380 3003 5425 et
3029 5387 3179 5440 seqq.
3218 5370 3343 5424 Sev.
3382 5370 3498 5425 BIN.

2226 5448 2338 5513 (lii)
2368 5442 2572 5513 Septem
2591 5456 2715 5513 ergo
2735 5442 3006 5513 diaconos.
3052 5439 3334 5513 Videiquaa
3354 5442 3594 5513 diximus
3620 5455 3715 5513 βυ.

2156 5505 2250 5582 pra
2282 5505 2332 5569 in
2367 5505 2510 5568 notis
2542 5512 2595 5566 in
2626 5505 2803 5567 Vitam
2828 5511 3140 5578 Clementis,
3173 5505 3425 5578 Evaristi,
3447 5511 3637 5566 Antcri
3659 5519 3717 5567 et

2155 5585 2401 5640 Fabiani.
2428 5583 2502 5637 Io.

2226 5659 2335 5738 (t6)
2362 5654 2591 5738 Denique
2609 5663 2807 5738 septeni
2823 5652 3065 5738 similiter
3084 5653 3451 5738 subdiaconos.
3478 5649 3577 5738 llic

2156 5722 2339 5797 ligitur
2397 5722 2561 5793 hujus
2616 5723 3184 5797 cpisto‘lte‘auclorettt
3240 5738 3364 5777 esse
3405 5722 3708 5797 Fabianum

2155 5791 2486 5866 pontiﬁcem,
2515 5792 2737 5863 etquod
2763 5793 2839 5845 illi
2866 5791 3025 5866 ﬁdem
3055 5794 3299 5866 derogat,
3334 5792 3709 5861 surreptitiutn

2154 5863 2295 5929 esse,
2326 5864 2566 5934 adeoque
2599 5863 3044 5933 expungendum,
3085 5864 3170 5919 vel
3214 5864 3405 5919 saltent
3437 5866 3709 5918 adnotau-

2154 5938 2301 5992 dutn.
2344 5934 2418 6011 lu.
