3942 6346
249 441 348 496 185

1681 433 2061 490 ΕΡΙδΤΟΙηΕ.

3389 426 3491 482 180

251 559 688 621 ordinavimus',
716 558 810 628 qui
842 565 1045 628 septem
1078 558 1310 613 notariis
1355 557 1727 623 imminerent,
1761 569 1815 612 et
1841 559 1889 616 Α
1915 555 2006 624 qui
2041 553 2150 608 iniit
2192 567 2368 606 omnes
2406 550 2640 606 homines
2672 546 2840 602 salvos
2865 542 2984 615 ﬁeri
3010 549 3061 598 et
3090 542 3345 596 neminem
3400 556 3492 609 pe-

251 661 391 719 gesta
445 660 751 720 martyrum
802 649 1070 704 veraciter
1118 650 1172 703 in
1219 650 1428 719 integro
1481 650 1814 720 colligerent,

251 743 520 810 uobisque
553 742 804 797 rimanda
857 739 1292 795 maiiil’estarent.
1326 741 1479 806 Quod
1510 741 1674 796 etiam
1721 755 1818 794 vos

247 849 433 888 omnes
463 850 630 902 agere
656 848 962 890 monemus.
996 847 1063 885 ne
1108 831 1164 885 in
1210 842 1490 901 posterum
1540 834 1722 902 aliqua
1751 848 1817 886 ex

247 925 326 977 his
370 924 650 978 dubitatio
705 924 817 986 ﬁat,
875 923 1212 995 qutestioque
1263 924 1505 989 oriatur;
1557 923 1815 991 quoniam

242 1019 419 1069 omnia
447 1033 570 1085 quae
597 1019 795 1084 scripta
823 1027 964 1080 sunt,
991 1017 1058 1070 ad
1085 1025 1318 1069 nostrain
1356 1016 1654 1068 doctrinam
1679 1017 1804 1068 scri-

242 1123 328 1177 pta
380 1111 568 1163 sunt‘.
604 1109 669 1162 Et
716 1127 836 1179 qua:
886 1110 1088 1164 nostris
1156 1109 1493 1177 temporibus
1549 1108 1815 1161 veraciter

241 1203 590 1258 scribuntur.
643 1203 709 1254 ad
767 1202 1076 1255 luturorum
1125 1201 1431 1257 doctrinam
1485 1201 1811 1270 diriguntur.

243 1291 304 1345 Et
331 1295 456 1346 ideo
502 1293 840 1348 ﬁdelissimis
871 1294 986 1348 haec
1011 1295 1223 1363 negotia
1253 1294 1520 1348 committi
1560 1293 1812 1362 praecipi-

242 1403 383 1447 Inus,
427 1401 496 1438 ne
537 1387 721 1454 aliqua
768 1386 820 1439 in
875 1387 955 1440 eis
1005 1386 1188 1440 illusio
1237 1386 1568 1449 inveniatur,
1601 1401 1668 1438 ex
1703 1400 1810 1452 qua

244 1477 495 1530 ﬁdi-libus
545 1477 890 1540 scandalum,
928 1479 1071 1547 quod
1103 1478 1282 1541 absit,
1321 1478 1550 1530 oriatur.
1581 1474 1737 1530 Unde
1762 1484 1816 1530 et

245 1569 567 1621 claritatem
594 1579 826 1621 vvstratn
857 1579 1075 1636 paterna
1107 1569 1394 1623 dulcedine
1414 1569 1650 1638 petimus
1681 1569 1724 1633 ⁸,
1757 1577 1816 1622 ut

246 1658 294 1710 in
327 1658 558 1712 cunctis
605 1659 857 1712 aﬂ'ectuin
897 1667 1088 1713 vestra:
1121 1660 1403 1714 charitatis
1428 1669 1614 1715 sancta
1651 1659 1813 1714 modo

245 1749 480 1803 Εςειεδίίι
512 1750 774 1814 inveniat,
808 1760 860 1804 et
887 1750 1090 1807 favoris
1119 1752 1280 1805 vestri
1311 1752 1538 1818 solatiis,
1562 1766 1808 1822 quocun-

249 1856 344 1908 que
374 1856 606 1894 necesse
633 1839 822 1904 fuerit,
852 1842 1109 1911 potiatur.
1146 1841 1214 1896 Et
1242 1843 1382 1898 sicut
1408 1844 1623 1898 bonitas
1645 1843 1810 1898 studii

248 1932 405 1985 τρειτὶ
438 1933 510 1986 de
543 1948 601 1988 se
637 1933 792 1987 nobis
831 1935 1206 1989 certitudinem
1256 1936 1475 2004 praebet,
1503 1936 1635 1988 utin
1667 1935 1815 1989 nullo

250 2023 488 2078 dilﬁdere
555 2024 850 2080 debeamus
889 2026 955 2081 de
980 2042 1065 2090 ea,
1097 2028 1188 2082 sed
1223 2028 1416 2098 magis,
1451 2037 1508 2082 ut
1557 2027 1814 2096 sapienti-

249 2117 340 2168 bus
377 2116 508 2170 ﬁliis
549 2115 806 2172 Ecclesia:
851 2127 1072 2181 nostra),
1126 2118 1244 2173 lizec
1296 2119 1628 2174 ﬁducialiter
1667 2135 1818 2174 com-

246 2207 602 2272 mendemus;
642 2208 713 2261 ita
762 2209 1081 2277 postpositis
1117 2209 1542 2279 opportunitatis
1570 2211 1816 2266 occasio-

243 2298 421 2361 nibus,
463 2307 647 2351 vestra
689 2298 925 2352 ellicaria
951 2299 1232 2354 elaborare
1281 2299 1498 2353 enixius
1525 2300 1705 2365 debet,
1736 2310 1818 2353 at-

242 2404 344 2456 que
403 2389 588 2442 modis
627 2389 828 2455 quibus
867 2391 1123 2458 possibile
1172 2389 1334 2445 fuerit
1353 2394 1393 2456 ⁸,
1431 2391 1580 2446 omni
1635 2391 1816 2445 studio

240 2482 461 2549 abigere
513 2483 936 2539 contumelias’.
974 2481 1270 2538 Hortamur
1301 2484 1466 2538 etiam
1514 2499 1632 2547 vos,
1657 2484 1816 2554 juxta

237 2573 444 2626 dictum
480 2574 747 2642 Ap0stoli,
784 2574 998 2629 stabiles
1028 2592 1140 2629 esse
1188 2585 1237 2630 et
1293 2576 1607 2642 immobiles,
1641 2577 1814 2630 abun-

231 2665 420 2716 dantes
451 2665 508 2716 in
538 2681 690 2732 opere
723 2663 934 2718 Domini
964 2683 1184 2734 semper,
1213 2668 1433 2722 scientes
1489 2669 1626 2738 quod
1663 2668 1815 2722 labor

230 2767 405 2808 tester
441 2772 547 2808 non
579 2766 655 2808 est
688 2757 860 2810 inanis
890 2758 944 2810 in
977 2757 1200 2811 Domino
1217 2759 1259 2814 ⁸.
1290 2757 1355 2812 Et
1383 2759 1509 2812 alibi
1541 2777 1554 2813 :
1589 2758 1814 2828 Vigilate

227 2857 276 2897 et
309 2859 492 2906 orate,
525 2857 576 2899 et
605 2858 740 2901 state
771 2849 822 2901 in
853 2848 974 2917 ﬁde.
1017 2847 1252 2902 Viriliter
1296 2851 1456 2919 agite,
1504 2859 1554 2902 et
1600 2850 1812 2918 confor-

228 2940 452 2992 tlmini.
484 2938 680 2993 Omnia
719 2952 885 2994 vestra
915 2943 965 2994 in
999 2941 1256 2994 cliaritate
1277 2942 1407 3010 [iant
1426 2943 1466 2993 ’.
1509 2941 1734 3012 Insuper
1757 2950 1811 2996 et

224 3030 360 3083 illud
398 3046 502 3083 vos
547 3032 688 3085 scire
715 3033 1086 3087 desideramus
1113 3033 1246 3102 (l7),
1281 3034 1404 3102 quia
1440 3038 1638 3088 nostris
1669 3043 1806 3086 tem-

223 3122 465 3191 poribus
495 3123 539 3152 ‘°
576 3123 1024 3191 priepedientibus
1055 3125 1270 3192 quidem
1304 3125 1504 3179 nostris
1552 3125 1806 3194 peccatis,

1923 649 2026 700 rire
2057 647 2191 713 “‘“,
2257 660 2355 700 sua
2416 642 2619 713 ingenti
2671 633 3066 708 omnipotentia
3097 633 3294 688 reverti
3326 631 3492 688 faciat

1919 737 2083 790 corda
2135 749 2324 790 eorum
2364 732 2431 786 ad
2462 746 2652 786 sanam
2703 728 3010 783 doctrinam
3069 734 3123 778 et
3163 722 3490 777 catholicam

1918 830 2162 890 ﬁdem",
2213 835 2483 896 quatenus
2543 823 2855 891 resipiscam
2899 837 2931 872 a
2969 817 3167 871 diaboli
3205 814 3490 886 laqueis“,

1918 922 2119 990 quibus
2159 920 2303 989 capti
2339 927 2613 981 tenentur,
2643 925 2696 969 et
2736 902 3253 983 aggregentur'ﬁliis
3295 904 3487 961 matris

1919 1013 2196 1068 Ecclesiae.
2240 1009 2671 1064 lleniiniscentes
2723 1020 2944 1075 quoque
2994 1002 3224 1056 fratrum
3277 1007 3489 1056 vestito-

1918 1123 2062 1171 rum,
2095 1103 2430 1160 miseremini
2485 1103 2723 1164 illorum,
2779 1099 2981 1167 quibus
3035 1095 3259 1165 potestis
3323 1091 3487 1148 bonis

1918 1199 2115 1253 studiis
2140 1197 2358 1257 vestris,
2386 1209 2452 1248 ne
2513 1193 2828 1262 perdantur,
2867 1189 2958 1242 sed
3025 1196 3082 1240 ut
3133 1184 3388 1254 precibus
3431 1189 3490 1238 et

1917 1293 2038 1346 aliis
2087 1289 2345 1344 bonitatis
2379 1296 2573 1342 vestra:
2614 1284 2810 1340 studiis
2858 1281 3089 1336 Domino
3117 1279 3156 1310 “
3184 1278 3484 1332 salventur.

1916 1385 1992 1440 lta
2038 1401 2166 1454 ergo
2218 1385 2271 1436 in
2323 1382 2408 1436 his
2451 1381 2612 1450 agite,
2644 1387 2703 1432 ut
2732 1375 3048 1431 ohedientes
3090 1371 3183 1426 ﬁlii
3210 1378 3264 1424 et
3303 1369 3486 1423 ﬁdeles

1916 1488 2120 1533 sancta:
2167 1477 2261 1530 Dei
2312 1474 2566 1529 Ecclesia:
2622 1469 2947 1540 appareatis,
3013 1476 3066 1520 et
3109 1473 3168 1519 ut
3218 1461 3488 1517 mercedis

1915 1570 2135 1642 prtemia
2166 1567 2498 1638 percipiatis.
2545 1563 2631 1630 Hi,
2659 1573 2714 1618 et
2755 1575 2948 1617 omnes
2990 1557 3083 1628 qui
3129 1565 3332 1610 rectam
3375 1569 3484 1607 non

1915 1662 2112 1715 docent
2153 1659 2482 1720 doctrinam,
2528 1655 2612 1708 vcl
2670 1661 2878 1707 rectam
2937 1664 3044 1702 non
3072 1654 3256 1701 tenent
3301 1644 3484 1707 ﬁdem,

1915 1760 2259 1806 accusatores
2324 1747 2596 1802 neminem
2639 1753 2786 1800 recte
2835 1739 3172 1796 credentium
3228 1752 3488 1791 accusare

1917 1850 2166 1912 possunt,
2203 1841 2330 1910 quia
2357 1839 2579 1893 infamia
2609 1845 2736 1893 sunt
2773 1833 2966 1893 notati,
2994 1839 3048 1885 et
3078 1846 3107 1884 a
3133 1830 3255 1885 sinu
3284 1837 3488 1884 sancta:

1917 1935 2103 1989 matris
2148 1932 2425 1997 Ecclesiae,
2483 1929 2788 1998 apostolico
2848 1939 3131 1986 mucrone,
3187 1936 3361 1990 usque
3415 1919 3486 1975 ad

1915 2034 2117 2078 rectam
2159 2020 2627 2076 conversationem
2667 2028 2720 2072 et
2750 2016 3117 2071 reversionem
3161 2028 3355 2068 eorum
3384 2012 3486 2067 ab.

1917 2115 2096 2170 scissi.
2130 2113 2284 2169 Unde
2312 2112 2607 2181 apostolica
2637 2109 2980 2171 auctoritate,
3042 2122 3168 2161 cum
3227 2105 3486 2162 omnibus

1915 2209 2158 2278 ejusdem
2203 2207 2514 2277 apostolicae
2537 2213 2702 2274 atque
2729 2200 3058 2257 universalis
3076 2199 3332 2258 Ecclesiae
3359 2199 3485 2255 ﬁliis

1916 2309 2215 2357 statuentes
2241 2289 2541 2362 sancimus,
2568 2305 2627 2350 ut
2649 2311 2841 2352 omnes
2866 2297 2961 2366 qui
2997 2297 3050 2349 in
3085 2295 3353 2350 catholica
3378 2294 3484 2358 ﬁde

1916 2393 2154 2464 suspecti
2185 2401 2315 2447 sunt
2348 2392 2403 2445 in
2444 2390 2800 2446 accusatione
2829 2401 2974 2444 recte
3008 2389 3343 2444 credentium
3372 2401 3482 2439 non

1915 2484 2313 2554 suscipiantur;
2360 2482 2486 2552 quia
2530 2479 2874 2550 suspiciones
2923 2494 3138 2549 semper
3165 2486 3294 2532 sunt
3326 2488 3482 2530 amo-

1915 2577 2165 2632 venda)“.
2182 2574 2374 2630 Merito
2390 2589 2518 2644 ergo
2532 2587 2724 2628 eorum
2747 2572 3072 2641 reprobatur
3095 2569 3374 2626 accusatio
3388 2565 3481 2636 qui

1914 2670 1971 2724 in
2021 2677 2171 2724 recta
2219 2666 2322 2722 ﬁde
2367 2665 2604 2734 suspecti
2646 2663 2855 2721 sunt“.
2889 2661 3001 2718 Nec
3033 2663 3112 2717 eis
3139 2661 3364 2716 omnino
3397 2673 3483 2715 est

1913 2760 2267 2826 credendum,
2297 2759 2391 2829 qui
2423 2757 2707 2812 Trinitatis
2733 2755 2892 2810 ﬁdem
2921 2756 3195 2826 ignorant.
3219 2752 3484 2808 Similiter

1913 2852 2328 2920 omnes",quos
2346 2858 2660 2904 sanctorum
2679 2845 2902 2900 Patrum
2945 2854 3147 2901 statuta
3192 2854 3303 2898 tam
3345 2858 3483 2913 pra:—

1913 2947 2090 3002 teritis
2105 2960 2268 3015 quam
2288 2941 2485 2997 futuris
2503 2940 2838 3010 temporibus
2854 2939 3336 3004 anatliematizant,
3353 2937 3484 2992 sub-

1912 3053 2196 3093 movemus
2212 3038 2344 3091 etab
2370 3035 2516 3089 omni
2533 3033 2877 3088 accusatione
2895 3031 3134 3086 ﬁdelium
3157 3030 3478 3093 alienamus.

1910 3129 2138 3184 Discreti
2154 3143 2282 3198 ergo
2295 3142 2507 3196 semper
2523 3124 2720 3179 debent
2733 3139 2853 3179 esse
2870 3123 3054 3177 ﬁdeles
3067 3123 3134 3175 ab
3153 3120 3480 3187 inﬁdelibus,

225 3216 503 3267 s"a-!cnte
535 3215 760 3283 antiquo
800 3215 972 3279 hoste,
1013 3215 1105 3285 qui
1153 3232 1366 3284 semper
1404 3225 1461 3267 ut
1495 3216 1573 3268 leo
1600 3217 1804 3286 rugiens

1912 3232 1962 3277 et
1977 3221 2108 3290 justi
2127 3221 2194 3274 ab
2211 3219 2450 3290 injuslis;
2472 3217 2726 3287 quoniam
2747 3215 2988 3270 inﬁdeles
3004 3225 3054 3268 et
3073 3214 3341 3278 malevoli,
3365 3228 3482 3267 mo-

223 3306 425 3356 circuit
449 3306 517 3365 ιι,
554 3322 793 3374 quaerens
842 3323 991 3375 quem
1030 3306 1254 3368 devoret,
1287 3310 1598 3376 supervenit
1625 3306 1803 3362 Nova-

224 3408 312 3449 tus
341 3412 414 3448 ex
438 3396 650 3460 Africa,
673 3407 725 3451 et
754 3399 1022 3466 separavit
1047 3399 1112 3452 de
1137 3397 1372 3452 Ecclesia
1394 3399 1675 3453 Cliristi‘"
1696 3399 1806 3453 No-

223 3487 522 3541 vatianum
575 3498 628 3541 et
657 3491 925 3557 quosdam
958 3489 1093 3543 alios
1126 3490 1327 3543 tibi-isti
1357 3488 1721 3551 eonfessorcs,
1751 3501 1806 3545 et

226 3580 511 3633 convertit
544 3581 598 3633 in
644 3596 866 3649 pravam
895 3581 1222 3635 doctrinam.
1256 3581 1300 3633 A
1327 3582 1527 3651 quibus
1553 3597 1668 3642 vos.
1695 3581 1806 3635 fra-

223 3683 368 3738 tres,
405 3674 656 3739 avertite,
708 3682 762 3727 et
796 3683 980 3728 cavete
1023 3674 1092 3727 ab
1130 3673 1386 3728 erunibus
1439 3674 1532 3743 qui
1579 3674 1802 3728 alteram

225 3764 400 3818 ﬁdem
427 3774 480 3819 et
515 3766 819 3819 doctrinam
850 3775 1052 3831 tenent,
1079 3781 1244 3835 quani
1289 3767 1520 3836 apostoli
1573 3776 1627 3820 et
1679 3781 1804 3820 suc—

220 3871 487 3912 cessores
532 3872 724 3910 eorum
780 3865 1071 3925 tenuerunt
1098 3867 1151 3911 et
1185 3857 1508 3922 docuerunt,
1539 3873 1625 3923 ne,
1660 3860 1804 3927 quod

228 3950 399 4015 absit,
432 3959 557 4018 post
599 3965 727 4004 eum
779 3951 1059 4016 abeuntes,
1089 3949 1143 4004 in
1180 3950 1431 4021 laqueum
1465 3950 1678 4006 Satanae
1713 3967 1804 4006 ca-

231 4044 400 4107 datis,
438 4051 493 4096 et
550 4043 901 4112 compedibus
943 4045 1063 4113 ejus
1115 4043 1490 4098 detineamini.
1527 4044 1616 4074 ““
1649 4041 1802 4099 Unde

224 4133 598 4188 fraternitatis
627 4143 821 4188 vestra:
844 4135 1165 4189 charitatem
1198 4135 1406 4188 intimis
1441 4135 1798 4190 obsecramus

221 4226 512 4294 precibus,
531 4235 590 4278 ut
616 4237 818 4280 nostra:
848 4227 1131 4296 parvitatis
1161 4227 1216 4281 in
1247 4227 1446 4281 vestris
1474 4228 1648 4282 sacris
1677 4243 1803 4281 ora-

219 4318 473 4372 tionibus
520 4333 789 4372 memores
839 4333 960 4372 esse
1017 4319 1338 4388 dignemini,
1375 4329 1595 4376 orantes
1624 4335 1687 4374 ac
1709 4321 1802 4375 de-

220 4418 520 4478 precantes
557 4410 840 4462 Dominuin
869 4409 1013 4476 caeli,
1043 4419 1101 4464 ut
1135 4419 1243 4464 tam
1280 4426 1380 4465 nos
1409 4427 1574 4480 quam
1607 4422 1800 4467 sancta

219 4513 403 4557 mater
457 4501 699 4557 Ecclesia
756 4503 961 4559 Christi
1013 4504 1252 4573 pretioso
1281 4506 1547 4574 sanguine
1579 4507 1800 4561 redem-

1913 3317 1998 3370 dis
2033 3315 2233 3385 quibus
2267 3321 2513 3383 possunt,
2547 3326 2760 3380 semper
2790 3310 3050 3363 infestant
3076 3307 3262 3361 ﬁdeles
3279 3316 3334 3361 et
3362 3323 3484 3376 per-

1906 3411 2032 3464 dere
2050 3409 2316 3472 nituntur;
2335 3416 2387 3460 et
2410 3406 2531 3458 ideo
2551 3419 2656 3458 non
2681 3413 2808 3458 sunt
2837 3401 3289 3473 suscipiendi,secl
3304 3400 3483 3470 repel.

1907 3499 2128 3563 lendi,et
2153 3498 2340 3568 procul
2360 3494 2673 3565 abjiciendi,
2703 3509 2770 3549 ne
2792 3494 3018 3564 perdere
3037 3492 3328 3548 ﬁdelesaut
3345 3489 3482 3544 infa-

1908 3605 2056 3644 niare
2085 3587 2688 3658 possint.Quapropter,
2711 3584 3044 3650 cliarissiini,
3073 3591 3260 3638 cavete
3288 3582 3480 3636 talium

1906 3682 2198 3745 foveam,in
2212 3696 2376 3748 quam
2397 3680 2598 3734 multos
2613 3677 2880 3733 cecidisse
2897 3675 3480 3746 cognovimus.Cavete

1908 3777 2095 3830 talium
2119 3775 2301 3843 jacula
2334 3774 2397 3837 η,
2438 3783 2493 3828 et
2539 3773 2751 3842 antiqui
2785 3772 2958 3825 hostis
2985 3778 3345 3834 tentamenta,
3385 3783 3480 3836 per

1907 3885 2029 3938 qua:
2073 3868 2236 3922 etiam
2268 3866 2518 3935 proprios
2552 3865 2888 3934 pr0pinquos
2929 3877 3112 3916 coram
3149 3861 3307 3915 nobis
3353 3859 3478 3912 vul-

1906 3965 2127 4010 neratos
2180 3956 2374 4009 cadere
2429 3953 2687 4008 vidimus.
2755 3951 3029 4006 Attendite
3094 3950 3318 4020 laqueos
3346 3948 3481 4002 insi-

1903 4048 2193 4109 diantium,
2235 4045 2435 4115 quibus
2485 4052 2644 4098 notos
2692 4051 2746 4098 et
2777 4041 3175 4097 commilitones
3227 4047 3480 4108 strangu-

1903 4137 2018 4192 lare
2067 4137 2264 4192 solent.
2299 4133 2475 4189 Nolite
2514 4133 2647 4188 tales
2689 4133 2865 4202 sequi,
2913 4133 3010 4186 sed
3067 4129 3258 4200 procul
3300 4129 3482 4198 repel-

1904 4230 1995 4284 lite
2024 4244 2137 4283 eos.
2192 4227 2395 4294 Estote,
2425 4227 2582 4297 juxta
2634 4223 2894 4278 Veritatis
2933 4238 3146 4286 vocem,
3195 4219 3478 4291 prudentes

1902 4333 1957 4376 ut
1985 4331 2278 4390 serpentes,
2307 4329 2356 4374 et
2387 4318 2652 4389 simplices
2693 4327 2751 4371 ut
2785 4315 3040 4371 columba:
3065 4317 3128 4370 ¹⁹.
3164 4313 3382 4377 Videte,
3411 4327 3480 4366 ne

1903 4415 1958 4468 in
1988 4429 2221 4469 vacuum
2255 4428 2473 4482 quoque
2494 4413 2752 4476 curratis,
2778 4420 2873 4464 aut
2899 4409 3176 4474 lahoretis,
3195 4405 3288 4462 sed
3311 4406 3478 4459 alter-

1907 4514 2154 4559 utrorum
2209 4503 2328 4557 l‘ulti
2382 4505 2637 4573 precibus
2669 4512 2723 4558 et
2750 4500 3113 4562 orationibus,
3142 4499 3476 4552 voluntatem

221 4604 335 4664 pta,
369 4611 405 4646 a
439 4594 651 4663 laqueis
675 4595 922 4649 venantis
948 4594 1182 4661 Satanae,
1221 4603 1274 4648 et
1295 4595 1364 4649 ab
1395 4595 1720 4665 importunis
1747 4607 1801 4652 et
1831 4579 1877 4638 ί)
1907 4594 1996 4650 Dei
2029 4593 2207 4648 faccre
2253 4594 2586 4659 contendite,
2615 4603 2669 4648 et
2715 4609 2745 4647 a
2791 4591 3134 4654 memoratis,
3169 4589 3215 4643 si
3245 4588 3478 4642 incorri-

221 4687 387 4741 malis
435 4688 748 4741 hominibus
785 4687 1067 4750 liberetur,
1095 4697 1149 4742 et
1197 4703 1376 4742 sermo
1408 4687 1500 4741 Dei
1531 4699 1718 4743 currat
1747 4698 1800 4744 et

222 4779 663 4843 clariticetur,ct
707 4795 871 4846 prava
904 4795 1095 4832 eorum
1148 4789 1202 4834 et
1258 4781 1502 4833 omnium
1546 4797 1799 4850 perversa

222 4869 547 4923 docentium
585 4879 803 4923 corruat
833 4869 1080 4924 doctrina
1123 4878 1284 4939 atque
1326 4871 1558 4924 deﬁciat.
1605 4871 1800 4927 Preca-

218 4975 349 5013 mur
377 4962 568 5024 etiam,
607 4968 666 5012 ut
706 4960 920 5027 pietatis
961 4969 1154 5013 vestrae
1202 4959 1458 5028 precibus
1504 4961 1797 5030 impetrare

218 5053 515 5115 studentis,
549 5061 608 5104 ut
633 5051 771 5104 Deus
801 5060 850 5104 et
885 5050 1138 5104 Dominus
1163 5051 1502 5106 nosterJesus
1529 5052 1792 5124 Christus,

299 5196 321 5225 ³
358 5193 499 5248 Vide
534 5192 900 5247 Pontilicalem
933 5191 1131 5246 librum
1165 5193 1218 5247 in
1251 5193 1510 5249 Clemente
1535 5205 1590 5250 et
1619 5197 1833 5254 Antero.
1943 5200 1965 5230 ⁸
1997 5197 2154 5252 Rom.

299 5283 366 5300 nn
417 5281 486 5300 nn
534 5263 605 5300 (ὶὲἰ
677 5264 749 5300 Ιίιι
797 5279 868 5300 νη
1004 5265 1205 5300 νηπίη-ο
1244 5267 1578 5300 nuntiandi-ilic
1730 5270 1750 5300 Ι
1785 5270 1798 5300 l
1840 5269 1946 5300 ΓΛ..
2005 5287 2070 5300 ιιι.
2132 5270 2158 5300 ἓξ

1730 5270 1750 5300 ⁸
1783 5270 1798 5322 Ι
1840 5269 1966 5325 Cor.
2005 5287 2092 5329 xv,
2128 5268 2216 5323 58.
2297 5271 2317 5300 "
2347 5268 2365 5321 Ι
2409 5268 2536 5322 Cor.
2581 5283 2691 5329 xw,
2729 5268 2817 5332 15,
2851 5268 2945 5330 Μ;
2979 5268 3168 5320 Matth.
3203 5279 3348 5326 sui,
3383 5268 3472 5314 4|.

1643 5340 1707 5369 “‘
1743 5338 1854 5394 lloc
1911 5341 2016 5395 sub
2078 5339 2330 5393 Cornelio
2388 5339 2616 5405 contigit
2667 5335 2924 5390 defuncto
2968 5337 3080 5404 jain
3133 5333 3392 5405 l“_alsiaiio,
3421 5341 3478 5405 ut

1479 5408 1565 5480 “‘_‘
1599 5409 1655 5462 S.
1693 5408 1954 5465 Bonifacii
1979 5412 2045 5464 A.
2081 5409 2222 5480 Mog.
2256 5427 2342 5478 ep.
2374 5409 2427 5472 6,
2459 5424 2623 5476 quam
2655 5407 2898 5462 COIISUIC-

1757 5481 1800 5511 ¹⁵
1831 5481 2078 5550 Suspecti
2129 5475 2320 5534 omnes
2352 5475 2581 5546 semper
2626 5487 2752 5550 sunt
2776 5476 3080 5550 amovendi
3103 5484 3157 5529 et
3187 5489 3295 5550 non
3334 5475 3474 5550 reci-

220 5265 386 5335 Greg.
416 5281 506 5334 ep.
534 5263 625 5326 95,
676 5264 766 5316 lib‘.
797 5279 932 5335 vii._
1004 5265 1024 5294 "
1047 5280 1226 5335 agere;
1244 5267 1600 5322 contendatis.

221 5340 264 5368 ”
294 5333 464 5405 (Si-eg.
497 5336 592 5405 lib.
637 5350 731 5397 sit,
759 5349 841 5402 ep.
873 5333 961 5387 '52.
1072 5335 1112 5405 ξι
1153 5334 1167 5386 l
1201 5333 1345 5388 Petr.
1383 5352 1432 5400 v,
1471 5336 1520 5388 8.

217 5403 478 5476 pluribus
525 5403 918 5476 Baroniushail
949 5421 1038 5458 an.
1069 5404 1197 5476 258,
1233 5423 1286 5458 ιι.
1317 5406 1369 5459 9.

225 5472 268 5507 ⁵·
295 5475 338 5528 ιι
369 5474 519 5528 Petr.
553 5491 636 5527 ιιι.
734 5474 776 5504 ’³
801 5472 843 5527 ll
873 5473 1010 5528 Tim.
1044 5491 1103 5539 ii,
1143 5475 1233 5528 26.
1332 5476 1374 5506 ”
1399 5478 1642 5533 omnino.

257 5547 406 5600 ienili
435 5564 446 5598 :
473 5545 549 5598 ita
574 5546 626 5598 in
651 5543 784 5598 Luc.
865 5545 909 5575 ¹⁶
937 5547 1160 5599 Adrian.
1195 5545 1317 5600 coll.
1346 5563 1394 5601 c.
1427 5547 1480 5600 4.
1557 5549 1596 5580 ⁸⁷

257 5634 323 5672 us
377 5618 558 5670 modis
580 5614 920 5684 interpolata.
1000 5617 1042 5648 ¹⁹
1065 5615 1252 5671 Matth.
1286 5634 1339 5680 κ,
1371 5617 1476 5683 ili;
1507 5614 1732 5674 Pbilfu.

290 5730 412 5801 (ιτ)
453 5729 678 5798 Insuper
720 5741 770 5784 et
812 5731 946 5785 illud
977 5749 1062 5788 vos
1104 5742 1235 5787 scire
1264 5735 1635 5789 desideramus.
1671 5733 1795 5790 Hice

217 5801 718 5874 intcgrapcriodus
748 5804 1059 5872 surreptitia
1103 5816 1206 5869 est,
1247 5815 1302 5858 et
1326 5806 1394 5859 ab
1419 5807 1598 5874 aliquo
1622 5808 1790 5860 sciolo

218 5873 597 5942 superaddita,
625 5873 1070 5942 quiexistimavit
1099 5889 1160 5928 ea
1183 5891 1303 5942 qua:
1338 5877 1389 5927 in
1421 5873 1537 5929 Vita
1567 5875 1787 5930 Fabiani

218 5939 301 5995 de,
349 5939 565 5994 Novato
611 5939 664 5995 et
703 5940 994 5998 Novatiano
1048 5939 1398 6011 scribuntur,
1456 5947 1789 6015 temporibus

1637 5565 1692 5619 q.
1722 5551 1755 5604 4
1796 5569 1809 5605 :
1839 5551 2044 5606 Omnes
2081 5565 2220 5620 quos
2256 5561 2591 5604 sanctorum.

1839 5621 1932 5674 ³⁰Ι
1972 5625 2096 5676 Cor.
2130 5637 2181 5688 v,
2210 5621 2296 5676 Η.

1903 4687 2098 4758 gibiles
2123 4687 2498 4757 apparuerint,
2530 4703 2628 4741 vos
2670 4688 2725 4741 in
2771 4685 3029 4741 omnibus
3073 4693 3343 4752 separate.
3392 4679 3478 4735 Si-

1903 4785 2107 4840 militer
2157 4784 2226 4838 ab
2277 4783 2534 4838 omnibus
2575 4797 2716 4852 quos
2756 4781 3051 4851 Apostolus
3085 4787 3478 4834 commemorat

1913 4875 2098 4930 dicens
2127 4891 2140 4927 :
2173 4873 2306 4930 Cum
2333 4875 2408 4929 eis
2454 4890 2544 4927 nec
2574 4872 2746 4927 cibum
2787 4888 2988 4926 sumere
3013 4870 3088 4936 ²⁶⁵;
3123 4869 3250 4939 quia
3274 4879 3326 4922 et
3358 4869 3434 4922 illi
3459 4909 3476 4934 ,

1917 4966 2060 5021 sicut
2085 4974 2138 5019 ct
2161 4966 2270 5031 isti,
2319 4975 2447 5020 sunt
2482 4963 2769 5034 repellendi
2793 4965 2870 5026 ²¹,
2902 4971 2954 5016 et
2982 4970 3107 5014 ante
3145 4960 3478 5016 satisfactio-

1907 5074 2030 5114 nem
2059 5056 2313 5112 Ecclesia:
2362 5074 2471 5111 non
2511 5066 2639 5112 sunt
2678 5054 3045 5124 suscipiendi;
3079 5053 3338 5122 quoniam
3377 5050 3476 5116 illi,

1943 5200 1965 5230 ⁸
1997 5197 2154 5252 Rom.
2184 5215 2271 5264 xv,
2307 5198 2360 5252 4.
2461 5198 2480 5228 ⁵
2519 5195 2574 5250 S.
2609 5196 2772 5265 Greg.
2802 5210 2886 5264 ep.
2918 5194 3009 5254 Ἡ,
3034 5194 3124 5247 lib.
3163 5209 3260 5247 vti.

2297 5271 2317 5300 "
2347 5267 2365 5321 Ι
2409 5268 2536 5322 Cor.
2581 5283 2691 5329 xw,
2719 5257 2945 5332 “13,-”;
2979 5265 3168 5320 Matth.
3203 5279 3348 5326 sui,
3383 5261 3472 5314 «il.

2979 5407 3087 5438 “"'
3117 5407 3132 5458 Ι
3158 5403 3298 5457 Titii.
3327 5418 3386 5464 ii,
3419 5403 3474 5455 4.

2693 5548 2734 5580 ³⁸
2771 5546 2826 5601 S.
2860 5547 3037 5599 Bonl.
3070 5561 3156 5614 ep.
3190 5544 3273 5608 l9,
3303 5542 3473 5612 pluri-

2389 5621 2432 5651 ²¹
2461 5620 2513 5674 6.
2563 5635 2617 5689 q.
2661 5619 2685 5672 l
2725 5636 2738 5672 :
2769 5621 2969 5672 Omnes
3001 5616 3076 5669 illi
3119 5623 3247 5670 sunt
3275 5617 3364 5669 ab.

1901 5737 2123 5792 Fabiani
2149 5739 2433 5801 accidisse,
2483 5738 2712 5806 ideoque
2753 5736 2804 5789 in
2841 5737 2982 5790 hanc
3017 5734 3301 5806 epistolam
3339 5731 3477 5788 infe-

1895 5811 2064 5890 renda
2091 5825 2228 5864 esse.
2284 5808 2408 5862 Vide
2433 5824 2555 5878 qua:
2586 5805 2824 5862 diximus
2845 5807 3031 5875 verbo,
3079 5805 3285 5860 Divitiis
3332 5818 3474 5874 pra-

1895 5889 2074 5931 centis.
2269 5918 2272 5921 -

1895 5895 2074 5948 ceptus.
