4006 6356
463 450 564 506 187

1792 443 1851 497 S.
1889 437 2164 508 FABIANI
2201 440 2398 496 ΡΑΡιΕ

3603 427 3710 480 188

463 584 588 624 cum
640 568 842 638 quibus
888 566 1073 621 cibum
1130 576 1351 620 sumere
1400 570 1526 617 non‘
1551 562 1698 630 licet,
1747 562 2033 619 manifeste
2059 570 2108 626 Α
2133 561 2479 631 pervertet-is;
2517 566 2559 613 et
2606 574 2725 611 eam
2769 557 2934 611 electo
2991 557 3187 611 electus
3209 556 3340 620 erit,
3365 562 3561 609 etcum
3589 553 3705 606 uiro

464 670 725 730 apparent
758 657 1083 729 sequestrati
1108 672 1284 727 usque
1316 655 1384 710 ad
1412 655 1847 711 satisfactionem
1879 671 1908 709 a
1942 671 2031 711 re-

465 751 628 820 liquis
660 751 1001 805 fratribus".
1029 748 1394 816 Quamobrem
1426 762 1533 801 non
1564 746 1764 801 debent
1793 761 1891 801 nec
1910 761 2037 816 pos-

467 850 595 895 sunt
616 839 673 895 in
705 840 1106 894 accusationem
1151 834 1386 892 ﬁdelium
1443 836 1686 906 suscipi,
1721 836 1818 891 sed
1872 836 2037 890 etiam

468 931 537 983 ab
564 946 751 985 eorum
799 931 1108 1000 consortio,
1143 945 1316 1000 usque
1349 929 1413 983 ad
1440 928 1551 997 jam
1580 928 1780 981 dictam
1822 925 2039 981 satisfa-

468 1020 703 1075 ctionem
730 1018 941 1088 repelli,
969 1034 1036 1072 ne
1061 1019 1265 1072 similes
1286 1018 1366 1071 eis
1392 1016 1711 1078 efﬁciantur,
1724 1020 1831 1093 put
1851 1026 2036 1066 eorum

468 1109 1017 1164 excommunicationi
1043 1108 1365 1177 subjaceant
1385 1124 1400 1170 ;
1422 1107 1680 1174 quoniam
1706 1103 1785 1159 sic
1805 1100 2038 1173 apostoli

471 1208 780 1253 statuerunt
804 1200 849 1230 ”
880 1199 1122 1253 dicentes
1152 1216 1165 1252 :
1207 1197 1344 1253 Cum
1394 1195 1882 1252 excommunicatis
1929 1208 2039 1248 non

468 1301 553 1345 est
597 1288 1286 1361 communicandunn'ﬁlit
1305 1289 1350 1342 si
1378 1288 1504 1357 quis
1546 1301 1671 1341 cum
1715 1301 2036 1340 excommu-

472 1383 690 1446 nicatis,
723 1381 1018 1435 avertendo
1052 1381 1290 1450 regulas,
1305 1380 1541 1434 scienter
1556 1377 1752 1445 psallat
1780 1377 1835 1430 in
1853 1378 2039 1442 domo,

471 1488 566 1533 aut
622 1477 785 1532 simul
830 1478 1042 1531 locutus
1067 1475 1231 1530 fuerit
1259 1484 1353 1530 aut
1385 1473 1660 1539 oraverit,
1687 1472 1775 1527 ille
1800 1487 2043 1527 commu-

472 1573 637 1625 nione
664 1572 910 1641 privetur
935 1571 1004 1624 ³⁸.
1042 1568 1201 1624 Tales
1233 1584 1363 1641 ergo
1400 1569 1455 1622 in
1506 1567 1760 1623 omnibus
1789 1575 1916 1622 sunt
1947 1581 2043 1620 ca-

471 1661 650 1727 vendi,
687 1670 742 1715 et
787 1676 895 1716 non
928 1660 1283 1730 suscipiendi,
1316 1660 1447 1730 quia
1499 1661 1655 1730 juxta
1686 1642 2040 1729 Apostolum,

470 1772 575 1808 non
615 1755 785 1809 solum
824 1756 914 1825 qui
958 1754 1165 1824 faciunt
1196 1756 1544 1827 damnantur,
1591 1752 1679 1806 sed
1704 1761 1754 1805 et
1792 1752 1882 1821 qui
1922 1767 2045 1804 con-

470 1848 703 1901 sentiunt
738 1846 1054 1916 facientibus
1084 1847 1151 1900 “.
1182 1843 1339 1900 Unde
1373 1854 1426 1900 et
1450 1845 1644 1899 beatus
1670 1843 2039 1913 apostolorum

2136 654 2407 707 innocente
2427 651 2672 704 innocens
2703 650 2808 703 eris
2832 649 2898 703 ³³.
2925 647 2992 703 Et
3015 648 3306 719 Apostolus
3336 646 3509 716 inquit
3532 663 3547 700 :
3572 643 3708 699 Per-

2135 757 2341 803 vertunt
2398 746 2558 801 bonos
2595 760 2763 799 mores
2809 743 3073 815 colloquia
3113 741 3258 796 mala
3289 741 3356 793 “.
3388 739 3611 803 Idcirco,
3643 749 3708 795 ut

2133 841 2247 911 jam
2282 839 2621 910 prtelibatum
2657 846 2760 900 est,
2800 837 2929 892 mali
2958 844 3093 891 sunt
3123 849 3339 903 semper
3367 831 3611 899 cavendi,
3651 842 3711 887 et

2138 932 2298 987 bonis
2326 941 2490 1002 atque
2535 932 2813 988 benevolis
2850 939 2934 984 est
2989 930 3363 984 inhaerendum
3389 928 3434 959 ³⁸
3463 936 3522 981 ut
3555 928 3703 997 peri-

2139 1024 2320 1078 culum
2368 1022 2622 1089 desidiae,
2656 1031 2922 1092 quantum
2980 1035 3296 1090 possumus,
3345 1019 3709 1074 declinemus.

2139 1112 2206 1167 Et
2261 1128 2330 1167 ne
2375 1113 2548 1183 pestis
2595 1112 2711 1167 haec
2754 1111 2917 1165 latius
2966 1110 3275 1180 divulgetur
3306 1108 3384 1174 ⁸⁸,
3420 1109 3713 1164 severitate

2140 1221 2248 1276 qua
2287 1220 2601 1275 possumus,
2629 1204 3052 1269 abscindamus;
3083 1203 3345 1272 quoniam
3384 1218 3492 1257 non
3533 1211 3711 1257 teme-

2142 1297 2275 1351 ritas
2307 1296 2601 1351 intervenit
2628 1293 3089 1366 prazsumptionis,
3125 1295 3219 1349 ubi
3249 1305 3333 1350 est
3354 1295 3397 1326 ³⁷
3424 1293 3712 1365 diligentia

2145 1388 2379 1457 pietatis.
2407 1388 2543 1458 Agat
2578 1402 2792 1457 semper
2812 1386 2857 1418 ³⁸
2882 1385 3264 1456 unusquisque
3286 1394 3527 1440 vestrum
3547 1427 3563 1452 ,
3604 1390 3716 1441 hac

2143 1478 2533 1534 informatione
2572 1477 2871 1548 apostolica
2899 1476 3070 1533 fultus
3092 1477 3247 1548 juxta
3279 1478 3420 1533 vires
3446 1493 3607 1545 suas,
3654 1487 3717 1534 et

2144 1572 2384 1627 fraterna
2413 1571 2704 1626 dilectione
2723 1612 2739 1637 ,
2781 1579 2837 1625 et
2855 1580 3042 1627 sancta
3077 1570 3359 1641 religione,
3382 1585 3558 1626 mores
3583 1586 3716 1641 pro-

2145 1664 2293 1734 prios
2317 1678 2661 1729 conservare,
2709 1672 2765 1718 et
2798 1663 2851 1717 in
2890 1678 3184 1718 commune
3209 1664 3528 1717 alterutrum
3555 1662 3718 1733 adio-

2144 1769 2295 1819 vare,
2325 1764 2380 1809 et
2407 1754 2458 1808 in
2481 1754 2748 1810 charitate
2776 1769 3116 1825 permanere,
3144 1765 3198 1808 et
3224 1754 3278 1808 in
3310 1752 3404 1808 Dei
3436 1754 3720 1809 voluntate

2146 1845 2512 1903 indesinenter
2566 1847 2785 1902 studeat
2838 1847 3122 1912 inhaerere,
3146 1856 3208 1901 ut
3237 1846 3404 1902 simul
3428 1848 3720 1903 laudantes

472 1939 741 2008 princeps,
777 1936 990 2005 Petrus,
1048 1938 1103 1992 in
1160 1936 1501 1993 ordinatione
1555 1934 1848 1991 Clementis
1905 1935 2043 1990 allo~
2078 1921 2119 1979 Β
2149 1937 2468 2005 Dominum,
2524 1937 2824 1994 indefessas
2854 1954 3069 2015 semper
3105 1938 3181 1992 illi
3220 1939 3421 2009 gratias
3462 1953 3717 2010 agamus.

475 2044 652 2097 quens
693 2029 979 2098 populum,
1022 2028 1162 2084 inter
1214 2037 1409 2084 caetera
1441 2028 1519 2083 ait
1538 2029 1583 2060 ’ν
1620 2046 1634 2082 :
1678 2026 1736 2082 Si
1791 2027 2046 2082 inimicus

468 2128 553 2174 est
604 2118 707 2175 iste
753 2118 1006 2175 Clemens
1049 2119 1211 2176 alicui
1271 2135 1371 2191 pro
1424 2120 1637 2176 actibus
1666 2119 1781 2176 suis
1802 2119 1849 2151 ³⁸
1890 2158 1906 2185 ,
1946 2129 2046 2173 vos

473 2210 643 2265 nolite
675 2220 993 2282 exspectare
1020 2253 1035 2280 ,
1070 2221 1132 2267 It
1168 2212 1287 2282 ipse
1330 2212 1486 2270 vobis
1540 2214 1720 2268 dicat:
1752 2212 1892 2266 Cum
1948 2212 2046 2266 illo

470 2300 638 2357 nolite
670 2303 834 2358 amici
868 2319 1020 2369 esse;
1051 2304 1143 2359 sed
1168 2303 1463 2373 prudenter
1478 2304 1782 2359 observare
1806 2302 2043 2371 debetis,

468 2404 524 2447 et
548 2393 813 2448 voluntati
833 2394 955 2463 ejus
975 2395 1181 2464 absque
1202 2395 1632 2450 commonitione
1648 2395 2041 2460 obsecundare,

469 2494 526 2539 et
553 2493 799 2541 avertere
825 2501 922 2540 vos
946 2486 1016 2541 ab
1038 2501 1124 2554 eo,
1159 2487 1248 2541 cui
1273 2487 1451 2557 ipsum
1482 2487 1696 2542 sentitis
1733 2487 2044 2554 adversum,

472 2575 569 2629 sed
624 2590 725 2630 nec
780 2575 931 2647 loqui
981 2577 1090 2643 his,
1136 2579 1338 2649 quibus
1374 2580 1491 2647 ipse
1522 2593 1633 2632 non
1662 2578 1927 2648 loquitur,
1986 2585 2047 2633 ut

471 2667 850 2739 unusquisque
875 2670 970 2739 qui
1014 2670 1068 2725 in
1124 2671 1283 2741 culpa
1315 2679 1420 2735 est,
1452 2670 1584 2725 dum
1616 2670 1769 2741 cupit
1803 2671 2046 2726 omnium

468 2767 712 2815 vestrum
747 2762 1022 2817 amicitias
1072 2761 1235 2831 ferre,
1261 2764 1481 2820 festinet
1512 2764 1676 2819 citius
1702 2762 2047 2819 reconciliari

471 2851 522 2904 ei
551 2850 647 2921 qui
676 2853 933 2909 omnibus
959 2865 1173 2924 praeest,
1211 2868 1273 2910 ut
1303 2871 1402 2926 per
1429 2855 1532 2912 hoc
1580 2859 1768 2911 redeat
1800 2856 1867 2910 ad
1903 2855 2048 2910 salu-

472 2950 602 3006 tem,
649 2957 777 2998 cum
808 2945 1034 3000 obedire
1074 2948 1301 3017 C(Bpel'il
1327 2949 1551 3005 monitis
1589 2949 1953 3020 praesidentis.
1987 2947 2046 3004 Si

471 3049 602 3089 vero
632 3036 757 3105 quis
787 3037 1003 3092 amicus
1016 3053 1125 3092 non
1143 3048 1247 3107 est,
1283 3049 1338 3094 et
1374 3041 1589 3097 locutus
1618 3040 1784 3096 fuerit
1812 3041 1899 3097 his
1922 3041 2047 3112 qui-

474 3124 576 3179 bus
599 3125 715 3195 ipse
747 3143 854 3181 non
905 3128 1171 3199 loquitur,
1201 3146 1345 3186 unus
1382 3140 1468 3186 est
1492 3141 1546 3187 et
1572 3132 1687 3202 ipse
1716 3147 1783 3187 ex
1815 3132 1922 3188 illis
1950 3133 2045 3202 qui

472 3215 837 3270 exterminare
867 3214 962 3271 Dei
996 3216 1296 3273 Ecclesiam
1323 3219 1509 3273 volunt
1539 3237 1552 3272 :
1584 3228 1639 3274 et
1667 3233 1792 3273 eum
1816 3233 2047 3289 corpore

473 3306 757 3362 vobiscum
787 3323 906 3363 esse
936 3308 1205 3377 videatur,
1240 3320 1418 3365 mente
1434 3323 1489 3365 et
1516 3311 1702 3365 animo
1731 3320 1919 3366 contra
1948 3324 2048 3365 vos
2076 3300 2119 3323 “⁴

474 3407 575 3453 est.
611 3397 678 3452 Et
713 3408 797 3455 est
823 3400 995 3455 multo
1022 3402 1249 3470 nequior
1300 3401 1473 3456 hostis
1521 3400 1610 3457 hic
1635 3415 1801 3471 quam
1839 3400 1918 3454 illi
1949 3397 2046 3469 qui

474 3488 612 3545 foris
638 3499 786 3554 sunt,
833 3500 887 3546 et
910 3491 1191 3545 evidenter
1224 3492 1430 3546 inimici
1464 3501 1611 3546 sunt.
1649 3489 1750 3546 Hie
1780 3491 1925 3545 enim
1953 3505 2049 3560 per

476 3579 841 3635 amicitiarum
890 3582 1152 3649 speciem,
1180 3596 1302 3652 qua:
1344 3591 1473 3637 sunt
1522 3581 1767 3647 inimica,
1798 3581 1938 3651 gerit
1995 3589 2051 3634 et

474 3666 780 3723 Ecclesiam
809 3670 1075 3742 dispergit
1104 3686 1168 3726 ac
1199 3680 1395 3726 vastat.
1429 3670 1683 3741 Ideoque,
1709 3670 2043 3738 charissimi,

476 3763 565 3818 bis
613 3764 927 3833 apostolicis
956 3764 1225 3821 institutis
1246 3780 1344 3821 vos
1375 3776 1658 3820 monentes
1684 3764 2011 3820 instruimus
2030 3803 2045 3829 ,

478 3862 539 3909 ut
586 3854 778 3910 effecta
806 3857 850 3888 '9
909 3857 1110 3912 certior
1164 3856 1403 3912 cbaritas
1470 3867 1688 3924 vestra,
1762 3856 2049 3912 sollicitius

476 3947 734 4018 deinceps
784 3964 947 4019 agere
1002 3948 1218 4005 studeat
1253 3958 1305 4004 et
1339 3948 1575 4012 cautius,
1612 3963 1682 4003 ne
1722 3948 1968 4017 perversi
1997 3956 2051 4002 et

476 4040 721 4095 inﬁdeles
760 4042 1031 4108 homines,
1059 4043 1287 4098 laedendi
1322 4043 1507 4098 ﬁdeles
1531 4051 1584 4097 et
1606 4041 1902 4097 benevolos
1939 4042 2043 4096 hau

476 4136 642 4190 beant
687 4136 997 4191 facultatem
1032 4156 1044 4190 :
1079 4138 1329 4207 quoniam
1355 4153 1470 4205 spes
1501 4136 1690 4189 talium
1733 4142 1784 4187 et
1813 4133 2049 4186 omnium

475 4224 780 4293 impiorum,
823 4233 1071 4296 tanquam
1093 4227 1287 4297 lanugo
1309 4235 1407 4292 est,
1439 4242 1561 4296 qua:
1584 4241 1616 4278 a
1647 4231 1795 4278 vento
1820 4223 2048 4291 tollitur,

477 4326 526 4370 et
551 4326 805 4386 tanquam
835 4334 1024 4386 spuma
1076 4319 1314 4389 gracilis,
1342 4334 1460 4388 qua:
1506 4335 1539 4370 a
1569 4313 1803 4385 procella
1845 4314 2053 4385 disper-

478 4412 643 4480 gitur,
693 4422 742 4464 et
785 4421 1035 4480 tanquam
1066 4412 1241 4481 fumus
1269 4452 1283 4475 ,
1310 4412 1401 4481 qui
1428 4428 1459 4463 α
1490 4420 1638 4463 vento
1665 4410 1893 4479 cli/fusus
1936 4418 2013 4463 est
2033 4449 2047 4472 ,

476 4516 526 4559 et
554 4515 804 4576 tanquam
841 4505 1098 4558 memoria
1136 4503 1357 4573 hospitis
1397 4506 1555 4557 unius
1589 4501 1696 4554 diei
1739 4511 2053 4571 prmtereun—

2145 2028 2330 2086 Valete
2371 2031 2425 2085 in
2447 2030 2711 2094 Domino,
2738 2030 3049 2085 charissimi
3067 2070 3082 2095 ,
3110 2040 3165 2085 et
3195 2029 3473 2101 praedicta,
3508 2038 3571 2084 ut
3598 2045 3720 2084 me-

2146 2123 2255 2177 lius
2291 2122 2541 2193 potestis,
2578 2121 2810 2178 Domino
2832 2137 2989 2193 opem
3023 2122 3249 2191 ferente,
3278 2124 3573 2195 adimplere
3596 2132 3723 2180 stu-

2144 2214 2283 2270 dete.
2312 2213 2443 2271 Data
2478 2213 2735 2272 Kalendis
2793 2214 2943 2282 Julii,
2983 2216 3278 2273 Maximino
3296 2218 3340 2251 ”
3379 2226 3433 2274 et
3458 2217 3739 2274 Africano.

2153 2307 2286 2363 viris
2308 2308 2630 2364 clarissimis
2665 2308 2986 2364 consulibus
3011 2308 3085 2362 “.
3529 2319 3532 2322 '

2633 2485 2970 2542 EPISTULA
3017 2486 3058 2541 ιι
3084 2487 3221 2560 (ιε).

2437 2614 2504 2652 ΔΙ)
2535 2612 2705 2654 ΟΙΝΕΒ
2738 2614 3074 2654 οιιιεΝτΑιεε
3106 2613 3408 2656 EPISCOPOS.

2148 2739 2214 2790 Ut
2237 2741 2443 2791 chrisma
2479 2742 2609 2789 omni
2634 2753 2762 2789 anno
2797 2744 3070 2789 renovetur
3093 2738 3429 2788 consecrando
3474 2742 3529 2786 et
3567 2742 3739 2788 vetus-

2206 2804 2255 2865 in
2280 2804 2505 2852 ecclesiis
2530 2809 2736 2865 ponatur
2762 2801 3049 2859 cremando;
3095 2801 3157 2849 de
3193 2798 3507 2865 accusatione
3552 2812 3720 2865 sacer-

2205 2864 2394 2923 dotum,
2416 2872 2469 2913 et
2492 2861 2547 2913 ut
2567 2877 2688 2913 oves
2706 2870 2955 2925 pastorem
2975 2875 3136 2923 suum,
3159 2863 3254 2911 nisi
3274 2866 3323 2910 in
3335 2861 3430 2910 tide
3443 2864 3711 2921 erraverit,

2212 2927 2586 2988 reprehendere
2610 2938 2710 2974 non
2730 2926 2959 2975 audeant.

2147 3027 2187 3083 1.
2228 3027 2295 3083 Ut
2341 3045 2436 3098 per
2480 3044 2648 3082 annos
2687 3029 2923 3099 singulos
2968 3044 3155 3082 novum
3199 3027 3431 3081 chrisma
3465 3028 3727 3097 conﬁcia-

2293 3112 2399 3164 tur,
2425 3110 2475 3152 et
2510 3108 2652 3154 vetus
2686 3099 3023 3154 incendatur.

2150 3188 2215 3247 ll.
2255 3189 2331 3313 Dte
2363 3191 2616 3313 episcqlpis
2669 3208 2775 3246 non
2808 3191 3127 3245 accusandis
3157 3207 3218 3244 ac
3258 3190 3727 3246 obtrectationibus

2314 3277 2503 3313 aceran
2546 3279 2612 3313 ιδ.
3566 3288 3575 3295 -

2314 3277 2612 3317 aceranats.
3566 3288 3575 3295 ‘

2224 3394 2488 3451 FABIANUS
2511 3396 2803 3468 episcopus
2824 3396 2978 3452 urbis
3007 3395 3214 3461 Romae,
3248 3396 3507 3452 omnibus
3528 3396 3733 3452 Orien-

2154 3487 2355 3543 talibus
2401 3488 2676 3559 episcopis
2734 3496 2788 3542 et
2834 3488 3048 3543 cunctis
3090 3487 3377 3554 ﬁdelibus,
3412 3488 3465 3542 in
3491 3486 3734 3545 Domino

2154 3580 2406 3635 salutem.

2225 3672 2408 3745 Exigit
2450 3671 2671 3728 dilectio
2704 3678 2883 3727 vestra
2911 3670 3058 3726 sedis
3089 3670 3406 3741 apostolicae
3438 3673 3689 3727 consulta
3710 3716 3727 3738 ,

2153 3780 2276 3836 quae
2300 3765 2455 3821 vobis
2484 3765 2757 3835 denegare
2809 3779 2921 3819 non
2967 3778 3262 3833 possumus
3305 3778 3407 3819 nec
3438 3764 3724 3820 debemus.

2155 3856 2270 3913 Hoc
2300 3866 2482 3913 autem
2512 3866 2563 3913 et
2597 3858 3029 3928 praedecessores
3058 3865 3278 3913 nostros
3307 3857 3604 3912 multarum
3636 3872 3732 3910 re-

2156 3951 2377 4022 gionum
2411 3950 2681 4021 episcopis
2731 3951 2912 4020 egisse
2939 3950 3141 4020 liquet;
3182 3958 3237 4004 et
3266 3965 3387 4016 nos,
3424 3949 3518 4021 qui
3545 3950 3601 4004 in
3632 3964 3730 4004 ea—

2155 4045 2278 4100 dem
2309 4043 2457 4111 sede,
2491 4044 2722 4098 Domino
2738 4043 3023 4114 largiente,
3053 4042 3300 4098 collocati
3318 4060 3540 4106 sumus,
3565 4057 3733 4112 agere

2157 4137 2355 4191 debere
2425 4135 2667 4190 fraterna
2712 4136 2952 4191 cbaritas
3005 4144 3060 4190 et
3120 4136 3438 4191 obedientite
3484 4134 3729 4190 debitum

2157 4226 2453 4296 compellit.
2476 4225 2619 4281 Cura
2665 4237 2749 4282 est
2798 4242 2932 4296 ergo
2965 4236 3161 4282 vestrae
3188 4225 3542 4282 sollicitudini
3571 4226 3733 4280 adbi-

2158 4319 2356 4386 benda,
2395 4328 2454 4374 ut
2482 4334 2568 4386 ea,
2597 4335 2718 4389 quae
2749 4327 2876 4374 sunt
2904 4320 2973 4374 ab
3004 4319 3267 4390 apostolis
3284 4334 3583 4389 eorumque
3609 4335 3733 4374 suc-

2157 4411 2471 4468 cessoribus
2515 4411 2801 4477 ordinata,
2840 4421 2895 4466 et
2948 4412 3246 4483 instigante
3282 4420 3468 4467 sancto
3519 4411 3729 4481 Spiritu

2158 4505 2405 4560 instituta
2427 4503 2494 4571 δι,
2523 4518 2623 4559 nec
2645 4504 3013 4560 dissimulatio
3038 4504 3309 4575 negligere
3330 4544 3346 4571 ,
3394 4519 3494 4558 nec
3542 4503 3731 4572 aliqua

480 4597 631 4651 tis“.
666 4595 1045 4667 Summopere,
1082 4595 1425 4663 charissimi,
1456 4595 1593 4650 tales
1632 4593 1857 4649 cavendi
1886 4600 2045 4658 sunt,
2079 4588 2130 4685 θ’
2157 4596 2507 4667 praesumptio
2538 4596 2716 4651 valeat
2739 4596 3078 4666 perturbare.
3118 4594 3224 4651 Sed
3261 4596 3406 4651 sicut
3429 4596 3554 4661 hoc,
3577 4593 3732 4665 quod

478 4704 533 4750 et
564 4696 841 4751 avertendi
876 4704 1039 4765 atque
1069 4693 1372 4764 rejiciendi,
1407 4693 1455 4749 si
1486 4702 1747 4748 nocentes
1777 4705 2047 4762 apparue-

480 4788 625 4854 rint;
652 4788 780 4858 quia
823 4804 933 4842 non
967 4788 1146 4843 solum
1174 4786 1557 4843 ecclesiasticae
1580 4826 1597 4852 ,
1624 4776 1725 4840 'scd
1753 4784 1914 4840 etiam
1948 4799 2050 4839 saa-

481 4880 589 4934 culi
621 4881 764 4950 leges
785 4896 844 4935 se
872 4882 914 4912 ⁸¹
943 4888 1203 4935 nocentes
1243 4894 1351 4933 non
1383 4878 1712 4948 suscipiunt,
1735 4876 1829 4933 sed
1865 4874 2043 4945 repel-

480 4976 620 5027 lunt.
646 4969 802 5027 Unde
833 4971 1097 5042 scriptum
1130 4980 1213 5027 est
1248 4989 1260 5024 :
1298 4971 1370 5026 03
1401 4971 1683 5040 impiorum
1707 4969 1918 5023 devorat
1950 4967 2054 5021 ini-

481 5068 739 5135 quitatem
768 5065 834 5117 ³³.
877 5062 943 5118 Et
972 5062 1238 5118 Dominus
1277 5079 1373 5134 per
1413 5063 1742 5133 Prophetam
1772 5061 2048 5132 loquitur,

481 5159 704 5215 dicens:
735 5157 868 5213 Cum
913 5167 1095 5212 sancto
1140 5168 1355 5213 sanctus
1400 5158 1524 5225 eris,
1569 5166 1621 5211 et
1661 5172 1782 5210 cum
1814 5170 2050 5226 perverso

549 5281 594 5352 'f
626 5277 924 5352 Fideliluis.
997 5277 1043 5311 ³³
1075 5279 1241 5352 11τη.
1272 5277 1531 5352 εῦνίὸἱριῃΔ
1567 5274 1801 5352 apostoli
1841 5278 2168 5352 statuerunt.
2231 5274 2310 5352 Αξδ
2350 5274 2719 5352 εαηλίιιζμξξ

1480 5327 1534 5399 Si
1567 5327 1859 5401 iiiriniicus.
1917 5344 1963 5376 ’⁸
1990 5343 2147 5411 epist.
2181 5335 2491 5411 t‘Clementi
2526 5335 2723 5411 tributa
2744 5327 3099 5411 exurersioiie
3137 5327 3522 5411 Quiini‘Patr‘.
3548 5344 3553 5381 ι
3576 5327 3616 5382 t.
3674 5327 3721 5381 l.

2144 5412 2188 5442 ³⁸
2214 5409 2377 5463 Prov.
2408 5422 2522 5467 XIX,
2549 5405 2640 5459 28.

479 5352 526 5385 ⁸⁸
559 5350 715 5403 Rom.
740 5366 777 5411 i,
814 5348 901 5402 52.
1039 5351 1083 5381 ³⁷
1129 5351 1257 5403 dist.
1298 5349 1360 5401 65
1418 5366 1431 5400 :

479 5422 523 5454 ’θ
557 5421 617 5476 S.
649 5419 757 5473 Leo
788 5436 872 5489 ep.
906 5421 960 5474 2.
1039 5420 1082 5450 ⁸ο
1108 5419 1237 5489 Sap.
1262 5433 1329 5489 v,
1353 5417 1439 5470 15.
1517 5415 1558 5448 ³³
1584 5417 1921 5489 θιξεειλρελθ
1946 5429 2049 5468 ms.

482 5492 572 5547 35.
603 5474 614 5476 ἡ
650 5491 693 5522 ³⁸
727 5492 784 5545 S.
824 5474 950 5544 'Leo
988 5506 1072 5557 ep.
1103 5491 1155 5544 4.
1184 5474 1198 5489 ³
1230 5488 1275 5519 ³⁸
1302 5474 1461 5541 idem
1508 5502 1593 5555 ep.
1626 5485 1680 5539 2.
1742 5474 1973 5557 "fidem
2013 5499 2043 5536 e

2155 5484 2183 5534 ι.
2224 5480 2305 5557 ,³⁸
2332 5477 2392 5533 S.
2422 5474 2601 5557 Bonif.

2150 4687 2380 4743 rationis
2437 4688 2686 4759 exigebat
2731 4688 2969 4754 utilitas,
3024 4688 3267 4759 oportuit
3324 4686 3590 4756 difﬁnire;
3653 4686 3729 4742 ita

2165 4782 2311 4853 quod
2338 4780 2623 4836 diﬂinitum
2654 4791 2758 4849 est,
2800 4796 2909 4836 non
2930 4780 3088 4836 debet
3114 4778 3323 4835 violari.

2899 4938 2944 4991 Ι.

2224 5054 2442 5109 Litteris
2472 5058 2667 5109 vestris
2696 5068 2822 5108 vero
2856 5053 2996 5108 inter
3026 5061 3219 5108 caetera
3251 5053 3516 5108 insertum
3560 5053 3719 5108 inve'

2155 5148 2338 5203 nimus
2367 5147 2433 5214 “,
2465 5146 2730 5216 quosdam
2761 5146 3003 5216 regionis
3036 5154 3231 5201 vestrae
3279 5145 3570 5215 episcopos
3608 5143 3730 5214 (l9)

2263 5267 2310 5299 “
2350 5282 2473 5321 can.
2499 5264 2584 5317 11.
2676 5264 2719 5295 ³⁵
2759 5278 2880 5317 ean.
2918 5262 2978 5316 1ι
3014 5270 3186 5332 apost.
3224 5261 3417 5332 interp.
3447 5257 3727 5332 Dionysio.

3337 5401 3382 5432 “
3420 5401 3439 5453 ι
3470 5398 3595 5454 Cor.
3635 5415 3725 5462 xv,

3360 5469 3485 5523 $36.
3584 5470 3628 5501 “
3664 5469 3722 5523 S.

2742 5403 2787 5434 ³⁸
2818 5403 2958 5456 Psal.
2992 5418 3120 5470 xvn,
3151 5402 3242 5456 26.

2691 5474 2735 5506 ³⁹
2764 5472 3042 5527 Maximo.
3140 5472 3187 5504 ‘°
3241 5487 3331 5527 an.
3360 5469 3485 5524 ‘2'56.

482 5560 643 5627 Creg.
673 5563 832 5631 epist.
866 5561 989 5626 117,
1019 5547 1113 5614 lib.
1147 5576 1240 5613 vn.
1317 5559 1362 5590 δ’
1395 5559 1463 5615 de
1493 5547 1738 5611 consecr.
1774 5554 1900 5610 dist.
1938 5555 1971 5607 ὃ
2001 5572 2014 5608 :
2048 5547 2269 5606 Litteris
2316 5547 2531 5603 vestris.

553 5658 1124 5729 (l8)AApocrypham_
1181 5654 1460 5729 nonnullis
1540 5650 1708 5729 videri
1774 5655 2041 5729 testantur

483 5730 524 5784 Β
560 5720 828 5793 11.,Ῥοὲδ.
859 5720 1059 5798 aliique
1087 5724 1378 5798 Catholici,
1411 5734 1464 5779 et
1488 5724 1655 5798 multa
1686 5720 1935 5790 probant.
2016 5786 2050 5798 ‘-

553 5799 667 5869 (l9)
704 5793 1034 5869 .Episcopos.
1076 5797 1354 5869 Iudicatur
1394 5794 1676 5869 materiam
1730 5793 2053 5869 sacramenti

483 5887 514 5924 c
536 5864 929 5924 inﬁrmationis'
953 5882 1074 5922 esse
1104 5865 1377 5929 chrisma,
1413 5864 1554 5932 quod
1592 5870 1676 5932 est
1720 5865 2052 5926 unguentum

484 5958 551 5994 ex
584 5940 705 5996 oleo
727 5947 785 5995 et
817 5938 1060 5992 balsamo
1096 5936 1340 6003 mistum,
1386 5930 1444 5989 et
1475 5934 1542 5987 ab
1581 5930 1836 6003 episcopo
1866 5940 2054 5981 conse-

2159 5653 2390 5715 cratum.
2422 5641 2499 5715 Ex
2531 5656 2597 5695 eo
2628 5639 2773 5715 enim
2801 5638 2944 5715 quod
2964 5637 3205 5715 _seribit,_
3240 5634 3515 5715 Christum
3557 5634 3725 5715 ritum

2160 5712 2480 5768 conﬁciendi
2515 5711 2792 5781 apostolos
2816 5704 3069 5763 docuisse
3089 5705 3583 5781 ,Uutiquealiquani
3610 5704 3708 5781 for

2162 5798 2305 5837 mam
2336 5774 2681 5837 benedicendi
2706 5788 2759 5833 et
2782 5779 3136 5833 consecrandi
3163 5774 3474 5841 tradidisse,
3494 5774 3722 5828 dubium

2162 5867 2269 5906 non
2316 5858 2418 5923 e_st.
2468 5850 2651 5923 Unde_
2672 5859 3031 5923 praeterquam
3075 5849 3219 5918 quod
3266 5844 3593 5923 sanctissimi
3623 5842 3726 5923 Pa-

2166 5932 2294 5991 tres,
2318 5920 2583 5986 Clemens,
2622 5914 2946 5983 Dionysius,
2978 5914 3235 5987 lreiileus,
3271 5914 3521 5971 Urbanus
3548 5914 3727 5975 ponti-
