4006 6356
235 402 335 459 {89

1666 399 2045 458 EPISTOLAS.

3378 389 3473 443 I90

232 526 483 575 avestro
517 528 824 591 nostroque
852 521 1045 576 ordine
1093 519 1402 590 discrepare
1424 561 1440 586 ,
1484 529 1539 575 et
1571 534 1679 575 non
1709 537 1803 592 per
1829 526 1877 581 Α
1902 519 2227 591 sumptionis
2273 517 2578 584 delabitur;
2623 524 2680 571 et
2728 516 3038 573 nullatenus
3088 514 3296 571 eruitur
3319 554 3336 581 ,
3368 514 3473 569 nisi

238 608 487 678 singulos
518 623 698 664 annos
735 610 791 664 in
822 608 992 666 Coena
1024 608 1240 663 Domini
1264 609 1499 689 chrisma
1520 610 1804 678 conﬁcere,

235 698 325 753 sed
350 698 497 753 duos
526 707 625 753 aut
656 708 767 754 tres
798 715 977 755 annos
1004 698 1400 754 confectionem
1452 701 1626 756 sancti
1654 701 1806 763 chri-

235 789 425 846 smatis
448 792 623 846 semel
650 802 826 847 actam
860 806 1203 847 conservare.
1233 790 1428 847 Dicunt
1471 793 1642 858 enim,
1670 802 1729 847 ut
1755 794 1806 847 in

234 886 565 940 memoratis
604 886 854 955 apicibus
884 885 1188 954 reperimus
1207 925 1221 951 ,
1258 901 1357 941 nec
1383 886 1687 940 balsamum
1715 901 1812 955 per

234 976 487 1045 singulos
534 991 711 1031 annos
737 992 893 1046 posse
929 976 1178 1046 reperiri,
1208 992 1308 1031 nec
1328 991 1551 1032 necesse
1579 976 1694 1031 fore
1718 992 1814 1046 per

232 1067 484 1136 singulos
546 1083 723 1123 annos
770 1068 1008 1122 chrisma
1047 1069 1353 1133 conﬁcere,
1394 1069 1488 1123 sed
1544 1069 1673 1124 dum
1704 1083 1811 1122 una

234 1157 515 1213 confectio
566 1158 880 1213 chrismatis
908 1158 1184 1225 abundat,
1228 1159 1390 1213 aliam
1428 1159 1546 1214 ﬁeri
1593 1174 1813 1214 necesse

237 1269 337 1309 non
364 1253 605 1308 habere.
638 1252 838 1308 Errant
869 1254 1014 1308 enim
1044 1254 1139 1324 qui
1182 1254 1312 1308 talia
1352 1253 1811 1324 excogitant”-“,

233 1354 283 1400 et
307 1356 505 1401 mente
533 1362 741 1401 vesana
764 1347 947 1416 potius
981 1363 1141 1417 quam
1192 1355 1335 1402 recta
1359 1346 1675 1412 sentientes,
1698 1347 1813 1402 haec

234 1436 449 1490 dicunt.
482 1434 545 1489 In
580 1437 673 1490 illa
705 1438 850 1492 enim
888 1436 976 1492 die
1025 1435 1291 1491 Dominus
1318 1435 1429 1507 (‘20)
1458 1434 1636 1502 Jesus,
1666 1446 1813 1506 post-

234 1542 396 1596 quam
436 1527 687 1581 coenavit
734 1543 860 1582 cum
908 1528 1189 1598 discipulis
1219 1527 1355 1594 suis,
1380 1536 1435 1583 et
1466 1528 1599 1584 lavit
1621 1543 1811 1583 eorum

234 1619 420 1689 pedes,
449 1620 601 1675 sicut
627 1636 659 1675 a
685 1621 889 1676 sanctis
912 1621 1172 1691 apostolis
1189 1620 1619 1690 pradecessores
1637 1623 1813 1677 nostri

234 1717 593 1777 acceperunt,
617 1709 886 1779 nobisque
909 1709 1267 1779 reliquerunt,
1290 1708 1528 1765 chrisma
1548 1711 1814 1766 conﬁcere

234 1800 437 1855 docuit.
463 1800 592 1869 Ipsa
632 1801 776 1855 enim
827 1800 1023 1856 lavatio
1060 1801 1281 1871 pedum,
1343 1811 1590 1867 nostrum
1641 1802 1813 1871 signi-

1906 609 2251 680 prudentium
2286 606 2679 662 sustentatione
2717 614 2771 661 et
2815 605 3152 661 correctione
3193 602 3471 657 liberetur.

1908 700 2002 756 llla
2035 709 2239 767 autem,
2285 714 2407 769 quae
2463 698 2609 753 circa
2657 696 2841 751 divina
2880 694 3144 768 mysteria
3177 704 3232 749 et
3274 708 3401 763 erga
3429 692 3475 724 ⁸³

1907 792 2278 862 baptizandos,
2338 790 2393 844 in
2439 789 2694 844 universo
2751 788 2955 842 mundo
2991 798 3181 841 sancta
3236 785 3474 840 Ecclesia

1910 884 2257 941 uniformiter
2290 882 2422 952 agit,
2452 897 2559 936 non
2584 881 2761 935 otioso
2798 878 3211 947 contemplanda
3238 885 3364 932 sunt
3390 877 3476 929 in—

1909 976 2078 1040 tuitu,
2133 989 2199 1028 ne
2246 974 2425 1027 locum
2468 972 2818 1041 supervacuis
2869 970 3261 1024 intentionibus
3292 976 3344 1023 et
3378 984 3476 1023 su-

1909 1065 2325 1137 perstitionibus
2365 1063 2650 1118 faciamus.
2684 1062 2866 1116 Rudes
2892 1077 3022 1132 ergo
3049 1062 3282 1116 ﬁdelium
3319 1076 3475 1115 men-

1910 1165 1991 1212 tes
2019 1157 2086 1211 ad
2118 1155 2246 1210 talia
2301 1170 2409 1208 non
2459 1154 2720 1208 debemus
2764 1152 3043 1217 inducere,
3096 1151 3223 1221 quia
3247 1150 3473 1204 docendi

1910 1249 2090 1320 potius
2142 1255 2289 1311 sunt,
2337 1261 2499 1316 quam
2543 1244 2801 1299 illudendi
2829 1244 2896 1296 “.
2936 1243 3016 1296 Ad
3052 1252 3297 1297 nostram
3329 1243 3473 1295 enim

1911 1342 2152 1397 laetitiam
2182 1338 2462 1395 benefacta
2501 1337 2850 1407 perveniunt,
2878 1345 2933 1389 et
2965 1334 3217 1389 mteroris
3273 1333 3479 1388 aculeis

1912 1446 2034 1497 nos,
2069 1445 2190 1500 qua:
2215 1426 2416 1482 fuerint
2432 1426 2571 1480 male
2592 1423 2754 1490 facta,
2780 1431 3029 1493 pungunt
3052 1421 3119 1473 ⁸ο.
3155 1418 3255 1473 Hic
3281 1418 3327 1450 ’ί
3347 1432 3479 1472 vero

1912 1522 2053 1576 inter
2073 1535 2268 1575 manus
2289 1519 2561 1573 latronum
2586 1523 2641 1570 et
2662 1515 2853 1570 dentes
2875 1515 3124 1584 luporum
3156 1511 3476 1576 furentium,

1928 1623 2202 1682 utcunque
2232 1625 2570 1675 .versamur,
2620 1617 2672 1663 et
2720 1615 3068 1662 contumaces
3109 1612 3236 1659 sunt
3280 1601 3480 1657 subditi

1913 1712 2076 1776 atque
2109 1716 2260 1756 oves.
2295 1699 2429 1754 Nam
2478 1700 2680 1753 latratu
2726 1712 2925 1753 canum
2958 1697 3026 1760 ",
3050 1695 3351 1763 baculoque
3382 1708 3481 1762 pa-

1916 1794 2082 1849 storis
2103 1833 2118 1857 ,
2156 1793 2410 1862 luporum
2446 1791 2628 1845 rabies
2662 1787 2983 1844 deterrenda
3005 1796 3106 1842 est.
3134 1786 3181 1820 ⁸³
3215 1786 3306 1839 Illa
3350 1798 3480 1838 vero

240 1887 354 1942 ticat
383 1860 760 1958 baptismum,
790 1890 1009 1959 quando
1028 1860 1201 1946 sancti
1227 1860 1536 1948 chrismatis
1560 1860 1815 1947 unctione
1846 1860 1887 1919 Β
1916 1900 2039 1956 quae
2070 1860 2329 1938 fomentis
2358 1898 2461 1936 non
2491 1890 2753 1936 Sanantur
2778 1879 3026 1942 vulnera,
3056 1876 3201 1931 ferro
3230 1872 3477 1929 abscindi

235 1977 519 2047 perﬁcitur
589 1988 754 2049 atque
818 1979 1189 2038 conﬁrmatur.
1245 1980 1382 2037 Nam
1464 1984 1606 2039 sicut
1642 1982 1813 2052 ipsius

236 2070 326 2122 diei
357 2070 704 2126 solemnitas
739 2086 838 2140 per
877 2070 1119 2142 singulos
1151 2089 1326 2129 annos
1357 2081 1442 2129 est
1465 2073 1811 2139 celebranda,

234 2160 299 2214 ita
320 2160 511 2230 ipsius
560 2164 736 2217 sancti
768 2164 1080 2221 chrismatis
1129 2165 1398 2222 confectio
1434 2183 1530 2238 per
1570 2168 1813 2239 singulos

235 2269 403 2309 annos
436 2265 529 2309 est
565 2256 775 2326 agenda
797 2296 813 2322 ,
847 2264 899 2310 et
931 2256 996 2311 de
1025 2272 1168 2312 anno
1213 2257 1267 2311 in
1297 2274 1499 2313 annum
1540 2274 1811 2314 renovan-

233 2346 315 2409 da,
335 2354 399 2400 et
422 2345 687 2400 ﬁdelibus
709 2344 974 2400 tradenda
999 2365 1013 2413 ;
1035 2347 1161 2417 quia
1184 2363 1384 2404 novum
1410 2360 1810 2406 sacramentum

231 2446 308 2492 est
349 2451 456 2506 per
500 2436 755 2508 singulos
788 2451 965 2492 annos
988 2447 1041 2492 et
1062 2437 1176 2507 jam
1226 2440 1374 2495 dicto
1419 2441 1507 2495 die
1548 2442 1813 2495 innovan-

233 2526 377 2590 dum,
417 2535 475 2580 et
506 2535 669 2580 vetus
701 2526 757 2578 in
786 2526 991 2582 sanctis
1019 2528 1269 2584 ecclesiis
1297 2532 1670 2586 cremandum.
1704 2531 1811 2587 Ista

235 2633 262 2670 a
291 2617 508 2672 sanctis
542 2617 809 2685 apostolis
833 2627 886 2671 et
926 2621 1335 2676 successoribus
1381 2638 1570 2677 eorum
1595 2625 1811 2694 accepi-

236 2724 383 2774 mus,
422 2708 703 2779 vobisque
758 2710 989 2765 tenenda
1039 2713 1382 2768 mandamus.
1444 2714 1568 2770 Haec
1622 2725 1805 2770 sancta

237 2798 477 2854 Romana
520 2799 788 2864 Ecclesia,
822 2810 876 2856 et
901 2802 1239 2858 Antiochena
1264 2821 1295 2858 a
1321 2814 1563 2875 tempore
1594 2816 1811 2877 aposto-

237 2888 398 2942 lorum
430 2890 710 2956 custodit;
745 2890 858 2945 hzec
885 2890 1388 2965 Hierosolymorum
1418 2904 1471 2951 et
1502 2895 1806 2966 Ephesino-

238 2993 350 3031 rum
402 2987 581 3034 tenet.
628 2980 691 3033 In
741 2982 939 3050 quibus
981 2983 1212 3053 apostoli
1269 2985 1652 3054 praesidentes,
1694 2988 1810 3044 haec

239 3070 564 3137 docuerunt,
626 3079 682 3126 et
726 3084 881 3127 vetus
932 3074 1168 3129 chrisma
1200 3075 1437 3142 incendi,
1466 3086 1518 3131 et
1550 3092 1662 3131 non
1689 3094 1806 3133 am-

241 3162 373 3231 plius
422 3178 600 3233 quam
669 3179 780 3217 uno
840 3180 986 3219 anno
1041 3167 1155 3234 uti,
1204 3168 1593 3236 permiserunt,
1648 3180 1808 3240 atque

243 3254 488 3325 deinceps
520 3270 672 3309 novo
702 3254 834 3319 frui,
866 3266 921 3310 et
947 3272 1054 3310 non
1096 3258 1302 3324 veteri,
1330 3258 1585 3327 jnhentes
1608 3259 1808 3315 docue—

246 3355 381 3400 runt.
412 3344 470 3399 Si
506 3346 642 3416 quis
685 3360 818 3416 ergo
866 3346 953 3400 his
982 3346 1209 3400 obviare
1241 3349 1561 3413 tentaverit,
1594 3364 1809 3403 omnem

249 3437 348 3490 sibi
386 3454 484 3507 per
511 3452 617 3491 vos
643 3437 709 3502 “,
736 3444 790 3491 et
818 3452 911 3506 per
935 3452 1127 3492 omnes
1161 3448 1309 3493 recte
1345 3439 1709 3510 intelligentes
1743 3440 1810 3506 “,

253 3528 581 3599 indulgentia:
614 3529 824 3583 aditum
859 3529 1116 3600 intelligat
1136 3531 1480 3597 obseratum;
1514 3534 1641 3602 quia
1688 3548 1812 3602 pra-

260 3622 587 3676 vissimarum
617 3621 886 3676 mentium
911 3636 1165 3690 perversa
1192 3622 1460 3691 doctrina,
1477 3623 1606 3678 dum
1628 3624 1809 3679 indul-

267 3715 461 3782 gentius
509 3715 685 3770 frenis
728 3714 901 3769 utitur
926 3714 992 3775 ".
1027 3714 1081 3769 in
1140 3716 1638 3784 praevaricationem
1672 3730 1809 3786 prai-

327 3869 439 3940 δξκδε
478 3871 549 3923 De
605 3887 883 3940 consecr.,
923 3874 1049 3928 dist.
1120 3874 1154 3928 3
1207 3893 1221 3928 :
1274 3872 1491 3927 Litteris
1521 3874 1737 3930 vestris.

250 3941 317 3995 ad
342 3939 506 3995 Milev.
532 3941 643 3997 PP.

251 4011 407 4081 tibus,
443 4028 564 4081 cap.
602 4012 654 4065 7.

737 3888 883 3940 secr.,
923 3874 1049 3928 dist.
1120 3874 1154 3928 3
1207 3893 1221 3928 :
1274 3874 1491 3927 Litteris
1521 3874 1737 3930 vestris.
1853 3874 1898 3907 ⁴⁸
1930 3888 2050 3928 nos.
2186 3874 2231 3903 “

737 3943 780 3974 ’⁵⁸
811 3944 1036 4015 C_-.el.__ad
1068 3943 1270 4015 Gallos
1288 3960 1410 4015 cap.
1451 3943 1545 4015 ξε.
1610 3943 1656 3977 ⁸⁹
1684 3947 1823 3998 idem
1852 3961 1938 4015 ep.
1974 3944 2028 4006 2,
2061 3959 2180 4012 cap.
2212 3943 2264 3997 1.

762 4015 807 4044 ⁵¹
838 4012 894 4067 S.
927 4011 1068 4067 Hier.
1097 4029 1180 4082 ep.
1206 4012 1294 4067 83.
1371 4013 1414 4044 ⁸³
1447 4013 1605 4067 Siric.
1635 4030 1759 4067 mox
1793 4011 1903 4070 cit:
1960 4015 2007 4047 “
2043 4011 2175 4069 Cael.
2225 4029 2309 4082 ep.
2341 4012 2396 4077 Ξ,
2420 4028 2470 4066 c.
2500 4013 2550 4065 1.

1913 1989 2135 2029 necesse
2166 1979 2268 2027 est.
2293 1970 2402 2025 Nec
2428 1971 2588 2026 silere
2610 1969 2656 2001 ⁵⁸
2680 1983 2992 2039 possumus,
3025 1975 3085 2019 ut
3127 1981 3250 2021 cum
3288 1965 3377 2019 hic
3411 1963 3479 2018 ab

1912 2066 2112 2122 illicitis
2138 2077 2458 2119 revocemus
2482 2062 2715 2131 aliquos,
2740 2058 2900 2114 oﬁicii
2923 2058 3094 2113 nostri
3118 2071 3479 2127 provocamur

1913 2160 2195 2225 instinctu,
2242 2158 2296 2214 in
2329 2156 2564 2226 speculis
2600 2170 2630 2208 a
2670 2152 2901 2207 Domino
2926 2150 3225 2215 constituti,
3255 2158 3311 2204 ut
3344 2147 3481 2221 vigi-

1910 2251 2095 2306 lantiae
2136 2257 2336 2305 nostra:
2380 2246 2711 2316 diligentiam
2769 2243 3218 2314 comprobantes,
3264 2249 3319 2296 et
3360 2257 3479 2311 qua;

1910 2341 2205 2398 coercenda
2225 2347 2353 2393 sunt
2368 2352 2672 2393 resecemus
2688 2335 2757 2401 ⁸⁵,
2774 2344 2960 2407 etquae
2984 2334 3319 2390 observanda
3343 2346 3475 2390 sunt

1911 2447 2233 2490 censeamus
2263 2430 2330 2485 ⁸⁸.

2660 2518 2726 2574 Il.

1979 2616 2279 2672 Consulere
2332 2616 2495 2670 etiam
2546 2628 2668 2679 nos,
2724 2620 2783 2666 ut
2838 2613 2893 2664 in
2954 2609 3225 2680 przedictis
3283 2609 3479 2664 litteris

1909 2706 2106 2761 vestris
2153 2704 2485 2764 invenimus.
2532 2716 2695 2771 super
2731 2700 3085 2755 accusatione
3134 2701 3477 2754 sacerdotum

1907 2797 2191 2860 voluistis,
2228 2810 2373 2866 quae
2431 2794 2625 2864 oppido
2673 2791 2813 2862 apud
2871 2807 3003 2857 vos,
3073 2800 3131 2844 ut
3176 2790 3228 2843 in
3274 2790 3477 2845 eisdem

1909 2890 2153 2959 apicibus
2196 2887 2523 2957 reperimus,
2576 2885 2887 2941 crebrescit.
2925 2883 3284 2952 Signiticastis
3327 2883 3478 2937 insu-

1907 2997 2003 3051 per
2026 2981 2094 3044 ⁸⁷,
2146 2980 2434 3050 plerosque
2479 2978 2788 3042 attendere,
2823 2976 3022 3030 multos
3049 2976 3102 3028 in
3138 2975 3273 3045 ipsis
3304 2976 3478 3030 hono-

1906 3073 2059 3128 ribus
2085 3071 2467 3127 ccclesiasticis
2494 3087 2603 3125 non
2634 3077 2993 3139 congruenter
3047 3068 3234 3122 viVere
3262 3083 3477 3123 sermo-

1835 3199 1876 3257 Ο
1910 3164 2074 3242 nibus
2126 3173 2179 3218 et
2214 3162 2596 3219 asacramentis
2625 3162 2671 3194 ⁸⁸
2718 3176 2840 3230 quae
2866 3176 2961 3230 per
2986 3175 3083 3215 eos
3130 3161 3346 3230 populis
3377 3160 3479 3214 mi-

1910 3254 2233 3309 nistrantur.
2262 3252 2307 3307 Ο
2329 3254 2560 3307 miseros
2591 3252 2860 3316 homines,
2891 3250 2983 3319 qui
3030 3250 3129 3304 hos
3177 3250 3438 3305 intuendo
3460 3293 3476 3316 ,

1910 3346 2185 3401 Christum
2236 3344 2628 3399 obliviscuntur
2659 3362 2672 3398 :
2709 3343 2803 3413 qui
2859 3351 2912 3396 et
2962 3343 3133 3396 multo
3170 3351 3293 3396 ante
3338 3357 3477 3411 prte-

1910 3438 2068 3504 dixit,
2105 3449 2165 3491 ut
2199 3436 2301 3506 legi
2357 3435 2447 3490 Dei
2492 3437 2671 3505 potius
2707 3437 3132 3503 obtemperetur,
3161 3450 3324 3503 quam
3354 3433 3480 3488 imi-

1912 3529 2059 3584 tandi
2091 3528 2376 3582 videantur
2400 3527 2498 3591 illi,
2530 3528 2623 3596 qui
2649 3543 2712 3581 ea
2740 3543 2860 3598 qua:
2881 3527 3088 3591 dicunt,
3108 3541 3214 3580 non
3236 3524 3475 3592 faciunt;

1912 3632 1961 3677 et
1987 3621 2300 3675 traditorem
2341 3634 2499 3673 suum
2531 3619 2766 3673 tolerans
2790 3659 2804 3682 ,
2830 3633 3002 3688 usque
3035 3619 3087 3670 in
3118 3619 3276 3672 tinem
3307 3617 3470 3672 etiam

1913 3712 1979 3768 ad
2011 3712 2489 3782 evangelizandum
2522 3726 2646 3766 cum
2674 3711 2887 3766 caneris
2911 3709 3228 3765 misit.Nam
3245 3710 3478 3779 apostoli

2186 3872 2231 3903 “
2270 3872 2497 3927 Siricius
2524 3888 2609 3941 ep.
2672 3889 2710 3937 l,
2745 3887 2794 3926 c.
2836 3872 2886 3925 7.
2986 3871 3031 3903 ’⁵⁷
3071 3869 3253 3925 lnnoc.
3294 3886 3376 3939 ep.
3406 3871 3477 3925 25

2337 3944 2382 3974 ⁸ο
2413 3952 2799 4010 compungunt.
2877 3943 2918 3973 ⁸¹
2951 3942 3007 3995 S.
3038 3945 3173 4010 Aug.
3198 3945 3263 3994 de
3294 3949 3476 4009 pasto-

2625 4012 2670 4043 ”
2705 4027 3003 4068 servemus.
3078 4012 3123 4043 ⁵⁸
3154 4012 3474 4066 sentiamus.

244 4078 289 4111 ³⁷
322 4082 370 4135 1.
399 4099 453 4152 q.
494 4078 561 4137 1':
592 4082 954 4151 Signiﬁcastis
981 4078 1218 4153 insuper.
1294 4084 1339 4115 ⁸⁸
1364 4082 1427 4138 S.
1448 4083 1794 4154 Augustalib.
1814 4101 1844 4139 ι.
1870 4086 2041 4152 hom.,
2079 4085 2229 4139 hom.
2258 4078 2400 4150 'ult.,
2424 4098 2545 4152 cap.
2582 4082 2670 4137 15.

240 4243 319 4297 fex
347 4245 584 4311 epistola
624 4259 748 4308 sua,
785 4253 892 4300 etc.
922 4283 937 4307 ,
976 4245 1076 4299 hoc
1101 4244 1227 4300 alibi
1259 4255 1506 4300 sanctum
1532 4248 1767 4314 chrisma
1795 4288 1811 4314 ,

236 4315 352 4384 alibi
392 4323 738 4384 unguentum
776 4316 1170 4370 sanctilicatum
1213 4317 1529 4384 nominent,
1566 4313 1814 4375 conciliis

232 4383 545 4439 Florentino
567 4393 625 4437 et
650 4383 968 4455 Tridentino
998 4401 1139 4439 nunc
1175 4396 1358 4455 aperte
1380 4387 1658 4442 deﬁnitum
1700 4390 1832 4454 est}

232 4457 368 4525 quod
402 4457 684 4508 universa:
712 4450 982 4517 Ecclesia},
1004 4471 1076 4525 ex
1114 4450 1453 4511 institutione
1481 4457 1707 4523 Christi,
1737 4450 1806 4514 ab

230 4527 504 4593 apostolis
539 4525 804 4579 traditum
830 4535 966 4579 erat.
1001 4524 1277 4587 Bellarm.,
1315 4527 1516 4582 Suarez
1541 4568 1556 4591 ,
1591 4528 1801 4586 Valent.

231 4595 293 4648 de
318 4612 565 4650 sacram.
613 4597 864 4648 conﬁrm.
901 4594 1051 4665 Hanc
1078 4597 1362 4665 epistolam
1397 4595 1724 4653 Possevinns
1749 4601 1801 4652 in

231 4675 505 4732 Apparuit:
528 4665 899 4736 sacropverbo
927 4664 1218 4729 Fabianus,
1250 4682 1280 4721 a
1319 4667 1677 4736 quibusdam,
1710 4684 1804 4721 nec

228 4736 334 4787 scio
381 4736 619 4805 quibus,
654 4734 1207 4805 velutiapocrypham
1258 4734 1406 4805 rejici
1454 4739 1665 4792 asserit.
1699 4738 1802 4804 Qui

225 4804 699 4860 eonﬁrtnationem
738 4820 769 4858 a
804 4804 1099 4859 Melchiade
1132 4804 1430 4860 institutam
1476 4823 1595 4862 esse
1626 4808 1798 4873 aiunt,

220 4888 280 4927 ex
323 4875 434 4931 hac
489 4884 547 4946 et
586 4874 938 4946 praecedentis
984 4873 1189 4931 Urbani
1220 4879 1449 4946 epistola
1493 4878 1627 4933 satis
1653 4878 1801 4933 refu-

222 4955 428 5001 tantur.
481 4942 614 4999 Ssv‘.
656 4942 775 4997 Bis.

287 5016 400 5087 (20)
448 5013 519 5068 In
556 5014 653 5067 illa
684 5014 769 5087 die
800 5014 1076 5087 Dominus.
1111 5013 1183 5071 Ut
1211 5016 1445 5087 chrisma
1477 5016 1801 5072 conﬁciatur

212 5096 267 5141 et
295 5082 686 5140 consecretur
722 5082 855 5139 feria
890 5087 1079 5155 quinta
1126 5088 1179 5139 in
1206 5086 1374 5142 Cmna
1402 5085 1701 5151 Dominica,
1732 5089 1800 5142 ab

215 5156 492 5225 apostolis
518 5156 831 5208 institutum
865 5171 986 5210 esse
1012 5158 1106 5221 ait,
1134 5157 1359 5226 ideoque
1386 5157 1459 5211 ab
1476 5171 1539 5211 ea
1564 5173 1798 5212 consue-

217 5227 404 5283 tudine
443 5240 797 5296 nequaquam
822 5227 1178 5281 reccdendum
1208 5241 1328 5281 esse
1350 5226 1610 5281 decernit.
1642 5227 1798 5282 Ηιιιιο

212 5297 373 5350 ritum
430 5297 627 5349 eodem
684 5306 924 5364 tempore
972 5298 1317 5351 observatum
1365 5296 1533 5350 fuisse
1594 5298 1798 5352 indicat

210 5366 557 5436 Cyprianus,
583 5364 667 5418 vel
696 5366 947 5434 quisquis
975 5376 1164 5421 auctor
1190 5374 1275 5421 est
1300 5368 1418 5436 ejus
1442 5367 1591 5436 libri,
1628 5384 1791 5423 serm.

209 5434 470 5509 de—unct.
501 5437 761 5509 chris_m.,
786 5436 877 5509 his
900 5438 1076 5509 Verbis
1105 5455 1118 5492 :
1144 5434 1397 5509 Hod‘iein
1430 5434 1665 5490 Ecclesia
1694 5440 1798 5508 (lo-

208 5509 397 5575 quitur
423 5507 495 5562 de
516 5507 607 5561 die
633 5504 819 5560 Cumae
846 5505 1082 5575 Domini)
1115 5507 1183 5559 ad
1212 5504 1465 5576 populum
1498 5504 1798 5576 (requisitio:

209 5578 287 5629 Itis
330 5576 815 5646 sanctiﬁcandum,
868 5581 921 5629 in
973 5578 1377 5646 participatione
1428 5578 1700 5645 dignitatis
1744 5588 1795 5632 et

208 5649 441 5700 nominis
482 5661 697 5699 sacrum
740 5645 969 5698 chrisma
997 5648 1289 5715 conﬁcitur,
1336 5649 1392 5701 in
1434 5664 1534 5717 quo
1579 5650 1794 5702 mistum

209 5718 317 5769 oleo
355 5716 687 5788 balsamum,
737 5718 895 5788 regia:
934 5717 1277 5788 sacerdotalis
1326 5718 1509 5788 gloria:
1549 5721 1793 5787 exprimit

209 5789 495 5848 anitatem.
519 5785 713 5855 quibus
733 5786 1084 5855 dignitatibus
1109 5785 1407 5851 initiandis,
1439 5785 1692 5841 divinitus
1715 5799 1792 5841 est

209 5860 390 5912 unctio
418 5858 689 5911 instituta.
709 5855 909 5911 Eadem
943 5856 1281 5913 consuetudo
1315 5859 1584 5925 colligitur
1611 5873 1672 5913 ea
1698 5857 1793 5914 lsi-

1920 4250 2076 4316 doro,
2108 4248 2339 4304 Alcuino
2361 4289 2377 4311 ,
2408 4248 2647 4316 Ruperto
2667 4255 2722 4316 et
2742 4246 2862 4301 aliis
2899 4245 3138 4314 antiquis
3169 4244 3474 4316 divinorum

1846 4330 1893 4388 ι)
1920 4313 2218 4375 ofﬁciorum
2254 4313 2631 4387 scriptoribus.
2672 4315 2821 4371 Unde
2855 4317 2908 4369 in
2934 4315 3163 4369 concilio
3195 4313 3474 4388 Meldensi,

1918 4408 1968 4447 c.
1994 4390 2085 4455 46,
2112 4385 2380 4460 expresse
2395 4389 2724 4460 praecipitur,
2744 4395 2807 4460 rut
2828 4402 2973 4460 nemo
2995 4402 3203 4460 sacrum
3225 4385 3471 4460 chrisma,

1906 4462 2009 4515 nisi
2057 4463 2113 4514 in
2160 4455 2360 4531 quinta;
2387 4455 2519 4528 feria
2553 4455 2776 4531 majoris
2821 4457 3178 4531 hebdomadas,
3225 4455 3475 4531 conﬁcere

1906 4525 2210 4599 prwsumat.
2254 4528 2320 4581 Et
2349 4525 2490 4599 hanc
2515 4530 2584 4582 ob
2606 4525 2825 4581 causam
2857 4529 2908 4599 in
2943 4542 3059 4594 cap.
3096 4526 3378 4599 Quoniam,
3408 4525 3477 4579 de

1905 4594 2352 4660 sent.excomm.,
2374 4598 2427 4651 in
2453 4598 2505 4661 ﬁ,
2529 4599 2749 4663 dicitur,
2768 4598 3006 4650 chrisma
3035 4610 3156 4649 esse
3185 4594 3477 4649 conﬁcien-

1905 4672 2033 4723 dum
2076 4672 2130 4723 in
2156 4670 2243 4723 die
2275 4670 2453 4722 Cinna:
2488 4668 2724 4732 Domini,
2765 4668 2975 4720 etiamsi
3014 4674 3153 4719 terra
3192 4664 3475 4718 interdicta

1903 4741 2150 4818 exsistat.
2188 4739 2394 4818 .Er'rant
2424 4738 2717 4818 igiturqui
2754 4746 2945 4818 putant
2982 4734 3150 4818 fuisse
3182 4734 3475 4818 aliquapdp

1906 4812 2162 4864 usitatum
2187 4810 2238 4861 in
2260 4803 2524 4869 Ecclesia,
2556 4816 2615 4860 ut
2643 4803 2883 4874 quolibet
2917 4807 3040 4858 anni
3068 4814 3306 4873 tempore
3332 4803 3476 4857 chri-

1904 4894 2021 4934 sma
2065 4880 2440 4934 centiceretur.
2478 4876 2633 4942 Quod
2671 4878 2868 4931 dicitur
2898 4890 3015 4943 cap.
3057 4874 3211 4929 Omni
3247 4884 3475 4942 tempore

1903 4951 1971 5004 de
2013 4964 2285 5015 consecr.,
2320 4948 2447 5002 dist.
2480 4948 2532 5011 4,
2572 4947 2695 5000 item
2739 4962 2892 5000 conc.
2929 4946 3101 4998 Tolet.
3147 4960 3185 5008 ι,
3213 4960 3335 5012 cap.
3374 4944 3468 5009 20,

1901 5020 2065 5074 licere
2111 5020 2362 5088 episcopo
2409 5019 2558 5071 omni
2607 5025 2844 5085 tempore
2889 5017 3153 5088 chrisma
3185 5015 3472 5080 conﬁcere,

1902 5085 2307 5157 intelligendum
2342 5095 2424 5141 est
2451 5100 2557 5140 non
2583 5088 2900 5155 simpliciter
2916 5087 2981 5138 de
3010 5085 3158 5139 omni
3189 5093 3429 5157 tempore
3454 5102 3468 5157 ξ

1902 5164 1995 5216 sed
2028 5153 2465 5232 accommodate,
2500 5158 2566 5232 de
2612 5153 2761 5212 omni
2791 5166 3028 5232 tempore
3059 5153 3471 5232 annuali,quod

1900 5232 1965 5284 ad
1996 5229 2387 5285 conﬁciendum
2421 5228 2658 5281 chrisma
2693 5222 3065 5296 praescriptum
3098 5236 3201 5280 est.
3244 5222 3473 5296 Accedit

1899 5302 2041 5369 quod
2080 5299 2309 5355 concilia
2365 5315 2469 5352 non
2528 5293 2763 5368 aliquam
2814 5293 3092 5369 tetnporis,
3142 5295 3239 5369 sed
3287 5293 3470 5369 potius

1899 5365 2030 5425 (Serti
2063 5370 2298 5423 ministri
2322 5365 2822 5429 determinationem
2852 5365 3119 5436 praeﬁnire
3141 5365 3422 5436 intendant
3451 5401 3468 5427 ,

1897 5441 2050 5507 quasi
2069 5440 2308 5494 dicerent
2330 5457 2343 5492 :
2368 5436 2481 5493 Soli
2504 5440 2778 5507 episcopo,
2808 5434 2912 5491 non
2946 5439 3276 5507 presbytero,
3296 5434 3471 5507 liceat

1897 5505 2047 5565 omni
2084 5520 2322 5578 tempore
2345 5505 2606 5565 censueto
2638 5505 2852 5565 sacrum
2888 5505 3124 5562 chrisma
3176 5505 3465 5578 conﬁcere.

1896 5579 2029 5635 Nam
2076 5576 2365 5635 concilium
2412 5581 2577 5634 tolet.
2619 5596 2876 5649 expresse
2914 5578 3145 5649 intendit
3178 5576 3469 5649 prohibere

1903 5653 2134 5707 abusum
2164 5651 2525 5720 quorumdam
2549 5645 3129 5721 presl'iyterorulp._qu_i
3164 5645 3466 5701 confectio-

1903 5737 2024 5776 nem
2056 5715 2370 5778 chrismatis
2409 5721 2510 5791 sibi
2544 5715 2896 5791 usurpabant.
2941 5715 3067 5771 Vide
3096 5715 3301 5773 Suarez
3330 5728 3439 5772 toni

1901 5791 1992 5858 Ill,
2021 5794 2163 5862 disp.
2191 5791 2278 5857 38,
2310 5799 2441 5846 sect.
2482 5790 2505 5842 1
