3986 6358
531 395 629 457 191

1846 391 1904 449 Β.
1944 391 2215 447 FABIANI
2254 390 2454 447 ΡΑΡΕ

3667 375 3775 432 193

533 514 693 567 talem
713 511 1162 570 consuetudinem
1185 528 1295 569 non
1320 513 1648 580 habuerunt,
1673 527 1772 568 nec
1795 512 2100 568 habendam
2134 522 2174 577 Α
2207 528 2305 584 pos
2355 513 2599 567 locorum
2639 508 3000 580 singulorum,
3032 506 3275 562 omnium
3304 501 3397 573 qui
3436 499 3539 557 sub
3572 512 3767 554 eorum

532 603 870 670 docuerunt;
917 604 1172 658 similiter
1221 612 1273 659 et
1319 619 1667 659 successores
1694 619 2103 675 eorum,quan-

534 711 698 763 quam
749 696 920 749 multa
955 695 1023 750 de
1074 696 1304 761 talibus,
1359 696 1715 765 praevidentes
1751 678 1973 765 Spiritu,
2007 695 2102 751 Dei

535 786 741 851 futura,
790 778 1116 842 statuerunt.
1156 786 1351 854 Porro,
1410 794 1469 842 ut
1524 787 1702 857 legitis
1756 788 1811 843 in
1874 789 2103 844 Actibus

534 879 931 951 apostolorum,
963 889 1075 934 erat
1103 897 1161 934 eo
1181 892 1406 949 tempore
1434 880 1573 933 inter
1606 879 1789 949 ﬁdeles
1826 897 1916 934 cor
1939 897 2100 933 unum

530 982 581 1026 et
629 972 808 1026 anima
856 989 1001 1039 una,
1044 966 1203 1042 neque
1230 972 1423 1042 aliquis
1473 987 1652 1025 eorum
1697 970 1899 1042 aliquid
1946 989 2100 1025 suum

532 1065 803 1135 proprium
826 1065 1053 1131 dicebat,
1076 1066 1166 1118 sed
1191 1074 1338 1118 erant
1365 1064 1475 1118 illis
1514 1064 1692 1117 omnia
1714 1065 2013 1118 communia
2031 1064 2096 1117 ".

530 1153 690 1209 Nulla
722 1154 869 1209 enim
904 1155 1044 1209 inter
1064 1169 1158 1209 eos
1181 1155 1479 1220 accusatio,
1509 1154 1613 1209 nisi
1642 1152 1927 1209 familiaris
1950 1163 2096 1216 erat,

534 1262 636 1299 nec
663 1262 901 1315 unquam
939 1247 1079 1300 inter
1109 1247 1410 1301 imitatores
1430 1260 1617 1300 eorum
1650 1256 1743 1300 aut
1774 1245 1957 1301 fideles
1985 1246 2100 1300 ﬁeri

530 1335 711 1403 debet,
747 1336 957 1391 dicente
1004 1335 1237 1391 Domino
1266 1355 1279 1391 :
1311 1335 1463 1403 Quod
1500 1337 1593 1390 tibi
1621 1353 1723 1390 non
1745 1337 1819 1391 vis
1844 1338 1991 1407 ﬁeri,
2016 1337 2101 1391 al-

534 1428 632 1480 teri
662 1444 765 1481 non
786 1429 959 1499 facias
985 1429 1049 1481 ‘°.
1078 1428 1137 1483 Et
1171 1430 1310 1484 idem
1346 1448 1361 1485 :
1400 1429 1601 1501 Diliges
1625 1432 1924 1500 proximum
1950 1441 2098 1485 tuum

532 1522 667 1575 sicut
711 1523 933 1591 leipsum
961 1522 1001 1555 “
1032 1538 1047 1587 ;
1095 1530 1149 1577 et
1196 1539 1209 1577 :
1248 1521 1470 1576 Dilectio
1494 1523 1727 1592 proximi
1769 1524 1967 1577 malum
1996 1541 2099 1578 non

532 1629 779 1686 operatur
805 1618 870 1672 °'.
910 1617 1015 1689 Ipsi
1058 1633 1189 1690 ergo
1222 1618 1453 1689 apostoli
1510 1626 1565 1673 et
1621 1634 1967 1674 successores
2006 1635 2101 1675 eo-

531 1725 654 1764 rum
703 1710 832 1765 olim
890 1719 1232 1778 statuerunt,
1286 1725 1382 1766 eos
1428 1708 1497 1764 ad
1531 1711 1938 1766 accusationem
1990 1728 2097 1766 non

532 1799 732 1867 recipi,
757 1799 850 1869 qui
890 1809 1018 1854 sunt
1061 1799 1387 1871 suspecti“,
1428 1798 1511 1853 vel
1557 1800 1649 1870 qui
1695 1801 1831 1866 heri,
1867 1811 1962 1855 aut
2000 1817 2103 1856 nu-

2201 592 2403 676 degunt
2432 603 2480 637 "
2510 601 2903 667 moderamine,
2932 615 3122 656 curam
3154 597 3357 653 habere
3379 593 3694 659 sollicitam,
3716 602 3776 645 ct

2200 712 2397 753 causas
2441 694 2808 763 utiiitatcsque
2846 708 3036 749 eorum
3078 706 3200 746 cum
3242 687 3336 763 Dei
3365 688 3554 743 timore
3583 686 3780 755 dispo-

2201 810 2349 850 nere.
2379 791 2543 848 Valde
2572 806 2701 863 ergo
2727 791 2973 861 iniquum
2997 796 3100 853 est,
3128 796 3186 841 ut
3210 786 3300 841 alii
3327 784 3571 855 quilibet,
3606 782 3783 836 omis-

2200 887 2277 942 sis
2305 886 2439 951 suis,
2475 901 2533 941 se
2568 884 2784 939 illorum
2814 883 2998 938 causis
3028 879 3385 935 admisceant.
3423 874 3527 930 Sed
3562 874 3639 953 illi
3680 886 3780 928 eo-

2199 994 2320 1031 rum
2351 978 2516 1032 vitam
2548 985 2601 1031 et
2625 975 2891 1047 judicium
2930 969 3255 1042 competenti
3291 966 3633 1040 regularique
3668 964 3779 1019 de-

2198 1070 2360 1126 beant
2394 1069 2763 1125 moderamine
2807 1068 3117 1136 disponere,
3160 1063 3254 1134 qui
3294 1077 3391 1117 eos
3424 1061 3474 1115 in
3509 1058 3777 1114 sacerdo-

2200 1162 2333 1215 tium
2358 1161 2633 1224 ordinant,
2668 1170 2721 1215 et
2749 1174 2777 1213 a
2801 1158 2999 1228 quibus
3026 1155 3140 1226 jam
3174 1152 3407 1207 ordinati
3430 1159 3586 1214 sunt;
3626 1161 3777 1218 quo-

2200 1254 2368 1319 niam,
2424 1261 2483 1308 ut
2531 1252 2618 1307 lex
2667 1250 2929 1322 loquitur,
2982 1246 3289 1301 maledictus
3334 1244 3502 1297 omnis
3552 1248 3627 1295 est
3678 1240 3778 1309 qui

2201 1346 2450 1415 transfert
2489 1346 2734 1397 terminos
2769 1342 2997 1413 proximi
3042 1339 3147 1394 sui.
3187 1336 3255 1391 Et
3292 1334 3428 1388 dixit
3470 1334 3638 1388 omnis
3676 1349 3781 1401 pu-

2199 1436 2350 1506 pulas
2387 1452 2405 1489 :
2447 1435 2609 1489 Amen
2631 1434 2697 1489 ⁷⁵.
2737 1434 2879 1488 Deus
2900 1447 3049 1502 ergo,
3082 1428 3280 1484 fratres
3307 1428 3376 1494 ",
3404 1427 3471 1480 ad
3504 1425 3607 1479 hoc
3632 1440 3780 1494 prur-

2200 1526 2473 1581 ordinavit
2503 1541 2620 1590 vos,
2652 1535 2705 1580 et
2726 1540 2917 1579 omnes
2948 1522 3039 1592 qui
3065 1534 3280 1576 summo
3308 1515 3613 1573 sacerdotio
3646 1514 3779 1568 futt—

2201 1628 2422 1691 guntur,
2456 1627 2515 1673 ut
2543 1618 2839 1688 injustitias
2867 1615 3211 1677 removeatis,
3238 1622 3293 1667 et
3317 1608 3777 1683 prmsumptiones

2201 1711 2565 1776 abscindatis,
2612 1719 2666 1764 et
2703 1709 2756 1763 in
2794 1706 3100 1762 sacerdotio
3143 1702 3512 1758 laborantibus
3543 1713 3779 1755 succur-

2203 1807 2354 1868 ratis,
2403 1815 2455 1859 ct
2487 1805 2533 1836 "
2565 1802 2874 1873 opprobriis
2922 1809 2977 1855 et
3026 1798 3428 1854 calamitatibus
3467 1809 3656 1850 corum
3691 1792 3782 1846 lo-

530 1890 847 1945 diustertius
875 1932 890 1955 ,
955 1891 1037 1945 vel
1100 1892 1303 1946 dudum
1380 1890 1602 1945 fuerunt
1664 1892 1905 1958 inimici,
1963 1910 2102 1963 quo-
2131 1889 2172 1944 Β
2202 1909 2324 1948 cum
2345 1907 2453 1947 non
2484 1892 2803 1963 praebeatis;
2832 1890 2924 1946 sed
2951 1889 3025 1954 ei,
3047 1888 3141 1958 qui
3163 1887 3490 1943 calumniam
3510 1894 3775 1953 ctoppro—

533 1981 679 2035 niam
741 1982 975 2050 suspecti
1029 1981 1156 2036 facti
1212 1991 1358 2047 sunt,
1416 1990 1470 2035 et
1527 1982 1620 2052 qui
1670 1999 1779 2038 non
1834 1995 1961 2039 sunt
2005 1986 2101 2040 bo-

533 2088 617 2127 na:
667 2073 1185 2142 conversationis“,
1217 2075 1299 2129 vel
1326 2091 1559 2145 quorum
1589 2076 1700 2132 vita
1722 2085 1803 2132 est
1827 2079 2103 2134 accusabi-

531 2164 620 2229 lis,
650 2173 743 2218 aut
775 2164 923 2218 dubii
959 2166 1011 2218 in
1034 2174 1176 2221 recta
1196 2166 1318 2221 ﬁde.
1340 2167 1600 2223 Similiter
1620 2185 1855 2239 quorum
1881 2171 2012 2226 fides
2030 2172 2099 2238 °',

527 2258 638 2310 vita
677 2265 729 2310 ct
768 2257 991 2312 libertas
1033 2258 1305 2323 nescitur,
1359 2258 1443 2313 vel
1478 2260 1568 2329 qui
1604 2258 1841 2315 infantia:
1872 2262 2101 2316 maculis

528 2357 657 2403 sunt
705 2348 934 2414 aspersi,
979 2357 1075 2402 aut
1128 2348 1424 2404 sceleribus
1451 2349 1641 2404 irrctiti
1667 2350 1731 2405 “.
1763 2349 1949 2421 Neque
1980 2368 2100 2417 eos,

528 2442 839 2494 sacerdotes
875 2440 1072 2494 debere
1116 2440 1198 2494 vel
1243 2455 1403 2509 posse
1437 2451 1530 2495 aut
1560 2442 1790 2499 clericos
1818 2460 2098 2509 accusare,

528 2532 619 2601 qui
661 2532 761 2586 rite
802 2532 1111 2586 sacerdotes
1143 2531 1258 2586 ﬁeri
1292 2547 1401 2587 non
1438 2543 1689 2603 possunt,
1730 2550 1830 2590 nec
1862 2537 1948 2589 sui
1974 2545 2103 2592 sunt

528 2626 769 2688 ordinis;
810 2624 1069 2695 quoniam
1109 2626 1249 2679 sicut
1286 2627 1599 2683 sacerdotes
1644 2628 1727 2683 vel
1761 2628 1956 2699 reliqui
1994 2631 2102 2686 cle-

526 2718 625 2773 rici
670 2734 699 2772 a
749 2718 1092 2772 saecularium
1137 2717 1401 2772 laicorum
1452 2718 1821 2775 excluduntur
1872 2737 2102 2777 accusa-

527 2810 676 2865 tione
700 2850 715 2875 ,
755 2809 828 2863 ita
869 2809 946 2863 illi
990 2810 1058 2864 ab
1088 2810 1315 2865 istorum
1359 2820 1487 2865 sunt
1520 2811 1841 2867 excludendi
1878 2823 1932 2868 et
1956 2815 2091 2870 alie-

526 2902 691 2957 nandi
736 2903 1139 2959 criminatione.
1178 2903 1243 2957 Et
1296 2904 1439 2959 sicut
1488 2904 1577 2958 isti
1621 2905 1690 2960 ab
1740 2905 1848 2959 illis
1889 2906 1933 2937 ⁸⁷
1963 2946 1978 2971 ,
2026 2906 2100 2960 ita

524 3009 578 3048 et
611 2994 686 3048 illi
720 2995 789 3049 ah
823 2994 943 3050 istis
978 3010 1084 3048 non
1119 2995 1485 3065 recipiantur;
1537 2996 1795 3065 quoniam
1829 2997 1972 3051 sicut
1995 2996 2101 3051 Do-

526 3085 659 3139 mini
695 3086 1037 3140 sacerdotum
1080 3096 1359 3156 segregata
1410 3087 1566 3139 debet
1605 3101 1725 3139 esse
1764 3088 2102 3142 conversatio

525 3178 596 3232 ab
619 3193 809 3233 eorum
852 3178 1289 3242 conversatione,
1335 3176 1409 3233 ita
1450 3187 1501 3231 et
1530 3178 1788 3248 litigatio;
1827 3181 1953 3249 quia
1986 3197 2100 3234 ser-

2202 1986 2379 2041 brium
2406 1986 2641 2056 patitur,
2674 1981 3002 2053 adjutorium
3034 1979 3259 2046 feratis,
3308 1978 3457 2032 illum
3494 1991 3643 2041 vero,
3675 1973 3781 2044 qui

2202 2079 2527 2135 calumniam
2578 2076 2663 2132 vel
2709 2074 3062 2145 opprobrium
3100 2072 3265 2136 facit,
3310 2070 3663 2133 abscindatis,
3720 2075 3781 2120 et

2203 2170 2435 2227 Domino
2486 2170 2537 2223 in
2580 2168 2695 2225 suis
2725 2165 3099 2222 sacerdotibus
3137 2179 3293 2233 Opem
3325 2161 3533 2216 feratis.
3578 2161 3779 2214 Sacer-

2202 2263 2356 2317 dotes
2391 2275 2607 2330 quoque
2638 2250 2902 2313 Dominus
2925 2257 3027 2312 sibi
3055 2256 3235 2326 elegit,
3282 2263 3341 2307 ut
3366 2252 3671 2307 sacriﬁcent
3697 2249 3781 2315 ei,

2202 2365 2255 2409 et
2283 2354 2512 2409 otl‘craut
2539 2351 2840 2407 oblationes
2879 2349 3128 2405 Domino.
3169 2346 3384 2402 Levitas
3423 2359 3641 2415 quoque
3669 2343 3780 2398 sub

2202 2448 2282 2502 eis
2314 2462 2433 2500 esse
2455 2444 2619 2515 jussit
2652 2444 2703 2498 in
2734 2442 3055 2497 ministeriis
3084 2454 3295 2495 eorum.
3333 2436 3485 2493 Unde
3522 2436 3589 2491 ad
3618 2435 3777 2507 Moy-

2203 2555 2298 2593 st-n
2359 2538 2622 2607 loquitur,
2676 2536 2904 2591 dicens:
2945 2534 3193 2602 Princeps
3251 2540 3424 2586 autent
3474 2529 3783 2599 principum

2203 2631 2505 2685 Leritarum
2539 2628 2784 2692 Eleazar,
2828 2627 2970 2697 ﬁlius
2999 2628 3176 2681 Aaron
3207 2625 3494 2678 sacerdotis
3519 2664 3536 2685 ,
3556 2622 3653 2676 erit
3681 2637 3779 2674 su-

2202 2742 2293 2793 per
2323 2723 2649 2775 excubitores
2688 2720 2920 2774 ecclesia:
2959 2717 3254 2771 sanctuarii
3293 2717 3358 2769 ⁷⁷.
3406 2714 3481 2769 De
3508 2714 3593 2768 his
3622 2715 3774 2766 enim

2205 2815 2418 2868 locutus
2452 2822 2539 2867 est
2575 2810 2838 2865 Dominus
2861 2811 2928 2864 ad
2966 2809 3204 2881 Moysem
3240 2827 3253 2862 :
3282 2806 3426 2862 Tolle
3446 2806 3654 2860 Levitas
3675 2820 3779 2875 pro

2203 2905 2565 2976 primogenitis
2611 2890 2843 2974 ﬁliorum
2888 2902 3080 2967 Israel,
3130 2911 3178 2956 et
3233 2917 3419 2971 pecora
3468 2898 3774 2953 Levitarum

2203 3017 2299 3071 pro
2332 2998 2600 3069 pecoribus
2635 3013 2814 3051 eorum
2836 3038 2850 3059 ,
2874 3007 3127 3067 eruntque
3153 2996 3345 3050 Levin
3370 2996 3490 3049 mei.
3527 2993 3634 3063 Ego
3661 2992 3775 3046 ου.

2206 3096 2378 3150 minus
2395 3095 2460 3143 ⁷⁸.
2485 3093 2538 3148 Si
2558 3093 2771 3149 Levitas
2789 3107 2919 3148 suos
2942 3107 3064 3147 esse
3085 3090 3345 3144 Dominus
3363 3087 3549 3154 voluit,
3564 3095 3787 3158 quanto

2208 3188 2383 3260 magis
2435 3188 2747 3243 sacerdotes
2791 3185 2893 3239 sibi
2925 3183 3154 3238 ascivit?
3194 3181 3268 3238 De
3314 3182 3514 3251 quibus
3553 3182 3631 3235 ait
3664 3199 3679 3234 :
3712 3179 3779 3234 Si

522 3286 643 3324 rum
690 3268 787 3322 Dei
836 3286 937 3323 non
981 3279 1178 3337 oportet
1212 3270 1426 3339 litigare
1450 3269 1514 3324 ⁸⁸.
1554 3268 1736 3335 Tales,
1789 3271 2098 3327 charissimi

2207 3282 2323 3352 quis
2346 3293 2675 3333 externorum
2717 3279 3009 3340 accesserit,
3046 3276 3297 3330 morietur
3318 3276 3383 3329 "’.
3419 3274 3612 3329 Omnia
3640 3288 3787 3327 vero

525 3364 738 3427 fratres,
772 3362 1173 3427 accusationes,
1222 3372 1276 3416 et
1307 3361 1538 3429 injustas
1565 3370 1661 3416 aut
1686 3364 1907 3418 uocivas
1933 3379 2103 3418 temo.

523 3455 777 3518 lationes,
829 3471 928 3524 pro
979 3455 1187 3509 viribus
1220 3454 1502 3524 prohibete
1524 3495 1538 3520 ,
1591 3456 1720 3525 quia
1754 3462 2031 3511 contentio
2054 3458 2098 3490 ⁸³

522 3562 870 3618 summopere
902 3557 985 3603 est
1032 3547 1274 3602 vitanda.
1323 3544 1525 3616 Septies
1559 3548 1697 3601 enim
1743 3548 1892 3602 cadet
1917 3549 2098 3618 justus

522 3642 576 3692 in
605 3640 725 3707 die,
752 3650 801 3694 et
835 3649 1089 3710 resurget,
1120 3639 1281 3712 limpii
1311 3648 1487 3693 autem
1519 3649 1763 3693 corruent
1793 3640 1846 3694 in
1878 3641 2096 3695 malum.

521 3730 653 3784 Cum
680 3731 923 3785 ceciderit
958 3730 1203 3786 inimicus
1231 3740 1376 3794 tuus,
1415 3730 1491 3785 ait
1538 3728 1824 3795 Salomon,
1871 3748 1934 3785 ne
1968 3750 2100 3803 gau-

518 3827 669 3893 deas,
712 3832 762 3878 et
814 3826 868 3878 in
918 3826 1075 3879 ruina
1120 3827 1232 3896 ejus
1273 3842 1376 3879 non
1422 3824 1647 3879 exsultet
1685 3841 1777 3878 cor
1810 3834 1960 3880 tuum
1986 3843 2007 3891 ;
2036 3842 2098 3880 ne

520 3919 660 3987 forte
684 3919 856 3973 videat
882 3916 1162 3985 Dominus,
1204 3926 1253 3972 et
1290 3917 1573 3988 displiceat
1604 3917 1672 3984 ei,
1715 3927 1765 3973 et
1794 3919 2005 3989 auferat
2032 3919 2095 3972 ab

517 4026 576 4063 eo
613 4013 748 4065 iram
795 4028 968 4067 suam.
1029 4010 1149 4064 Non
1206 4011 1490 4065 contendas
1539 4027 1656 4064 cum
1699 4013 1964 4080 pessimis,
2007 4028 2096 4065 nec

518 4102 779 4155 crmuleris
824 4105 1034 4171 impios,
1085 4103 1337 4172 quoniam
1394 4120 1497 4156 non
1544 4102 1734 4155 habent
1792 4103 2095 4172 futurorum

518 4208 659 4260 spem
702 4192 851 4257 mali,
892 4205 940 4245 et
990 4193 1207 4244 lucerna
1254 4194 1535 4262 impiorum
1569 4195 1948 4263 exstinguetur.
1982 4192 2095 4247 Nec

517 4283 781 4338 tantula-is
826 4285 961 4338 viros
1009 4286 1198 4351 malos,
1241 4303 1332 4339 nec
1377 4286 1641 4340 desideres
1693 4303 1804 4340 esse
1834 4304 1952 4340 cum
1992 4288 2090 4351 eis,

516 4377 641 4445 quia
679 4377 920 4445 rapinam
958 4376 1244 4429 meditatur
1282 4394 1423 4429 mens
1448 4394 1649 4444 eorum,
1686 4389 1736 4431 et
1766 4380 1981 4447 fraudes
2011 4380 2096 4433 la-

517 4468 607 4521 bia
663 4484 848 4521 eorum
902 4470 1189 4538 loquuntur
1220 4470 1285 4521 7°.
1335 4468 1458 4525 Hmc
1495 4479 1703 4538 cavete,
1757 4472 2090 4527 charissimi.

518 4558 645 4615 Haec
684 4561 1045 4627 meditamini,
1078 4571 1130 4615 et
1161 4559 1422 4616 fratribus
1457 4562 1510 4615 iu
1548 4563 1804 4617 omnibus
1837 4563 2093 4619 solatium

515 4657 768 4722 praestate
805 4670 818 4705 :
858 4652 987 4722 quia
1033 4653 1086 4705 in
1130 4652 1224 4705 Itoc
1257 4663 1564 4722 cognoscent
1600 4670 1775 4707 omnes
1804 4694 1819 4719 ,
1876 4662 1933 4708 ut
1977 4655 2091 4724 ipsa
2125 4632 2168 4688 Ῑ)

516 4759 611 4812 per
649 4759 709 4798 se
747 4742 957 4799 Veritas
989 4746 1094 4809 ait,
1131 4747 1381 4816 quoniam
1423 4747 1522 4799 ntei
1564 4747 1691 4799 estis
1723 4748 1996 4817 discipuli,
2044 4750 2090 4803 si

514 4836 844 4889 dilectionem
887 4837 1175 4892 habueritis
1216 4838 1285 4892 ad
1317 4839 1538 4891 invicem
1559 4838 1625 4891 ⁷⁷.
1656 4837 1711 4892 Si
1744 4840 1885 4893 etim
1923 4841 1974 4894 in
2002 4857 2079 4894 re—

518 4928 618 4980 bus
648 4928 694 4958 "
738 4928 1093 4984 saecularibus
1125 4946 1283 4983 suum
1319 4932 1583 4999 cujusque
1614 4930 1705 4999 jus
1757 4943 1810 4986 ct
1839 4933 2091 5002 proprius

512 5020 647 5073 ordo
675 5022 976 5075 servandus
1009 5032 1122 5086 est,
1165 5032 1369 5091 quanto
1407 5025 1579 5095 magis
1610 5024 1663 5077 in
1699 5025 2089 5081 ecclesiasticis

510 5112 960 5182 dispositionibus
995 5115 1141 5169 nulla
1190 5116 1349 5170 debet
1380 5116 1562 5172 induci
1608 5116 1900 5172 confusio?
1932 5117 2086 5183 Quod

510 5207 611 5259 isa
643 5205 1027 5260 observatione
1067 5208 1466 5277 observabitur,
1522 5212 1566 5267 si
1618 5212 1753 5265 nihil
1808 5213 2082 5281 potestati,

509 5299 604 5354 sed
641 5305 813 5353 totum
850 5298 1092 5368 aequitati
1142 5300 1416 5357 tribuitur.
1463 5301 1616 5358 Unde
1640 5313 1853 5358 constat
1875 5305 2086 5375 cpisco-

584 5437 627 5508 ⁷⁷
667 5437 788 5493 Act.
818 5454 891 5505 tv,
922 5438 1011 5494 52.
1087 5440 1132 5472 ⁶⁰
1174 5439 1363 5494 Matth.
1409 5457 1503 5505 vn,
1540 5443 1641 5508 12;
1691 5442 1801 5498 Luc
1830 5461 1902 5498 vt.

507 5508 555 5539 “
591 5507 752 5582 Dom.
789 5526 910 5582 χιιι,
935 5510 1020 5582 10.
1097 5510 1143 5543 ⁸⁸
1163 5509 1352 5582 ᾼιηὺτ.
1380 5528 1465 5582 ep.
1492 5513 1579 5566 64.

507 5580 633 5654 coll.
677 5582 766 5633 lli.
876 5580 1006 5654 "'3.
1042 5580 1427 5654 q-ﬂ7:.SicAut'
1457 5584 1787 5639 sacerdotes.

508 5645 733 5725 Ifioan.
757 5667 890 5725 _xnt_,
928 5652 1017 5706 55.
1058 5645 1078 5654 ’
1115 5653 1161 5685 ⁷⁸
1187 5649 1269 5725 Δεὖ.
1324 5650 1483 5725 Grcg.
1508 5668 1593 5725 ep.
1649 5655 1738 5708 [2|
1772 5655 1865 5709 ιίι),
1898 5671 1992 5709 νη,

506 5875 559 5911 c.
592 5858 680 5914 51.

1658 5514 1703 5545 ⁸³
1728 5517 1950 5569 Adrian.
1974 5516 2099 5568 coll.
2133 5516 2217 5569 15.

1866 5586 1911 5616 ⁸⁸³
1963 5584 2005 5637 ΙΙ
2072 5583 2211 5638 Tim.
2264 5603 2319 5641 tt.

2105 5656 2151 5686 ⁷³
2182 5658 2324 5711 ldem
2354 5672 2439 5725 ep.
2481 5654 2549 5709 66
2578 5655 2821 5724 ejusdem
2868 5653 3011 5725 libri.

506 5715 554 5801 ⁷⁸
664 5720 782 5801 q._t_
813 5715 1001 5801 :nDeuAs
1028 5737 1158 5794 ergo
1180 5722 1396 5801 fratres.
1435 5715 1517 5755 ⁷⁷⁸
1542 5715 1889 5801 Ἑτοριιιε-ςρ.
1923 5725 1990 5801 ad
2012 5725 2098 5780 Do

2201 5743 2339 5780 mum
2362 5715 2487 5801 Ant.
2564 5715 2791 5801 '{7'Nutn.
2821 5722 3021 5801 "1,52.

510 5800 526 5839 l
680 5788 697 5791 7
736 5790 783 5824 ⁸⁸
836 5790 895 5848 S.
948 5788 1182 5865 Augu'st.
1216 5808 1267 5847 tv
1297 5793 1512 5850 advers.
1534 5794 1744 5861 Cresc,
1767 5788 1859 5859 2ῐῖ⁹
1883 5805 1936 5850 ct
1957 5798 2023 5852 de
2051 5798 2278 5852 utilitate
2308 5797 2657 5868 pmititentite,
2690 5812 2809 5868 cap.
2864 5794 2949 5850 12.

2209 3388 2330 3442 qua:
2377 3371 2585 3425 Domini
2616 3381 2762 3435 sunt,
2792 3377 2948 3425 caute
2977 3368 3254 3423 tractanda
3285 3375 3432 3433 sunt,
3462 3377 3517 3421 et
3546 3380 3657 3419 non
3691 3365 3779 3419 le-

2209 3466 2345 3520 viter
2378 3463 2790 3534 praecipitanda;
2822 3464 3081 3532 quoniam
3112 3470 3166 3515 et
3205 3461 3345 3516 inter
3379 3459 3627 3514 homines
3670 3473 3787 3528 pro

2211 3555 2457 3611 ﬁdelibus
2486 3553 2775 3615 habentur,
2814 3552 2908 3621 qui
2940 3550 3289 3605 dominorum
3318 3564 3544 3605 suorum
3574 3563 3780 3604 causas

2207 3649 2345 3704 bene
2374 3628 2724 3710 custodiunt,
2753 3654 2808 3700 et
2841 3643 3066 3698 ﬁdeliter
3095 3653 3349 3709 tractant,
3374 3653 3536 3712 atque
3563 3656 3774 3712 praece-

2207 3757 2297 3811 pta
2330 3740 2676 3795 dominorum
2728 3752 2951 3792 suorum
3002 3739 3141 3795 bene
3173 3736 3504 3801 custodiunt,
3546 3742 3603 3789 et
3658 3747 3779 3787 non

2207 3829 2693 3901 transgrediuntur.
2722 3825 2827 3879 Pro
2854 3824 3162 3882 inﬁdelibus
3191 3841 3317 3881 vero
3348 3831 3667 3894 reputantur
3693 3822 3777 3885 hi,

2203 3923 2296 3994 qui
2345 3922 2693 3977 dominorum
2736 3936 2959 3999 suorum
3009 3933 3205 3973 causas
3261 3919 3477 3971 incaute
3506 3922 3559 3969 et
3593 3915 3776 3984 negli-

2203 4026 2390 4086 genter
2433 4024 2703 4080 tractant,
2737 4022 2791 4069 et
2832 4022 3098 4084 praecepta
3127 4024 3318 4066 eorum
3361 4006 3689 4078 despiciunt,
3720 4015 3780 4060 et

2203 4123 2332 4173 non,
2370 4116 2427 4161 ut
2455 4107 2671 4169 debent,
2711 4106 3047 4161 custodiunt.
3079 4101 3204 4158 ideo
3238 4102 3350 4157 haec
3381 4099 3777 4171 praemisimus,

2204 4208 2263 4252 ut
2286 4206 2650 4269 cognoscatur
2672 4197 2741 4251 ab
2768 4196 2871 4259 bis,
2904 4194 3104 4265 quibus
3132 4193 3465 4263 inc0gnitum
3492 4200 3596 4255 est,
3621 4191 3774 4260 quod

2202 4298 2257 4344 et
2301 4289 2610 4345 sacerdotes
2652 4302 2790 4358 quos
2818 4287 2919 4341 sibi
2958 4286 3221 4339 Dominus
3245 4283 3313 4339 de
3344 4282 3600 4338 onmibus
3625 4284 3776 4337 asci-

2200 4385 2297 4449 vit,
2330 4389 2381 4437 et
2418 4397 2548 4437 suos
2582 4398 2704 4436 esse
2733 4381 2925 4438 voluit,
2961 4394 3068 4432 non
3105 4387 3230 4432 sunt
3257 4375 3444 4432 leviter
3477 4377 3773 4439 tractandi,

2200 4491 2304 4530 nec
2331 4474 2627 4538 laccrandi,
2665 4488 2765 4528 nec
2786 4481 2988 4527 temere
3013 4469 3304 4526 accusandi
3350 4477 3445 4522 aut
3471 4466 3774 4532 reprehen-

2199 4569 2383 4632 dendi,
2436 4568 2537 4621 nisi
2579 4584 2608 4621 a
2649 4565 2929 4637 magistris
2955 4564 3092 4627 suis,
3137 4562 3396 4632 quoniam
3422 4575 3608 4615 eorum
3639 4574 3778 4612 cau-

2199 4677 2287 4717 sas
2324 4661 2427 4715 sibi
2475 4659 2738 4713 Dominus
2781 4672 3063 4712 reservare
3089 4655 3297 4717 voluit,
3350 4659 3405 4708 et
3432 4667 3533 4707 suo
3560 4650 3773 4721 judicio

2199 4751 2487 4805 vindicari.
2537 4747 2675 4802 Nam
2703 4748 2757 4802 in
2791 4748 2879 4802 his
2902 4756 2955 4801 et
2982 4748 3037 4799 in
3066 4745 3190 4798 aliis
3220 4743 3500 4813 praeceptis
3531 4740 3771 4802 Domini,

2197 4851 2252 4897 et
2291 4841 2478 4896 ﬁdeles
2506 4849 2911 4910 cognoscuntur
2934 4879 2949 4904 ,
2988 4846 3043 4891 et
3095 4835 3341 4889 inﬁdeles
3384 4832 3769 4902 reprobautur.

2199 4935 2486 4990 'l‘olcrandi
2534 4935 2679 4989 enim
2715 4933 2940 4987 ltisunt
2984 4928 3169 5001 potius
3222 4944 3251 4982 a
3299 4927 3566 4991 ﬁdelibus,
3601 4939 3769 4996 quam

2194 5026 2562 5099 exprobrandi
2586 5068 2601 5094 ,
2638 5024 2801 5079 veluti
2826 5023 2980 5094 palea
3012 5037 3133 5077 cum
3167 5020 3345 5074 tritico
3369 5061 3384 5086 ,
3414 5033 3589 5089 usque
3617 5017 3663 5048 '°
3700 5017 3770 5070 ad

2198 5122 2448 5175 ultimum
2477 5120 2863 5181 ventilabrum,
2899 5120 3040 5173 sicut
3065 5115 3243 5186 pisces
3272 5113 3397 5168 mali
3430 5127 3553 5168 cum
3587 5110 3768 5173 bonis,

2196 5232 2367 5285 usque
2402 5215 2467 5268 ad
2500 5213 2929 5285 segregationem
2952 5253 2966 5278 ,
3002 5225 3122 5280 qua:
3153 5207 3331 5263 futura
3368 5206 3530 5261 estin
3559 5204 3766 5265 littore,

2192 5309 2297 5364 hoc
2336 5318 2440 5373 est,
2496 5306 2550 5360 in
2597 5308 2703 5361 ﬁne
2748 5304 2952 5360 saeculi.
2998 5301 3316 5357 Nullatenus
3347 5313 3476 5369 ergo
3510 5302 3693 5367 potest
3718 5293 3766 5327 ⁸⁷

1998 5444 2039 5474 ⁸⁷
2065 5441 2198 5498 Tob.
2232 5460 2305 5507 IV,
2365 5442 2449 5509 16;
2487 5441 2674 5497 Matth.
2702 5458 2839 5506 xm,
2869 5441 2960 5507 '59;
2997 5440 3163 5495 Marc.
3194 5455 3292 5505 xu,
3315 5439 3405 5504 5i;
3436 5436 3567 5509 Luc.
3590 5433 3766 5509 327.

2296 5516 2340 5548 ⁸⁸
2374 5507 2505 5583 5.q.
2541 5514 2573 5568 5
2601 5534 2613 5568 :
2649 5514 2943 5584 Suspectus
2971 5522 3148 5566 autem
3178 5511 3382 5565 inimic.
3461 5507 3507 5539 “
3535 5507 3766 5561 Adrian.

2296 5606 2297 5618 χ
2398 5584 2442 5618 os
2489 5586 2681 5618 Δ,ι..;ηη
2763 5585 2863 5618 nn"
2942 5583 2972 5618 tt
3085 5582 3130 5613 ἰο
3161 5580 3299 5618 βνηιι
3352 5594 3477 5618 nm
3516 5577 3580 5618 17
3610 5592 3760 5618 enim-

2481 5577 2705 5670 ddi-ian.
2759 5577 2899 5665 colli
2938 5583 2991 5663 5.
3085 5582 3130 5613 "°
3161 5580 3321 5635 Prov.
3351 5577 3580 5642 xxiv,”
3609 5592 3762 5699 seqq.

2481 5654 2549 5709 ()6
2578 5655 2821 5711 eiusdem
2868 5654 3011 5707 libri.
3112 5651 3402 5706 ﬂDenter.
3453 5664 3624 5711 xxv",
3676 5649 3700 5701 1
3747 5684 3762 5699 .

3125 5722 3171 5755 ⁷⁸
3198 5720 3334 5776 ibid.
3354 5721 3444 5776 45.
3521 5720 3566 5752 ⁷⁸
3593 5716 3762 5772 Num.

3054 5792 3097 5825 ⁸³
3129 5790 3315 5849 Const.
3352 5791 3419 5845 \l.
3449 5791 3573 5847 coll.
3627 5787 3764 5844 Adr.
