3986 6358
220 375 329 430 193

1673 367 2049 424 ΕΡΙδΤΟΙηΕ.

3372 374 3390 427 Ι
3405 375 3470 430 Ξἲί

215 488 598 547 condemnari.
628 488 874 544 humano
910 487 1181 556 examine,
1215 504 1376 559 quem
1405 487 1548 545 Deus
1585 504 1684 543 suo
1708 488 1800 558 ju-
1827 506 1874 563 Α
1902 486 2148 543 carnales
2174 487 2480 558 spirituales
2506 487 2775 545 infestent.
2804 487 3033 554 Idcirco.
3064 498 3121 545 ut
3146 488 3467 560 praedictum

212 581 360 637 dicio
402 581 740 645 reservavit,
784 587 845 635 ut
872 578 1213 649 propositum
1248 578 1377 645 Dei,
1414 594 1522 648 quo
1561 579 1799 634 decrevit

214 672 435 728 salvare
466 671 619 741 quod
651 671 911 742 perierat,
952 668 1048 724 fiat
1073 670 1369 726 immobile.
1404 670 1469 725 Et
1498 670 1639 739 ideo,
1668 673 1797 742 quia

212 765 471 819 voluntas
502 764 627 834 ejus
674 780 780 819 non
826 764 1166 827 immutatur,
1206 763 1386 818 nullus
1414 772 1702 832 prtesumat
1734 778 1795 817 ea

211 868 335 924 qua:
409 852 517 907 sibi
590 868 700 908 non
771 861 900 908 sunt
970 868 1251 908 concessa.
1321 850 1475 906 Unde
1534 859 1616 906 est
1666 851 1795 905 illud

212 944 373 1015 quod‘
393 944 701 1013 Apostolus
743 943 984 1014 loquitur
1019 943 1206 999 dicens
1243 961 1274 1023 τ’
1297 941 1424 996 lam
1463 943 1669 1013 quidem
1691 959 1797 995 om-

210 1038 335 1090 nino
364 1036 628 1091 delictum
656 1045 757 1103 est,
800 1036 926 1105 quia
950 1034 1165 1105 judicia
1209 1035 1410 1088 habetis
1441 1035 1723 1091 vobiscum.
1747 1035 1794 1067 "

214 1132 391 1194 Quare
420 1146 530 1183 non
578 1130 749 1199 magis
776 1128 1104 1199 iniquitatem
1131 1129 1425 1199 patimini?
1475 1129 1649 1194 Quare
1692 1146 1796 1182 non

210 1223 387 1291 potius
418 1222 760 1288 [raudamini
782 1221 868 1275 ”?
898 1220 978 1276 Ad
1001 1221 1132 1275 illud
1166 1221 1418 1276 redeatur
1438 1221 1581 1290 quod
1607 1217 1794 1274 Domi-

212 1329 309 1367 nus
330 1314 418 1368 ait.
458 1332 472 1368 :
504 1311 568 1368 Si
593 1314 712 1385 quis
751 1311 969 1367 voluerit
996 1314 1226 1366 tunicam
1257 1322 1403 1366 tuam
1437 1312 1638 1379 tollere,
1667 1314 1792 1367 etin

210 1407 624 1481 iudicio‘tecum
660 1405 997 1469 contendere,
1038 1404 1244 1459 dimitte
1286 1405 1334 1458 ei
1382 1415 1431 1459 et
1459 1403 1683 1475 pallium
1725 1403 1788 1457 ⁸⁸.

214 1499 270 1554 Et
296 1500 414 1555 alio
442 1500 572 1554 loco
604 1518 618 1553 :
652 1497 757 1564 Qui
785 1500 958 1569 aufert
987 1514 1104 1571 quae
1129 1506 1222 1551 tua
1246 1506 1388 1564 sunt,
1414 1513 1474 1552 ne
1501 1505 1700 1567 repetas
1724 1496 1790 1551 ⁸⁸.

212 1589 343 1645 Sunt
380 1599 580 1645 autem
614 1590 861 1661 quaedam
886 1633 902 1658 ,
966 1607 1088 1662 quae
1132 1590 1405 1645 levissima
1453 1598 1790 1660 putarentur,

211 1684 308 1740 nisi
359 1683 423 1737 in
486 1681 796 1753 Scripturis
836 1683 1336 1738 demonstrarentur
1385 1682 1639 1751 Opinione
1668 1698 1792 1752 gra-

210 1778 380 1831 viora.
442 1775 586 1843 Quis
642 1792 883 1846 unquam
916 1775 1183 1831 dicentem
1226 1774 1379 1829 fratri
1422 1790 1523 1830 suo
1555 1792 1569 1828 :
1601 1772 1789 1838 Fatue,

212 1886 355 1923 reum
391 1869 669 1940 gehennae
697 1879 931 1939 putaret,
957 1867 1063 1924 nisi
1088 1868 1199 1937 ipsa
1225 1863 1437 1921 Veritas
1460 1867 1528 1899 ⁸⁸⁶
1553 1866 1794 1922 diceret?
1827 1856 1865 1911 Β

213 1962 280 2016 llli
308 1976 449 2015 vero
504 1960 555 1991 ⁸⁸
577 1961 674 2031 qui
724 1961 813 2014 illa
867 1968 1086 2031 peccata
1115 1967 1457 2031 perpetrant,
1491 1958 1558 2014 de
1596 1958 1796 2029 quibus

212 2057 508 2126 Apostolus
543 2057 675 2111 ait:
719 2054 984 2120 Quoniam
1029 2054 1119 2125 qui
1165 2052 1296 2106 talia
1345 2061 1526 2121 agunt,
1582 2066 1796 2121 regnum

213 2145 300 2201 Dei
320 2164 435 2201 non
477 2155 866 2216 consequentur
887 2146 967 2212 ⁸⁷,
1011 2144 1164 2199 valde
1192 2144 1414 2198 cavendi
1445 2151 1606 2209 sunt,
1646 2149 1699 2196 et
1728 2140 1794 2195 ad

209 2240 677 2300 emendationem,
708 2238 751 2293 si
776 2236 1074 2291 voluntarie
1092 2236 1379 2301 noluerint,
1404 2232 1791 2304 compellendi;

205 2333 323 2402 quia
348 2330 607 2386 infamia:
642 2330 871 2385 maculis
893 2337 1020 2383 sunt
1046 2328 1276 2397 aspersi,
1306 2338 1358 2382 et
1388 2326 1440 2381 in
1473 2327 1791 2381 barathrum

212 2424 561 2488 delabuntur,
600 2422 711 2476 nisi
734 2424 811 2476 eis
838 2420 1161 2476 sacerdotali
1199 2418 1522 2473 auctoritate
1552 2417 1786 2472 subven-

209 2526 319 2569 tum
379 2514 575 2570 fuerit.
628 2512 890 2568 Similiter
934 2522 988 2567 et
1021 2512 1098 2566 illi
1147 2510 1216 2566 de
1262 2512 1461 2581 quibus
1507 2510 1623 2580 ipse
1663 2510 1782 2563 ait:

210 2604 336 2661 Cum
384 2606 766 2675 hujuscemodi
802 2604 1096 2659 hominibus
1141 2619 1232 2657 nec
1274 2602 1449 2656 cibum
1488 2618 1688 2656 sumere
1711 2601 1788 2666 ⁸⁸;

210 2698 296 2767 qui
316 2696 551 2751 infamia
580 2705 713 2751 sunt
741 2696 912 2750 notati
937 2706 1227 2765 antequam
1253 2693 1576 2749 sacerdotali
1598 2702 1788 2747 aucto-

213 2791 360 2844 ritate
384 2797 698 2855 sauentur,
737 2798 791 2844 et
830 2789 884 2843 in
912 2788 1117 2860 gremio
1146 2794 1348 2844 sanctae
1379 2787 1569 2842 matris
1603 2786 1788 2841 Eccle-

214 2889 299 2941 sia:
327 2886 815 2955 redintegrentur;
849 2886 977 2955 quia
1008 2884 1097 2954 qui
1117 2892 1269 2938 extra
1295 2897 1396 2937 nos
1427 2889 1575 2947 sunt,
1600 2880 1787 2934 nobis-

213 2997 326 3035 cum
366 2980 794 3035 communicare
852 2993 960 3031 non
1014 2984 1261 3046 possunt.
1313 2972 1658 3028 Manifestum
1707 2980 1790 3025 est

215 3075 371 3139 enim,
400 3074 552 3144 quod
591 3072 651 3126 bi
689 3080 843 3125 extra
878 3085 979 3125 nos
1014 3077 1174 3135 sunt,
1221 3077 1277 3123 et
1307 3084 1338 3122 a
1379 3066 1535 3121 nobis
1566 3065 1786 3121 discreti

215 3169 576 3232 essedebent,
630 3182 756 3220 cum
787 3165 987 3235 quibus
1016 3180 1115 3219 nos
1147 3178 1247 3219 nec
1264 3162 1446 3225 edere,
1482 3175 1582 3215 nec
1604 3160 1783 3213 cibum

218 3276 419 3316 sumere
452 3262 610 3316 licet.
655 3257 921 3312 Similiter
945 3266 998 3312 et
1031 3270 1222 3310 omnes
1249 3268 1516 3324 personae,
1557 3251 1788 3321 quibus-

219 3353 339 3408 libet
379 3352 826 3423 turpitudinibus
853 3366 917 3405 ac
948 3347 1373 3405 scurrilitatibus
1394 3345 1669 3415 subjectae,
1703 3345 1789 3399 in-

224 3445 382 3501 fames
407 3457 540 3502 sunt
574 3444 822 3511 effectae;
852 3451 908 3498 et
950 3456 1141 3496 omnes
1164 3440 1233 3506 ⁸⁸,
1271 3439 1364 3511 qui
1396 3438 1656 3493 adversus
1692 3453 1789 3506 pa-

229 3549 670 3604 tresarrnantur,
705 3535 937 3591 infames
969 3534 1297 3611 efﬁciuntur.
1340 3532 1565 3587 Arenam
1594 3546 1712 3584 vero
1738 3538 1789 3583 et

234 3632 379 3685 solun
401 3642 446 3686 et
467 3646 716 3684 massam
760 3629 888 3698 ferri
922 3627 1132 3697 facilius
1159 3634 1235 3680 est
1263 3636 1495 3695 portare,
1523 3624 1793 3693 quamha-

242 3723 412 3774 minen
431 3723 814 3792 inprudentem
837 3729 886 3773 et
916 3719 1121 3789 fatuum
1141 3727 1296 3787 atque
1322 3716 1543 3786 impium
1562 3717 1627 3767 ’°.
1649 3713 1792 3779 Quo-

244 3816 380 3867 niam
410 3817 489 3886 qui
515 3818 825 3869 minoratur
864 3811 1052 3873 corde,
1092 3811 1291 3881 cogitat
1349 3809 1565 3871 inania;
1610 3814 1659 3860 et
1712 3805 1792 3858 vir

238 3907 513 3975 imprudens
547 3916 605 3961 et
634 3920 845 3971 errans,
876 3904 1071 3973 cogitat
1114 3900 1280 3956 stulta
1312 3900 1377 3952 ⁹¹.
1414 3897 1612 3952 Multos
1653 3898 1790 3951 enim

234 3999 579 4068 supplantavit
613 3996 848 4066 suspicio
876 3996 1110 4058 illorum,
1144 4002 1193 4047 et
1222 3994 1279 4046 in
1316 3992 1542 4046 sanitate
1564 3989 1790 4044 detinuit

225 4089 651 4143 sensusillorum.
667 4087 776 4140 Cor
793 4087 984 4139 durum
1009 4083 1147 4138 male
1168 4082 1376 4138 habebit
1398 4084 1454 4136 in
1475 4083 1789 4147 novissimo;

219 4182 551 4251 etquiomat
585 4179 913 4249 periculum,
958 4179 1014 4232 in
1059 4178 1171 4247 ipso
1210 4176 1418 4247 peribit.
1466 4176 1571 4231 Cor
1618 4176 1792 4246 ingre-

217 4274 356 4326 diens
381 4273 520 4326 duas
553 4273 693 4337 vias,
724 4287 826 4325 non
851 4270 1057 4325 habebit
1085 4269 1335 4339 requiem,
1370 4282 1417 4323 et
1438 4269 1588 4338 pravi
1616 4268 1789 4322 cordis

216 4367 267 4419 in
293 4367 337 4398 ⁹²
360 4366 474 4420 illis
499 4364 981 4419 scandalizabitur.
1015 4362 1121 4418 Cor
1146 4379 1368 4433 nequam
1404 4362 1710 4433 gravabitur
1733 4363 1785 4414 in

217 4458 486 4513 doloribus
506 4500 523 4524 ,
554 4466 609 4511 et
634 4467 877 4526 peccator
905 4456 1120 4525 adjiciat
1147 4456 1216 4510 ad
1238 4455 1559 4523 peccandum
1584 4454 1651 4508 ".
1682 4451 1788 4507 Ta-

1900 588 2003 646 est,
2032 590 2358 663 statuerunt,
2404 597 2470 636 ne
2499 591 2908 650 accusarentur,
2956 591 3053 638 aut
3092 583 3137 638 si
3170 584 3327 639 aliter
3355 584 3468 640 fieri

1899 686 2008 726 non
2041 672 2235 742 possit,
2270 672 2596 742 perdifﬁcilis
2629 689 2815 728 eorum
2842 674 2993 730 fieret
3021 676 3335 744 accusatio,
3360 684 3415 732 et
3438 691 3468 731 a

1899 763 2120 833 quibus,
2176 772 2235 817 ut
2271 778 2435 833 supra
2484 764 2689 819 dictum
2720 772 2831 831 est,
2880 781 2988 821 non
3024 777 3468 836 praesumeretur,

1899 869 2073 924 neque
2104 869 2134 908 a
2176 855 2410 925 propriis
2434 856 2654 911 sedibus
2685 866 2780 912 aut
2803 854 3059 914 Ecclesiis
3093 860 3336 930 episcopi
3366 860 3469 930 eji-

1899 955 2151 1001 cerentur
2178 946 2245 1001 ".
2295 946 2450 1013 Quod
2498 947 2543 1002 si
2584 949 2855 1018 quomodo
2878 961 3269 1020 przesumptum
3303 950 3470 1007 fuerit

1898 1050 2190 1115 antequam
2223 1047 2275 1094 et
2306 1039 2558 1109 proprius
2584 1040 2736 1095 locus
2756 1082 2771 1106 ,
2809 1051 2863 1096 et
2894 1051 2994 1097 sva
3022 1043 3202 1097 omnia
3230 1043 3311 1099 eis
3334 1043 3466 1115 legi-

1899 1130 2001 1186 bus
2025 1131 2071 1162 "
2108 1109 2641 1201 iedintegrarentur,
2672 1132 2979 1187 nullatenus
3009 1148 3039 1186 a
3076 1148 3348 1203 quoquam
3376 1151 3469 1191 ac-

1899 1231 2226 1277 cusarentur
2266 1231 2360 1277 aut
2391 1223 2848 1289 criminarentur,
2880 1232 2932 1279 et
2958 1224 3062 1279 nisi
3090 1234 3281 1294 sponte
3299 1226 3470 1297 elege-

1898 1314 2041 1376 rint,
2073 1313 2326 1384 cuiquam
2357 1329 2461 1385 pro
2487 1314 2681 1370 talibus
2708 1330 2813 1368 non
2835 1316 2879 1347 ⁸⁷
2920 1316 3343 1385 responderent;
3371 1317 3467 1373 sed

1897 1415 2209 1477 postquam,
2229 1415 2291 1462 ut
2321 1407 2601 1479 praefixum
2631 1417 2733 1475 est,
2765 1408 3001 1463 restituti
3034 1407 3258 1476 fuerint,
3284 1418 3337 1465 et
3366 1425 3464 1465 sua

1893 1500 2074 1555 omnia
2102 1500 2180 1556 eis
2209 1501 2419 1572 legibus
2448 1500 2831 1571 redintegrata,
2863 1502 3139 1571 dispositis
3170 1504 3467 1558 ordinatis-

1899 1610 2005 1660 que
2035 1595 2171 1660 suis,
2222 1610 2482 1666 magnum
2539 1597 2800 1666 spatium,
2844 1596 3109 1651 tractandi
3156 1612 3341 1662 causa,
3385 1599 3468 1653 eis

1896 1688 2321 1754 concederetur;
2362 1698 2416 1743 et
2450 1697 2662 1758 postea,
2694 1689 2738 1745 si
2767 1705 2988 1746 necesse
3021 1687 3205 1755 fuerit,
3251 1689 3470 1760 regula-

1898 1780 2030 1834 riter
2074 1779 2274 1844 vocati,
2306 1779 2555 1835 venirent
2580 1781 2645 1835 ad
2677 1796 2936 1849 causam;
2986 1791 3040 1837 et
3079 1781 3124 1838 si
3149 1781 3358 1851 justum
3387 1780 3466 1834 vi—

1898 1887 2020 1926 sum
2050 1870 2247 1938 fuerit,
2295 1871 2671 1928 accusantium
2704 1873 3166 1943 propositionibus
3194 1880 3468 1928 sustenta-

1900 1966 2046 2019 tioue
2093 1963 2321 2019 fratrum
2358 1964 2761 2034 responderent.
2814 1962 2969 2019 Nulla
3016 1966 3162 2020 enim
3204 1966 3469 2036 permittit

1897 2058 2039 2112 ratio
2072 2055 2138 2124 ",
2177 2057 2306 2112 dum
2343 2056 2407 2111 ad
2449 2066 2663 2127 tempus
2695 2072 2882 2112 eorum
2918 2058 3056 2112 bona
3099 2058 3181 2113 vel
3210 2057 3468 2112 Ecclesiae

1896 2160 2058 2218 atque
2104 2164 2194 2204 res
2227 2149 2292 2204 ab
2324 2150 2535 2205 tumulis
2563 2158 2657 2203 aut
2694 2164 2725 2204 a
2759 2149 3177 2220 quibuscunque
3208 2150 3455 2205 delinen-

1896 2249 2004 2306 tur,
2058 2249 2117 2295 ut
2149 2241 2351 2312 aliquid
2405 2242 2513 2295 illis
2567 2240 2727 2310 objEci
2756 2240 2968 2296 debeat.
3017 2239 3126 2297 Nec
3173 2243 3465 2312 quisquam

1898 2343 2072 2401 potest
2100 2335 2180 2389 eis
2206 2350 2427 2405 quoquo
2454 2335 2616 2390 modo
2643 2334 2909 2404 quidlibet
2940 2333 3210 2404 majorum
3240 2334 3323 2389 vel
3358 2335 3463 2389 mi—

1898 2441 2094 2480 norum
2127 2427 2362 2497 objiccre
2383 2468 2398 2494 ,
2433 2428 2563 2482 dum
2591 2426 2861 2490 ecclesiis,
2888 2426 3073 2491 rebus,
3111 2436 3205 2480 aut
3229 2435 3467 2497 potesta-

1895 2517 2039 2572 tibus
2067 2528 2253 2573 carent
2282 2520 2416 2575 suis.
2448 2518 2709 2574 Similiter
2740 2527 3005 2574 statutum
3036 2528 3123 2575 est
3147 2520 3207 2590 ,⁹²
3228 2560 3244 2586 ,
3282 2530 3335 2576 et
3366 2537 3466 2576 nos

1892 2610 2081 2664 eadem
2138 2619 2340 2664 statuta
2369 2611 2672 2677 ﬁrmantes,
2715 2611 3027 2678 statuimus,
3083 2619 3141 2665 ut
3182 2612 3226 2667 si
3270 2611 3467 2682 aliquis

1891 2701 2217 2756 clericorum
2270 2703 2386 2758 suis
2437 2703 2708 2772 episc0pis
2759 2699 2992 2757 infestus
3038 2715 3133 2757 aut
3182 2703 3468 2759 insidiator

1891 2791 2075 2856 fuerit,
2122 2808 2326 2862 eosque
2366 2793 2646 2848 criminari
2685 2793 2938 2860 voluerit,
2985 2803 3079 2848 aut
3114 2795 3468 2866 conspirator

1889 2884 2072 2950 fuerit,
2109 2898 2163 2940 ut
2202 2901 2329 2940 mox
2361 2894 2487 2941 ante
2525 2885 2897 2940 examinatum
2930 2885 3197 2955 judicium
3235 2887 3463 2943 submo-

1890 2989 1977 3034 tus
2023 2996 2053 3033 a
2083 2978 2251 3042 clero,
2283 2980 2448 3034 curiae
2481 2981 2497 3012 ί
2547 2978 2813 3046 tradatur,
2846 2978 2934 3033 cui
2967 2978 3323 3047 diebus,vita:
3355 2995 3469 3035 suae

1891 3071 2182 3135 deserviat,
2209 3079 2280 3141 .et
2316 3070 2536 3126 infamis
2570 3071 2778 3140 absque
2820 3069 2926 3124 ulla
2971 3070 3333 3126 restitutionis
3360 3088 3455 3142 spe

1892 3172 2227 3233 permaneat.
2286 3160 2399 3218 Nec
2436 3163 2579 3218 ullus
2613 3177 2851 3232 unquam
2892 3172 3205 3232 prtesumat,
3247 3178 3468 3219 accusa-

1893 3263 2043 3308 sator
2085 3253 2248 3308 simul
2289 3269 2410 3309 esse
2454 3262 2508 3309 et
2548 3253 2717 3317 iudex
2763 3254 2848 3309 vel
2878 3252 3067 3309 testis:
3101 3255 3360 3324 quoniam
3411 3256 3466 3309 in

1891 3346 2039 3399 onini
2069 3346 2275 3416 judicio
2309 3356 2545 3418 quatuor
2569 3362 2832 3416 personas
2860 3362 3082 3403 necesse
3130 3356 3213 3402 est
3255 3362 3469 3417 sempur

1890 3439 2101 3505 adesse,
2156 3438 2208 3494 id
2242 3448 2345 3503 est,
2371 3438 2586 3509 judices
2627 3438 2849 3504 electos,
2889 3447 2943 3494 et
2990 3446 3359 3503 accusatores,
3402 3455 3468 3494 ac

1890 3534 2225 3601 defensores,
2258 3544 2419 3605 atque
2468 3544 2652 3589 testes.
2685 3532 2949 3589 Similiter
2975 3543 3300 3602 statuentes,
3334 3549 3469 3604 apo-

1890 3630 2081 3685 stolica
2135 3630 2457 3684 auctoritate
2501 3628 2795 3698 jubemus,
2852 3642 2921 3681 ne
2973 3640 3247 3697 pastorem
3305 3644 3463 3682 suum

1891 3738 2041 3790 oves,
2071 3738 2192 3793 quae
2219 3721 2267 3776 ei
2308 3721 2616 3777 commissa:
2640 3718 2853 3774 fuerant
2875 3719 2917 3785 ⁸,
2954 3719 3057 3773 nisi
3099 3719 3152 3774 in
3183 3718 3285 3775 fide
3314 3736 3466 3775 erra-

1891 3813 2054 3878 verit,
2083 3810 2479 3881 reprehendere
2528 3808 2728 3864 audcat
2761 3831 2772 3864 :
2812 3808 2942 3877 quia
2970 3808 3113 3863 facta
3142 3812 3466 3879 prazposito-

1890 3920 2036 3969 rum,
2071 3904 2183 3958 oris
2220 3902 2401 3974 gladio
2433 3901 2453 3932 ³
2482 3899 2727 3955 ferienda
2758 3915 2868 3953 non
2901 3907 3048 3960 sunt,
3082 3916 3257 3969 neque
3288 3911 3465 3969 potest

1889 4013 2013 4054 esse
2040 3994 2343 4065 discipulus
2376 4009 2541 4064 super
2576 3993 2937 4065 magistrum,
2969 3994 3181 4047 dicente
3215 3991 3465 4049 Veritatis

1890 4104 2022 4144 voce
2056 4107 2069 4142 :
2108 4087 2230 4141 Non
2253 4096 2330 4141 est
2362 4084 2653 4155 discipulus
2684 4101 2839 4154 super
2866 4086 3202 4154 magistrum,
3245 4102 3336 4139 nec
3354 4102 3465 4139 ser-

1893 4197 1983 4236 uus
2015 4196 2172 4251 super
2222 4179 2489 4233 dominum
2518 4194 2671 4231 suum
2701 4177 2742 4232 ⁵.
2794 4175 3020 4232 0dibilis
3067 4190 3244 4231 autent
3283 4194 3463 4232 eorum

1890 4271 2000 4326 Deo
2039 4279 2085 4325 et
2115 4269 2411 4324 hominibus
2434 4278 2510 4323 est
2539 4268 2782 4338 superbia
2802 4309 2816 4333 ,
2845 4277 2894 4322 et
2920 4268 3262 4322 exsecrabilis
3289 4269 3462 4323 omnis

1889 4365 2168 4435 iniquitas.
2228 4361 2470 4416 Perdidit
2502 4360 2643 4415 Deus
2670 4361 2976 4414 memoriam
3006 4359 3378 4430 superborum,
3412 4370 3461 4414 et

1891 4457 2106 4528 reliquit
2133 4456 2438 4511 memoriam
2460 4455 2742 4508 humilium
2770 4470 2948 4507 sensu.
2980 4451 3165 4507 Semen
3189 4453 3463 4506 hominum

213 4553 278 4607 lia
305 4552 623 4624 cogitantes
654 4549 830 4605 sancti
860 4548 1115 4619 apostoli,
1158 4560 1462 4617 eorumque
1503 4560 1785 4601 suecesso-
1816 4557 1859 4612 ι)
1889 4548 2251 4613 honorabitur,
2299 4549 2395 4601 hoc
2439 4546 2578 4617 quod
2625 4547 2773 4600 timet
2820 4546 3007 4600 Deum.
3059 4544 3247 4600 Semen
3286 4554 3462 4598 autem

214 4660 297 4700 res
329 4647 401 4710 ’⁸,
433 4642 652 4713 Spiritu
678 4638 771 4695 Dei
795 4640 980 4709 repleti
1012 4638 1186 4693 malos
1212 4637 1461 4692 homines
1485 4634 1785 4707 praeviden-

212 4747 309 4803 tes,
334 4744 395 4791 et
425 4733 713 4805 simplices
739 4732 1168 4794 considerantes,
1191 4728 1481 4796 difﬁcilem,
1521 4736 1616 4783 aut
1644 4743 1785 4781 nun-

211 4843 371 4898 quam
401 4827 708 4881 voluerunt
731 4838 854 4882 esse
884 4821 1287 4878 accusationem
1319 4819 1684 4885 sacerdotum,
1714 4832 1783 4872 ne

210 4937 238 4975 a
264 4922 434 4977 malis
468 4919 777 4991 potuissent
817 4915 985 4971 everti
1026 4924 1122 4970 aut
1164 4913 1473 4971 submoveri
1517 4931 1531 4967 :
1570 4911 1698 4983 quia
1734 4911 1778 4967 si

209 5013 310 5069 hoc
380 5010 559 5067 facile
618 5006 1002 5063 concederetur
1062 5004 1417 5063 saecularibus
1502 5011 1556 5058 et
1621 5002 1779 5057 malis

207 5104 557 5169 hominibus,
610 5109 707 5156 aut
744 5100 946 5165 nullus,
985 5107 1079 5153 aut
1124 5098 1212 5153 vix
1247 5095 1502 5167 perpauci
1534 5110 1780 5149 remane—

206 5208 354 5265 rent;
416 5194 686 5265 quoniam
729 5207 944 5261 semper
973 5190 1110 5255 fuit,
1136 5198 1187 5245 et
1217 5201 1319 5255 est,
1350 5196 1423 5254 et,
1452 5186 1597 5257 quod
1630 5186 1783 5256 pejus

204 5300 304 5359 est,
365 5288 549 5346 nimis
590 5286 754 5357 viget,
788 5294 850 5340 ut
888 5285 1016 5339 mali
1051 5283 1224 5339 bonos
1270 5288 1686 5351 persequantur,
1732 5289 1788 5333 et

268 5426 317 5461 ⁸³
346 5424 417 5482 S.
446 5421 679 5482 August.
711 5420 930 5476 Enchir.
968 5435 1016 5475 c.
1053 5418 1118 5473 78
1143 5429 1196 5475 et
1216 5418 1303 5475 79.
1376 5416 1423 5449 ³³
1455 5416 1470 5468 Ι
1504 5415 1630 5469 Cor.
1654 5431 1730 5481 vl,
1755 5415 1805 5469 7.

785 5493 902 5562 qui.
974 5491 1018 5523 ⁸⁷
1046 5491 1221 5546 Galat.
1244 5506 1301 5562 v,
1329 5488 1436 5562 ιι.--
1457 5486 1505 5562 ‘_'
1627 5486 1838 5562 Coruv,
1878 5488 1963 5541 Η.

1392 5557 1438 5588 ⁸³
1462 5557 1625 5611 Eccli.
1656 5573 1736 5619 ιιι,
1760 5555 1827 5610 26
1857 5572 2004 5626 seqq.

207 5496 251 5529 ⁸⁸
297 5498 357 5553 fi.
424 5510 487 5565 q.
529 5491 565 5549 2
594 5512 608 5548 :
642 5491 737 5565 rllli

208 5568 249 5599 "
276 5560 464 5622 Ecdi.
496 5564 714 5627 "1,23.
790 5560 837 5596 τ’
854 5576 1075 5631 pravum
1110 5576 1204 5615 cor
1242 5560 1316 5631 ing.

1888 4641 1983 4695 hoc
2021 4638 2451 4705 exhonorabitur,
2486 4640 2624 4708 quod
2668 4638 2903 4708 prtcterit
2942 4638 3197 4690 mandata
3224 4636 3460 4692 Domini.

1888 4732 1955 4789 In
1973 4735 2143 4787 medio
2168 4733 2419 4801 fratrum,
2448 4741 2616 4785 rector
2644 4730 2858 4784 illorum
2880 4730 2934 4783 in
2956 4729 3182 4793 honore;
3212 4738 3262 4782 et
3279 4730 3369 4798 qui
3394 4730 3464 4782 ti-

1884 4835 2022 4878 ment
2050 4822 2329 4878 Dominum
2354 4862 2369 4887 ,
2411 4831 2562 4876 erunt
2600 4822 2655 4875 in
2678 4821 2844 4874 oculis
2872 4821 3008 4890 ejus.
3079 4819 3210 4887 Fili,
3255 4820 3330 4874 ait
3362 4819 3462 4874 Sa-

1889 4916 2095 4982 lomon,
2146 4916 2202 4968 in
2239 4914 2637 4967 mansuetudine
2671 4929 2818 4966 serva
2849 4914 3082 4966 animam
3117 4926 3284 4979 tuam,
3313 4921 3365 4967 et
3391 4914 3462 4965 da

1886 5008 1968 5061 illi
2008 5007 2275 5072 honorem,
2306 5008 2391 5061 cui
2418 5007 2584 5060 honor
2610 5007 2851 5075 competit
2870 5006 2913 5059 '.
2955 5003 3275 5072 Priusquam
3304 5005 3463 5059 inter.

1888 5116 2055 5171 roges,
2087 5115 2149 5152 ne
2174 5099 2423 5168 vituperes
2445 5106 2855 5168 quemquam;et
2889 5112 3007 5149 cum
3037 5097 3459 5166 interrogaveris,

1889 5192 2091 5259 corripe
2105 5189 2272 5259 juste.
2311 5188 2627 5260 Priusquam
2662 5189 2874 5250 audias,
2920 5204 2983 5242 ne
3008 5186 3321 5256 respondeas
3353 5203 3460 5240 eer-

1892 5282 2046 5343 bum;
2098 5288 2148 5334 et
2193 5280 2250 5333 in
2288 5278 2473 5334 naedio
2527 5281 2793 5334 seniorum
2853 5294 2915 5332 ne
2964 5279 3190 5347 adjicias
3245 5276 3459 5347 loqui‘.

1877 5419 1926 5457 ⁸⁸
1946 5412 2131 5469 Matth.
2165 5430 2220 5477 ν,
2249 5413 2338 5468 40.
2392 5414 2440 5445 ⁸⁸
2474 5413 2603 5469 Luc.
2667 5429 2742 5477 vt,
2787 5412 2875 5468 50.
2949 5414 3029 5446 ‘"
3062 5413 3251 5467 Matth.
3282 5426 3336 5475 ν,
3365 5408 3456 5464 22.

2898 5484 2942 5516 ⁹⁰
2962 5484 3128 5539 Eccli.
3166 5497 3315 5547 sxn,
3370 5481 3458 5535 18.

3100 5554 3324 5621 ο⁵5.‹ι.
3376 5552 3457 5606 ιε

2038 5486 2083 5516 ⁸⁸
2113 5484 2334 5540 Proclns
2356 5485 2420 5539 ad
2451 5484 2796 5539 Domninum.

2081 5555 2287 5611 "Idem
2331 5556 2472 5611 infra
2502 5557 2553 5608 in
2590 5557 2736 5612 decr.
2808 5555 2997 5625 Steph.

209 5635 476 5707 Episcopi
516 5638 561 5691 si
593 5623 640 5688 ἀ
662 5623 929 5758 propri-is.
1002 5632 1049 5663 "
1080 5631 1247 5686 Cenc.
1287 5629 1446 5683 Rom.
1479 5643 1510 5679 v
1542 5628 1643 5681 sub
1681 5623 2026 5697 Symmacho.
2099 5627 2145 5662 "
2186 5625 2408 5681 Adrian.
2446 5627 2571 5682 coll.
2604 5627 2658 5681 5.
2734 5628 2779 5659 "
2803 5627 2859 5681 3.
2891 5623 2995 5694 ῥά
3030 5644 3043 5681 :
3076 5623 3327 5692 Episcopi
3353 5626 3397 5675 si
3429 5637 3461 5677 a

210 5708 480 5772 propriis.
555 5704 648 5759 "l
697 5745 712 5757 .
738 5719 791 5772 q.
832 5703 855 5756 f
885 5719 899 5756 :
928 5700 1249 5765 Statuimus,
1272 5712 1342 5772 Διιι
1370 5700 1416 5752 si
1449 5698 1943 5772 quisclericorum.
2017 5698 2033 5729 ¹
2067 5697 2382 5772 Quria_hatc
2403 5699 2557 5772 valde
2599 5706 2854 5772 suspecta
2903 5704 2989 5772 cst
3013 5696 3169 5772 _3\nt_.
3221 5696 3457 5772 August.

210 5708 480 5787 propriis.

212 5844 347 5901 Luc.
396 5843 482 5916 ῑη,
526 5843 614 5901 to;

778 5698 794 5756 ξ
832 5703 855 5756 1
885 5719 899 5756 :
928 5700 1249 5765 Statuimus,
1284 5712 1342 5752 ut
1370 5700 1416 5752 si
1449 5698 1573 5767 quis
1596 5698 1937 5753 clericorum.

212 5766 265 5847 in
309 5766 453 5847 'cap.
513 5766 776 5847 38_Co‘ll;'
811 5772 943 5847 Adr.
1019 5769 1430 5847 :Cpncthom.
1463 5766 1493 5821 v
1515 5770 1637 5847 sub.
1675 5767 2021 5847 Symmacho.
2096 5766 2118 5799 ³
2143 5766 2379 5840 S.Greg.
2400 5767 2544 5824 Past.
2569 5783 2620 5837 p.
2653 5767 2784 5834 ll,c.
2813 5767 2866 5821 5.

688 5841 1317 5912 'Eccli.s,7,13,2b,
1355 5841 1444 5894 si.
1520 5841 1542 5871 ο
1575 5837 1744 5895 Betti.
1781 5854 1856 5907 xu,
1887 5839 1942 5903 7,
1981 5839 2034 5893 8.

2017 5698 2033 5729 ¹
2067 5697 2230 5752 Curia
2269 5699 2382 5753 hate
2404 5699 2557 5752 valde
2599 5706 2854 5767 suspecta
2903 5704 2989 5750 cst
3042 5696 3169 5749 Ant.
3221 5696 3457 5763 August.

2017 5810 2021 5820 .
2096 5766 2118 5799 ³
2143 5766 2379 5820 S.Greu.
2400 5767 2544 5820 Past.
2569 5783 2620 5820 ι).
2653 5767 2784 5820 ILc.
2813 5767 2866 5820 5.
2960 5771 2982 5797 ⁸
3011 5765 3199 5820 Matth.
3252 5780 3280 5819 Χ
3302 5804 3316 5820 .
3348 5763 3457 5820 Ἅι

3064 5779 3199 5821 attn.
3252 5780 3280 5819 κ
3301 5804 3316 5831 ,
3348 5779 3458 5833 τῆς
