3986 6358
533 294 632 348 195

1857 296 1913 350 S.
1959 293 2235 349 FABIANI
2274 294 2474 349 ΡΑΡᾹΞ

3658 302 3760 357 196

526 413 785 484 Exemplo
817 414 984 469 Cham
1015 415 1104 468 filii
1133 412 1248 469 Noe
1269 414 1289 445 "
1322 455 1337 478 ,
1387 416 1714 470 damnantur
1741 417 1834 485 qui
1872 424 2086 485 patrum
2122 421 2165 476 Α
2193 415 2262 468 ob
2292 415 2393 469 hoc
2422 416 2485 468 ad
2511 413 2785 486 fastigium
2824 415 3158 471 sacerdotale
3195 418 3471 487 provexit,
3500 427 3555 472 ut
3600 435 3762 473 man-

523 523 747 560 suorum
789 509 976 576 culpas
1009 509 1060 560 in
1093 508 1368 576 publicum
1402 507 1638 576 produnt
1674 508 1716 574 ⁸,
1755 517 1848 562 aut
1875 524 1970 563 eos
1998 525 2087 562 ac-

525 614 720 654 cusare
751 599 834 652 vel
865 599 1146 652 detrahere
1175 608 1512 668 praesumunt
1543 618 1556 653 :
1588 599 1755 653 veluti
1778 599 1968 665 Gham,
1993 601 2086 669 qui

529 690 699 758 patris
732 690 814 744 sui
844 687 956 743 Noe
983 689 1229 758 pudenda
1264 706 1372 744 non
1403 692 1635 760 operuit,
1675 692 1766 746 sed
1798 692 2086 746 deridenda

526 782 862 836 monstravit.
907 779 1167 836 Similiter
1199 792 1252 836 et
1278 783 1350 836 illi
1379 784 1625 852 exemplo
1658 783 1784 837 Sem
1813 791 1866 838 et
1891 782 2087 853 Japhet

520 875 886 941 jnstib‘cantur
908 874 950 937 ’,
987 875 1077 943 qui
1115 884 1422 928 reverenter
1446 877 1730 943 operiunt,
1758 883 1812 929 et
1836 889 1938 928 non
1962 890 2086 944 pro—

521 966 657 1018 dunt
687 981 746 1019 ea
788 981 907 1032 quae
939 961 1118 1034 patres
1147 982 1276 1021 suos
1305 967 1603 1021 excessisse
1624 977 1981 1036 cognoscunt.
2023 965 2080 1020 Si

518 1057 662 1110 enim
695 1073 725 1110 a
766 1058 869 1112 fide
899 1058 1193 1112 deviaverit
1231 1059 1518 1128 episcopus
1547 1100 1562 1123 ,
1598 1061 1700 1113 erit
1735 1059 2084 1130 corrigendus

520 1149 671 1216 prius
693 1157 896 1203 secrete
926 1165 954 1203 a
980 1150 1209 1204 subditis
1239 1151 1370 1205 suis.
1417 1149 1574 1216 Quod
1606 1151 1651 1204 si
1676 1151 2080 1220 incorrigibilis,

518 1237 663 1306 quod
711 1239 883 1291 absit!
939 1238 1282 1306 apparuerit,
1331 1245 1461 1292 tunc
1505 1239 1606 1291 erit
1637 1237 1976 1291 accusandus
2015 1236 2083 1290 ad

516 1331 777 1396 primates
825 1340 1085 1395 suos,aut
1113 1331 1179 1383 ad
1212 1330 1391 1383 sedem
1427 1330 1799 1399 apostolicam.
1829 1328 1934 1381 Pro
1963 1329 2083 1383 aliis

520 1437 648 1476 vero
683 1424 893 1477 actibus
921 1424 1035 1478 suis
1068 1423 1242 1492 magis
1266 1432 1348 1477 est
1377 1422 1685 1477 tolerandus
1723 1424 1790 1474 ab
1813 1421 2004 1475 ovibus
2031 1430 2084 1475 et

518 1513 750 1568 subditis
780 1515 927 1577 suis,
969 1530 1130 1584 quam
1167 1513 1530 1575 accusandus,
1567 1521 1659 1566 aut
1685 1513 1895 1581 publice
1927 1512 2083 1565 dero-

516 1606 761 1675 gandus;
807 1605 932 1675 quia
979 1621 1101 1660 cum
1135 1605 1186 1658 in
1217 1605 1295 1659 eis
1325 1621 1354 1658 a
1401 1605 1630 1659 subditis
1662 1604 1990 1672 delinquitur
2013 1603 2078 1666 ¹⁰,

514 1695 635 1762 ejus
683 1695 1010 1749 ordinationi
1057 1695 1324 1759 obviatur,
1377 1695 1468 1764 qui
1499 1710 1592 1749 eos
1632 1695 1682 1748 ei
1709 1695 1962 1763 praetulit,
1995 1695 2080 1746 di-

514 1796 670 1842 cente
702 1787 961 1856 Apostolo
997 1806 1012 1843 :
1046 1787 1142 1842 De:
1187 1788 1511 1841 ordinationi
1558 1789 1775 1852 resistit,
1816 1789 1904 1858 qui
1932 1797 2077 1857 pote-

513 1881 641 1934 stati
675 1880 869 1934 resistit
892 1881 955 1933 “.
1006 1877 1108 1945 Qui
1149 1895 1277 1934 vero
1311 1880 1732 1949 omnipotentem
1773 1877 1939 1933 Deum
1968 1893 2080 1933 me-

515 1975 619 2026 tuit
652 1973 716 2037 ",
743 1989 841 2028 nec
867 1983 1058 2026 contra
1086 1972 1460 2042 Evangelium,
1495 1987 1596 2026 nec
1627 1979 1817 2026 contra
1858 1980 2079 2041 aposto-

512 2065 616 2126 los,
643 2080 744 2118 nec.
774 2073 962 2119 contra
989 2065 1279 2134 prophetas
1304 2066 1386 2118 vel
1418 2073 1728 2118 sanctorum
1757 2062 1974 2116 Patrum
1998 2063 2080 2116 in-

511 2155 724 2220 Stituta,
750 2155 950 2224 aliquid
984 2155 1094 2209 ullo
1119 2156 1278 2209 modo
1304 2171 1463 2226 agere
1483 2156 1772 2210 consentit.
1811 2153 2076 2208 Sacerdo-

509 2256 591 2301 tes
633 2262 761 2316 crgo
809 2247 1112 2300 honorandi
1146 2256 1295 2310 sunt,
1337 2262 1442 2300 non
1477 2247 1746 2301 laccrandi
1781 2246 1859 2298 vel
1887 2261 2080 2314 expro-

507 2337 700 2393 brandi
748 2346 892 2391 sunt.
929 2336 1148 2407 Legitur
1173 2338 1226 2390 in
1261 2335 1643 2390 Ecclesiastico
1680 2353 1693 2388 :
1732 2333 1798 2389 In
1828 2345 1939 2387 tota
1965 2335 2079 2387 ani-

509 2447 595 2482 ma
628 2440 719 2484 tua
763 2430 884 2482 time
928 2428 1118 2496 Deum,
1170 2438 1217 2481 et
1269 2429 1564 2482 sacerdotes
1608 2427 1754 2481 illius
1778 2428 2074 2496 sanctiﬁca.

511 2522 580 2577 In
615 2525 758 2577 omni
789 2523 984 2577 virtute
1013 2530 1104 2574 tua
1135 2522 1295 2590 dilige
1319 2537 1435 2573 eum
1461 2522 1550 2589 qui
1585 2528 1632 2572 te
1661 2520 1816 2588 fecit,
1853 2528 1900 2572 et
1930 2512 2078 2571 mini-

508 2624 645 2668 stros
689 2615 801 2683 ejus
852 2631 954 2666 non
1000 2612 1353 2682 derelinquas.
1410 2611 1629 2664 Honora
1675 2611 1840 2664 Deum
1868 2626 1932 2664 ea:
1967 2619 2077 2663 tota

509 2708 688 2760 anima
714 2716 831 2772 tua,
881 2715 929 2759 et
977 2705 1270 2773 honori/ica
1297 2705 1638 2766 sacerdotem,
1664 2712 1710 2757 et
1743 2719 2002 2771 propurga
2029 2712 2076 2755 te

508 2816 626 2852 cum
668 2799 922 2852 brachiis.
971 2797 1048 2851 Da
1094 2797 1176 2850 illi
1213 2807 1449 2866 partem,
1487 2797 1625 2848 sicut
1657 2795 1962 2846 mandatum
2001 2806 2076 2848 est

509 2891 624 2955 tibi,
673 2892 1053 2961 primitiarum,
1113 2899 1160 2943 et
1203 2890 1265 2942 de
1313 2889 1626 2958 negligentia
1655 2903 1822 2955 purga
1865 2895 1912 2939 te
1958 2902 2076 2939 cum

505 2985 706 3052 paucis.
762 2983 961 3035 Datum
1015 2982 1347 3035 brachiorum
1398 2990 1628 3042 tuorum,
1659 2988 1707 3032 et
1754 2979 2074 3047 sacriﬁcium

505 3076 947 3144 sanctiﬁcationis
982 3075 1170 3143 o/feres
1203 3073 1452 3138 Domino,
1482 3082 1530 3125 et
1556 3073 1708 3124 initia
1733 3081 2073 3137 sanctorum;

505 3180 555 3223 et
583 3169 799 3238 pauperi
833 3168 1043 3237 porrige
1083 3182 1297 3219 manum
1334 3176 1500 3230 tuam,
1535 3173 1592 3218 ut
1632 3165 1934 3234 perﬁciatur
1959 3180 2075 3235 pro-

503 3263 716 3330 pitiatio
747 3270 795 3314 et
834 3260 1122 3313 benedictio
1172 3269 1264 3311 tua
1297 3257 1360 3311 ¹³.
1399 3256 1524 3312 Haec
1553 3273 1661 3310 non
1704 3259 2072 3312 tantummodo

504 3353 684 3420 vobis,
730 3353 822 3408 sed
864 3351 1121 3407 omnibus
1154 3349 1418 3404 fratribus
1441 3365 1538 3419 per
1559 3364 1654 3404 vos
1677 3357 1805 3403 nota
1844 3349 1958 3403 fieri
1978 3365 2072 3404 vo-

504 3445 706 3510 lumns,
746 3452 806 3498 ut
845 3443 1161 3506 unanimes,
1197 3457 1363 3495 unum
1401 3441 1715 3504 sentientes,
1754 3455 2072 3510 permanea-

504 3554 628 3592 mus
657 3538 707 3591 in
733 3536 951 3590 Christo
979 3533 1112 3587 nihil
1143 3547 1239 3602 per
1260 3532 1660 3587 contentionem
1695 3532 1852 3587 nobis
1886 3531 1948 3597 ιδ,
1978 3546 2071 3585 ne-

504 3647 609 3701 que
649 3645 742 3700 per
778 3628 993 3681 inanem
1025 3623 1252 3693 gloriam
1283 3623 1654 3688 vindicantes,
1699 3638 1806 3676 non
1833 3620 2071 3675 homini-

506 3721 626 3782 bus,
649 3719 741 3774 sed
777 3718 884 3772 Deo
908 3716 1176 3775 Salvatori
1199 3720 1386 3767 nostro
1414 3711 1707 3781 placentes.
1739 3708 1837 3765 Cui
1872 3719 1954 3766 est
1980 3711 2072 3765 bo-

504 3828 605 3867 nor
637 3821 689 3867 et
719 3811 886 3882 gloria
910 3809 964 3862 in
995 3808 1317 3862 saeculorum
1343 3804 1559 3858 sucula.
1590 3805 1781 3859 Amen.
1806 3821 1810 3824 ·

1057 3939 1396 3994 EPlSTOLA
1437 3937 1524 3992 lll.

937 4051 1003 4088 AD
1044 4049 1301 4087 HILARIUII
1341 4045 1651 4085 EPISCOPUH.

505 4128 571 4178 Ut
596 4128 853 4190 peregrina
873 4127 1053 4185 judicia
1084 4128 1380 4184 respuantur
1399 4126 1546 4190 atque
1583 4124 1838 4190 accusatus
1883 4117 1944 4190 in.
1977 4131 2067 4167 suo

567 4181 674 4238 loco
712 4181 903 4236 causam
938 4200 1073 4234 suam
1119 4181 1350 4246 peragat,
1376 4188 1429 4230 et.
1471 4188 1527 4229 ut
1559 4181 1716 4246 omnis
1750 4182 1834 4240 qui
1877 4181 2065 4246 crimen

567 4251 760 4309 objicit,
803 4248 986 4296 scribat
1032 4260 1089 4294 se
1114 4241 1452 4309 probaturum,
1476 4247 1530 4309 et
1567 4245 1608 4290 si
1644 4255 1740 4309 non
1787 4241 2068 4302 probaverit.

563 4304 912 4374 quinLobjicit,
940 4304 1129 4369 pinnam
1148 4319 1293 4367 quam
1326 4305 1571 4363 intulerit,
1597 4304 1821 4365 patiatur.

505 4420 546 4474 1.
604 4419 707 4484 Qui
731 4434 830 4470 non
855 4416 1070 4469 debeant
1094 4412 1305 4484 admitti
1333 4411 1401 4464 ad
1433 4409 1838 4463 accusationem.

507 4490 569 4545 ll.
607 4482 683 4543 De
722 4482 1259 4557 peregrinisjudiciis.

504 4559 592 4613 lll.
640 4559 709 4611 De
755 4557 998 4627 pulsatis.

507 4629 596 4683 IV.
637 4629 695 4683 Si
733 4616 845 4696 ciuis
876 4629 1044 4680 iratus
1089 4623 1284 4676 crimen
1318 4621 1559 4691 objecerit
1580 4661 1596 4686 ,
1622 4618 1699 4672 vel
1730 4616 1927 4686 objecta
1963 4632 2063 4670 non
2085 4673 2107 4695 '

506 4769 572 4824 ιι.
616 4700 971 4892 δῖνὲἕὲἓῖῖὗξ
1005 4775 1280 4822 accusatus
1308 4765 1479 4818 sedem
1515 4760 1856 4830 apostolicam
1885 4755 2062 4828 appel-

669 4851 795 4892 avtt.

669 4851 795 4893 avtt.

556 4951 915 5006 Dilectissimo
952 4949 1103 5004 fratri
1146 4948 1372 5003 "ILAMO
1406 4946 1659 5017 episeopo
1698 4940 1986 4996 FABMNUS.

578 5039 782 5094 Divina:
821 5039 966 5094 circa
1007 5055 1104 5094 nos
1141 5038 1327 5108 gratiae
1364 5051 1633 5091 memores
1669 5034 1711 5064 ¹²⁵
1751 5046 1872 5086 esse
1905 5029 2066 5084 debe-

508 5147 664 5197 mus,
693 5130 788 5201 qui
828 5147 925 5186 nos
962 5146 1058 5201 per
1085 5129 1411 5200 dignationis
1459 5142 1570 5183 sum
1606 5123 2064 5188 miscricordiam,

1020 5311 1041 5344 ⁸
1069 5310 1194 5366 lsid.
1228 5329 1309 5375 ιιι,
1345 5316 1483 5365 sent.
1516 5308 1604 5362 '59.

989 5383 1029 5415 ¹¹
1061 5381 1218 5436 Rom.
1251 5398 1372 5444 xui,
1409 5381 1462 5433 2.

579 5317 599 5347 ⁷
621 5315 816 5369 Cenes.
849 5331 924 5368 Ix.

507 5387 654 5442 Past.
676 5402 757 5451 ιιι,
775 5401 824 5439 c.
857 5385 909 5438 5.

513 5669 567 5719 Si
601 5669 722 5734 quis
755 5669 872 5736 jud.
950 5669 994 5696 ²²
1038 5669 1167 5716 Vide
1189 5669 1319 5713 Adr.
1343 5669 1465 5712 coll.
1498 5673 1546 5711 ρ.
1573 5669 1664 5721 21,
1699 5669 1786 5716 '02,
1813 5669 1901 5718 oo,

512 5738 631 5788 libri
662 5753 712 5788 xi
736 5738 868 5790 Cod.
899 5733 1128 5793 Theod.,
1161 5744 1371 5783 necnon
1396 5736 1579 5779 notata
1611 5725 1734 5778 Ant.
1764 5725 1901 5791 Aug.

509 5808 543 5860 6
561 5845 575 5871 ,
606 5807 706 5871 Qui
731 5808 954 5861 crimen.

1730 5306 1751 5338 ’
1781 5303 1912 5374 Sup.
1933 5301 2192 5374 ‘habetur
2229 5297 2368 5351 idem
2415 5295 2469 5348 in
2507 5293 2676 5374 epist;
2709 5291 2960 5374 A_nacleti_
2975 5289 3191 5374 ultima.

1542 5379 1582 5411 “
1616 5377 1701 5431 Η.
1729 5392 1786 5447 q.
1812 5368 1889 5429 3':
1919 5372 2022 5439 Qui
2047 5368 2493 5447 omnipotentem:

507 5433 1079 5513 lin-,‘rlli'larius
1105 5433 1551 5522 ipsi—Leonis
1586 5433 2011 5522 su_cce§s_or,_€p.
2047 5441 2125 5522 δέ,
2173 5433 2741 5522 ,Ξειίιεξιξνςροίῖςη
2782 5433 2823 5462 ³⁷
2846 5433 3027 5522 {api-ES?

599 5502 769 5580 linem
813 5502 1257 5591 .i'éd'dé'ébi§fiiife
1269 5502 1567 5575 ﬁll—labentur
1597 5502 1758 5572 etiam
1803 5502 2077 5591 in'decr._l

2181 5507 2208 5561 ιί
2235 5502 2320 5591 ιιιο
2349 5575 2376 5591 ,.
2398 5502 2763 5591 ίεέαιῖτέεοιις
2783 5502 3051 5591 se:

511 5575 1252 5658 Ῑῆ,“εὲἐι⁷ίι’;“ο‹ι’.”ᾗι⁷εό⁴ἇ.,ιιι).
1283 5607 1357 5653 ιι,
1388 5591 1470 5642 ne.
1499 5591 1552 5653 ι,
1585 5596 1760 5658 ρρηξι,
1799 5583 1886 5658 t_0_.
1929 5582 2007 5658 _’_“
2045 5580 2100 5634 5-
2131 5585 2321 5658 quaest
2347 5575 2380 5629 6
2410 5593 2422 5628 =
2456 5575 2513 5658 3}
2544 5575 2668 5655 quis
2710 5575 3111 5658 βρίεοορρςυιξξο
3164 5575 3529 5658 ,ξχιᾶηίιυξξ

950 5631 1470 5716 έῖ¹ἶῑίἆέᾹ¹ἱιὲῗέ6ἱῐῖ
1498 5631 1552 5711 ἑῖ
1573 5631 1902 5721 £53135,
1929 5651 2016 5711 si.
2048 5631 2077 5721 Ῐ

2181 5631 2421 5721 interpr.
2471 5631 2666 5697 Aniani
2709 5631 2764 5696 in
2812 5631 3012 5721 __co'ps_t.
3058 5635 3229 5721 2,“!5
3264 5631 3469 5721 (H30,—
3497 5631 3731 5721 ti}..3tl,

1976 5704 2020 5752 ξε
2047 5719 2101 5776 5.
2128 5733 2185 5788 q.
2215 5717 2240 5769 ι
2277 5704 2570 5788 ςῐίιιιεειιιιξ
2594 5723 2747 5788 ante_._
2811 5712 2858 5745 ιι
2890 5707 3191 5788 Αςιτκοοιιε,
3224 5721 3273 5760 c.
3297 5704 3411 5788 ‘56.

1127 5775 1945 5863 terE-‘cell;_d77,—esrAnia’no
1975 5791 2031 5847 in
2057 5775 2234 5845 const.
2259 5787 2312 5854 5,
2342 5787 2424 5841 tit.
2480 5784 2642 5858 primi
2696 5783 2789 5837 lib.
2839 5797 2893 5835 ix
2941 5779 3074 5835 Cod.
3129 5775 3337 5832 Τὴεοάο

2189 506 2329 560 datis
2364 506 2534 574 ipsius
2577 506 2936 572 inharrentes,
2972 515 3025 562 et
3057 507 3110 561 in
3145 510 3376 578 quadam
3415 511 3758 566 sacerdotum

2186 595 2302 663 ejus
2341 596 2554 664 specula
2593 598 2906 662 constituti,
2935 599 3320 667 prohibeamus
3360 601 3542 655 illicita
3573 610 3625 656 et
3669 619 3759 656 se-

2187 685 2398 752 quenda
2423 685 2736 740 doceamus.
2776 685 2829 740 ln
2857 696 3065 742 tantum
3101 690 3246 744 enim
3281 690 3333 743 in
3365 692 3608 746 occiduis
3637 709 3760 762 par-

2185 775 2330 830 tibus
2353 815 2366 840 ,
2405 777 2603 845 quibus
2629 779 2862 832 moraris
2883 822 2897 844 ,
2925 781 3229 834 audivimus
3258 782 3514 836 astutiam
3549 784 3758 838 diaboli

2187 868 2375 922 satvire
2404 869 2458 921 in
2486 869 2740 938 populum
2773 872 2815 902 ¹⁶
2846 870 3212 927 Christianum
3237 915 3252 941 ,
3276 887 3438 943 atque
3468 877 3759 946 multiplici

2185 959 2498 1027 deceptione
2529 976 2874 1030 prorumpere
2900 1001 2914 1027 ,
2947 973 3007 1017 ut
3031 980 3138 1018 non
3168 967 3340 1020 solum
3374 966 3540 1022 laicos
3579 984 3760 1023 saecu-

2185 1047 2324 1104 lares
2349 1090 2363 1114 ,
2388 1051 2477 1104 sed
2513 1053 2658 1120 ipsos
2692 1068 2910 1122 quoque
2954 1053 3167 1108 Domini
3212 1057 3518 1112 sacerdotes
3544 1067 3760 1127 premat

2184 1149 2340 1210 atque
2368 1152 2538 1197 vexet.
2571 1143 2722 1198 Unde
2747 1186 2761 1210 ,
2793 1146 2846 1198 in
2875 1147 3060 1215 grandi
3091 1163 3323 1202 mcerore
3369 1149 3564 1218 positi,
3587 1151 3758 1204 dissi-

2183 1234 2389 1290 mulare
2424 1252 2530 1291 non
2565 1253 2856 1306 possumus
2895 1239 3038 1308 quod
3072 1239 3342 1308 corrigere
3368 1243 3623 1296 atrociter
3659 1243 3758 1295 de-

2183 1327 2392 1382 bemus.
2431 1326 2769 1397 Quapropter
2816 1339 3127 1398 competens
3165 1333 3466 1385 adhibenda
3507 1343 3589 1386 est
3629 1335 3756 1388 tali-

2183 1419 2283 1474 bus
2319 1422 2520 1476 medela
2550 1424 2893 1489 vulneribus,
2927 1440 2995 1479 ne
3032 1425 3321 1480 immatura
3363 1427 3588 1481 curandi
3622 1426 3758 1482 faci-

2181 1511 2338 1573 litas,
2389 1515 2665 1569 mortifera
2718 1517 2910 1584 capitis
2958 1527 3106 1587 peste
3162 1519 3294 1571 nihil
3341 1519 3614 1587 possit",
3656 1520 3752 1574 sed

2183 1607 2401 1677 segnius
2433 1616 2597 1662 tracta
2630 1610 2896 1678 pernicies
2917 1650 2931 1675 ,
2974 1620 3125 1665 reatu
3163 1627 3268 1666 non
3305 1613 3557 1682 legitimae
3583 1628 3751 1667 cura-

2179 1697 2371 1763 tionis,
2401 1699 2635 1754 involvat
2659 1703 2862 1770 pariter
2890 1704 3163 1758 sauciatos
3189 1713 3240 1758 et
3271 1705 3566 1759 medentes.

2249 1873 2286 1927 I.
2307 1874 2386 1928 Ob
2406 1874 2457 1929 id
2471 1890 2598 1946 ergo
2623 1885 2918 1932 statuentes
2937 1878 3280 1934 decernimus
3299 1888 3357 1933 ut
3374 1879 3498 1944 hi”,
3519 1882 3611 1950 qui
3634 1896 3750 1938 non

2179 1981 2306 2025 sunt
2339 1971 2491 2025 bona:
2519 1973 2945 2028 conversationis
2969 2013 2983 2036 ,
3007 1982 3100 2027 aut
3129 1989 3362 2044 quorum
3396 1976 3506 2030 vita
3536 1987 3620 2031 est
3651 1994 3747 2032 ac-

2179 2063 2453 2128 cusabilis,
2477 2073 2569 2117 aut
2590 2079 2819 2133 quorum
2845 2065 3001 2128 fides,
3024 2066 3132 2118 vita
3159 2075 3211 2119 et
3233 2065 3458 2121 libertas
3483 2068 3749 2133 nescitur,

2179 2169 2285 2207 non
2313 2156 2522 2224 possint
2558 2154 2770 2209 Domini
2818 2157 3125 2211 sacerdotes
3167 2173 3425 2212 accusare
3452 2198 3465 2221 ,
3510 2175 3576 2213 ne
3607 2161 3748 2214 viles

2177 2262 2418 2316 persona
2460 2248 2524 2301 ad
2575 2248 2977 2302 accusationem
3019 2264 3206 2303 eorum
3251 2249 3623 2304 admittuntur.
3659 2251 3747 2304 Si-

2178 2338 2375 2392 militer
2399 2339 2483 2402 hi,
2514 2338 2605 2408 qui
2640 2339 2692 2391 in
2713 2340 2985 2406 aliquibus
3007 2341 3326 2395 criminibus
3356 2341 3550 2394 irretiti
3589 2353 3744 2407 sunt,

2176 2432 2259 2484 vel
2296 2429 2386 2499 qui
2426 2439 2554 2484 sunt
2589 2431 2910 2500 suspiciosi,
2955 2447 3139 2486 vocem
3177 2435 3462 2486 adversum
3505 2435 3746 2504 majores

2177 2532 2303 2576 natu
2339 2537 2444 2576 non
2485 2523 2720 2577 habeant
2749 2524 3081 2587 accusandi;
3125 2526 3250 2592 quia
3294 2525 3600 2593 suspiciosa
3637 2542 3746 2580 vos

2175 2621 2229 2667 et
2255 2611 2471 2666 inimica
2493 2612 2774 2668 veritatem
2798 2613 2937 2668 solet
2966 2616 3290 2682 opprimere.

2245 2770 2306 2824 ll.
2334 2769 2619 2839 Peregrina
2647 2784 2775 2823 vero
2801 2771 2841 2801 ¹⁹
2859 2768 3084 2837 judicia,
3104 2768 3251 2823 salva
3271 2767 3324 2820 in
3343 2767 3597 2822 omnibus
3610 2783 3749 2837 apo-

2175 2861 2364 2915 stolica
2405 2859 2743 2924 auctoritate,
2774 2860 3008 2929 generali
3038 2860 3317 2913 sanctione
3344 2859 3699 2926 prohibemus
3727 2901 3747 2920 ν

2173 2953 2298 3020 quia
2345 2951 2622 3021 indignum
2657 2959 2740 3006 est
2780 2952 2846 3004 ab
2888 2951 3165 3013 externis,
3215 2959 3274 3004 ut
3314 2950 3607 3020 iudicetur,
3649 2954 3746 3021 qui

2173 3044 2530 3114 provinciales
2563 3053 2617 3097 et
2656 3059 2686 3096 a
2729 3058 2786 3097 se
2829 3042 3030 3097 electos
3070 3043 3227 3097 debet
3271 3042 3745 3111 haberejudices,

2173 3137 2278 3190 nisi
2314 3136 2475 3190 fuerit
2517 3136 2862 3206 appellatum.
2913 3134 3062 3189 Unde
3105 3143 3317 3204 oportet
3346 3137 3414 3202 ⁸ο,
3447 3136 3490 3188 si
3534 3136 3737 3204 aliquis

2171 3231 2544 3300 episcoporum
2585 3244 2746 3298 super
2778 3228 2938 3282 certis
2972 3236 3259 3282 accusetur
3292 3227 3651 3290 criminibus,
3685 3239 3746 3281 ut

2171 3324 2240 3378 ab
2269 3323 2521 3378 omnibus
2550 3322 2802 3375 audiatur
2829 3321 2920 3390 qui
2955 3330 3082 3375 sunt
3126 3321 3180 3374 in
3223 3320 3500 3388 provincia
3527 3322 3746 3389 cpisco-

2172 3415 2278 3484 pis,
2309 3414 2433 3485 quia
2463 3429 2570 3468 non
2616 3421 2829 3483 oportet
2866 3409 3440 3476 accusatum'alicubi,
3475 3427 3641 3481 quam
3686 3413 3740 3465 in

2172 3508 2290 3564 foro
2327 3523 2427 3563 suo
2450 3547 2465 3571 ,
2494 3507 2690 3562 audiri.
2734 3507 2790 3560 Si
2840 3507 2964 3577 quis
3004 3523 3133 3560 vero
3163 3507 3398 3578 judicent
3445 3507 3744 3560 adversum

2171 3602 2270 3657 sibi
2291 3601 2522 3656 senserit
2552 3601 2617 3665 ",
2649 3616 2834 3654 vocem
2861 3601 3236 3669 appellationis
3261 3599 3513 3654 exhibeat
3539 3601 3604 3653 “.
3629 3601 3744 3669 Ap-

2169 3694 2453 3764 pellantem
2499 3702 2676 3746 autem
2713 3707 2818 3745 non
2851 3693 3007 3747 debet
3033 3692 3249 3746 alllictio
3275 3691 3383 3745 ulla
3420 3701 3513 3744 aut
3551 3690 3743 3744 deten-

2168 3787 2332 3841 tionis
2369 3785 2624 3854 injuriare
2648 3784 2930 3850 custodia;
2975 3784 3067 3839 sed
3110 3783 3269 3838 liceat
3309 3783 3628 3853 appellatori
3663 3783 3741 3834 vi-

2167 3879 2354 3933 tiatam
2382 3894 2600 3933 causam
2631 3876 3006 3947 appellationis
3038 3875 3276 3929 remedio
3303 3873 3608 3929 sublevare.
3644 3871 3740 3925 Li-

2167 3979 2287 4024 ceat
2333 3969 2496 4024 etiam
2543 3970 2597 4022 in
2640 3968 2821 4022 causis
2868 3966 3243 4022 criminalibus
3290 3965 3582 4035 appellare.
3625 3963 3742 4018 Nec

2165 4076 2270 4115 vox
2309 4059 2606 4130 appellandi
2645 4062 2939 4128 denegetur
2973 4056 3059 4122 ei,
3099 4071 3258 4125 quem
3298 4052 3566 4124 supplicio
3605 4067 3738 4106 sen-

2169 4151 2338 4206 tentia
2364 4149 2670 4205 destinarit.

2236 4311 2322 4365 ill.
2348 4310 2598 4364 Pulsatus
2617 4315 2741 4362 ante
2753 4321 2911 4361 suum
2928 4303 3164 4375 iudicem
3184 4316 3404 4358 causam
3427 4300 3571 4355 dicat
3588 4299 3658 4366 ἐς
3684 4310 3741 4354 et

2167 4414 2292 4460 ante
2318 4419 2428 4459 non
2468 4417 2626 4457 suum
2656 4401 2891 4470 iudicem
2915 4438 2930 4463 ,
2964 4398 3208 4468 pulsatus
3232 4436 3246 4460 ,
3280 4396 3326 4451 si
3355 4394 3620 4457 voluerit,
3656 4403 3739 4447 ta-

2165 4510 2321 4562 ceat;
2356 4505 2409 4550 et
2442 4493 2770 4564 utpulsatis.
2809 4491 3026 4561 Quoties
3051 4487 3471 4560 appellaverint,
3498 4485 3740 4540 inducite

2166 4591 2362 4646 dentur
2395 4587 2460 4640 ιι.

2239 4747 2330 4801 1V.
2351 4746 2409 4802 Si
2439 4746 2563 4816 quis
2584 4761 2712 4816 ergo
2735 4745 2907 4798 iratus
2925 4741 3132 4797 crimen
3160 4735 3378 4807 aliquod
3400 4734 3620 4790 cuilibet
3655 4743 3737 4788 te-

2167 4856 2315 4896 mere
2352 4839 2699 4909 objecerit",
2736 4835 3043 4891 convicium
3088 4847 3194 4886 non
3239 4843 3321 4884 est
3366 4843 3464 4898 pro
3505 4842 3736 4882 accusa-

2167 4933 2314 4986 tione
2334 4929 2637 4985 habendum
2667 4947 2681 4996 ;
2712 4927 2834 4992 sed,
2864 4924 3130 4997 permisso
3157 4919 3418 4976 tractandi
3445 4917 3653 4987 spatio,
3677 4917 3731 4970 id

2169 5021 2314 5094 quod
2350 5023 2520 5077 iratus
2541 5020 2678 5075 dixit
2708 5020 2776 5083 ’⁸,
2801 5033 2896 5087 per
2921 5017 3244 5086 scripturam
3283 5029 3340 5068 se
3370 5012 3730 5081 probaturum

2170 5129 2291 5170 esse
2319 5113 2548 5168 fateatur
2572 5130 2587 5178 ;
2618 5119 2676 5165 ut
2698 5149 2712 5175 ,
2742 5109 2785 5165 si
2815 5107 3045 5164 fortasse
3071 5107 3399 5176 resipiscens
3419 5144 3435 5168 ,
3467 5119 3590 5174 quae
3617 5118 3736 5172 prae

3295 5287 3338 5317 ⁸ο
3379 5283 3438 5338 S.
3473 5282 3731 5350 Gregor.,

2571 5364 2614 5394 ¹³
2638 5359 3119 5420 Eccli.vn."51-56.
3198 5359 3445 5410 “Innoc.
3479 5353 3520 5411 l.
3556 5368 3644 5420 cp.
3669 5353 3728 5414 ‘2,

2782 5433 2823 5462 "
2846 5431 3017 5500 captis
3050 5437 3199 5499 peste
3231 5441 3340 5480 non
3368 5425 3558 5494 prosit.
3589 5420 3722 5476 Hmc

2785 5541 2800 5550 .
2862 5517 2913 5550 c.
2964 5499 3051 5550 15.
3142 5497 3184 5530 ’⁸
3225 5497 3366 5550 idem
3413 5493 3545 5548 Adr.
3601 5506 3730 5550 can.

3225 5507 3366 5550 idem
3413 5507 3545 5548 Aur.
3601 5507 3730 5562 cap.

3223 5567 3267 5597 ¹¹
3329 5566 3381 5627 1,
3431 5561 3732 5634 quaest._6,

3505 5704 3551 5735 ”
3591 5701 3730 5770 Lq.
