3986 6358
239 307 339 361 197

1676 302 2056 359 ΕΡΙΞΤΟῙ-Ε.

3405 305 3505 361 198

235 423 525 481 iracundia
560 424 728 485 dixit,
755 423 959 479 iterare
997 433 1093 479 aut
1133 424 1369 478 scribere
1407 423 1660 489 noluerit,
1711 440 1819 479 non
1852 438 1893 493 Α
1925 440 2126 493 iniqua.
2159 432 2210 478 et
2246 439 2397 478 nemo
2432 440 2531 477 non
2565 424 2797 493 objiciet.
2829 423 2891 478 In
2930 433 3203 493 conspectu
3228 425 3505 479 oculorum

234 528 291 571 ut
318 533 450 572 reus
479 518 727 571 criminis
761 525 1031 572 teneatur.
1071 516 1274 572 Omnis.
1294 531 1424 585 ergo
1444 558 1458 583 ,
1487 517 1579 587 qui
1614 517 1818 571 crimen

236 610 430 679 objicit
474 610 547 673 ",
592 609 798 663 scribat
842 625 901 664 se
942 609 1319 678 probaturum.
1359 608 1565 664 Revera
1607 624 1821 679 semper

234 703 304 757 ibi
337 718 511 756 causa
535 712 749 773 agatur,
786 702 877 756 ubi
902 703 1107 756 crimen
1139 702 1461 757 admittitur.
1494 700 1563 755 Et
1587 702 1677 770 qui
1712 716 1818 755 non

235 796 550 866 probaverit
610 794 756 865 quod
813 793 1043 864 objecit,
1098 808 1315 863 pinnam
1361 808 1525 863 quam
1574 792 1820 848 intulerit

236 891 347 958 ipse
367 888 642 958 patiatur.

297 1060 600 1117 Y.Placuit
629 1062 817 1129 etiam,
837 1062 961 1119 utsi
989 1063 1279 1134 episcopus
1310 1069 1602 1118 accusatus
1635 1062 1819 1133 appel-

235 1155 419 1209 laverit
442 1154 518 1209 ad
540 1157 899 1225 apostolicam
919 1158 1098 1213 sedem
1113 1157 1181 1222 ’⁸,
1209 1156 1263 1212 id
1292 1155 1638 1212 statuendum
1670 1157 1818 1227 quod

233 1248 473 1316 ejusdem
522 1248 671 1303 sedis
707 1248 950 1319 pontifex
984 1250 1279 1311 censuerit.
1317 1248 1445 1304 Hec
1478 1255 1659 1303 tamen
1700 1264 1820 1304 om-

235 1341 357 1394 nino
381 1341 438 1394 in
468 1342 826 1397 sacerdotum
850 1358 1015 1398 causa
1046 1343 1219 1397 forma
1243 1351 1506 1406 servetur,
1532 1357 1600 1397 ne
1628 1356 1820 1412 quem-

234 1449 387 1501 quam
428 1434 711 1488 sententia
732 1473 747 1500 ,
783 1451 891 1489 non
925 1450 956 1489 a
987 1451 1085 1490 suo
1114 1435 1299 1505 judice
1333 1436 1475 1490 dicta
1497 1476 1512 1499 ,
1547 1435 1819 1490 constrin-

234 1527 407 1595 gat".
445 1524 762 1582 Occurrere
809 1534 1027 1598 quoque
1070 1529 1302 1599 quisque
1351 1528 1590 1583 fidelium
1644 1528 1818 1583 ruinis

235 1619 383 1673 debet
428 1634 837 1689 oppressorum
877 1630 928 1673 et
971 1621 1294 1676 miserorum
1333 1619 1577 1676 subsidio
1608 1621 1676 1689 ³ο,
1706 1637 1816 1691 quo

236 1711 444 1766 valeant
468 1753 488 1775 ,
527 1727 594 1766 es
638 1712 966 1767 revelatione
1008 1713 1198 1768 aliena:
1229 1713 1515 1779 vindictae,
1546 1730 1577 1769 a
1623 1730 1681 1770 se
1719 1713 1815 1769 Dei

239 1818 523 1857 removere
576 1804 872 1858 vindictam
916 1805 981 1860 ⁸¹.
1030 1805 1187 1859 Libat
1226 1806 1371 1861 enim
1416 1806 1647 1860 Domino
1692 1821 1817 1876 [ιι-ο·
1847 1781 1889 1835 Β

239 1908 403 1963 spera,
432 1895 541 1964 qui
570 1895 642 1949 ab
667 1895 881 1951 afﬂictis
908 1896 1058 1966 pellit
1090 1897 1337 1953 adversa.
1371 1896 1525 1952 Unde
1555 1898 1815 1968 scriptum

238 1993 349 2039 est:
385 1984 601 2039 Frater
631 1986 852 2053 fratrem
888 1988 1145 2058 adjuvcns
1177 1989 1506 2044 exaltabitur
1538 1991 1602 2045 ".
1630 1989 1816 2045 Eccleo

240 2080 306 2132 sia
331 2079 489 2132 enim
521 2078 618 2139 Dei
649 2081 766 2135 sine
795 2082 1005 2137 macula
1030 2092 1082 2137 et
1114 2099 1248 2154 ruga
1279 2084 1437 2139 debet
1468 2085 1702 2140 existere
1722 2128 1737 2151 ,
1766 2094 1820 2140 et

238 2170 346 2224 ideo
377 2186 500 2224 non
540 2180 753 2241 oportet
782 2186 903 2226 eam
941 2187 972 2226 a
1005 2172 1333 2243 quibusdam
1380 2175 1690 2229 conculcari
1726 2185 1820 2231 aut

242 2260 532 2325 maculari,
561 2261 692 2329 quia
718 2261 984 2330 scriptum
1010 2268 1128 2316 est:
1168 2260 1283 2316 Una
1314 2272 1390 2317 est
1413 2263 1653 2317 columba
1680 2281 1816 2331 mea,
1838 2247 1865 2279 ⁶

238 2352 467 2419 perfecta
516 2368 635 2405 mea
663 2351 731 2406 ³³.
761 2351 903 2408 Hine
936 2353 1130 2408 iterum
1170 2352 1431 2410 Dominus
1473 2355 1538 2410 ad
1582 2354 1818 2429 Moysem

239 2443 307 2496 ait
340 2460 356 2496 :
392 2441 505 2495 Est
536 2444 685 2496 locus
721 2459 874 2512 penes
911 2461 1020 2511 me,
1049 2452 1100 2499 et
1134 2445 1300 2499 stabis
1329 2462 1484 2515 super
1516 2457 1716 2516 petram
1750 2448 1817 2504 “.

239 2535 363 2603 Quis
392 2548 493 2594 est
536 2538 695 2593 locus
722 2538 787 2604 ³⁸,
814 2539 908 2609 qui
940 2555 1046 2594 non
1083 2539 1153 2594 sit
1184 2539 1426 2608 Domini,
1458 2543 1587 2597 dum
1625 2552 1821 2599 cuneta

240 2631 288 2685 in
327 2632 491 2702 ipso,
542 2648 645 2702 per
684 2648 845 2703 quem
893 2642 1073 2687 creata
1106 2646 1267 2699 sunt,
1305 2635 1694 2690 continentur?
1727 2636 1823 2692 Est

243 2734 414 2779 tamen
453 2725 625 2780 locus
649 2727 794 2796 apud
827 2724 1019 2789 Deum,
1054 2726 1305 2781 videlicet
1335 2736 1535 2782 sanctae
1567 2725 1824 2784 Ecclesia
1900 2776 1903 2777 ν

245 2817 441 2879 unitas,
475 2816 531 2870 in
558 2832 667 2887 qua
700 2832 863 2886 supra
893 2824 1096 2886 petram
1133 2825 1326 2881 statur,
1357 2818 1485 2872 dum
1522 2819 1823 2876 confessio:

247 2907 323 2962 uis
357 2909 626 2963 soliditas
689 2908 967 2963 humiliter
997 2917 1226 2963 tenetur.
1257 2907 1362 2973 Te,
1400 2908 1586 2974 frater,
1625 2920 1676 2967 et
1713 2927 1827 2968 om-

249 3016 337 3055 nes
368 2999 580 3056 fratres
610 3009 831 3056 nostros
873 2999 1170 3055 Ecclesiam
1200 3000 1402 3056 Christi
1441 3001 1707 3073 sanguine
1739 3018 1824 3058 re~

247 3092 514 3164 dmnptam
560 3100 849 3161 regentes,
882 3106 1207 3185 monemus,
1246 3101 1306 3145 ut
1350 3106 1541 3148 omnes
1577 3109 1608 3148 a
1642 3093 1825 3164 ιιι-πεί·
1849 3127 1891 3186 C

250 3188 390 3256 pitio,
437 3188 493 3240 in
538 3202 654 3256 quo
703 3185 898 3241 fratres
937 3195 990 3241 et
1032 3174 1249 3241 Domini
1293 3187 1600 3256 pastoribus
1642 3189 1824 3244 detra-

254 3279 419 3335 hendo
473 3290 531 3335 et
583 3281 985 3350 persequendo,
1029 3280 1208 3335 verbis
1257 3288 1310 3334 et
1351 3279 1510 3337 factis
1546 3283 1820 3350 labuntur,

254 3369 448 3441 laqueis
474 3373 687 3442 quibus
722 3370 967 3441 potestis,
996 3370 1297 3439 retentetis,
1318 3381 1371 3427 et
1400 3373 1625 3428 lacerari
1657 3390 1752 3431 eos
1779 3375 1824 3407 “

260 3463 307 3515 in
330 3466 486 3517 hamo
504 3466 550 3498 ιτ
577 3464 677 3518 ira:
708 3478 819 3518 non
853 3463 1208 3534 permittatis,
1237 3464 1364 3534 quia
1400 3467 1662 3536 scriptum
1689 3476 1774 3523 est
1807 3486 1820 3525 :

267 3551 350 3608 Ira
368 3558 500 3610 enim
530 3557 638 3611 viri
671 3556 947 3625 justitiam
982 3555 1078 3609 Dei
1115 3572 1215 3609 non
1244 3564 1490 3626 operatur
1515 3559 1578 3611 ³⁸.
1610 3559 1752 3613 Hinc
1778 3560 1823 3593 ”

270 3658 461 3701 msum
482 3645 693 3701 dicitur
713 3660 727 3696 :
753 3642 833 3698 Sit
862 3644 1027 3697 omnis
1046 3643 1197 3697 homo
1218 3643 1365 3697 velox
1397 3644 1465 3698 ad
1483 3645 1821 3711 audiendum,

281 3736 439 3788 tardus
472 3746 651 3790 autem
690 3739 759 3789 ad
796 3734 1130 3804 loquendum,
1194 3743 1244 3789 et
1291 3735 1474 3789 tardus
1533 3736 1602 3789 ad
1661 3736 1818 3789 iram.

279 3822 393 3879 llzec
429 3838 596 3882 autem
646 3842 780 3892 vos,
813 3824 922 3880 Deo
959 3835 1214 3891 auctore,
1245 3828 1427 3881 omnia
1467 3841 1683 3882 servare
1716 3840 1823 3879 non

270 3919 497 3990 ambigo,
525 3921 625 3975 sed
658 3918 950 3973 occasione
992 3918 1380 3974 admonitionis
1413 3926 1599 3972 exorta
1620 3961 1634 3984 ,
1667 3916 1826 3972 bonis

266 4014 440 4064 restris
463 4010 760 4065 desideriis
792 4018 847 4063 et
884 4009 1139 4079 operibus
1173 4025 1260 4065 me
1289 4007 1486 4064 furtive
1516 4008 1786 4079 subjungo
1806 4046 1822 4071 ,

261 4102 474 4170 utquod
510 4117 627 4155 non
666 4099 933 4155 admoniti
962 4098 1139 4155 facitis
1162 4137 1178 4164 ,
1211 4098 1430 4169 quando
1467 4098 1621 4154 vobis
1661 4097 1822 4152 etiam

256 4193 550 4247 admonens
587 4191 843 4253 additur,
879 4190 992 4261 jam
1031 4207 1138 4246 non
1180 4191 1281 4246 soli
1312 4190 1544 4245 faciatis.
1576 4188 1824 4260 Quapro-

253 4293 394 4352 pter,
423 4283 631 4339 fratres
652 4326 668 4345 ,
701 4291 912 4353 oportet
935 4298 1032 4338 vos
1058 4291 1112 4337 et
1152 4298 1342 4337 omnes
1386 4282 1571 4338 ﬁdeles
1606 4283 1825 4353 diligere

252 4376 505 4441 invicem,
532 4383 591 4429 et
618 4388 727 4427 non
753 4374 1035 4428 detrahere
1058 4381 1153 4426 aut
1178 4387 1437 4427 accusare
1466 4372 1822 4436 alterutrum;

1923 526 2134 603 tugrum
2182 514 2512 568 conculcabit
2565 516 2609 549 “
2643 532 2699 569 os
2729 532 2881 569 suum
2905 557 2919 580 ,
2959 526 3008 568 et
3058 532 3215 584 super
3243 531 3504 568 sermones

1922 618 2037 661 tuos
2080 608 2435 661 admirabitur
2473 625 2492 662 :
2558 608 2853 663 Novissime
2906 619 3081 662 autem
3139 620 3391 676 pervertet
3447 623 3507 666 os

1920 717 2072 754 suum
2101 743 2115 764 ,
2144 711 2190 754 et
2227 701 2281 753 in
2310 701 2479 755 verbis
2499 702 2604 755 tuis
2642 700 2787 755 dabit
2836 701 3166 755 scandalum.
3203 701 3377 757 Multa
3406 719 3505 756 au-

1919 792 2027 844 divi
2060 791 2125 855 δ’,
2152 801 2201 845 et
2232 807 2335 844 non
2369 790 2637 862 cotrqitavi
2671 792 2719 844 ei
2740 830 2754 854 ,
2783 800 2834 844 et
2878 791 3130 845 Dominus
3162 794 3299 846 odiet
3328 792 3503 846 illum.

1921 882 2027 948 Qui
2053 883 2101 934 in
2133 881 2301 935 altum
2328 884 2492 935 mittit
2519 881 2749 950 lapidem
2772 920 2786 941 ,
2817 898 2971 949 super
2995 891 3147 951 caput
3174 883 3286 950 ejus
3309 884 3459 936 cadet
3487 904 3505 947 ,-

1919 984 1967 1027 et
1997 974 2154 1043 plaga
2183 973 2367 1026 dolosa
2386 1015 2402 1039 ,
2425 972 2594 1026 dolosi
2623 972 2816 1025 dividet
2847 972 3081 1025 vulnera.
3119 972 3221 1037 Qui
3247 973 3384 1041 fodit
3413 971 3499 1041 fo-

1919 1054 2067 1118 veam
2088 1105 2102 1129 ,
2130 1065 2329 1118 incidet
2378 1064 2434 1116 in
2466 1062 2614 1116 illam
2637 1078 2657 1126 ;
2679 1072 2728 1116 et
2761 1063 2850 1132 qui
2879 1064 3067 1115 statuit
3104 1062 3332 1130 lapidem
3374 1079 3499 1132 pro—

1918 1159 2084 1224 trimo,
2120 1157 2343 1226 o/fendet
2367 1157 2421 1209 in
2451 1172 2509 1210 eo
2534 1173 2553 1220 ;
2579 1144 2632 1209 ct
2662 1156 2753 1225 qui
2784 1154 3026 1225 laqueum
3056 1153 3151 1206 alii
3185 1156 3356 1221 ponit,
3386 1171 3506 1223 per-

1920 1249 2018 1303 ilt‘it
2061 1250 2114 1302 in
2150 1248 2265 1302 illo.
2317 1247 2562 1301 Facienti
2596 1244 2873 1300 consilium
2908 1246 3313 1314 nequissimum,
3349 1262 3504 1314 super

1918 1343 2089 1410 ipsum
2117 1340 2447 1403 devolvetur;
2480 1348 2529 1392 et
2560 1355 2662 1391 non
2692 1345 2935 1408 agnoscet
2964 1336 3099 1388 unde
3134 1336 3370 1390 adveniet
3396 1336 3501 1392 illi.

1920 1430 2112 1485 Illusio
2141 1439 2190 1483 et
2214 1429 2588 1499 improperium
2618 1425 2983 1495 superborum,
3009 1436 3056 1477 et
3086 1424 3340 1490 vindicta,
3367 1426 3505 1479 sicut

1917 1523 1996 1578 leo
2025 1522 2371 1578 insidiabitur
2391 1521 2520 1573 illis.
2558 1518 2766 1589 Laqueo
2803 1517 3080 1589 peribunt,
3116 1519 3205 1588 qui
3241 1517 3506 1573 oblectan-

1920 1623 2007 1668 tur
2034 1631 2160 1670 casu
2182 1613 2492 1682 justorum;
2524 1611 2677 1664 dolor
2700 1618 2874 1663 autem
2905 1619 3172 1664 consumet
3202 1610 3324 1665 illos
3351 1621 3505 1665 ante-
3600 1612 3609 1631 ’

1916 1723 2074 1778 quam
2124 1707 2442 1759 moriantur.
2493 1702 2587 1756 Ira
2614 1714 2659 1757 et
2708 1704 2878 1772 furor,
2924 1712 3141 1771 utraque
3159 1702 3503 1755 exsecrabilia

1918 1808 2037 1855 sunt
2061 1814 2078 1861 ;
2106 1808 2154 1853 et
2191 1799 2272 1852 vir
2286 1808 2547 1867 peccator,
2573 1798 2842 1851 continens
2869 1799 2969 1852 erit
2989 1799 3204 1851 illorum
3229 1797 3362 1853 "-“.
3398 1799 3504 1864 Qui

1918 1888 2177 1944 vindicari
2212 1887 2358 1951 vult,
2394 1903 2426 1939 a
2458 1886 2566 1939 Deo
2603 1887 2823 1940 inveniet
2854 1887 3176 1951 vindictam;
3203 1898 3252 1941 et
3288 1901 3503 1958 peccata

1919 1985 2064 2038 illius
2091 1998 2326 2044 servans,
2359 1982 2607 2035 servabit.
2631 1980 2881 2051 Relinque
2910 1983 3150 2050 proximo
3181 1991 3268 2034 tuo
3296 1986 3500 2036 nocenti

1921 2084 2003 2140 te,
2035 2085 2084 2128 et
2127 2085 2249 2127 tunc
2294 2073 2593 2141 deprecanti
2634 2072 2730 2124 tibi
2758 2083 2970 2141 peccata
2998 2073 3279 2128 solventur.
3331 2073 3501 2127 Homo

1918 2164 2114 2219 homini
2144 2173 2368 2217 reservat
2398 2165 2555 2227 iram,
2584 2173 2632 2217 et
2680 2180 2711 2215 a
2748 2162 2850 2216 Deo
2878 2165 3065 2233 quan-it
3104 2164 3353 2216 medelam
3380 2168 3404 2221 ?
3433 2164 3501 2218 In

1918 2255 2173 2307 hominem
2217 2252 2319 2306 sibi
2358 2252 2587 2306 similem
2631 2269 2731 2305 non
2768 2252 2922 2305 habet
2957 2254 3375 2307 misericordiam
3403 2295 3419 2319 ,
3450 2266 3501 2309 et

1919 2346 1982 2399 de
2001 2346 2227 2414 peccatis
2250 2345 2360 2397 suis
2387 2344 2699 2412 deprecatur
2744 2344 3078 2397 Altissimum
3100 2346 3126 2399 ?
3157 2343 3280 2414 Ipse
3313 2387 3328 2413 ,
3373 2347 3501 2401 dum

1920 2454 2042 2492 caro
2065 2438 2165 2501 sit,
2194 2445 2419 2490 reservat
2452 2450 2588 2488 iram
2621 2444 2671 2488 et
2701 2436 3128 2504 propitiationem
3150 2438 3277 2506 petit
3299 2454 3330 2490 a
3358 2436 3504 2493 Deo?

1922 2530 2054 2596 Quis
2074 2530 2313 2584 exorabit
2340 2543 2434 2597 pro
2460 2526 2665 2581 delictis
2690 2526 2883 2580 illius?
2909 2526 3169 2582 Memento
3192 2531 3502 2583 novissimo-

1921 2636 2036 2674 rum
2058 2659 2077 2686 ,
2122 2628 2173 2673 et
2205 2618 2382 2672 desine
2415 2618 2706 2672 inimicari.
2755 2615 3021 2671 Tabitudo
3055 2620 3193 2671 enim
3217 2661 3232 2685 ,
3272 2633 3318 2675 et
3362 2636 3501 2673 mors

1920 2713 2193 2767 imminent
2223 2712 2278 2765 in
2305 2711 2576 2765 mandatis
2602 2709 2737 2778 ejus.
2776 2708 3070 2764 Memorare
3097 2711 3336 2765 timorem
3372 2710 3500 2778 Dei,

1920 2815 1969 2858 et
2002 2820 2104 2858 non
2147 2803 2401 2857 irascaris
2438 2803 2699 2871 proximo.
2740 2800 3031 2856 Memorare
3078 2812 3374 2856 testamenti
3407 2802 3503 2856 Al-

1924 2899 2149 2965 tissimi,
2179 2906 2235 2952 et-
2268 2896 2473 2965 despice
2506 2894 2863 2965 ignorantiam
2907 2894 3159 2963 proximi.
3206 2894 3423 2947 Abstine
3453 2905 3503 2948 te

1923 3010 1957 3047 a
1987 2992 2101 3056 lite,
2130 3000 2181 3046 et
2212 2991 2412 3043 minue:
2437 2998 2671 3057 peccata.
2725 2985 2899 3040 Homo
2927 2988 3066 3039 enim
3104 2987 3384 3040 iracundus
3414 2984 3502 3039 in.

1924 3084 2097 3139 cendit
2131 3083 2312 3148 litem,
2338 3090 2387 3136 et
2424 3081 2504 3135 vir
2547 3088 2791 3150 peccator
2824 3076 3056 3131 turbabit
3101 3079 3296 3132 amicos
3317 3118 3331 3141 ,
3362 3087 3411 3132 et
3447 3082 3501 3131 in

1927 3172 2099 3227 medio
2135 3186 2316 3241 pacem
2359 3169 2660 3223 habentium
2704 3168 2953 3222 immittet
2997 3167 3353 3221 inimicitiam.
3405 3167 3501 3223 Se-

1926 3266 2154 3321 cundum
2203 3265 2341 3318 enim
2373 3263 2519 3332 ligna
2563 3262 2743 3328 silvae,
2784 3262 2863 3314 sic
2897 3260 3032 3331 ignis
3067 3262 3410 3326 exardescet;
3451 3270 3501 3316 et

1923 3356 2207 3414 secundum
2229 3357 2474 3409 virtutem
2502 3354 2729 3407 hominis
2749 3395 2765 3419 ,
2801 3353 3079 3410 iracundia
3106 3356 3253 3410 illius
3288 3356 3420 3419 erit,
3450 3364 3502 3409 et

1925 3450 2210 3505 secundum
2247 3448 2600 3504 substantiam
2647 3464 2801 3502 suam
2846 3448 3103 3504 exaltabit
3146 3452 3283 3504 iram
3324 3466 3499 3505 suam.

1926 3544 2201 3601 Certamen
2232 3542 2540 3611 festinatum
2569 3540 2806 3592 incendet
2839 3540 3040 3608 ignem,
3077 3549 3125 3593 et
3149 3540 3214 3593 lis
3244 3539 3501 3607 festinans

1922 3635 2152 3705 effundet
2195 3633 2539 3703 sanguinem,
2589 3640 2638 3685 et
2697 3631 2880 3701 lingua
2938 3631 3228 3697 testiﬁcans
3279 3630 3503 3684 adducet

1926 3735 2169 3778 mortem.
2197 3720 2256 3776 Si
2278 3722 2565 3791 suﬁlaveris
2592 3721 2647 3773 in
2681 3721 2987 3785 scintillam,
3012 3722 3165 3791 quasi
3191 3722 3326 3791 ignis
3346 3736 3503 3775 catar-

1924 3815 2103 3878 debit;
2143 3823 2193 3869 et
2229 3816 2277 3870 si
2311 3814 2579 3881 exspucris
2626 3829 2781 3883 super
2808 3812 2988 3874 illam,
3032 3814 3412 3883 exstinguetur,
3449 3821 3502 3865 et

1924 3914 2145 3973 utraque
2177 3920 2244 3958 ea:
2275 3920 2361 3957 ore
2404 3903 2832 3973 proﬁciscuntur.
2870 3900 3102 3955 Susurro
3129 3911 3178 3954 et
3217 3900 3499 3971 bilinguis,

1927 3995 2277 4061 maledictus;
2326 3994 2520 4048 multos
2561 3992 2699 4046 enim
2736 3990 2968 4045 turbavit
3006 4007 3183 4060 pacem
3233 3991 3498 4046 habentes.

1925 4088 2133 4158 Lingua
2165 4087 2321 4140 tertia
2358 4085 2548 4138 multos
2579 4084 2891 4148 commovit,
2919 4093 2967 4137 et
3007 4082 3252 4154 dispersit
3286 4083 3407 4137 illos
3437 4084 3501 4137 de

1924 4188 2072 4250 gente
2124 4178 2180 4230 in
2229 4187 2449 4247 gentem.
2505 4173 2755 4229 Civitates
2817 4182 3053 4227 muratos
3128 4173 3353 4227 divitum
3408 4173 3502 4228 de-

1929 4270 2153 4332 struxit,
2189 4279 2236 4322 et
2275 4269 2457 4323 domos
2493 4277 2863 4338 magnatorum
2898 4267 3101 4336 effodit.
3142 4265 3370 4320 Virtutes
3406 4284 3502 4335 po-

1924 4360 2166 4430 pulorum
2200 4359 2458 4424 concidit,
2496 4367 2546 4411 et
2574 4369 2748 4429 gentes
2786 4358 2948 4427 fortes
2994 4356 3253 4412 dissolvit.
3292 4356 3500 4427 Lingua

251 4467 512 4536 κείρωω
541 4475 630 4521 εει
650 4466 795 4519 enim
823 4480 836 4516 ε
869 4463 1041 4534 Dilige
1066 4466 1386 4532 proximum,
1433 4474 1481 4516 ει
1515 4463 1824 4533 conjungere
1854 4470 1899 4525 υ
1928 4451 2084 4505 tertia
2113 4449 2354 4504 mulieres
2383 4450 2584 4504 viratas
2607 4448 2756 4518 ejecit
2776 4490 2790 4514 ,
2817 4456 2865 4500 et
2901 4448 3121 4517 privavit
3154 4446 3274 4499 illas
3299 4446 3498 4499 labori-

248 4559 345 4626 ῥέε
378 4559 429 4591 ⁸⁸
461 4575 585 4611 cum
614 4557 729 4611 illo.
754 4555 906 4622 Quod
936 4559 981 4611 si
1008 4556 1349 4610 denudaveris
1374 4554 1627 4608 absconsa
1655 4553 1822 4619 illius,

248 4666 343 4704 non
366 4649 701 4719 persequeris
728 4655 843 4717 post
869 4663 1005 4700 eum.
1041 4646 1191 4700 Sicut
1220 4645 1358 4699 enim
1380 4646 1513 4699 bona
1537 4646 1626 4716 qui
1652 4644 1823 4714 perdit

249 4744 481 4797 anticum
509 4757 691 4806 suum,
714 4741 788 4795 sic
809 4741 898 4811 qui
923 4741 1092 4809 perdit
1123 4739 1417 4792 amicitiam
1445 4738 1672 4808 proximi
1694 4738 1779 4791 sui
1804 4751 1823 4790 :

247 4848 293 4887 et
326 4837 471 4888 sicut
499 4833 595 4904 qui
627 4832 848 4885 dimittit
883 4846 1026 4885 avem
1060 4831 1123 4884 de
1154 4846 1316 4883 manu
1351 4845 1448 4883 sua
1467 4870 1482 4894 ,
1510 4830 1586 4882 sic
1615 4830 1704 4898 qui
1733 4828 1824 4881 de-

246 4927 514 4998 retiquisti
556 4926 855 4995 proximum
884 4932 1064 4991 tuum,
1095 4933 1145 4978 et
1184 4939 1285 4976 non
1320 4938 1437 4977 eum
1472 4921 1665 4990 capies.
1701 4916 1826 4972 Non

243 5016 399 5069 illum
431 5015 677 5085 sequaris
714 5014 964 5084 quoniam
1017 5013 1167 5084 longe
1214 5012 1378 5066 abest.
1433 5009 1635 5079 Effugit
1687 5009 1824 5062 enim

242 5108 396 5175 quasi
421 5122 617 5176 caprea
639 5106 703 5159 de
724 5105 909 5176 laqueo
926 5146 940 5171 ,
974 5105 1219 5175 quoniam
1244 5102 1512 5157 vulnerata
1540 5109 1617 5155 est
1644 5099 1823 5152 anima

240 5199 378 5268 ejus.
425 5196 585 5252 Ultra
623 5212 739 5250 eum
763 5212 866 5249 non
902 5195 1095 5264 poteris
1134 5193 1418 5264 colligare,
1457 5199 1506 5245 et
1548 5189 1823 5243 maledicti

240 5301 316 5344 est
348 5288 717 5343 concordatio.
751 5286 1028 5341 Denudare
1051 5296 1224 5340 autem
1244 5285 1403 5339 amici
1424 5282 1672 5352 mysteria
1694 5322 1709 5344 ,
1732 5280 1824 5333 de-

238 5381 477 5449 speratio
501 5390 580 5434 est
611 5378 806 5433 anima:
834 5377 1080 5447 infelicis.
1124 5379 1369 5430 Annuens
1405 5372 1559 5428 oculo
1592 5370 1821 5442 fabricat

306 5519 353 5550 ’⁷
398 5516 599 5571 idemc
664 5513 754 5575 l8,
805 5528 871 5568 ex
918 5512 1113 5568 Aniani
1173 5512 1397 5580 interpr.
1429 5507 1484 5563 in
1513 5517 1690 5580 const.
1719 5505 1807 5569 ll.
1836 5502 2081 5580 ejusdem
2128 5500 2290 5580 tituli.

597 5586 645 5617 ”
697 5586 830 5639 Cod.
858 5582 1064 5639 Theod.
1116 5582 1210 5636 lib.
1267 5576 1339 5647 ιιῑ⁹
1397 5581 1482 5634 tit.
1518 5579 1604 5643 16,
1657 5586 1824 5633 const.

621 5655 666 5687 ³³
694 5653 853 5710 Cant.
885 5670 960 5713 vr.
986 5652 1040 5708 8.
1114 5652 1160 5684 “
1198 5651 1368 5706 Exod.
1408 5666 1602 5713 χχχιιι,
1630 5647 1720 5701 21.
1798 5646 1824 5677 ³λ

2036 5576 2084 5604 ³⁸
2146 5576 2397 5627 consilio.
2472 5576 2515 5600 "
2560 5587 2622 5625 c0

1927 5685 1941 5701 .
1977 5643 2137 5713 Greg.
2165 5659 2252 5713 ep.
2282 5641 2350 5713 {.4
2396 5640 2516 5713 libri
2548 5657 2622 5713 vn

241 5586 341 5643 lib.
404 5604 475 5640 Iv.

241 5674 402 5720 svnt,
430 5657 517 5711 l9.
621 5655 666 5687 ³³
694 5653 853 5710 Cant.
885 5670 960 5718 vr,
986 5652 1040 5708 8.
1114 5652 1160 5684 “
1198 5651 1368 5706 Exod.
1408 5666 1602 5715 χχχιιι,
1630 5647 1720 5720 2i.

1928 4542 2022 4596 bus
2062 4542 2193 4598 suis.
2240 4541 2345 4606 Qui
2379 4542 2590 4611 respicit
2631 4539 2817 4605 illam,
2860 4556 2962 4593 non
2999 4538 3207 4592 habebit
3233 4541 3494 4609 requiem,

1926 4651 2017 4689 nec
2037 4632 2242 4688 habebit
2272 4635 2500 4687 amicum
2531 4634 2587 4687 in
2615 4650 2717 4705 quo
2747 4633 3055 4702 requiescat.
3080 4630 3311 4702 Flagelli
3340 4632 3496 4702 plaga

1925 4726 2138 4781 livorem
2175 4726 2348 4796 facit:
2372 4725 2531 4796 plaga
2567 4735 2742 4779 autem
2774 4724 2970 4793 lingua:
3003 4724 3319 4778 comminuet
3356 4741 3496 4779 ossa.

1926 4817 2085 4872 Multi
2110 4818 2406 4871 ceciderunt
2440 4818 2495 4871 in
2517 4834 2604 4871 ore
2626 4816 2812 4888 gladii,
2844 4816 2934 4871 sed
2963 4833 3064 4869 non
3119 4816 3196 4870 sic
3239 4818 3498 4888 quomodo

1923 4910 2013 4979 qui
2036 4908 2344 4962 interierunt
2363 4924 2454 4978 per
2480 4907 2715 4977 linguam
2746 4923 2919 4965 suam.
2945 4906 3176 4974 Beatus,
3214 4909 3304 4979 qui
3331 4917 3494 4962 tectus

1924 5012 2003 5058 est
2033 5020 2065 5057 a
2099 5003 2283 5074 lingua
2328 5019 2585 5073 nequam,
2618 5004 2709 5073 qui
2747 5003 2801 5056 in
2842 5003 3174 5056 iracundiam
3212 5003 3355 5056 illius
3395 5019 3497 5056 non

1929 5094 2206 5161 transivit,
2239 5103 2289 5147 et
2314 5094 2403 5163 qui
2428 5109 2530 5147 non
2555 5094 2779 5147 attraxit
2811 5093 2996 5164 jugum
3024 5092 3170 5162 ejus,
3199 5102 3248 5147 et
3274 5092 3498 5146 vinculis

1924 5184 2038 5254 ejus
2068 5199 2172 5237 non
2200 5191 2277 5237 est
2315 5182 2531 5253 ligatus.
2560 5180 2757 5253 Jugum
2798 5184 2937 5236 enim
2961 5181 3108 5236 illius
3128 5220 3145 5247 ,
3174 5182 3364 5252 jugum
3389 5181 3499 5251 fer-

1927 5292 2074 5331 reum
2106 5284 2184 5330 est
2217 5292 2234 5330 :
2273 5283 2323 5329 et
2350 5273 2612 5327 vinculum
2648 5273 2827 5336 illius,
2865 5273 3129 5327 vinculum
3166 5288 3358 5327 cereum
3395 5279 3491 5325 est.

1928 5366 2073 5423 Mors
2106 5366 2437 5433 illius,mors
2467 5366 2826 5437 nequissima;
2852 5375 2900 5418 et
2938 5364 3086 5418 utilis
3123 5363 3295 5432 potius
3324 5360 3495 5430 infero

2397 5499 2442 5531 ’⁸
2478 5498 2613 5555 Adr.
2637 5499 2761 5555 coll.
2793 5515 2844 5566 c,
2873 5498 2962 5552 ﬁl.
2991 5499 3051 5551 In
3079 5495 3282 5549 decret.
3312 5492 3487 5559 Ivem,

2472 5570 2515 5600 "
2560 5587 2714 5619 conc.
2740 5571 2857 5619 Tol.
2895 5584 3007 5619 vm.
3037 5581 3086 5619 c.
3119 5564 3172 5619 2.
3260 5566 3304 5597 ⁸²
3328 5564 3487 5619 Prov.

3376 5582 3492 5621 I'OV.

3189 5636 3232 5667 ³⁷
3272 5634 3329 5690 ln
3361 5637 3491 5691 imo.

2036 5574 2084 5604 ³⁸
2146 5570 2397 5627 consilio.
2472 5570 2515 5600 "
2560 5587 2714 5625 conc.
2740 5564 2857 5624 Tol.
2895 5584 3007 5631 vin,
3037 5581 3086 5621 c.
3119 5564 3172 5621 2.

2036 5659 2137 5694 rea.
2165 5659 2252 5694 eu.
2282 5641 2350 5694 Μ
2396 5640 2516 5694 libri
2548 5657 2643 5694 vn.
2733 5640 2778 5671 ³⁸
2811 5638 2917 5694 labi
2948 5652 3062 5691 eos.

2833 5652 2917 5692 abl
2948 5652 3062 5691 803.

244 5705 516 5782 inter}:
547 5742 587 5787 ι,
617 5705 849 5781 2οΪῖῖ
873 5705 1037 5796 ϐιέέξ
1064 5736 1150 5794 ep.
1180 5705 1299 5777 128’
1325 5705 1419 5777 lib.
1450 5736 1549 5776 vn.
1589 5705 1600 5715 ’
1639 5718 1685 5749 ⁸ο
1722 5732 1824 5774 con

1928 5731 1991 5787 ge
2018 5705 2217 5770 tid‘émf
2297 5712 2340 5743 "
2380 5708 2777 5783 eondulcabitﬁ
2831 5710 2874 5741 δ’
2914 5707 3081 5764 odivi.
3172 5705 3291 5740 “M
3325 5706 3490 5764 Eccli.

247 5815 396 5854 sum
416 5839 433 5866 ,
465 5796 636 5851 18-53
