3986 6358
474 303 577 360 199

1613 299 1672 356 S.
1715 296 1994 355 FABIANI
2032 300 2242 357 PAPIE-
2273 300 2593 357 DECRETA

3619 301 3728 356 900

474 441 594 491 nus,
623 440 779 496 quam
811 422 929 478 illa.
967 421 1366 477 Perseveruntia
1398 422 1547 477 illius
1576 439 1677 478 non
1706 424 2051 494 permanebit,
2084 431 2129 487 Α
2155 433 2206 479 et
2243 434 2554 495 potestates,
2601 422 2849 479 adversus
2890 422 3071 476 mundi
3114 431 3335 476 rectores
3392 424 3729 476 tenebrarum

473 514 563 570 sed
592 513 839 568 obtinebit
873 515 984 568 vias
1025 500 1368 582 injustorum.
1419 511 1485 567 In
1533 513 1754 582 ﬂamma
1799 530 1898 567 sua
1942 530 2044 585 nan

476 606 739 661 comburet
776 606 974 675 justas.
1015 605 1117 670 Qui
1157 604 1528 675 derelinquunt
1570 605 1886 672 Dominum,
1911 605 2046 659 inci-

476 699 598 754 dent
627 699 678 751 in
703 696 850 751 illam
875 713 893 762 ;
917 706 965 750 et
988 696 1287 750 exardescet
1310 697 1365 749 in
1391 696 1522 763 illis,
1550 705 1599 749 et
1630 712 1732 750 non
1757 699 2049 767 exstingue-

480 800 608 855 tur;
629 799 678 843 et
709 790 1021 842 immittetur
1045 789 1098 841 in
1125 787 1245 841 illos
1280 788 1436 859 quasi
1460 787 1560 852 leo,
1592 798 1642 842 et
1673 789 1827 859 quasi
1848 788 2047 859 pardus

478 866 634 937 ltcdet
661 879 802 934 illos.
838 878 960 949 Sepi
988 895 1140 933 aures
1172 890 1291 934 tuas
1312 880 1506 944 spinis,
1531 889 1579 933 et
1610 880 1717 935 noli
1740 881 1926 934 audire
1947 880 2050 934 lin-

476 992 635 1047 guam
664 990 884 1044 nequam
909 1014 922 1036 ,
945 981 993 1025 et
1028 973 1108 1024 ori
1142 981 1230 1026 tuo
1261 972 1425 1041 facito
1456 973 1624 1038 ostia,
1648 983 1696 1025 et
1728 989 1872 1027 seras
1903 973 2050 1026 auri-

480 1063 574 1119 bus
618 1066 743 1118 tuis.
776 1066 979 1116 Aurum
1013 1073 1159 1116 tuum
1190 1070 1241 1115 et
1278 1071 1552 1131 argentum
1583 1070 1730 1113 tuum
1763 1061 1934 1130 con/lu
1958 1100 1974 1126 ,
2001 1067 2052 1113 et

480 1157 646 1213 verbis
673 1160 776 1210 tuis
804 1156 964 1225 facito
1000 1165 1278 1219 stateram,
1319 1165 1368 1208 et
1411 1154 1584 1223 frenos
1622 1153 1702 1207 ori
1732 1164 1820 1205 tuo
1859 1161 2048 1206 rectos.

482 1251 550 1305 Et
580 1250 809 1313 attende,
834 1265 896 1302 ne
919 1248 1053 1318 forte
1083 1246 1282 1300 labaris
1304 1247 1356 1299 in
1388 1245 1569 1316 lingua
1596 1254 1706 1308 tua,
1730 1253 1780 1297 et
1809 1244 1971 1296 cadas
1995 1242 2051 1296 in

480 1355 757 1414 conspectu
788 1344 1121 1397 inimicorum
1159 1340 1527 1394 insidiantium
1564 1339 1687 1403 tibi,
1710 1346 1760 1391 et
1797 1337 1866 1390 sit
1898 1352 2051 1390 casus

480 1449 604 1492 tuus
642 1438 955 1492 insanabilis
987 1438 1043 1490 in
1076 1446 1293 1489 mortem
1322 1433 1388 1485 ".
1420 1432 1528 1487 Ista
1569 1438 1797 1486 caveant
1827 1444 2051 1493 omnes,

479 1543 526 1585 et
566 1531 833 1585 cohibeant
873 1530 1108 1599 linguam
1137 1543 1285 1580 suam
1323 1543 1355 1579 a
1395 1524 1568 1588 malo,
1600 1533 1649 1578 et
1694 1522 1836 1577 labia
1877 1537 2055 1576 eorum

479 1640 545 1678 ne
585 1623 866 1692 loquantur
897 1620 1076 1674 dolum
1100 1619 1164 1672 “.
1197 1617 1268 1672 De
1300 1625 1487 1671 cretero
1511 1656 1526 1681 ,
1552 1613 1861 1671 charissimi
1884 1654 1898 1677 ,
1927 1630 2054 1667 con-

482 1713 759 1784 fortamini
793 1713 847 1765 in
873 1712 1115 1776 Domino,
1145 1719 1193 1763 et
1226 1710 1279 1762 in
1315 1708 1547 1778 potentia
1573 1706 1785 1760 virtutis
1808 1705 1939 1773 ejus.
1970 1700 2056 1755 ln-

2145 514 2366 579 harum,
2418 524 2603 569 contra
2659 513 2965 583 spiritualia
3017 514 3256 584 nequitia:
3309 512 3363 565 in
3407 509 3724 565 coelestibus.

2147 605 2431 676 Propterea
2474 606 2692 675 accipite
2724 616 3057 659 armaturam
3097 605 3227 668 Dei,
3259 613 3316 656 ut
3349 603 3566 673 possitis
3601 602 3733 655 resi-

2146 706 2281 751 stere
2314 698 2368 751 in
2396 697 2480 750 die
2513 697 2655 751 malo
2676 736 2690 761 ,
2716 705 2765 750 et
2794 698 2847 750 in
2879 696 3118 750 omnibus
3142 695 3357 765 perfecti
3380 704 3539 748 stare.
3572 690 3729 747 State

2147 806 2266 860 ergo
2286 789 2540 843 succincti
2560 788 2763 842 lumbos
2794 795 2990 841 uestros
3012 787 3067 839 in
3087 788 3337 851 ueritate,
3369 794 3417 838 et
3439 784 3611 838 induti
3639 782 3725 836 lo-

2149 883 2316 935 ricam
2355 882 2619 953 justitiaz,
2666 892 2716 936 et
2767 881 2988 934 calceati
3036 879 3188 948 pedes
3230 879 3285 932 in
3335 877 3728 947 prwparatione

2154 973 2428 1045 Evangelii
2456 974 2625 1043 pacis,
2645 974 2703 1026 in
2723 972 2963 1025 omnibus
2993 981 3252 1025 sumentes
3276 980 3481 1024 scutum
3501 969 3625 1038 ﬁdei
3662 969 3719 1020 in

2149 1082 2250 1137 quo
2274 1065 2484 1136 possitis
2515 1065 2694 1120 omnia
2720 1064 2825 1118 tela
2859 1064 3158 1134 nequissimi
3186 1064 3335 1133 ignea
3371 1063 3723 1131 exstinguere.

2152 1157 2221 1211 Et
2244 1157 2449 1229 galeam
2470 1157 2660 1212 solutis
2681 1158 2954 1223 assumite,
2982 1166 3032 1211 et
3056 1155 3292 1228 gladium
3314 1155 3559 1224 spiritus,
3583 1153 3727 1225 quod

2151 1260 2228 1306 est
2252 1250 2460 1305 uerbum
2487 1249 2585 1305 Dei
2607 1251 2675 1307 ".
2708 1249 2852 1313 Hrec,
2883 1249 3069 1316 frater,
3103 1265 3224 1320 qua:
3256 1248 3350 1303 tibi
3378 1247 3724 1318 scripsimus,

2153 1344 2474 1414 generaliter
2510 1344 2766 1400 omnibus
2793 1353 2920 1399 nota
2960 1343 3073 1399 fieri
3096 1343 3375 1406 volumus,
3400 1351 3460 1396 ut
3487 1357 3608 1410 quae
3636 1355 3726 1394 cc-

2156 1447 2301 1491 teros
2351 1444 2597 1506 tangunt,
2657 1436 2913 1492 omnibus
2976 1443 3102 1490 nota
3156 1436 3306 1488 ﬁant.
3365 1432 3725 1501 Omnipotens

2154 1525 2298 1582 Deus
2327 1533 2378 1581 te
2397 1568 2412 1593 ,
2447 1524 2633 1593 frater,
2667 1533 2721 1580 et
2749 1526 2988 1595 reliquos
3017 1524 3213 1579 ﬁ'atrcs
3242 1534 3460 1578 nostros
3478 1563 3493 1587 ,
3520 1523 3729 1589 ubique

2157 1618 2550 1684 consistentes,
2588 1630 2832 1689 protegat
2873 1633 3045 1689 usque
3081 1616 3136 1671 iu
3187 1617 3348 1671 finem
3375 1615 3440 1678 ⁸⁸,
3468 1615 3559 1684 qui
3584 1629 3727 1667 cun-

2159 1716 2305 1766 ctum
2332 1711 2591 1765 mundum
2614 1710 2866 1781 dignatus
2884 1718 2967 1765 est
2988 1708 3272 1772 redimere,
3293 1704 3452 1760 Jesus
3472 1704 3728 1760 Christus

482 1783 630 1860 duite
654 1821 760 1870 vos,
792 1815 1121 1857 armaturam
1157 1801 1283 1865 Dei,
1309 1809 1365 1852 ut
1389 1799 1602 1869 possitis
1633 1807 1776 1851 stare
1805 1799 2054 1850 adversus
2086 1783 2130 1838 Β
2160 1800 2423 1856 Dominus
2472 1811 2679 1867 noster,
2736 1801 2831 1871 qui
2889 1808 2973 1855 est
3027 1798 3343 1854 benedictus
3391 1796 3443 1850 in
3499 1795 3724 1849 sarcula-

483 1899 707 1952 insidias
743 1897 985 1958 diaboli;
1012 1896 1259 1965 quoniam
1298 1910 1401 1946 non
1444 1899 1519 1946 est
1563 1891 1710 1944 nobis
1752 1888 2055 1942 colluctatio

483 1991 730 2046 adversus
753 2006 962 2044 carnem
986 1999 1033 2043 et
1056 1988 1382 2058 sanguinem,
1409 1986 1495 2040 sed
1519 1986 1765 2039 adversus
1795 1984 2054 2054 principes

586 2126 632 2158 "
686 2123 852 2178 Eccli.
884 2139 1084 2184 xxvm,
1129 2122 1281 2177 1-50.
1386 2121 1431 2153 ⁸⁸
1472 2119 1615 2175 Psal.
1653 2136 1851 2181 xxxut,
1884 2123 1971 2173 lt.

488 2195 533 2228 “
556 2200 816 2250 mendosa
846 2193 1144 2248 adnutatio.

2066 2121 2109 2150 ⁸⁷
2151 2117 2348 2190 Ephes.
2397 2136 2485 2179 v1.
2516 2119 2701 2175 ill-l7.

2151 1892 2346 1949 Amen.
2398 1891 2527 1946 Data
2583 1890 3080 1960 decimo,septimo
3138 1886 3363 1943 Kalend.
3425 1883 3724 1939 Novembr.

2150 1983 2407 2039 Africano
2435 1993 2488 2040 ct
2516 1982 2678 2039 Decio
2700 1985 2745 2014 ⁸³
2777 1982 2911 2038 viris
2939 1979 3258 2037 clarissimis
3286 1977 3629 2034 consulibus.

2806 2119 2851 2151 ⁸⁸
2886 2116 2942 2172 8.
2979 2116 3140 2188 Greg.
3190 2131 3313 2187 ep.,
3349 2113 3438 2176 54,
3491 2112 3588 2167 lib.
3622 2126 3724 2164 vn.

496 2337 3679 2367 ____________________,_____~____________________._.._.....

803 2501 1067 2559 Decreta
1099 2497 1160 2558 S.
1198 2492 1461 2557 Fabiani
1504 2510 1579 2554 ex
1634 2462 1903 2553 Decreto
1931 2487 2220 2551 Gratiani
2244 2487 2607 2566 desumpta,
2652 2503 2771 2547 nec
2808 2483 3135 2565 prioribus
3168 2484 3430 2544 inserta.

488 2785 530 2842 I.
559 2783 755 2840 Inediis
781 2791 1075 2904 maceretur;
1086 2782 1357 2863 acerrimis
1386 2784 1475 2905 qui
1512 2782 1670 2852 fratri
1695 2799 1789 2837 suo
1815 2786 2040 2839 reconci-

1079 2869 1181 2905 ιρι-ι
1207 2870 1310 2905 non
1333 2869 1395 2905 vu
1423 2863 1463 2905 ι.

1079 2869 1181 2905 ιρι-ι
1207 2870 1310 2907 non
1333 2863 1463 2905 vult.

491 2965 663 3036 (Dist.
695 2963 783 3031 90,
810 2962 870 3019 Si
895 2964 1010 3034 quis
1031 2965 1373 3018 contristatus
1396 2982 1413 3028 ;
1439 2964 1598 3019 Basil.
1620 2966 1671 3018 in
1690 2963 1839 3035 Reg.,
1865 2981 1914 3020 c.
1940 2964 2047 3034 Μ.)

564 3055 621 3110 Si
671 3055 795 3126 quis
821 3054 1176 3109 contristatus
1223 3055 1457 3108 noluerit
1510 3055 1850 3109 reconciliari
1896 3053 2049 3109 fratri

2154 2794 2269 2839 sum
2330 2772 2795 2846 consanguineis,
2858 2778 2984 2842 post
3045 2776 3277 2823 mortem
3340 2782 3455 2824 sua:
3503 2769 3721 2824 uxoris.

2402 2890 2483 2944 Ad
2510 2889 2723 2943 titulum
2752 2885 3053 2939 immediate
3080 2883 3467 2954 praescriptum.

2297 2983 2315 3054 (
2344 2982 2545 3037 Eodem
2598 2996 2743 3050 cap.,
2796 2994 2863 3033 ex
2913 2976 3101 3032 eodem
3159 2975 3578 3045 Pmniteutiali.)

2226 3074 2328 3142 Qui
2381 3074 2739 3144 pr0pinquam
2788 3069 3071 3140 sanguinis
3134 3083 3358 3123 uxorem
3410 3066 3618 3121 ducunt
3670 3072 3728 3119 et

490 3162 612 3213 suo,
663 3146 1030 3202 satisfacieute
1072 3161 1139 3200 eo
1191 3146 1283 3216 qui
1342 3147 1714 3213 contristavit,
1769 3146 2048 3202 acerrimis

2157 3174 2494 3236 separantur,
2518 3179 2623 3217 non
2653 3161 2836 3216 licebit
2865 3161 2968 3225 eis,
2997 3160 3237 3229 quandiu
3263 3159 3476 3229 utrique
3507 3159 3724 3223 vivunt,

489 3248 794 3294 macerctur
815 3238 1030 3303 inediis,
1051 3254 1224 3309 usque
1260 3237 1388 3292 dum
1412 3237 1645 3307 gratanti
1679 3237 1861 3291 animo
1892 3237 2052 3292 satis-

448 3389 459 3400 .
489 3331 780 3386 factionem
820 3331 1065 3401 recipiat.
1830 3330 1843 3343 ”

543 3446 611 3503 II.
652 3447 882 3517 Infantis
905 3446 1120 3516 efﬁcitur
1141 3445 1232 3516 qui
1253 3445 1419 3500 sciens
1448 3444 1681 3515 pejerare
1702 3448 1995 3515 prmsumit.

490 3556 578 3629 (6,
616 3573 671 3629 q.
704 3558 755 3623 1,
789 3555 1092 3627 Quicunque
1137 3558 1341 3681 fciqnslr
1366 3555 1573 3695 Elegino
1619 3572 1687 3612 ex
1728 3557 1826 3612 lib.
1866 3557 2049 3614 Ρωηί..

1160 3641 1224 3682 en
1256 3642 1303 3679 ia
1330 3644 1365 3680 ι.

1160 3641 1365 3682 ellllall.

556 3717 881 3789 Quicunque
935 3716 1114 3773 sciens
1168 3732 1226 3773 se
1285 3718 1640 3788 pejoraverit,
1693 3717 2067 3789 quadraginta.

483 3811 602 3865 dies
631 3811 682 3864 iu
708 3825 845 3879 pane
874 3817 928 3862 et
959 3822 1098 3878 aqua
1122 3847 1138 3871 ,
1189 3817 1242 3861 et
1282 3816 1487 3877 septem
1540 3819 1829 3878 sequentes
1875 3826 2050 3864 annos

485 3903 776 3972 pmuiteat;
810 3909 863 3955 et
894 3915 1171 3970 nunquam
1199 3900 1269 3954 sit
1298 3900 1417 3954 sine
1441 3900 1754 3980 paenitentia
1778 3916 1792 3965 ;
1829 3909 1882 3955 et
1911 3918 2049 3953 nun-

486 4009 649 4064 quam
697 3993 751 4046 in
805 3992 1178 4046 testimonium
1238 3992 1565 4062 recipiatur;
1610 3992 2047 4046 communionem

487 4090 668 4140 tamen
701 4094 823 4154 post
850 4084 953 4138 hoc
981 4083 1245 4153 percipiat
1898 4070 1906 4082 ’

486 4197 571 4252 III.
600 4196 859 4251 Furiosus
881 4205 930 4250 et
955 4196 1159 4268 furiosa
1208 4195 1603 4250 matrimonium
1625 4198 1926 4251 contrahere
1948 4213 2048 4250 non

1144 4274 1383 4337 possunt.

485 4376 612 4449 ('52,
634 4392 689 4449 q.
728 4376 783 4446 7,
817 4374 994 4449 Neque
1029 4376 1281 4449 [uriosus.
1316 4377 1381 4430 Et
1416 4377 1467 4431 in
1501 4377 1703 4449 Decret.
1729 4378 1839 4435 Ivo.
1861 4377 1957 4434 lib.
1974 4398 2045 4436 vr.

831 4446 999 4500 Aﬂ'ert
1032 4446 1237 4517 Regina
1273 4464 1339 4501 ex
1368 4449 1482 4517 lege
1509 4447 1700 4521 Rern.)

553 4534 739 4607 Neque
803 4535 1082 4602 furiosus,
1141 4553 1316 4607 neque
1380 4537 1588 4592 furiosa
1637 4539 2045 4594 matrimonium

485 4627 806 4679 contrahere
836 4636 1083 4697 posmnt.
1111 4625 1214 4681 Sed
1257 4627 1303 4681 si
1346 4638 1681 4684 contractum
1723 4629 1906 4697 fuerit,
1940 4646 2045 4685 non

485 4726 801 4785 separentur

486 4828 573 4884 IV.
609 4830 793 4907 Aﬂines
832 4832 884 4884 in
923 4835 1485 4907 quin-ta‘generatione
1527 4837 1767 4906 copulari
1799 4848 2044 4907 possunt,

572 4910 620 4953 ct
645 4904 697 4952 in
730 4912 942 4971 quarta,
967 4904 1013 4955 si
1029 4905 1224 4971 fuermt
1254 4905 1466 4973 inventi,
1490 4904 1596 4960 non
1622 4904 1951 4979 separentur.

484 5009 603 5078 (55,
643 5026 698 5080 q.
723 5009 759 5063 2
788 5021 841 5065 et
869 5012 923 5077 '5,
968 5012 1040 5067 De
1075 5016 1401 5087 p_rovinquis.
1430 5018 1525 5076 Est
1567 5036 1632 5076 cx
1680 5021 2043 5078 Pmnitentiali

1091 5084 1383 5141 Theodori.
1402 5089 1422 5160 )

551 5197 624 5253 De
655 5198 997 5270 propinquis,
1022 5202 1115 5270 qui
1159 5202 1226 5257 ad
1280 5202 1595 5260 afﬁnitatem
1643 5222 1738 5276 per
1787 5208 1960 5263 virum
1992 5218 2045 5263 et

482 5307 704 5346 uxorem
738 5292 984 5356 veniunt,
1009 5292 1264 5349 defuncta
1293 5313 1464 5353 uxore
1489 5298 1570 5352 vel
1596 5298 1731 5366 viro,
1768 5301 1821 5354 in
1854 5304 2039 5371 quinta

479 5385 827 5454 generatione
876 5386 1316 5457 conjungantur;
1357 5391 1410 5443 in
1459 5401 1683 5461 quarta,
1737 5394 1783 5450 si
1836 5396 2041 5452 inventi

483 5474 707 5541 fuerint,
758 5492 867 5532 non
914 5471 1255 5549 separentur.
1309 5482 1364 5537 In
1395 5488 1552 5539 tertia
1603 5494 1781 5542 tamen
1821 5490 2043 5559 propiu-

479 5568 683 5637 quitate
735 5585 843 5624 non
903 5570 1028 5626 licet
1077 5587 1300 5627 uxorem
1360 5575 1583 5632 alterius
1623 5581 1868 5650 accipere
1923 5590 2043 5652 post

476 5659 685 5715 obitum
723 5661 864 5731 ejus.
899 5659 1205 5732 Equaliter
1238 5665 1321 5719 vir
1351 5667 1717 5740 conjungatur
1759 5671 1813 5726 in
1853 5674 2043 5728 matri-

478 5754 661 5809 monio
691 5754 801 5821 eis,
835 5772 956 5827 qua:
994 5758 1097 5814 sibi
1132 5762 1551 5832 consanguinea:
1586 5770 1737 5827 sunt,
1769 5772 1822 5819 et
1851 5766 2039 5823 uxoris

2151 3255 2287 3308 alias
2324 3267 2524 3307 uxores
2570 3250 2672 3305 sibi
2717 3248 2774 3304 in
2820 3249 3081 3321 coniugio
3112 3249 3357 3313 sociare,
3408 3249 3514 3304 nisi
3564 3250 3730 3321 igno-

2153 3344 2327 3400 rautia
2357 3350 2711 3399 excusentur.

2151 3454 2216 3510 V.
2257 3438 2647 3525 Consanguinei
2686 3464 2927 3519 tantum,
2964 3453 3061 3518 uel,
3110 3455 3156 3507 si
3194 3456 3461 3525 progenies
3507 3457 3721 3525 deiecit,

2221 3528 2427 3595 antiqui
2454 3538 2502 3580 et
2531 3541 2755 3591 veraces,
2786 3526 3229 3595 propinquitatem
3261 3527 3312 3579 in
3351 3528 3548 3596 synodo
3573 3543 3725 3579 com-

2219 3606 2419 3666 putent.

2152 3690 2264 3757 (55,
2287 3706 2341 3760 (ι.
2366 3688 2421 3754 6,
2453 3686 3294 3827 Consangui'neosrq’xtranqorum.
3322 3687 3387 3743 Et
3420 3688 3475 3743 in
3505 3687 3722 3746 Decret.

2760 3774 2843 3811 vo.
2893 3774 2905 3811 I
2951 3797 2963 3809 .
2990 3774 3091 3812 vn.

2760 3774 2843 3811 νο.
2871 3774 2963 3811 ιιι).
2990 3774 3091 3812 VII.

2218 3848 2668 3920 Consanguiueos
2716 3861 3102 3904 extraneorum
3139 3849 3322 3904 nullus
3364 3860 3603 3917 accuset,
3634 3853 3725 3907 vel

2150 3942 2682 4012 consanguinitatem
2716 3941 2768 3995 in
2801 3939 3011 4011 synodo
3045 3949 3343 4010 computet,
3374 3941 3464 3996 sed
3496 3943 3725 4011 propiu-

2149 4034 2265 4103 qui,
2298 4034 2364 4087 ad
2394 4048 2629 4102 quorum
2674 4032 2919 4087 notitiam
2952 4032 3205 4101 pertinet,
3239 4031 3289 4084 ill
3320 4039 3423 4096 est,
3468 4042 3620 4102 pater
3666 4043 3726 4088 et

2150 4133 2344 4187 mater,
2373 4137 2532 4177 soror
2572 4131 2628 4177 et
2662 4121 2848 4189 frater,
2882 4132 3130 4193 patruus,
3164 4124 3490 4190 avunculus,
3524 4125 3719 4192 amita,

2151 4223 2458 4274 matertera,
2489 4222 2543 4268 et
2570 4228 2758 4268 eorum
2788 4215 3111 4283 procreatio.
3139 4213 3197 4269 Si
3223 4224 3400 4269 autem
3428 4218 3723 4286 progenies

2150 4311 2265 4358 tota
2298 4303 2589 4368 defecerit,
2632 4306 2701 4360 ab
2755 4306 3161 4376 antiquioribus
3232 4316 3288 4361 et
3343 4309 3723 4364 veraciorihus

2150 4395 2350 4464 quibus
2369 4394 2555 4449 eadem
2589 4398 2965 4467 prapinquitas
2994 4407 3121 4452 nota
3148 4407 3251 4465 est,
3286 4400 3574 4469 episcopus
3618 4417 3721 4455 ca-

2080 4495 2123 4549 Ῑ)
2154 4488 2345 4543 nonice
2370 4491 2646 4559 perquiral
2669 4505 2681 4541 :
2708 4500 2761 4546 et
2793 4492 2838 4546 si
2870 4491 3084 4546 inventa
3117 4491 3279 4547 fuerit
3308 4493 3714 4563 pr0pinqullas,

2155 4588 2495 4649 separentur.

2238 4690 2323 4749 Vl.
2370 4692 2470 4746 Ter
2495 4694 2550 4747 in
2572 4711 2710 4749 anno
2737 4695 2954 4767 quisque
2981 4697 3219 4767 ﬁdelium
3250 4698 3616 4752 communicet.

2148 4784 2258 4855 (De
2289 4802 2519 4841 consecr.
2569 4787 2698 4842 dist.
2731 4787 2966 4911 λιξιεὶ
3004 4806 3153 4929 )ηοη,
3198 4789 3264 4844 Ει
3301 4792 3356 4845 in
3396 4790 3549 4845 Decr.
3594 4790 3715 4849 Iro.

2846 4876 2854 4911 ι
2901 4900 2914 4914 .
2946 4875 2983 4912 ι.

2846 4875 2914 4914 Ιυ.
2946 4875 2983 4912 1.

2217 4946 2333 5003 Etsi
2385 4965 2495 5003 non
2547 4947 2922 5020 frequentius,
2970 4951 3157 5005 saltem
3206 4953 3259 5006 in
3310 4969 3455 5008 anno
3482 4963 3563 5008 ter
3583 4954 3715 5010 laici

2146 5039 2395 5096 homines
2431 5042 2857 5108 communicent,
2912 5043 3014 5097 uisi
3073 5042 3213 5098 forte
3240 5047 3367 5115 quis
3413 5047 3717 5116 majoribus

2144 5130 2476 5200 quibuslibet
2548 5132 2870 5186 criminibus
2957 5132 3328 5202 impediatur,
3384 5136 3436 5191 in
3496 5135 3718 5195 Pascha

2149 5223 2421 5290 videlicet,
2436 5234 2494 5286 ,et
2512 5223 2852 5289 Pentecoste,
2881 5233 2934 5278 et
2957 5223 3129 5278 Natali
3157 5225 3389 5282 Domini.

2266 5333 2375 5390 VII.
2413 5335 2549 5390 Ante
2580 5353 2746 5390 annos
2777 5335 2846 5390 50
2875 5336 3142 5407 presbyter
3164 5355 3264 5393 non
3288 5342 3580 5396 ordinetur.

2145 5422 2314 5494 (Dist.
2351 5423 2437 5490 78,
2468 5424 2689 5500 Siquis,
2720 5426 2818 5500 5Q;
2850 5438 2901 5482 et
2928 5428 2980 5481 in
3024 5430 3176 5484 Decr.
3219 5433 3332 5485 lvo.
3373 5432 3466 5487 lib.
3501 5448 3597 5500 tu;
3642 5450 3717 5491 ex

2508 5495 2741 5551 Martino
2773 5497 3023 5565 Bracar.,
3055 5515 3175 5569 cap.
3199 5500 3327 5572 20.)

2215 5585 2271 5640 Si
2336 5587 2458 5657 quis
2529 5589 2751 5658 triginta
2808 5590 2985 5647 aetatis
3058 5606 3172 5649 sua:
3233 5609 3343 5648 non
3402 5594 3719 5668 impleverit

2142 5694 2336 5745 annos,
2390 5680 2538 5736 nullo
2588 5683 2752 5738 modo
2801 5684 3084 5756 presbyter
3128 5685 3436 5751 ordinetur,
3491 5689 3714 5747 etiamsi

2143 5769 2298 5826 valde
2355 5772 2424 5827 sit
2458 5772 2685 5844 dignus;
2741 5775 2868 5845 quia
2906 5782 2961 5831 et
3012 5776 3126 5847 ipse
3171 5774 3439 5834 Dominus
3486 5779 3717 5853 triginta
