3986 6358
212 404 311 460 eoi
786 407 846 462 s.
888 405 1306 462 ALEXANDER
1349 403 1710 460 lllEROSOL.
1753 401 1968 458 EPISC.
2013 399 2099 456 ET
2140 397 2457 456 MARTYR.
2484 431 2550 439 —
2593 369 2894 452 norma.

3379 395 3484 452 202

212 537 489 577 annorum
549 523 858 591 baptizatus
901 537 1012 594 est,
1056 537 1109 582 et
1147 532 1225 584 sic
1264 527 1428 596 empit
1457 526 1667 581 docere.
1723 522 1838 577 Non
1898 532 2109 592 oportet
2154 537 2315 592 ergo,
2365 522 2457 590 qui
2502 519 2837 573 ordinandus
2882 528 2984 582 est,
3026 533 3196 590 usque.
3233 516 3300 570 ad
3343 517 3486 571 hanc

210 626 424 672 atatem
449 617 755 686 legitimam
790 622 1121 674 consecrari.

243 876 558 957 Ejusdem
593 877 850 938 decreta
887 893 963 937 ex
1001 876 1231 937 Codice
1260 877 1670 936 Decretorum
1704 871 2026 1012 sexdecim
2058 868 2395 937 librorum,
2439 863 2602 925 libro
2634 863 2887 943 quinto,
2927 866 3127 946 capite
3166 869 3444 946 septimo

1707 970 1740 1012 e
1801 966 1998 1012 nono.

1707 966 1769 1012 Cl
1801 966 1998 1012 nono.

242 1078 279 1133 l.
315 1075 389 1132 Ut
419 1077 629 1131 oblatio
651 1076 840 1132 altaris
863 1074 1087 1146 singulis
1111 1074 1292 1126 diebus
1317 1071 1611 1125 Dominicis
1642 1071 1758 1140 ﬁat.
1824 1075 1872 1132 Α
1963 1065 2034 1122 Ut
2083 1065 2350 1135 presbyter
2389 1063 2704 1146 illitteratus
2755 1065 2973 1146 missam
3015 1065 3276 1123 celebrare
3320 1086 3426 1124 non

274 1192 684 1258 Decernimus,
731 1198 793 1245 ut
849 1190 905 1244 in
954 1189 1210 1244 omnibus
1257 1187 1556 1242 Dominicis
1604 1185 1798 1241 diebus

208 1286 401 1341 altaris
454 1284 667 1340 oblatio
731 1282 802 1338 ab
857 1281 1111 1337 omnibus
1163 1280 1298 1335 viris
1364 1289 1418 1334 et
1480 1277 1800 1333 mulieribus

207 1379 316 1442 ﬁat,
337 1391 455 1432 tam
482 1377 644 1447 panis
675 1389 840 1445 quam
874 1374 1010 1439 vini,
1037 1382 1093 1428 ut
1133 1388 1229 1442 per
1265 1374 1365 1427 has
1397 1370 1800 1426 immolationes

206 1477 621 1540 apeccatorum
655 1481 880 1522 suorum
913 1463 1154 1521 fascibus
1191 1463 1516 1519 liberentur.

2585 1134 2802 1189 audeat.

1975 1226 2317 1284 Sacrificium
2349 1239 2457 1280 non
2485 1233 2570 1279 est
2599 1225 2976 1295 accipiendum
3002 1227 3071 1284 de
3101 1244 3265 1284 manu
3296 1246 3481 1286 sacer-

1903 1321 2068 1387 dotis,
2107 1319 2201 1390 qui
2236 1318 2514 1373 orationes
2544 1317 2628 1372 vel
2656 1317 2899 1374 actiones
2930 1328 2984 1374 et
3014 1319 3255 1390 reliquas
3291 1321 3482 1376 obser-

1904 1412 2156 1468 vationes
2195 1411 2252 1464 in
2312 1409 2480 1464 missa
2538 1409 2839 1465 secundum
2886 1410 3051 1467 ritum
3100 1411 3324 1482 implere
3369 1425 3482 1466 non

1906 1514 2107 1576 potest.

209 1623 3455 1674 Μ

1517 1801 1689 1845 ANNO
1733 1799 1961 1844 DOMlNl
2007 1799 2166 1842 CCLI.

1041 1943 1211 2121 S.
1341 1933 2665 2115 ALEXANDEB

406 2213 1675 2308 HIEROSOLYMITANUS
1747 2211 2408 2306 EPISCOPUS
2484 2216 2634 2304 ET
2708 2214 3241 2304 MARTYll.

1502 2503 1789 2618 NOT
1823 2507 2119 2618 ITIA

1047 2724 1337 2785 (GALLAND..
1369 2725 1597 2775 Veterum
1623 2725 1830 2774 Patrum
1867 2722 2115 2785 Bibliotlt.,
2145 2725 2206 2784 ll,
2239 2725 2460 2786 Proleg.,
2484 2739 2542 2787 p.
2576 2727 2748 2786 xxvii.)

208 2975 243 3030 l.
281 2976 590 3050 Alexander
621 2977 854 3050 primum
893 2976 946 3028 in
991 2974 1327 3045 Cappadocia
1374 2978 1671 3048 episcopus,
1705 2997 1991 3050 quamnam
2017 2980 2310 3033 Ecclesium
2354 2983 2564 3031 rexerit.
2607 2979 2690 3030 Ad
2719 2980 2892 3030 sedem
2936 2977 3471 3048 Ilierosolymitanant

269 3049 571 3100 translatus
603 3047 882 3099 divinitus.

208 3111 268 3169 ll.
305 3117 430 3170 Post
449 3117 892 3195 ‘iteratanAtnfidei
925 3117 1612 3195 confessionemjllustrem,
1641 3121 1720 3195 uir
1750 3121 1939 3175 decora
1966 3131 2228 3195 senectute
2259 3120 2570 3195 conspicuus
2604 3119 2654 3195 in
2694 3134 2950 3195 carcerem
2996 3130 3200 3189 martyr
3231 3119 3474 3174 occubuit

271 3205 406 3258 anno
441 3187 666 3240 Domini
694 3187 801 3240 252
824 3202 943 3258 cum
977 3186 1270 3258 Ecclesium
1302 3188 1842 3258 Hierosolymitanunt
1866 3192 2288 3244 administrasset
2313 3190 2466 3242 annis
2495 3190 2705 3242 circiter
2730 3189 2818 3242 40.

213 3255 292 3311 Ill.
339 3257 403 3312 In
438 3258 600 3311 ilia
652 3258 778 3311 urbe
823 3257 1204 3328 bibliothecam
1233 3259 1487 3327 insignem
1528 3255 1783 3315 instruxit
1827 3261 2142 3316 Alexander.
2196 3259 2380 3313 Varias
2405 3275 2619 3328 quoque
2650 3260 2865 3327 scripsit
2885 3259 3172 3327 epistolas:
3215 3259 3282 3312 ad
3320 3261 3473 3312 Ami-

274 3331 470 3388 uoitas.
508 3329 581 3380 ad
628 3328 1030 3392 Antioclienses,
1059 3327 1127 3379 ad
1170 3327 1470 3398 Origenem,
1495 3339 1544 3383 et
1581 3347 1677 3399 pro
1708 3333 1931 3401 Origene
1962 3343 2148 3384 contra
2182 3327 2528 3384 Demetrium.
2573 3327 2781 3382 Harum
2825 3329 3125 3401 fragmenta
3155 3345 3218 3384 ex
3248 3329 3473 3383 Eusebio

273 3401 607 3467 deprompta.

278 3517 646 3572 Alexandrum
713 3515 866 3584 prius
926 3515 980 3568 in
1057 3513 1404 3584 Cappadocia
1467 3516 1786 3587 episcopum
1825 3523 1865 3577 Β
1895 3517 2168 3587 insignem
2209 3513 2540 3571 Christiana:
2585 3515 2707 3570 ﬁdei
2749 3515 3153 3570 confessionem
3198 3516 3264 3571 ad
3308 3532 3475 3586 supr-1

222 3606 374 3662 fuisse
411 3608 733 3662 ordinatum
783 3605 974 3660 scribit
1022 3603 1294 3660 Eusebius
1333 3605 1412 3676 (l)
1462 3607 1558 3676 qui
1601 3616 1782 3661 tamen

229 3701 366 3753 urbis
407 3702 461 3752 in
511 3713 629 3769 qua
684 3698 776 3751 ille
834 3697 1037 3752 sederit
1078 3712 1277 3752 nomen
1338 3699 1547 3754 reticet.
1601 3697 1787 3768 Neque

231 3791 378 3844 aliter
403 3789 766 3860 Hieronymus
795 3787 896 3858 (ἓ).
946 3787 1220 3844 Flaviadis
1251 3788 1573 3860 episcopum
1616 3788 1786 3844 fuisse

227 3880 573 3935 Alexandrum
623 3889 877 3937 statuunt
905 3879 1160 3936 Valesius
1189 3892 1242 3937 et
1275 3879 1658 3937 Tillemoutius
1683 3881 1783 3952 (5),

219 3987 281 4026 ex
321 3973 442 4042 jure
480 3973 964 4029 Graeco-Romano
995 3973 1110 4045 (4):
1170 3974 1332 4044 cujus
1379 3983 1562 4029 tamen
1605 3982 1787 4030 textus

217 4064 364 4119 verba
391 4067 465 4120 ita
497 4074 762 4135 corrupta
791 4065 1128 4120 existimavit
1159 4065 1554 4136 Wesselingius
1577 4067 1680 4136 (5),
1725 4075 1788 4121 ut

211 4156 304 4226 ipsi
330 4158 723 4229 ambigendum
756 4171 864 4212 non
900 4157 1166 4224 videatur,
1204 4157 1335 4227 quin
1383 4156 1488 4212 hac
1531 4156 1586 4211 in
1633 4166 1787 4227 parte

207 4264 307 4304 non
352 4251 424 4304 sit
454 4261 769 4320 peccatum.
803 4247 1093 4318 Utcunque
1128 4248 1232 4314 sit,
1270 4267 1290 4300 t
1323 4248 1583 4302 Antonini
1617 4247 1786 4303 Cara-

205 4342 346 4396 (λιιι
386 4357 542 4396 anno
577 4340 636 4406 2,
668 4339 872 4394 Christi
913 4340 1079 4400 Ἤδη
1127 4348 1187 4393 ut
1224 4338 1388 4393 habet
1420 4338 1686 4394 Eusebius
1727 4340 1783 4394 in

206 4431 460 4488 Chronico
496 4435 606 4505 (6),
648 4451 668 4485 ι
692 4433 1002 4489 Alexander
1043 4431 1353 4487 tricesimus
1384 4432 1613 4502 quintus
1656 4430 1783 4487 Hie-

204 4528 609 4599 rosolymorum
653 4526 945 4595 episcopus
987 4524 1277 4579 ordinatur
1333 4525 1513 4578 adhuc
1571 4525 1785 4578 vivente

203 4615 480 4682 Narcisso,
515 4628 574 4673 et
607 4631 733 4672 cum
763 4631 830 4671 eo
861 4616 1063 4687 pariter
1089 4615 1386 4671 Ecclesiam
1421 4614 1613 4686 regit.»
1644 4613 1780 4667 Rem

202 4710 368 4770 fusius
421 4713 564 4767 alibi
605 4721 830 4766 enarrat
863 4711 1004 4766 idem
1053 4712 1341 4780 episcopus
1401 4708 1778 4765 Casariensis.

207 4824 223 4856 ι
246 4805 482 4869 Interea,
514 4805 696 4874 inquit
730 4803 844 4874 (7),
887 4819 1014 4858 cum
1049 4803 1286 4858 Severus
1317 4802 1507 4857 decem
1552 4812 1608 4858 et
1652 4812 1780 4856 octo

200 4899 347 4953 annis
391 4894 698 4967 imperium
739 4895 1030 4959 tenuisset,
1081 4893 1395 4947 Antoninus
1433 4892 1780 4962 (Caracalla)

200 4987 333 5043 filius
381 4989 584 5058 (ejus)
638 4988 693 5041 in
744 4987 864 5056 ejus
897 4987 1076 5040 locum
1131 4983 1418 5038 successit.
1468 4983 1586 5050 Qua
1636 4991 1776 5038 tem-

197 5093 398 5150 pestate
427 5081 767 5146 Alexander,
797 5095 941 5132 unus
979 5093 1046 5132 ex
1073 5092 1265 5132 eorum
1309 5090 1542 5130 numero
1581 5075 1675 5145 qui
1719 5074 1774 5128 in

196 5174 585 5240 persecutione
629 5169 866 5241 (Severi)
913 5168 1124 5224 fortiter
1163 5175 1529 5231 certaverant,
1583 5176 1638 5221 et
1681 5166 1775 5236 qui

195 5277 306 5331 post
361 5267 610 5333 gloriosa
659 5247 1023 5319 confessionis
1065 5263 1363 5318 certamina
1406 5261 1591 5316 divina
1633 5259 1773 5314 Pro-

195 5358 434 5413 videntis
490 5357 712 5411 fuerant
762 5357 1056 5422 reservati,
1101 5371 1265 5426 quem
1309 5370 1411 5410 nos
1457 5354 1774 5424 Hierosoly-

194 5464 405 5506 morum
451 5451 771 5522 episcopum
816 5449 986 5505 luisse
1019 5448 1180 5519 paulo
1205 5457 1330 5502 ante
1361 5447 1669 5510 retulimus,
1705 5446 1776 5499 ob

257 5620 333 5686 (l)
377 5615 614 5679 Euseb.,
659 5609 960 5686 Ilist.Aecc_l_.‘
983 5610 1076 5664 lib.
1104 5625 1181 5673 vi,
1207 5607 1415 5686 cap.“

254 5677 334 5756 ('2)
379 5677 638 5749 Hierom,
668 5683 746 5756 pe
776 5683 874 5736 vir.
899 5680 1096 5756 illustr.
1129 5696 1249 5750 cap.

377 5748 629 5827 'l‘ill_em._,
664 5753 826 5807 Hem.
857 5762 989 5827 tom:
1014 5749 1100 5815 lll,
1131 5748 1416 5827 paginuii.

255 5821 333 5893 (δ’)
371 5827 434 5880 .1.
464 5825 559 5880 Gr.
592 5824 767 5887 Rom.,
811 5834 945 5878 tom.
971 5821 1012 5887 Ι,
1042 5838 1166 5893 pag.
1192 5821 1319 5874 295.

257 5885 338 5968 (ὅ)
381 5897 649 5959 Wessel.,
694 5885 973 5948 Probabil.
1001 5885 1142 5957 lii»:
1173 5905 1298 5960 cap.
1343 5889 1430 5957 15,
1471 5901 1630 5960 pagg.
1664 5885 1764 5942 l06

395 5994 672 6055 Ριτειοι..
705 5993 826 6053 Gn.
862 5991 916 6050 Χ
932 6034 948 6051 .

1893 3609 2097 3663 dictum
2148 3608 2527 3678 episcopatum
2574 3618 2862 3678 promotus
2903 3617 3023 3674 est,
3080 3607 3336 3666 Narcisso
3379 3611 3472 3678 qui

1892 3703 2044 3768 prius
2079 3702 2153 3757 ibi
2193 3701 2370 3757 fuerat
2419 3702 2732 3771 cpiscopus,
2780 3702 2960 3757 adhuc
2996 3704 3316 3770 superstite.
3348 3721 3368 3754 ι
3410 3702 3473 3756 Et

1892 3794 2056 3864 paulo
2089 3802 2213 3864 post
2245 3793 2322 3864 (8)
2363 3811 2376 3847 :
2427 3811 2444 3844 ι
2478 3793 2680 3847 Verum
2732 3808 2858 3846 cum
2901 3802 3123 3862 propter
3173 3805 3470 3848 extremam

1889 3897 2219 3943 senectutem
2279 3887 2646 3942 ministerium
2708 3900 2868 3940 suum
2919 3886 3072 3940 obire
3109 3885 3470 3954 (Narcissus)

1890 3982 2125 4051 amplius
2181 3995 2288 4034 non
2344 3987 2560 4048 posset,
2610 3993 2772 4047 supra
2834 3977 3039 4032 dictum
3099 3976 3472 4032 Alexandrum

1899 4072 2124 4128 alterius
2158 4069 2417 4126 Ecclesia:
2437 4069 2755 4140 episcopum
2781 4068 2965 4123 divina
3001 4068 3336 4138 dispensatio
3376 4083 3472 4138 per

1891 4163 2276 4220 revelationem
2317 4161 2611 4233 quamdam
2657 4175 2780 4231 qua:
2812 4160 2890 4214 illi
2938 4159 2993 4214 in
3037 4161 3250 4215 somnis
3299 4176 3470 4230 appa-

1889 4264 2097 4318 ruerat,
2133 4254 2199 4309 ad
2222 4252 2659 4324 participandum
2696 4267 2823 4307 cum
2863 4250 3122 4306 Narcisso
3171 4252 3472 4308 sacerdotis

1888 4345 2123 4402 udicium
2149 4345 2414 4400 evocavit.
2432 4341 2546 4398 Hac
2568 4342 2734 4414 igitur
2756 4343 2967 4399 visione
2988 4352 3249 4412 tanquam
3281 4341 3469 4398 divino

1887 4438 2202 4494 admonitus
2241 4436 2466 4493 oraculo
2495 4435 2820 4501 Alexander,
2848 4450 2972 4489 cum
3005 4451 3075 4490 cx
3117 4433 3465 4504 Cappadocia

1887 4531 1944 4584 in
1973 4545 2082 4600 qua
2108 4528 2346 4598 primum
2387 4527 2681 4597 episcopus
2714 4524 2891 4580 fuerat
2915 4526 3236 4589 ordinatus,
3272 4522 3466 4578 Hiero-

1885 4623 2094 4694 solyma
2128 4620 2408 4691 profectus
2447 4618 2662 4687 fuisset,
2697 4609 2811 4674 trhn
2837 4619 3052 4684 orandi,
3087 4618 3466 4673 tumlocorum

1884 4713 2236 4770 visendorum
2278 4711 2488 4782 gratia,
2540 4711 2738 4765 fratres
2770 4711 2917 4766 Hlius
2953 4710 3216 4764 Ecclesize
3265 4710 3465 4764 buma-

1885 4805 2113 4860 nissime
2139 4819 2264 4858 eum
2289 4803 2643 4872 excipientes,
2661 4802 2856 4856 reverti
2878 4803 3120 4871 posthaec
3145 4802 3201 4855 in
3231 4801 3464 4869 pati-iam

1891 4913 2000 4952 non
2033 4897 2302 4962 siverunt,
2329 4913 2347 4946 ι
2380 4905 2487 4950 etc.

1959 4990 2025 5044 ll.
2066 4988 2354 5042 Nonnullis
2383 4987 2603 5041 demum
2651 4984 2952 5054 interjectis
2992 4983 3106 5037 hzec
3135 4984 3317 5039 subdit
3349 4986 3461 5056 (9):

1892 5102 1911 5134 ι
1941 5081 1995 5135 ln
2036 5081 2324 5136 Palaestina
2363 5090 2546 5133 autem
2594 5077 2902 5132 Alexander
2957 5075 3460 5149 Hierosolymorum

1885 5175 2195 5244 episcopus,
2241 5188 2434 5227 rursus
2495 5179 2720 5241 propter
2764 5169 3044 5224 Christum
3097 5170 3163 5224 ad
3210 5172 3461 5239 praesidis

1881 5265 2124 5320 tribunal
2151 5264 2439 5330 adductus,
2464 5278 2590 5319 cum
2613 5278 2681 5318 ex
2712 5261 2951 5316 secunda
2974 5262 3075 5316 hac
3109 5262 3462 5318 confessione

1879 5358 2016 5428 (sub
2043 5355 2279 5422 Decio),
2319 5371 2574 5426 magnam
2607 5354 2832 5426 gloriam
2865 5347 3162 5420 retulisset,
3195 5352 3460 5408 Caesarea:

1879 5451 1933 5506 in
1988 5463 2262 5504 carcerem
2316 5449 2599 5518 conjectus
2650 5457 2778 5502 est:
2817 5445 2901 5500 vir
2941 5446 3139 5500 decora
3180 5451 3460 5499 senectute

1880 5619 2030 5752 5mg).
2061 5671 2294 5752 Ense-13.,
2321 5669 2610 5752 Chronad
2640 5687 2768 5724 ann.
2793 5685 3133 5752 uncqxxvm.

2061 5743 2161 5815 l_tl.,
2199 5741 2498 5815 Hist._eccl.
2527 5744 2618 5815 lib.
2644 5757 2722 5815 vi,
2754 5756 2873 5807 eap.
2907 5740 2958 5791 8.

1951 5807 2021 5882 ‘8')
2061 5812 2286 5875 Euseb.,
2319 5811 2466 5866 Hist.
2491 5811 2619 5865 eccl.
2644 5811 2740 5866 lib.
2766 5825 2842 5876 Vl,
2875 5825 2996 5878 cap.
3025 5807 3109 5862 ll.

1944 5817 2022 5956 i9)
2060 5881 2164 5954 lil.,
2195 5883 2328 5940 ibid.
2358 5898 2478 5954 cap.
2519 5883 2609 5936 59.

2060 5881 2164 5954 lil.,
2195 5883 2328 5940 ibid.
2358 5898 2478 5954 cap.
2519 5883 2609 5936 59.

3089 5972 3134 6039 7
