3986 6358
470 330 581 384 205

1234 328 1293 383 S.
1335 328 1733 384 ALEXAND!“
1774 329 2137 385 illEROSOL.
2179 329 2394 387 EPISC.
2439 330 2524 385 ΕΤ
2565 329 2921 386 MARTYRIS

3498 294 3512 310 ’
3620 328 3725 384 aut

474 463 532 503 et
580 451 888 505 veneranda
944 451 1141 515 canitie
1186 451 1541 520 conspicuus.
1594 451 1696 518 Qui
1749 466 1882 508 cum”
1931 464 2054 523 post
2085 467 2126 519 Α
2159 454 2348 518 stolas,
2395 454 2488 524 qui
2519 469 2582 508 ea
2619 462 2938 524 tempestate
2972 451 3171 508 litteris
3207 450 3533 508 excellentes
3571 449 3730 506 ﬂore-

475 541 799 611 praaclaram
850 550 1012 611 atque
1056 540 1322 596 illustrem
1382 543 1709 599 Christiana:
1755 545 1878 599 ﬁdei
1919 560 2053 600 con-

475 632 772 688 fessionem
804 634 857 687 in
913 633 1206 702 praesidiali
1252 633 1459 704 judicio
1502 636 1703 692 editam
1737 638 1951 693 tandem
2001 640 2056 695 in

476 727 723 784 custodia
773 727 1016 782 animam
1070 727 1417 793 exhalasset,
1464 727 1790 786 Mazabanes
1840 731 1894 786 in
1938 731 2058 802 ejus

475 818 654 873 locum
681 817 971 887 episcopus
996 816 1501 891 Hierosolymorum
1532 822 1879 878 renuntiatus
1905 832 2007 878 est.
2031 841 2051 875 ι

476 908 749 965 Hactenus
778 909 1072 966 Eusebius.
1126 910 1203 966 De
1250 913 1513 983 martyrio
1546 913 1719 982 ipsius
1765 913 2057 970 Alexandri

475 1004 666 1058 eadem
730 1002 899 1058 refert
942 1003 1240 1076 Dionysius
1286 1004 1692 1062 Alexandrinus
1740 1007 1807 1061 ad
1852 1006 2031 1063 Corne

475 1097 610 1169 liutp
673 1112 868 1169 papam
924 1098 1212 1153 scribens:
1269 1118 1287 1149 ι
1327 1096 1522 1166 Quod,
1570 1099 1747 1170 inquit
1792 1099 1941 1170 (10),
1989 1100 2056 1154 ad

476 1186 851 1241 Alexandrum
902 1195 1143 1256 spectat,
1199 1187 1247 1242 is
1318 1189 1374 1243 in
1434 1203 1711 1245 carcerem
1775 1191 2056 1261 coniectus

473 1277 636 1332 beato
689 1277 838 1332 exitu
895 1276 1192 1334 defunctus
1246 1287 1364 1346 est,
1412 1298 1432 1331 ι
1497 1279 1766 1352 μακάριος
1812 1280 2054 1335 ἀνεπαύ-

474 1385 641 1436 caro;
683 1369 797 1425 sive
832 1379 889 1423 ut
940 1368 1303 1442 Hieronymus
1345 1371 1481 1440 (11),
1527 1390 1547 1424 ι
1592 1373 1857 1445 martyrio
1897 1388 2057 1429 coro-

474 1469 657 1514 natur.
687 1480 705 1512 ι
742 1458 989 1515 Pretiosa
1022 1461 1143 1530 ejus
1188 1478 1336 1517 mors
1374 1464 1732 1534 consignatur
1761 1468 1907 1520 anno
1951 1464 2056 1519 Do-

476 1553 609 1607 mini
639 1552 747 1607 252
780 1553 834 1607 in
883 1553 1142 1608 Chronico
1176 1553 1485 1611 Eusebiano
1526 1556 1677 1626 (12):
1719 1565 1779 1610 ut
1826 1558 2055 1626 proinde

478 1642 1032 1716 llierosolymitanam
1092 1644 1395 1703 Ecclesiam
1441 1648 1840 1703 administrarit
1894 1649 2053 1703 annis

473 1738 691 1792 circiter
720 1737 808 1791 40.

546 1828 633 1883 111.
665 1828 870 1884 Pietate
903 1845 965 1884 ac
996 1830 1246 1885 doctrina
1283 1840 1547 1901 praestans
1574 1832 1878 1887 Alexander
1910 1831 2050 1887 inter

480 1931 675 1978 caetera
700 1923 1006 1977 clarissima
1031 1932 1383 1978 monumenta
1398 1923 1646 1987 nobilem
1668 1923 2050 1979 bibliothecam

473 2014 531 2068 in
574 2014 715 2069 ZElia
764 2016 918 2080 urbe,
960 2030 1123 2086 quam
1155 2016 1406 2087 regebat,
1440 2015 1744 2081 exstruxit,
1799 2015 1854 2068 in
1885 2030 2051 2086 quam

475 2107 774 2175 praesertim
813 2107 1087 2177 congessit
1127 2106 1371 2161 virorum
1407 2106 1904 2162 ecclesiasticarum
1930 2107 2049 2177 epi-

2163 546 2293 602 bant
2322 565 2334 601 :
2374 560 2495 616 quae
2522 546 2742 617 quidem
2767 544 3097 602 bibliotheca
3131 542 3449 620 Diocletiani
3479 544 3731 599 incendio

2160 636 2303 692 haud
2328 637 2694 709 conﬂagrasse
2752 639 3120 707 comperitur,
3169 645 3231 691 ut
3273 636 3506 692 advertit
3557 635 3729 691 Baro-

2160 730 2450 801 nius(l5):
2481 744 2607 783 nam
2641 737 2872 785 testatur
2892 726 3162 785 Eusebius
3185 728 3298 800 (i4)
3330 728 3397 783 ad
3428 743 3527 785 sua
3554 743 3732 799 usque

2159 832 2405 894 tempora
2454 823 2719 893 integram
2771 823 2953 878 adhuc
2997 823 3358 893 perdurasse,
3408 832 3574 894 atque
3607 820 3732 877 inde

2161 912 2495 967 uberrimam
2544 913 2829 967 materiam
2881 913 2948 967 ad
2998 928 3152 968 suam
3209 911 3503 968 Historiam
3552 913 3728 968 eccle-

2157 1006 2439 1062 siasticam
2487 1006 2878 1061 contexendam
2919 1022 2977 1062 se
3012 1008 3298 1077 collegisse
3348 1016 3502 1077 grato
3544 1007 3729 1062 animo
3802 1066 3807 1073 _

2155 1098 2460 1169 proﬁtetur.

2240 1190 2442 1261 Neque'
2475 1204 2606 1247 vero
2639 1191 2755 1247 suis
2799 1189 2962 1246 etiam
3008 1191 3226 1262 scriptis
3258 1190 3557 1247 Ecclesiam
3606 1189 3730 1245 illu-

2155 1291 2332 1337 strare
2387 1282 2594 1337 destitit
2630 1282 2953 1337 Alexander.
3003 1283 3226 1354 Aliquot
3272 1282 3417 1338 enim
3465 1282 3726 1353 epistolas

2156 1374 2378 1444 scripsit
2402 1375 2468 1429 ad
2488 1374 2833 1439 ‘Antinoitas,
2864 1390 2930 1429 ex
2958 1390 3188 1443 quarum
3217 1389 3326 1429 una
3360 1373 3725 1445 fragmentum

2155 1470 2389 1525 recitant
2449 1466 2716 1523 Eusebius
2770 1467 2879 1539 (15)
2943 1479 3105 1537 atque
3173 1465 3535 1539 Hieronymus
3588 1465 3721 1538 (16).

2160 1579 2178 1612 ι
2208 1560 2438 1629 Scripsit
2468 1571 2523 1615 et
2551 1561 2713 1615 aliam
2742 1562 2807 1615 ad
2836 1561 3236 1616 Antioclieuses
3265 1573 3362 1630 per
3386 1558 3725 1617 Clementem
3752 1601 3759 1611 .

2152 1650 2531 1720 presbyterum
2554 1649 2917 1714 Alexandriae,
2956 1669 2975 1702 ι
3006 1650 3136 1704 dum
3169 1650 3386 1704 vinctus
3416 1648 3469 1702 in
3505 1664 3729 1704 carcere

2152 1740 2527 1796 detineretur:
2580 1760 2597 1792 ι
2630 1756 2730 1796 nec
2756 1756 2863 1796 non
2900 1741 2966 1795 ad
3005 1740 3290 1812 Origenem
3315 1782 3329 1804 ,
3374 1749 3429 1793 et
3461 1756 3559 1810 pro
3604 1741 3725 1796 Ori-

2157 1847 2292 1902 gene
2331 1842 2518 1887 contra
2564 1830 2930 1898 Demetrium;
2971 1854 2988 1884 ο
3036 1833 3197 1887 verba
3249 1842 3379 1887 sunt
3411 1830 3727 1904 Hieronymi

2157 1923 2194 1976 l.
2229 1940 2279 1979 c.
2314 1922 2514 1978 Harum
2559 1925 2911 1995 epistularum
2948 1924 3275 1994 fragmenta,
3317 1933 3478 1995 prout
3509 1932 3728 1979 exstant

2159 2016 2299 2085 apud
2329 2015 2621 2072 Eusebium
2654 2016 2788 2082 (l7),
2814 2032 2941 2072 cum
2977 2017 3122 2071 notis
3146 2016 3216 2071 cl.
3245 2013 3446 2072 Valesii
3478 2031 3581 2071 suo
3605 2016 3727 2071 loco

2160 2108 2214 2161 in
2252 2108 2486 2162 medium
2514 2108 2861 2163 adduximus.

1450 2460 1591 2570 s.
1667 2406 2766 2574 Auxanium

875 2674 1154 2734 Primum
1184 2673 1652 2753 Cappadocum,
1687 2672 1923 2735 deinde
1956 2672 2525 2752 Hierosolymitani
2561 2675 2848 2751 episcopi
2875 2684 2935 2736 et
2967 2678 3288 2757 martyris,

1272 2853 1988 2942 FRAGMENTA
2064 2852 2731 2945 EPISTOLAR
2758 2856 2950 2945 UM.

1076 3166 1321 3236 Epistola
1356 3166 1424 3220 ad
1457 3166 1849 3220 Antiochenses.
1886 3166 2039 3235 Apud
2067 3164 2353 3218 Eusebium
2388 3162 2531 3217 Hist.
2561 3164 2686 3218 sccl.
2712 3164 2806 3218 lib.
2837 3181 2912 3231 vt,
2943 3181 3058 3235 cap.
3092 3167 3176 3221 11.

544 3287 869 3353 Alexander,
918 3300 1111 3343 servus
1161 3286 1253 3341 Dei
1285 3296 1339 3341 et
1387 3286 1602 3342 vinctus
1646 3284 1776 3342 Jesu
1823 3285 2048 3354 Christi,
2083 3294 2125 3348 Β

473 3380 803 3437 beatissimae
842 3378 1296 3434 Antiochensium
1324 3379 1583 3434 Ecclesiae
1612 3379 1666 3434 in
1694 3378 1926 3434 Domino
1957 3394 2048 3434 sa-

473 3476 663 3530 lutem.
692 3473 953 3544 Expedita
981 3472 1113 3528 mihi
1142 3488 1209 3528 ac
1250 3472 1388 3527 levia
1435 3472 1649 3528 vincula
1701 3472 1844 3528 Deus
1872 3473 2049 3529 eﬁecit

473 3566 739 3622 custodia:
782 3580 918 3620 mea;
955 3573 1216 3634 tempore,
1248 3573 1537 3635 postquam
1569 3567 1827 3635 comperi,
1858 3563 2045 3621 Ascle-

473 3660 689 3729 piadem
730 3658 906 3713 virum
946 3655 1073 3712 ﬁdei
1110 3657 1307 3712 merito
1339 3655 1576 3713 maxime
1610 3657 1889 3723 idoneum,
1921 3672 2049 3712 san-

473 3752 733 3808 ctissimae
765 3749 1022 3806 Ecclesiae
1059 3759 1254 3805 vestrae
1276 3751 1651 3820 episcopatum
1695 3750 1881 3805 divina
1919 3763 2046 3820 pro-

471 3844 713 3900 videntla
749 3844 1081 3917 suscepisse.
1110 3843 1283 3899 Porro
1307 3845 1406 3900 has
1438 3844 1670 3909 litteras,
1696 3842 1905 3899 domini
1936 3842 2045 3898 fra-

473 3948 606 3998 tres,
638 3951 732 4006 per
777 3935 993 3990 beatum
1030 3935 1406 4006 presbyterum
1451 3933 1783 3989 Clementem
1833 3933 1901 3988 ad
1944 3949 2042 3989 vos

472 4028 620 4093 misi,
648 4030 833 4082 virum
876 4029 1075 4082 virtute
1106 4028 1390 4097 praeditum
1420 4036 1475 4082 et
1511 4026 1797 4097 probatum
1834 4044 1847 4080 :
1876 4040 2042 4095 quem

470 4131 570 4169 vos
600 4123 655 4168 et
687 4116 862 4170 nostis
883 4116 1020 4184 jam,
1047 4125 1102 4169 et
1128 4115 1362 4184 amplius
1392 4116 1755 4185 cegnoscetis.
1788 4113 1890 4180 Qui
1920 4116 2043 4184 qui-

473 4208 593 4261 dem
640 4206 734 4261 Dei
786 4215 921 4262 nutu
964 4223 1029 4261 ac
1073 4206 1433 4275 providentia,
1463 4206 1592 4260 dum
1633 4206 1724 4260 hic
1751 4206 1896 4274 apud
1938 4219 2041 4260 nos

474 4313 712 4368 praesens
760 4306 925 4361 esset,
958 4295 1256 4352 Ecclesiam
1285 4296 1490 4351 Christi
1533 4307 1588 4351 et
1616 4296 1962 4353 conﬁrmavit
1987 4305 2043 4351 et

474 4403 805 4463 magnopere
832 4389 1003 4443 auxit.

548 4546 923 4672 (Nistionys.
946 4546 1121 4611 Alex.,
1141 4545 1281 4616 apud
1305 4544 1501 4600 Euseb.
1532 4542 1670 4598 Hist.
1687 4544 1817 4599 εδει.
1840 4544 1937 4601 lib.
1966 4560 2043 4609 vt,

548 4635 595 4672 ι).
699 4659 711 4671 .

474 4634 595 4671 cun.
623 4620 711 4671 46.

543 4634 946 4755 ὕυίιίθτοηη
966 4687 1041 4741 De
1065 4687 1163 4741 uir.
1196 4686 1419 4750 illustr.,
1451 4700 1572 4754 cap.
1600 4684 1689 4740 δε.

571 4757 660 4827 12)
700 4758 926 4822 Euseb.,
954 4757 1149 4812 Chron.
1185 4759 1250 4812 ad
1284 4772 1412 4827 ann.
1450 4771 1758 4813 unccnxvu.

576 4825 660 4895 15)
698 4828 923 4893 Baron.,
957 4830 1021 4882 ad
1050 4844 1179 4883 ann.
1208 4828 1334 4889 255.
1371 4825 1399 4898 §
1428 4827 1551 4882 125.

547 4894 658 4967 (14)
698 4898 924 4965 Euseb.,
959 4897 1105 4952 Hist.
1135 4899 1259 4953 θεοί.
1297 4894 1395 4953 lib.
1426 4913 1501 4965 vr,
1528 4911 1647 4967 cap.
1673 4894 1763 4950 20.

546 4969 662 5039 (ιδ)
704 4970 780 5023 ld.
815 4969 970 5034 ibid.,
1002 4984 1121 5038 cap.
1159 4969 1243 5022 ιι.

547 5040 659 5110 (16)
700 5039 944 5105 Hieron.,
972 5040 1007 5093 l.
1040 5055 1090 5094 c.

547 5108 661 5180 (17)
703 5110 924 5180 Ettseb.,
955 5109 1095 5164 Hist.
1124 5108 1251 5163 eccl.
1278 5108 1372 5180 lib.
1406 5124 1478 5175 Vl,
1523 5123 1677 5180 capp.
1706 5108 1792 5180 11,
1818 5109 1917 5180 id.
1952 5109 2039 5165 19.

550 5177 663 5250 (18)
686 5179 913 5246 Δοῦλος
931 5182 1151 5251 Κυρίου
1165 5179 1306 5251 (sic).
1329 5177 1606 5251 lnicodice‘
1627 5177 1789 5251 Med,
1817 5177 1953 5234 Μαι.
1991 5190 2046 5234 et

478 5250 614 5305 Fuk.
644 5249 960 5321 inscriptio
1011 5249 1180 5321 hujus
1214 5250 1457 5321 epistola)
1487 5250 1644 5321 aliter
1689 5249 1904 5319 legitur,
1943 5251 2044 5305 hoc

477 5324 638 5376 modo
689 5339 703 5392 ς
758 5318 1103 5392 Ἀλέξανδροᾴ
1145 5322 1175 5374 ὁ
1230 5318 1413 5392 δοῦλος
1457 5319 1553 5373 καὶ
1591 5318 1811 5391 δέσμιος
1860 5321 2041 5392 (Ἰησοῦ

475 5391 714 5464 Χριστοῦ
734 5409 748 5423 ·
782 5392 984 5464 quibus
1013 5390 1502 5464 consentit_Ruﬁni
1537 5390 1928 5464 interpretatio.

549 5463 660 5535 (19)
689 5458 849 5517 Κατᾶ
868 5461 986 5535 (τὸν
1010 5461 1219 5535 καιρὰς
1237 5460 1348 5528 τῆς
1373 5458 1626 5535 εἱρκτῆς.
1664 5458 1816 5515 Hanc
1840 5462 2040 5535 episto-

478 5531 584 5587 lam
610 5531 831 5603 scripsit
851 5534 1154 5588 Alexander
1177 5531 1416 5603 fervente
1437 5532 1617 5603 adhuc
1640 5531 2036 5603 persecutione,

476 5620 601 5659 cum
633 5599 776 5659 esset
806 5605 861 5659 in
886 5603 1136 5667 vinculis,
1169 5602 1397 5656 necdum
1427 5601 1493 5655 ad
1521 5601 1893 5670 episcopatum
1918 5599 2042 5654 Hie-

475 5674 876 5743 rosolymorum
929 5675 1159 5735 ascitus,
1211 5681 1270 5726 ut
1322 5687 1388 5726 ex
1435 5671 1521 5743 bis
1561 5670 1741 5743 verbis
1795 5679 2036 5743 apparet.

476 5736 743 5810 Hine'est,
769 5746 912 5813 quod
962 5746 1014 5798 in
1046 5743 1403 5812 inscriptione
1442 5739 1685 5813 epistola:
1713 5736 1949 5813 appellat
1983 5736 2041 5813 se

475 5818 705 5870 uinctum
752 5810 880 5869 Iesu
921 5815 1140 5871 Christi.
1188 5810 1269 5871 Ex
1318 5827 1428 5885 quo
1471 5810 1953 5879 conﬁcitur,'male
1984 5810 2041 5865 in

2238 3284 2601 3357 Ἀλέξανδρος,
2614 3284 2799 3349 δοῦλος
2832 3285 2945 3357 (18)
2979 3288 3074 3340 καὶ
3107 3287 3326 3359 δέσμιος
3382 3289 3559 3361 Ἰησοῦ
3591 3292 3731 3364 Χρια

2151 3373 2299 3440 στοῦ,
2321 3377 2387 3447 τῇ
2412 3375 2657 3447 μακαρίᾳ
2670 3376 2983 3446 ’Δντιοχέων
2999 3375 3293 3450 Ἐκκλησία
3317 3382 3375 3434 ὲν
3399 3382 3589 3454 Κυρίῳ
3610 3383 3730 3453 χαί-

2150 3487 2284 3541 ρειν.
2330 3466 2571 3541 Ἐλαφρὰ
2622 3485 2711 3538 μοι
2764 3467 2859 3523 καὶ
2909 3467 3088 3539 κοῦφα
3130 3471 3198 3525 τὰ
3231 3471 3406 3544 δεσμὰ
3452 3476 3481 3528 ό
3526 3475 3729 3547 Κύριος

2148 3560 2371 3632 ἐποίησε
2401 3559 2545 3614 κατὰ
2566 3558 2656 3613 τὸν
2684 3560 2870 3632 καιρὸν
2892 3559 2995 3631 τῆς
3019 3562 3243 3635 εἱρκτῆς
3277 3563 3415 3636 (19),
3441 3565 3728 3639 πυθομένη,

2147 3653 2246 3725 τῆς
2279 3652 2441 3723 ἁγίας
2474 3651 2627 3723 ὑμῶν
2657 3651 2766 3706 τῶν
2779 3652 3095 3724 Ἀντιοχέων
3111 3653 3439 3725 Ἐκκλησίας
3461 3657 3605 3712 κατά
3627 3664 3729 3730 τὴν

2151 3745 2303 3800 θείαν
2359 3745 2615 3818 πρόνοιαν
2689 3745 3087 3816 Ἀσκληπιάδην
3144 3746 3236 3800 τὸν
3293 3749 3731 3820 ἐπιτηδειότατοι

2151 3839 2272 3893 κατ’
2308 3835 2467 3902 ἀξίαν
2511 3835 2609 3908 τὴν
2642 3835 2824 3890 πίστιν
2857 3837 2956 3906 τῆς
2998 3838 3302 3910 ἐπισκοπῆς
3333 3840 3444 3911 (20)
3478 3841 3732 3913 ἐγκεχει-

2152 3928 2617 4002 ρισμένον.Ταῦτα
2637 3929 2695 3983 δὲ
2719 3931 2869 4001 ὑμῖν,
2887 3928 3067 4013 κύριοί
3091 3947 3193 4002 μου
3211 3930 3450 4000 ἀδελφοὶ,
3464 3932 3535 3986 τὰ
3554 3934 3730 4006 γράμ-

2150 4039 2297 4093 ματα
2320 4020 2614 4074 ἀπέστειλα
2633 4020 2720 4075 διὰ
2741 4020 3053 4093 Κλήμεντος
3074 4021 3168 4075 τοῦ
3193 4023 3465 4093 μακαρίου
3489 4024 3735 4096 πρεσϐυ-

2146 4115 2302 4185 τέρου
2321 4114 2432 4186 (21)
2454 4154 2470 4181 ,
2503 4112 2694 4185 ἀνδρὸς
2715 4112 2973 4185 ἐναρέτου
3004 4111 3100 4172 καὶ
3121 4113 3344 4183 δοκίμου
3362 4130 3378 4144 ο
3405 4113 3464 4167 ὃν
3494 4114 3610 4169 ἴστε
3634 4116 3734 4170 καὶ

2147 4208 2306 4278 ὑμεῖς
2336 4206 2430 4259 καὶ
2464 4204 2832 4274 ἐπιγνώσεσθε
2851 4223 2863 4236 ·
2902 4205 2965 4269 ὃς
2995 4204 3088 4259 καὶ
3135 4204 3322 4260 ἐνθάδε
3366 4206 3556 4278 παρὼν
3585 4209 3736 4264 κατά

2144 4299 2245 4370 τὴν
2289 4291 2545 4368 πρόνοιαν
2575 4296 2670 4351 καὶ
2703 4297 3005 4367 ἐπισκοπὴν
3036 4295 3130 4349 τοῦ
3172 4298 3463 4362 Δεσπότου,
3489 4300 3729 4372 Emori)-

2152 4386 2265 4460 ριξὲ
2296 4404 2356 4440 τε
2382 4386 2477 4441 καὶ
2499 4384 2703 4458 ηὓξησε
2732 4385 2831 4457 τὴν
2859 4385 2954 4439 τοῦ
2994 4386 3200 4458 Κυρίου
3239 4386 3581 4459 Ἐκκλησίαν.

2148 4543 2408 4599 Chronico
2433 4542 2652 4599 Eusebii
2686 4541 3024 4611 Asclepiadis
3057 4541 3457 4598 ordinationem
3481 4542 3730 4598 conferri

2150 4616 2205 4696 in
2235 4614 2709 4696 a_nttum_primum
2743 4612 3000 4696 Antonini
3030 4611 3344 4696 Caracalla'.
3376 4611 3507 4667 Nam
3536 4612 3735 4696 Ascle-

2145 4685 2323 4754 piadis
2366 4682 2638 4739 ordinatio
2670 4682 2899 4754 contigit
2944 4684 3135 4738 eodem
3164 4692 3427 4754 tempore,
3455 4698 3565 4753 quo
3591 4684 3732 4739 Ale-

2148 4750 2354 4810 xander
2381 4754 2451 4809 ob
2475 4753 2770 4809 Christiani
2799 4750 3037 4808 nominis
3073 4750 3486 4809 confessionem
3508 4754 3564 4808 in
3598 4770 3733 4810 car-

2148 4841 2326 4881 cerem
2364 4824 2641 4894 conjectus
2677 4832 2782 4877 est.
2811 4822 2866 4876 ld
2897 4833 3078 4878 autem
3121 4824 3387 4878 accidisse
3415 4824 3731 4894 principatu

2150 4893 2335 4949 Severi
2366 4894 2481 4949 inse
2508 4893 2777 4949 Eusebius
2812 4901 3040 4948 testatur
3067 4893 3120 4947 in
3150 4892 3427 4947 Chronico.

2192 4910 2335 4950 evert
2366 4911 2481 4950 IDSO
2508 4910 2777 4949 LUSCINUS
2812 4910 3040 4948 leSlalur
3067 4910 3120 4947 ιιι
3150 4910 3427 4947 «ληνοιιιοο.

2214 4912 2335 4949 :vert
2366 4911 2481 4963 ipse
2508 4911 2777 4949 bllsenlus
2812 4911 3040 4948 teStatur
3067 4911 3120 4947 tn
3150 4911 3427 4947 «.nramco.

2214 4964 2339 5036 (20),
2351 4965 2496 5036 Κατ’
2518 4964 2698 5029 ἀξίαν
2718 4962 2836 5036 τὴν
2862 4962 3201 5036 πίστινῖῆς
3227 4961 3586 5036 ἐπισκοπῆς.
3602 4963 3731 5036 Re—

2144 5033 2286 5091 ctius
2308 5033 2680 5105 'Nicepltorus,
2712 5035 2833 5105 κατ’
2864 5033 3019 5105 ἀξίαν
3043 5033 3141 5105 τῆς
3176 5033 3430 5105 πίστεως,
3456 5033 3559 5105 τὴν
3594 5035 3728 5105 ἐπι-

2144 5105 2359 5178 σκοπὴν
2398 5103 2893 5178 ἐγκεχε-ιρισμένον.
2937 5103 3093 5178 Quod
3137 5103 3263 5178 _sive
3309 5120 3375 5178 ex
3410 5103 3732 5178 libropsive

2144 5123 2352 5178 σκοπην
2398 5122 2893 5227 εγκεχεὲιισμενον.
2937 5122 3093 5170 unua
3146 5122 3263 5158 sive
3309 5122 3375 5158 ex
3410 5122 3572 5168 nuru,
3604 5122 3727 5160 snve

2143 5176 2555 5301 Sixdgplp‘iectura
2634 5175 2920 5244 icepborus
2947 5174 3196 5238 ediderit,
3229 5175 3452 5265 omnino
3482 5175 3727 5243 probum

2144 5254 2380 5301 videtur.
3352 5254 3371 5265 ‘

2216 5318 2328 5388 (21)
2355 5316 2457 5371 Διὰ
2483 5315 2829 5388 Κλήμεντος
2847 5315 2955 5369 τοῦ
2972 5313 3269 5388 μακαρίου
3284 5312 3727 5388 πρεσϐυτέρου.

2145 5384 2233 5444 οο
2266 5384 2545 5443 Clemente
2596 5384 2962 5454 Alexandrino
3012 5385 3099 5439 hic
3147 5385 3295 5454 loqui
3346 5384 3731 5441 Alexandrum

2146 5460 2354 5528 putavit
2407 5455 2768 5528 Hieronymus
2816 5456 2872 5528 in
2892 5451 3234 5528 _Cata_logo.'
3255 5452 3427 5528 Certe
3461 5454 3731 5512 Clemens

2144 5523 2549 5582 Alexandrinus
2578 5523 2751 5596 usque
2782 5526 2851 5581 ad
2887 5523 3073 5580 Severi
3103 5523 3347 5594 tempora
3377 5525 3544 5578 vitam
3588 5540 3735 5595 pro—

2144 5598 2320 5662 duxit,
2346 5607 2403 5652 et
2445 5598 2498 5651 in
2536 5598 2621 5677 bis
2664 5595 2976 5677 regionibus
3009 5595 3390 5677 peregrinatus.
3414 5602 3518 5677 est,
3552 5604 3613 5649 ut
3641 5596 3735 5677 ip:

2147 5676 2315 5723 semet
2344 5677 2573 5722 testatur
2605 5668 2659 5721 in
2699 5662 2793 5721 li'b.
2825 5682 2843 5720 ι
2870 5662 3179 5721 Stroinatei.
3213 5662 3318 5719 Sed
3344 5672 3399 5719 et
3422 5662 3732 5722 Alexandri

2145 5735 2385 5807 episcopi
2440 5738 2725 5792 familiaris
2757 5735 2891 5803 fuit;
2923 5736 3012 5792 cui
3060 5736 3223 5790 etiam
3271 5735 3468 5789 librum
3513 5734 3730 5789 dicavit

2146 5807 2229 5864 De
2274 5807 2630 5864 ecclesiastica
2684 5807 2889 5864 recula.
2922 5821 3019 5863 seu
3074 5805 3335 5863 adversus
3381 5803 3623 5864 Indicos.
3662 5815 3732 5861 ut

2198 5824 2229 5865 ε
2274 5821 2630 5864 εοσιεειαδιιεα
2684 5821 2889 5878 regum,
2922 5821 3019 5863 seu
3074 5821 3335 5863 adversus
3381 5821 3623 5866 δυαωοε.
3662 5822 3699 5859 υ
