3986 6358
2023 573 2028 574 γ
2035 572 2140 574 ᾉΔ
2147 564 2820 574 ,ΔᾲΜ
2837 558 3079 568 ’σ--σ--ἥ
3153 557 3172 563 -¹

397 577 514 593 ῗ--ο--
523 587 532 589 --
541 586 570 591 ..--
581 588 588 590 --
597 583 1122 592 ,κῇ-*οὒ*
1137 577 1711 588 .——.——.—————————

1551 721 1718 764 ANNO
1763 719 1995 764 ΒΟΜΙΝΙ
2063 716 2496 760 CCLX-CCLXX.

860 879 1827 1091 SANCTUS
1940 890 3180 1078 ANATOLIUS

1455 1215 2560 1339 ALEXANDBINUS
2688 1341 2692 1347 _

943 1465 1732 1561 LAODICENSIS
1804 1461 1926 1551 IN
2005 1458 2363 1548 SYBIA
2440 1451 3126 1547 EPISCOPUS.

1710 1830 2366 1964 NOTITIA

1115 2079 1411 2136 (Gaurium,
1441 2069 1733 2124 Bibliotheca
1757 2077 1963 2122 veterum
1984 2073 2190 2121 Patrum
2239 2068 2323 2126 lll,
2352 2066 2571 2126 Proleg.,
2599 2078 2644 2125 p.
2671 2063 2876 2126 nun.)

408 2389 447 2444 I.
493 2386 794 2458 Anatolius,
821 2388 978 2458 domo
1011 2388 1560 2458 Alexandrinumguo
1591 2396 1819 2456 tempore
1845 2385 2052 2454 floruit.
2086 2381 2330 2458 Quantus
2344 2387 2654 2458 iniraOmni
2682 2388 3021 2442 scientiarum
3055 2403 3236 2456 genere
3271 2399 3528 2442 exemtus.
3568 2389 3674 2442 Pa-

479 2461 585 2512 tria
621 2457 824 2524 relicta,
857 2461 913 2513 in
949 2457 1162 2529 Syriam
1193 2459 1381 2528 pergit.
1412 2454 1766 2529 Censecratur
1793 2454 2270 2529 episcopus._An_no
2302 2457 2408 2529 270
2439 2457 2689 2513 Ecclesia:
2706 2458 3017 2512 Laodicenw
3049 2454 3286 2528 regendae
3318 2461 3632 2527 prarﬁcitur.

408 2529 472 2584 il.
514 2529 766 2584 Externis
799 2525 1070 2600 sacrisque
1090 2525 1301 2600 litteris
1331 2529 1387 2582 in
1410 2527 1597 2597 primis
1631 2528 1883 2589 imbutus,
1905 2526 2138 2580 illustria
2165 2525 2426 2582 doctrina:
2455 2546 2568 2584 suae
2591 2541 2928 2584 monumenta
2965 2525 3199 2600 reliquit.
3229 2525 3538 2583 Celebratur
3563 2546 3676 2597 prta

479 2601 683 2654 cwteris
723 2601 838 2670 ejus
863 2599 1053 2655 Canbn
1089 2599 1390 2655 Paschalis.

408 2670 495 2724 Ill.
539 2665 778 2726 Canonis
813 2671 1126 2725 Anatoliani
1155 2671 1375 2739 antiqua
1409 2669 1600 2739 versio.
1633 2665 1765 2736 Ejus
1802 2665 2330 2739 auctorinquiritur.
2363 2666 2554 2737 Ruﬁno
2578 2671 2858 2725 asseritur.
2893 2669 3031 2724 Hinc
3061 2669 3296 2739 ejusdem
3324 2669 3564 2724 Canonis
3592 2688 3680 2725 ue-

480 2743 612 2795 ritas
642 2742 1010 2809 conﬁrmatur.
1059 2740 1238 2795 Versio

481 2814 593 2865 rius
626 2812 925 2866 doctissimi
955 2811 1166 2881 ΑΞρὶάῆ
1195 2811 1466 2864 Buclterii.

1320 2741 1557 2808 uﬁniana
1584 2738 1791 2807 integra
1814 2738 1897 2789 Itic
1922 2736 2216 2801 exhibetur,
2245 2736 2452 2792 Grtecis
2473 2741 2785 2796 Eusebianis
2823 2742 3059 2797 intextis.
3084 2736 3325 2794 ’Additus
3355 2751 3678 2795 commenta-

481 2931 524 2988 Ι.
560 2930 741 2986 Probo
787 2941 841 2987 et
884 2931 1028 2987 Caro
1073 2930 1492 3003 imperantibus,
1537 2938 1676 2984 teste
1726 2927 1989 2999 llierony-
2020 2931 2066 2988 Α
2095 2927 2281 2986 habita
2313 2939 2398 2986 est
2433 2933 2701 3001 posterior
2733 2934 2975 3006 synodus
3020 2931 3380 2987 Antiochena.
3414 2929 3670 2998 Quandiu

410 3042 503 3081 mo
533 3025 630 3097 (l),
651 3026 835 3080 ﬂoruit
857 3025 1168 3092 Anatolius,
1200 3025 1366 3081 domo
1397 3025 1821 3087 Alexandrinus,
1851 3022 1992 3076 Lao-

412 3117 642 3176 diccnus
666 3118 957 3188 episcopus
988 3133 1004 3174 :
1038 3117 1199 3188 cujus
1237 3117 1469 3173 eximias
1490 3117 1678 3171 laudes
1705 3115 1991 3185 persequi-

414 3221 502 3267 tur
527 3212 612 3267 his
640 3211 820 3266 verbis
849 3209 1119 3266 Eusebius
1143 3210 1220 3282 (2)
1247 3228 1261 3266 :
1289 3226 1310 3262 ι
1338 3208 1438 3265 Hic
1461 3218 1576 3265 tum
1602 3210 1652 3262 in
1678 3209 1992 3263 liberalibus

411 3303 715 3374 disciplinis
744 3313 860 3358 tum
907 3304 961 3358 in
1003 3303 1349 3374 philosophia
1381 3302 1680 3374 principem
1723 3306 1863 3357 inter
1896 3302 1995 3356 do-

411 3396 690 3451 ctissimos
724 3396 896 3450 nostri
934 3395 1197 3464 temporis
1229 3395 1378 3450 viros
1401 3395 1581 3450 locum
1609 3395 1729 3449 sine
1769 3401 1994 3449 contro-

411 3488 592 3544 versia
627 3487 820 3550 tenuit,
851 3486 919 3540 τὰ
939 3485 1130 3558 πρῶτα
1151 3485 1257 3540 τῶν
1285 3487 1520 3558 μάλιστα
1539 3485 1659 3541 καθ’
1684 3487 1829 3557 ἡμᾶς
1851 3485 1996 3538 δοκι-

417 3581 679 3653 μωτάτων
711 3579 1171 3651 ἀπενηνεγμένας.
1205 3599 1225 3632 ›
1249 3579 1368 3646 Qua
1389 3580 1455 3634 de
1477 3594 1644 3634 causa
1671 3579 1741 3633 ab
1764 3578 1998 3632 Alexan-

414 3676 590 3730 drinis
621 3674 739 3730 suis
774 3682 998 3744 rogatus
1028 3681 1132 3739 est,
1155 3681 1216 3728 ut
1241 3672 1600 3728 Aristotelica:
1634 3670 2000 3726 successionis

416 3768 660 3822 scholam
693 3767 802 3822 illic
831 3766 1158 3831 institueret,
1207 3765 1382 3820 instar
1423 3763 1792 3820 successionis
1820 3761 2000 3817 Plato—

415 3862 572 3925 nicae,
609 3861 768 3932 cujus
798 3859 1148 3916 celeberrima
1188 3858 1377 3915 schola
1418 3857 1742 3928 jampridem
1774 3855 2001 3910 Athenis

415 3952 596 4007 fuerat
621 3953 939 4008 constituta.
956 3950 1211 4007 Plurimae
1231 3965 1450 4021 quoque
1481 3965 1568 4004 res
1583 3949 1652 4004 ab
1667 3964 1731 4004 eo
1749 3949 2002 4018 praeclare

418 4055 582 4115 gesta}
617 4043 934 4099 referuntur
959 4063 973 4098 :
998 4044 1134 4099 adeo
1161 4051 1221 4100 ut
1238 4041 1378 4113 apud
1406 4056 1599 4097 omnes
1629 4055 1880 4111 magnam
1915 4040 2000 4094 sui

419 4139 658 4194 nominis
688 4137 912 4202 famam,
953 4149 1117 4209 atque
1149 4140 1291 4193 inter
1335 4137 1570 4193 civitatis
1597 4151 1710 4189 sua:
1742 4152 2001 4204 proceres

421 4230 748 4301 praecipuam
777 4230 999 4284 honoris
1023 4229 1438 4300 praerogativam
1465 4227 1711 4282 omnium
1731 4241 2000 4281 consensu

422 4322 584 4376 fuerit
610 4322 858 4390 adeptus.

495 4414 702 4469 Relicta
736 4413 933 4468 deinde
960 4411 1312 4475 Alexandria,
1337 4420 1461 4481 post
1510 4410 1744 4466 solutam
1782 4411 2003 4466 Bruchii

422 4507 787 4570 obsidionem,
837 4507 890 4560 in
928 4504 1142 4578 Syriam
1177 4505 1433 4575 migravit
1462 4523 1476 4558 :
1512 4505 1601 4558 ubi
1636 4502 2000 4567 Theotccnus,

424 4599 604 4669 inquit
647 4598 790 4654 idem
825 4596 1092 4652 Eusebius
1122 4596 1225 4668 (3),
1259 4595 1524 4651 Caesarem
1557 4595 1858 4650 Pola-siina:
1893 4597 2002 4665 epi-

425 4708 625 4762 scopus
670 4692 881 4762 primus
931 4691 1007 4745 illi
1059 4706 1258 4745 manus
1291 4690 1570 4759 imposuit,
1605 4705 1843 4760 eumque
1885 4689 2004 4758 epi-

426 4801 650 4854 scopum
689 4784 982 4851 ordinavit,
1028 4797 1402 4839 successorem
1453 4781 1712 4838 Ecclesiae
1755 4797 1869 4837 suaa
1913 4781 2008 4835 de-

427 4875 932 4948 spondens.Verum
967 4876 1312 4932 Antiochiam
1351 4885 1609 4930 evocatus
1639 4875 1707 4930 ad
1739 4874 2007 4945 synodum

427 4967 578 5022 Pauli
611 4966 955 5023 Samosateui
992 4982 1160 5023 causa
1190 4975 1461 5032 coactam,
1493 4966 1621 5020 dum
1673 4981 1770 5035 per
1816 4965 2006 5019 urbem

432 5060 752 5115 Laodiceam
780 5061 886 5113 iter
918 5059 1144 5124 iaceret,
1177 5075 1207 5113 a
1240 5058 1502 5113 fratribus
1541 5056 1825 5122 illiusloci,
1858 5072 2008 5110 mor-

434 5165 526 5208 tuo
553 5165 683 5209 tunc
715 5152 971 5217 Eusebio,
991 5152 1246 5206 detentus
1276 5161 1360 5206 est
1387 5168 1400 5204 :
1431 5153 1624 5214 bonus,
1661 5147 1807 5217 quod
1835 5149 2006 5212 aiunt,

432 5249 559 5302 boni
591 5247 690 5300 viri
717 5258 1033 5301 successor:
1058 5242 1297 5312 διάδοχος
1329 5240 1553 5310 ἀγαθὸς,
1579 5237 2008 5310 φασὶν,ἀγαθοῦ,

433 5337 775 5390 καθίσταται.
813 5332 1140 5403 Supremum
1172 5342 1354 5386 autem
1387 5332 1532 5386 diem
1569 5333 1706 5386 obiit
1743 5331 2010 5386 Eusebius

433 5433 553 5500 ejus
576 5434 826 5486 decessor
847 5441 992 5482 anno
1014 5425 1141 5492 270,
1172 5439 1281 5494 quo
1308 5425 1569 5480 adversus
1592 5421 2008 5480 Samosatenum

399 5623 410 5657 ρ
507 5589 584 5671 )
628 5586 873 5671 lberam,
903 5585 980 5671 ge
1009 5585 1136 5671 uiris
1162 5583 1445 5671 illustria.
1471 5580 1558 5671 l3.

381 5642 404 5672 ν
626 5642 1036 5717 ΕιιδθὺηἯὶδι.
1075 5657 1201 5710 eccl.
1237 5655 1327 5711 lib.
1361 5668 1454 5721 vn,
1483 5668 1532 5709 c.
1566 5650 1659 5707 52.

509 5733 585 5800 (δ)
629 5729 702 5782 ld.
731 5729 857 5782 una.

513 5804 586 5872 (ιω
626 5800 700 5854 ld.
745 5801 876 5853 ibid.

2098 3036 2232 3076 vero
2260 3024 2462 3078 sederit
2493 3026 2546 3080 in
2579 3028 2835 3106 cathedra
2860 3025 3182 3082 Laodicensi
3208 3024 3514 3092 Anatolius,
3533 3027 3679 3080 haud

2101 3115 2293 3185 liquet.

2171 3209 2234 3264 ll.
2275 3209 2389 3266 Non
2415 3210 2706 3267 admodum
2731 3214 2932 3270 multos
2951 3218 3326 3286 composuisse
3348 3217 3518 3273 libros
3534 3217 3684 3271 Ana-

2102 3304 2292 3359 tolium
2328 3305 2590 3362 discimus
2619 3322 2684 3361 ex
2716 3309 2974 3378 episcopo
3001 3307 3410 3381 Catsariensiﬁ)
3437 3328 3450 3364 :
3477 3311 3552 3363 Οὐ
3580 3311 3683 3380 μὲν

2103 3395 2440 3468 ἐσπουδάσθη
2500 3397 2722 3452 πλεῖστα
2771 3397 2848 3469 τῷ
2892 3399 3179 3469 Ἀνατολίῳ
3227 3399 3679 3471 συγγράμματαε

2103 3489 2197 3559 qui
2228 3499 2432 3554 tamen,
2467 3502 2757 3561 postquam
2786 3491 2907 3562 ejus
2938 3491 3176 3547 Canones
3201 3491 3476 3561 paschales
3507 3502 3561 3546 et
3589 3493 3685 3545 de-

2105 3599 2221 3638 cem
2273 3584 2441 3639 libros
2489 3582 2892 3638 Institutionum
2929 3585 3382 3639 aritltnteticarum
3414 3599 3686 3638 memora-

2105 3678 2203 3742 vit,
2238 3677 2406 3731 multa
2437 3692 2656 3748 quoque
2709 3677 2812 3732 alia
2865 3693 2978 3732 sua:
3022 3677 3075 3730 in
3113 3678 3286 3730 sacris
3336 3676 3532 3730 litteris
3561 3676 3688 3729 dili-

2107 3770 2300 3839 gentiae
2331 3779 2494 3838 atque
2521 3770 2783 3825 doctrinae
2815 3775 3166 3823 monumenta
3195 3768 3372 3838 ipsum
3402 3768 3560 3822 nobis
3599 3784 3685 3820 rc-

2109 3859 2335 3929 liquisse
2381 3861 2544 3914 tradit
2581 3880 2594 3916 :
2625 3859 2719 3912 καὶ
2769 3858 3158 3912 καταλέλοιπεν
3202 3860 3230 3910 ὁ
3275 3857 3502 3920 αὐτὸς...
3550 3857 3688 3910 ἄλλα

2106 3953 2373 4025 δείγματα
2403 3953 2505 4025 τῆς
2537 3953 2756 4024 περὶτὰ
2791 3952 2909 4007 θεῖα
2936 3952 3132 4024 σχολῆς
3167 3970 3225 4006 τε
3270 3951 3433 4006 αὑτοῦ
3466 3952 3558 4004 καὶ
3591 3968 3689 4003 πο-

2109 4045 2415 4118 λυπειρίας.

2179 4136 2245 4191 Et
2290 4145 2506 4192 exstant
2547 4136 2766 4207 quidem
2809 4135 3080 4206 hodieque
3113 4136 3254 4190 inter
3295 4135 3690 4206 θεολογούμενα

2111 4228 2208 4300 τῆς
2237 4228 2604 4301 ἀριθμητικῆς
2627 4227 2812 4283 ϐνωθθ
2838 4228 2980 4282 edita
2999 4227 3223 4282 Parisiis
3253 4228 3409 4294 1545,
3437 4230 3690 4298 quaedam

2041 4297 2082 4352 Β
2107 4297 2459 4391 διέθει·ρωτώ
2495 4297 2648 4376 libris
2672 4321 2912 4375 Anatolii
2941 4321 3346 4375 lnstitutionum
3386 4297 3692 4374 arithmeti-

2109 4429 2313 4478 carum,
2347 4423 2407 4467 ut
2437 4413 2645 4468 monuit
2667 4411 2917 4468 Valesius
2946 4413 3010 4467 ad
3046 4412 3338 4467 Eusebium
3361 4430 3374 4475 ;
3401 4427 3574 4482 eaque
3598 4428 3690 4466 re-

2111 4513 2296 4558 censet
2329 4503 2611 4560 Fabricius
2643 4505 2742 4576 (5),
2773 4504 2866 4575 qui
2895 4517 2950 4559 et
2977 4505 3236 4559 nonnulla
3278 4504 3345 4558 ὲκ
3383 4504 3490 4559 τῶν
3535 4505 3691 4558 Ἀνα-

2111 4596 2286 4649 colico
2328 4597 2576 4666 διάφορα,
2607 4614 2670 4652 ex
2707 4598 3053 4653 Peiresciano
3075 4598 3263 4652 codice
3303 4599 3372 4652 ab
3409 4596 3692 4653 Holstenio

2111 4691 2400 4761 descripta,
2417 4690 2601 4746 Grtece
2621 4691 2880 4764 vulgavit.

2185 4785 2414 4856 Scripsit
2444 4794 2706 4855 praeterea
2736 4784 3043 4849 Anatolius,
3079 4793 3137 4838 ut
3177 4783 3341 4838 modo
3386 4787 3688 4848 mouimus,

2112 4879 2366 4933 volumen
2388 4879 2462 4933 De
2479 4879 2760 4948 paschale;
2782 4895 2846 4933 ex
2865 4895 2996 4949 quo,
3016 4879 3191 4948 inquit
3209 4876 3569 4949 Hieronymus
3587 4879 3692 4948 (6),

2113 4970 2225 5038 ejus
2255 4970 2452 5040 ingenii
2481 4970 2898 5040 magnitudinem
2926 4969 3217 5036 intelligere
3235 4966 3694 5036 possumus.Prm-

2115 5061 2322 5116 clarum
2375 5060 2602 5131 hujusce
2648 5062 2828 5130 operis
2869 5059 3228 5131 fragmentum
3264 5061 3422 5115 nobis
3452 5059 3695 5114 servavit

2115 5155 2385 5212 Eusebius
2418 5157 2529 5226 (7);
2565 5157 2658 5226 qui
2681 5165 2736 5212 et
2755 5157 2871 5228 ipse
2894 5157 2948 5210 in
2972 5172 3038 5212 eo
3057 5159 3299 5212 auctoris
3324 5156 3693 5226 eloquentiam

2117 5245 2281 5301 simul
2313 5254 2368 5301 et
2401 5247 2758 5316 multiplicem
2785 5247 2903 5316 ejus
2929 5247 3314 5313 eruditionem,
3352 5247 3486 5318 ὁμοῦ
3519 5248 3580 5300 τό
3631 5264 3694 5299 τε

2115 5335 2296 5404 λόγιον
2330 5336 2425 5390 καὶ
2459 5335 2788 5408 πολυμαθὲς,
2824 5337 3145 5393 admiratur.

2189 5427 2272 5482 Ill.
2318 5428 2607 5498 Antiquam
2632 5430 2934 5484 versionem
2956 5428 3201 5484 Latinam
3221 5430 3450 5485 Cononis
3468 5433 3696 5500 pose/ub

2195 5584 2273 5652 (5)
2313 5581 2552 5644 Fabric.,
2586 5581 2729 5634 Bibl.
2761 5579 2853 5639 Gr.
2890 5590 3022 5638 tom.
3066 5581 3129 5645 ιι,
3161 5597 3212 5650 ρ.
3243 5580 3370 5634 271..

2190 5655 2267 5722 (6)
2309 5652 2554 5719 Hieron.,
2583 5654 2619 5706 l.
2651 5668 2698 5706 c.

2193 5726 2268 5798 t7)
2310 5725 2532 5791 Euseb.,
2569 5725 2602 5775 ι.
2640 5738 2686 5776 c.
