3942 6346
255 367 336 422 299
986 368 1042 424 S.
1088 369 1413 427 ANATOL"
1453 326 1927 433 ALEXANDRlNl
1964 376 2193 436 CANON
2229 377 2652 436 PASCIIALIS.‘

3336 385 3447 443 210

251 493 303 545 lis
325 489 601 578 Anatoliani
622 490 830 560 primus
860 491 1027 547 edidit
1053 509 1118 548 ac
1145 494 1468 552 doctissimo
1487 511 1765 553 commeo.
1796 507 1841 562 Α
1871 499 1977 554 rite
2006 502 2344 573 arguendum
2374 503 2642 570 videatur,
2674 504 2883 576 reliqua
2917 506 3119 577 pariter
3158 522 3282 578 qua:
3308 523 3449 578 prae-

251 575 360 633 lsrio
386 576 662 631 illustravit
692 579 758 633 ad
795 578 999 636 calcem
1040 580 1260 639 Victorii
1298 585 1581 656 Aquitani,
1609 586 1763 659 digi—

247 666 343 719 dius
368 664 649 722 Bucherius
678 667 777 737 (8).
817 666 1012 725 Ruﬁno
1041 672 1244 740 passim
1296 675 1559 731 tribuitur
1618 676 1762 733 illius

245 756 435 811 Canonis
450 757 641 821 versio,
667 758 982 817 Eusebiauae
1001 762 1123 832 ejus
1143 764 1384 822 historiae
1406 765 1639 824 forzasse
1665 770 1763 824 ad-

240 847 482 917 iungenda,
511 857 569 904 ut
594 851 817 919 conjicit
862 854 932 909 cl.
973 852 1333 912 Fontaninius
1366 858 1465 929 (9).
1499 857 1763 916 Novimus

241 936 371 998 enim,
396 934 643 992 Ruﬁnum
676 938 896 997 Eusebii
936 941 1295 1002 Caesariensis
1328 946 1623 1003 Historiam
1658 949 1763 1006 La-

242 1031 325 1084 tine
345 1028 545 1099 quidem
580 1031 834 1098 vertisse,
863 1036 958 1091 sed
985 1036 1150 1091 etiam
1195 1036 1575 1109 interpolasse.
1607 1038 1762 1108 Quod

238 1121 279 1175 in
302 1120 466 1191 primis
492 1121 677 1178 videre
708 1132 794 1180 est
827 1125 880 1179 in
911 1126 977 1183 iis
1006 1143 1131 1198 quae
1161 1128 1355 1187 litteris
1399 1131 1620 1188 tradidit
1648 1132 1759 1202 (10)

238 1212 288 1264 de
312 1220 475 1264 sancto
502 1208 768 1281 Gregorio
794 1212 1204 1287 Tbaumaturgo
1235 1236 1251 1273 :
1276 1220 1368 1273 ubi
1400 1229 1595 1290 praeter
1623 1239 1761 1278 non-

239 1300 349 1354 Iulia
372 1302 617 1369 praeclara
648 1302 771 1373 ejus
804 1316 955 1375 gesta
977 1323 1006 1360 a
1036 1306 1302 1379 Gregorio
1335 1308 1579 1382 Nysseno
1604 1328 1763 1368 enar-

237 1393 613 1457 rata,eclebrem
648 1406 907 1466 pmtcrca
952 1398 1125 1468 ipsius
1171 1399 1328 1456 Fidei
1376 1406 1761 1474 expositionem

236 1484 436 1539 intexuit.
459 1484 638 1540 Alium
673 1502 894 1558 quoque
925 1490 1105 1546 locum
1136 1494 1523 1565 interpolatum
1543 1498 1764 1554 adducit

233 1573 420 1630 lacubus
444 1572 700 1633 Usserius
739 1577 874 1647 (11),
910 1589 969 1634 ιιι
996 1580 1247 1638 laudatus
1280 1582 1641 1642 Fontaninius
1668 1588 1763 1641 ad-

235 1666 369 1718 vvrtit.
401 1664 531 1720 Cum
579 1668 767 1739 itaque
795 1668 1027 1728 Cononis
1057 1674 1370 1730 Anatoliani
1418 1678 1639 1749 longum
1669 1695 1763 1734 ex-

234 1764 426 1825 crrptum
471 1757 527 1811 in
574 1772 679 1812 sua
717 1758 962 1815 Historia
988 1764 1267 1821 retulisset
1300 1765 1588 1836 Eusebius,
1626 1769 1765 1825 inte-

1816 658 1817 667 χ
1872 595 2074 650 cedunt
2103 605 2158 651 et
2185 612 2307 667 quae
2334 596 2766 667 subsequuntur,
2796 599 2866 654 ab
2891 600 3081 656 eadem
3115 601 3297 656 Ruﬁni
3330 617 3450 656 mat-

1870 699 1944 740 nu
1975 701 2006 741 e
2031 684 2222 741 Graeco
2255 685 2309 740 in
2340 685 2593 741 Latinum
2624 686 2796 744 luisse
2826 692 3110 746 translata.
3140 690 3297 758 Quod
3332 693 3449 762 qui-

1868 777 1990 831 dem
2044 777 2230 831 mirari
2284 778 2448 841 subit,
2496 777 2846 847 Eucherium,
2873 781 3132 849 Caveum,
3179 783 3446 839 Fontani-

1872 868 2022 922 nium
2054 868 2107 923 in
2137 868 2351 939 primis,
2370 870 2619 941 aliusque
2645 872 2792 927 viros
2821 875 3065 930 eruditos
3092 877 3444 946 praeteriisse.

1942 1002 2118 1072 Atque
2142 1003 2270 1059 hinc
2302 1002 2468 1059 etiam
2496 1004 2627 1060 illud
2656 1007 3008 1063 emolumenti
3036 1010 3266 1078 accedit,
3301 1011 3447 1081 quod

1869 1110 1935 1149 ex
1973 1093 2279 1150 Eusebiano
2329 1106 2588 1168 excerpto
2640 1096 2946 1156 Ruﬁnianae
2990 1101 3260 1157 versionis
3293 1118 3446 1157 com-

1870 1186 2127 1255 probetur
2159 1185 2441 1258 integritas
2472 1207 2488 1244 :
2518 1201 2572 1243 et
2602 1206 2666 1244 ex
2706 1205 2770 1246 ea
2806 1207 3020 1246 rursum
3046 1191 3275 1248 Cononis
3302 1194 3449 1249 Ana-

1870 1277 2062 1333 toliani
2110 1278 2366 1333 αὐθεντία
2418 1281 2809 1349 conﬁrmetur;
2858 1298 3023 1354 quam
3074 1294 3251 1339 tamen
3300 1283 3446 1339 nulla

1871 1371 2119 1427 codicum
2157 1388 2288 1428 mss.
2317 1375 2663 1443 auctoritate,
2691 1377 2856 1432 nullis
2906 1386 3149 1432 veterum
3200 1379 3447 1434 testimo-

1871 1464 1977 1518 niis
2007 1464 2276 1529 adductis,
2310 1467 2568 1538 nullaque
2596 1468 2808 1523 ratione
2856 1469 3086 1533 reddita,
3114 1469 3246 1540 quin
3277 1479 3333 1524 et
3360 1470 3447 1524 in-

1871 1553 1983 1609 vito
2018 1553 2255 1610 Eusebio
2280 1565 2442 1627 atque
2470 1557 2751 1613 obnitente
2777 1557 2995 1626 Ruﬁno,
3024 1558 3240 1613 elevare
3278 1572 3448 1614 ausus

1869 1655 1949 1698 est
1978 1642 2266 1715 Dupinius.
2298 1643 2367 1701 Ut
2389 1647 2519 1701 illud
2552 1648 2640 1703 hic
2661 1648 2998 1714 omittamus,
3031 1650 3283 1704 eumdem
3305 1650 3451 1703 Ana-

1872 1734 1985 1788 tolii
2022 1734 2288 1792 Cononem
2332 1737 2536 1807 passim
2570 1738 2781 1793 laudari
2829 1754 2859 1793 a
2907 1738 3050 1793 Beda
3079 1738 3149 1793 iis
3195 1739 3248 1793 in
3288 1738 3444 1802 locis,

233 1862 345 1916 grum
386 1845 511 1904 illud
557 1848 759 1908 Latine
800 1852 1097 1911 reddiderit
1148 1855 1400 1915 Ruﬁnus.
1426 1826 1616 1932 Neque
1664 1878 1765 1918 nos
1798 1873 1838 1928 Β
1869 1842 1992 1896 quae
2025 1826 2257 1884 inferius
2287 1843 2317 1883 ³
2348 1828 2618 1885 Bucherio
2641 1829 2875 1886 “dum
2906 1830 3091 1887 Videas
3117 1830 3252 1903 (15)·

232 1938 398 1994 demum
427 1939 527 1997 hac
554 1942 624 1998 de
652 1960 714 2001 re
740 1944 991 2003 dubitare
1018 1949 1210 2006 sinunt
1237 1954 1485 2018 omnino,
1515 1970 1637 2027 qum
1664 1957 1761 2011 ha-

231 2030 293 2082 bet
330 2031 457 2086 idem
507 2032 744 2094 Ruﬁnus
775 2038 827 2093 in
856 2054 957 2095 sua
1002 2039 1327 2100 Eusebiauae
1362 2044 1615 2103 Historia:
1645 2065 1763 2104 ver-

1944 1960 2099 2018 llunc
2139 1963 2324 2033 itaque
2350 1964 2523 2020 sancti
2549 1964 2728 2021 Patris
2756 1967 2929 2023 nostri
2953 1968 3250 2037 genuinum
3278 1966 3444 2023 fetum

1870 2053 2190 2110 exhibemus
2218 2070 2286 2110 ex
2313 2065 2567 2113 accurata
2595 2058 2757 2114 unica
2782 2058 3036 2115 Bucherii
3064 2059 3321 2123 edi'tioue,
3352 2058 3447 2112 ad—

228 2121 559 2221 sionc(t2),ad
581 2126 827 2186 Anatolii
860 2130 1130 2189 Cononem
1161 2138 1509 2205 pertinentia.
1535 2139 1591 2195 Si
1612 2143 1762 2198 enim
1865 2143 2027 2215 jectis
2050 2143 2255 2202 Graecis
2286 2145 2605 2206 Eusebianis
2635 2164 2756 2205 cum
2779 2148 2971 2206 Latina
3004 2121 3448 2221 interpretatione

228 2213 622 2307 uentilet-antur
647 2236 779 2276 cum
807 2222 873 2279 iis
901 2240 1023 2293 qua:
1052 2226 1195 2297 apud
1228 2238 1465 2286 veterem
1496 2233 1766 2304 interpre-
1868 2213 2127 2307 notisque
2181 2236 2402 2295 Valesii.
2448 2238 2527 2295 Ad
2583 2240 2698 2297 haec
2750 2242 2960 2298 accedit
3008 2213 3448 2300 Commentarios

226 2307 302 2403 tam
331 2300 728 2403 Bucherianum
761 2308 950 2367 (ich
995 2316 1162 2370 textui
1199 2322 1552 2389 respondent,
1578 2300 1763 2379 omnia
1873 2300 2119 2394 ejusdem
2149 2327 2422 2397 Buclterii,
2454 2346 2565 2403 quo
2595 2331 2779 2390 Conon
2807 2335 3165 2392 Anatolianus
3211 2336 3449 2393 maxime

224 2394 343 2460 plane
368 2394 657 2456 Ruﬁniana
693 2418 817 2460 esse
854 2404 1209 2475 perhibentur
1243 2428 1256 2464 :
1287 2419 1346 2466 ut
1382 2413 1608 2483 proinde
1639 2432 1754 2473 mc-
1877 2417 2201 2475 illustratur.

231 2583 3412 2643 __________________________________

717 2770 843 2898 s.
983 2773 1763 2945 ANATOLII.
1840 2785 2934 2920 ALEXANDRINI

1161 2988 1648 3153 CANON
1714 2998 2505 3164 'PASCHALIS

270 3247 520 3317 Eveteri
574 3269 704 3314 rus.
743 3269 1021 3330 primum
1074 3273 1139 3318 tn
1198 3256 1406 3322 lucem
1452 3260 1669 3401 gditlns
1708 3262 2009 3407 .etsbrein
2075 3272 2533 3334 commentario
2589 3274 2950 3343 illustratus
2994 3280 3073 3341 ab
3116 3280 3370 3361 Egidio

1501 3357 1767 3404 ueterno
1842 3360 1941 3405 oc.
2015 3360 2157 3407 esu.

1501 3357 1767 3404 UCllBI'IO
1799 3357 1941 3406 300.
1978 3357 2131 3408 JOSU
2144 3392 2157 3407 .

216 3640 315 3737 Cl:
341 3642 378 3727 Ι,
412 3645 626 3737 ρειοεηι
654 3665 976 3706 mrorsornnt
1011 3653 1222 3737 circuli.
1257 3655 1533 3737 Hippolyti
1568 3661 1765 3737 cgclus.
1795 3670 1838 3727 C
1874 3679 2072 3719 norum
2115 3663 2381 3722 circulum
2418 3675 2816 3736 computantes,
2859 3684 3137 3737 nunquam
3162 3672 3231 3726 ad
3261 3688 3445 3728 veram

268 3711 501 3837 ﬁerioldus
552 3734 764 3774 LXSMV
825 3740 1106 3781 annorum.
1168 3711 1344 3782 Locus.
1368 3711 1765 3802 'Oth'citifJé

308 3798 530 3837 ωεηιιε-

308 3798 530 3844 ωακιιε.

267 3919 327 3977 De
353 3923 572 3980 ratione
603 3926 971 3985 ordinationis
1002 3939 1309 4002 temporum
1331 3949 1397 3991 ac
1425 3935 1764 3994 vicissitudi-

216 4027 317 4069 num
357 4017 544 4073 mundi
598 4019 828 4083 dicturi,
894 4021 1241 4094 diversorum
1293 4029 1761 4097 computariorum

215 4105 319 4160 scita
343 4122 629 4177 ponemus.
665 4109 769 4177 Qui
810 4111 952 4169 lunzc
987 4117 1371 4173 tantummodo
1404 4133 1571 4174 cursu
1614 4133 1765 4175 com-

218 4206 391 4265 putata,
422 4201 563 4257 solis
592 4216 885 4256 ascensum
909 4204 1348 4279 descensumque
1371 4209 1763 4280 relinquentes,

220 4284 425 4346 dirersos
452 4293 697 4348 circulos
735 4293 951 4366 sibique
990 4299 1330 4367 contrarios,
1378 4312 1435 4357 et
1468 4301 1523 4356 in
1554 4302 1765 4361 calculo

220 4392 331 4436 tm:
380 4385 816 4455 computationis
869 4404 1150 4460 nunquam
1203 4391 1477 4462 inventos,
1535 4395 1765 4466 adjectis

218 4475 506 4541 quibusdam
563 4479 1000 4550 prohlematibus
1032 4522 1050 4549 ,
1120 4494 1581 4555 construxerunt,
1636 4505 1764 4546 cum

218 4576 390 4623 certum
419 4570 512 4637 sit,
530 4571 963 4641 computationis
984 4573 1274 4641 rationem,
1305 4578 1515 4649 absque
1539 4576 1623 4635 his
1646 4596 1766 4634 am-

218 4655 361 4718 bobus
384 4664 549 4719 simul
584 4665 1068 4731 concurrentibus,
1112 4681 1222 4723 non
1245 4683 1369 4724 esse
1403 4671 1760 4739 probandam.

216 4746 323 4806 Nam
349 4764 401 4809 et
430 4756 483 4810 in
510 4757 792 4815 veteribus
825 4758 1255 4827 exemplaribus,
1309 4759 1362 4815 id
1405 4772 1489 4816 est
1522 4760 1764 4819 Hebraeis

212 4842 459 4902 «Graecis
484 4848 896 4916 voluminibus,
934 4864 1044 4903 non
1088 4857 1301 4907 tantum
1332 4852 1477 4909 lunae
1515 4871 1761 4920 cursum,

216 4936 287 4988 sed
312 4942 467 4993 etiam
508 4940 646 4996 solis
679 4956 786 4997 non
822 4941 998 4997 solum
1037 4958 1279 5019 gressus,
1328 4946 1421 5001 sed
1460 4955 1515 5001 et
1547 4947 1763 5017 singula

220 5039 272 5082 ac
303 5030 667 5087 minutissima
713 5033 974 5088 horarum
1049 5048 1322 5092 momenta
1346 5078 1362 5102 ,
1417 5053 1540 5108 qua:
1577 5038 1632 5092 in
1663 5055 1764 5094 suo

221 5129 465 5194 tompore,
502 5140 628 5181 cum
657 5127 796 5181 ratio
828 5129 1163 5199 poposcerit,
1200 5127 1577 5198 proferemus,
1608 5130 1763 5186 inve-

220 5215 369 5274 nimus
396 5229 733 5291 computata.
794 5218 836 5274 E
870 5220 1072 5291 quibus
1114 5219 1433 5293 Hippolytus
1462 5237 1548 5277 xv:
1587 5238 1763 5278 anno-

219 5319 316 5360 rum
356 5310 622 5366 circulum
682 5312 1013 5381 quibusdam
1064 5313 1264 5384 ignotis
1317 5315 1461 5370 luna:
1509 5317 1764 5372 cursibus

218 5400 514 5468 composuit.
548 5402 653 5455 Alli
687 5418 826 5470 xxv,
858 5402 951 5458 alii
988 5420 1116 5472 xu,
1158 5406 1404 5461 nonnulli
1434 5422 1633 5462 uxxw
1661 5423 1762 5463 an-

270 5615 339 5752 g)
376 5617 626 5685 Bucher.,
655 5619 727 5702 De
746 5620 918 5703 doctr.
952 5632 1136 5691 temp.,
1155 5638 1221 5704 .p.
1245 5622 1509 5703 559-449.

324 5688 339 5755 )
377 5686 628 5755 Pontum,
656 5691 797 5746 Htst.
824 5692 993 5747 lttter.
1031 5693 1207 5755 Aquit.
1242 5693 1336 5749 Ιώ.
1363 5711 1414 5755 v,
1447 5712 1496 5751 c.

217 5762 246 5820 p
270 5686 628 5808 (3‘).“Fontauq
656 5691 797 5746 Hist.
824 5692 993 5747 litter.
1031 5686 1207 5763 Aquil.
1242 5693 1336 5749 lib.
1363 5711 1414 5761 v,
1447 5712 1496 5751 c.
1532 5696 1620 5763 15,
1655 5695 1683 5768 §
1714 5697 1760 5765 Ι,

275 5824 374 5898 (ω)
414 5828 613 5895 Ruﬁn.,
652 5832 795 5889 Hist.
824 5835 951 5891 sccl.
992 5831 1188 5890 Euseb.
1230 5834 1324 5889 lib.
1358 5852 1454 5903 vlt,
1487 5850 1535 5892 c.
1562 5835 1650 5893 25.

1868 3752 2093 3810 Pascha:
2132 3755 2490 3827 computandi
2532 3755 2804 3813 rationem
2838 3771 3219 3827 pervenerunt.
3250 3760 3447 3817 Verum

1869 3845 2110 3916 majores
2131 3848 2326 3912 nostri,
2367 3845 2718 3903 Hebraeorum
2751 3856 2804 3904 et
2831 3848 3147 3905 Graecorum
3180 3851 3446 3910 librorum

1866 3938 2180 4008 peritissimi
2203 3938 2518 4011 (lsidorum,
2538 3946 2594 3996 et
2618 3939 3029 4011 Hieronymum,
3045 3940 3445 4000 etClementem

1866 4021 2037 4103 dice),
2072 4031 2199 4089 licet
2225 4031 2514 4090 dissimilia
2540 4032 2813 4089 mensium
2851 4034 3116 4104 principia
3143 4051 3243 4106 pro
3267 4036 3447 4092 diver-

1867 4126 2030 4182 sitate
2057 4125 2257 4197 lingua:
2275 4127 2580 4193 senserint;
2608 4135 2786 4183 tamen
2814 4128 2882 4184 ad
2906 4143 3069 4184 uuam
3092 4129 3449 4200 eamdemque

1870 4216 2093 4276 Pascha:
2121 4219 2487 4277 certissimam
2524 4221 2789 4277 rationem
2808 4264 2823 4286 ,
2862 4222 2950 4278 die
2974 4229 3029 4278 et
3060 4221 3190 4278 luna
3220 4230 3275 4279 et
3311 4231 3447 4280 tein-

1869 4327 2004 4383 pore
2045 4312 2533 4379 convenientibus,
2565 4329 2781 4369 summa
2814 4315 3168 4372 veneratione
3206 4314 3450 4371 Domini-

1871 4421 1947 4462 (τε
2004 4406 2444 4473 resurrectionis,
2504 4418 2920 4465 consenserunt.
2963 4407 3068 4465 Sed
3106 4418 3162 4464 et
3190 4408 3448 4479 Origenes

1870 4499 2116 4553 omnium
2150 4497 2592 4564 eruditissimus,
2627 4510 2679 4554 et
2710 4499 2903 4555 calculi
2938 4497 3298 4569 componendi
3326 4513 3450 4569 per-

1870 4590 2283 4662 spicacissimus
2312 4592 2535 4663 (quippe
2560 4592 2654 4663 qui
2681 4600 2737 4647 et
2762 4591 3062 4663 χαλκευτής
3080 4590 3349 4662 vocatus),
3382 4591 3447 4645 li-

1870 4683 2073 4739 bellum
2123 4683 2202 4740 De
2249 4683 2460 4739 Pascha
2508 4682 2938 4739 luculentissime
2973 4681 3161 4739 edidit.
3224 4681 3284 4737 In
3336 4697 3448 4754 quo

1868 4772 2206 4831 annuntians
2225 4777 2294 4832 de
2326 4777 2418 4833 die
2445 4775 2688 4843 Pascha,
2713 4789 2822 4829 non
2846 4774 3024 4830 solum
3057 4773 3199 4831 lunm
3223 4789 3444 4831 cursum

1868 4876 1922 4922 et
1959 4867 2273 4938 aequinoctii
2319 4869 2609 4925 transitum
2651 4867 2995 4926 intuendum.
3061 4866 3157 4921 sed
3212 4873 3269 4922 et
3316 4866 3447 4922 solis

1870 4968 2275 5025 transcensum,
2324 4962 2570 5018 omnium
2616 4969 2966 5023 tenebrarum
3015 4975 3184 5020 tetras
3223 4960 3450 5017 insidias

1872 5062 1928 5107 et
1957 5052 2285 5108 oﬁ‘endicula
2324 5055 2647 5123 aul‘erentis,
2691 5065 2745 5111 et
2781 5056 2922 5111 lucis
2955 5055 3245 5111 adventum
3279 5069 3343 5109 ac
3366 5062 3449 5108 to-

1872 5147 1982 5200 tius
2011 5145 2197 5200 mundi
2233 5146 2628 5202 elementorum
2664 5150 2923 5205 virtutem
2952 5157 3005 5204 et
3029 5146 3446 5217 inspirationem

1874 5236 2171 5303 aﬁerentis,
2217 5254 2341 5295 esse
2371 5238 2701 5294 servandum
2724 5281 2741 5307 ,
2774 5240 2848 5295 ita
2882 5240 3010 5295 dicit
3050 5258 3066 5295 :
3112 5238 3180 5292 In
3211 5238 3331 5301 die,
3366 5237 3448 5290 in-

1872 5329 2010 5399 quit,
2065 5328 2288 5386 Pascltot
2326 5347 2430 5385 non
2467 5332 2586 5386 dico
2615 5332 2999 5387 obseruandum
3027 5340 3087 5385 ut
3126 5330 3237 5384 dies
3268 5328 3449 5383 Domi-

1872 5424 2329 5489 nicoinvcniotur,
2358 5433 2409 5479 et
2447 5425 2586 5479 luna:
2616 5441 2691 5479 vn
2724 5426 2837 5497 (li)
2865 5425 2975 5479 dies
3008 5422 3336 5488 transeundi,
3358 5419 3448 5474 sed

1942 5623 2055 5694 (11)
2097 5621 2307 5687 Usser.,
2346 5623 2497 5694 Synt.
2525 5625 2587 5676 de
2614 5622 2765 5678 LXX
2796 5622 3019 5691 Interp.,
3047 5635 3097 5675 c.
3134 5636 3188 5685 ν,
3216 5634 3271 5694 p3
3301 5620 3385 5677 50.

1940 5691 2055 5760 (12)
2098 5694 2304 5758 Ruﬁu.,
2336 5691 2480 5750 Hist.
2516 5697 2641 5748 ecrl.
2673 5695 2869 5749 Euseb.
2905 5694 2998 5746 lib.
3029 5707 3125 5753 vlt.
3157 5707 3209 5747 c.
3239 5691 3330 5747 ‘28.

1941 5764 2050 5834 (15)
2092 5764 2212 5820 Vid.
2244 5765 2370 5820 inl‘r.
2406 5767 2510 5819 col.
2544 5767 2670 5821 92L

1939 5836 2051 5905 (14)
2084 5836 2246 5891 Luna:
2276 5852 2369 5892 vn.
2404 5836 2564 5891 Forte
2596 5837 2735 5913 (una;
2767 5851 2877 5890 xtv.
2926 5833 3163 5889 Bucnstt.
