3986 6358
437 399 538 455 2H

1586 397 1644 450 S.
1683 393 2008 449 ANATOLII
2053 391 2518 448 ALEXANDRINI

3584 391 3692 446 ΞΙΞ

441 533 499 576 ιιι
527 521 608 577 sol
638 519 947 588 divisionem
975 517 1128 570 illam
1155 557 1170 580 ,
1206 517 1340 572 lucis
1365 516 1564 570 scilicet
1589 527 1637 570 et
1669 517 2019 582 tenebrarum,
2055 523 2092 574 Α
2123 515 2447 570 credendum
2471 520 2634 576 esset,
2661 512 2764 566 nisi
2789 511 3083 582 jactantiae,
3106 520 3180 576 et,
3202 520 3262 567 ut
3283 512 3465 569 verius
3488 512 3692 577 dicam,

441 611 498 664 in
542 609 759 666 exordio
807 608 1022 670 mundi,
1059 606 1272 659 Domini
1314 608 1701 677 dispensatione
1748 606 2020 675 mqualiter

442 703 825 772 compositam,
878 699 1254 764 transcendat;
1318 709 1369 753 et
1415 702 1478 753 ab
1518 717 1626 754 una
1674 701 1729 752 in
1782 702 1937 761 duas,
1978 717 2010 751 a

442 793 649 847 duabus
690 793 746 845 in
787 799 912 855 tres,
954 806 987 843 a
1023 790 1191 846 tribus
1227 791 1286 843 in
1309 800 1573 860 quatuor,
1607 807 1639 843 a
1683 799 1911 860 quatuor
1960 789 2015 841 in

444 885 695 953 quinque,
729 899 762 935 a
782 882 1007 952 quinque
1035 882 1092 934 in
1119 898 1209 935 sea:
1234 881 1414 946 horas,
1435 881 1550 934 luce
1575 882 1630 935 in
1643 881 1772 935 solis
1800 897 2020 934 ascensu

442 983 723 1038 crescente,
753 972 976 1028 tenebrat
1021 973 1348 1026 decrescant.
1389 991 1421 1026 a
1458 974 1642 1045 (15)...
1694 982 1745 1026 et
1790 973 2023 1026 vicesimi

443 1068 648 1122 numeri
697 1066 993 1136 adjectione
1035 1065 1324 1135 completa,
1373 1083 1449 1119 xu
1491 1076 1666 1135 partes
1711 1066 1766 1118 in
1804 1081 1908 1118 uno
1942 1081 2022 1116 eo-

441 1162 659 1230 demque
689 1160 776 1213 die
796 1158 1159 1228 suppleantur.
1197 1155 1304 1212 Sed
1333 1167 1384 1211 et
1403 1172 1524 1227 ego,
1555 1157 1599 1210 si
1627 1155 1832 1225 aliquid
1865 1155 2019 1210 stilli-

441 1252 569 1307 cidii
607 1294 622 1319 ,
681 1261 806 1323 post
849 1251 1214 1322 quorumdam
1274 1250 1630 1304 exuberantia
1693 1248 2017 1317 eloquentiae

443 1347 789 1414 scientireque
817 1345 1040 1400 ﬂumina
1065 1387 1079 1410 ,
1115 1353 1415 1399 tentassem
1446 1342 1679 1404 inferre;
1711 1342 1838 1411 quid
1870 1339 2016 1394 aliud

2125 605 2409 660 dementiae
2437 604 2504 657 ab
2549 603 2805 656 omnibus
2829 617 2952 657 esse
2982 600 3388 668 aseribendum,
3436 603 3542 657 nisi
3591 617 3694 656 uos

2126 697 2400 766 paulisper
2433 695 2743 750 orationum
2786 703 3005 748 tuarum
3031 694 3392 764 pollicitarum
3429 694 3699 748 animaret

2127 787 2432 840 auxilium?
2477 785 2604 856 quia
2638 785 2912 839 credimus
2947 786 3180 840 orationi
3219 800 3283 840 ac
3311 785 3433 840 ﬁdei
3471 793 3576 839 tuae
3614 785 3703 838 ni-

2103 865 2343 935 hilesse
2377 877 2731 947 impossibile.
2773 876 2889 943 Qua
2920 877 3244 932 conﬁdentia
3277 877 3540 939 roborati,
3568 891 3701 945 pro-

2128 971 2514 1027 fundissimum
2543 968 2956 1024 obscurissimae
2981 969 3404 1038 computationis
3423 976 3476 1022 et
3499 967 3703 1036 impro-

2126 1065 2303 1118 visum
2340 1063 2584 1132 pelagus,
2619 1061 3074 1131 consurgentihus
3103 1060 3344 1130 undique
3379 1058 3700 1138 quaestioni-

2126 1157 2228 1210 hus
2263 1171 2326 1210 ac
2346 1154 2774 1224 problematibus
2797 1153 3303 1218 intumescentibus,
3325 1151 3701 1222 ingrediemur

2122 1247 2446 1302 verecundia
2480 1253 2815 1315 contempta.

1584 1459 1648 1515 ll.
1695 1461 1766 1514 De
1790 1456 2057 1511 nooilunio
2089 1451 2248 1520 primi
2277 1449 2489 1503 mensis.

511 1555 612 1612 Est
633 1571 766 1626 ergo
805 1572 860 1609 tn
897 1572 1074 1626 primo
1122 1569 1268 1610 anno
1314 1554 1530 1608 initium
1580 1552 1743 1622 primi
1777 1551 2009 1612 mensis,

442 1649 589 1719 quod
607 1658 690 1704 est
715 1665 806 1702 xIx
823 1663 1089 1704 annorum
1107 1646 1300 1702 circuli
1319 1646 1678 1716 principium;
1711 1643 2010 1699 secundum

2190 1543 2343 1612 Ἔχει
2370 1541 2549 1594 τοίνυν
2582 1539 2692 1608 (Π)
2724 1542 2781 1593 ὲν
2808 1538 2886 1609 τῷ
2915 1537 3115 1610 πρώτῳ
3141 1538 3249 1592 ἔτει
3270 1538 3368 1610 τὴν
3398 1538 3700 1610 νουμηνίαν

2115 1635 2210 1689 τοῦ
2237 1633 2452 1705 πρώτου
2487 1633 2676 1704 μηνὸς,
2707 1633 2830 1702 ἥτις
2866 1633 3083 1702 ἁπάσης
3110 1632 3255 1685 ἐστὶν
3289 1633 3430 1704 ἀρχὴ
3482 1633 3580 1704 τῆς
3613 1636 3700 1686 ὲν-

443 1714 730 1810 Ᾱῐεγριίοε
791 1737 1011 1806 quidem
1065 1736 1271 1800 mensis
1317 1714 1656 1788 Phamenoth
1715 1749 1840 1788 xxvi
1889 1732 2010 1797 die;

2132 1724 2686 1796 θεακαιδεκαετηρίδος
2711 1741 2723 1753 ·
2765 1727 2832 1795 τῇ
2870 1725 2987 1778 κατ’
3025 1723 3350 1792 Αιγυπτίους
3379 1725 3473 1794 μὲν
3517 1725 3701 1794 Φαμε-

439 1829 594 1898 juxta
634 1827 957 1883 Macedones
988 1842 1116 1883 vero
1160 1825 1339 1898 Dystr-i
1376 1825 1581 1880 mensis
1622 1840 1737 1878 χιιι
1775 1823 1894 1886 die;
1929 1838 2014 1877 se-

442 1921 680 1976 cundum
714 1919 992 1974 Romanos
1023 1934 1147 1973 veno
1190 1918 1367 1972 Martii
1397 1917 1600 1972 mensis
1634 1933 1769 1971 χχιιι
1795 1956 1810 1979 ,
1853 1917 1906 1971 id
1933 1927 2016 1972 est

441 2027 535 2066 νιιι
571 2011 843 2066 Kalendas
887 2009 1000 2080 (16)
1042 2009 1268 2079 Aprilis.
1314 2010 1372 2064 ln
1417 2025 1522 2079 qua
1559 2008 1645 2064 die
1675 2023 1784 2062 non
1837 2008 2012 2063 solum

443 2103 720 2158 invenitur
747 2103 828 2158 sol
855 2102 1241 2158 conscendisse
1274 2101 1506 2172 primam
1533 2111 1742 2170 partem
1769 2141 1784 2165 ,
1817 2115 2008 2154 verum

440 2196 605 2250 etiam
631 2195 894 2266 quadram
935 2194 1119 2248 lunam
1157 2193 1286 2264 (lege
1329 2200 1580 2263 quartam
1615 2192 1781 2263 diem)
1804 2192 1917 2262 jam
1954 2193 2007 2246 in

441 2301 508 2340 ea
543 2286 630 2340 die
666 2286 902 2351 habere,
945 2285 1000 2340 id
1032 2297 1117 2340 est
1184 2285 1239 2339 in
1270 2284 1447 2354 prima
1474 2300 1539 2340 ex
1576 2284 1862 2340 duodecim
1894 2301 2010 2354 par-

441 2377 610 2432 tibus.
641 2373 766 2430 Haac
791 2385 971 2429 autem
1007 2374 1271 2444 particula
1303 2375 1475 2443 prima
1497 2389 1563 2428 ex
1589 2390 1660 2428 ιιι
1691 2375 1909 2428 vernale
1927 2384 2011 2429 est

440 2467 862 2537 aequinoctium;
895 2475 946 2520 et
989 2466 1105 2535 ipsa
1134 2475 1218 2520 est
1245 2466 1460 2520 initium
1497 2465 1788 2531 mensium,
1825 2477 1879 2519 et
1919 2481 2012 2520 ca-

440 2570 539 2631 put
569 2559 780 2626 circuli,
811 2567 864 2613 et
897 2557 1168 2613 absolutio
1206 2573 1402 2612 cursus
1428 2557 1727 2622 stellarum,
1756 2573 1876 2627 quae
1898 2557 2013 2626 pla-

441 2660 602 2720 netae,
641 2651 694 2706 id
731 2659 812 2705 est
835 2665 1004 2721 vagae,
1036 2649 1317 2712 dicuntur,
1342 2665 1406 2702 ac
1441 2647 1567 2703 ﬁnis
1603 2663 1678 2702 χιι
1714 2648 2010 2717 particulae,

441 2755 496 2800 et
538 2745 706 2800 totius
739 2743 930 2798 circuli
973 2742 1260 2797 terminus.
1308 2739 1375 2794 Et
1421 2741 1544 2796 ideo
1584 2741 1855 2804 dicimus,
1905 2754 2012 2792 non

442 2853 636 2908 parum
667 2836 982 2906 delinquere
1021 2851 1149 2899 eos,
1197 2835 1292 2904 qui
1335 2843 1460 2888 ante
1497 2833 1600 2886 hoc
1643 2832 1859 2887 initium
1886 2832 2014 2886 novi

442 2929 569 2983 anni
605 2928 814 2984 Pascha
857 2936 1049 2997 putant
1088 2943 1209 2982 esse
1248 2924 1656 2981 celebrandum.

2118 1816 2225 1870 νὼθ
2262 1816 2370 1888 (18)
2400 1815 2539 1888 ἕκτῃ
2569 1817 2664 1870 καὶ
2692 1816 2887 1880 εἰκάδι,
2936 1815 3076 1870 κατὰ
3126 1816 3182 1868 δὲ
3212 1815 3338 1880 τοὺς
3370 1815 3702 1870 Μακεδόνων

2121 1907 2319 1978 μῆνας,
2348 1905 2588 1977 Δύστρου
2619 1904 2849 1977 δευτέρᾳ
2878 1906 2970 1958 καὶ
3002 1905 3195 1958 εἰκάδιο
3225 1905 3302 1969 ὼς
3327 1905 3372 1958 δ’
3401 1905 3469 1959 ἂν
3490 1905 3702 1959 εἴποιεν

2129 1999 2410 2069 Ῥωμαῖοι,
2431 1997 2538 2070 πρὸ
2564 1997 2757 2052 ἕνδεκα
2778 1997 3067 2051 Καλανδῶν
3096 1997 3403 2068 Ἀπριλῐων.
3439 1998 3703 2070 Εὑρίσκε-

2115 2107 2205 2143 ται
2232 2089 2288 2142 δὲ
2315 2091 2342 2143 ὁ
2369 2089 2518 2160 ἥλιος
2540 2090 2597 2142 ὲν
2650 2091 2717 2161 τῇ
2752 2089 3085 2161 προκειμένῃ
3127 2089 3388 2161 Φαμενὼθ
3418 2090 3550 2162 ἕκτῃ
3599 2087 3704 2145 καὶ

2118 2180 2293 2234 εἰκάδι
2327 2181 2388 2233 οὐ
2424 2179 2584 2250 μόνον
2618 2179 2814 2242 ἐπιϐὰς
2843 2181 2940 2233 τοῦ
2975 2178 3193 2250 πρώτου
3242 2181 3548 2251 τμήματος,
3579 2180 3701 2234 ἀλλ’

2114 2270 2213 2342 ἤδη
2249 2271 2343 2324 καὶ
2365 2271 2628 2342 τετάρτην
2679 2269 2891 2341 ἡμέραν
2947 2272 3004 2322 ἐν
3031 2268 3178 2340 αὐτῷ
3219 2269 3702 2342 διαπορευόμενος.

2116 2361 2285 2416 Τοῦτο
2313 2361 2368 2414 δὲ
2398 2361 2458 2413 τὸ
2480 2363 2694 2432 τμῆμα,
2725 2361 2940 2432 πρῶτον
2961 2361 3430 2432 δωδεκατημόριον
3458 2363 3552 2414 καὶ
3580 2363 3702 2432 ἰσηο

2119 2455 2356 2526 μερινὸν,
2379 2454 2470 2507 καὶ
2501 2453 2684 2524 μηνῶν
2710 2453 2905 2524 ἀρχὴν,
2947 2455 3039 2507 καὶ
3084 2453 3323 2524 κεφαλὴν
3356 2453 3448 2506 τοῦ
3471 2453 3698 2518 κύκλου,

2117 2547 2211 2600 καὶ⁸
2238 2547 2428 2615 ἄφεσιν
2459 2545 2568 2616 (19)
2593 2543 2687 2597 τοῦ
2711 2545 2818 2598 τῶν
2841 2544 3123 2617 πλανητῶν
3147 2545 3343 2617 δρόμου
3367 2545 3549 2598 καλεῖν
3574 2544 3702 2598 εἰώ-

2119 2635 2244 2690 θασι
2265 2655 2278 2668 ·
2313 2637 2375 2689 τὸ
2403 2636 2460 2690 δὲ
2493 2635 2598 2708 πρὸ
2625 2635 2836 2702 τούτου,
2873 2635 3056 2708 μηνῶν
3101 2635 3324 2706 ἔσχατον
3357 2635 3452 2689 καὶ
3503 2636 3704 2706 τμῆμα

2119 2725 2417 2779 δωδέκατον
2446 2727 2540 2778 καὶ
2565 2726 2871 2780 τελευταῖον
2897 2726 3385 2798 δωδεκατημόριον,
3431 2727 3523 2779 καὶ
3545 2725 3705 2789 τέλος

2123 2817 2223 2886 τῆς
2255 2817 2364 2871 τῶν
2392 2816 2682 2888 πλανητῶν
2713 2817 2980 2890 περιόδου.
3014 2817 3103 2870 Διὸ
3146 2819 3240 2871 καὶ
3276 2818 3400 2881 τοὺς
3439 2819 3498 2870 ὲν
3549 2816 3705 2888 αὐτῷ

2119 2909 2431 2980 τιθεμένους
2462 2909 2555 2963 τὸν
2579 2909 2792 2982 πρῶτον
2825 2909 2992 2980 μῆνα,
3025 2909 3118 2963 καὶ
3170 2909 3266 2979 τὴν
3305 2925 3704 2979 τεσσαρεσκαι-

2120 2996 2350 3067 δεκάτην
2406 2995 2502 3050 τοῦ
2541 2998 2734 3068 Πάσχα
2781 3000 2902 3051 κατ’
2926 2999 3096 3070 αὐτὴν
3141 2997 3512 3068 λαμϐάνοντας
3563 2999 3701 3072 (‘20),

2123 3089 2184 3141 οὐ
2217 3089 2425 3160 μικρῶς
2452 3089 2558 3141 οὐδ’
2588 3089 2663 3155 ὡς
2689 3089 2878 3160 ἔτυχεν
2900 3091 3233 3161 ἁμαρτάνειν
3257 3093 3452 3162 φαμέν.

1553 3183 1638 3238 l'll.
1684 3185 2030 3253 Antiquorum
2062 3182 2374 3238 Iudaeorum
2404 3185 2602 3254 opinio.

517 3281 620 3336 Sed
645 3297 743 3335 nec
773 3297 802 3334 a
833 3282 991 3336 nobis
1022 3283 1210 3352 primis
1237 3282 1516 3337 exordium
1533 3281 1824 3334 sumithzec
1848 3281 1984 3334 ratio
2011 3298 2018 3333 ε

2206 3281 2361 3334 Ἔστι
2388 3282 2434 3334 δ’
2460 3281 2557 3353 οὐχ
2588 3281 2854 3353 ἡμέτερος
2877 3276 3028 3346 οὗτος
3055 3283 3083 3333 ὁ
3104 3281 3258 3349 λόγος
3280 3297 3294 3310 ·
3349 3279 3619 3344 Ἰουδαίοις
3640 3279 3711 3333 δὲ

444 3374 691 3443 antiquis
711 3372 737 3426 ,1
747 3372 914 3427 udaais
933 3373 1103 3428 fuisse
1125 3373 1476 3441 comprobata
1494 3381 2024 3426 monstraturetante

458 3465 754 3520 adventum
792 3463 996 3520 Christi
1028 3465 1334 3519 observata.
1385 3462 1537 3517 Sicut
1567 3463 1842 3518 evidenter
1866 3463 2025 3516 docet

2129 3372 2458 3441 ἐγινώσκετο
2488 3375 2601 3439 τοῖς
2627 3374 2793 3427 πάλαι
2823 3375 2915 3428 καὶ
2944 3374 3050 3449 πρὸ
3072 3371 3305 3443 Χριστοῦ
3329 3389 3343 3404 ο
3375 3372 3712 3442 ἐφυλάττετᾶ

2128 3481 2186 3517 τε
2215 3465 2349 3537 πρὸς
2380 3465 2558 3520 αὐτῶν
2591 3466 2701 3538 (21)
2737 3466 2989 3537 μάλιστα.
3015 3467 3220 3520 Μαθεῖν
3247 3466 3290 3518 δ’
3321 3465 3464 3518 ἐστιν
3503 3465 3567 3517 ὲκ
3589 3463 3713 3518 τῶν

1638 3605 1719 3665 II.
1773 3603 1996 3664 Valcsii
2024 3605 2488 3682 interpretatio.

515 3699 580 3756 ll.
617 3699 816 3757 Habes
846 3703 1009 3777 igitur
1042 3705 1096 3758 in
1128 3706 1306 3777 mimo
1326 3719 1478 3777 anno
1507 3703 1846 3777 novilunium
1893 3703 2054 3777 primi
2085 3707 2324 3772 mensis,
2371 3707 2519 3777 quod
2565 3717 2727 3776 caput
2756 3717 2838 3762 est
2884 3707 3051 3761 totius
3094 3706 3288 3777 circuli
3321 3704 3701 3760 novemdecim

443 3787 713 3852 annorum
745 3791 761 3828 :
792 3775 1091 3852 secundum
1119 3773 1651 3852 Atigxptiosquidem
1677 3774 1762 3828 die
1784 3774 2042 3852 vicesima
2071 3785 2228 3852 sexta
2261 3773 2464 3832 mensis
2506 3773 2845 3852 Phainenoth
2870 3796 2884 3843 ;
2910 3847 2919 3852 Α
2929 3779 3084 3846 juxta
3109 3775 3433 3852 Macedones
3457 3790 3588 3852 vero
3613 3777 3709 3852 die

443 3842 707 3923 vicesimno
744 3846 983 3923 secundo
1011 3842 1469 3923 mensis'Dystri,’_
1487 3854 1546 3898 ut
1572 3854 1767 3923 autem.
1787 3843 2018 3898 Romani
2058 3847 2339 3923 dicerent,
2387 3857 2516 3923 ante
2549 3849 2690 3923 diem
2728 3842 3080 3923 undecimum
3125 3845 3492 3923 Kalendarum
3529 3844 3704 3923 Apri-

443 3913 599 3966 lium.
651 3912 820 3970 Porro
860 3915 914 3969 in
946 3915 1256 3986 supradicta
1292 3912 1378 3972 die
1423 3916 1680 3971 vicesima
1725 3924 1880 3970 sexta
1913 3918 2117 3971 mensis
2160 3916 2500 3974 Phamenoth
2523 3959 2536 3984 ,
2579 3919 2661 3973 sol
2695 3917 2964 3986 reperitur
3008 3932 3116 3971 non
3150 3917 3311 3971 modo
3342 3912 3594 3984 primum
3614 3917 3707 3968 in-

443 3995 1060 4064 gressussegmentum.
1089 4001 1278 4040 verum
1311 3988 1475 4064 etiam
1507 3995 1762 4064 quartum
1793 3989 1845 4040 in
1876 4002 1940 4039 ea
1986 3988 2127 4040 diem
2165 4003 2516 4064 percurrens.
2570 3988 2723 4042 Hanc
2765 3997 2972 4056 partem
3013 3989 3249 4064 primum
3307 3987 3698 4040 dodecatemo-

442 4055 694 4126 rium,_et
721 4055 1147 4123 aequinoctium;
1174 4065 1231 4112 et
1268 4055 1541 4112 mensium
1585 4058 1824 4119 initium,
1859 4067 1914 4110 et
1943 4066 2106 4126 caput
2136 4055 2324 4112 circuli
2350 4099 2363 4122 ,
2415 4069 2467 4113 et
2499 4075 2750 4113 carceres
2767 4055 2977 4112 cursus
3008 4055 3348 4126 planetarum
3388 4070 3582 4126 vocare
3610 4069 3707 4108 so-

443 4121 576 4198 lent.
611 4122 744 4189 Qua;
775 4121 906 4198 vero
933 4126 1073 4181 hanc
1109 4121 1313 4198 partem
1338 4128 1920 4198 proximeianteccdit,
1962 4121 2087 4182 ﬁnis
2119 4121 2506 4198 mensiumtet
2539 4137 2878 4198 segmentum
2914 4121 3321 4188 duodecimum,
3358 4134 3414 4180 et
3447 4125 3704 4198 ultimum

454 4193 955 4247 dodecatemorium
989 4235 1003 4259 ,
1050 4193 1403 4266 etitermin'us
1435 4197 1695 4250 circuitus
1733 4198 2068 4265 planetarum
2117 4207 2361 4253 vocatur.
2413 4193 2804 4263 Quamobrem,
2849 4197 2940 4266 qui
2998 4199 3233 4266 primum
3267 4211 3509 4250 mensem
3547 4196 3600 4248 in
3637 4209 3708 4253 ea

454 4269 723 4328 statuunt,
746 4271 800 4317 et
824 4271 1074 4332 quartam
1105 4265 1370 4320 decimam
1403 4267 1675 4334 paschalis
1701 4266 1824 4320 festi
1863 4283 1929 4320 ex
1958 4283 2024 4322 ea
2051 4267 2345 4334 deducunt,
2375 4283 2470 4322 eos
2506 4283 2614 4321 non
2648 4265 3200 4322 mediocriter’errare
3227 4267 3580 4320 allirmamus.

526 4355 618 4410 lll.
652 4357 972 4433 Atquehaec
997 4359 1325 4433 Opinione!)
1353 4375 1389 4433 a
1419 4361 1577 4415 nobis
1611 4362 1844 4430 primum
1879 4364 2186 4433 chOgitata
2227 4371 2343 4430 est;
2372 4362 2466 4417 sed
2500 4379 2528 4416 a
2560 4361 2753 4433 priscis
2794 4359 2996 4416 Iudaeis
3021 4361 3191 4433 etiam
3221 4371 3344 4414 ante
3371 4358 3572 4433 Christi
3603 4357 3706 4413 ad-

445 4439 667 4482 ventum
699 4431 947 4502 cognita,
985 4439 1040 4484 et
1080 4431 1148 4484 ab
1178 4431 1244 4502 iis
1271 4432 1557 4500 diligenter
1581 4429 1871 4487 observata
1909 4429 2221 4502 estfldque
2251 4429 2335 4486 ex,
2357 4429 2622 4496 Philonis,
2666 4431 2887 4500 Josephi
2918 4447 2982 4486 ac
3020 4431 3205 4486 Μειεωὶ
3243 4432 3422 4502 verbis
3447 4429 3572 4502 licet
3601 4443 3673 4482 co

445 4511 732 4565 gnoscere.
764 4499 954 4570 Neque
979 4516 1045 4555 ex
1079 4502 1166 4555 bis
1209 4499 1495 4566 duntaxat,
1538 4517 1724 4558 verum
1767 4503 1928 4558 etiam
1956 4519 2022 4558 ex
2055 4499 2177 4560 aliis
2215 4504 2618 4574 antiquioribus
2653 4521 2667 4557 :
2697 4499 2910 4557 duobus
2938 4503 3146 4557 scilicet
3171 4499 3551 4572 Agathobulis,
3591 4514 3670 4568 qu

515 4707 628 4777 (l5)
665 4707 703 4759 Α
745 4747 759 4760 .
801 4745 865 4781 ._.
905 4747 916 4759 .
961 4708 1018 4760 In
1045 4723 1144 4760 ms.
1175 4715 1295 4760 erat
1323 4723 1462 4760 accc.
1500 4705 1693 4762 Nescio
1725 4723 1793 4761 an
1828 4708 1918 4770 sit,
1960 4724 2021 4762 ac
2054 4713 2098 4767 D
2127 4710 2360 4781 gendum
2397 4719 2480 4764 cst
2510 4712 2599 4780 τῇ.
2630 4719 2689 4763 ιιι
2725 4708 3008 4781 sequentia
3037 4707 3430 4781 demonstrant.
3463 4705 3704 4763 Bccnen.

445 4794 526 4831 cc.
562 4794 630 4830 an
667 4795 728 4829 ac
758 4795 804 4829 c.
835 4778 1067 4832 Bucuen.

519 4848 630 4918 (l6)
664 4845 730 4899 Id
757 4857 832 4900 est
866 4864 960 4901 vm
988 4846 1280 4900 Kalendas.
1317 4846 1392 4901 lta
1416 4862 1670 4916 expresse
1698 4863 1800 4902 ms.
1830 4849 2022 4914 codex,

445 4917 572 4972 licet
594 4918 947 4989 conformiter
967 4919 1032 4971 ad
1061 4919 1426 4986 praecedentes
1445 4935 1703 4974 numeros
1735 4919 2023 4989 legendum

445 4997 592 5072 esset
620 5003 696 5112 XII.
752 4985 928 5042 Credo
978 4985 1101 5043 esse
1140 5003 1329 5042 verum
1380 4991 1587 5058 antiqui
1634 4985 1816 5044 textus
1858 4991 2025 5044 vesti-

446 5072 613 5112 anim.
671 5074 724 5111 υ.

484 5072 613 5112 IIII“~
650 5072 724 5112 ID.

446 5075 827 5200 guzitnjfgixet
855 5127 1084 5200 τοίνυν.
1110 5125 1232 5200 llic
1264 5129 1544 5185 subaudiri
1593 5129 1798 5199 aliquid
1849 5128 2025 5182 mani-

448 5196 646 5254 festum
698 5208 801 5270 est.
844 5196 1379 5270 Christophorsonus
1417 5200 1637 5270 quidem
1691 5196 1890 5255 l'estum
1932 5216 2028 5269 pa-

448 5270 632 5341 schale
677 5267 958 5341 subaudiri
989 5269 1355 5341 existimavit;
1395 5267 1542 5341 quod
1588 5282 1672 5325 est
1707 5267 2026 5324 absurdum.

447 5336 636 5408 Neque
680 5337 823 5410 enim
867 5337 1074 5408 Pascha
1110 5339 1302 5392 incidit
1353 5336 1426 5393 in'
1465 5342 1805 5395 novilunium
1867 5341 2028 5410 primi

449 5411 677 5482 mensis.
707 5408 820 5482 Ergo
845 5423 976 5482 vero
1004 5410 1258 5482 existimo
1299 5411 1646 5482 scribendum
1695 5427 1818 5482 esse
1848 5408 2023 5482 ἔχειςε

449 5481 532 5550 vel
569 5487 712 5535 certe
745 5479 833 5550 έχε
863 5479 915 5530 in
963 5479 1305 5548 imperativo.
1361 5479 1558 5536 νΑιΕε.
1584 5511 1653 5546 τ
1678 5479 2031 5536 Grreca'hzec

447 5549 776 5604 Anatoliana
810 5550 1045 5605 servavit
1068 5550 1228 5603 nobis
1261 5550 1530 5605 Eusebius
1573 5551 1720 5607 Hist.
1772 5552 1899 5606 eccl.
1933 5553 2028 5607 lib.

448 5634 548 5692 vn,
569 5636 700 5692 cap.
735 5609 824 5674 δὲ.
858 5618 928 5672 Ea
959 5619 1204 5674 sistimus
1241 5621 1381 5675 inter
1406 5630 1647 5692 veterem
1680 5623 2028 5692 interpretem

449 5688 876 5751 Bucherianum,
912 5699 968 5743 et
1007 5693 1366 5744 recentiorem
1406 5689 1707 5745 Valesium.

522 5758 753 5830 (18)]{1
789 5761 1308 5830 κατ’γΛὶγυπτίους
1329 5759 1446 5830 μὲν
1475 5761 1775 5830 (Paper-0'16.
1814 5760 1870 5815 In
1905 5763 2025 5818 cod.

452 5828 622 5896 ﬂed,
653 5828 789 5886 Fuk.
837 5840 889 5885 et
915 5828 1115 5888 Mazar.
1150 5828 1346 5902 legitur
1374 5834 1490 5904 τήν.
1529 5828 1634 5889 Sed
1683 5834 1906 5890 omnino
1953 5835 2029 5890 le-

2199 4780 2312 4849 (l9)
2338 4781 2448 4833 Kal
2475 4766 2696 4849 ἅςὸὲονιν
2725 4766 2832 4832 τοῦ
2862 4777 3106 4846 δρόμου.
3159 4777 3310 4830 Hanc
3340 4792 3545 4849 _vocem
3595 4795 3709 4834 non

2130 4847 2877 4918 intellexeront‘inter-pretes.
2902 4849 3127 4918 Ἀφεσις
3169 4847 3383 4915 proprie
3415 4857 3498 4899 est
3523 4857 3711 4904 trans-

2129 4936 2268 4976 enna
2297 4961 2312 4986 ,
2341 4937 2405 4975 ex
2437 4937 2543 4990 qua
2582 4923 2903 4990 emittuntur
2935 4919 3233 4990 quadriga,
3276 4925 3520 4990 ιιι-πίθοιο
3541 4929 3710 4990 nota-

2133 4994 2210 5045 vit
2238 4985 2478 5061 Scaliger
2500 4991 2552 5043 in
2585 4991 2727 5045 notis
2760 4989 2825 5042 ad
2854 4985 3278 5061 Manilium'pag.
3309 4987 3430 5040 126.
3463 4985 3708 5061 Primum

2129 5061 2292 5132 igitur
2324 5057 3146 5132 dodecatemorium‘vocabatur
3173 5057 3393 5125 ἄφεσις,
3442 5059 3586 5132 quod
3640 5060 3711 5114 ab

2134 5127 2228 5185 illo
2263 5139 2522 5200 tanquam
2551 5146 2581 5183 a
2611 5129 2926 5185 carceribus
2952 5128 3216 5200 inciperet
3238 5143 3432 5200 cursus
3459 5127 3710 5200 planeta-

2132 5218 2274 5256 rum.
2312 5195 2536 5270 Ἀἱρεσις
2558 5217 2686 5271 ergo
2707 5200 2845 5254 idem
2873 5210 2952 5271 est
2979 5195 3124 5266 quod
3149 5198 3440 5271 agecqpia.
3474 5195 3675 5271 Vaces.

2205 5272 2316 5343 (‘20)
2347 5267 2484 5326 κάτ’
2518 5267 2713 5343 αὐτὴν
2731 5267 3167 5343 λαμϐάνοντας,
3189 5267 3710 5343 ΔΟιῐιιιίιιυ-εειὶιωιι-

2132 5338 2261 5397 dum
2299 5338 2394 5396 'est
2443 5344 2564 5395 κατ’
2619 5341 2772 5406 αὐτό,
2809 5338 2866 5392 nt
2913 5338 3023 5406 jam
3081 5340 3289 5408 pridem
3343 5339 3706 5405 conjeceram.

2131 5415 2308 5482 Atque
2339 5414 2411 5468 ita
2443 5412 2749 5467 emendavit
2784 5409 3108 5482 Petaviusin
3141 5409 3711 5482 animadvers‘ionibus

2133 5485 2197 5537 ad
2222 5479 2608 5552 Epiphanium,
2644 5497 2767 5552 pag.
2803 5479 2928 5542 190,
2962 5479 3052 5552 ubi
3092 5480 3235 5533 hunc
3260 5479 3495 5552 Anatolii
3527 5479 3708 5533 locum

2136 5549 2424 5624 diligenter
2460 5549 2704 5621 exponit.
2733 5550 2931 5675 lngua
2983 5549 3147 5604 etiam
3185 5549 3508 5619 exponendo
3552 5565 3712 5618 egre-

2137 5625 2278 5675 aiam
2313 5639 2532 5675 oneram
2568 5621 2782 5674 navavit
2871 5620 3048 5675 aidius
3070 5619 3387 5674 Bucherius.
3417 5617 3494 5673 lo.

2137 5617 2278 5693 giam
2313 5617 2547 5693 operam'
2568 5617 3048 5693 navavitﬁigidius
3070 5617 3387 5693 Bucherjus.
3417 5617 3494 5673 lo.

2208 5693 2320 5765 (21)
2349 5687 2508 5762 Ἠρὸς
2536 5690 2753 5765 αὐτῶν.
2788 5687 3044 5765 Legeram
3070 5691 3223 5761 πρός.
3269 5688 3422 5765 l‘lunc
3472 5704 3600 5765 vero
3653 5687 3708 5765 in

2135 5757 2460 5834 quibusdam
2484 5757 2712 5834 'scliedis
2762 5757 3286 5834 videtur_ess‘enpd
3323 5803 3375 5816 ..
3416 5801 3429 5814 .
3459 5798 3472 5812 .
3526 5758 3600 5814 lta
3653 5757 3706 5812 in

2134 5829 2457 5891 emendand.
2491 5833 2556 5887 ad
2593 5834 2794 5889 calcem
2826 5833 2953 5890 edit.
2980 5829 3236 5886 Cantabr;
