3986 6358
22 739 69 789 2.
270 712 354 786 ἷῖί.

35 853 146 910 (δ’.

453 352 559 407 215

1583 354 1638 407 S.
1681 353 2003 409 ANATOLII
2043 353 2505 411 ALEXANDRINI

3597 360 3706 414 2I6

457 471 912 527 nionstt‘ationum
975 473 1185 542 copiam
1253 474 1466 546 exigere
1533 475 2017 544 prmtcrmittimus,

2126 476 2374 542 τοιαύτας
2421 475 2528 530 τῶν
2569 476 2897 544 ἀποδείξεων
2945 475 3077 541 ὕλας
3131 475 3378 531 ἁπαιτῶν
3439 475 3586 547 (25),
3627 471 3707 530 ὧν

453 567 656 636 quibus
683 568 922 623 velamen
955 567 1207 624 Mosaicae
1233 569 1366 638 legis
1397 568 1635 622 ablatum
1669 577 1752 623 est
1781 588 1794 622 :
1825 578 1879 623 et
1906 569 2031 639 qui-

455 659 560 714 bus
591 660 823 714 revelata
867 660 980 729 jam
1045 659 1183 715 facie
1235 661 1536 724 Christum,
1585 661 1900 730 Christique
1932 662 2029 714 do-

455 752 687 805 ctrinam
713 759 766 805 et
801 752 1114 820 passionem
1146 761 1404 822 tanquam
1430 753 1483 806 in
1519 754 1739 822 specqu
1772 753 2026 821 deinceps

456 842 652 896 intueri
683 841 829 897 licet.
863 843 1132 897 Cancrum
1191 843 1426 912 primum
1464 860 1705 899 mensem
1736 843 1877 913 apud
1914 841 2021 896 Ile—

455 935 634 990 brmos
664 935 811 990 circa
842 937 1228 1006 mquinoctium
1279 937 1516 1006 incipere
1571 937 1854 992 manifeste
1899 951 2026 990 con-

454 1029 710 1090 vincitur,
746 1031 828 1086 vel
859 1047 924 1086 ex
984 1031 1050 1086 iis
1080 1034 1366 1102 praeceptis
1395 1047 1518 1103 qua:
1553 1032 1604 1086 in
1667 1032 1806 1086 libro
1837 1028 2023 1084 Enoch

454 1119 726 1188 leguntur.

454 1327 541 1386 Vl.
585 1327 795 1383 Pascha
844 1345 949 1386 non
985 1330 1090 1384 nisi
1135 1340 1252 1397 post
1300 1339 1622 1383 transactum
1653 1326 2026 1396 wquinoctium

1015 1398 1404 1456 celebrandum.

523 1508 588 1561 Et
640 1507 760 1562 ideo
825 1509 878 1564 in
935 1508 1038 1564 hac
1107 1510 1528 1565 concordatione
1593 1509 1726 1564 solis
1783 1517 1836 1564 et
1885 1508 2026 1562 lunae

451 1596 660 1654 Pascha
690 1611 907 1656 nonest
941 1601 1363 1668 immolandum,
1401 1600 1529 1671 quia
1555 1599 1798 1670 quandiu
1833 1599 1885 1652 in
1922 1599 2024 1654 hoc

451 1707 614 1746 cursu
672 1693 1174 1762 deprehenduntur,
1229 1693 1577 1748 tenebrarum
1643 1701 1885 1762 potestas
1914 1706 2019 1745 non

449 1793 535 1837 est
569 1783 740 1849 victa;
786 1794 838 1838 et
885 1785 1126 1854 quandiu
1160 1784 1444 1853 aequalitas
1470 1783 1613 1838 inter
1634 1785 1806 1838 lucem
1839 1791 1895 1838 et
1931 1792 2014 1836 tc-

450 1877 649 1933 nebras
675 1879 952 1948 perdurat,
981 1893 1082 1933 nec
1116 1893 1148 1932 a
1194 1877 1316 1932 luce
1339 1875 1630 1939 diminuta,
1671 1873 1878 1930 Pascha
1913 1890 2020 1927 non

447 1984 571 2024 esse
633 1969 1029 2024 immolandum
1069 1969 1396 2025 ostenditur.
1461 1967 1669 2023 Idcirco
1717 1982 1849 2038 ergo
1900 1976 2025 2038 post

448 2064 837 2132 mquinoctium
904 2061 1111 2118 Pascha
1172 2060 1443 2116 immolari
1506 2060 1840 2131 praecipitur,
1893 2060 2022 2128 quia

451 2169 538 2208 xtv
570 2153 698 2209 luna
725 2165 850 2210 ante
878 2154 1289 2223 aequinoctium,
1329 2163 1384 2208 et
1412 2154 1467 2206 in
1501 2152 1828 2222 aequinoctio
1857 2161 2023 2206 totam

451 2255 664 2300 noctem
704 2262 810 2300 non
859 2246 1066 2316 implet.
1119 2245 1250 2300 Post
1299 2245 1686 2315 azquinoctium
1727 2259 1860 2299 vero
1893 2244 2023 2298 luna

449 2350 541 2389 xtv
572 2350 678 2390 una
707 2336 794 2391 die
824 2335 1054 2404 adjecta,
1089 2336 1235 2406 quod
1271 2344 1353 2390 est
1383 2334 1693 2404 :rquinoctii
1718 2345 2023 2406 transgres-

449 2441 566 2490 sus,
606 2426 732 2481 licet
779 2427 846 2480 ad
898 2441 1086 2481 verum
1120 2426 1324 2488 lumen,
1359 2425 1409 2480 id
1473 2433 1556 2480 est
1604 2435 1781 2480 ortum
1818 2425 1949 2480 solis
1970 2434 2025 2479 et

375 2563 380 2568 .
449 2518 557 2572 diei
607 2517 937 2589 principium
967 2533 1074 2571 non
1105 2517 1466 2586 pertenderit;
1494 2527 1674 2572 tamen
1706 2527 1831 2586 post
1856 2532 1914 2572 se
1939 2525 2022 2572 te-

451 2609 654 2665 nebras
704 2626 810 2663 non
861 2610 1218 2679 derelinquet.
1284 2607 1408 2667 Ideo
1466 2624 1598 2672 ergo
1648 2618 1854 2678 septem
1907 2607 2023 2664 dies

447 2717 764 2774 azymorum
801 2700 868 2755 ad
911 2701 1300 2756 immolandum
1354 2701 1562 2756 Pascha
1622 2700 1794 2772 Moysi
1844 2715 1874 2754 a
1926 2699 2025 2753 Do-

448 2793 598 2846 mino
628 2792 886 2847 custodiri
913 2791 1197 2862 jubentur,
1247 2799 1306 2845 ut
1341 2791 1394 2844 in
1432 2791 1566 2860 ipsis
1593 2791 1739 2844 nulla
1773 2790 2019 2845 tenebra-

450 2900 569 2938 rum
607 2894 843 2954 pctestas
874 2884 1049 2938 lucem
1076 2882 1389 2953 supergredi
1436 2883 1758 2936 inveniatur.
1805 2880 1871 2934 Et
1899 2882 2024 2934 licet

2044 1254 2112 1265 ...ιο

2142 569 2464 640 περιῄρηται
2515 569 2610 640 μὲν
2668 570 2728 623 τὸ
2773 569 2865 622 ἐπὶ
2917 568 3010 622 τοῦ
3072 569 3350 633 Μωῦσέως
3408 569 3557 640 νόμῳ
3604 570 3710 622 κά-

2135 661 2346 732 λυμμα”
2396 641 2905 732 ἀνακεκαλυμμὲνῴ
2949 661 3006 715 δὲ
3065 660 3142 732 τῷ
3190 661 3464 733 προσώπῳ
3522 661 3711 715 λοιπὸν

2135 752 2232 822 ἥδη
2288 751 2523 825 Χριστὸν
2571 754 2664 806 καὶ
2709 753 2777 806 τὰ
2831 752 3066 824 Χριστοῦ
3120 753 3208 806 ἀεὶ
3253 753 3712 827 κατοπτρίζεσθαι

2135 841 2432 913 μαθήματά
2471 860 2530 894 τε
2583 842 2678 896 καὶ
2728 841 3056 914 παθήματα.
3113 842 3219 895 Τοῦ
3263 842 3320 896 δὲ
3354 843 3444 896 τὸν
3491 843 3712 916 πρῶτον

2133 934 2260 1004 παρ’
2327 933 2599 1004 Ἑϐραίοις
2655 934 2801 1005 μῆνα
2861 932 2989 1005 περὶ
3046 934 3334 1005 ἰσημερίαν
3394 931 3554 1000 εἶναι,
3595 953 3710 988 πα-

2135 1025 2434 1094 ραστατικὰ
2503 1024 2596 1079 καὶ
2673 1024 2742 1078 τὰ
2812 1027 2870 1079 ὲν
2939 1025 3016 1096 τῷ
3095 1024 3265 1096 Ἑνὼχ
3339 1026 3451 1096 (26)
3525 1027 3708 1096 μαθή-

2135 1134 2298 1186 ματα.

2135 1329 2187 1374 ει
2219 1333 2323 1370 non
2357 1325 2441 1371 est
2482 1315 2909 1371 communicatio
2955 1315 3062 1370 luci
3107 1332 3232 1370 cum
3263 1317 3520 1371 tenebris.
3561 1315 3624 1369 Et
3655 1318 3707 1373 si

2135 1411 2189 1464 iu
2235 1409 2394 1464 tertia
2449 1409 2630 1478 vigilia
2689 1409 2813 1462 luna
2843 1409 3136 1470 scanderit,
3188 1419 3295 1464 non
3343 1421 3426 1464 est
3472 1410 3705 1464 dubium

2134 1503 2317 1556 lunam
2353 1517 2466 1555 xxu
2497 1501 2580 1556 vel
2632 1516 2768 1554 χχιιι
2817 1502 3000 1554 lunam
3051 1510 3321 1567 exortam,
3375 1503 3428 1555 in
3462 1517 3569 1572 qua
3607 1518 3708 1557 ve-

2132 1608 2254 1647 rum
2291 1591 2498 1647 Pascha
2535 1608 2642 1646 non
2675 1600 2760 1647 est
2790 1592 3047 1661 possibile
3097 1592 3391 1647 immolari.
3416 1591 3552 1648 Nam
3600 1594 3700 1663 qui

2131 1685 2232 1739 hac
2264 1693 2422 1739 :ctate
2473 1685 2616 1739 lunae
2669 1683 2877 1739 Pascha
2909 1683 3178 1738 definiunt
3209 1700 3371 1754 posse
3412 1686 3705 1748 celebrari,

2125 1792 2234 1830 non
2265 1777 2439 1832 solum
2469 1776 2597 1831 illud
2620 1777 2943 1833 auctoritate
2977 1776 3176 1831 divina:
3219 1775 3518 1846 Scriptura:
3549 1778 3699 1833 amr—

2125 1882 2274 1921 mare
2307 1882 2414 1922 nOu
2451 1876 2702 1937 possunt,
2738 1868 2832 1923 sed
2865 1876 2920 1922 et
2951 1867 3222 1937 sacrilegii
3252 1877 3306 1922 et
3329 1870 3696 1924 contumaciae

2126 1961 2330 2018 crimen
2356 1999 2371 2023 ,
2405 1968 2462 2015 et
2491 1961 2797 2015 animarum
2843 1959 3143 2029 periculum
3187 1959 3508 2027 incurrunt;
3565 1959 3699 2016 dum

2126 2053 2399 2108 afﬁrmant
2450 2069 2632 2107 veram
2668 2053 2842 2108 lucem
2879 2069 3038 2122 posse
3099 2052 3373 2106 immolari
3421 2069 3544 2108 cum
3594 2055 3702 2109 ali-

2124 2158 2232 2212 qua
2266 2141 2637 2197 dominatione
2693 2142 3061 2210 tenebrarum,
3118 2159 3241 2213 qua:
3288 2144 3544 2200 omnibus
3593 2146 3700 2201 do-

2130 2235 2390 2290 minetur.

2128 2348 2263 2404 VIII.
2305 2348 2503 2404 Contra
2535 2347 3010 2422 quosdamGallia:
3053 2352 3415 2419 computistas,
3449 2352 3538 2422 qui
3571 2353 3701 2405 luna

2305 2436 2396 2474 xxI
2425 2430 2473 2474 et
2504 2435 2617 2474 xxtt
2647 2419 2857 2474 Pascha
2885 2421 3176 2491 legitimum
3208 2419 3535 2476 sanciebant.

2197 2510 2363 2582 Igitur
2397 2527 2504 2565 non
2531 2521 2614 2566 est
2647 2511 2774 2566 huic
2824 2511 3112 2566 assertioni
3157 2512 3518 2576 contrarium,
3554 2513 3701 2567 sicut

2126 2605 2350 2675 quidam
2381 2603 2568 2659 Galliae
2601 2603 2772 2673 partis
2828 2603 3155 2672 computarii
3208 2602 3512 2669 afﬁrmant,
3561 2604 3697 2659 illud

2127 2698 2272 2766 quod
2305 2698 2359 2750 in
2394 2695 2578 2750 Exodo
2607 2695 2836 2764 legitur:
2877 2693 3063 2748 Primo
3088 2711 3279 2760 mense,
3317 2711 3406 2748 xtv
3435 2696 3521 2748 die
3553 2711 3701 2748 meu-

2124 2787 2197 2838 sis
2227 2786 2382 2854 primi
2412 2787 2480 2838 ad
2532 2801 2798 2854 vesperum
2855 2786 3132 2839 comedetis
3167 2801 3374 2856 azyma,
3431 2803 3592 2855 usque
3627 2787 3696 2837 ad
3735 2831 3741 2836 .

2126 2879 2426 2931 vicesimum
2475 2878 2703 2948 primum
2752 2877 2891 2932 diem
2935 2880 3122 2932 mensis
3167 2881 3235 2931 ad
3266 2895 3550 2946 vesperum.
3599 2877 3696 2930 Se-

449 2986 685 3045 quatuor
711 2977 948 3031 noctium
977 2977 1190 3031 initium
1232 2977 1591 3038 tcncbrescat,
1643 2977 1690 3030 id
1725 2985 1803 3030 est
1835 2991 1941 3027 xvu
1965 2987 2017 3028 et
2044 2983 2086 3038 ο
2117 2978 2254 3039 ptem
2303 2968 2486 3022 diebus
2535 2969 2846 3037 fermentum
2871 2985 2971 3022 non
3020 2971 3312 3024 invenietur
3343 2972 3396 3024 in
3446 2971 3694 3025 domibus

449 3084 581 3123 xvm
613 3079 667 3124 et
697 3085 809 3134 xu,
859 3081 911 3124 et
939 3087 1031 3132 xx,
1080 3083 1260 3124 tamen
1295 3070 1553 3138 vigesima
1587 3071 1709 3124 luna
1765 3071 2016 3124 tenebras

447 3162 667 3216 extendi
696 3176 871 3231 usque
919 3162 986 3217 ad
1023 3161 1198 3217 noctis
1234 3162 1470 3215 medium
1510 3171 1634 3216 ante
1680 3171 1869 3217 exorta
1907 3177 2012 3215 non

449 3253 724 3320 permittit.
771 3257 778 3264 ”

451 3364 561 3421 VII.
619 3365 826 3420 Pascha
881 3365 1149 3420 immolari
1191 3367 1318 3420 luna
1375 3381 1485 3420 xxn
1529 3383 1627 3420 non
1676 3367 1783 3419 vult
1815 3367 2016 3420 Anato-

1155 3437 1277 3492 (ius.

518 3525 685 3583 Nobis
737 3536 941 3593 autem,
991 3529 1191 3597 quibus
1254 3528 1587 3597 impossibile
1647 3537 1728 3582 cst
1786 3538 1843 3582 ut
1902 3529 2015 3582 haec

448 3621 631 3675 omnia
659 3636 767 3675 uno
793 3621 1098 3690 eodemque
1133 3630 1373 3688 tempore
1395 3631 1517 3690 apte
1561 3621 1798 3682 veniant,
1851 3621 1902 3673 id
1933 3628 2016 3674 est

451 3713 578 3764 luna
605 3725 692 3764 xtv
723 3718 778 3764 et
814 3709 930 3765 dies
969 3708 1274 3772 Dominica,
1325 3707 1655 3778 aequinoctio
1699 3716 2011 3774 transacto;

445 3813 500 3859 et
532 3817 673 3872 quos
727 3801 1024 3856 necessitas
1077 3799 1371 3855 Dominicae
1415 3799 1835 3853 resurrectionis
1881 3811 2014 3851 con-

447 3892 685 3964 stringit,
720 3901 782 3947 ut
830 3894 885 3947 in
929 3893 1016 3948 die
1058 3890 1340 3947 Dominica
1389 3890 1595 3945 Pascha
1635 3889 2013 3949 immolemus;

448 3988 768 4043 conceditur
795 3995 853 4040 ut
885 4000 1056 4054 usque
1109 3984 1174 4037 ad
1207 3983 1520 4037 vicesimam
1581 3981 1764 4034 lunam
1815 3978 2015 4048 princi-

450 4079 602 4146 pium
635 4087 836 4132 nostrae
871 4075 1232 4130 solemnitatis
1281 4073 1657 4127 extendamus.
1683 4069 1823 4135 Quia
1867 4070 2013 4123 vice-

449 4171 587 4224 sima
636 4171 762 4224 luna
786 4170 912 4225 licet
940 4179 1103 4224 totam
1138 4177 1352 4222 noctem
1400 4184 1506 4221 non
1557 4166 1796 4234 impleat,
1834 4175 2012 4218 tamen

448 4261 502 4314 in
536 4261 774 4314 secunda
823 4259 1004 4330 vigilia
1054 4268 1240 4314 exorta
1290 4257 1550 4324 majorem
1605 4255 1778 4309 noctis
1807 4264 2011 4323 partem

2124 3059 2305 3113 vestris
2334 3059 2374 3111 ¹.
2409 3057 2558 3112 Unde
2588 3057 2856 3131 afﬁrmant
2882 3058 3088 3113 Pascha
3116 3060 3168 3112 in
3217 3060 3474 3115 vicesima
3514 3062 3691 3129 prima

2124 3151 2249 3204 luna
2282 3166 2440 3220 posse
2497 3150 2804 3215 immolari;
2863 3151 3245 3221 intelligeulcs,
3282 3152 3425 3222 quod
3480 3153 3525 3206 si
3563 3153 3691 3206 luna

2124 3258 2237 3296 xxu
2267 3243 2476 3310 adjecta
2508 3240 2691 3306 fuerit,
2715 3259 2808 3296 vin
2837 3243 2955 3298 dies
2975 3259 3290 3315 azymorum
3320 3245 3693 3301 inveniantur.

2123 3335 2280 3402 Quod
2329 3337 2382 3389 in
2439 3334 2616 3390 Veteri
2683 3337 2901 3406 quidem
2949 3335 3300 3392 Testamento
3357 3355 3464 3393 non
3514 3349 3699 3409 potest

2124 3427 2474 3496 probabiliter
2504 3427 2756 3490 inveniri,
2803 3427 3033 3482 Domino
3085 3444 3178 3498 per
3213 3427 3450 3500 Moysem
3500 3432 3692 3498 praeci-

2124 3519 2354 3586 piente:
2417 3515 2624 3586 Septem
2681 3518 2862 3570 diebus
2923 3519 3199 3572 comedetis
3257 3535 3448 3588 azyma
3493 3523 3534 3571 ³.
3575 3519 3695 3574 Nisi

2124 3610 2264 3664 forte
2293 3611 2362 3666 ab
2407 3611 2487 3667 eis
2538 3612 2784 3666 decimus
2810 3627 3036 3682 quartus
3060 3613 3178 3668 dies
3214 3614 3266 3668 in
3327 3615 3533 3685 azymis
3564 3633 3690 3670 cum

2125 3701 2345 3757 Paschre
2398 3703 2770 3758 immolatione
2841 3719 2946 3758 non
3002 3717 3429 3772 annumeretur;
3500 3717 3692 3762 contra

2124 3795 2397 3866 Evangelii
2424 3797 2652 3861 dictum,
2683 3796 2948 3852 dicentis:
2993 3796 3172 3851 Prima
3203 3808 3380 3852 autem
3434 3801 3518 3853 die
3571 3817 3696 3870 azy-

2124 3885 2694 3956 morumaccesserunt
2747 3889 2994 3956 discipuli
3028 3889 3096 3942 ad
3128 3889 3307 3944 Iesum
3335 3891 3374 3944 ³.
3415 3891 3558 3957 Quin
3599 3894 3696 3946 du-

2123 3979 2271 4032 bium
2322 3995 2430 4034 non
2461 3990 2564 4045 est,
2593 3980 2724 4045 quin
2753 3997 2841 4034 xlv
2887 3980 3005 4036 dies
3060 3983 3150 4044 sit,
3201 3983 3253 4036 in
3291 3998 3400 4052 quo
3442 3983 3694 4053 discipuli

2125 4073 2412 4128 Dominum
2443 4073 2917 4144 interrogaverunt
2956 4074 3255 4128 secundum
3312 4089 3518 4129 morem
3548 4076 3694 4129 auti-

2123 4167 2306 4234 quitus
2364 4165 2468 4219 sibi
2518 4164 2874 4219 constitutum
2929 4183 2942 4219 :
3019 4164 3117 4218 Ubi
3169 4168 3244 4219 vis
3300 4183 3544 4235 paremus
3588 4167 3684 4220 tibi

2123 4257 2386 4310 comedere
2415 4256 2666 4310 Pascha?
2696 4255 2800 4310 Sed
2830 4257 2949 4310 ideo
2984 4256 3125 4311 hanc
3158 4257 3518 4327 adjectioncm
3554 4258 3690 4312 afﬁr-

449 4343 740 4405 illuminat.
773 4349 935 4405 Certe
995 4351 1042 4404 si
1080 4364 1254 4418 usque
1306 4348 1372 4402 ad
1423 4348 1653 4402 duarum
1707 4347 2012 4416 vigiliarum
2049 4341 2092 4398 D
2123 4358 2293 4410 mant,
2319 4347 2410 4417 qui
2438 4348 2490 4401 in
2517 4348 2621 4402 hoc
2639 4363 2826 4402 errore
2855 4347 3218 4418 decipiuntur,
3250 4350 3376 4419 quia
3411 4351 3687 4413 nesciunt,

447 4441 762 4504 terminum,
805 4441 950 4510 quod
1001 4451 1085 4493 est
1133 4439 1308 4493 noctis
1352 4437 1612 4500 medium,
1664 4447 1818 4492 ortus
1871 4439 2012 4492 lunae

447 4532 774 4594 tardaverit,
829 4545 939 4585 non
985 4531 1077 4585 lux
1111 4529 1381 4589 tenebras,
1423 4528 1515 4584 sed
1564 4529 1800 4582 tenebrae
1834 4529 2008 4582 lucem

447 4631 726 4690 superant.
758 4620 913 4688 Quod
939 4633 1144 4677 certum
1176 4629 1257 4676 est
1290 4621 1342 4674 in
1370 4619 1577 4674 Pascha
1609 4634 1714 4674 non
1739 4635 1861 4674 esse
1885 4635 2010 4690 pos-

449 4713 626 4776 sibile,
658 4722 718 4766 ut
747 4713 927 4782 aliqua
958 4729 1082 4783 pars
1117 4712 1459 4767 tenebrarum
1495 4711 1604 4765 luci
1656 4711 2006 4766 dominetur:

447 4803 575 4872 quia
602 4803 917 4859 solemnitas
957 4803 1251 4858 Dominicte
1300 4800 1720 4858 resurrectionis
1747 4801 1839 4856 lux
1882 4813 2004 4868 est;

519 4965 735 5022 ‘Exod.
780 4983 876 5031 xu,
938 4966 1024 5030 I8,
1082 4966 1166 5020 I9.

522 5159 632 5231 (25)
685 5159 875 5225 ’Ὕλας
931 5159 1031 5215 ἀπ’
1063 5159 1279 5215 αὐτῶν.
1337 5160 1515 5216 Nostri
1561 5160 1804 5231 quinque
1859 5160 2010 5214 codio

449 5247 540 5286 eos
596 5230 718 5301 uno
754 5245 1025 5301 consensu
1097 5233 1359 5301 scriptum
1415 5232 1614 5286 habent
1671 5230 1801 5294 ὔλας
1846 5231 2013 5284 ἀπαι-

449 5301 592 5356 τῶνο
629 5299 736 5372 sed
771 5299 1065 5372 ingcodice
1116 5299 1285 5372 Regio
1333 5302 1520 5372 eadem
1577 5316 1743 5372 manu
1785 5301 2013 5372 adnota-

447 5382 559 5432 tur,
613 5369 957 5426 scribendum
1009 5385 1132 5427 esse
1174 5369 1269 5424 ἄπ’
1299 5371 1500 5424 αὐτῶν.
1563 5369 1720 5426 Certe
1775 5373 1870 5425 ἀπ’
1917 5371 2013 5422 αὑ-

449 5442 557 5496 τῶν
587 5441 874 5511 Iegendum
919 5456 1058 5503 esse.
1113 5456 1176 5495 ex
1209 5442 1564 5511 sequentibus
1601 5451 1842 5511 apparet.
1893 5438 2008 5494 Nisi

449 5513 594 5566 enim
620 5510 694 5581 ita
721 5511 936 5580 legeris,
971 5527 1080 5581 quo
1134 5510 1335 5581 referes
1392 5527 1455 5566 ea
1478 5553 1508 5581 ,_
1545 5510 2011 5580 quac'seqnuntur

452 5583 636 5663 verba,
658 5575 734 5635 ὧν
767 5575 1114 5666 ἱεεριῄρτξται,
1144 5581 1289 5636 etc.?
1319 5580 1424 5636 Sed
1455 5575 1599 5666 nunc
1649 5598 1708 5666 re
1751 5575 2008 5666 attentius

449 5653 782 5716 examinata,
843 5651 1187 5707 Scribemlum
1237 5666 1434 5706 censeo
1483 5651 1612 5714 ὕλας
1640 5651 1917 5704 ἀπαιτῶν·
1966 5651 2010 5717 ᾧ

451 5721 797 5792 περιῄρηται.
823 5732 926 5777 etc.
961 5723 1123 5780 quue
1150 5732 1204 5780 et
1230 5738 1444 5790 sensus,
1470 5732 1522 5778 ct
1551 5730 1842 5792 syntaxeos
1873 5721 2010 5776 ratio

449 5791 705 5863 postulat.
751 5791 945 5849 VALES.

1245 4967 1264 4995 '
1295 4965 1426 5020 Ibid.
1486 4965 1588 5031 I5;
1626 4965 1795 5020 Levit.
1834 4982 1991 5030 xxttt,
2031 4968 2084 5022 6.

2122 4457 2218 4494 xm
2251 4449 2306 4494 et
2357 4456 2466 4505 xtv,
2500 4456 2588 4492 xlv
2620 4450 2673 4493 et
2719 4456 2808 4505 xv,
2839 4457 2907 4493 xv
2959 4450 3011 4494 et
3040 4457 3150 4507 xVI,
3187 4457 3272 4494 xvt
3323 4451 3377 4496 et
3408 4457 3539 4504 xvtt,
3578 4458 3686 4495 xvii

2118 4542 2169 4587 et
2205 4548 2333 4585 xvnt
2358 4572 2372 4595 ,
2424 4548 2555 4587 xvttt
2599 4541 2654 4587 et
2702 4549 2814 4597 xtx,
2846 4548 2936 4586 xtx
2962 4542 3016 4588 et
3041 4550 3130 4596 xx,
3161 4550 3227 4586 xx
3254 4543 3307 4588 et
3357 4548 3471 4597 xxI,
3503 4534 3687 4587 lunam

2119 4625 2498 4694 probatissime
2548 4626 2601 4680 in
2637 4641 2746 4680 uno
2789 4625 2876 4680 die
2914 4625 3162 4680 inveniri.
3225 4625 3414 4681 Omnis
3452 4644 3690 4696 namque

2115 4715 2231 4769 dies
2255 4715 2307 4766 in
2339 4714 2480 4768 luna:
2503 4715 2925 4783 computatione,
2959 4730 3064 4769 non
3093 4716 3281 4770 eodem
3317 4731 3543 4770 numero
3575 4734 3689 4787 quo

2117 4821 2274 4861 mane
2301 4806 2565 4872 initiatur,
2589 4807 2656 4860 ad
2688 4822 2968 4876 vesperum
3010 4807 3196 4864 linitur
3229 4825 3242 4862 :
3273 4809 3402 4878 quia
3426 4809 3543 4863 dies
3564 4825 3688 4879 qua:

2164 4971 2184 5001 ³
2219 4970 2408 5026 Matth.
2439 4986 2586 5033 xxvi,
2618 4972 2711 5036 I7;
2743 4969 2906 5026 Mare.
2933 4987 3042 5037 xlv,
3073 4972 3178 5038 I2;
3217 4971 3352 5027 Luc.
3389 4986 3524 5035 xxu,
3555 4972 3605 5023 7.

2191 5163 2302 5232 (26)
2367 5165 2463 5217 Ἐν
2496 5163 2574 5229 τῷ
2608 5162 2802 5233 Ἑνώχ.
2839 5161 3000 5217 Liber
3031 5161 3213 5218 Enoch
3263 5163 3460 5220 citatur
3485 5179 3515 5218 a
3545 5163 3684 5219 Juda

2120 5233 2172 5304 in
2202 5233 2441 5303 Epistula
2476 5236 2754 5304 canonica.
2816 5234 2944 5287 Erat
2995 5233 3129 5304 liber
3165 5236 3526 5304 apocryphus,
3583 5252 3686 5292 nec

2117 5302 2256 5358 inter
2310 5303 2603 5359 canonicos
2653 5303 3000 5358 Ilebrzeorum
3048 5302 3216 5357 libros
3266 5302 3543 5372 receptus.
3577 5307 3684 5361 Sed

2118 5381 2295 5428 tamen
2332 5373 2583 5442 apostoli,
2617 5389 2915 5442 eorumque
2947 5374 3194 5442 exemplo
3221 5375 3432 5443 antiqui
3463 5373 3678 5439 Patres,

2114 5445 2423 5497 testimonia
2453 5460 2517 5498 ex
2548 5443 2873 5515 apocryphis
2904 5443 3147 5515 proferre
3184 5460 3288 5498 non
3324 5445 3679 5515 dubitarunt:

2114 5529 2174 5567 ea
2203 5515 2428 5573 scilicet.
2463 5528 2586 5582 qua:
2625 5513 2692 5568 ad
2720 5513 3070 5567 astruendam
3104 5516 3384 5567 veritatem
3415 5513 3681 5581 facerent,

2115 5600 2182 5656 ex
2245 5585 2311 5656 iis
2358 5585 2637 5656 eligentes.
2687 5582 2834 5656 iV’ide
2901 5583 3191 5656 Georgium
3258 5583 3564 5656 Syncellum
3617 5585 3682 5656 in

2117 5653 2396 5720 Chronico,
2431 5653 2520 5708 ubi
2553 5654 2886 5710 luculentum
2936 5653 3310 5725 fragmentum
3340 5654 3498 5711 :tlfcrt
3522 5670 3590 5710 ex
3613 5655 3683 5711 Ii-

2116 5725 2229 5781 bris
2254 5724 2460 5781 Enoch.
2495 5721 2571 5780 In.

2155 5740 2229 5781 ηε
2254 5739 2460 5781 ιιιιοειι.
2495 5739 2571 5780 ID.
