3986 6358
246 388 352 444 2|?

1561 390 1795 448 CANON
1836 393 2102 450 PASCHA
2112 393 2238 450 LIS.

3405 395 3511 450 228

247 526 406 598 mane
443 513 495 565 in
529 511 682 573 luna,
714 513 768 566 id
797 522 883 568 est
930 528 1105 583 usque
1138 513 1204 569 ad
1235 522 1442 570 sextam
1473 525 1526 571 et
1549 517 1834 572 dimidium
1868 524 1910 579 Α
1938 529 2015 572 est
2054 520 2236 572 anima
2261 535 2375 573 mea
2403 533 2566 587 usque
2615 519 2682 570 ad
2725 529 2942 571 mortem
2971 518 3028 581 ‘;
3082 517 3230 571 aliud
3277 525 3400 570 cum
3434 505 3516 570 vi-

248 606 422 666 horae,
465 617 563 656 xm
600 614 1018 670 annumeratur,
1075 605 1265 659 eadem
1322 607 1388 660 ad
1426 624 1709 677 vesperum
1745 628 1833 663 xw

249 697 554 750 invenitur.
604 695 758 750 Unde
805 711 937 767 ergo
969 707 1021 752 et
1049 695 1258 752 Pascha
1294 715 1468 768 usque
1529 701 1595 754 ad
1655 718 1741 754 xxi
1781 703 1832 755 in

246 804 541 857 vesperum
585 788 806 844 cXtendi
850 789 1194 860 pra‘cipitur;
1227 806 1349 858 qua!
1406 807 1566 846 mane
1595 793 1714 846 sine
1735 794 1834 846 du-

246 880 358 946 bio,
406 881 461 934 id
492 890 577 936 est
624 898 801 950 usque
827 882 1038 936 adeum
1071 899 1232 953 quem
1286 866 1534 939 diximus.
1577 885 1832 939 horarum

247 973 574 1034 terminum,
627 989 697 1026 xx
753 973 1073 1028 habebatur.
1107 974 1369 1044 Computa
1401 991 1532 1046 ergo
1559 991 1588 1030 a
1625 976 1727 1030 line
1760 993 1833 1031 ιιι

246 1064 416 1128 lunae,
450 1065 602 1134 quod
633 1075 717 1120 est
739 1065 953 1120 initium
976 1083 1085 1130 xlv,
1103 1067 1169 1120 ad
1190 1069 1348 1121 tinem
1377 1068 1668 1135 vicesimze,
1695 1068 1836 1123 unde

246 1167 297 1210 et
327 1173 426 1210 xxt
489 1158 819 1228 principium
874 1160 1193 1225 inchoatur;
1242 1170 1296 1213 et
1342 1160 1586 1216 invenies
1629 1172 1833 1230 septem

247 1258 466 1303 tantum
525 1251 647 1304 dies
699 1267 1052 1321 azymorum,
1107 1253 1160 1305 in
1221 1254 1423 1322 quibus
1487 1254 1833 1308 verissimum

247 1337 464 1394 Pascha
503 1340 718 1394 Domini
753 1342 952 1396 ducatu
982 1343 1307 1412 praeﬁnitum
1334 1353 1418 1397 est
1442 1345 1714 1397 immolari
1743 1345 1836 1398 de-

245 1433 399 1487 here.

247 1545 338 1602 IX.
384 1545 600 1604 Contra
644 1564 732 1603 eos
780 1551 872 1620 qui
909 1559 1010 1604 tres
1041 1560 1162 1604 ante
1191 1549 1423 1604 Ctesaris
1463 1551 1836 1621 wquinoctium

763 1621 894 1673 dant
927 1621 1177 1675 Paschati
1211 1621 1343 1675 dies.

313 1704 429 1760 Sed
470 1706 608 1776 quid
640 1707 932 1769 mirum,si
971 1708 1025 1762 in
1071 1725 1159 1763 xxI
1195 1710 1322 1763 luna
1360 1708 1681 1772 erraverint,
1743 1706 1836 1776 qui

248 1809 358 1852 tres
388 1798 724 1854 addiderunt
781 1800 897 1855 dies
922 1810 1046 1855 ante
1097 1801 1504 1870 aequinoctium,
1541 1800 1594 1854 in
1639 1801 1838 1870 quibus

1943 621 2090 664 ctore
2121 611 2401 664 inimicum
2435 611 2720 678 antiquum
2779 610 3170 678 triumphante,
3205 623 3269 662 ac
3298 623 3515 662 summo

1944 702 2220 771 triumpho
2278 702 2490 757 devicto
2563 700 2878 755 adversario
2939 702 3153 755 uetante
3214 699 3512 763 collatari,

1944 795 2174 863 ipsomet
2230 793 2618 863 prmeipiente:
2674 792 3131 862 Congratulamini
3192 793 3346 858 mihi,
3390 792 3514 861 quia

1942 886 2115 938 inveni
2148 902 2290 939 ovem
2317 902 2489 939 meam
2515 901 2672 955 quant
2722 884 3058 954 perdideram
3085 886 3128 938 ⁸.

1943 997 2034 1050 XI.
2097 997 2318 1052 Gemina
2364 999 2493 1053 luna
2548 1014 2636 1052 xvu
2682 1008 2730 1080 et
2782 1014 2894 1051 xvn
2929 999 2983 1051 in
3030 996 3232 1052 Christi
3279 1012 3515 1051 resurre-

2651 1081 2835 1123 ctione.

2015 1159 2145 1214 Illud
2204 1169 2386 1213 autem
2435 1159 2578 1229 quod
2629 1160 2794 1214 modo
2853 1158 3010 1212 nobis
3058 1156 3312 1223 innuunt,
3368 1157 3513 1226 quod

1945 1259 2288 1304 transeuntes
2322 1250 2506 1304 lunam
2546 1265 2631 1302 xlv
2664 1249 2992 1318 principium
3020 1247 3243 1304 Pascha:
3274 1247 3512 1303 lucidum

1943 1342 2218 1396 celebrare
2273 1355 2381 1394 non
2429 1357 2746 1410 possumus,
2799 1356 2900 1394 nos
2946 1355 3052 1394 non
3103 1349 3282 1394 movet
3342 1355 3516 1409 neque

1943 1434 2252 1488 conturbat.
2291 1432 2441 1489 Licet
2475 1435 2642 1496 enim,
2677 1449 2851 1502 usque
2897 1432 2964 1486 ad
2993 1433 3304 1487 vicesimam
3331 1433 3514 1486 lunam

1941 1526 2273 1596 principium
2339 1524 2564 1579 Pascha:
2618 1523 2859 1588 extendi,
2917 1522 3165 1576 illicitum
3207 1537 3328 1577 esse
3379 1521 3516 1578 deli-

1944 1619 2336 1684 niant;t.amen
2370 1635 2542 1688 usque
2591 1618 2660 1672 ad
2709 1632 2798 1671 xvt
2831 1626 2886 1671 et
2911 1631 3047 1682 xvu,
3091 1631 3214 1685 qum
3243 1615 3297 1670 in
3329 1615 3517 1669 eadem

1942 1711 2032 1765 die
2058 1711 2316 1765 eveniunt
2345 1710 2400 1764 in
2434 1725 2542 1780 qua
2568 1709 2833 1764 Dominus
2866 1710 3166 1764 resurrexit
3197 1725 3228 1763 a
3265 1709 3516 1772 mortuis,

1946 1803 2202 1870 protelari
2225 1803 2441 1866 debere,
2474 1817 2672 1872 negare
2717 1816 2827 1856 non
2865 1811 3119 1872 possunt.
3157 1801 3260 1856 Sed
3291 1815 3389 1857 nos
3425 1816 3517 1855 us-

249 1890 458 1947 Pascha
518 1893 791 1949 immolari
853 1908 1011 1964 posse
1071 1893 1372 1949 deﬁniunt?
1407 1892 1562 1959 Quod
1626 1899 1834 1946 certum
1869 1883 1912 1938 Β
1940 1910 2048 1964 que
2073 1894 2140 1949 ad
2173 1909 2242 1948 xx
2273 1894 2457 1948 lunam
2490 1901 2710 1963 propter
2763 1893 2906 1949 diem
2951 1893 3288 1949 Dominicam
3324 1892 3518 1948 melius

248 1986 592 2040 omnimodis
619 1995 702 2040 est
735 1986 910 2055 putari
949 1987 1267 2051 absurdum,
1302 2002 1426 2040 cum
1478 1985 1838 2054 apertissimis

249 2075 570 2130 Iudaeorum
601 2077 1073 2147 historiographis,
1103 2087 1157 2132 et
1203 2076 1342 2130 LXX
1375 2076 1696 2132 Senioribus
1728 2078 1837 2132 evi-

249 2166 445 2220 denter
506 2166 792 2222 deﬁnitum
847 2169 939 2233 sit,
976 2168 1184 2224 Pascha
1237 2169 1290 2222 in
1327 2169 1659 2238 aequinoctio
1691 2171 1834 2224 cele-

250 2261 399 2313 brari
440 2275 554 2313 non
580 2276 764 2330 posse.

250 2371 314 2427 Χ.
364 2374 735 2427 Asiaticorum
790 2392 901 2428 mos
952 2373 1162 2428 Pascha
1209 2391 1299 2429 xlv
1352 2375 1480 2429 luna
1539 2375 1838 2430 celebrandi

313 2446 514 2568 quavis
546 2445 706 2512 feria,
749 2457 933 2499 contra
980 2445 1126 2500 Petri
1149 2457 1198 2500 et
1229 2445 1392 2500 Pauli
1441 2447 1832 2500 auctoritatem.

355 2515 523 2568 ’ictor
549 2526 601 2568 et
627 2515 884 2568 Irena’us.

355 2515 523 2568 r’ictor
549 2526 601 2569 et
627 2515 884 2570 Irena’us.

322 2606 435 2662 Sed
473 2608 583 2662 illis
629 2609 764 2661 nihil
816 2607 1045 2662 arduum
1090 2607 1212 2671 fuit,
1244 2610 1444 2680 quibus
1483 2610 1688 2663 licitum
1718 2620 1836 2664 erat

251 2701 541 2762 omnibus,
574 2700 795 2770 quando
823 2716 915 2753 xlv
949 2700 1075 2755 luna
1117 2711 1240 2769 post
1269 2702 1653 2768 aequinoctium
1682 2705 1836 2756 adve-

250 2793 450 2858 uisset,
507 2791 718 2847 Pascha
774 2793 1066 2848 celebrare.
1119 2792 1362 2860 Quorum
1410 2795 1718 2863 exemplum
1748 2810 1835 2850 se.

250 2891 489 2950 quentes
517 2899 692 2952 usque
730 2884 889 2937 hodie
911 2900 1102 2939 omnes
1133 2885 1277 2940 Asiae
1327 2885 1568 2954 episcopi
1613 2885 1836 2955 (quippe

250 2974 345 3044 qui
380 2984 438 3029 et
475 2975 582 3044 ipsi
614 2977 683 3029 ab
709 2986 932 3030 auctore
961 2977 1447 3047 irreprehensibili,
1483 2977 1695 3032 Joanne
1727 2979 1835 3033 sci-

255 3066 377 3120 licet
412 3068 771 3136 evangelista,
799 3077 854 3122 et
875 3069 1110 3138 pectoris
1135 3065 1345 3123 Domini
1377 3070 1716 3133 incubatorc,
1742 3070 1836 3124 do-

253 3159 562 3212 ctrinarum
595 3164 714 3214 sine
741 3161 908 3214 dubio
930 3161 1250 3230 spiritalium
1292 3171 1560 3231 potatore,
1587 3163 1831 3232 regulam

255 3252 664 3318 susceperunt),
712 3252 1082 3307 indubitanter
1119 3254 1374 3309 omnibus
1408 3257 1588 3321 annis,
1615 3256 1834 3326 quando

257 3357 338 3394 xiv
363 3344 499 3398 luna
535 3343 826 3410 adfuisset,
870 3355 924 3400 et
965 3363 1137 3417 agnus
1165 3351 1306 3418 apud
1335 3349 1552 3405 Judzeos
1583 3351 1833 3406 immola-

261 3446 427 3500 retur,
467 3436 802 3504 aequinoctio
823 3439 1192 3502 transvadato,
1224 3438 1430 3494 Pascha
1454 3443 1826 3497 celebrabant;

269 3542 368 3580 non
425 3528 846 3598 acquiescentes
882 3531 1190 3586 auctoritati
1243 3534 1628 3602 quorumdam,
1661 3533 1712 3587 id
1751 3543 1834 3588 est

273 3621 405 3675 Petri
432 3631 485 3675 et
517 3620 680 3676 Pauli
735 3637 1148 3688 successorum;
1185 3625 1276 3692 qui
1335 3639 1529 3678 omnes
1560 3623 1832 3679 Ecclesias

283 3717 333 3768 in
356 3717 544 3785 quibus
577 3713 845 3784 spiritalia
875 3713 1149 3786 Evangelii
1199 3716 1406 3770 semina
1430 3727 1708 3778 severunt,
1744 3731 1832 3771 so-

283 3809 596 3863 lemnitatem
656 3808 1076 3864 resurrectionis
1124 3806 1334 3861 Domini
1380 3808 1430 3860 in
1487 3809 1575 3862 die
1621 3817 1830 3862 tantum

277 3901 539 3955 Dominica
572 3915 739 3970 posse
794 3899 1053 3955 celebrari
1087 3901 1409 3955 docuerunt.
1444 3897 1598 3954 Unde
1619 3887 1832 3955 ehcon-

270 3996 428 4049 tentio
453 3994 708 4064 quaedam
732 4003 920 4048 exorta
949 4002 1030 4046 est
1075 3993 1215 4046 inter
1235 4007 1424 4048 eorum
1458 4009 1828 4058 successores,

269 4079 534 4137 Victorem
567 4081 779 4134 scilicet
809 4080 1066 4136 Romanae
1090 4081 1241 4136 urbis
1259 4097 1324 4135 eo
1354 4091 1594 4152 tempore
1622 4084 1832 4153 episco-

260 4193 404 4247 pum,
428 4189 486 4233 et
515 4178 858 4250 Polycratem
892 4180 985 4249 qui
1017 4187 1146 4233 tunc
1174 4179 1227 4232 in
1255 4179 1525 4247 episcopis
1556 4179 1696 4233 Asiae
1725 4181 1830 4248 pri-

257 4281 463 4325 rnatum
491 4285 684 4342 gerere
708 4272 1008 4326 videbatur.
1031 4271 1246 4338 Quazab
1264 4272 1462 4326 Irenaeo
1491 4281 1618 4326 tunc
1646 4271 1831 4327 Galliae

255 4363 426 4430 partis
473 4363 712 4432 presule
775 4363 1079 4418 rectissime
1128 4372 1320 4432 pacata
1373 4373 1488 4430 est;
1545 4365 1830 4432 utriusque

254 4455 505 4523 partibus
539 4455 593 4508 in
628 4471 724 4510 sua
765 4455 947 4524 regula
991 4455 1483 4524 perseverantibus,
1531 4471 1628 4510 nec
1658 4471 1688 4508 a
1717 4470 1828 4510 ca:-

1864 3216 1904 3274 C

1937 1985 2156 2040 extendi
2189 1985 2396 2040 Pascha
2426 1984 2794 2050 decernimus,
2845 2001 3010 2055 quam
3046 1993 3263 2053 propter
3293 1999 3384 2037 xlv
3437 1983 3517 2035 lu-

1941 2093 2065 2132 nam
2099 2077 2241 2132 diem
2274 2077 2612 2133 Dominicam
2658 2077 2998 2147 anticipare;
3036 2077 3091 2131 in
3125 2091 3232 2145 qua
3273 2075 3432 2130 nobis
3461 2076 3515 2129 in

1941 2168 2211 2237 principio
2257 2168 2372 2232 lux,
2416 2176 2470 2221 et
2522 2168 2753 2222 nuncin
2805 2166 2909 2222 line
2956 2167 3202 2221 omnium
3240 2168 3513 2220 bonorum

1941 2262 2288 2332 praesentium
2309 2261 2598 2318 commoda
2623 2271 2676 2316 et
2697 2261 2942 2331 auspicia
2965 2260 3274 2316 futurorum
3296 2271 3516 2317 ostensa

1939 2362 2085 2407 sunt.
2113 2351 2251 2419 Quia
2282 2367 2390 2406 non
2416 2353 2628 2407 minore
2652 2352 2810 2406 laude
2862 2351 3124 2407 Dominus
3145 2352 3289 2406 diem
3318 2353 3516 2408 vicesi-

1940 2462 2087 2500 mum
2155 2446 2527 2516 prosequitur,
2590 2462 2753 2516 quam
2805 2445 3077 2500 decimum
3141 2455 3420 2514 quartum.
3459 2444 3513 2498 In

1941 2537 2181 2593 Levitico
2235 2553 2473 2607 namque
2543 2539 2615 2592 ita
2665 2538 3027 2607 praecipitur:
3105 2534 3278 2590 Hense
3323 2538 3514 2604 primo,

1937 2631 2138 2684 decimo
2211 2640 2401 2700 quarto
2473 2629 2556 2682 die
2632 2630 2825 2682 mensis
2886 2629 3044 2698 hujus
3112 2629 3182 2682 ad
3251 2644 3514 2698 vesperum

1939 2723 2099 2790 phase
2151 2721 2366 2775 Domini
2395 2730 2490 2776 est.
2530 2719 2594 2773 Et
2619 2721 2822 2774 decimo
2865 2722 3050 2790 quinto
3081 2721 3165 2773 die
3197 2721 3388 2772 mensis
3419 2719 3514 2771 hu-

1929 2814 2020 2881 jus
2061 2813 2364 2868 solemnitas
2396 2829 2703 2882 azymorum
2731 2811 2946 2866 Domini
2969 2822 3068 2867 est.
3101 2811 3307 2880 Septem
3333 2811 3514 2864 diebus

1939 2921 2130 2974 azyma
2161 2905 2464 2959 comedetis.
2501 2905 2624 2958 Dies
2677 2907 2880 2975 primus
2921 2907 3023 2960 erit
3051 2906 3193 2960 vobis
3243 2905 3513 2958 celeberri-

1940 3013 2054 3050 mus
2075 3006 2123 3049 et
2152 3006 2385 3050 sanctus.
2421 2996 2585 3050 Omne
2612 3012 2740 3064 opus
2775 2997 2961 3050 servile
2990 3014 3094 3050 non
3125 2997 3330 3066 facietis
3359 2997 3414 3048 in
3431 3013 3511 3049 co.

1939 3087 2064 3141 Dies
2094 3099 2268 3141 autem
2302 3090 2552 3156 septimus
2576 3089 2678 3141 erit
2726 3088 2870 3144 vobis
2893 3088 3148 3142 celebrior
3177 3099 3225 3142 et
3256 3089 3511 3141 sanctior.

1941 3180 2106 3234 Omne
2138 3197 2268 3249 opus
2323 3180 2505 3234 servile
2554 3197 2660 3234 non
2691 3181 2901 3248 facietis
2935 3183 2988 3234 in
3018 3197 3077 3235 eo
3111 3182 3151 3234 ⁵.
3191 3178 3257 3233 Et
3311 3180 3514 3234 idcirco

1941 3273 2350 3335 conﬁrmamus,
2393 3271 2527 3325 nihil
2557 3272 2728 3341 culpa»
2775 3273 3114 3327 contraxisse
3143 3287 3238 3326 eos
3263 3279 3388 3325 ante
3421 3271 3513 3323 tri-

1940 3366 2105 3421 bunal
2155 3365 2377 3428 Christi,
2433 3366 2524 3433 qui
2589 3365 2644 3418 in
2694 3365 2840 3418 hunc
2865 3363 3008 3418 diem
3067 3363 3285 3417 initium
3316 3364 3514 3418 solem-

1941 3459 2128 3511 unitatis
2185 3457 2409 3512 Pascha:
2456 3457 2671 3510 extendi
2733 3456 2932 3512 debere
2990 3464 3343 3511 censuerunt.
3408 3454 3514 3508 Ma-

1942 3549 2084 3602 xime
2107 3564 2230 3603 cum
2268 3549 2441 3603 tribus
2499 3548 2766 3618 angustiis
2817 3557 3197 3612 coarctamur;
3233 3546 3286 3600 id
3343 3554 3425 3601 est
3456 3555 3514 3599 ut

1941 3641 1994 3693 in
2035 3641 2122 3694 die
2169 3639 2451 3694 Dominica
2513 3641 2912 3696 solemnitatem
2965 3639 3188 3695 Pascha:
3238 3654 3510 3694 veneran-

1939 3743 2052 3796 tes,
2101 3731 2430 3802 aequinoctio
2465 3732 2832 3797 transvadato,
2884 3747 2954 3785 xx
2998 3731 3186 3786 lunam
3220 3746 3330 3785 non
3361 3745 3513 3785 cxce-

1939 3825 2154 3879 damus.

1939 3937 2055 3992 XII.
2097 3937 2464 4003 Quorumdam
2499 3937 2742 4006 objectio,
2787 3952 2890 3990 non
2918 3951 3067 4004 posse
3103 3935 3310 3988 Pascha
3337 3939 3510 4004 spatio

2012 4024 2102 4062 χιιι
2160 4025 2418 4061 annorum
2459 4025 2658 4076 semper
2704 4009 2758 4060 in
2796 4007 3072 4060 Dominica
3097 4008 3339 4060 inveniri.
3368 4010 3511 4060 Ana-

2012 4080 2126 4132 tolii
2155 4081 2442 4147 responsio.

2013 4193 2116 4247 Sed
2143 4194 2244 4247 hoc
2279 4193 2347 4247 ab
2396 4192 2518 4246 aliis
2545 4191 2882 4262 sapientibus
2926 4197 2982 4242 et
3014 4189 3350 4244 acutissimis
3379 4191 3509 4244 viris

1940 4285 2278 4353 impossibile
2303 4300 2425 4339 esse
2451 4285 2726 4351 delinitur,
2771 4285 2916 4354 quod
2966 4285 3020 4336 in
3060 4284 3150 4337 illo
3200 4290 3432 4351 angusto
3456 4291 3510 4335 et

1940 4377 2264 4431 brevissimo
2305 4393 2392 4430 xix
2453 4392 2720 4430 annorum
2780 4376 2971 4430 circuli
3025 4375 3233 4445 spatio,
3293 4371 3538 4425 Pascha"

1939 4469 2309 4536 verissimum,
2346 4469 2396 4522 id
2427 4477 2510 4524 est
2537 4469 2587 4523 in
2618 4469 2707 4523 die
2759 4468 3065 4535 Dominica,
3120 4467 3505 4537 aequinoctium

251 4561 343 4618 pto
379 4549 730 4618 antiquitatis
757 4565 904 4602 more
937 4549 1355 4603 declinantibus.
1409 4548 1486 4602 Illi
1521 4550 1737 4619 quidem
1774 4551 1827 4602 in

1945 4564 2342 4634 transgrediens
2397 4563 2724 4616 inveniatur.
2761 4559 2865 4615 Sed
2900 4577 3001 4616 nos
3053 4570 3110 4615 ut
3165 4558 3507 4613 manifestius

252 4655 338 4692 xtv
364 4639 458 4694 die
488 4639 698 4694 mensis
749 4639 906 4709 primi
972 4640 1116 4694 diem
1163 4638 1385 4695 Pascha:
1447 4641 1832 4708 observabant,

249 4730 561 4784 secundum
593 4729 968 4801 Evangelium,
1004 4741 1063 4784 nt
1126 4733 1408 4801 putabant,
1442 4733 1576 4786 nihil
1610 4734 1835 4788 omnino

249 4823 602 4876 extrinsecus
633 4821 913 4887 addentes,
947 4823 1040 4877 sed
1073 4823 1191 4877 lidei
1241 4824 1480 4893 regulam
1529 4840 1623 4893 per
1651 4827 1833 4879 omnia

248 4923 669 4971 conservantes.
705 4913 767 4968 Ili
805 4925 983 4970 autem
1020 4914 1313 4970 Dominicae
1358 4917 1634 4986 passionis
1690 4917 1832 4972 diem

250 5015 628 5067 transeuntes,
673 5017 730 5060 ut
761 5009 974 5061 tristitia
1010 5024 1072 5061 ac
1104 5023 1338 5062 maerore
1383 5010 1667 5079 repletum,
1695 5025 1830 5065 con-

247 5101 500 5164 ﬁrmant,
538 5116 607 5155 ne
640 5100 800 5154 liceat
827 5101 1144 5169 aliquando,
1193 5100 1297 5155 nisi
1338 5101 1392 5154 in
1426 5102 1515 5156 die
1548 5102 1828 5157 Dominica

246 5196 305 5249 in
339 5209 456 5264 qua
488 5193 821 5247 resurrectio
845 5191 1054 5246 Domini
1087 5206 1118 5246 a
1153 5201 1326 5246 morte
1356 5190 1497 5246 facta
1526 5202 1628 5258 est,
1671 5202 1726 5247 et
1774 5193 1828 5247 in

246 5301 360 5356 qua
414 5284 576 5338 nobis
636 5293 821 5337 exorta
877 5290 960 5339 est
1011 5285 1354 5354 sempiterna:
1411 5300 1579 5339 causa
1608 5285 1826 5350 lmtitire,

247 5376 605 5431 Dominicum
665 5373 888 5429 Pascha:
945 5375 1220 5432 celebrare
1272 5376 1612 5446 mysterium.
1667 5377 1827 5432 Aliud

245 5470 399 5525 enim
430 5477 518 5522 est
541 5467 842 5522 secundum
893 5467 1039 5536 quod
1087 5467 1156 5522 ab
1184 5467 1463 5537 Apostolo,
1510 5468 1622 5522 imo
1655 5484 1685 5522 a
1717 5467 1825 5522 Do-

247 5561 404 5615 mino
435 5567 916 5631 praeceptumest,
957 5573 1078 5612 cum
1127 5560 1447 5615 contristato
1495 5561 1824 5629 contristari,

247 5662 305 5708 et
331 5669 458 5708 cum
485 5668 649 5708 cruce
680 5664 843 5721 passo
864 5653 1121 5722 compati,
1155 5654 1272 5723 ipso
1305 5655 1518 5712 dicente
1563 5675 1577 5710 :
1637 5655 1826 5712 Tristis

326 5832 348 5864 ⁸
396 5831 587 5888 Matth.
647 5849 808 5894 XXVI,
861 5833 949 5886 38.
1028 5833 1046 5865 ⁵
1102 5833 1234 5889 Luc.
1289 5851 1390 5898 xv,
1433 5836 1464 5890 6

1933 4656 2028 4710 tiat
2061 4655 2185 4719 hoc,
2242 4653 2388 4722 quod
2436 4653 2543 4706 illis
2596 4652 3032 4707 incredulitatem
3092 4649 3320 4714 inducit,
3351 4648 3505 4701 illum

1931 4759 2090 4814 quem
2121 4742 2360 4797 diximus
2396 4757 2663 4796 annorum
2707 4743 2994 4804 circulum,
3043 4755 3166 4794 cum
3203 4741 3344 4794 lunae
3381 4754 3506 4794 cur-

1933 4839 2087 4893 sibus
2135 4852 2430 4906 ponemus;
2483 4835 2812 4906 computatis
2875 4847 3001 4890 ante
3049 4835 3259 4899 diehns,
3305 4835 3508 4904 quibus

1935 4928 2232 4998 reciprocis
2291 4927 2544 4982 cursibus
2586 4927 2882 4983 involvitur
2925 4943 3136 4993 annus,
3199 4927 3250 4980 in
3301 4928 3508 4981 Kalen-

1933 5021 2040 5085 dis,
2085 5031 2141 5074 ct
2193 5020 2396 5083 Idibus,
2444 5031 2497 5075 et
2528 5019 2720 5084 Nonis,
2766 5030 2820 5076 et
2855 5021 2990 5076 solis
3037 5035 3264 5075 ascensu
3301 5031 3356 5073 et
3406 5021 3503 5072 de-

1933 5126 2150 5165 600051].

1969 5201 2105 5256 XIII.
2147 5201 2316 5256 Lunae
2345 5213 2476 5258 tetas
2527 5204 2579 5256 in
2610 5202 2938 5257 Kalendario
2963 5201 3185 5257 Juliano
3213 5219 3463 5272 expansa.
3502 5217 3507 5246 ί

1998 5291 2291 5348 Januarius
2327 5295 2380 5347 in
2415 5292 2689 5358 Kalendis,
2717 5310 2824 5348 una
2856 5295 2997 5359 dies,
3043 5295 3171 5350 luna
3198 5296 3388 5364 prima.
3441 5295 3499 5346 In

1934 5383 2105 5441 Nonis
2135 5386 2326 5456 quinta
2355 5387 2490 5452 dies,
2526 5387 2654 5440 luna
2685 5387 2740 5441 5.
2767 5389 2824 5441 In
2857 5387 3064 5452 Idibus,
3110 5391 3178 5442 I5
3207 5389 3345 5452 dies,
3373 5388 3500 5440 luna

1936 5479 2024 5534 15.
2057 5477 2113 5534 In
2158 5479 2334 5550 pridie
2378 5476 2646 5533 Kalendas
2675 5479 2982 5547 Februarii,
3028 5483 3090 5535 '51
3122 5482 3258 5547 dies,
3283 5480 3408 5534 luna
3447 5481 3496 5534 I.

1934 5569 1992 5626 In
2025 5569 2280 5626 Kalendis
2334 5569 2637 5636 Februarii,
2689 5573 2758 5628 '59.
2781 5574 2918 5636 dies,
2954 5575 3080 5628 luna
3129 5573 3182 5625 2.
3226 5572 3277 5624 ln
3308 5569 3496 5635 Nonis,

1933 5661 2002 5717 56
2036 5662 2172 5726 dies,
2197 5661 2325 5717 luna
2352 5663 2405 5718 6.
2435 5661 2488 5716 In
2526 5663 2728 5730 Idibus,
2776 5665 2844 5721 ﬂ
2869 5665 3006 5730 dies,
3038 5664 3164 5720 luna
3197 5663 3281 5747 Η..
3305 5662 3360 5718 In
3390 5665 3501 5735 pri-

1577 5838 1596 5868 ⁶
1651 5837 1819 5894 chit.
1857 5856 2010 5906 xxm,
2047 5838 2161 5891 ἲῴιοῖ.
