3986 6358
444 355 552 412 219

1227 359 1284 410 S.
1325 351 1655 410 ANATOLII
1691 349 2157 406 ALEXANDRINI
2191 351 2422 408 CANON
2461 352 2847 412 PASCHALIS

3590 356 3699 410 220

440 479 529 532 die
574 476 848 532 Kalendas
893 475 1093 543 Martii,
1149 477 1218 532 59
1261 477 1399 544 dies,
1438 477 1565 532 luna
1619 476 1711 532 29.
1767 474 2021 530 Kalendis
2048 479 2096 534 Α
2123 472 2314 542 Nonis,
2339 475 2446 530 248
2478 476 2614 539 dies,
2662 479 2787 531 luna
2817 477 2905 532 I2.
2943 475 2997 530 In
3030 475 3234 541 Idibus,
3265 476 3369 532 256
3395 478 3532 540 dies,
3569 479 3699 533 luna

443 569 644 637 Martii,
680 568 749 623 60
775 569 914 633 dies,
950 569 1078 622 luna
1111 569 1160 622 I.
1197 570 1252 623 In
1296 567 1486 635 Nonis,
1511 567 1580 622 66
1616 568 1752 635 dies,
1790 567 1921 621 luna
1963 565 2014 623 7.

441 663 500 718 In
531 664 736 728 Idibus,
783 662 853 717 74
899 661 1041 726 dies,
1093 662 1219 716 luna
1265 661 1352 717 I5.
1410 661 1468 716 In
1520 661 1696 731 pridie
1748 659 2021 715 Kalendas

441 757 664 827 Aprilis,
693 754 765 812 90
795 754 933 820 dies,
969 755 1097 808 luna
1129 755 1184 807 2.
1239 753 1497 809 Kalendis
1521 753 1747 823 Aprilis,
1783 751 1844 806 91
1879 751 2018 818 dies,

442 848 569 903 luna
602 848 655 901 5.
696 847 752 900 In
787 844 980 912 Nonis,
1005 845 1076 901 95
1123 846 1263 907 dies,
1318 846 1446 900 luna
1497 845 1547 899 7.
1603 843 1660 900 In
1690 843 1894 908 Idibus,
1921 843 2023 898 I05

441 939 578 1002 dies,
608 940 737 993 luna
772 939 857 994 I5.
913 937 968 992 In
1020 939 1192 1009 pridie
1237 939 1509 994 Kalendas
1557 938 1704 1005 Maii,
1755 936 1858 991 1-20
1879 937 2019 1003 dies,

441 1030 570 1083 luna
605 1029 657 1082 5.
697 1026 956 1084 Kalendis
989 1028 1136 1095 Maii,
1170 1029 1266 1083 121
1302 1031 1442 1093 dies,
1477 1029 1606 1083 luna
1651 1030 1704 1084 4.
1741 1029 1796 1082 In
1829 1026 2020 1094 Nonis,

442 1120 546 1176 I27
568 1121 708 1185 dies,
741 1121 870 1176 luna
901 1120 987 1176 I0.
1026 1120 1082 1174 In
1110 1119 1315 1186 Idibus,
1354 1122 1458 1176 I55
1490 1122 1627 1188 dies,
1686 1122 1813 1176 luna
1846 1121 1932 1177 18.
1964 1120 2023 1175 In

439 1200 616 1282 pridie
652 1210 924 1268 Kalendas
956 1211 1125 1279 Junii,
1177 1213 1271 1267 151
1305 1214 1445 1280 dies,
1492 1214 1622 1268 luna
1677 1215 1732 1269 5.
1764 1213 2022 1269 Kalendis

440 1301 614 1366 Junii,
655 1303 757 1356 I52
789 1302 927 1366 dies,
956 1302 1086 1356 luna
1127 1301 1184 1356 5.
1235 1303 1296 1356 In
1340 1300 1534 1368 Nonis,
1572 1303 1671 1358 I55
1699 1304 1838 1370 dies,
1893 1305 2021 1358 luna

442 1393 496 1448 9.
529 1393 586 1448 In
633 1394 838 1458 Idibus,
869 1393 970 1448 I64
992 1393 1131 1461 dies,
1165 1394 1295 1449 luna
1334 1395 1420 1449 I7.
1455 1397 1514 1449 In
1555 1397 1729 1466 pridie
1751 1395 2023 1452 Kalendas

441 1484 594 1552 Julii,
647 1485 742 1539 181
775 1486 915 1554 dies,
981 1485 1110 1540 luna
1141 1486 1192 1541 5.
1243 1485 1498 1544 Kalendis
1547 1486 1696 1555 Julii,
1735 1488 1839 1543 I82
1881 1489 2018 1554 dies,

442 1581 573 1636 luna
601 1579 653 1634 6.
698 1577 754 1633 In
797 1579 986 1645 Nonis,
1043 1578 1147 1634 I88
1195 1580 1333 1643 dies,
1395 1581 1527 1636 luna
1583 1581 1670 1636 I2.
1707 1579 1764 1635 In
1816 1584 2020 1649 Idibus,

443 1672 547 1727 I96
571 1672 710 1734 dies,
743 1673 869 1725 luna
897 1672 986 1725 20.
1021 1670 1078 1725 In
1115 1672 1289 1743 pridie
1343 1671 1613 1728 Kalendas
1644 1674 2021 1744 Augusti,2l2

441 1765 582 1829 dies,
614 1763 746 1818 luna
781 1764 832 1818 5.
864 1762 1121 1818 Kalendis
1174 1764 1428 1833 Augusti,
1483 1763 1590 1817 215
1618 1763 1757 1830 dies,
1804 1765 1932 1819 luna
1967 1765 2016 1836 7_.

2125 567 2214 620 20.
2261 567 2314 620 In
2344 568 2515 638 pridie
2559 568 2828 625 Kalendas
2857 569 3134 635 Octobris,
3175 569 3282 624 2'75
3315 571 3450 634 dies,
3480 570 3606 624 luna
3643 571 3698 626 8.

2126 659 2382 715 Kalendis
2405 659 2682 727 Octobris,
2724 660 2831 717 274
2862 663 3001 729 dies,
3036 663 3164 716 luna
3193 662 3246 716 9.
3280 662 3337 715 In
3375 661 3567 728 Nonis,
3593 663 3706 719 280

2126 752 2266 818 dies,
2302 753 2428 807 luna
2455 753 2540 807 I5.
2576 753 2632 807 In
2659 753 2866 818 Idibus,
2893 754 2999 809 288
3032 755 3170 819 dies,
3198 755 3329 809 luna
3367 755 3459 809 25.
3499 756 3554 810 In
3588 757 3706 825 pri-

2123 843 2212 898 die
2247 841 2518 898 Kalendas
2571 842 2916 912 Novembris,
2947 843 3051 899 504
3083 845 3225 908 dies,
3257 844 3383 898 luna
3406 846 3460 900 9.
3499 845 3705 899 Kalen-

2125 936 2212 991 dis
2244 934 2587 1000 Novembris,
2619 936 2723 992 505
2777 937 2912 1002 dies,
2965 936 3090 990 luna
3128 937 3213 991 I0.
3263 935 3321 990 In
3353 935 3543 1004 Nonis,
3595 937 3708 992 509

2125 1027 2262 1091 dies,
2288 1029 2416 1080 luna
2447 1027 2533 1080 I4.
2583 1024 2639 1080 In
2675 1025 2878 1091 Idibus,
2907 1026 3010 1079 5I7
3055 1027 3194 1093 dies,
3230 1028 3357 1082 luna
3385 1027 3476 1082 22.
3504 1026 3559 1081 In
3587 1029 3707 1097 pri-

2124 1119 2214 1174 die
2250 1118 2521 1173 Kalendas
2573 1118 2907 1184 Decembris,
2957 1119 3063 1173 554
3094 1120 3230 1185 dies,
3291 1118 3420 1174 luna
3466 1118 3550 1173 I0.
3601 1119 3710 1174 Ka-

2127 1212 2301 1266 lendis
2333 1211 2665 1275 Decembris,
2701 1212 2808 1266 555
2839 1210 2978 1272 dies,
3017 1211 3143 1264 luna
3179 1212 3265 1266 II.
3290 1209 3346 1264 In
3374 1210 3567 1277 Nonis,
3594 1211 3708 1267 559

2125 1305 2262 1371 dies,
2295 1305 2426 1359 luna
2462 1305 2548 1360 I5.
2586 1303 2644 1358 In
2678 1303 2882 1368 Idibus,
2936 1303 3040 1358 547
3074 1302 3213 1368 dics,
3243 1303 3372 1358 luna
3399 1304 3488 1358 25.
3520 1303 3708 1357 Pridie

2125 1397 2395 1452 Kalendas
2426 1395 2693 1461 Januarii,
2717 1396 2822 1451 565
2847 1396 2986 1462 dies,
3031 1395 3158 1449 luna
3204 1397 3289 1449 II.
3325 1395 3489 1450 Kalen
3513 1395 3583 1450 lis
3611 1393 3710 1450 Ja-

2125 1492 2326 1555 nuarii,
2355 1490 2459 1544 566
2496 1490 2632 1552 dies,
2669 1489 2794 1542 luna
2834 1490 2919 1543 I2.

2418 1582 2560 1636 XIV.
2607 1581 2810 1636 Tabula
2834 1581 3100 1651 paschalis
3138 1580 3400 1634 Anatolii.

2183 1674 2350 1746 Nunc
2377 1684 2556 1730 autem
2587 1687 2710 1744 post
2744 1676 3206 1744 computationem
3246 1675 3456 1730 dierum
3487 1683 3541 1730 et
3562 1673 3714 1732 luna:

2127 1783 2349 1822 cursum
2399 1775 2702 1833 ostensum,
2740 1767 2942 1837 quibus
3001 1767 3054 1821 in
3107 1767 3267 1822 linem
3319 1784 3492 1838 usque
3536 1768 3712 1824 volvi-

442 1854 504 1911 In
533 1853 724 1922 Nonis,
755 1855 860 1911 217
887 1855 1027 1921 dies,
1054 1854 1181 1909 luna
1245 1855 1332 1910 I2.
1394 1853 1451 1908 In
1498 1853 1702 1922 Idibus,
1735 1855 1843 1912 225
1879 1857 2017 1924 dies,
2055 1836 2096 1892 Β
2129 1870 2217 1914 tur
2251 1869 2418 1924 totus,
2444 1875 2714 1913 annorum
2745 1836 2936 1914 circuli
2979 1859 3307 1929 principium
3337 1836 3712 1915 inchoandum

443 1950 572 2004 luna
622 1949 710 2004 I9.
737 1947 793 2002 In
825 1948 998 2018 pridie
1041 1947 1310 2002 Kalendas
1355 1947 1713 2017 Septembris,
1741 1947 1849 2005 245
1877 1949 2017 2016 dies,

2127 1960 2229 2007 est.
2289 1951 2404 2004 Hoc
2441 1949 2648 2004 Pascha
2681 1967 2713 2003 a
2742 1965 2793 2002 vr
2825 1948 3097 2002 Kalendas
3131 1949 3354 2014 Aorilis,
3388 1965 3548 2019 usque
3571 1950 3624 2002 in
3656 1965 3715 2003 ix

443 2045 571 2101 luna
594 2045 645 2100 7.
675 2043 932 2099 Kalendis
983 2042 1341 2112 Septembris,
1393 2041 1500 2095 244
1530 2042 1669 2109 dies,
1708 2043 1836 2097 luna
1873 2042 1926 2097 8.
1958 2045 2016 2096 In
2130 2043 2402 2098 Kalendas
2429 2041 2582 2096 Maii.

831 2176 1229 2226 EQUINOCTIUII.
1647 2178 1803 2217 LUNA.
2301 2177 2518 2216 PASCHA.
3227 2176 3384 2214 LUNA.

630 2287 683 2339 I.
914 2281 1169 2338 Sabbato.
1621 2283 1809 2338 XXVI.
2112 2285 2228 2338 XV.
2271 2285 2501 2338 Kalend.
2531 2283 2686 2348 Maii,
3222 2281 3408 2336 XVIII.

625 2381 682 2434 2.
903 2378 1210 2432 Dominica.
1618 2377 1728 2433 VII.
2108 2380 2369 2435 Kalendis
2402 2381 2622 2450 Aprilis.
3220 2380 3358 2436 XIV.

620 2478 674 2532 5.
893 2471 959 2526 II.
1003 2473 1187 2528 Feria.
1618 2474 1800 2532 XVIII.
2106 2477 2198 2532 XI.
2239 2477 2513 2531 Kalendas
2544 2477 2694 2531 Maii.
3218 2477 3360 2530 XVI.

620 2574 676 2628 4.
898 2571 987 2627 III.
1026 2570 1206 2625 Feria.
1609 2570 1803 2626 XXIX.
2105 2571 2295 2629 Idibus
2320 2573 2542 2644 Aprilis.
3221 2571 3364 2626 XIX.

621 2673 674 2728 5.
895 2672 985 2727 IV.
1022 2671 1204 2726 Feria.
1612 2669 1680 2725 X.
2105 2669 2194 2728 IV.
2240 2669 2468 2725 Kalend.
2500 2670 2701 2739 Aprilis
3220 2665 3360 2722 XIV.

621 2772 676 2826 6.
896 2770 962 2825 V.
1009 2770 1192 2824 Feria.
1607 2765 1752 2822 XXI.
2104 2767 2246 2822 XIV.
2287 2766 2519 2821 Kalend.
2550 2766 2711 2821 Maii.
3222 2763 3363 2818 XVI.

626 2866 677 2918 7.
898 2866 1132 2920 Sabbato
1165 2864 1300 2933 (γι).
1617 2863 1678 2918 u.
2108 2863 2200 2919 γι.
2244 2862 2474 2917 Kalend.
2507 2862 2732 2932 Aprilis.
3221 2859 3389 2915 xvu.

626 2963 680 3015 8.
899 2960 1200 3013 Dominica.
1616 2957 1756 3011 XIII.
2109 2958 2370 3012 Kalendis
2393 2957 2610 3028 Aprilis.
3223 2954 3340 3008 XX.

624 3058 677 3110 9.
896 3055 959 3109 Il.
998 3055 1183 3110 Feria.
1613 3052 1802 3106 XXIV.
2109 3053 2298 3108 XVIII.
2337 3052 2574 3107 Kalend.
2611 3052 2763 3107 Maii.
3227 3051 3343 3105 XV.

597 3151 688 3206 I0.
905 3149 990 3204 III.
1031 3150 1214 3204 Feria.
1620 3147 1683 3201 V.
2114 3149 2250 3203 VIII.
2297 3148 2428 3202 ldus
2459 3147 2679 3218 Aprilis.
3231 3146 3350 3204 XV.

593 3246 680 3298 II.
902 3242 991 3297 IV.
1036 3242 1217 3296 Feria.
1615 3238 1754 3293 XVI.
2109 3241 2198 3296 IV.
2243 3239 2474 3294 Kalend.
2505 3241 2726 3310 Aprilis.
3223 3238 3344 3296 XX.

596 3338 680 3391 I2.
903 3335 964 3391 V.
1002 3335 1186 3390 Feria.
1616 3333 1827 3388 XXVII.
2107 3334 2195 3389 III.
2240 3335 2372 3390 Idus
2400 3335 2618 3405 Aprilis.
3225 3331 3347 3388 XV.‘

595 3429 682 3482 I5.
899 3424 988 3480 VI.
1021 3423 1206 3479 Feria.
1619 3425 1750 3479 VIII.
2111 3424 2199 3480 III.
2248 3424 2434 3480 Nonas
2466 3426 2686 3495 Aprilis.
3222 3423 3386 3479 XVII.

599 3525 683 3577 II.
905 3519 1155 3575 Sabbalo.
1610 3519 1728 3574 XX.
2108 3520 2203 3575 IX.
2248 3519 2481 3577 Kalend.
2514 3519 2667 3574 Maii.
3227 3519 3345 3574 XX.

597 3621 684 3674 15.
901 3616 1205 3672 Dominica.
1619 3618 1656 3670 I.
2111 3617 2203 3672 VI.
2241 3616 2378 3672 Idus
2403 3617 2628 3688 Aprilis.
3235 3614 3353 3668 XV.

597 3715 682 3769 I6.
899 3713 958 3768 II.
1000 3712 1184 3768 Feria.
1610 3713 1721 3768 XII.
2105 3716 2172 3770 II.
2219 3714 2463 3768 Kalend.
2495 3713 2719 3783 Aprilis.
3229 3710 3415 3768 XVIII.

596 3810 682 3863 I7.
903 3807 993 3864 IV.
1035 3807 1197 3864 Feria
1232 3810 1369 3882 (28).
1618 3809 1809 3867 XXIII.
2122 3810 2262 3866 XIV.
2306 3809 2539 3864 Kalend.
2571 3808 2730 3864 Maii.
3232 3808 3373 3863 XIX.

597 3906 684 3960 I8.
908 3904 973 3959 V.
1004 3903 1187 3962 Feria.
1617 3905 1711 3964 IV.
2116 3907 2183 3961 II.
2228 3905 2414 3961 Nonas
2438 3904 2662 3975 Aprilis.
3230 3902 3372 3959 XIV.

600 4002 686 4054 I9.
905 3997 993 4053 VI.
1034 3999 1218 4054 Feria.
1625 4001 1746 4057 XV.
2124 4001 2214 4056 VI.
2259 4000 2487 4055 Kalend.
2519 3999 2746 4070 Aprilis.
3230 3997 3395 4054 XVII.

501 4110 981 4167 XV.Cwsariensis
1003 4113 1190 4183 synodi
1212 4115 1362 4169 limes
1380 4115 1442 4169 alr
1466 4117 1716 4169 Anatolio
1744 4119 1986 4185 rejectus.
2059 4135 2102 4194 ο
2138 4113 2350 4169 Domini
2386 4113 2636 4182 iussione
2685 4112 2954 4168 sancitum
3009 4120 3094 4168 est
3151 4123 3204 4168 et
3255 4113 3539 4170 catholica:
3589 4114 3718 4172 fidei

530 4224 630 4280 IIic
662 4225 901 4282 circulus
929 4243 1022 4280 XIX
1051 4242 1321 4282 annorum
1361 4244 1392 4282 a
1433 4229 1764 4298 quibusdam
1823 4231 2038 4287 Africa-

459 4321 548 4375 nis
576 4319 816 4374 rimariis
842 4319 934 4389 qui
972 4319 1266 4388 ampliores
1298 4321 1534 4376 circulos
1567 4324 2034 4394 conscripserunt,

461 4427 572 4466 non
600 4413 859 4480 probatur
878 4453 893 4479 ,
927 4412 1056 4482 quia
1087 4429 1276 4468 eorum
1333 4414 1794 4485 sospicationibus
1823 4433 1888 4472 ac
1920 4419 2039 4488 opi-

462 4503 724 4558 nionibus
756 4504 970 4559 videtur
1003 4505 1139 4561 satis
1167 4520 1289 4560 esse
1321 4509 1658 4565 contrarius.
1693 4509 1906 4581 Quippe
1942 4511 2039 4581 qui

463 4594 565 4651 has
617 4596 671 4650 in
729 4611 830 4652 suo
887 4613 1116 4653 numero
1170 4600 1408 4656 rationes
1442 4602 1858 4673 probatissimas
1887 4618 2041 4659 com-

460 4697 715 4756 ponunt,
777 4690 1107 4760 principium
1149 4693 1424 4762 quoddam
1478 4693 1700 4751 Pascha:
1766 4697 2041 4767 ﬁnemque

463 4787 878 4847 componentes,
928 4779 984 4835 id
1021 4789 1104 4837 est
1147 4797 1216 4836 ne
1275 4791 1402 4837 ante
1443 4798 1495 4836 χι
1521 4781 1792 4838 Kalendas
1816 4785 2039 4853 Aprilis,

462 4884 566 4924 nec
599 4879 722 4939 post
770 4871 1083 4927 vicesimam
1129 4874 1359 4944 primam
1388 4875 1571 4929 lunam
1601 4884 1655 4930 et
1691 4891 1745 4930 χι
1772 4875 2042 4932 Kalendas

464 4960 617 5026 Maii,
645 4961 850 5019 Pascha
874 4963 1268 5020 immolandum
1291 4982 1433 5022 esse.
1468 4967 1618 5035 Quos
1644 4967 1909 5024 terminos
1931 4984 2042 5025 non

465 5057 646 5111 solum
686 5071 796 5111 non
832 5058 1139 5127 sequendos
1165 5100 1180 5126 ,
1235 5061 1330 5115 sed
1382 5063 1546 5115 etiam
1597 5061 1945 5118 detestandos
1980 5077 2045 5118 ac

467 5145 826 5202 succidendos
861 5162 985 5204 esse
1029 5149 1395 5206 decernimus.
1429 5149 1566 5205 Cum
1619 5153 1675 5206 in
1716 5153 1885 5208 veteri
1917 5151 2044 5223 qui-

459 5244 586 5298 dem
626 5240 742 5312 lege
779 5241 884 5296 hoc
935 5242 1115 5297 solum
1147 5244 1416 5299 custodiri
1467 5244 1666 5300 debere
1709 5245 2042 5311 decernitur,

466 5336 544 5390 uti
577 5350 647 5390 ne
673 5343 798 5390 ante
821 5342 1224 5405 transgressum
1258 5336 1496 5391 vernalis
1520 5337 1832 5407 aequinoctii
1857 5337 1912 5391 in
1935 5351 2046 5407 quo

465 5427 807 5482 autumnalis
836 5427 1132 5483 novissima
1162 5443 1293 5497 pars
1324 5428 1581 5492 vincitur,
1616 5430 1827 5484 decima
1851 5439 2044 5500 quarta

2144 4206 2478 4262 conveniens
2509 4207 2563 4259 in
2590 4207 2871 4270 omnibus,
2923 4205 3211 4275 anticipari
3244 4206 3491 4260 illicitum
3527 4221 3592 4262 ac
3629 4223 3730 4278 pe-

2143 4299 2444 4354 riculosum
2472 4313 2616 4363 esse,
2648 4299 2799 4352 omni
2843 4298 3078 4368 sapienti
3125 4314 3233 4353 non
3261 4299 3488 4355 dubium
3523 4311 3629 4356 est.
3662 4302 3734 4357 Et

2145 4392 2350 4448 idcirco
2375 4391 2482 4446 hoc
2509 4391 2687 4447 solum
2729 4393 2864 4446 satis
2896 4399 2980 4446 est
3027 4391 3520 4449 omnibus‘sanctis
3548 4404 3603 4448 et
3631 4409 3732 4450 ca-

2146 4484 2368 4541 tholicis
2425 4485 2558 4540 viris
2605 4485 2919 4550 custodire,
2967 4492 3028 4537 ttt
3077 4485 3440 4554 plurimorum
3493 4487 3734 4543 diversis

2147 4576 2500 4648 opinionibus
2524 4577 2940 4647 praetermissis,
2976 4579 3115 4632 intra
3164 4578 3429 4633 terminos
3466 4594 3607 4648 quos
3639 4595 3734 4635 ex-

2146 4669 2470 4742 posuimus,
2505 4670 2906 4725 solemnitatem
2965 4667 3264 4725 Dominicaa
3308 4671 3732 4728 resurrectionis

2148 4763 2493 4819 concludant.

2148 4876 2289 4932 XVI.
2315 4877 2392 4932 De
2428 4877 2557 4932 solis
2586 4892 2805 4930 ascensu
2827 4892 2889 4929 ac
2905 4875 3174 4930 descensu.
3201 4876 3444 4942 Quatuor
3465 4878 3592 4930 anni
3615 4892 3736 4930 car-

2203 4951 2350 5004 dines
2373 4964 2438 5002 ea:
2453 4947 2692 5001 Anatolii
2713 4949 2973 5001 sententia
2993 4944 3318 5001 Caesarianis
3348 4954 3684 5017 respondent.

2220 5063 2488 5119 Craterum
2517 5062 2663 5133 quod
2698 5070 2806 5117 tuae
2837 5061 3081 5130 epistola:
3131 5061 3464 5131 subjeceras,
3497 5069 3556 5114 ut
3600 5060 3734 5116 solis

2151 5171 2440 5212 ascensum
2466 5154 2900 5222 descensumque
2932 5153 3026 5223 qui
3057 5152 3110 5205 in
3133 5153 3494 5206 diminutione
3519 5152 3734 5206 dierum

2152 5264 2217 5304 ac
2280 5246 2522 5302 noctium
2576 5245 2899 5306 conﬁcitur,
2953 5243 3083 5298 huic
3138 5244 3405 5312 opusculo
3453 5243 3738 5297 insinuare

2152 5355 2418 5404 conarer,
2452 5337 2557 5392 hoc
2615 5336 2779 5390 modo
2830 5334 3124 5391 inchoatur
3169 5345 3334 5406 atque
3365 5337 3734 5391 consumitur.

2153 5435 2255 5490 Per
2287 5450 2356 5488 xv
2385 5432 2502 5488 dies
2529 5438 2584 5486 et
2615 5431 2766 5486 hora:
2796 5428 3083 5484 dimidium
3130 5429 3241 5486 sole
3276 5431 3605 5484 ascendente
3639 5444 3739 5499 per

467 5523 555 5578 die
588 5525 798 5580 mensis
820 5524 1000 5594 primi,
1027 5526 1122 5596 qui
1164 5540 1275 5580 non
1330 5526 1438 5581 diei
1501 5526 1596 5581 sed
1641 5527 1784 5583 lunae
1833 5527 2050 5583 orsibus
2081 5507 2126 5562 D
2155 5527 2367 5597 singula
2394 5531 2694 5586 momenta,
2723 5521 2777 5576 id
2807 5531 2892 5578 est
2920 5537 3014 5592 per
3047 5538 3099 5576 IV
3149 5521 3204 5575 in
3248 5538 3356 5576 una
3385 5522 3472 5576 die
3495 5561 3509 5586 ,
3539 5523 3609 5575 ab
3633 5537 3737 5577 vut

469 5624 842 5686 computatur,
881 5615 1094 5673 Pascha
1147 5617 1476 5674 immoletur.
1521 5615 1674 5684 Quod
1708 5617 1950 5689 quidem,
1989 5626 2053 5673 ut
2163 5617 2435 5673 Kalendas
2467 5614 2756 5682 Januarii,
2819 5614 2874 5669 in
2918 5629 3014 5668 vui
3062 5612 3334 5668 Kalendas
3365 5613 3567 5685 Aprilis
3598 5613 3738 5668 hora

547 5731 950 5807 (27)_Sabbato.
1001 5733 1102 5793 Hic
1139 5737 1375 5807 primum
1408 5734 1693 5792 Anatolius
1742 5734 2041 5793 bissextum

477 5803 727 5859 admittit.
758 5804 991 5861 Iivcnnn.

2227 5731 2412 5806 (28)”!
2428 5730 2467 5784 V
2504 5729 2688 5806 _Fert‘a.
2719 5731 3023 5789 Bissextum
3049 5731 3344 5787 secundum
3381 5730 3468 5786 hic
3490 5730 3741 5800 agnoscit

2171 5803 2475 5861 Anatolius.
2502 5803 2576 5857 In.
