3986 6358
218 416 324 474 221

839 413 909 469 ΙΝ
947 411 1005 468 S.
1047 406 1370 466 ANATOLII
1404 401 1731 462 CANONEM
1770 397 2000 457 EGIDII
2033 393 2355 452 BUCHERll
2394 387 2961 448 COMMENTARIUS.

3383 379 3488 433 9‘22

165 547 173 552 '
220 531 573 590 diminuitur,
596 527 652 582 in
679 543 789 598 qua
843 535 1242 582 consumuntur
1269 539 1347 578 xu
1390 521 1540 574 horae
1567 527 1620 572 et
1640 516 1810 580 assis,
1847 519 1893 575 Α
1921 512 2113 568 lendas
2131 508 2396 572 Januarii,
2423 506 2586 562 simili
2615 519 2843 558 numero
2872 504 3131 598 horarum
3161 511 3494 598 aemomen-

220 624 273 680 id
307 635 392 677 est
425 624 604 692 prima
628 636 757 692 pars
781 635 848 674 ex
882 635 954 673 xu
982 617 1282 687 particulis.
1315 613 1370 667 ln
1394 629 1499 682 qua
1519 613 1605 665 die
1627 609 1691 663 ad
1726 624 1815 661 ve-

219 730 466 786 sperum,
487 713 535 768 si
554 714 682 767 luna
699 728 789 766 xtv
808 710 1113 774 accidisset,
1131 721 1304 778 agnus
1319 703 1460 774 apud
1478 703 1693 758 Judzeos
1713 700 1810 752 im-

219 802 561 859 molabatur.
590 798 691 856 Sin
717 810 898 854 autem
923 797 1191 852 excedens
1213 810 1497 856 numerus,
1522 809 1592 847 xv
1618 791 1700 845 vel
1719 807 1809 846 xvt

219 895 348 948 luna
384 892 590 945 fuisset
611 890 854 953 inventa,
882 889 935 941 in
975 900 1199 955 vespere
1227 883 1469 954 ejusdem
1495 881 1600 935 diei
1629 881 1682 933 in
1721 893 1814 932 xtv

217 987 308 1038 die
342 984 611 1037 secundae
643 983 786 1036 luna:
829 981 1018 1034 eodem
1057 993 1242 1032 mense
1266 983 1407 1030 nata:
1434 973 1499 1027 ad
1527 985 1812 1040 vesperum

218 1075 435 1129 Pascha
494 1074 879 1128 celebrabatur
916 1090 930 1137 ;
971 1079 1175 1140 septem
1236 1069 1430 1122 diebus
1467 1063 1812 1118 comedentes

220 1182 442 1238 azyma,
472 1181 654 1235 usque
679 1165 745 1219 ad
777 1165 917 1219 diem
943 1179 1031 1216 xxi
1068 1162 1120 1214 in
1150 1173 1457 1228 vesperum.
1490 1155 1658 1208 Nobis
1683 1166 1816 1223 ergo

220 1253 488 1308 similiter
521 1252 568 1308 si
594 1253 832 1317 eveniat,
867 1260 926 1305 ut
959 1266 1034 1304 vu
1072 1247 1342 1303 Kalendas
1374 1247 1575 1315 Aprilis
1607 1253 1658 1299 et
1697 1243 1814 1298 dies

221 1344 523 1399 Dominica
562 1353 618 1398 et
669 1343 795 1398 luna
839 1357 929 1397 xtv
969 1341 1298 1403 inveniatur,
1342 1355 1434 1393 xtv
1479 1338 1689 1393 Pascha
1723 1350 1814 1391 ce-

221 1435 563 1491 lebrandum
608 1444 713 1490 est.
755 1433 858 1489 Sed
893 1443 946 1489 et
975 1434 1020 1488 si
1049 1448 1118 1486 xv
1153 1431 1237 1486 vel
1287 1444 1414 1495 xvr,
1459 1439 1514 1484 et
1541 1445 1717 1500 usque.
1746 1431 1814 1485 ad

222 1543 290 1582 xx
339 1528 482 1583 luna
539 1526 707 1582 fuerit
751 1528 969 1582 inventa
998 1569 1012 1592 ,
1053 1539 1152 1592 pro
1187 1523 1489 1579 reverentia
1519 1521 1816 1577 Dominicze

222 1619 664 1675 resurrectionis
693 1634 816 1689 quae
845 1619 899 1672 in
931 1619 1019 1673 die
1048 1615 1330 1670 Dominica
1365 1613 1503 1669 facta
1527 1623 1630 1677 est,
1657 1614 1816 1670 nobis

224 1711 490 1765 similiter
527 1710 913 1765 celebrandum
937 1720 1056 1774 est;
1091 1707 1161 1761 ita
1199 1715 1375 1759 tamen
1405 1716 1463 1757 ut
1489 1705 1814 1774 principium

226 1805 461 1860 Pascha:
484 1804 653 1859 linem
685 1803 1046 1860 solemnitatis
1071 1817 1285 1869 eorum,
1308 1803 1360 1856 id
1384 1811 1468 1857 est
1499 1802 1812 1856 vicesimam

1923 616 2101 660 torum
2135 603 2339 658 linitur.
2371 600 2446 656 Ita
2495 606 2554 653 ut
2598 615 2692 652 vui
2725 596 2996 651 Kalendas
3024 591 3270 647 Januarii
3301 593 3492 646 horam

1920 710 1974 754 et
2011 697 2156 754 boue
2187 696 2469 750 dimidium
2503 695 2636 748 hora
2671 689 2886 744 haheat.
2921 688 2998 741 Eo
3030 701 3206 756 usque
3255 699 3494 752 namque

1919 793 2036 848 dies
2063 806 2117 846 et
2156 807 2261 846 nox
2293 791 2693 846 diminuuntur.
2747 787 2810 842 Et
2847 803 2923 840 x—u
2957 787 3107 840 horae
3135 797 3256 853 qure
3290 780 3344 833 in
3374 794 3494 832 ver-

1919 884 2030 938 nali
2078 882 2406 952 aequinoctio
2437 881 2490 933 in
2540 878 2809 950 principio
2848 875 3060 928 Domini
3088 869 3492 942 dispensatione

1918 978 2227 1034 constitutae
2260 986 2407 1038 sunt,
2436 974 2489 1027 in
2522 989 2617 1026 vui
2666 971 2936 1025 Kalendas
2967 967 3093 1022 Julii
3126 976 3285 1022 nocte
3327 965 3494 1020 dimi-

1919 1079 2084 1133 mitte.
2112 1070 2227 1124 sole
2251 1068 2575 1123 ascendente
2598 1081 2692 1134 per
2721 1063 2967 1132 singulos
2991 1077 3132 1130 quos
3154 1075 3318 1128 supra
3349 1057 3492 1112 dixi-

1919 1181 2042 1220 mus
2094 1163 2296 1233 gradus
2341 1176 2521 1227 xvut,
2555 1160 2608 1213 in
2661 1157 2984 1212 duodecimo
3034 1153 3266 1224 longiori
3316 1152 3494 1222 spatio

1919 1256 2264 1326 reperiantur
2309 1254 2595 1324 adjunctaa.
2631 1250 2697 1305 Et
2724 1252 2920 1304 iterum
2971 1263 3050 1301 xu
3098 1247 3247 1300 horae
3289 1261 3409 1314 qua:
3438 1245 3492 1298 in

1918 1349 2216 1404 autumnali
2246 1347 2572 1417 aequinoctio
2601 1346 2734 1399 solis
2765 1345 3036 1397 descensu
3064 1339 3400 1407 repleantur,
3436 1336 3493 1388 in

1917 1456 2015 1494 vut
2046 1439 2314 1493 Kalendas
2335 1436 2578 1491 Januarii
2608 1451 2703 1501 sex
2733 1437 2882 1489 horae
2910 1434 2963 1488 in
2996 1447 3069 1486 xu
3114 1430 3303 1485 divisa:
3337 1429 3489 1482 inve-

1919 1532 2137 1586 niantur
2165 1529 2472 1599 disiunctae,
2493 1536 2650 1582 nocte
2670 1542 2797 1581 xvtu
2829 1526 2882 1579 in
2913 1539 2990 1578 xu
3024 1523 3228 1578 divisas
3252 1527 3490 1575 tenente.

1917 1621 2048 1689 Quae
2075 1622 2130 1676 in
2160 1637 2256 1676 vut
2279 1621 2548 1676 Kalendas
2569 1617 2697 1674 Julii
2726 1618 2976 1673 similiter
2997 1632 3050 1671 vt
3075 1615 3130 1670 in
3157 1629 3238 1669 xu
3270 1612 3496 1684 partitas

1921 1715 2156 1770 tenebat.

2329 1801 2492 1858 XVII.
2535 1801 2718 1868 Operi:
2751 1800 3038 1856 conclusio.

226 1897 440 1961 lunam,
491 1910 608 1949 non
637 1895 883 1950 excedat.
920 1894 985 1948 Et
1007 1894 1130 1951 ideo
1153 1911 1261 1949 nou
1297 1911 1489 1964 parum
1518 1895 1813 1964 deliquisse
1847 1873 1888 1928 Β
1987 1893 2154 1949 XVII.
2189 1893 2304 1950 Hoc
2355 1903 2533 1950 autem
2565 1909 2673 1948 non
2729 1894 2946 1963 ignores
2973 1932 2988 1956 ,
3041 1888 3186 1959 quod
3218 1887 3321 1941 ista
3361 1901 3498 1955 qua-

228 1987 482 2042 diximus
517 2001 636 2051 eos,
665 1986 756 2055 qui
789 1983 1088 2054 anticipare
1119 1985 1201 2039 vel
1228 1985 1490 2040 excedere
1522 1985 1669 2039 hunc
1710 2001 1814 2038 nu—

228 2094 444 2154 merum
500 2077 704 2132 divinae
756 2078 1021 2133 insertum
1068 2075 1365 2148 Scriptura
1415 2077 1532 2132 ausi
1562 2086 1709 2133 sunt.
1750 2077 1815 2131 Et

230 2173 294 2225 ab
324 2187 428 2225 vut
456 2169 739 2225 Kalendas
762 2170 964 2240 Aprilis
1012 2171 1068 2225 in
1099 2186 1197 2225 vtu
1227 2169 1498 2227 Kalendas
1523 2170 1696 2226 Julias
1722 2186 1817 2239 per

231 2279 294 2317 xv
345 2263 477 2319 dies
535 2264 672 2317 hora
706 2263 1059 2330 diminuitur;
1088 2279 1183 2332 per
1211 2264 1321 2318 duo
1348 2273 1621 2318 momenta
1649 2271 1704 2319 et
1735 2262 1816 2315 di-

228 2354 492 2418 midium,
529 2362 587 2408 et
626 2362 838 2408 sextam
882 2361 1089 2423 partem
1140 2354 1436 2419 momenti,
1471 2353 1586 2408 sole
1628 2367 1818 2407 ascen-

229 2448 390 2501 dente
416 2462 521 2516 per
549 2446 798 2517 singulos
829 2444 966 2502 dies.
1002 2444 1068 2499 Et
1107 2445 1174 2498 ab
1205 2461 1304 2500 vut
1339 2443 1610 2500 Kalendas
1643 2441 1815 2498 Julias

231 2539 282 2593 in
310 2555 415 2594 vut
447 2538 734 2594 Kalendas
776 2536 1026 2595 Octobris
1049 2539 1296 2593 similiter
1327 2553 1423 2607 per
1477 2553 1546 2591 xv
1575 2537 1714 2605 dies,
1762 2543 1815 2590 et

232 2640 474 2700 quatuor
511 2630 705 2697 horas,
749 2630 885 2684 hora
921 2629 1276 2696 diminuitur;
1313 2630 1673 2685 descendente
1701 2627 1819 2683 sole

233 2722 285 2776 in
307 2738 655 2792 unaquaque
686 2723 774 2777 die
809 2738 906 2794 per
953 2723 1202 2779 eumdem
1236 2737 1524 2776 numerum
1575 2735 1821 2774 momenr

234 2823 412 2869 torum
437 2834 453 2882 ;
483 2827 540 2871 et
576 2815 818 2886 spatium
837 2814 984 2885 quod
1009 2823 1281 2885 superest,
1306 2830 1480 2884 usque
1510 2813 1562 2866 in
1595 2828 1688 2866 vui
1718 2811 1819 2866 Ka-
1862 2883 1867 2889 _

1921 1998 2046 2043 tuor
2075 2003 2196 2058 quae
2234 1987 2474 2042 diximus
2525 1995 2829 2056 temporum
2864 1983 3132 2045 confinia,
3169 1981 3295 2035 licet
3345 1994 3498 2031 men-

1920 2081 2060 2136 sium
2097 2081 2440 2150 sequentium
2480 2077 2738 2135 Kalendis
2769 2077 3233 2149 approximentur,
3290 2087 3493 2127 unum-

1922 2172 2174 2243 quodque
2223 2181 2404 2226 tamen
2447 2170 2682 2226 medium
2735 2169 3024 2239 temporis,
3058 2167 3110 2221 id
3141 2177 3225 2221 est
3257 2166 3408 2221 verni
3443 2173 3498 2219 et

1923 2265 2151 2328 aestatis,
2192 2261 2438 2318 autumni
2469 2269 2525 2316 et
2570 2261 2765 2317 hiemis
2799 2270 2998 2316 teneat.
3048 2259 3113 2313 Et
3142 2274 3250 2312 non
3295 2259 3494 2314 exinde

1924 2365 2229 2424 temporum
2283 2354 2552 2426 principia
2608 2354 2973 2418 inchoantur,
3023 2353 3165 2406 unde
3223 2350 3495 2405 mensium

1920 2447 2174 2504 Kalendae
2208 2447 2524 2502 initiantur:
2557 2445 2661 2502 Sed
2699 2447 2771 2500 ita
2820 2445 3250 2514 unumquodque
3282 2452 3496 2512 tempus

1920 2539 2286 2594 inchoandum
2320 2547 2424 2603 est,
2449 2548 2508 2593 ut
2538 2554 2568 2592 a
2592 2539 2766 2608 prima
2797 2539 2885 2592 die
2917 2538 3064 2592 veris
3097 2547 3308 2606 tempus
3327 2536 3497 2605 aequi-

1923 2634 2165 2689 noctium
2202 2633 2444 2697 dividat;
2475 2641 2528 2686 et
2564 2632 2768 2686 aestatis
2803 2647 2902 2685 vtu
2948 2629 3219 2684 Kalendas
3252 2627 3413 2692 Julii,
3441 2635 3498 2681 et

1926 2725 2171 2781 autumni
2200 2739 2295 2778 vtu
2327 2722 2596 2778 Kalendas
2633 2721 2908 2782 Octehris.
2945 2732 2998 2777 et
3031 2723 3226 2777 hiemis
3257 2737 3353 2774 vut
3385 2719 3496 2774 Ka-

1926 2815 2116 2871 lendas
2151 2812 2397 2868 Januarii
2434 2813 2684 2867 similiter
2715 2812 2995 2867 dividitur.

1331 3199 1748 3288 IEGIDII
1832 3197 2406 3287 BUCHERII

729 3397 797 3457 In
828 3398 888 3458 S.
925 3393 1201 3456 Anatolii
1233 3395 1644 3457 Alexandrini
1681 3393 1998 3454 Cononem
2032 3392 2392 3455 Paschalem
2436 3393 2970 3456 Commentarius.

761 3710 986 3767 CAPUT
1028 3711 1315 3768 PRIMUM.

1850 3718 1890 3772 C
1923 3712 2132 3766 decima
2169 3709 2316 3764 nullo
2350 3712 2606 3779 scrupulo
2639 3710 2844 3774 indit-it,
2885 3711 2938 3763 in
2970 3727 3080 3778 quo
3107 3727 3228 3764 cum
3264 3711 3499 3779 Quarta-

270 3803 408 3860 sme
451 3807 710 3876 gmw-mu
764 3807 1000 3860 Amnon-5
1045 3806 1234 3860 cam,"
1280 3803 1593 3869 pascimus,
1646 3804 1824 3858 Cm,“
1923 3781 2260 3876 tlecimapis,
2288 3796 2381 3835 seu
2413 3777 3005 3876 TOes'saarcsltzedecatitis
3040 3784 3107 3834 ah
3139 3777 3378 3864 Ecclesia
3416 3799 3500 3836 re-

328 3849 569 3944 scripytus,
607 3893 640 3929 a
687 3877 873 3944 Ruﬁno
909 3849 1096 3929 Latine
1137 3849 1394 3932 redditus”.
1433 3849 1681 3928 Rationes
1729 3891 1820 3928 cur

1924 3852 2097 3944 jectis,
2135 3849 2265 3944 facit
2307 3851 2465 3944 :Aetsi
2501 3849 2552 3903 id
2606 3851 2680 3902 illi
2730 3861 3048 3944 perpetuum
3093 3867 3199 3904 non
3247 3853 3500 3944 sit;nnec

321 3948 581 4017 ejusmodi
643 3947 830 4000 Cauon
876 3945 1114 4000 Anatolii
1169 3963 1284 4017 non,
1323 3946 1584 4017 videatur.
1641 3944 1822 4013 Ipsum

319 4014 576 4071 Anatolio
625 4017 862 4069 tribuunt
922 4017 1198 4077 Eusebius,
1255 4016 1418 4080 Beda,
1475 4014 1821 4080 Colmanum,

317 4087 637 4210 :Vilfrif‘lu‘s.
670 4086 816 4140 Beda
844 4105 908 4142 ea:
943 4089 1038 4140 hoc
1065 4085 1288 4142 Canone
1317 4087 1586 4154 complura
1613 4087 1681 4140 ad
1721 4102 1825 4139 ver-

349 4176 438 4212 um
463 4175 513 4212 Ct
542 4177 572 4210 α
606 4195 622 4209 .

314 4273 660 4335 Anatolium,
709 4287 900 4342 genere
931 4272 1358 4327 Alexandrinum
1383 4312 1398 4336 ,
1429 4271 1613 4329 Graece
1641 4271 1817 4328 Cano-

247 4361 362 4399 nem
411 4359 576 4398 suum
628 4344 914 4412 scripsisse
974 4358 1132 4398 nemo
1187 4343 1418 4397 dubitat.
1476 4342 1541 4398 Et
1595 4343 1821 4399 dubium

246 4431 412 4472 omne
459 4412 958 4484 eximitﬂEusebius,
1013 4413 1106 4482 qui
1152 4413 1350 4484 bonam
1402 4414 1566 4484 hujus
1614 4425 1820 4484 partem

246 4485 437 4541 Graece
462 4485 617 4537 citat.
636 4481 959 4556 Yersionem
989 4481 1130 4538 hanc
1160 4481 1407 4538 Latinam
1438 4481 1635 4539 Rufino
1670 4500 1824 4556 teque

244 4570 446 4610 omnes
501 4554 816 4618 ascribunt,
869 4567 1042 4623 eoque
1093 4569 1287 4623 parum
1339 4564 1674 4618 accuratam,
1724 4554 1824 4611 nec

245 4627 383 4682 satis
414 4625 578 4678 fidam
621 4621 968 4679 existimant.’
991 4621 1135 4678 Sane
1161 4621 1370 4689 Graca,
1405 4640 1526 4692 quae
1558 4625 1697 4680 libro
1727 4643 1822 4691 vu,

244 4712 370 4766 cap.
407 4695 479 4748 26
517 4695 647 4766 1'52)
700 4694 953 4766 Historia;
1009 4710 1122 4766 sua!
1167 4693 1537 4766 ecclesiastica:
1595 4695 1824 4751 feliciter

245 4762 485 4821 inseruit
515 4762 803 4828 Eusebius,
843 4774 896 4818 et
922 4762 1227 4818 Ruﬁnianis
1279 4765 1527 4818 uberiora
1576 4774 1724 4830 sunt,
1771 4776 1825 4822 et

245 4839 409 4891 aliter
455 4836 688 4890 subinde
714 4836 1024 4906 clariusque
1062 4834 1478 4904 concipiuntur;
1507 4836 1680 4906 utivel
1716 4840 1823 4906 pri-

246 4923 335 4962 ma
368 4906 780 4974 comparatione
821 4903 994 4960 cuivis
1037 4903 1387 4973 perspiCunm
1435 4916 1536 4960 est.
1575 4905 1690 4961 Hoc
1716 4903 1823 4961 'no-

244 4978 400 5030 mine
432 4991 542 5029 non
574 4990 732 5046 nego,
761 4975 934 5029 labem
963 4976 1278 5046 nonnullam
1313 4975 1365 5028 in
1397 4975 1624 5045 hujusce
1648 4975 1823 5032 Cano-

245 5049 329 5099 m's
368 5053 581 5099 textum
629 5045 863 5114 irrepere

245 5127 436 5170 textus
475 5115 598 5176 iste.
638 5116 872 5188 seposita
913 5115 1092 5170 Ruﬁni
1133 5130 1335 5188 parum,
1367 5115 1513 5188 certa
1557 5117 1818 5188 interpre-

247 5187 782 5255 tationetgenuinus
824 5186 959 5240 alias
1001 5200 1064 5240 ac
1087 5201 1255 5255 verus
1293 5187 1365 5255 sit
1388 5187 1622 5241 Anatolii
1658 5186 1821 5254 fetus,

247 5273 415 5330 quem
468 5253 1025 5330 Euseliius_Canonem
1060 5254 1124 5308 de
1145 5254 1426 5322 Pascbate,
1462 5253 1826 5330 Hieronymus

258 5325 522 5380 Volumen
557 5343 713 5393 super
737 5326 961 5390 Pascha,
993 5334 1208 5379 vocant.

319 5395 402 5449 Ex
437 5396 720 5464 principiis
764 5397 978 5464 quidem
1002 5411 1150 5468 sane
1187 5397 1496 5468 paradoxis,
1525 5409 1827 5468 praeterque

245 5481 603 5522 communem
635 5483 823 5520 eorum
856 5467 948 5536 qui
980 5467 1045 5520 de
1071 5465 1336 5522 Paschate
1359 5468 1670 5524 Christiano
1699 5465 1831 5524 scri-

246 5545 484 5610 pserunt
531 5537 840 5610 opinionem
881 5536 1210 5610 constitutis,
1240 5554 1360 5606 qua:
1393 5537 1575 5594 Conon
1604 5541 1690 5594 hic
1718 5556 1829 5610 pra:

248 5622 308 5680 se
347 5606 476 5668 fert,
511 5607 688 5680 videri
714 5606 848 5660 forte
884 5609 1056 5677 possit
1087 5608 1424 5680 adulterinus
1455 5619 1507 5663 et
1535 5606 1828 5680 suppositi-

248 5678 399 5740 tius;
441 5687 496 5731 et
535 5677 765 5731 alterius
796 5687 976 5745 potius
1001 5693 1163 5748 quam
1187 5677 1424 5734 Anatolii
1459 5687 1566 5734 tam
1602 5677 1826 5748 laudati,

252 5755 362 5802 tam
413 5748 673 5802 catholici
720 5745 1033 5816 scriploris.
1071 5745 1139 5802 Ut
1171 5764 1236 5802 ex
1273 5751 1458 5806 multis
1487 5751 1576 5806 hic
1613 5745 1826 5806 interim

253 5833 424 5887 pauca
464 5820 693 5891 seligam
742 5836 755 5872 :
794 5817 1014 5875 Pascha:
1060 5819 1394 5875 Dominicam
1457 5823 1581 5877 luna
1635 5834 1828 5892 quarta

1925 3921 2028 3976 nisi
2070 3930 2150 3976 ter
2185 3930 2297 3975 toto
2329 3921 2807 3990 decemnovennali
2857 3922 3008 3990 cyclo
3042 3931 3306 3976 recurrat.
3353 3921 3498 3976 Prte-

1926 4002 2069 4046 terea
2124 3991 2367 4045 eamdem
2408 3989 2693 4044 Paschalis
2737 3988 3074 4046 Dominicam
3130 4007 3158 4044 a
3194 4008 3289 4046 xut
3347 3993 3496 4054 luna,

1924 4062 2112 4116 saltem
2156 4071 2417 4121 exeunte.
2454 4061 2506 4115 in
2552 4077 2619 4114 xx
2657 4061 2920 4114 duntaxat
2955 4060 3233 4126 diffundit;
3281 4065 3499 4116 tametsi

1925 4132 2230 4202 Scriptura,
2265 4140 2321 4186 et
2345 4147 2468 4186 cum
2499 4147 2562 4185 ea
2576 4131 2922 4184 Alexandrini
2953 4132 3095 4187 inter
3125 4148 3265 4199 quos
3294 4133 3502 4187 studuit

1922 4204 2224 4268 Anatolius,
2257 4217 2287 4256 a
2320 4219 2410 4256 xtv
2446 4204 2497 4256 in
2534 4217 2627 4256 xxr
2661 4211 2842 4270 aperte
2875 4211 3202 4272 propagent;
3231 4202 3408 4257 Latini
3445 4204 3498 4258 in

1922 4275 2238 4328 vicesimam
2282 4288 2500 4341 quoque
2544 4273 2839 4328 secundam
2886 4273 3177 4327 extendere
3222 4274 3356 4327 nihil
3401 4290 3500 4328 ve-

1924 4353 2164 4398 reantur.
2198 4343 2280 4397 Ad
2319 4345 2433 4398 haec
2465 4343 2674 4397 litteras
2708 4341 3071 4398 Dominicales
3099 4353 3153 4397 et
3176 4343 3500 4412 bissextum,

1923 4414 2096 4469 aliave
2144 4415 2402 4484 pleraque
2433 4426 2540 4468 tam
2579 4414 2806 4484 confuse
2845 4415 3146 4480 constituit,
3178 4425 3237 4468 ut
3268 4431 3374 4469 non
3403 4415 3503 4468 do—

1925 4486 1994 4538 cti
2044 4483 2277 4550 alicujus
2319 4483 2383 4538 et
2439 4484 2608 4539 sancti
2663 4483 2863 4546 Patris,
2919 4487 3132 4553 qualem
3188 4492 3504 4554 supponunt

1925 4571 2115 4609 omnes
2161 4555 2510 4619 Anatolium;
2563 4555 2655 4608 sed
2704 4554 2858 4608 rudis
2904 4564 2958 4609 et
3005 4556 3198 4625 ignari,
3253 4555 3502 4624 forthue

1924 4643 1952 4679 a
1985 4627 2208 4680 veritate
2251 4625 2518 4680 catholica
2553 4625 2692 4678 devii
2739 4626 3020 4693 scriptoris
3062 4628 3243 4695 potius
3271 4643 3393 4682 esse
3422 4627 3503 4679 vi-

1923 4695 2132 4750 dcatur.
2173 4695 2246 4748 De
2271 4711 2380 4765 quo
2409 4697 2566 4764 plura
2602 4711 2726 4748 mox
2757 4699 2932 4764 capite
2963 4698 3142 4751 tertio.

1995 4765 2328 4822 Germanum
2378 4765 2737 4838 nihilominus
2760 4767 3003 4838 Anatolii
3048 4778 3263 4838 partum
3307 4767 3502 4823 lortius

1926 4839 2040 4892 haee
2075 4839 2352 4891 evincunt.
2395 4835 2578 4890 Primo
2607 4835 2827 4890 Eusebii
2861 4835 3217 4892 Caesariensis
3251 4840 3342 4906 qui
3376 4855 3500 4892 eum

1925 4908 2106 4962 videre
2138 4911 2333 4976 potuit,
2361 4907 2680 4968 auctoritas,
2711 4907 2916 4975 quique
2963 4923 3070 4961 non
3101 4910 3240 4963 exile
3270 4908 3502 4964 Cononis

1928 4979 2158 5045 hujusce
2184 4977 2542 5047 fragmentum
2571 4976 2805 5032 Anatolii
2845 4977 3065 5032 nomine
3090 4979 3318 5047 profert,
3343 4980 3504 5047 plane

951 5045 1173 5117 otuisse.
1221 5043 1326 5098 Sed
1371 5043 1601 5116 quaestio
1636 5057 1721 5102 est
1754 5065 1822 5103 an
1858 5063 1900 5116 ι)
1927 5043 2053 5103 huic
2094 5043 2360 5117 Opusculo
2407 5044 2709 5117 conforme,
2746 5047 2851 5101 nisi
2888 5048 2976 5101 ubi
3013 5043 3146 5102 ﬁdes
3173 5043 3390 5103 vacillat
3419 5050 3504 5102 in-

1930 5115 2198 5189 terpretis.
2227 5120 2383 5189 idem
2414 5115 2544 5171 facit
2575 5127 2628 5171 et
2659 5116 2824 5183 Bella,
2857 5117 3014 5171 initio
3047 5119 3207 5172 libelli
3238 5119 3311 5172 De
3341 5119 3504 5187 aqui-

1931 5187 2104 5242 noctio
2126 5198 2176 5242 et
2200 5187 2262 5242 de
2286 5189 2488 5241 ratione
2519 5196 2829 5256 temporum,
2859 5190 3034 5256 capite
3060 5199 3274 5258 quarto.
3304 5189 3504 5243 Deinde

1929 5261 2264 5314 Colmannus
2317 5259 2603 5328 Scotorum
2661 5259 2980 5326 epis_copus,
3049 5260 3190 5328 apud
3249 5260 3500 5313 eumdem

1933 5329 2128 5382 Bedam
2162 5329 2299 5383 libro
2332 5345 2388 5380 Ill
2420 5325 2674 5382 Historia:
2697 5325 2985 5398 ’An’glorum
3009 5325 3373 5382 ecclesiasticae
3418 5344 3504 5381 ca-

1934 5402 2042 5470 pite
2080 5399 2171 5462 ‘25,
2205 5399 2513 5452 Anatolium
2549 5399 2749 5470 virum,
2804 5407 2862 5452 ttt
2906 5403 3002 5464 ait,
3050 5409 3297 5453 sanctum
3347 5407 3400 5451 et
3445 5402 3500 5452 in

1936 5469 2162 5524 historia
2214 5470 2581 5524 ecclesiastica
2631 5469 3100 5534 laudatissimum,
3153 5470 3221 5522 ah
3254 5485 3342 5522 xw
3376 5470 3503 5523 luna

1933 5542 1998 5594 ad
2031 5557 2101 5594 xx
2127 5539 2334 5595 Pascha
2367 5541 2750 5594 celebrandum
2783 5541 3069 5594 tradidisse
3097 5539 3310 5594 asserit.
3345 5539 3502 5605 Quod

1933 5611 2096 5666 etiam
2152 5610 2452 5666 catholicus
2503 5611 2804 5679 Anglorum
2865 5612 3146 5680 presbyter
3194 5608 3500 5675 Wilfridus,

1934 5692 2122 5736 contra
2163 5680 2522 5737 Colmannum
2555 5698 2652 5750 pro
2682 5679 2942 5736 Paschate
2969 5679 3338 5736 Alexandrino
3383 5683 3503 5735 dis—

1935 5760 2132 5819 putans
2163 5793 2178 5816 ,
2209 5767 2316 5805 non
2349 5753 2508 5806 modo
2539 5753 2792 5812 admittit,
2829 5753 2920 5806 sed
2973 5760 3026 5804 et
3057 5753 3277 5822 insuper
3305 5753 3375 5808 ab
3405 5768 3498 5806 xm

1937 5825 2064 5878 luna
2105 5825 2168 5878 ad
2202 5839 2483 5891 vesperum
2521 5823 2748 5876 subinde
2777 5823 2982 5877 Pascha
3013 5822 3206 5879 Scolos
3246 5824 3503 5878 inchoare
