3986 6358
214 373 319 429 2⁸35

1202 371 1265 425 ΙΝ
1302 371 1358 427 S.
1394 370 1720 437 ANATOLII
1756 367 2081 425 CANONEM
2118 362 2549 424 PASCHALEM.

3383 371 3493 429 2126

213 488 453 561 Anatolii
489 498 706 544 textum
751 490 817 561 ad
849 489 1040 561 synodi
1075 489 1633 561 sententianidsaltem
1671 503 1799 560 pro-
1829 494 1875 550 Δ
1903 488 1979 561 ta)
2006 488 2254 561 quodest
2292 487 3020 561 wquinoctii__transg_ressus_;
3061 487 3184 561 licet
3215 487 3284 540 ad
3315 502 3492 544 verum

215 560 358 614 xime
402 570 721 614 revocaret.
744 627 747 628 ν
772 557 1051 615 Posterius
1082 561 1259 628 priore
1293 557 1510 614 facilius
1554 568 1607 613 et
1641 557 1800 614 acce-

211 632 358 699 ptius
405 630 672 684 credidit.
705 627 814 685 Nec
860 644 990 684 vero
1027 627 1225 699 desunt
1267 631 1566 683 etiamnum
1616 630 1803 698 aliqua

215 698 601 769 corruptionis
636 701 800 754 illatae
825 699 1077 769 vestigia.
1120 698 1255 753 Nam
1288 699 1459 769 codex
1500 699 1806 753 manuscri-

214 780 337 839 ptns
374 767 446 823 ex
483 785 603 839 quo
636 771 756 825 haec
788 767 1201 839 exscripsimus,
1224 784 1319 821 vui
1340 767 1610 821 Kalendas
1643 770 1803 838 Apri-

212 838 309 903 les,
340 856 411 910 ex
442 838 580 895 vera
634 856 697 894 ac
724 840 901 910 prima
944 838 1193 910 lectione,
1231 852 1335 892 non
1364 853 1437 904 ιι,
1474 840 1620 893 clare
1650 838 1805 892 exhi-

211 910 322 990 bct_.
359 909 621 965 Tametsi
657 909 771 965 xxii
800 909 980 982 Dystri
1012 909 1153 964 diem
1178 924 1245 965 ex
1271 923 1436 978 prava
1464 910 1804 964 correctione

206 989 479 1034 retineat.

274 1048 564 1117 Ceterum
591 1065 693 1105 cur
715 1048 1004 1115 Eusebius,
1037 1059 1132 1103 aut
1172 1048 1218 1103 si
1247 1047 1372 1116 quis
1406 1048 1565 1113 alius,
1598 1049 1805 1102 Anato-

206 1120 344 1190 lium
401 1120 687 1189 corrigere
736 1135 1044 1190 aggressus,
1083 1134 1212 1190 ixxn
1261 1118 1478 1190 potius,
1515 1133 1800 1190 quamxxi

208 1188 426 1259 Martii,
477 1182 591 1259 prii
631 1206 733 1243 xxv
770 1182 1140 1255 siibstituerit,
1178 1182 1473 1259 nonsatis
1521 1182 1799 1257 pervideo.

208 1257 433 1313 Nicena
479 1256 771 1328 'siquidem
822 1260 1062 1327 synodus
1122 1258 1188 1312 ad
1232 1256 1410 1311 Martii
1441 1273 1533 1328 xxi
1582 1271 1674 1310 seu
1703 1273 1801 1320 xu,

210 1344 320 1383 non
354 1344 417 1382 xi
444 1327 724 1383 Kalendas
752 1329 963 1397 Apriles
996 1328 1379 1397 aequinoctium
1423 1327 1610 1391 aliixit,
1640 1335 1697 1382 et
1728 1327 1802 1381 ita

210 1400 479 1479 deinceps
494 1398 749 1479 Ecclesia
788 1396 1198 1479 retinuit._Qu.in
1225 1396 1542 1479 ita_guoque
1564 1397 1804 1452 sensisse

211 1465 431 1523 videtur
480 1470 805 1531 Anatolius,
875 1469 1092 1537 quando
1137 1468 1254 1536 ipsa
1299 1465 1475 1537 Martii
1516 1482 1645 1529 xxv,
1692 1482 1802 1535 qua

212 1554 377 1593 suum
423 1538 522 1593 ille
561 1539 723 1593 civile
762 1536 1312 1607 ligit’aaquinoctium,
1341 1536 1511 1592 solem
1540 1537 1594 1589 in
1624 1538 1803 1607 primo

210 1608 652 1664 dodecatemorii
706 1606 1010 1678 segmento,
1060 1617 1310 1676 quartam
1356 1607 1468 1676 jam
1505 1608 1646 1661 diem
1681 1606 1803 1660 Bia-

211 1679 593 1750 πορευόμενον
616 1694 725 1750 seu
756 1690 1195 1750 praetergressum
1242 1691 1366 1732 esse
1416 1693 1481 1732 ac
1515 1691 1804 1745 superasse

212 1759 402 1817 aperte
426 1748 663 1811 scribit,
714 1749 950 1801 innuens
995 1748 1241 1817 quintam
1290 1756 1419 1801 tunc
1463 1761 1800 1815 percurrere.

331 1834 402 1873 ue
433 1818 762 1905 satisfaciet,
793 1819 900 1905 qui
916 1819 1059 1871 dicet
1081 1817 1350 1905 gtolemaei
1379 1818 1689 1905 opinionem
1718 1817 1799 1898 vi-
1833 1852 1875 1905 Β

215 1886 327 1943 deri
376 1898 638 1944 secutum
687 1886 1019 1941 Anatolium.
1079 1886 1192 1942 Cur
1225 1889 1371 1941 enim
1422 1888 1529 1951 ille,
1577 1886 1624 1942 si
1666 1887 1802 1942 scri-

216 1960 388 2029 ptoris
443 1958 657 2014 ethnici
704 1968 759 2013 et
808 1957 913 2012 150
948 1958 1112 2029 annis
1152 1958 1458 2029 anterioris
1487 1957 1800 2026 opinionem

216 2027 568 2097 miseretur,
601 2029 770 2083 solem
810 2045 915 2082 xxv
940 2027 1117 2081 Martii
1146 2037 1397 2096 quartam
1429 2027 1803 2081 dodecatemo-

221 2101 281 2152 rii
315 2101 485 2169 primi
524 2107 733 2169 partem
775 2098 889 2168 jam
919 2097 1263 2169 percurrisse,
1302 2106 1356 2169 et
1386 2112 1495 2169 non
1530 2097 1710 2166 potius
1732 2113 1799 2169 ex

215 2167 462 2238 ejusdem
524 2167 689 2223 Sensit
735 2167 1353 2238 percurreredixisset?
1393 2167 1474 2238 An
1513 2176 1696 2221 tantus
1720 2167 1802 2219 vir

215 2237 268 2293 in
309 2251 424 2293 tam
462 2239 580 2293 acri
622 2237 803 2292 studio
847 2239 914 2291 ad
947 2237 1068 2293 caeli
1096 2246 1151 2291 et
1175 2237 1578 2305 horologiorum
1617 2246 1800 2291 motus

213 2326 318 2363 non
346 2307 690 2364 attenderit?
718 2306 914 2362 Verum
956 2307 1220 2377 quidquid
1254 2307 1322 2377 de
1346 2308 1450 2361 hoc
1476 2306 1654 2361 subsit
1682 2308 1800 2375 (pa-

213 2395 332 2433 rum
376 2384 531 2434 enim
588 2380 857 2446 interest),
907 2376 1112 2432 certum
1143 2386 1228 2431 est
1258 2376 1573 2430 Anatolium
1607 2392 1714 2430 non
1743 2377 1797 2429 in

215 2451 393 2519 primo
442 2449 611 2517 primi
668 2448 932 2519 segmenti
980 2449 1150 2517 gradu
1204 2446 1593 2519 aequinoctium
1643 2447 1800 2501 civile

215 2517 593 2584 constituere;
641 2517 851 2573 sedvel
884 2519 934 2571 in
961 2519 1175 2587 quinto,
1211 2529 1269 2570 ut
1291 2531 1394 2570 nos
1420 2517 1640 2585 quidem
1674 2532 1799 2585 pro-

213 2589 456 2643 babilius
487 2590 906 2654 existimamus;
940 2588 1021 2642 vel
1045 2596 1215 2650 certe,
1244 2597 1306 2640 ut
1341 2587 1458 2652 alii,
1488 2587 1545 2640 in
1567 2598 1795 2654 quarto;

214 2660 357 2713 sicut
410 2659 693 2713 Caesarem
735 2666 791 2712 et
828 2656 1092 2711 Metonem
1149 2657 1204 2710 in
1253 2666 1483 2722 octavo,
1538 2666 1593 2710 et
1615 2655 1800 2711 Eudo-

214 2744 342 2783 xum
375 2744 444 2783 ex
472 2727 696 2783 Gemini
721 2728 986 2782 sententia
1023 2727 1078 2780 in
1105 2736 1260 2781 sexto
1292 2726 1667 2787 constituisse,
1701 2743 1798 2781 su-

212 2814 310 2868 pra
333 2798 391 2853 in
420 2808 670 2852 tractatu
702 2798 777 2851 De
813 2796 1125 2850 Judworum
1147 2813 1285 2850 anno
1310 2798 1486 2865 capite
1516 2797 1675 2851 tertio
1702 2799 1792 2852 de-

213 2870 588 2923 claravimus.

277 2938 623 3007 Priusquam
672 2946 834 3007 caput
887 2936 990 2991 hoc
1037 2936 1192 3001 ﬁnio,
1225 2935 1534 2992 consuleret
1560 2936 1649 2990 hic
1677 2951 1792 2992 me~

213 3025 336 3065 eum
385 3013 564 3063 lector
591 3047 607 3072 ,
678 3024 807 3061 num
869 3008 1240 3062 Alexandrinae
1294 3007 1495 3062 scholae
1544 3008 1797 3062 doctores

212 3080 613 3149 alninoctiuin
645 3078 805 3132 civile
829 3078 1088 3149 inrtgtartii
1115 3093 1221 3131 xxv
1243 3077 1351 3132 huc
1374 3092 1547 3149 usque
1576 3092 1684 3131 non
1712 3092 1798 3132 re-

216 3148 499 3213 tinuerint,
530 3149 776 3217 quando,
812 3148 905 3217 qui
934 3148 1074 3202 inter
1119 3163 1215 3202 eos
1257 3162 1364 3201 non
1418 3148 1639 3202 intimus
1679 3155 1797 3202 erat

214 3220 530 3278 Anatolius,
578 3227 688 3271 tam
744 3218 1003 3272 tenaciter
1047 3232 1114 3272 eo
1163 3217 1253 3272 die
1301 3218 1538 3282 retinet;
1583 3218 1797 3272 tametsi

215 3291 408 3356 quinto
446 3290 667 3358 (saltem
695 3295 913 3356 quarm)
934 3288 1114 3358 primi
1138 3287 1564 3358 dodecatemorii
1605 3289 1797 3356 gradui

217 3361 549 3436 respondere
580 3358 883 3436 pervideat.
919 3357 1076 3436 Quod
1103 3357 1149 3412 si
1176 3366 1282 3436 est,
1309 3367 1439 3436 tnuc
1467 3372 1687 3436 quoque
1712 3357 1798 3436 di-

221 3427 446 3483 cendum
475 3428 909 3482 Alexandrinum
941 3427 1303 3498 patriarcbam
1335 3427 1674 3498 Dionysium,
1706 3429 1797 3482 vix
1838 3452 1842 3455 ·

225 3501 468 3559 undecim
522 3499 687 3553 annis
737 3509 862 3552 ante
912 3498 1052 3552 banc
1081 3497 1320 3551 Anatolii
1362 3497 1794 3553 lucubratiouem

227 3568 329 3623 lato
349 3571 627 3628 functum.
650 3568 1035 3622 octaeteridem
1061 3583 1216 3621 suam
1236 3568 1541 3635 paschaleni
1560 3568 1626 3620 ad
1652 3568 1796 3621 hunc

230 3639 526 3707 equinoctii
568 3637 889 3702 Caesariani,
925 3654 1030 3693 non
1080 3637 1283 3691 Nicaeui
1326 3648 1422 3691 aut
1453 3636 1792 3701 Ptolemaicn,

233 3709 365 3779 diem
391 3710 717 3779 adaptasse:
745 3708 1011 3779 siquidem
1039 3716 1166 3762 ante
1190 3708 1575 3779 aequinoctium
1600 3717 1655 3761 et
1678 3707 1796 3777 ipse

234 3776 437 3835 Pascha
463 3776 730 3835 celebrari
764 3776 870 3833 non
906 3778 1042 3843 vult,
1074 3788 1134 3831 ut
1158 3792 1320 3847 supra
1350 3777 1686 3834 monuimus.

830 3889 1059 3947 CAPUT
1097 3888 1187 3946 ιιι.

222 3980 451 4038 Termini
472 3984 754 4054 paschales
780 3994 829 4038 et
864 3985 1063 4054 aliquot
1085 3985 1362 4054 paradoxa
1388 3984 1649 4039 Anatolii.
1683 3986 1791 4042 Pa-

281 4056 486 4109 radoxa
520 4056 576 4108 in
599 4055 744 4118 sole;
769 4057 822 4108 in
850 4055 1042 4109 litteris
1078 4056 1497 4109 Dominicalibus
1511 4072 1533 4120 ;
1558 4058 1612 4109 in
1638 4057 1787 4111 luna.

280 4124 619 4194 Principium
644 4127 777 4194 cycli
807 4126 951 4179 illius
978 4126 1273 4189 diversum;
1297 4128 1419 4179 item
1440 4129 1611 4180 saltus
1627 4132 1786 4182 (urite.

278 4194 535 4250 Diversus
562 4212 843 4248 aureorum
864 4212 1201 4249 numerorum
1225 4198 1396 4259 situs;
1417 4197 1624 4250 diversa
1646 4198 1790 4253 luna

282 4277 437 4320 clas.
471 4266 616 4330 Quid
662 4266 748 4318 hic
779 4263 927 4319 Beda
968 4266 1175 4334 opinari
1211 4266 1467 4320 videatur.
1510 4266 1788 4322 Diversum

281 4345 441 4404 caput
462 4347 513 4389 et
541 4337 665 4404 ﬁnis
696 4337 889 4389 mensis
913 4337 1073 4405 primi
1113 4351 1205 4389 seu
1230 4337 1514 4405 paschalis.
1552 4337 1788 4391 Anatolii

282 4407 570 4460 ﬂaminica
596 4406 863 4473 paschalis
886 4404 920 4458 a
942 4420 1028 4459 xvr
1060 4404 1188 4458 luna
1209 4404 1278 4458 ad
1295 4422 1387 4460 xx.
1411 4405 1629 4461 Putavit
1649 4410 1789 4461 Ana-

280 4479 442 4529 tolius
478 4478 635 4529 annis
668 4491 758 4529 xu
792 4486 845 4528 ut
884 4478 1088 4547 lunam,
1118 4476 1195 4547 ita
1221 4484 1273 4529 et
1316 4476 1648 4530 Dominicam
1697 4495 1789 4547 pa-

1909 557 2105 622 lumen,
2138 557 2193 610 id
2215 566 2293 610 est
2316 567 2491 610 ortum
2522 558 2672 621 solis,
2699 566 2750 610 et
2773 558 2878 610 diei
2899 558 3223 627 principium
3251 574 3353 611 non
3373 575 3494 627 per-

1912 629 2157 694 tenderit,
2190 637 2367 681 tamen
2397 636 2511 695 post
2548 643 2601 680 se
2637 628 2874 680 tenebras
2903 644 3008 681 non
3041 626 3379 698 derelinquit.
3414 628 3491 684 Ita

1910 698 2027 763 ille;
2061 698 2262 767 quibus
2310 698 2549 752 citimam
2602 712 2759 750 suam
2808 698 3117 765 paschalem
3150 696 3491 754 Dominicam

1910 766 2128 837 nonnisi
2172 768 2414 822 secundo
2459 768 2529 820 ab
2556 766 2884 837 aequinoctio
2917 767 3213 823 commisso
3236 768 3346 835 die,
3392 784 3493 827 seu

1909 836 2086 891 Martii
2122 853 2289 899 xxvn,
2320 837 2624 892 constituit.

1977 906 2035 959 2°
2097 907 2330 961 Litteras
2380 904 2746 977 Dominicales
2790 915 2842 960 et
2888 906 3126 962 bissexta
3175 908 3336 977 longe
3382 909 3490 965 alia

1909 977 2121 1031 ratione
2152 978 2448 1045 dispensat.
2481 975 2615 1030 Nam
2665 992 2697 1030 e
2747 978 3119 1032 novemdecim
3177 975 3337 1034 annis
3372 981 3487 1035 bis-

1909 1050 2131 1102 sextiles
2157 1047 2421 1101 duntaxat
2447 1048 2587 1102 duos
2616 1047 2790 1116 ponit,
2824 1062 2899 1099 vn
2939 1047 3147 1102 scilicet
3177 1058 3231 1103 et
3257 1064 3393 1116 xm,
3430 1058 3494 1105 ut

1908 1118 1963 1171 in
1997 1118 2179 1172 tabula
2211 1117 2330 1186 ejus
2364 1117 2603 1185 paschali
2636 1117 2821 1187 videre
2858 1124 2960 1171 est.
2994 1117 3157 1187 Αιᾴυί
3193 1133 3289 1172 xix
3329 1122 3494 1177 annis

1907 1196 2165 1253 quatuor,
2186 1197 2245 1240 ut
2275 1187 2580 1251 minimum,
2598 1186 2831 1241 subinde
2855 1186 3099 1256 quinque
3125 1191 3486 1245 conveniunt.

1907 1256 2155 1326 Cumque
2201 1258 2543 1327 septuaginta
2595 1272 2692 1311 sex
2739 1257 2899 1327 annis
2933 1256 3243 1313 bissextiles
3267 1261 3492 1315 omnino

1908 1343 2003 1381 χιιι
2033 1329 2389 1396 imputemur,
2406 1326 2477 1381 ex
2506 1328 2627 1396 ejus
2660 1326 2905 1381 doctrina
2938 1327 3158 1396 nonnisi
3190 1336 3315 1383 octo
3338 1345 3493 1384 eom-

1907 1394 2174 1467 peterent.
2196 1395 2284 1467 lta
2314 1411 2516 1450 annum
2540 1394 2799 1452 ‘solarem
2846 1397 2916 1450 ab
2948 1394 3169 1451 Juliano
3211 1398 3489 1455 diversum

1909 1466 2168 1537 tantoque
2190 1466 2494 1537 breviorem
2530 1468 2657 1521 facit
2686 1507 2699 1520 .
2728 1482 2792 1520 ac
2817 1467 3043 1536 proinde
3067 1468 3350 1537 paschales
3380 1469 3490 1523 Do-

1908 1536 2138 1592 minicas
2185 1537 2329 1591 veris
2376 1536 2676 1599 dill‘ormes,
2712 1551 2943 1606 quaeque
2973 1537 3173 1605 sapius
3214 1538 3269 1591 in
3321 1536 3490 1595 ferias

1909 1607 2182 1676 simplices
2231 1606 2542 1678 incurrunt,
2590 1606 3059 1678 instituit._(lerte
3101 1608 3318 1662 nonnisi
3352 1625 3490 1678 qua-

1907 1686 2034 1731 tuor
2078 1677 2354 1745 prioribus
2398 1676 2950 1731 enneadecaeteridos
2999 1691 3114 1731 suat
3145 1679 3327 1741 annis,
3356 1676 3487 1735 item

1907 1747 2145 1817 septimo
2171 1754 2226 1801 et
2256 1755 2449 1801 octavo
2476 1761 2600 1801 cum
2626 1746 2856 1800 veritate
2880 1747 3174 1813 consentit,
3215 1748 3321 1803 nisi
3348 1749 3489 1805 forte

1907 1831 2039 1872 casu
2071 1816 2313 1885 juvetur.

1976 1885 2031 1939 lu
2075 1883 2209 1939 luna
2259 1898 2389 1957 vero
2428 1883 2603 1957 magis
2649 1883 3051 1957 etiam_diﬂ‘ert
3082 1900 3096 1937 :
3132 1885 3184 1937 l°
3215 1883 3354 1951 Quia
3389 1888 3488 1957 qui

1902 1954 2447 2010 enueadecaeteridos
2493 1953 2703 2023 primus
2749 1953 2853 2023 ipsi
2888 1964 2974 2009 est
3015 1970 3214 2018 annos,
3248 1953 3486 2012 Alexan-

1901 2026 1952 2080 ιιι
1970 2026 2077 2098 inis
2100 2035 2186 2098 est
2214 2025 2559 2098 undecimus,
2593 2023 2803 2098 Latinis
2829 2033 2887 2098 et
2912 2023 3158 2098 Victoria
3181 2037 3368 2098 nostro
3393 2043 3486 2083 se-

1901 2095 2134 2151 cundus.
2162 2095 2244 2150 Ab
2285 2109 2430 2149 anno
2472 2094 2741 2166 siquidem
2768 2094 3009 2164 vulgaris
3033 2095 3235 2150 Christi
3263 2099 3486 2166 epochte

1901 2165 2251 2237 276cyclum
2281 2179 2443 2237 suum
2478 2165 2712 2227 orditur,
2746 2173 3026 2237 octotante
3052 2165 3485 2237 Alexandrinum

1902 2234 2088 2301 annis,
2119 2247 2180 2289 ut
2206 2235 2486 2304 deinceps,
2512 2249 2578 2290 ac
2609 2234 2912 2304 praesertim
2948 2236 3128 2305 capite
3170 2236 3205 2290 4
3251 2237 3481 2293 demon~

1901 2316 2164 2363 stramus.

1970 2376 2027 2429 2°
2063 2375 2253 2430 ουτω-ι
2295 2374 2349 2428 in
2383 2374 2525 2430 saltu
2576 2373 2739 2429 lunai.
2772 2372 2929 2432 Hunc
2952 2375 3099 2430 enim
3127 2376 3483 2432 Alexandrini

1899 2461 2045 2501 anno
2074 2444 2333 2518 cycliusui
2362 2444 2876 2518 decemnovennalis
2905 2463 3019 2518 xix.
3047 2448 3143 2516 qui
3169 2455 3253 2518 est
3278 2445 3483 2502 Roma-

1900 2515 2519 2570 norum'hodiernorum
2549 2515 2779 2583 primus.
2817 2515 3192 2581 constituunt;
3220 2516 3398 2571 Latini
3430 2526 3487 2573 et

1900 2585 2177 2642 Victorius
2208 2601 2299 2640 xvr
2330 2599 2455 2649 suo,
2482 2583 2599 2654 ipse
2632 2600 2736 2657 xxv
2756 2588 2884 2641 item
2919 2602 3020 2640 suo
3067 2596 3127 2641 ut
3154 2603 3221 2641 ex
3254 2587 3374 2657 ejus
3401 2597 3484 2642 ta-

1899 2657 2027 2726 bula
2057 2664 2237 2726 patet;
2267 2670 2390 2726 qua}
2422 2670 2488 2726 eo
2518 2669 2663 2726 anno
2689 2655 2758 2709 ab
2789 2673 2884 2726 vnn
2921 2656 2974 2710 in
3006 2673 3075 2712 xx
3105 2655 3303 2726 saltum
3331 2656 3478 2712 facit.

1899 2725 1976 2782 De
2004 2723 2116 2796 quo
2148 2723 2311 2781 etiam
2343 2723 2580 2797 Cyrillus
2609 2725 2812 2797 aliquid
2843 2724 2871 2796 ᾗ
2900 2726 2933 2780 ι
2965 2736 3020 2781 et
3065 2727 3094 2778 7
3123 2728 3209 2781 sui
3239 2723 3480 2797 Prologi,

1899 2794 2117 2851 tametsi
2164 2794 2460 2865 suppresso
2505 2794 2741 2865 Anatolii
2794 2794 3037 2863 nomine,
3068 2797 3344 2863 insinuat;
3380 2794 3481 2851 ex-

1897 2868 2140 2937 pressius
2171 2863 2352 2937 autem
2379 2863 2617 2937 BedaDe
2644 2866 2848 2920 ratione
2876 2876 3192 2937 temporum,
3227 2882 3348 2936 cap.
3368 2869 3436 2921 ιυ
3462 2887 3475 2922 :

1900 2934 2157 3007 Denique,
2185 2937 2281 3002 ait,
2312 2934 2619 3002 Anatolius,
2655 2937 2745 3005 qui
2776 2934 3041 2990 verissime
3078 2937 3133 2990 in
3165 2934 3480 3006 a'quinoctio

1895 3006 2055 3061 verno
2081 3007 2295 3086 initium
2332 3007 2588 3086 mensium
2617 3014 2666 3059 et
2697 3006 3073 3086 caputcirculi
3104 3007 3283 3086 totius
3296 3012 3479 3086 termif

1898 3093 2123 3146 numque
2148 3076 2402 3142 decernit,
2436 3092 2554 3146 non
2563 3076 2673 3144 ipse
2696 3076 2830 3129 hanc
2859 3077 2916 3129 in
2944 3078 3138 3145 capite,
3166 3086 3222 3130 ιιι
3245 3076 3476 3131 Romani

1899 3144 2126 3211 scilicet,
2148 3146 2226 3201 vel
2252 3145 2376 3216 ﬁne,
2410 3156 2468 3200 ut
2490 3144 2755 3216 Egyptii,
2783 3146 2867 3201 sui
2895 3144 3082 3200 circuli
3109 3148 3477 3201 decemnoueu-

1825 3192 1867 3251 (ἶ
1899 3192 2065 3281 ἶιῖιίἱξ,
2086 3192 2265 3271 vsved‘in'
2288 3192 2376 3288 διδ
2402 3192 2517 3284 ε]υὲ
2541 3192 2821 3288 «δι’ιῶιῆἆί
2848 3192 3170 3270 εδιιιιιὶιηιιξ
3198 3192 3476 3288 ogdoa'dis,

1903 3290 2248 3341 mutationem
2280 3286 2420 3341 lunae
2443 3287 2617 3355 posuit
2644 3301 2663 3339 :
2692 3286 2889 3354 faciens
2924 3287 3077 3339 illam
3105 3286 3382 3341 ascendere
3413 3290 3479 3342 de

1902 3372 2000 3410 vm
2032 3358 2087 3411 in
2124 3373 2211 3412 xx.
2244 3356 2370 3411 Haec
2401 3354 2509 3410 ille.
2546 3354 2683 3411 Hinc
2710 3358 2787 3421 lit,
2820 3368 2877 3411 ut
2904 3358 3054 3411 aurci
3086 3358 3299 3412 numeri
3331 3359 3479 3413 Ana-

1904 3428 2094 3481 toliani
2127 3444 2158 3483 a
2193 3444 2278 3482 xvi
2312 3428 2379 3481 ad
2418 3443 2509 3481 xix
2553 3442 2773 3482 sursum
2808 3444 2918 3482 uno
2948 3428 3035 3481 die
3063 3428 3117 3481 in
3146 3426 3479 3485 Kalendario

1900 3495 2115 3551 Juliano
2143 3506 2586 3568 promoveantur.

1971 3569 2026 3623 3°
2067 3567 2300 3624 Dissidet
2333 3568 2388 3621 in
2425 3567 2542 3635 ipso
2593 3582 2885 3621 aureorum
2935 3582 3292 3622 numerorum
3343 3569 3475 3635 situ,

1902 3647 1976 3701 et,
1996 3639 2140 3708 quod
2166 3637 2291 3691 inde
2316 3637 2581 3708 sequitur,
2600 3636 2654 3689 in
2684 3646 2841 3692 aetate
2867 3639 3009 3691 lume
3040 3639 3472 3694 deteriuinauda.

1908 3708 2042 3762 Nam
2069 3722 2195 3761 cum
2228 3722 2334 3760 xxx
2365 3707 2539 3778 Martii
2574 3708 2662 3761 die
2692 3709 2904 3778 cyclum
2936 3724 3096 3778 suum
3126 3708 3360 3778 primum
3394 3710 3476 3764 his

1899 3792 2154 3849 expresse
2179 3777 2477 3845 componit,
2499 3776 2876 3849 semel_textus
2905 3778 2989 3832 sui
3021 3776 3050 3849 §
3080 3776 3171 3844 ll,
3190 3794 3391 3849 rursus
3420 3779 3476 3832 in

1899 3846 2094 3903 tabulae
2121 3861 2234 3918 suae
2255 3860 2400 3899 anno
2433 3847 2626 3918 primo.
2666 3846 2769 3912 Qui
2811 3863 2933 3902 cum
2968 3846 3293 3918 respondeat
3321 3850 3473 3918 cyclo

1895 3917 2383 3972 Alexandrinorum
2419 3930 2495 3981 ιι,
2527 3914 2846 3970 Latinorum
2895 3914 3157 3983 secundo,
3188 3916 3338 3971 illum
3355 3914 3474 3971 ἰιι-

1895 3988 2022 4051 duo,
2050 3987 2216 4041 biduo
2248 3986 2394 4041 hunc
2423 3995 2710 4056 pricvertat
2756 4002 3041 4042 necessum
3084 3996 3188 4042 est.
3231 3985 3377 4041 Idem
3407 3991 3476 4042 de

1895 4058 2106 4113 caeteris
2138 4057 2298 4112 annis
2337 4056 2601 4136 judicium
2646 4066 2764 4121 est;
2811 4071 3046 4137 quorum
3081 4057 3219 4137 situs
3259 4067 3313 4111 et
3338 4066 3471 4112 aetas

1895 4136 2005 4183 tam
2034 4143 2100 4183 ex
2132 4129 2540 4195 comparatione
2587 4141 2713 4181 cum
2764 4126 2941 4196 primo
2963 4127 3076 4196 jam
3105 4126 3272 4191 dicto,
3303 4142 3469 4196 quam

1892 4212 1960 4252 ex
2005 4198 2201 4252 tabulae
2234 4192 2508 4266 paschalis
2552 4192 2789 4251 Anatolii
2820 4192 2984 4251 πῖθι·εὰ
3030 4192 3471 4267 ρθιρειιιιὶόυιιιιί

1891 4280 2086 4338 quarto
2116 4278 2171 4323 et
2200 4268 2392 4322 ultimo
2422 4266 2643 4338 perinde
2672 4267 2983 4338 colligitur;
3020 4268 3170 4338 saltu
3196 4277 3372 4322 tamen
3400 4267 3483 4323 ad

1891 4336 2219 4407 posteriores
2243 4353 2339 4392 sex
2366 4336 2593 4407 canonis
2628 4352 2803 4392 annos
2829 4336 3106 4406 adjuncto.
3141 4336 3262 4404 Quo
3301 4339 3382 4401 lit,
3409 4348 3470 4393 ut

1888 4406 2127 4477 Anatolii
2152 4409 2295 4462 lunae
2309 4406 2708 4462 Alexandrinas
2728 4408 3049 4477 plerumque
3073 4409 3239 4462 biduo
3261 4409 3365 4462 trid
3375 4423 3469 4463 uo-

1892 4493 1975 4544 ve,
2004 4476 2224 4533 Latinas
2250 4492 2362 4533 uno
2391 4478 2583 4532 saltem
2609 4476 3134 4547 die,:n0nnunquam
3166 4477 3350 4540 biduo,
3379 4495 3468 4532 ra-

278 4548 514 4601 sclialem
546 4549 600 4600 in
623 4562 677 4617 se
704 4546 913 4599 revolvi.
939 4544 1130 4616 Cyclas
1156 4546 1392 4617 Anatolii
1412 4562 1531 4599 cum
1559 4544 1790 4602 Alexan-
1818 4548 1863 4604 Ι)
1891 4547 2108 4603 rissime
2133 4548 2311 4602 triduo
2340 4557 2692 4616 praecurrant.
2712 4546 2861 4616 Cycli
2878 4544 3094 4617 quidem
3110 4546 3349 4602 Anatolii
3367 4563 3465 4612 xu,

277 4619 562 4671 drinorum
611 4615 1023 4685 Latinorumque
1068 4616 1230 4685 cyclis
1270 4617 1509 4685 nursisve
1553 4620 1784 4673 numeris

278 4688 623 4756 compositus.
658 4685 808 4756 (Συσιί
833 4684 1144 4741 Anatoliani
1174 4689 1228 4740 in
1255 4684 1585 4741 Kalendario
1609 4689 1788 4758 dispo-

279 4760 430 4812 sitio.

280 4830 327 4883 A
357 4826 572 4883 caeteris
606 4826 969 4897 computistis,
993 4836 1104 4882 tam
1128 4826 1337 4883 Latinis
1358 4841 1522 4896 quam
1544 4826 1784 4897 Alexan-

202 4898 407 4963 drinis,
434 4899 490 4951 in
519 4898 636 4953 sole
661 4907 715 4953 et
736 4896 876 4952 luna
909 4901 1136 4952 multum
1167 4897 1344 4953 dill‘ert
1374 4896 1671 4953 Anatolius.

277 4968 335 5022 In
369 4969 489 5023 sole
514 4969 734 5038 quidem
771 4986 786 5023 :
820 4973 871 5038 l_°
887 4970 1011 5036 quia
1042 4970 1429 5038 aequinoctium
1458 4967 1636 5038 civile,
1673 4983 1780 5023 non

203 5049 269 5096 ut
309 5036 669 5109 Alexandrini
715 5048 772 5093 et
816 5036 1029 5109 Nicaeua
1072 5036 1337 5109 synodus,
1373 5039 1425 5091 in
1458 5036 1636 5109 Martii
1666 5054 1779 5104 xxi,

202 5119 319 5176 aut,
339 5119 401 5163 ut
427 5108 609 5162 Latini
640 5109 802 5177 prisci
830 5123 953 5162 cum
982 5107 1203 5171 .ludasis,
1225 5110 1278 5162 in
1303 5108 1571 5177 xviii,sed
1598 5108 1651 5161 in
1676 5124 1782 5163 xxv

203 5175 329 5236 cum
355 5178 580 5234 (ἔνεπε
614 5175 877 5239 decernit,
913 5188 971 5231 ut
993 5178 1106 5248 jam
1137 5178 1389 5233 vidimus.
1431 5175 1542 5231 Nec
1569 5188 1693 5232 ante
1717 5180 1780 5233 il-

202 5252 316 5315 lud,
355 5265 459 5304 nec
505 5248 730 5319 ingillo,
776 5248 874 5303 sed
918 5264 1017 5303 nec
1059 5248 1321 5319 postridie
1364 5248 1582 5316 quidem
1634 5248 1779 5304 illius

202 5320 413 5376 Pascha
464 5317 730 5374 celebrari
776 5318 890 5373 vult
923 5336 937 5371 :
966 5317 1114 5373 tanta
1161 5319 1303 5373 inest
1351 5318 1425 5371 illi
1466 5320 1776 5387 aequinoctii

201 5392 362 5446 etiam
390 5390 573 5446 civilis
595 5398 746 5444 certo
782 5388 1119 5444 transiliendi
1155 5389 1488 5444 sollicitudo.
1526 5387 1777 5453 Quandiu

202 5464 300 5529 (ait
329 5461 360 5535 ς
386 5462 443 5535 6)
480 5459 763 5535 inqualitas
796 5459 934 5535 int_er
965 5461 1132 5535 lucem
1161 5469 1210 5513 et
1236 5459 1475 5535 tenebras
1498 5459 1773 5535 perdurat,

202 5549 292 5586 nec
316 5529 355 5585 ἆ
378 5529 499 5586 luce
524 5529 811 5593 diminuta,
844 5529 1054 5585 Pascha
1097 5545 1203 5583 non
1241 5529 1350 5583 esse
1392 5529 1775 5583 immolandum

202 5605 513 5657 ostenditur.
547 5599 762 5655 Idcirco
808 5616 929 5670 ergo
972 5610 1089 5669 post
1138 5600 1512 5670 aequinoctium
1563 5598 1775 5655 Pascha

204 5675 465 5727 immolari
496 5672 834 5742 praecipitur,
870 5669 1008 5740 quia
1064 5687 1151 5725 xiv
1206 5669 1336 5723 luna
1389 5682 1510 5724 ante
1538 5678 1773 5742 (equino-

203 5748 378 5805 ctium,
417 5757 470 5797 et
515 5745 572 5796 in
616 5744 753 5811 atqui
792 5743 929 5794 octio
967 5751 1131 5794 totam
1174 5755 1375 5794 noctem
1418 5757 1519 5794 non
1560 5743 1762 5810 implet.

205 5814 320 5870 Post
348 5815 729 5886 wquinoctium
761 5828 875 5870 vero
899 5811 1027 5865 luna
1050 5825 1162 5881 XIV,
1180 5811 1283 5866 una
1305 5813 1391 5868 die
1416 5812 1622 5885 adjecta
1646 5821 1769 5883 (no-
1810 5885 1833 5889 _

1891 4633 1981 4672 xiv
2003 4627 2055 4672 et
2083 4633 2173 4681 xv,
2209 4627 2316 4672 tam
2345 4618 2580 4687 tertium,
2611 4617 2884 4687 quintum,
2912 4627 2965 4672 et
2995 4627 3208 4672 sextum
3236 4619 3470 4672 Alexan-

1889 4687 2193 4749 drinorum,
2224 4703 2389 4757 quam
2431 4685 2751 4742 Latinorum
2798 4704 2920 4753 xui,
2957 4702 3023 4757 xv
3051 4696 3104 4742 et
3133 4703 3241 4754 xvr,
3279 4690 3463 4743 triduo

1889 4758 2209 4828 anticipant.
2244 4756 2316 4813 At
2349 4775 2402 4812 ix
2434 4767 2489 4828 et
2518 4773 2628 4812 xvu
2655 4757 2915 4825 Anatolii,
2948 4756 3345 4813 Alexandrinos
3370 4774 3465 4814 xix

1887 4836 1943 4883 et
1968 4827 2072 4882 vni
2093 4830 2403 4898 quatriduo,
2434 4827 2659 4882 Latinos
2707 4844 2740 4881 x
2783 4838 2836 4883 et
2883 4842 3017 4882 xvni
3056 4830 3274 4883 nonnisi
3301 4830 3467 4885 biduo

1888 4897 2237 4966 praevertunt,
2268 4909 2325 4954 ut
2368 4908 2554 4967 nostra
2588 4900 2654 4951 ad
2683 4898 2878 4967 capitis
2913 4897 3138 4967 hujusce
3185 4899 3344 4954 linem
3390 4908 3468 4954 ta-

1887 4967 2013 5022 bula
2034 4968 2391 5038 demonstrat.
2423 4966 2636 5038 Magna,
2662 4966 2854 5033 fateor,
2883 4966 3208 5038 disparitas;
3240 4980 3293 5024 et
3320 4970 3461 5025 dilli-

1887 5037 2091 5092 cilioris
2125 5037 2192 5108 de
2242 5045 2393 5091 tanto
2440 5037 2558 5092 viro
2588 5039 2729 5092 lidei.
2763 5038 2865 5092 Sed
2895 5037 3037 5093 lunae
3068 5049 3200 5095 aetas
3232 5041 3462 5108 singulis

1885 5108 2082 5161 tabulae
2131 5106 2468 5179 Anatolianae
2493 5108 2652 5163 anuis
2686 5109 2768 5163 bis
2793 5125 3071 5179 expressa,
3107 5113 3265 5165 iidem
3299 5106 3459 5164 istam

1884 5179 1969 5232 vel
1998 5180 2067 5231 ah
2092 5178 2275 5232 invitis
2305 5189 2612 5247 extorquet.
2778 5190 2783 5193 ‘

1958 5247 2100 5303 Beda
2133 5247 2352 5318 quidem
2401 5248 2477 5301 De
2508 5248 2712 5302 ratione
2738 5257 3050 5315 temporum,
3089 5263 3138 5304 c.
3165 5249 3221 5314 4,
3251 5264 3454 5304 annum
3533 5267 3535 5269 ί

1883 5319 2019 5389 cycli
2045 5318 2358 5373 Anatoliani
2388 5334 2477 5373 xiv
2511 5332 2634 5372 cum
2662 5318 2855 5372 ultimo
2884 5320 3163 5389 ogdoadis.
3192 5322 3242 5372 id
3270 5327 3372 5379 est,
3390 5334 3458 5389 ut

1882 5388 2028 5454 reor,
2059 5399 2252 5443 octavo
2294 5389 2808 5450 Alexandrinorum,
2836 5397 2896 5441 ut
2930 5388 3104 5457 paulo
3138 5397 3262 5441 ante
3294 5388 3456 5440 audi-

1881 5458 2085 5522 vimus,
2134 5474 2199 5513 ac
2238 5459 2463 5528 proinde
2498 5458 2736 5528 primum
2766 5458 2902 5528 cycli
2930 5459 3074 5512 illius
3105 5459 3456 5528 cumhorum

1882 5545 1971 5585 xiv
1999 5526 2277 5599 componit
2296 5549 2310 5583 :
2328 5526 2589 5599 atque‘ita
2617 5529 2775 5583 lunas
2802 5526 3039 5599 Anatolii
3068 5542 3191 5599 cum
3218 5526 3457 5599 Alexan-

1880 5599 2055 5655 drinis
2100 5596 2155 5654 εἰ
2207 5596 2417 5655 Latinis
2445 5607 2602 5668 ‘pene
2649 5612 2861 5654 coacvas
2904 5598 3158 5668 instituit.
3204 5596 3308 5651 Sed
3358 5612 3456 5651 cur

1882 5672 2065 5726 minus
2103 5671 2179 5725 illi
2207 5671 2445 5736 credam,
2466 5667 2544 5723 fut
2572 5667 2809 5723 maxime
2841 5667 3054 5729 vellem,
3087 5668 3186 5720 tria
3213 5668 3453 5726 obstant.

1882 5740 1935 5795 1ο
1963 5741 2170 5796 Saltum
2201 5756 2340 5796 tunae
2369 5738 2510 5795 Beda
2551 5740 2665 5808 ipse
2691 5753 2814 5792 cum
2840 5737 3061 5807 Cyri!lo,
3095 5747 3149 5791 ut
3175 5737 3288 5809 jam
3320 5740 3451 5804 dixi,

1879 5814 1936 5869 in
1975 5828 2065 5868 XIV
2107 5813 2242 5884 cycli
2269 5811 2505 5881 Anatolii
2548 5823 2692 5864 anno
2718 5822 2971 5877 expresse
3004 5810 3212 5863 statuit.
3246 5812 3301 5863 td
3329 5826 3450 5864 cum
