3986 6358
488 364 596 424 2’27

1527 362 1760 420 EGlDll
1793 360 2120 422 BUCHERII
2159 361 2715 421 COMMENTARIUS

3653 369 3761 424 228

488 493 663 546 altero
689 496 836 542 stare
862 483 1078 550 nequit;
1111 483 1190 536 sic
1221 480 1365 535 enim
1401 482 1541 536 lunae
1567 482 1741 535 saltus
1769 482 1834 534 ad
1871 496 2072 534 annum
2106 481 2149 536 Α
2179 483 2394 536 riuntur
2426 502 2438 536 :
2465 482 2763 537 dummodo
2795 496 2894 537 nec
2919 479 3060 535 infra
3091 497 3182 536 xiv
3207 495 3306 535 nec
3329 494 3491 551 supra
3519 499 3585 537 xx
3618 486 3764 541 litua:

489 561 690 618 tabulae
722 554 1058 610 Anatolianae
1091 569 1178 607 xw
1207 552 1308 606 rite
1343 555 1576 621 positus,
1603 552 1656 604 in
1685 552 1928 619 ejusdem
1959 567 2066 604 xvn

490 632 620 703 (qui
648 644 772 684 cum
803 623 1174 703 Alexandrino
1200 639 1298 703 viii
1337 624 1570 703 primum
1603 622 2072 703 concurri-filicem

487 691 572 761 ira
619 697 1049 768 suppositionem
1101 691 1507 768 transferendus
1562 691 2072 768 esset._2'_0b_stat

488 785 622 831 setas
654 763 820 829 lunae,
868 777 977 820 tam
1013 773 1227 819 exserte
1267 764 1364 817 abs
1394 764 1678 824 Anatolio,
1714 764 1828 817 sive
1861 764 1914 816 in
1952 763 2070 832 ipso

489 839 803 914 aequinoctii
823 835 1134 914 ἀξίῃ-ΜΨ·ῑίιί
1160 850 1282 914 xxv,
1312 834 1425 888 sive
1457 835 1508 914 in
1536 833 1819 914 Paschalis
1847 833 1939 914 die
1965 847 2069 886 no-

490 902 632 973 tala:
689 925 811 980 quae
859 908 987 962 huic
1019 905 1176 980 Beda:
1202 904 1526 980 dictoﬁnulla
1561 905 1770 980 ratione
1797 902 2071 980 quadrare

489 973 784 1058 potest,_-iit
809 994 902 1058 per
924 993 982 1058 se
1009 977 1203 1057 .liquet.
1243 978 1297 1058 βο
1329 973 1560 1058 obstant
1595 975 1786 1056 litterie
1821 973 2068 1027 Domini-

490 1043 655 1119 cales,
682 1043 776 1104 his
809 1043 933 1119 item
972 1043 1332 1119 hic’signatae:
1368 1043 1502 1119 Nam
1532 1045 1782 1114 quamvis
1811 1059 1904 1098 eas
1934 1060 2072 1097 non—

490 1127 594 1181 nisi
643 1116 839 1178 tabula:
882 1118 1157 1189 prioribus
1205 1116 1396 1178 annis,
1428 1118 1553 1168 item
1601 1132 1672 1168 vu
1704 1125 1758 1168 et
1786 1131 1881 1168 vui
1912 1130 2070 1189 veras

492 1208 810 1267 agnoscam,
841 1185 963 1267 ai'iis
1007 1203 1221 1254 semper
1251 1201 1548 1267 erroneasi
1583 1201 1677 1240 eas
1710 1197 1890 1267 tamen
1918 1185 2070 1253 ejus-

493 1256 638 1322 ιῐῖοάἰ
668 1261 985 1334 planissime
1014 1256 1621 1334 iiiaiiu_scriptus-codex
1643 1257 1892 1334 exhibet:
1913 1272 2070 1334 prpr-

491 1354 588 1394 sus
623 1326 684 1389 ut
726 1334 810 1386 vel
857 1333 1000 1384 hunc
1044 1328 1129 1382 vel
1171 1327 1366 1384 Bedam
1419 1326 1527 1380 falli
1573 1342 1794 1381 necesse
1829 1327 1918 1380 sit.
1960 1326 2070 1396 Ego

491 1407 664 1464 codici
707 1402 881 1472 magis
913 1399 1206 1472 assentior,
1236 1409 1413 1472 etper
1443 1414 1503 1472 se
1527 1398 1639 1472 (ldo
1665 1397 2069 1472 constantique,

489 1489 546 1532 et
577 1466 850 1543 expressis
887 1469 1122 1543 Anatolii
1160 1469 1341 1523 verbis
1365 1467 1749 1543 conformiori.
1783 1466 1880 1543 H_ic
1923 1468 2070 1543 enim

496 1549 524 1620 §
549 1550 581 1602 6
606 1536 731 1610 fine,
756 1553 810 1598 et
832 1541 1221 1620 aequinoctium
1248 1549 1304 1619 et
1329 1539 1686 1620 plenilunium
1721 1539 1773 1591 in
1803 1536 2072 1620 Paschate

491 1609 652 1688 plane
689 1609 1108 1688 transmittenda
1147 1610 1353 1688 sciscit,
1386 1618 1445 1688 ιιι
1475 1609 2068 1688 οιιιιιεψξθιιθψιιιςυιῃ

492 1677 814 1759 potestatem
852 1685 946 1759 lux
993 1689 1233 1749 superet.
1473 1696 1529 1759 et
1574 1678 1809 1749 Cyrillus
1855 1677 2068 1759 Prologi

491 1751 576 1815 sui
605 1759 632 1831 §
665 1760 697 1813 4
722 1757 939 1831 innuit;
988 1767 1114 1808 cum
1145 1761 1254 1805 tam
1286 1753 1360 1831 de
1377 1751 1697 1805 Latinorum
1735 1765 1898 1830 quam
1925 1751 2074 1802 Ana-

493 1820 632 1885 tolii“
659 1829 800 1884 saltu
849 1839 1037 1894 agens,
1088 1824 1528 1891 supputationem
1582 1835 1774 1894 eorum
1826 1820 2074 1894 inconve-

494 1902 731 1956 nientem
780 1890 924 1958 esse,
958 1890 1216 1963 nimisque
1244 1909 1547 1962 properare,
1576 1892 1734 1962 plane
1777 1906 1845 1947 ex
1875 1890 2078 1946 codicis

494 1971 667 2027 nostri
697 1969 966 2023 sententia
999 1965 1300 2034 subjungit.

561 2041 680 2094 Non
741 2053 880 2107 nego
925 2031 1130 2100 tamen,
1169 2031 1316 2107 visos
1364 2032 1669 2107 aliquando
1706 2031 1840 2107 mihi
1885 2047 2080 2088 aureos

492 2111 733 2166 Anatolii
779 2103 1057 2168 numeros,
1092 2108 1146 2160 in
1178 2103 1374 2160 Martio
1418 2113 1473 2159 et
1515 2104 1767 2158 Paschali
1810 2118 2016 2169 mense,
2047 2121 2077 2158 a

491 2184 720 2238 librario
765 2195 876 2233 uno
922 2193 1142 2232 sursum
1181 2178 1270 2230 die
1297 2177 1434 2229 male
1464 2185 1785 2244 protrusos;
1818 2175 1981 2242 idque
2010 2189 2077 2229 ex

496 2253 526 2326 ﬁ
557 2260 820 2308 tractatus
847 2249 968 2319 ejus
1001 2249 1058 2301 ll
1090 2249 1226 2326 satis
1261 2247 1440 2316 colligi
1470 2245 1965 2326 posse_videbatur,
1987 2245 2076 2299 ubi

493 2315 695 2380 aureus
728 2315 990 2374 numerus
1024 2320 1234 2388 primus
1253 2333 1377 2371 cum
1405 2315 1587 2385 primo
1617 2315 1794 2370 Martii
1818 2316 1904 2388 die
1930 2330 2078 2388 com:

492 2395 735 2465 ponitur.
766 2391 995 2465 Aciicet
1024 2386 1100 2442 ex
1133 2390 1276 2442 luna:
1304 2396 1462 2465 aetate
1495 2388 1732 2465 _xxv1_ad
1767 2386 2076 2465 aequinoctii

492 2457 805 2519 Anatoliani
835 2462 980 2515 diem
1015 2470 1219 2520 notata.
1254 2474 1378 2512 cum
1413 2457 1605 2512 ultimo
1640 2457 1942 2522 Februarii,
1969 2472 2078 2510 uno

495 2536 704 2591 scilicet
732 2534 894 2588 citius
920 2531 1027 2598 die,
1057 2531 1310 2600 componi
1348 2530 1616 2592 videatur,
1645 2529 1750 2600 hoc
1773 2538 1954 2600 tanien
1981 2541 2080 2596 po-

495 2609 608 2662 tius
650 2605 971 2660 mendosum
1010 2598 1210 2656 docent
1237 2601 1306 2654 59
1336 2600 1472 2664 dies,
1504 2615 1644 2669 quos
1673 2598 1980 2663 Anatolius,
2020 2606 2079 2650 ut

494 2677 699 2741 caeteri,
748 2674 997 2744 a'primo
1029 2671 1274 2726 Januarii
1307 2671 1384 2744 ad
1405 2668 1654 2744 ultimum
1689 2668 1975 2744 Februarii
1995 2683 2078 2721 re-

495 2759 582 2803 cte
615 2739 898 2810 numerat;
928 2759 1048 2813 qua:
1074 2744 1220 2813 justa
1251 2751 1335 2796 est
1361 2743 1594 2813 duorum
1627 2741 1770 2795 lunae
1805 2739 2075 2813 mensium

495 2819 794 2889 quantitas.
827 2810 966 2889 Hine
1013 2810 1238 2889 quoque
1263 2812 1478 2889 rectius
1514 2827 1713 2889 aureus
1741 2810 2072 2889 _num_erus_l

497 2880 552 2944 in
577 2888 753 2942 Martii
789 2880 1116 2958 primum'et
1145 2880 1395 2958 ultimum
1429 2883 1573 2958 diem
1601 2880 1970 2958 devolveudus
1997 2880 2079 2932 vi-

493 2960 754 3025 debatur;
789 2951 851 3013 ut
893 2958 1021 3010 luna
1067 2956 1185 3010 hinc
1233 2954 1360 3007 anui
1416 2955 1595 3025 tertia,
1633 2951 1924 3025 tricenaria
1967 2966 2074 3004 non

493 3031 679 3086 minus
703 3022 868 3098 quam
897 3027 1092 3097 prima,
1119 3027 1277 3098 juxta
1310 3022 2072 3098 naturalcmalternationem,

493 3117 618 3156 esse
653 3094 854 3169 possit;
900 3094 1013 3151 non
1067 3094 1136 3150 ad
1170 3095 1360 3169 Martii
1391 3110 1541 3169 _xxx,
1578 3094 2074 3169 seu__peuuiti_inutn

2179 554 2321 607 diem
2376 554 2734 623 contingant;
2787 552 2949 624 idque
2999 552 3114 607 sive
3164 553 3430 607 terminus
3463 556 3763 624 paschalis,

2177 624 2272 693 qui
2297 633 2379 677 est
2411 640 2500 677 xw
2533 624 2682 686 luna,
2710 623 3096 692 aequinoctium
3127 623 3592 693 pragcurrat.'sive
3631 629 3766 680 sub-

2179 691 2461 762 sequatur,
2488 694 2602 748 sive
2638 694 2691 748 in
2738 691 2873 747 illud
2916 691 3182 747 incurrat.
3214 691 3292 747 En
3335 693 3455 763 ejus
3489 697 3678 760 verba,
3711 711 3766 752 et

2179 763 2336 817 unica
2367 765 2656 832 omnisque
2685 764 2868 833 regula
2901 783 2913 818 :
2952 763 3065 817 Hoc
3107 763 3313 817 Pascha
3348 781 3378 816 a
3406 781 3461 818 v1
3491 765 3766 822 Kalendas

2177 835 2379 903 Aprilis
2415 877 2430 891 .
2470 851 2630 904 usque
2677 835 2732 888 in
2766 851 2819 889 ix
2848 833 3120 887 Kalendas
3164 833 3320 906 Maii.
3353 833 3494 906 Ergo
3521 835 3770 892 Domini-

2177 920 2487 976 camisuaui
2521 903 2830 974 paschalem
2871 907 3111 959 citimam
3144 921 3197 958 v1
3231 903 3500 962 Kalendas
3531 906 3766 976 Aprilis,

2179 991 2273 1028 seu
2310 975 2487 1030 Martii
2524 991 2672 1048 xxvtt
2704 991 2968 1048 expresse
2988 976 3174 1048 alligit,
3205 991 3351 1030 anno
3382 978 3516 1048 cycli
3553 975 3637 1032 sui
3668 996 3769 1033 xix

2179 1061 2273 1100 seu
2308 1048 2521 1108 ultimo,
2552 1047 2729 1100 littera
2757 1046 3081 1116 Dominicali
3112 1061 3210 1100 sua
3242 1046 3424 1116 eaque
3445 1064 3672 1103 errouea
3702 1050 3764 1115 Β,

2182 1118 2305 1169 luna
2359 1118 2485 1170 item
2541 1132 2639 1171 sua
2682 1133 2814 1172 xvn.
2851 1115 3298 1170 Remotissimam
3327 1115 3532 1180 autem,
3568 1135 3624 1172 ix
3654 1119 3768 1173 Ka-

2179 1187 2368 1241 lendas
2423 1186 2567 1252 Maii,
2598 1203 2691 1242 seu
2747 1188 2952 1257 Aprilis
3003 1203 3160 1253 xxiii,
3203 1187 3379 1242 littera
3438 1187 3766 1247 Dominicali

2178 1273 2407 1330 erronea
2446 1260 2512 1330 A,
2542 1273 2686 1312 anno
2716 1260 2851 1330 cycli
2882 1259 2975 1330 sui
3009 1274 3120 1322 xw,
3163 1258 3292 1330 luna
3326 1274 3421 1330 sua
3453 1276 3545 1314 xx.
3579 1260 3768 1327 Quare

2181 1327 2599 1383 Dominicalium
2652 1327 2990 1397 paschalium
3044 1329 3318 1384 cancellos
3366 1329 3560 1385 diebus
3587 1347 3764 1389 xxvni

2179 1399 2447 1453 duntaxat
2491 1399 2787 1470 concludit,
2819 1416 2849 1454 a
2883 1399 3060 1454 Martii
3097 1415 3246 1454 xxvn
3273 1400 3339 1455 ad
3371 1400 3568 1470 Aprilis
3595 1419 3763 1470 xxiii,

2180 1479 2345 1544 atque
2399 1471 2535 1544 adeo
2588 1468 2799 1544 Pascha
2850 1471 2904 1544 in
2965 1472 3320 1544 solo_i_nense
3377 1468 3768 1544 Egyptiorum

2178 1538 2524 1605 Pharmuth‘i,
2572 1556 2601 1594 a
2629 1543 2654 1594 1
2693 1542 2814 1608 ejus
2853 1542 2963 1606 die,
3007 1542 3072 1593 ad
3101 1541 3191 1608 28,
3225 1538 3588 1610 nuuquaii'i'in
3619 1544 3767 1600 Pha-

2183 1613 2404 1665 menoth
2431 1611 2688 1667 admittit.
2721 1611 2838 1667 Nisi
2869 1610 3008 1667 forte
3032 1612 3156 1681 quis
3178 1625 3434 1680 prieterca
3458 1613 3602 1669 diem
3629 1616 3770 1671 Mar

2179 1682 2239 1734 tii
2275 1698 2421 1748 xxvr,
2453 1683 2547 1752 qui
2579 1692 2663 1738 est
2692 1683 2918 1737 ultimus
2941 1697 3036 1739 seu
3061 1683 3373 1736 tricesimus
3399 1681 3766 1752 Phamenoth,

2181 1767 2340 1826 quem
2393 1754 2704 1826 aquilioctii
2757 1763 3161 1826 transgressum
3213 1753 3284 1808 ab
3327 1767 3394 1808 eo
3439 1756 3620 1810 vocari
3645 1756 3767 1826 jam

2110 1844 2153 1902 Β
2182 1823 2443 1902 diximus,
2477 1825 2604 1878 huic
2632 1825 2798 1902 etiam
2824 1824 2989 1902 _limi_ti
3025 1825 3258 1893 quadam
3309 1826 3522 1902 ratione
3569 1823 3768 1902 accere-

2181 1895 2608 1967 sendumputet.
2634 1893 2725 1967 S_i_c
2749 1895 2895 1949 enim
2920 1896 3038 1950 dies
3063 1911 3194 1967 xxix
3219 1897 3767 1967 coulicientur,quod

2181 1978 2289 2038 non
2345 1964 2618 2038 existimo.
2657 1964 2859 2021 Verum
2928 1975 3040 2038 tam
3105 1965 3284 2038 Latini
3361 1969 3526 2035 prisci
3584 1964 3765 2038 quam

2180 2034 2554 2108 Alexandrini,
2608 2051 2672 2091 ex
2728 2046 2922 2091 natura
2966 2036 3067 2102 rei,
3110 2036 3332 2106 triginta
3365 2034 3660 2108 quinque;
3711 2050 3769 2096 et

2180 2103 2457 2177 Victorius
2487 2107 2706 2176 triginta
2732 2116 2970 2176 quatuor
2992 2103 3254 2177 assignat,
3288 2103 3767 2167 tota—hebdomade

2179 2175 2518 2243 diﬂusiores;
2565 2175 2711 2247 quos
2754 2175 2874 2246 ipse
2921 2175 3146 2246 proinde
3185 2177 3380 2246 rejicit.
3416 2177 3530 2233 lmo
3563 2196 3632 2236 ne
3656 2179 3768 2234 Pa-

2183 2255 2326 2300 trum
2368 2248 2584 2317 quidem
2624 2249 3042 2304 Czesarieusium
3079 2249 3326 2312 limitem,
3376 2252 3589 2305 tametsi
3630 2268 3764 2307 xxxr

2180 2318 2391 2390 dierum
2425 2318 2691 2390 duntaxat
2716 2360 2731 2385 ,
2778 2320 3063 2374 admittere
3096 2319 3230 2383 vult,
3259 2335 3383 2373 cuni
3420 2319 3446 2390 ᾗ
3478 2323 3541 2374 l5
3579 2323 3652 2375 ita
3687 2325 3768 2374 lo-

2180 2389 2365 2454 quitur
2394 2409 2407 2442 :
2447 2388 2679 2454 Quidam
2711 2390 2955 2460 Africani
2989 2390 3200 2442 rimarii
3227 2392 3324 2443 has
3349 2391 3403 2442 in
3425 2388 3523 2444 suo
3555 2393 3764 2448 calculo

2181 2459 2410 2513 rationes
2466 2463 2723 2530 probant,
2757 2461 3077 2534 principium
3119 2461 3388 2529 quoddam
3427 2462 3650 2534 Pascha
3696 2465 3734 2534 ﬁ

2182 2544 2398 2600 nemque
2431 2543 2827 2600 componentes;
2866 2532 2920 2584 id
2948 2542 3046 2595 est,
3086 2547 3178 2584 nec
3219 2542 3340 2584 ante
3386 2549 3438 2585 xi
3482 2531 3763 2588 Kalendas

2180 2598 2411 2671 Apriles,
2447 2598 2556 2655 nec
2587 2613 2702 2671 post
2749 2619 2842 2656 xxi
2897 2603 3080 2656 lunam
3116 2615 3165 2654 et
3219 2620 3274 2656 x1
3323 2601 3596 2658 Kalendas
3630 2605 3767 2660 Maii

2184 2669 2392 2725 Pascha
2424 2669 2808 2726 immolandum
2837 2689 2967 2727 esse.
2999 2674 3142 2737 Quos
3179 2675 3427 2726 terminos
3465 2691 3567 2728 non
3592 2675 3766 2730 solum

2183 2757 2284 2793 non
2329 2744 2637 2812 sequendos,
2683 2745 2773 2796 sed
2817 2754 2865 2797 et
2915 2743 3250 2797 detestandos
3307 2761 3368 2797 ac
3416 2747 3767 2802 succidenda:

2180 2828 2292 2865 esse
2319 2813 2667 2868 decernimus.
2712 2813 2788 2868 Ita
2819 2815 2952 2883 ipse.

2252 2884 2316 2938 5°
2359 2883 2547 2939 Diﬂert
2597 2887 2652 2939 in
2707 2886 2849 2939 lunae
2895 2894 3052 2940 aetate
3080 2885 3376 2941 Dominicze
3403 2888 3643 2955 paschali
3672 2907 3768 2946 as-

2181 2955 2468 3025 signanda.
2518 2955 2697 3010 Latini
2748 2955 3089 3010 Dominicam
3127 2955 3352 3012 Pascha:
3382 2959 3622 3014 citimani
3652 2978 3764 3017 non

2181 3036 2308 3080 aute
2341 3027 2524 3081 lunam
2555 3042 2708 3081 suam
2738 3042 2851 3092 xvr,
2880 3025 3232 3081 Alexandrini
3262 3042 3370 3081 non
3401 3038 3527 3082 ante
3553 3046 3644 3097 xv,
3673 3035 3766 3086 in-

2181 3097 2389 3151 dicunt.
2425 3097 2544 3166 Ipse
2571 3099 2737 3152 etiam
2771 3099 2902 3152 luna
2933 3113 3026 3150 xw
3055 3099 3312 3163 admittit,
3343 3108 3402 3153 ut
3429 3107 3575 3166 pater.
3602 3103 3767 3160 anuis

495 3163 890 3246 relinquenda;
921 3169 1046 3246 iicet
1085 3178 1140 3246 _e_t
1169 3167 1222 3220 in
1250 3165 1737 3246 iabula_paseliali,
1769 3174 1823 3217 et
1854 3163 1971 3246 §Iil
2008 3178 2075 3246 ex
2106 3184 2151 3246 ρ
2182 3168 2328 3246 cycli
2355 3163 2525 3246 ipsius
2566 3183 2633 3246 ιι...
2661 3185 2691 3221 v
2718 3176 2951 3246 etimit,
2985 3171 3051 3246 in_
3086 3184 3209 3246 quo
3245 3184 3368 3246 cum
3406 3163 3768 3246 Quartadeci—

493 3233 881 3313 parte-sciscat
905 3239 1212 3313 Anatolius.
1238 3233 1542 3313 Accedebat
1565 3246 1845 3313 praeterea,
1864 3233 1964 3288 his
1981 3233 2082 3313 ad-

495 3304 705 3376 inissis,
726 3311 837 3381 jam
872 3311 1030 3364 lunas
1065 3307 1301 3362 Anatolii
1325 3304 1653 3381 Latinorum
1676 3315 1738 3381 et
1755 3304 2080 3359 Alexandri-

495 3396 699 3438 norum
728 3377 898 3435 'lunis
950 3380 1253 3448 coaeviores
1296 3388 1573 3448 utcunque
1626 3377 1762 3448 ﬁeri,
1792 3389 1904 3429 uno
1929 3385 2082 3434 certe

494 3461 683 3510 minus
716 3453 803 3507 die
836 3464 1189 3520 praecurrere.
1222 3446 1423 3514 Quare,
1456 3446 1514 3502 ut
1561 3449 1634 3501 ita
1674 3446 1933 3520 facerem,
1963 3461 2082 3500 om-

497 3531 632 3595 nino
660 3518 980 3595 pendebain.
1024 3519 1223 3595 Verum
1271 3520 1478 3595 adverti
1513 3534 1598 3572 me
1633 3529 1747 3595 tum
1771 3518 1855 3595 _in
1903 3520 2082 3585 majus

494 3588 909 3652 incommodum
959 3592 1279 3661 impingere.
1326 3588 1511 3645 Luuas
1564 3588 1848 3659 paschales
1887 3603 1972 3641 xw
2003 3599 2082 3661 ter

494 3665 785 3721 Anatolius
816 3663 986 3718 ternis
1019 3659 1355 3718 suasitabulaa
1386 3662 1566 3725 annis,
1595 3677 1655 3723 ii,
1687 3675 1717 3713 ν
1743 3669 1795 3714 et
1823 3674 1958 3712 xviii
1988 3659 2082 3712 de-

498 3738 692 3792 liuivit.
726 3735 783 3790 Si
815 3749 1013 3789 aureos
1042 3736 1164 3803 ejus
1190 3747 1446 3787 numeros
1476 3747 1586 3786 uno
1610 3732 1696 3785 die
1717 3731 2080 3803 devolvimus,

496 3823 575 3864 ea:
618 3809 731 3878 jam
789 3821 899 3878 non
957 3801 1187 3878 decimae
1226 3814 1454 3878 quartae,
1490 3803 1591 3878 sed
1641 3803 1865 3878 decima;
1911 3801 2084 3855 tertiae

496 3871 695 3940 erunt;
729 3875 876 3948 quod
926 3876 1047 3946 ejus
1093 3871 1396 3932 rationibus
1437 3875 1775 3948 adversatur.
1811 3871 1955 3948 idem
1999 3879 2081 3948 est

496 3951 566 4006 de
619 3943 788 4006 ternis
834 3943 1054 4018 quoque
1094 3948 1373 4002 vicesimis
1399 3945 1748 4018 paschalibus
1782 3943 1901 4018 ejus
1935 3943 2081 4018 Iunis

493 4022 785 4090 judicium.
803 4013 983 4091 Priori
1005 4019 1168 4091 igitur
1184 4013 1466 4091 sententiae
1490 4018 1668 4087 potius
1692 4013 2080 4091 insistendum,

498 4086 552 4146 et
593 4091 883 4145 dicendum
915 4086 1228 4143 Anaiolium
1257 4091 1341 4144 sui
1372 4089 1460 4144 hic
1492 4086 1556 4141 in
1601 4098 1710 4140 tam
1743 4086 1995 4138 intricata
2022 4098 2082 4138 re

499 4163 730 4216 oblitum
780 4161 928 4230 (nisi
961 4160 1102 4230 forte
1127 4159 1437 4226 librarium,
1472 4157 1619 4229 quod
1653 4171 1760 4210 non
1800 4159 1972 4225 puto)
2021 4168 2082 4208 se

499 4232 872 4299 lectorenique
901 4229 1256 4284 confundere.

569 4303 626 4355 4ο
666 4296 853 4353 Diﬂ‘ert
881 4300 1171 4370 Anatolius
1196 4301 1250 4353 in
1280 4299 1458 4370 capite
1482 4307 1537 4352 et
1563 4296 1670 4370 ﬁne
1716 4297 1876 4370 primi
1923 4309 2080 4370 me_n-_

499 4371 607 4437 sis;
641 4387 802 4441 quem
852 4370 1033 4424 Latini
1064 4386 1094 4441 a
1124 4367 1304 4424 Martii
1348 4365 1441 4425 die
1487 4365 2080 4441 quin_to,_’Alexandrini

497 4443 569 4497 ab
592 4436 784 4496 octavo
820 4441 1028 4495 ineunt.
1061 4439 1179 4508 Ipse
1219 4442 1463 4494 omnium
1499 4436 1807 4492 tardissime
1837 4438 1907 4491 ab
1929 4436 2078 4508 deci-

498 4529 610 4578 mo,
633 4514 759 4582 quia
785 4507 1098 4566 tardissime
1116 4526 1334 4582 quoque
1358 4513 1472 4582 ﬁgit
1492 4507 2078 4582 mqulIiOQllllm:_Ailn0

2184 3239 2362 3292 inanis
2391 3238 2538 3293 facit.
2573 3238 2711 3292 Hinc
2734 3239 2791 3293 tit
2817 3248 2876 3293 ut
2897 3240 3143 3292 eamdem
3177 3239 3398 3294 Paschze
3422 3241 3764 3299 Dominicain

2185 3325 2463 3378 nunquam
2519 3310 2660 3365 ultra
2712 3325 2783 3363 xx
2833 3309 3019 3363 lunam
3053 3309 3338 3372 ditfundat,
3373 3328 3497 3365 cum
3526 3315 3769 3369 Alexan-

2182 3380 2325 3452 drini
2358 3381 2426 3433 ad
2461 3397 2574 3447 xxi,
2619 3379 2794 3434 Latini
2839 3380 2905 3433 ad
2947 3395 3063 3452 xxii
3092 3383 3256 3434 etiam
3297 3393 3613 3452 propagent.
3651 3386 3768 3440 Cur

2185 3450 2236 3503 id
2278 3450 2460 3525 faciat,
2490 3453 2755 3525 r_ationem
2793 3452 2910 3525 ipse
2940 3451 3173 3525 reddere
3213 3450 3520 3525 conatur,'§
3557 3467 3769 3510 tracta-

2186 3530 2278 3593 tus
2300 3523 2386 3575 sui
2417 3524 2470 3575 8.
2497 3521 2564 3577 Et
2593 3525 2648 3576 in
2673 3523 2776 3576 hoc
2805 3521 2954 3593 Βοριί
2989 3521 3150 3593 prisci
3179 3537 3303 3576 cum
3337 3540 3402 3577 eo
3433 3521 3766 3593 sentiebant,

2183 3592 2229 3647 si
2258 3592 2416 3663 Beda:
2451 3593 2602 3658 ﬁdes,
2634 3593 2724 3646 lib.
2754 3608 2816 3646 ιιι
2854 3590 3110 3645 Historia:
3136 3595 3420 3663 Anglorum
3443 3590 3763 3661 ecclesiast.,
3819 3629 3826 3634 -

2183 3678 2302 3732 cap.
2335 3661 2426 3720 25.
2469 3663 2523 3717 ln
2572 3665 2764 3718 ultimo
2805 3664 2999 3717 tabula:
3044 3661 3279 3716 Anatolii
3328 3669 3767 3733 perpendiculari

2182 3749 2344 3790 versu
2393 3736 2488 3804 qui
2536 3736 2679 3790 luna:
2709 3742 2923 3789 aetatem
2979 3735 3035 3787 in
3085 3735 3323 3802 paschali
3358 3733 3642 3792 Dominica
3671 3740 3770 3792 de-

2184 3807 2384 3874 signat,
2425 3817 2533 3861 tres
2577 3806 2726 3872 anni,
2768 3820 2962 3873 nempe
2993 3820 3112 3868 viii,
3153 3819 3208 3857 xi
3243 3815 3296 3858 et
3328 3821 3441 3871 xiv,
3473 3807 3658 3862 lunam
3689 3825 3766 3864 xx

2181 3876 2464 3942 exhibent,
2504 3877 2687 3930 nullus
2717 3891 2812 3930 xxi
2838 3886 2934 3930 aut
2965 3889 3105 3929 xxii.

2253 3946 2316 4000 6°
2358 3945 2598 4022 Denique
2628 3947 2808 4002 diﬂ‘ert
2839 3947 3125 4000 Anatolius
3150 3945 3203 4022 in
3234 3945 3350 4022 ipsa
3373 3948 3645 4022 paschalis
3670 3967 3767 4022 cy-

2181 4019 2250 4071 cli
2284 4017 2654 4083 revoluti’one;
2686 4033 2850 4086 quam
2901 4033 3024 4071 cum
3083 4017 3298 4070 uminisi
3344 4021 3501 4072 anuis
3534 4020 3640 4073 552
3664 4017 3765 4076 aii-

2182 4089 2319 4142 solvi
2354 4099 2562 4142 certum
2610 4091 2702 4148 sit,
2733 4090 2911 4142 lunari
2960 4088 3112 4157 cyclo
3162 4087 3370 4142 scilicet
3417 4089 3472 4142 in
3523 4093 3760 4148 solarem

2180 4162 2367 4223 ducto,
2399 4173 2496 4212 seu
2533 4174 2623 4211 xrx
2654 4159 2813 4212 annis
2844 4160 2896 4210 in
2930 4173 3121 4221 xxvm,
3157 4159 3272 4226 ipse
3306 4167 3487 4212 tamen
3517 4175 3638 4215 eam
3664 4178 3764 4217 an-

2183 4244 2378 4282 norum
2420 4244 2509 4282 xix
2541 4229 2827 4303 intervallo
2859 4229 3175 4303 concludit:
3216 4238 3388 4303 ratus,
3414 4229 3629 4299 opinor,
3665 4249 3763 4303 pa-

2182 4315 2271 4354 res
2299 4314 2424 4354 esse
2448 4300 2984 4368 quartadecimarum
3014 4311 3068 4352 et
3098 4298 3503 4353 Dominicaruiu
3536 4298 3765 4370 pascha-

2181 4370 2314 4424 liqu
2370 4371 2756 4440 revolutioues,
2807 4385 2928 4440 quae
2979 4380 3092 4423 toto
3117 4371 3255 4422 coelo
3301 4371 3575 4426 differunt.
3623 4373 3764 4430 Hinc

2182 4440 2352 4513 ipse§
2386 4440 2453 4493 12
2485 4459 2498 4496 :
2532 4439 2636 4494 Sed
2678 4441 2796 4507 hoc,
2837 4443 3034 4509 inquit,
3069 4440 3133 4493 ab
3177 4442 3298 4513 aliis
3341 4444 3667 4509 sapientibus
3712 4455 3762 4500 et

2185 4512 2504 4566 acutissimis
2523 4514 2647 4565 viris
2669 4512 2989 4581 impossibile
3009 4528 3118 4564 esse
3137 4512 3420 4580 delinitur;
3437 4516 3572 4581 quod
3595 4517 3648 4568 in
3668 4517 3761 4569 illo

498 4577 840 4657 Cyell__SlIl_Xl
871 4577 1209 4657 Douiiiiicaui
1242 4577 1770 4657 pasch'alem’indicit
1799 4595 1850 4632 ιν
1881 4577 2078 4632 Kalen-
2109 4602 2153 4657 ι)
2187 4595 2409 4657 angusto
2463 4599 2525 4636 ac
2557 4577 2859 4657 brevissimo
2897 4597 3010 4657 xix
3037 4577 3295 4657 annor'imi
3336 4577 3519 4636 circuli
3563 4588 3760 4653 spatio,

497 4651 861 4723 das'Api-iles,
896 4669 988 4708 seu
1026 4651 1201 4706 Martii
1240 4651 1368 4707 xx1x
1412 4654 1562 4713 luna,
1595 4666 1698 4723 sua
1734 4666 1826 4714 xx,
1857 4665 1920 4704 ac
1951 4661 2079 4723 pro-

500 4725 626 4778 inde
651 4721 835 4778 luuam
864 4727 1020 4779 istam
1052 4728 1119 4778 ab
1143 4740 1176 4776 x
1204 4724 1385 4779 Martii
1415 4725 1645 4778 orditur.
1674 4721 1832 4775 Anno
1856 4721 2076 4790 quidem

497 4796 634 4865 cycli
667 4811 755 4865 xix
789 4797 1031 4849 citimaui
1069 4797 1377 4864 paschalem
1425 4809 1578 4850 suam
1611 4791 1946 4865 Dominicam
1976 4805 2078 4842 no-

501 4861 577 4918 tat
601 4882 655 4918 vi
677 4864 946 4920 Kalendas
977 4861 1198 4935 Aprilis,
1230 4882 1323 4921 seu
1349 4865 1526 4919 Martii
1555 4861 1930 4935 xxvn.Veruni
1953 4876 2078 4915 cum

502 4937 685 4990 lunam
723 4938 880 4989 istam
918 4934 1039 4990 xvu"
1063 4937 1327 4991 duntaxat
1360 4935 1627 5001 uolueret,
1663 4935 1821 5004 plane
1847 4934 2078 5001 primam

502 5007 720 5078 nonnisi
749 5023 779 5060 a
804 5007 990 5078 Martii
1020 5023 1072 5060 xi
1109 5009 1347 5073 deducit,
1379 5006 1642 5078 postridie
1668 5005 1906 5078 ineuntis
1929 5004 2080 5078 luna:

495 5077 606 5146 jam
635 5079 811 5132 dieue.
849 5075 950 5132 Ubi
981 5077 1033 5131 id
1066 5074 1561 5138 notandum'veuit,
1585 5076 1894 5130 Anatolium
1927 5074 2077 5146 illam

501 5145 994 5202 Alexandrinorum
1028 5159 1082 5202 et
1117 5151 1371 5204 Ecclesia:
1410 5149 1690 5203 hodierna:
1723 5146 1965 5218 regulam
1996 5145 2080 5198 ni—

502 5218 581 5271 hi’l
613 5220 834 5284 morari,
873 5220 1183 5288 paschalem
1211 5236 1331 5274 eam
1362 5234 1486 5274 esse
1510 5227 1762 5288 quartam
1787 5216 2076 5279 decimam,

501 5305 624 5357 quae
672 5293 755 5343 vel
799 5292 853 5343 in
895 5292 1072 5358 ipsum
1110 5291 1521 5359 aequinoctium,
1551 5293 1632 5344 vel
1682 5288 1926 5358 proxime
1958 5295 2079 5354 post

502 5360 680 5425 ipsum
730 5361 980 5415 incurrit.
1029 5359 1163 5415 Nam
1211 5363 1602 5430 aequinoctium
1652 5361 1767 5430 ipse
1813 5374 1936 5413 cum
1974 5371 2078 5410 xxv

502 5430 684 5501 Martii
719 5432 1014 5501 componit.
1051 5431 1163 5486 lino
1201 5448 1370 5486 unum
1404 5443 1660 5500 praeterea
1685 5432 1848 5495 diem,
1887 5441 2078 5497 nempe

501 5499 681 5574 Martii
712 5499 1064 5574 xxvi—(quem
1093 5499 1419 5572 aequinoctii
1453 5515 1856 5574 transgressum
1895 5501 2078 5574 appel-

503 5572 623 5640 lat),
666 5582 792 5627 ante
837 5571 1466 5642 legitimam’Pascbatis
1517 5571 1690 5630 citiini
1738 5571 2074 5625 iunctionem

502 5644 800 5697 transmitti
850 5648 983 5710 vult,
1015 5657 1074 5700 ut
1122 5657 1274 5700 tanto
1308 5647 1562 5700 tenebras
1606 5647 1698 5699 lux
1733 5653 1970 5713 superet.
2000 5642 2078 5697 lta

467 5741 472 5748 -
503 5714 651 5767 nulla
684 5714 758 5767 illi
789 5727 884 5770 aut
908 5717 1161 5785 perexilis
1186 5725 1270 5771 est
1294 5721 1704 5771 neomeniarum
1731 5725 1786 5768 et
1816 5715 2078 5769 termino-

502 5799 622 5836 rum
657 5787 994 5857 paschalium
1030 5789 1189 5857 ratio,
1223 5787 1318 5841 sed
1356 5787 1761 5842 Uomiuicarutn
1791 5788 2074 5851 duntaxat,

503 5869 624 5924 quin
653 5872 682 5911 a
712 5853 887 5913 Martii
928 5876 1075 5914 xxvii
1107 5853 1184 5915 ad
1203 5859 1403 5930 Aprilis
1440 5874 1575 5914 xxiii
1608 5859 1870 5914 inclusive
1919 5872 2074 5926 repe-

2185 4655 2393 4707 Pasclia
2423 4657 2782 4720 verissimum,
2808 4656 2860 4706 id
2887 4663 2963 4706 est
2994 4654 3046 4706 in
3080 4653 3164 4706 die
3187 4652 3488 4714 Dominica,
3520 4652 3758 4725 (equino-

2181 4726 2344 4778 ctium
2376 4726 2764 4798 transgrediens
2790 4726 3128 4798 inveniretur.
3157 4725 3258 4798 Sed
3296 4742 3413 4798 nos,
3442 4737 3498 4777 ut
3543 4729 3765 4798 manife-

2180 4798 2314 4849 stius
2342 4798 2461 4867 ﬁat,
2489 4795 2626 4867 quod
2651 4795 2758 4848 illis
2780 4795 3202 4848 incredulitatem
3227 4796 3450 4859 inducit,
3473 4808 3576 4850 etc.
3611 4795 3760 4852 Rur-

2181 4883 2301 4940 suin
2413 4869 2478 4921 15
2507 4866 2646 4920 :Hic
2675 4867 2906 4920 circulus
2939 4881 3029 4940 Xix
3075 4883 3340 4940 annorum»
3373 4885 3418 4940 αν
3440 4868 3760 4940 quibusdam

2182 4937 2451 5007 Africanis
2476 4940 2732 5001 rimariis,
2757 4940 2845 5008 qui
2871 4938 3150 5005 ampliores
3178 4937 3350 5008 (nota)
3373 4938 3596 4990 circulos
3634 4956 3755 4992 con-

2179 5011 2522 5079 scripserunt,
2548 5025 2648 5062 non
2672 5014 2946 5079 probatur,
2969 5010 3092 5076 quia
3112 5023 3292 5079 eorum
3309 5009 3757 5078 suspicationibus

2180 5081 2387 5134 videtur
2435 5082 2567 5134 satis
2613 5078 2722 5134 esSe
2769 5080 3090 5132 contrarius.
3130 5078 3324 5133 Verum
3374 5082 3418 5133 si
3463 5080 3758 5136 Africanos

2183 5151 2314 5205 istos
2342 5153 2595 5206 rimarios
2620 5161 2840 5206 secutus
2872 5149 3084 5212 luisset,
3111 5150 3422 5204 bissextiles
3456 5164 3631 5204 annos
3666 5168 3760 5204 ra-

2181 5221 2352 5277 riores
2389 5222 2708 5286 admittere,
2751 5222 3161 5290 litterarumque
3205 5219 3624 5274 Dominicalium
3673 5237 3762 5275 se-

2182 5296 2315 5346 riem
2347 5295 2418 5347 ita
2451 5293 2732 5347 succidere
2761 5306 2825 5344 ac
2848 5291 3181 5346 confundere
3213 5301 3435 5346 coactus
3463 5306 3574 5344 non
3618 5290 3759 5346 fuis-

2180 5371 2296 5430 set;
2342 5365 2564 5434 quando
2610 5378 2734 5418 vere
2778 5363 2872 5416 illa
2914 5369 3029 5415 tam
3073 5363 3223 5418 brevi
3266 5363 3472 5416 circulo
3501 5363 3760 5417 concludi

2179 5448 2287 5486 non
2317 5443 2516 5504 potest.

2250 5503 2375 5560 nec
2401 5503 2585 5558 omnia
2619 5503 2854 5559 Anatolii
2876 5503 3092 5574 placita,
3115 5520 3279 5574 quam
3311 5505 3587 5574 paradoxa
3621 5505 3756 5567 sint,

2180 5592 2341 5631 nemo
2373 5591 2479 5630 non
2503 5576 2644 5646 videt
2670 5594 2684 5629 :
2710 5591 2775 5628 ex
2797 5575 2900 5630 illis
2917 5576 3131 5646 quidem
3158 5591 3409 5646 magnam
3448 5578 3501 5630 in
3523 5575 3761 5646 lectoris

2178 5649 2454 5702 intellectu
2483 5645 2860 5702 confusionem
2887 5645 3019 5700 oriri
3060 5645 3345 5701 necessum
3378 5657 3479 5703 est.
3513 5645 3756 5701 Prorsus

2181 5733 2237 5773 ut
2277 5735 2345 5772 an
2373 5718 2611 5771 Anatolii
2641 5719 2774 5787 tanti
2804 5718 2908 5772 viri
2943 5732 3065 5772 esse
3089 5720 3450 5787 possint._nou
3478 5719 3756 5771 immerito

2178 5791 2615 5859 quaasiverimus.
2647 5786 2753 5844 Sed
2785 5799 2866 5844 tot
2890 5788 3051 5846 Beda:
3076 5786 3318 5858 adeoque
3343 5789 3561 5844 Eusebii
3597 5790 3755 5841 testi-

2181 5863 2384 5928 monia,
2414 5876 2536 5932 qua:
2564 5861 2752 5916 eadem
2782 5862 2944 5917 verba
2975 5859 3233 5927 referunt,
3267 5870 3319 5917 et
3346 5861 3758 5930 manuscriptus
