3986 6358
251 334 355 388 235

1199 327 1619 386 FRAGMENTA
1662 328 1756 387 EX
1794 328 2023 386 LiBRlS
2056 329 2504 388 ΔΒΙἸἪΜΕΠϐ.

3363 338 3473 399 254

251 474 356 510 ma
404 454 498 509 καὶ
537 450 806 527 εἰλικρινῆ
836 452 963 508 ὅντα
1007 452 1477 525 ἀναστρεφομένας
1517 453 1727 524 ἐώρων,
1759 453 1817 507 ἐν

1923 467 2164 522 puraque
2190 468 2285 510 eas
2319 451 2548 520 versari,
2575 453 2828 512 videbant
2851 454 3217 529 Pythagorici,
3256 459 3311 516 in
3353 463 3474 533 qui-

248 541 324 610 οἷς
352 546 490 617 μόνα
520 546 830 618 ἐπιστήμην
863 545 1131 618 ἐνόμιζον.
1170 547 1234 599 Οἱ
1267 545 1323 599 δὲ
1360 543 1610 618 νεώτεροι
1656 563 1812 618 περι-

248 639 495 691 έσπασαν
531 637 627 691 ἐπὶ
653 637 839 691 πλεῖον
865 639 963 709 τὴν
996 637 1387 709 προσηγορίαν,
1410 637 1471 691 οὐ
1503 638 1662 709 μόνον
1684 640 1813 712 περὶ

250 733 343 802 τὴν
381 728 679 801 ἀσώματον
719 729 814 784 καὶ
855 731 1050 802 νοητὴν
1094 729 1226 802 ὓλην
1256 728 1529 793 ἀξιοῦντες
1556 747 1814 803 πραγμα-

249 820 495 876 τεύεσθαι
526 822 622 875 τὸν
659 820 1066 894 μαθηματικὸν,
1100 821 1235 876 ἀλλά
1267 823 1358 876 καὶ
1391 823 1520 895 περὶ
1551 823 1648 896 τὴν
1679 826 1815 893 ἐφα-

251 914 524 985 πτομένην
550 914 651 985 τῆς
679 914 995 985 σωματικῆς
1025 916 1119 971 καὶ
1148 914 1413 987 αἰσθητῆς
1437 915 1642 981 οὐσίας.
1673 918 1819 972 Θεω-

251 1006 470 1078 ρητικδς
493 1004 603 1078 γάρ
634 1005 836 1074 ὀφείλει
868 1003 1023 1067 εἶναι,
1054 1006 1147 1061 καὶ
1172 1008 1341 1079 φορᾶς
1366 1006 1577 1082 ἄστρων
1607 1009 1701 1064 καὶ
1724 1011 1819 1064 τά·

250 1114 368 1168 χους
396 1097 586 1151 αὐτῶν
622 1097 873 1168 μεγέθων
913 1115 971 1152 τε
1005 1098 1099 1152 καὶ
1127 1101 1419 1171 σχημάτων
1456 1103 1551 1157 καὶ
1582 1104 1819 1176 ἀποστη-

253 1190 454 1260 μάτων.
496 1190 621 1243 Ἔτι
667 1189 725 1243 δὲ
771 1191 1151 1256 ἐπισκεπτικδς
1196 1193 1304 1249 τῶν
1350 1195 1491 1250 κατά
1528 1196 1629 1261 τὰς
1670 1197 1820 1267 ὄψεις

251 1280 433 1334 παθῶν
460 1321 476 1341 .
513 1281 752 1352 ἐρευνῶν
776 1282 876 1348 τὰς
902 1285 1077 1350 αἰτίας
1108 1285 1174 1340 δι’
1203 1287 1268 1352 ἃς
1299 1289 1393 1343 καὶ
1416 1290 1515 1361 οὐχ
1535 1291 1696 1346 ὁποῖα
1725 1294 1819 1347 καὶ

250 1373 455 1443 πηλίκα
501 1373 576 1427 τὰ
622 1375 957 1447 ὑποκείμενα
1006 1377 1228 1434 τοιαῦτα
1268 1381 1360 1434 καί⁹
1406 1382 1704 1454 τηλικαῦτα
1755 1387 1819 1439 ἐκ

250 1463 447 1528 παντὸς
489 1465 854 1537 διαστήματος
900 1467 1202 1540 θεωρεῖται,
1247 1472 1513 1542 τηροῦντα
1556 1474 1653 1545 μὲν
1696 1477 1819 1540 τοὺς

250 1556 376 1626 πρὸς
407 1556 625 1627 ἄλληλα
666 1558 890 1628 λόγους,
923 1559 1132 1629 ψευδεῖς
1170 1562 1226 1617 δὲ
1261 1563 1556 1632 φαντασίας
1588 1567 1680 1620 καὶ
1719 1568 1820 1639 τῆς

250 1646 451 1710 τάξεως
480 1648 580 1701 καὶ
621 1648 721 1720 τῆς
758 1649 959 1715 θέσεως
982 1652 1328 1723 ἐμποιοῦντα.
1377 1655 1543 1711 Τοῦτο
1573 1658 1671 1728 μὲν
1700 1662 1818 1714 κατ’

248 1737 477 1806 οὐρανὸν
521 1739 618 1791 καὶ
648 1739 804 1810 ἀέρα,
837 1739 994 1793 τοῦτο
1022 1741 1080 1794 δὲ
1114 1745 1172 1795 ἐν
1197 1743 1521 1817 κατόπτροις
1557 1747 1651 1802 καί⁸
1686 1751 1819 1803 πᾶσι

1916 544 2020 601 bus
2042 546 2382 602 solummodo
2426 547 2727 604 consistere
2776 549 3057 605 scientiam
3089 552 3472 621 opinabantur.

1916 636 2264 695 Recentiores
2302 654 2432 695 vero
2465 639 2771 710 philosophi
2818 641 2922 697 hoc
2959 657 3158 698 nomen
3197 646 3481 707 extensio;

1915 730 2229 798 dilatavere,
2260 730 2333 785 ita
2358 740 2417 786 ut
2442 748 2551 789 nou
2585 740 2790 788 tantum
2839 734 2982 789 circa
3023 734 3395 806 incorpoream
3423 749 3477 791 et

1915 821 2248 890 spiritualem
2286 823 2643 878 substantiam
2676 823 2880 879 versari
2915 826 3354 882 mathematicum
3376 843 3478 883 vo-

1915 910 2135 975 luerint,
2198 912 2291 967 sed
2324 913 2485 967 etiam
2529 914 2673 969 circa
2721 915 3076 970 substantiam
3111 933 3384 988 corporeae
3422 929 3478 975 et

1917 1003 2161 1059 sensibili
2187 1005 2423 1059 materiae
2443 1005 2766 1075 proximam.
2792 1006 2958 1061 Debet
2980 1008 3125 1062 enim
3149 1025 3309 1066 nosse
3325 1010 3479 1065 theo-

1920 1093 2054 1148 riam
2110 1094 2347 1150 siderum
2392 1109 2606 1161 cursus,
2658 1095 2994 1161 velocitatis,
3043 1099 3479 1167 magnitudinum

1917 1184 2218 1240 formarum
2246 1200 2310 1241 ac
2334 1185 2746 1250 distantiarum;
2774 1184 2932 1241 debet
2972 1188 3135 1241 etiam
3167 1179 3480 1246 examinare

1918 1278 2190 1348 quomodo
2228 1278 2417 1333 oculos
2466 1277 2698 1333 alliciant
2750 1286 2917 1341 astra,
2971 1279 3342 1350 investigando
3379 1297 3481 1338 cur

1917 1387 2040 1427 cum
2062 1370 2264 1441 qualia,
2297 1379 2391 1425 aut
2419 1379 2621 1439 quanta
2668 1370 2775 1423 sint
2808 1370 2985 1425 sidera
3018 1371 3326 1436 observata,
3371 1388 3478 1427 non

1919 1466 2042 1519 talia
2102 1472 2357 1532 tantaque
2394 1477 2460 1516 ex
2520 1462 2666 1516 omni
2731 1462 2986 1516 distantia
3042 1463 3480 1533 conspiciantur,

1918 1573 2042 1610 cum
2079 1556 2195 1612 haec
2235 1564 2380 1611 astra
2428 1553 2644 1625 quidem
2677 1563 2892 1609 servent
2938 1565 3157 1611 mutuas
3205 1557 3479 1622 rationes,

1919 1648 2012 1703 sed
2048 1648 2335 1703 mendaces
2368 1655 2619 1716 aspectus
2640 1645 2752 1701 sive
2789 1646 3019 1710 ordinis,
3062 1648 3175 1703 sive
3221 1647 3483 1717 positum

1882 1776 1896 1791 .
1917 1736 2171 1793 elliciant.
2198 1738 2461 1807 Aspectus
2486 1736 2623 1791 tales
2643 1737 2901 1803 siderum,
2925 1738 3085 1794 modo
3109 1737 3228 1793 (δίειί
3254 1747 3309 1793 et
3338 1737 3483 1795 aeris

250 1833 349 1894 τοῖς
382 1829 578 1895 λείοις,
621 1832 724 1885 κάν
764 1834 875 1897 τοῖς
896 1832 1171 1902 διαφανέσι
1191 1836 1248 1889 δὲ
1280 1836 1386 1890 τῶν
1408 1839 1699 1910 ὁρωμένων
1725 1842 1820 1896 καὶ

1923 1838 2094 1886 status
2129 1830 2480 1897 determinat,
2524 1831 2686 1887 modo
2726 1832 2965 1901 specula,
3011 1841 3106 1886 aut
3156 1833 3335 1888 omnis
3384 1847 3483 1887 su-

250 1924 682 1994 τοιουτοτρόποις
720 1923 952 1995 σώμασι.
991 1925 1135 1998 Πρὸς
1166 1926 1372 1994 τούτοις
1405 1932 1702 2003 μηχανικὸν
1744 1928 1820 1987 εἷ-

251 2029 325 2064 ναι
347 2012 449 2065 τὸν
483 2013 657 2086 ἄνδρα
683 2015 791 2068 δεῖν
823 2014 992 2086 ᾤοντο
1023 2018 1118 2072 καὶ
1146 2019 1410 2093 γεωδέτην
1449 2024 1543 2078 καὶ
1582 2024 1815 2094 λογικόν.

254 2104 360 2156 Ἔτι
405 2103 476 2157 δὲ
507 2104 604 2158 καὶ
645 2106 773 2177 περὶ
804 2108 904 2172 τὰς
935 2109 1112 2174 αίτίας
1142 2114 1242 2184 τῆς
1280 2114 1549 2184 ἐμμελοῦς
1578 2117 1827 2190 κράσεως

251 2194 346 2246 τῶν
377 2194 647 2264 φθόγγων
668 2198 764 2252 καὶ
784 2198 885 2269 τῆς
907 2202 1034 2274 περὶ
1055 2204 1213 2275 μέλος
1247 2207 1546 2275 συνθέσεως
1572 2211 1827 2284 ἀσχολού-

255 2300 432 2351 μενον,
473 2285 618 2358 ἆπερ
648 2286 878 2359 σώματά
901 2292 1066 2356 ἐστιν,
1094 2292 1247 2367 ἥτήν
1271 2314 1334 2365 γε
1360 2299 1592 2372 ἐσχάτην
1623 2303 1822 2373 ἀναφο-

254 2378 341 2448 ρὰν
370 2378 481 2432 ἐπὶ
511 2380 612 2453 τὴν
642 2383 905 2457 αἰσθητὴν
937 2385 1067 2457 ὓλην
1097 2392 1340 2445 ποιεῖται.

313 2535 379 2588 Τί
406 2537 534 2589 ἐστι
570 2537 920 2614 μαθηματική

310 2629 702 2703 Μαθηματική
731 2635 877 2688 ἐστιν
909 2638 1183 2711 ἐπιστήμη
1213 2640 1514 2716 θεωρητικὴ
1542 2644 1620 2718 τῷ
1648 2648 1828 2721 νοήσει

251 2734 304 2771 τε
360 2720 765 2795 καὶ⁶αίσθήσει
818 2727 1350 2803 καταλαμϐανομένῳ
1403 2736 1539 2808 πρὸς
1589 2720 1829 2809 τὴντῶν

253 2813 675 2868 ὖποπιπτόντων
695 2816 859 2873 δόσιν.
890 2821 1024 2892 Ἤδη
1048 2821 1104 2874 δὲ
1120 2825 1583 2897 χαριεντιζόμενος
1614 2845 1698 2895 τις
1713 2830 1828 2902 ἅμα

254 2908 342 3009 κμὶ
359 2905 466 2960 τοῦ
512 2909 715 2962 σκοποῦ
752 2913 1030 2984 τυγχάνων
1075 2915 1458 2990 μαθηματικὴν
1492 2920 1593 2991 ἔφη
1627 2924 1829 2998 ταύτην

255 3011 414 3060 ειναι,
1401 3031 1406 3035 -

156 3124 159 3131 λ
356 3135 408 3185 τ’
455 3133 630 3216 ἐλᾷ-η
656 3134 780 3216 ἐιέῖ
796 3136 997 3216 πρῷτα
1024 3131 1399 3216 κορύσσεται·
1424 3146 1610 3216 αὐτὰρ
1630 3150 1831 3206 ἔπειτα

261 3204 508 3274 Οὐρανῷ
532 3204 812 3273 ἐστήριξε
837 3204 989 3276 κάρα
1024 3204 1122 3263 καί
1156 3212 1255 3265 ἐπί
1284 3216 1452 3283 χθονὶ
1471 3204 1690 3282 ﬁni-ret.

786 3295 926 3352 Hou.
956 3298 1127 3356 Iliad.
1156 3317 1230 3368 Iv,
1263 3305 1368 3360 442
1393 3316 1447 3362 et
1472 3310 1601 3365 M5.

269 3448 522 3519 ’Ᾱρχεται
574 3451 678 3519 μὲν
713 3451 822 3521 γὰρ
862 3450 971 3503 ἀπὸ
1002 3451 1229 3523 σημείου
1264 3455 1360 3508 καὶ
1388 3459 1683 3531 γραμμῆς,
1716 3455 1834 3515 εἶτα

269 3539 321 3591 δὲ
365 3541 465 3610 τὴν
514 3538 749 3612 οὐρανοῦ
806 3541 901 3593 καὶ
957 3543 1286 3613 συμπάντων
1330 3546 1637 3618 ἀσχολεῖται
1696 3568 1836 3625 πραο

276 3649 501 3703 γματων.
1123 3700 1134 3712 ,

346 3727 481 3780 uta:
506 3727 651 3798 μέρη
699 3724 1083 3799 μαθηματικῆς
1103 3744 1120 3792 ;

350 3819 451 3890 Τῆς
480 3822 576 3891 μὲν
630 3820 962 3891 τιμιωτέρας
1017 3823 1112 3874 καὶ
1153 3820 1375 3895 πρώτης
1415 3823 1838 3900 ὀλοσχερέστερα

281 3914 410 3982 {1591;
440 3912 532 3966 δύο
571 3911 909 3984 ἀριθμητικὴ
948 3913 1043 3966 καὶ
1074 3915 1402 3986 γεωμετρία.
1455 3916 1568 3987 Τῆς
1613 3918 1670 3972 δὲ
1712 3925 1843 3991 περὶ

271 4007 335 4058 τὰ
359 4003 590 4074 αἰσθητά
620 4004 1019 4075 ἀσχολουμένης
1040 4004 1182 4077 ἐξοή
1214 4006 1520 4080 λογιστικὴ,
1554 4012 1839 4097 retinacula,

267 4096 478 4168 ὀπτικὴ,
512 4096 773 4166 κανονικὴ
793 4135 809 4158 ,
846 4095 1119 4168 μηχανικὴ
1137 4136 1153 4160 ,
1199 4098 1587 4172 ἀστρονομική.
1633 4103 1750 4157 Ὅτι
1784 4095 1841 4157 δὲ

265 4191 323 4243 τὸ
343 4190 599 4243 τακτικὸν
625 4188 955 4260 καλούμενον
975 4187 1099 4243 οῦτε
1128 4190 1188 4244 τὸ
1220 4189 1677 4263 ἀρχιτεκτονὶκὸν,
1710 4194 1836 4249 οὔτε

263 4283 323 4335 τε)
345 4281 597 4354 ἀημῶδες
624 4279 950 4353 μουσικὸν.ἢ
986 4282 1044 4335 τὸ
1069 4282 1197 4352 περὶ
1223 4283 1321 4348 τὰς
1353 4283 1562 4351 φύσεις,
1585 4286 1699 4339 ἀλλ’
1721 4289 1842 4342 οὐδὲ

263 4374 322 4427 τὸ
338 4373 649 4444 ὁμωνύμως
668 4372 994 4444 καλούμενον
1023 4375 1341 4446 μηχανικὸν,
1360 4376 1435 4441 ὡς
1453 4377 1650 4433 οἴονταί
1675 4398 1839 4447 τινες,

266 4467 408 4537 μέρη
443 4464 832 4535 μαθηματικῆς
876 4467 1002 4528 εἰσι,
1046 4466 1323 4536 προϊόντος
1343 4467 1436 4522 τοῦ
1467 4468 1627 4538 λόγου
1656 4473 1842 4542 σαφῶς

262 4572 319 4609 τε
347 4558 447 4611 καῖ
473 4555 790 4628 ἐμμεθόδως
817 4555 1080 4626 δείξομεν.

332 4783 457 4836 ὀτι
488 4782 518 4833 ὁ
548 4780 747 4844 κύκλος
772 4781 884 4853 ἔχει
914 4784 1137 4855 στερεάς
1165 4783 1262 4854 μὲν
1287 4790 1357 4855 τῖ’
1399 4783 1628 4839 ἐπίπεδα
1657 4785 1715 4839 δὲ
1745 4764 1835 4852 ae”

260 4875 466 4942 γωνίας
493 4872 551 4925 δὲ
581 4872 655 4927 δ’.

334 4964 470 5017 Τίνα
502 4963 616 5017 τίσι
641 4963 988 5036 προσεγγίζει
1011 4964 1120 5019 τῶν
1152 4965 1522 5040 μαθημάτων;

333 5054 651 5123 Συνεγγίζει
681 5054 879 5126 μᾶλλον
904 5057 969 5127 τῇ
1002 5056 1102 5127 μὲν
1131 5057 1457 5131 ἀριθμετικῇ
1482 5061 1515 5131 ἡ
1549 5059 1835 5135 λογιστικὴ

262 5146 362 5198 καὶ
388 5147 423 5216 ἡ
451 5148 733 5218 κανονική·
763 5148 858 5201 καὶ
888 5149 997 5222 γὰρ
1026 5148 1163 5221 αὕτη
1194 5152 1252 5203 ἐν
1285 5153 1543 5225 ποσότητι
1591 5153 1834 5210 λαϐοῦσα

262 5228 409 5291 κατά
428 5238 621 5310 λόγους
643 5280 658 5305 ,
709 5239 973 5311 ἀριθμοὺς
997 5242 1090 5296 κα)⁸
1129 5242 1415 5312 ἀναλογίας
1461 5245 1727 5318 πρόσεισι.
1753 5247 1831 5318 Τῇ

260 5330 323 5384 δὲ
352 5332 666 5405 γεωμετρίᾳ
699 5334 734 5404 η
759 5334 956 5406 ὀπτικὴ
984 5336 1075 5389 καὶ
1095 5338 1129 5410 ἡ
1150 5338 1429 5407 γεωδεσία.
1476 5337 1835 5413 Ἀμφοτέραις

260 5418 323 5472 δὲ
353 5423 446 5475 καὶ
468 5421 563 5477 ἐπὶ
590 5422 751 5478 πλέον
774 5424 808 5495 ἡ
840 5427 1109 5499 μηχανικὴ
1132 5428 1225 5483 καὶ
1253 5432 1286 5501 ή
1323 5427 1705 5501 ἀστρολογικὴ.

338 5514 510 5586 Ὀτιή
542 5513 902 5588 μαθηματικὴ
922 5516 1020 5581 τάς
1047 5518 1220 5590 ἀρχάς
1254 5521 1352 5591 μὲν
1385 5520 1497 5593 ἔχει
1540 5521 1597 5589 ἐξ
1639 5521 1835 5576 ὑπόθε-

270 5622 403 5671 σεως
427 5609 518 5661 καὶ
552 5607 683 5677 περὶ
713 5606 987 5663 ὑπόθεσιν.
1008 5609 1235 5679 Λέγεται
1260 5612 1316 5667 δὲ
1346 5614 1597 5677 ὑπόθεσις
1629 5614 1830 5686 τριχῶς

635 5743 913 5804 ΡΑτιιοι..
966 5743 1080 5807 Gn.
1129 5748 1210 5808 Χ.

1922 1921 2168 1992 perﬁcies
2187 1922 2373 1992 polita,
2399 1922 2480 1978 vel
2505 1923 2912 1989 translucentia,
2930 1923 3013 1978 vel
3037 1923 3139 1977 alia
3170 1923 3481 1991 huiusmodi

1925 2027 2150 2083 corpora
2177 2015 2533 2071 constituunt.
2563 2014 2932 2072 Machinarum
2962 2015 3184 2084 insuper
3208 2016 3483 2070 hominem

1924 2105 2154 2174 peritum
2184 2119 2305 2160 esse
2330 2105 2583 2159 volebant
2622 2120 2725 2161 nec
2765 2119 2875 2159 non
2916 2113 3242 2175 geometram
3272 2120 3339 2160 ac
3361 2105 3485 2160 dia—

1924 2195 2207 2260 lecticum;
2233 2194 2366 2264 quin
2396 2194 2560 2251 etiam
2600 2196 2934 2267 symphoniae
2965 2210 3181 2261 vocum,
3222 2210 3287 2252 ac
3329 2211 3481 2252 com-

1924 2286 2212 2356 positionis
2260 2285 2498 2341 musices
2540 2287 2722 2342 causis
2767 2303 2987 2358 operam
3031 2286 3340 2357 impendere
3390 2287 3485 2341 de-

1926 2378 2053 2446 bet;
2097 2393 2219 2448 quae
2254 2378 2473 2449 quidem
2513 2380 2695 2434 omnia
2738 2394 2966 2450 corpora
3008 2389 3156 2445 sunt,
3206 2379 3291 2434 vel
3334 2396 3485 2436 sum-

1930 2486 2075 2527 mam
2104 2470 2321 2540 quidem
2350 2486 2473 2526 cum
2499 2471 2740 2528 sensibili
2773 2472 2997 2527 materia
3037 2469 3353 2527 relationem
3383 2471 3486 2527 Ita-

1931 2565 2078 2620 beut.
2810 2572 2817 2575 ’

1999 2653 2141 2722 Quid
2163 2654 2235 2711 sit
2267 2654 2724 2711 mathematbica?
2835 2680 2838 2682 τ
3488 2716 3489 2719 η

1999 2745 2376 2802 Mathematica
2396 2754 2477 2802 est
2506 2742 2726 2802 scientia
2748 2747 2984 2804 theorica
3000 2764 3180 2805 rerum
3197 2765 3319 2820 quae
3333 2749 3489 2805 intel-

1931 2838 2162 2909 ligentia;
2175 2846 2229 2892 et
2243 2852 2499 2894 sensuum
2516 2846 2675 2908 captu
2693 2832 3082 2904 percipiuntur,
3091 2849 3279 2891 earum
3291 2851 3350 2896 ut
3366 2842 3489 2896 aliis

1932 2929 2122 2985 nutitia
2153 2930 2413 2984 tradatur.
2450 2928 2681 2985 Facetus
2709 2930 2959 2999 quidam.
2990 2945 3245 2986 successu
3289 2933 3490 2999 elatus.

1935 3020 2373 3079 mathematicam
2407 3018 2539 3073 dicit
2565 3033 2686 3074 esse
2715 3018 2855 3073 banc
2880 3018 3160 3074 scientiam
3182 3059 3200 3086 ,
3230 3035 3351 3090 qua

2005 3152 2183 3207 Parca
2216 3160 2356 3205 metu
2380 3151 2569 3220 primo,
2601 3166 2722 3205 mox
2747 3168 2856 3206 sese
2884 3150 3076 3204 attollit
3105 3153 3162 3205 in
3186 3169 3346 3207 auras
3368 3195 3386 3219 ,

1859 3247 1902 3305 ρ
2007 3223 2406 3294 lngrediturque
2429 3220 2563 3287 solo,
2593 3233 2643 3275 et
2674 3231 2830 3291 caput
2855 3223 2994 3276 inter
3013 3221 3195 3277 nubila
3219 3223 3419 3278 caudit.

2556 3313 2733 3383 (Vino.
2771 3313 2987 3370 Eneid.
3014 3329 3089 3381 Iv,
3121 3315 3243 3382 £76,
3275 3315 3420 3386 177).

2002 3472 2197 3543 incipit
2216 3474 2360 3529 enim
2385 3487 2416 3526 a
2437 3480 2637 3542 puncto
2658 3482 2713 3529 et
2733 3473 2896 3542 linea,
2925 3489 3051 3531 mox
3085 3476 3285 3533 cmlum
3315 3477 3492 3548 ipsum

1934 3581 1996 3621 ac
2023 3567 2205 3621 omnia
2240 3565 2602 3637 amplectitur.

2006 3752 2148 3820 Quot
2172 3756 2564 3811 mathematicae
2595 3756 2813 3828 partes?

1913 3901 1915 3903 ,
2006 3843 2297 3899 Nobilioris
2321 3846 2540 3915 quidem
2571 3857 2623 3902 et
2645 3849 2842 3918 prioris
2875 3849 3269 3905 mathematica:
3314 3863 3496 3922 partes

1939 3941 2223 4008 praecipua:
2237 3941 2355 3994 duae
2369 3948 2525 3995 sunt:
2548 3940 2881 3999 arithmetica
2903 3946 3107 4001 scilicet
3120 3947 3494 4017 ageometria.

1939 4025 2328 4083 Mathematica:
2341 4042 2470 4083 vero
2484 4044 2604 4099 quae
2619 4031 2892 4086 sensibilia
2909 4033 3250 4104 amplectitur
3266 4052 3357 4091 sex
3375 4053 3499 4106 par-

1941 4128 2022 4173 tes
2063 4118 2289 4183 adsunt,
2325 4117 2531 4174 scilicet
2573 4122 2939 4190 computatio,
2982 4125 3264 4195 geodesia,
3299 4131 3497 4197 optica,
3596 4187 3602 4193 ,

1940 4210 2169 4275 musica,
2196 4211 2530 4273 mechanica,
2550 4214 2918 4280 astronomia;
2948 4217 3093 4287 quod
3129 4230 3308 4274 autem
3326 4235 3500 4290 neque

1942 4301 2159 4364 tactica,
2191 4314 2364 4371 neque
2394 4301 2776 4369 architectura,
2806 4320 2981 4376 neque
3004 4306 3240 4378 vulgaris
3258 4311 3500 4374 musica,

1942 4407 2116 4462 neque
2140 4391 2378 4463 physica,
2408 4406 2585 4461 neque
2608 4392 2771 4448 etiam
2801 4410 2891 4451 ars
2914 4396 3005 4451 illa
3027 4412 3150 4467 quae
3178 4406 3499 4472 homonyme

1942 4492 2167 4538 vocatur
2209 4482 2555 4553 mechanica,
2606 4486 2999 4543 mathematicae
3040 4488 3149 4543 sint
3193 4498 3403 4560 partes,
3444 4499 3499 4545 ut

1869 4585 1914 4640 ι)
1941 4575 2159 4646 quidam
2197 4572 2459 4642 credunt,
2505 4575 2647 4631 inl'ra
2686 4579 2956 4634 sermonis
2996 4579 3205 4635 lucidus
3236 4580 3370 4637 ordo
3408 4582 3498 4638 de-

1938 4668 2282 4723 monstrabit.

2004 4781 2159 4848 Quod
2188 4783 2425 4838 circulus
2456 4783 2615 4839 habet
2657 4782 2827 4839 solida
2862 4792 3005 4849 octo,
3039 4786 3354 4855 superﬁcies
3383 4804 3501 4857 sex,

1935 4875 2161 4945 angulos
2182 4884 2530 4945 quatuor.....

1962 5021 1979 5033 ο
2009 4961 2142 5031 Quae
2166 4965 2365 5035 quibus
2389 4964 2784 5020 mathematica:
2805 4965 3047 5034 partibus
3070 4967 3319 5037 proxima
3340 4967 3367 5024 2

2011 5057 2378 5112 Arithmeticze
2420 5058 2697 5127 propiores
2744 5064 2873 5112 sunt
2920 5061 3253 5128 computatio
3293 5070 3349 5116 et
3384 5078 3495 5117 mu.

1890 5180 1899 5187 ι
1942 5149 2091 5216 sica;
2124 5150 2239 5203 haec
2268 5150 2413 5203 enim
2448 5148 2768 5219 quantitatis
2786 5149 3060 5220 particeps
3081 5153 3378 5208 secundum
3414 5171 3485 5209 ra-

1945 5242 2139 5307 tiones,
2159 5256 2415 5297 numeros
2435 5254 2488 5297 et
2507 5242 2809 5312 analogiam
2827 5243 2905 5297 illi
2925 5246 3341 5318 appropinquat.
3357 5246 3489 5304 Geo-

1944 5335 2151 5390 metrite
2181 5350 2311 5390 vero
2335 5334 2624 5390 viciniores
2646 5334 2822 5404 optica
2851 5345 2907 5390 et
2926 5338 3198 5407 geodesia.
3223 5338 3501 5397 Ambabus

1938 5439 2120 5484 autem
2159 5427 2420 5498 proxima:
2454 5425 2769 5483 mechanica
2800 5433 2854 5482 et
2887 5422 3201 5501 astrologia.

2010 5518 2166 5587 Quod
2204 5519 2587 5576 mathematica
2617 5518 2882 5589 principia
2916 5519 3076 5574 habet
3106 5522 3173 5574 ab
3215 5519 3496 5590 hypotbesi

1941 5619 1994 5668 et
2028 5612 2172 5669 circa
2210 5612 2555 5683 bypotbesin.
2582 5609 2789 5668 Dicitur
2812 5611 3123 5683 hypothesis
3152 5612 3344 5683 triplex
3365 5654 3381 5679 ,
3413 5615 3495 5670 vel

3170 5749 3218 5811 8
