3942 6346
244 365 350 419 237

1731 373 2032 430 NOTITIA.

3397 389 3503 446 958

247 487 488 555 scriptos
519 491 751 543 maximo
779 491 880 545 sibi
907 494 1210 563 adjumcnto
1245 499 1408 568 fuisse
1433 500 1717 570 proﬁtetur
1752 499 1827 570 (ι)
1862 502 1904 556 Λ
1933 497 1997 550 de
2046 498 2421 556 lncarnationc
2465 501 2557 557 Dei
2578 543 2593 568 .
2648 519 2878 576 eamque
2925 507 3236 577 possibilcm
3269 524 3390 566 esse
3419 528 3507 567 ar-

246 579 300 634 in
349 581 418 635 iis
464 583 606 637 viris
648 585 952 642 illustribus
997 593 1376 660 recensendis,
1425 595 1518 664 qui
1560 604 1686 651 ante
1736 611 1835 651 sua

249 682 501 742 tempora
557 677 613 729 in
647 677 885 733 Ecclesia
910 680 1176 750 ﬂoruere;
1229 695 1288 740 ut
1325 696 1604 758 propterea
1643 690 1836 746 silente

252 767 491 822 Eusebio
541 771 755 826 siluerit
813 782 866 827 et
903 775 1094 831 doctor
1140 779 1428 836 maximus.
1484 783 1554 835 At
1595 783 1833 854 episcopi

247 859 618 917 Caesariensis
684 877 994 935 suspectum
1066 869 1279 924 videtur
1332 886 1454 928 esse
1510 875 1830 941 silentium;

243 953 471 1022 quippe,
490 956 586 1024 qui
611 956 935 1013 Arianorum
967 961 1147 1016 fautor
1171 979 1234 1018 ac
1256 973 1539 1034 patronus,
1558 969 1833 1037 praeterire

241 1047 604 1101 consueverit
631 1064 756 1117 qua
789 1049 936 1104 illius
971 1062 1133 1107 sectae.
1153 1054 1406 1125 dogmata
1443 1066 1720 1128 utcunque
1748 1060 1831 1115 in-

241 1133 488 1203 fringere
530 1140 862 1206 potuissent,
908 1153 968 1197 ut
1013 1147 1264 1214 superius
1302 1163 1368 1201 ex
1400 1148 1595 1203 Photio
1626 1150 1703 1222 (2)
1735 1153 1829 1206 de-

238 1229 722 1296 monstravimus;
761 1231 1004 1303 adeoque
1035 1235 1306 1293 immerito
1326 1239 1506 1295 Caveo
1537 1244 1612 1312 (5)
1641 1254 1694 1299 et
1725 1244 1830 1298 Fa-

238 1317 416 1370 bricio
447 1317 527 1388 (1)
556 1319 735 1375 visum
765 1333 846 1377 est
877 1325 1120 1395 iniquum
1150 1326 1370 1385 Baronii
1401 1333 1690 1402 judicium,
1718 1354 1828 1407 quo

237 1405 546 1463 Eusebium
582 1409 934 1484 Theognosti,
960 1417 1336 1489 theologorum
1354 1424 1709 1492 celeberrimi,
1728 1405 1828 1484 uo-

236 1514 358 1553 men
396 1512 457 1555 et
486 1504 690 1572 scripta
720 1507 847 1563 dolo
871 1509 1014 1564 malo
1039 1514 1450 1581 praetermisisse
1503 1523 1822 1588 pronuntia-

235 1595 311 1647 vit
335 1596 417 1664 (Ξ)
439 1614 453 1660 ;
473 1598 622 1666 quod
650 1600 907 1656 nimirum
938 1603 1030 1657 τοῦ
1049 1606 1333 1677 ὁμοουσίου
1359 1618 1612 1668 strenuus
1634 1613 1826 1670 fuisset

233 1698 507 1743 assertor.
564 1687 697 1759 Ejus
743 1700 924 1749 tamen
959 1711 1080 1750 cum
1128 1700 1351 1755 honoris
1392 1703 1706 1771 praefatione
1739 1723 1824 1761 se-

235 1779 342 1834 mel
401 1779 718 1852 iterumque
762 1787 1008 1842 meminit
1055 1805 1287 1860 magnus
1317 1791 1682 1862 Athanasius;
1734 1801 1820 1853 cui

235 1871 439 1924 dicitur
476 1873 559 1942 (6)
602 1875 740 1946 ἀνὴρ
771 1876 965 1945 λόγιος,
995 1879 1074 1932 vir
1103 1880 1350 1946 disertus,
1388 1895 1441 1938 et
1470 1885 1546 1954 (7)
1572 1887 1816 1956 Θεόγνω-

237 1977 361 2022 m;
410 1963 439 2014 ὁ
474 1961 776 2034 θαυμάσιος
801 1969 892 2022 καὶ
927 1970 1227 2037 σπουδαῖος,
1263 1974 1605 2030 admirandus
1635 1978 1724 2032 ille
1756 1997 1818 2034 ac

235 2053 516 2107 studiosus
551 2053 922 2126 Tlieognostus.

303 2141 370 2195 ll.
417 2143 640 2200 Scholae
685 2149 1029 2205 catecheticre
1071 2152 1450 2212 Alexandrina:
1501 2158 1813 2227 praefectum

233 2233 410 2290 fuisse
440 2236 854 2310 Theognostum
889 2254 1013 2313 post
1044 2244 1306 2311 Pierium,
1363 2264 1426 2303 ex
1453 2249 1700 2322 Philippo
1732 2251 1816 2308 Si-

233 2327 358 2380 dcte
388 2327 473 2396 (8)
507 2330 907 2398 comperimus;
967 2336 1211 2406 adeoque
1237 2353 1337 2407 pro
1363 2337 1616 2394 Dodwelli
1653 2344 1816 2398 ratio-

231 2415 400 2470 nibus
449 2418 534 2485 (9)
575 2419 718 2474 Caro
765 2421 1065 2491 imperante
1112 2428 1374 2485 claruisse
1417 2431 1561 2486 circa
1610 2450 1812 2488 annum

232 2523 523 2565 ccuxxn.
584 2508 832 2583 Origenis
866 2532 995 2571 vero
1043 2521 1222 2588 ipsum
1251 2520 1422 2578 fuisse
1463 2524 1812 2595 discipulum,

230 2601 322 2654 vel
373 2603 577 2656 saltem
613 2605 731 2672 ejus
763 2623 986 2677 operum
1021 2612 1508 2684 studiosissimum,
1559 2621 1692 2677 satis
1726 2623 1812 2676 in-

235 2706 407 2745 uuere
463 2692 693 2750 Photius
740 2699 950 2754 videtur
997 2702 1126 2774 (10).
1197 2704 1451 2764 Proxime
1500 2721 1646 2766 certe
1690 2722 1812 2783 post

237 2781 530 2855 Origenem
555 2791 830 2846 exstitisse
863 2793 1267 2867 Theognostum
1299 2816 1365 2856 ex
1395 2817 1460 2858 eo
1483 2804 1809 2876 colligimus,

237 2881 384 2944 quod
450 2890 675 2935 sanctus
728 2885 1059 2944 Athanasius
1091 2899 1400 2964 .utrumque
1451 2897 1809 2969 coniungens,

237 2971 508 3034 παλαιοὺς
549 2974 764 3046 ἄνδρας,
793 2980 993 3047 priscos
1016 2983 1177 3047 viros,
1212 2987 1443 3055 appellat
1487 2990 1619 3060 (ll).

310 3061 550 3132 Scripsit
594 3077 774 3121 autem
825 3079 1016 3126 auctor
1052 3084 1233 3129 noster
1274 3078 1434 3146 plena
1476 3080 1712 3136 dictione
1745 3099 1810 3140 ac

241 3153 380 3224 style
413 3158 703 3226 perspicuo
727 3160 894 3218 libros
924 3180 1001 3218 vn
1050 3167 1456 3227 lnstitutionum
1481 3174 1810 3247 theologica-

239 3260 383 3306 rum,
427 3246 545 3313 jam
590 3250 681 3304 diu
729 3252 1070 3324 deperditos;
1125 3275 1359 3330 quorum
1396 3246 1804 3337 inscriptionem

239 3338 310 3390 ita
339 3337 508 3392 refert
542 3340 678 3395 idem
704 3342 930 3404 Photius
961 3350 1072 3420 (l2)
1105 3371 1116 3405 :
1143 3353 1246 3407 Τοῦ
1281 3359 1550 3428 μακαρίου
1568 3361 1808 3430 θεοτνώ-

240 3443 363 3480 στου
391 3429 780 3505 Ἀλεξανδρέως
804 3440 898 3492 καὶ
925 3440 1806 3514 ὲξηγητοῦ,⁹Υποτυπώσεις.Βεαιὶ

238 3519 570 3592 Theoguosti
613 3527 981 3596 Alexandrini,
1030 3552 1302 3591 sacrorum
1353 3540 1606 3596 librorum
1641 3545 1805 3598 inter-

230 3617 419 3679 pretis,
451 3615 836 3690 Ilypolyposes.
874 3623 940 3678 Et
987 3626 1134 3681 illam
1186 3631 1404 3699 quidem
1448 3650 1634 3689 vocem
1677 3636 1802 3709 ἐξη-

230 3706 402 3775 γητοῦ
461 3710 662 3764 schola:
709 3715 1050 3773 eatecheticae
1070 3724 1444 3788 praefecturam
1467 3706 1803 3799 docendique

229 3812 437 3852 munus
498 3803 772 3869 publicum
817 3807 1094 3876 denotare,
1147 3814 1432 3886 ipsumque
1469 3819 1645 3887 operis
1676 3823 1802 3875 titu-

229 3889 345 3944 lum
379 3898 434 3949 ⁸]
452 3898 795 3963 mror-abest;
823 3915 854 3954 a
883 3901 1158 3962 Clemente
1192 3909 1474 3967 decessore
1500 3916 1802 3985 sumpsisse

227 3979 667 4055 Theognostum,
694 3982 818 4047 cum
847 3992 1123 4052 Dodwello
1152 4002 1548 4060 existimamus.
1602 3979 1790 4080 Singu-

228 4079 407 4134 lorum
441 4099 574 4138 vero
599 4087 860 4145 librorum
890 4106 1227 4164 argumenta,
1275 4101 1462 4156 eodem
1488 4101 1680 4160 Photio
1711 4079 1797 4160 re-

220 4184 527 4246 _censente,
575 4188 701 4234 sunt
731 4181 1019 4250 ejusmodi.
1075 4185 1258 4242 Primo
1301 4191 1439 4247 libro
1471 4193 1538 4247 de
1563 4193 1670 4249 Deo
1695 4193 1796 4249 Pa-

229 4272 310 4318 tre
338 4266 474 4335 egit,
504 4283 740 4340 eumque
761 4288 882 4328 esse
913 4291 1092 4332 rerum
1124 4281 1394 4350 opiﬁcem,
1429 4299 1603 4355 neque
1633 4300 1797 4342 mate-

228 4358 365 4413 riam
417 4360 495 4414 illi
541 4372 868 4420 comternam
904 4386 1024 4424 esse
1077 4371 1490 4431 demonstravit.
1550 4377 1799 4436 Secundo

225 4452 613 4507 necessitatem
641 4455 943 4514 existentiae
971 4459 1090 4516 Filii
1119 4467 1373 4521 ostendit.
1414 4467 1594 4524 Tertio
1624 4469 1798 4539 Spiri-

1938 591 2070 658 guit.
2125 590 2384 648 Ultimum
2428 594 2661 662 denique
2700 598 2762 651 de
2788 597 2886 652 Dei
2911 601 3175 653 creatione
3207 601 3503 672 inscripsit.

2007 681 2092 739 lll.
2133 682 2301 740 Porro
2350 689 2466 743 haec
2513 704 2756 744 reterens
2811 689 3060 756 Photius,
3114 694 3504 764 complurajn

1937 772 2282 847 Theognosto
2324 781 2702 850 reprehendit;
2755 783 2897 852 quod
2930 783 3217 853 Origenem
3262 797 3502 843 assecta-

1937 883 2044 941 tus,
2077 875 2218 930 haud
2249 892 2419 946 pauca
2451 894 2514 933 ex
2549 878 2669 948 ejus
2698 879 2849 934 libris
2880 881 3019 949 Περὶ
3065 881 3267 951 ἀρχῶν
3305 884 3504 938 hause-

1934 967 2034 1031 rit,
2087 983 2316 1023 erronea
2347 971 2507 1039 plane
2538 981 2699 1041 atque
2729 988 2760 1026 a
2785 973 3009 1027 veritate
3050 975 3244 1028 aliena.
3299 974 3499 1030 Verum

1933 1057 2002 1111 ab
2045 1057 2145 1112 hac
2183 1056 2445 1114 Photiana
2483 1076 2715 1116 censura
2759 1066 3078 1132 scriptorem
3107 1077 3353 1120 nostrum
3384 1066 3502 1120 vin-

1931 1146 2185 1202 dicarunt
2235 1150 2336 1203 viri
2390 1151 2567 1213 docti,
2621 1151 2886 1222 Georgius
2928 1152 3114 1208 Bullus
3143 1155 3252 1225 (l3)
3286 1165 3339 1208 et
3364 1155 3502 1210 Pru-

1931 1235 2149 1292 dentius
2199 1238 2454 1295 Maranus
2485 1241 2596 1311 (14)
2635 1260 2648 1296 :
2680 1258 2911 1312 quorum
2963 1245 3113 1312 prior
3153 1253 3208 1298 et
3239 1246 3371 1301 illud
3405 1247 3503 1302 ad-

1929 1333 2110 1400 vertit,
2151 1333 2404 1388 Photium
2456 1350 2566 1406 prae
2618 1336 2884 1390 acerrimo
2921 1338 3182 1392 adversus
3213 1337 3500 1409 Origenem

1929 1425 2078 1492 odio,
2130 1435 2184 1480 et
2212 1428 2264 1481 in
2296 1425 2700 1496 Theognostum
2732 1428 2849 1497 ejus
2874 1429 3138 1484 aSseclam
3169 1439 3223 1485 et
3251 1430 3501 1486 delenso~

1928 1534 2041 1573 rem
2082 1517 2252 1573 fuisse
2283 1519 2563 1588 iniquum;
2621 1530 3014 1591 proptereaque
3057 1521 3258 1591 scripta
3288 1522 3411 1592 ejus
3443 1524 3497 1578 in

1929 1609 2125 1662 malam
2156 1618 2364 1679 partem
2389 1611 2697 1680 accepisse,
2734 1628 2827 1667 seu
2872 1613 3050 1682 porius
3077 1611 3145 1666 ab
3176 1613 3300 1668 aliis
3325 1616 3499 1686 accipi

1927 1703 2182 1758 voluisse.

1996 1793 2115 1849 Non
2147 1797 2320 1851 solum
2361 1813 2488 1853 vero
2513 1798 2565 1852 in
2595 1798 2773 1854 Photii
2804 1799 3278 1869 reprehensionem
3312 1800 3498 1855 incidit

1927 1884 2326 1958 Theognostus,
2365 1891 2456 1944 sed
2485 1890 2538 1944 in
2570 1907 2635 1946 eo
2661 1893 2920 1945 nonnulla
2946 1907 3165 1962 quoque
3189 1892 3497 1961 displicuis—

1925 1994 1986 2033 se
2009 1978 2270 2050 Gregorio
2294 1981 2538 2052 Nysseno
2559 1994 2894 2054 compertum
2923 1983 3205 2038 habemus.
3236 1983 3328 2039 Sic
3348 1986 3492 2038 enim

1925 2070 2013 2124 ille
2064 2079 2252 2125 contra
2288 2069 2618 2127 Eunomium
2652 2075 2894 2129 scribens
2928 2075 3038 2144 (15)
3067 2093 3080 2128 :
3109 2074 3218 2127 Καὶ
3243 2074 3303 2128 οὐ
3335 2075 3494 2146 μόνος

1924 2163 1981 2212 ὲν
2012 2161 2182 2231 τούτῳ
2224 2163 2563 2235 πεπλάνηται
2594 2165 2736 2219 κατὰ
2774 2165 2871 2237 τὴν
2917 2166 3143 2221 ἀτοπίαν
3173 2165 3265 2218 τοῦ
3295 2165 3497 2237 δόγμα-

1921 2271 2010 2317 τος
2054 2255 2337 2326 Εὑνόμιος,
2387 2256 2500 2311 ἀλλ’
2536 2257 2650 2311 ἔστι
2689 2259 2780 2311 καὶ
2817 2261 2874 2311 ἐν
2904 2261 3016 2322 τοῖς
3047 2257 3375 2328 Θεογνώστῳ
3401 2276 3496 2312 πε-

1923 2348 2244 2419 πονημένοις
2284 2351 2343 2404 τὸ
2385 2350 2496 2404 ἴσον
2523 2352 2724 2423 εὑρεῖν,
2753 2352 2811 2416 ὃς
2840 2352 2970 2422 φησὶ
2997 2353 3087 2405 τὸν
3111 2351 3245 2405 Θεὸν
3283 2348 3402 2402 τόδε
3435 2352 3496 2405 τὸ

1921 2443 2029 2494 πᾶν
2058 2443 2482 2507 κατασκευάσαι,
2528 2445 2742 2515 πρῶτον
2782 2445 2872 2498 τδν
2899 2443 3026 2498 Υἰδν
3051 2433 3162 2497 οἶόν
3188 2462 3308 2497 τινα
3337 2444 3494 2497 κανό-

1921 2547 1986 2582 να
2014 2531 2548 2604 προῦποστήσασθαι.
2591 2533 2645 2588 ld
2682 2543 2802 2589 est:
2849 2553 2868 2586 ‹
2899 2534 3084 2604 Neque
3129 2534 3183 2588 in
3217 2535 3320 2590 hoc
3345 2536 3496 2590 solus

1922 2619 2194 2674 aberravit
2222 2621 2288 2674 ad
2318 2622 2610 2676 absurdam
2662 2624 2988 2677 sententiam
3015 2622 3348 2690 Eunomius;
3396 2625 3494 2680 sed

1879 2753 1884 2758 .
1920 2710 2061 2765 idem
2110 2714 2270 2766 etiam
2329 2713 2566 2782 reperire
2612 2724 2696 2770 est
2745 2715 2798 2769 in
2828 2715 2981 2770 libris
3009 2715 3360 2788 Theognosti,
3396 2720 3491 2788 qui

1919 2801 2115 2857 Filium
2140 2819 2172 2858 a
2209 2805 2338 2867 Deo,
2379 2821 2502 2860 cum
2533 2806 2633 2860 hoc
2665 2806 2978 2861 universum
3020 2807 3351 2862 constituere
3375 2809 3491 2862 vel-

1920 2895 2026 2960 let,
2081 2896 2353 2966 primum,
2404 2897 2570 2951 veluti
2619 2898 2910 2969 quamdam
2968 2899 3168 2968 opiticii
3216 2916 3488 2968 normam,

1918 2988 2374 3056 praesuppositum
2411 2987 2580 3044 fuisse
2611 2989 2763 3044 dicit.
2801 3007 2820 3040 ι
2864 2987 2931 3043 Et
2961 2989 3075 3044 haec
3098 2989 3317 3060 quidem
3349 2991 3489 3063 Nys-

1917 3077 2035 3130 seni
2071 3093 2298 3133 censura
2332 3079 2510 3148 potior
2554 3078 2819 3135 Photiaua
2859 3081 3220 3136 existimanda
3254 3081 3484 3136 videtur.

1915 3167 1984 3222 At
2030 3167 2178 3222 illam
2223 3168 2383 3222 diluit
2420 3169 2558 3223 alter
2599 3169 2773 3224 nostri
2815 3173 3109 3226 catechetze
3136 3163 3488 3226 Alexandrini

1911 3271 2176 3330 patronus
2204 3261 2317 3330 (l6)
2351 3281 2364 3315 :
2400 3273 2515 3316 tum
2559 3265 2687 3332 quia
2734 3261 3115 3334 Theoguostus
3143 3264 3212 3318 ab
3240 3263 3487 3319 Athana-

1909 3356 1992 3408 sio
2037 3363 2095 3408 ut
2125 3351 2610 3408 Consubstantialis
2657 3354 2912 3410 defensor
2954 3363 3009 3409 et
3051 3357 3226 3417 testis,
3281 3357 3486 3410 citatus

1906 3455 2024 3513 est;
2075 3455 2190 3500 tum
2222 3449 2349 3517 quia
2375 3446 2553 3517 ipsum
2583 3446 2715 3500 illud
2743 3447 3115 3501 testimonium
3145 3447 3291 3516 quod
3322 3447 3487 3501 refert

1905 3536 2222 3608 Gregorius,
2265 3536 2508 3593 Verbum
2533 3538 2815 3606 describit,
2848 3548 2907 3594 ut
2930 3539 3108 3593 ideam
3151 3538 3297 3593 illam
3322 3549 3376 3592 et
3399 3555 3486 3593 re-

1905 3631 2106 3698 gulam,
2137 3631 2294 3700 cujus
2320 3631 2385 3684 ad
2415 3632 2692 3700 exemplar
2726 3633 2908 3687 omnia
2939 3634 3164 3688 creavit.

1977 3722 2101 3787 Sed,
2134 3731 2195 3776 ut
2219 3723 2360 3778 dicta
2394 3723 2613 3778 demum
2647 3725 3061 3790 concludamus,
3089 3741 3212 3796 quae
3235 3726 3478 3784 nonnulli

1906 3825 2146 3870 veterum
2183 3817 2237 3869 in
2272 3815 2620 3886 Theoguosto
2667 3818 3088 3887 reprehensione
3139 3818 3301 3884 digna
3326 3828 3485 3888 puta-

1903 3917 2052 3970 runt,
2087 3907 2222 3960 nihil
2251 3907 2318 3961 de
2346 3907 2605 3976 praeclaro
2627 3907 2810 3977 magni
2837 3905 3121 3962 Athanasii
3145 3908 3356 3978 judicio
3380 3910 3480 3964 deo

1903 4000 2119 4055 trahere
2143 4000 2356 4066 valent;
2393 3998 2485 4070 qui
2515 3999 2662 4054 hunc
2692 4002 2893 4055 schoue
2926 4001 3308 4057 Alexandrinae
3334 4018 3479 4072 prte-

1901 4094 2102 4149 fectum
2132 4095 2302 4148 uirum
2332 4093 2706 4148 admirandum
2737 4094 2990 4164 appellat,
3019 4094 3263 4165 adeoque
3288 4098 3476 4167 appri-

1901 4204 1988 4242 me
2012 4187 2377 4242 orthodoxum
2428 4186 2599 4242 fuisse
2630 4187 2901 4257 perhibet.
2946 4186 3022 4241 Ea
3051 4188 3331 4245 enimvero
3357 4207 3480 4260 quae

1899 4296 1964 4334 ex
2005 4279 2124 4348 ejus
2167 4279 2323 4336 libris
2369 4277 2708 4350 deprompsit
2749 4289 2974 4336 sanctus
3002 4281 3091 4336 ille
3119 4285 3319 4352 praesul
3351 4283 3478 4340 Ale-

1900 4373 2223 4438 xandrinus,
2253 4387 2484 4443 quaeque
2509 4389 2573 4427 ex
2603 4388 2670 4429 eo
2699 4373 2970 4443 descripta
3006 4389 3106 4429 suo
3133 4375 3253 4430 loco
3280 4383 3474 4445 protu-

1901 4467 2082 4531 limus,
2131 4466 2391 4522 evincunt
2414 4467 2534 4537 ejus
2561 4467 2874 4522 testimonio
2899 4468 3068 4537 premi
3101 4468 3356 4532 Arianos,
3393 4470 3475 4538 ip-

225 4548 338 4595 tum
367 4554 621 4599 sanctum
650 4562 788 4612 esse,
813 4556 1146 4619 argumentis
1167 4558 1346 4612 evicit.
1379 4559 1582 4625 Quarto
1608 4564 1674 4617 de
1700 4580 1796 4618 au-

1926 4574 2132 4629 umque
2178 4560 2355 4628 palam
2403 4559 2782 4629 praedicantem
2825 4557 3022 4613 Filium
3061 4559 3344 4613 ὁαοούσιον
3376 4537 3473 4615 de-

225 4635 358 4704 gelis
411 4647 466 4691 et
511 4637 847 4714 daemonibus
896 4650 1258 4715 pertractavit.
1320 4650 1522 4715 Quinto
1555 4665 1610 4709 et
1643 4666 1795 4711 sexto

292 4836 375 4912 (1)
416 4836 661 4912 llicrou.,
692 4845 842 4912 praef.
878 4847 940 4901 ad
969 4849 1062 4904 lib.
1096 4850 1172 4904 De
1199 4853 1324 4907 viris
1354 4853 1550 4907 illustr.

290 4908 372 4974 (2)
414 4910 595 4973 Phot.,
635 4908 898 4970 Bibl.cod.
937 4920 1056 4975 127.

407 4980 540 5066 (lar.
563 4981 946 5066 ,Πεδιλζξᾳηερίι
969 5006 1057 5043 an.
1089 4991 1212 5066 282i,
1245 5001 1353 5046 tom
1377 4993 1418 5055 Ι,
1445 5011 1564 5066 pag.
1595 4999 1713 5052 M7.

288 5050 372 5135 (ᾗ)
412 5051 656 5135 Esurio"
687 5055 830 5135 βίω.
859 5050 1231 5135 (intonsum,
1261 5079 1384 5135 pag.
1407 5050 1538 5120 ius“.

410 5120 611 5202 paron.
638 5125 863 5202 θάλπη-ιι.
893 5129 1014 5195 109,
1038 5130 1074 5202 ᾗ
1102 5133 1190 5188 59.

289 5193 369 5259 (6)
408 5193 609 5246 Athan.
633 5237 649 5258 ,
684 5194 758 5248 De
789 5193 1148 5256 Decret.'Nic.
1179 5219 1296 5272 syn.
1328 5221 1476 5260 num.
1511 5207 1614 5272 25,
1646 5207 1783 5279 Opp.

217 5270 353 5320 tom,
383 5259 422 5324 l,
451 5275 588 5324 part.
615 5285 660 5324 ι,
696 5282 815 5324 pag.
844 5272 969 5324 230.

275 5277 353 5320 m,
383 5277 422 5324 ι,
451 5277 588 5328 part.
615 5285 660 5328 I,
696 5282 815 5328 pag.
844 5277 969 5324 230.

240 5276 353 5320 om,
383 5276 422 5324 ι,
451 5276 588 5331 part.
615 5285 660 5328 I,
696 5282 815 5336 pag.
844 5276 969 5324 230.
1693 5276 1708 5279 “
1731 5276 1746 5279 “

259 5334 362 5417 (7)
511 5337 750 5417 epist}
773 5381 787 5403 ,
839 5344 903 5396 ad
941 5343 1223 5417 serapion.
1247 5385 1262 5410 ,
1291 5363 1441 5400 num.
1475 5345 1540 5413 9,
1574 5359 1705 5403 tom.
1739 5349 1778 5413 l,

217 5416 352 5476 part.
390 5414 452 5465 ll,
480 5421 603 5476 pag.
643 5407 763 5461 702.

284 5475 359 5542 (8)
399 5475 571 5558 Phil.
599 5477 740 5540 Sid..
793 5478 934 5558 llis}.
983 5480 1156 5542 Serm.
1200 5486 1271 5542 21
1317 5489 1457 5558 apud
1493 5487 1679 5545 Dodw.
1714 5492 1780 5546 ad

215 5544 438 5603 Dissert.
469 5547 612 5604 lren.
648 5565 770 5620 pag.
796 5549 920 5608 488.

1901 4660 2225 4706 monstrant.

1973 4862 2048 4932 (9)
2094 4860 2314 4925 Dodw.,
2358 4861 2395 4914 l.
2441 4876 2490 4914 c.
2539 4861 2592 4914 in
2638 4868 2754 4914 not.
2803 4859 2869 4912 ad
2914 4858 3106 4930 fragm.
3143 4858 3284 4912 Phil.
3321 4859 3462 4922 Sid..

1897 4947 1960 5001 pa
2006 4974 2018 4986 .
2053 4931 2174 4986 5H.

1968 4950 2078 5073 ῗιο)
2119 5001 2274 5056 Phot.
2312 5000 2452 5073 Bibl.
2481 5001 2600 5055 cod.
2639 4999 2760 5073 ωδε

1966 5071 2077 5142 (11)
2117 5073 2342 5142 Athan.,
2372 5072 2408 5125 l.
2440 5087 2489 5126 c.
2521 5087 2641 5141 pag.
2674 5071 2790 5125 702.

1965 5141 2454 5222 (ἓὲἒὲιιριοιοέο.
2612 5211 2674 5222 -.

1966 5210 2076 5281 (15)
2119 5213 2295 5277 Bull.,
2351 5211 2558 5280 Defens.
2597 5211 2694 5280 ῥά.
2741 5210 2863 5266 Nic.
2911 5220 3039 5268 sect.
3105 5227 3164 5278 ιι,
3213 5226 3332 5281 cap.
3396 5210 3459 5260 10

1895 5282 2266 5364 ssi-9.3a:-
2304 5282 2581 5364 lﬁiﬁs‘t-
2629 5352 2647 5364 .
2709 5352 2741 5364 η
2801 5354 2832 5364 ..

1963 5354 2071 5438 (14)
2113 5348 2354 5438 Mantuan”
2395 5348 2572 5407 Dicin.
2613 5352 2668 5406 Ι.
2701 5352 2762 5408 C.
2801 5354 2893 5406 lib.
2927 5368 3015 5420 Iv,
3044 5365 3178 5422 (cap.
3223 5351 3292 5402 ‘Zi
3331 5348 3394 5420 §§
3431 5350 3451 5402 1

1889 5433 1942 5478 et
1971 5424 2026 5481 2.
2058 5438 2180 5492 pag.
2218 5423 2343 5482 551.
2375 5439 2492 5484 Seu.

1959 5493 2070 5574 αξ)
2108 5493 2266 5574 Greg.
2304 5491 2487 5574 Nysa,
2520 5494 2611 5547 lib.
2647 5511 2716 5574 ut.
2751 5504 2937 5574 Δ(ξρηιν.
2971 5493 3202 5574 Euttgm.

1959 5563 2070 5633 (l6)
2113 5561 2318 5618 Maran.
2350 5561 2385 5616 ἱ.
2418 5581 2466 5618 c.
2495 5581 2613 5633 cap.
2649 5567 2719 5619 '25
2750 5564 2775 5634 ς
2809 5567 2858 5629 1,
2899 5581 3016 5634 pag.
3052 5561 3178 5618 557.
