  <div class='ocr_page' id='page_1' title='image "/cluster/home/n/w/nwhite01/storage/ocr_20150623/10/hvd.32044073501348/129.png"; bbox 0 0 3986 6358; ppageno 0'>
   <div class='ocr_carea' id='block_1_1' title="bbox 508 593 3726 648">
    <p class='ocr_par' dir='ltr' id='par_1_1' title="bbox 508 593 3726 648">
     <span class='ocr_line' id='line_1_1' title="bbox 508 593 3726 648; baseline 0.004 -14"><span class='ocrx_word' id='word_1_1' title='bbox 508 593 3726 648; x_wconf 49' lang='lat' dir='ltr'><strong><em>mm</em></strong></span> 
     </span>
    </p>
   </div>
   <div class='ocr_carea' id='block_1_2' title="bbox 1645 777 2578 826">
    <p class='ocr_par' dir='ltr' id='par_1_2' title="bbox 1645 777 2578 826">
     <span class='ocr_line' id='line_1_2' title="bbox 1645 777 2578 826; baseline 0.002 -6"><span class='ocrx_word' id='word_1_2' title='bbox 1645 777 1831 822; x_wconf 73' lang='lat' dir='ltr'><strong><em>CIROA</em></strong></span> <span class='ocrx_word' id='word_1_3' title='bbox 1873 781 2095 822; x_wconf 69' lang='lat' dir='ltr'><strong>ANNUM</strong></span> <span class='ocrx_word' id='word_1_4' title='bbox 2135 780 2359 826; x_wconf 70' lang='lat' dir='ltr'><strong><em>DOMINI</em></strong></span> <span class='ocrx_word' id='word_1_5' title='bbox 2393 781 2578 824; x_wconf 67' lang='lat' dir='ltr'><strong><em>CCLX.</em></strong></span> 
     </span>
    </p>
   </div>
   <div class='ocr_carea' id='block_1_3' title="bbox 1617 954 2599 1139">
    <p class='ocr_par' dir='ltr' id='par_1_3' title="bbox 1617 954 2599 1139">
     <span class='ocr_line' id='line_1_3' title="bbox 1617 954 2599 1139; baseline 0.005 -5"><span class='ocrx_word' id='word_1_6' title='bbox 1617 954 2599 1139; x_wconf 85' lang='lat' dir='ltr'><strong><em>MALCHIO</em></strong></span> 
     </span>
    </p>
   </div>
   <div class='ocr_carea' id='block_1_4' title="bbox 969 1267 3272 1365">
    <p class='ocr_par' dir='ltr' id='par_1_4' title="bbox 969 1267 3272 1365">
     <span class='ocr_line' id='line_1_4' title="bbox 969 1267 3272 1365; baseline 0.003 -7"><span class='ocrx_word' id='word_1_7' title='bbox 969 1267 1569 1360; x_wconf 68' lang='lat' dir='ltr'><strong>ECCLESIIE</strong></span> <span class='ocrx_word' id='word_1_8' title='bbox 1636 1269 2465 1363; x_wconf 66' lang='lat' dir='ltr'><strong><em>ANTIOCHENJE</em></strong></span> <span class='ocrx_word' id='word_1_9' title='bbox 2541 1274 3272 1365; x_wconf 81' lang='lat' dir='ltr'><strong><em>PRESBYTER.</em></strong></span> 
     </span>
    </p>
   </div>
   <div class='ocr_carea' id='block_1_5' title="bbox 2096 1494 2165 1506">
    <p class='ocr_par' dir='ltr' id='par_1_5' title="bbox 2096 1494 2165 1506">
     <span class='ocr_line' id='line_1_5' title="bbox 2096 1494 2165 1506; baseline -0.014 -3"><span class='ocrx_word' id='word_1_10' title='bbox 2096 1494 2165 1506; x_wconf 78' lang='lat'><strong><em>—</em></strong></span> 
     </span>
    </p>
   </div>
   <div class='ocr_carea' id='block_1_6' title="bbox 1791 1640 2440 1755">
    <p class='ocr_par' dir='ltr' id='par_1_6' title="bbox 1791 1640 2440 1755">
     <span class='ocr_line' id='line_1_6' title="bbox 1791 1640 2440 1755; baseline 0 -5"><span class='ocrx_word' id='word_1_11' title='bbox 1791 1640 2440 1755; x_wconf 89' lang='lat' dir='ltr'><strong>NOTITIA.</strong></span> 
     </span>
    </p>
   </div>
   <div class='ocr_carea' id='block_1_7' title="bbox 1230 1855 2968 1929">
    <p class='ocr_par' dir='ltr' id='par_1_7' title="bbox 1230 1855 2968 1929">
     <span class='ocr_line' id='line_1_7' title="bbox 1230 1855 2968 1929; baseline 0.003 -21"><span class='ocrx_word' id='word_1_12' title='bbox 1230 1858 1516 1921; x_wconf 61' lang='lat' dir='ltr'><strong><em>(Gnatum,</em></strong></span> <span class='ocrx_word' id='word_1_13' title='bbox 1552 1855 1849 1910; x_wconf 74' lang='lat' dir='ltr'><strong><em>Bibliotheca</em></strong></span> <span class='ocrx_word' id='word_1_14' title='bbox 1867 1866 2077 1911; x_wconf 79' lang='lat' dir='ltr'><strong><em>ueterum</em></strong></span> <span class='ocrx_word' id='word_1_15' title='bbox 2102 1860 2329 1919; x_wconf 85' lang='lat' dir='ltr'><strong><em>Patrum,</em></strong></span> <span class='ocrx_word' id='word_1_16' title='bbox 2363 1861 2448 1921; x_wconf 87' lang='lat' dir='ltr'><strong><em>Ill,</em></strong></span> <span class='ocrx_word' id='word_1_17' title='bbox 2475 1862 2672 1926; x_wconf 81' lang='lat' dir='ltr'><strong><em>Proleg.</em></strong></span> <span class='ocrx_word' id='word_1_18' title='bbox 2697 1876 2745 1926; x_wconf 87' lang='lat' dir='ltr'><strong><em>p.</em></strong></span> <span class='ocrx_word' id='word_1_19' title='bbox 2770 1863 2968 1929; x_wconf 71' lang='lat' dir='ltr'><strong><em>uin.)</em></strong></span> 
     </span>
    </p>
   </div>
   <div class='ocr_carea' id='block_1_8' title="bbox 495 2177 3738 2252">
    <p class='ocr_par' dir='ltr' id='par_1_8' title="bbox 495 2177 3738 2252">
     <span class='ocr_line' id='line_1_8' title="bbox 495 2177 3738 2252; baseline 0.001 -19"><span class='ocrx_word' id='word_1_20' title='bbox 495 2177 546 2233; x_wconf 83' lang='grc'>1.</span> <span class='ocrx_word' id='word_1_21' title='bbox 590 2177 892 2252; x_wconf 73' lang='lat' dir='ltr'><strong><em>Malchion,</em></strong></span> <span class='ocrx_word' id='word_1_22' title='bbox 921 2180 1002 2252; x_wconf 76' lang='lat' dir='ltr'><strong><em>uir</em></strong></span> <span class='ocrx_word' id='word_1_23' title='bbox 1035 2180 1446 2247; x_wconf 72' lang='lat' dir='ltr'><strong><em>disertissimus,</em></strong></span> <span class='ocrx_word' id='word_1_24' title='bbox 1472 2198 1572 2252; x_wconf 90' lang='lat' dir='ltr'><strong><em>quo</em></strong></span> <span class='ocrx_word' id='word_1_25' title='bbox 1598 2189 1825 2251; x_wconf 88' lang='lat' dir='ltr'><strong><em>tempore</em></strong></span> <span class='ocrx_word' id='word_1_26' title='bbox 1866 2183 2080 2238; x_wconf 86' lang='lat' dir='ltr'><strong><em>claruit.</em></strong></span> <span class='ocrx_word' id='word_1_27' title='bbox 2116 2184 2367 2238; x_wconf 75' lang='lat' dir='ltr'><strong><em>Doctrina</em></strong></span> <span class='ocrx_word' id='word_1_28' title='bbox 2399 2193 2450 2239; x_wconf 87' lang='lat' dir='ltr'><strong><em>et</em></strong></span> <span class='ocrx_word' id='word_1_29' title='bbox 2478 2185 2770 2240; x_wconf 71' lang='lat' dir='ltr'><strong><em>eruditione</em></strong></span> <span class='ocrx_word' id='word_1_30' title='bbox 2787 2182 3079 2249; x_wconf 77' lang='lat' dir='ltr'><strong><em>&#39;pmstans.</em></strong></span> <span class='ocrx_word' id='word_1_31' title='bbox 3107 2177 3366 2252; x_wconf 67' lang='lat' dir='ltr'><strong><em>Ecclesia</em></strong></span> <span class='ocrx_word' id='word_1_32' title='bbox 3397 2179 3738 2252; x_wconf 63' lang='lat' dir='ltr'><strong><em>Antiocheam</em></strong></span> 
     </span>
    </p>
   </div>
   <div class='ocr_carea' id='block_1_9' title="bbox 562 2247 3736 2322">
    <p class='ocr_par' dir='ltr' id='par_1_9' title="bbox 562 2247 3736 2322">
     <span class='ocr_line' id='line_1_9' title="bbox 562 2247 3736 2322; baseline 0.002 -22"><span class='ocrx_word' id='word_1_33' title='bbox 562 2247 828 2322; x_wconf 72' lang='lat' dir='ltr'><strong><em>presbyter</em></strong></span> <span class='ocrx_word' id='word_1_34' title='bbox 861 2250 1158 2322; x_wconf 71' lang='lat' dir='ltr'><strong><em>ordinatur.</em></strong></span> <span class='ocrx_word' id='word_1_35' title='bbox 1203 2252 1407 2307; x_wconf 80' lang='lat' dir='ltr'><strong><em>Acriter</em></strong></span> <span class='ocrx_word' id='word_1_36' title='bbox 1437 2247 1671 2321; x_wconf 76' lang='lat' dir='ltr'><strong><em>disputat</em></strong></span> <span class='ocrx_word' id='word_1_37' title='bbox 1701 2247 1960 2308; x_wconf 78' lang='lat' dir='ltr'><strong><em>adversus</em></strong></span> <span class='ocrx_word' id='word_1_38' title='bbox 2005 2254 2234 2308; x_wconf 83' lang='lat' dir='ltr'><strong><em>Paulum</em></strong></span> <span class='ocrx_word' id='word_1_39' title='bbox 2275 2255 2696 2311; x_wconf 89' lang='lat' dir='ltr'><strong><em>Samosatenum.</em></strong></span> <span class='ocrx_word' id='word_1_40' title='bbox 2731 2247 2862 2322; x_wconf 82' lang='lat' dir='ltr'><strong><em>Ejus</em></strong></span> <span class='ocrx_word' id='word_1_41' title='bbox 2901 2251 3151 2305; x_wconf 86' lang='lat' dir='ltr'><strong><em>memoria</em></strong></span> <span class='ocrx_word' id='word_1_42' title='bbox 3184 2251 3238 2304; x_wconf 88' lang='lat' dir='ltr'><strong><em>in</em></strong></span> <span class='ocrx_word' id='word_1_43' title='bbox 3279 2250 3582 2306; x_wconf 71' lang='lat' dir='ltr'><strong><em>ercorum</em></strong></span> <span class='ocrx_word' id='word_1_44' title='bbox 3620 2251 3736 2306; x_wconf 80' lang='lat' dir='ltr'><strong><em>Me-</em></strong></span> 
     </span>
    </p>
   </div>
   <div class='ocr_carea' id='block_1_10' title="bbox 559 2319 1084 2387">
    <p class='ocr_par' dir='ltr' id='par_1_10' title="bbox 559 2319 1084 2387">
     <span class='ocr_line' id='line_1_10' title="bbox 559 2319 1084 2387; baseline 0.002 -15"><span class='ocrx_word' id='word_1_45' title='bbox 559 2319 784 2387; x_wconf 86' lang='lat' dir='ltr'><strong><em>nologiis</em></strong></span> <span class='ocrx_word' id='word_1_46' title='bbox 815 2320 1084 2373; x_wconf 86' lang='lat' dir='ltr'><strong><em>recolitur.</em></strong></span> 
     </span>
    </p>
   </div>
   <div class='ocr_carea' id='block_1_11' title="bbox 492 2387 3735 2463">
    <p class='ocr_par' dir='ltr' id='par_1_11' title="bbox 492 2387 3735 2463">
     <span class='ocr_line' id='line_1_11' title="bbox 492 2387 3735 2463; baseline 0.001 -20"><span class='ocrx_word' id='word_1_47' title='bbox 492 2388 601 2463; x_wconf 85' lang='lat' dir='ltr'><strong><em>Il._</em></strong></span> <span class='ocrx_word' id='word_1_48' title='bbox 625 2387 844 2463; x_wconf 78' lang='lat' dir='ltr'><strong><em>Tempus</em></strong></span> <span class='ocrx_word' id='word_1_49' title='bbox 875 2389 1162 2458; x_wconf 88' lang='lat' dir='ltr'><strong><em>inquiritur</em></strong></span> <span class='ocrx_word' id='word_1_50' title='bbox 1191 2409 1293 2462; x_wconf 82' lang='lat' dir='ltr'><strong><em>quo</em></strong></span> <span class='ocrx_word' id='word_1_51' title='bbox 1323 2391 1582 2463; x_wconf 82' lang='lat' dir='ltr'><strong><em>celebrata</em></strong></span> <span class='ocrx_word' id='word_1_52' title='bbox 1612 2392 1715 2460; x_wconf 78' lang='lat' dir='ltr'><strong><em>fuit</em></strong></span> <span class='ocrx_word' id='word_1_53' title='bbox 1750 2395 2010 2462; x_wconf 85' lang='lat' dir='ltr'><strong><em>posterior</em></strong></span> <span class='ocrx_word' id='word_1_54' title='bbox 2041 2395 2274 2460; x_wconf 78' lang='lat' dir='ltr'><strong><em>synodus</em></strong></span> <span class='ocrx_word' id='word_1_55' title='bbox 2311 2397 2668 2463; x_wconf 82' lang='lat' dir='ltr'><strong><em>Antiochena,</em></strong></span> <span class='ocrx_word' id='word_1_56' title='bbox 2708 2392 2798 2448; x_wconf 90' lang='lat' dir='ltr'><strong><em>ubi</em></strong></span> <span class='ocrx_word' id='word_1_57' title='bbox 2835 2391 3019 2446; x_wconf 88' lang='lat' dir='ltr'><strong><em>habita</em></strong></span> <span class='ocrx_word' id='word_1_58' title='bbox 3064 2389 3378 2446; x_wconf 75' lang='lat' dir='ltr'><strong><em>Malchionis</em></strong></span> <span class='ocrx_word' id='word_1_59' title='bbox 3420 2391 3735 2460; x_wconf 80' lang='lat' dir='ltr'><strong><em>disputatio.</em></strong></span> 
     </span>
    </p>
   </div>
   <div class='ocr_carea' id='block_1_12' title="bbox 562 2459 2223 2518">
    <p class='ocr_par' dir='ltr' id='par_1_12' title="bbox 562 2459 2223 2518">
     <span class='ocr_line' id='line_1_12' title="bbox 562 2459 2223 2518; baseline 0.003 -6"><span class='ocrx_word' id='word_1_60' title='bbox 562 2459 841 2512; x_wconf 88' lang='lat' dir='ltr'><strong><em>Pearsonii</em></strong></span> <span class='ocrx_word' id='word_1_61' title='bbox 865 2463 1122 2514; x_wconf 83' lang='lat' dir='ltr'><strong><em>sententia</em></strong></span> <span class='ocrx_word' id='word_1_62' title='bbox 1145 2459 1213 2516; x_wconf 84' lang='lat' dir='ltr'><strong><em>de</em></strong></span> <span class='ocrx_word' id='word_1_63' title='bbox 1240 2480 1342 2517; x_wconf 90' lang='lat' dir='ltr'><strong><em>uno</em></strong></span> <span class='ocrx_word' id='word_1_64' title='bbox 1364 2461 1585 2516; x_wconf 88' lang='lat' dir='ltr'><strong><em>concilio</em></strong></span> <span class='ocrx_word' id='word_1_65' title='bbox 1612 2459 1930 2517; x_wconf 69' lang='lat' dir='ltr'><strong><em>Antiocheno</em></strong></span> <span class='ocrx_word' id='word_1_66' title='bbox 1955 2459 2223 2518; x_wconf 84' lang='lat' dir='ltr'><strong><em>evertitur.</em></strong></span> 
     </span>
    </p>
   </div>
   <div class='ocr_carea' id='block_1_13' title="bbox 492 2527 3736 2601">
    <p class='ocr_par' dir='ltr' id='par_1_13' title="bbox 492 2527 3736 2601">
     <span class='ocr_line' id='line_1_13' title="bbox 492 2527 3736 2601; baseline 0 -19"><span class='ocrx_word' id='word_1_67' title='bbox 492 2527 614 2583; x_wconf 86' lang='lat' dir='ltr'><strong><em>III.</em></strong></span> <span class='ocrx_word' id='word_1_68' title='bbox 658 2527 951 2601; x_wconf 81' lang='lat' dir='ltr'><strong><em>Epist_olam</em></strong></span> <span class='ocrx_word' id='word_1_69' title='bbox 984 2533 1290 2600; x_wconf 80' lang='lat' dir='ltr'><strong><em>synodicam</em></strong></span> <span class='ocrx_word' id='word_1_70' title='bbox 1311 2532 1574 2586; x_wconf 83' lang='lat' dir='ltr'><strong><em>Malchion</em></strong></span> <span class='ocrx_word' id='word_1_71' title='bbox 1597 2532 1789 2587; x_wconf 87' lang='lat' dir='ltr'><strong><em>litteris</em></strong></span> <span class='ocrx_word' id='word_1_72' title='bbox 1812 2536 2145 2600; x_wconf 84' lang='lat' dir='ltr'><strong><em>consignasse</em></strong></span> <span class='ocrx_word' id='word_1_73' title='bbox 2172 2536 2491 2600; x_wconf 78' lang='lat' dir='ltr'><strong><em>perhibetur.</em></strong></span> <span class='ocrx_word' id='word_1_74' title='bbox 2520 2535 2636 2600; x_wconf 86' lang='lat' dir='ltr'><strong><em>Quo</em></strong></span> <span class='ocrx_word' id='word_1_75' title='bbox 2659 2550 2797 2588; x_wconf 87' lang='lat' dir='ltr'><strong><em>anno</em></strong></span> <span class='ocrx_word' id='word_1_76' title='bbox 2823 2534 2972 2586; x_wconf 87' lang='lat' dir='ltr'><strong><em>illam</em></strong></span> <span class='ocrx_word' id='word_1_77' title='bbox 2996 2531 3357 2601; x_wconf 79' lang='lat' dir='ltr'><strong><em>perscripserit</em></strong></span> <span class='ocrx_word' id='word_1_78' title='bbox 3384 2541 3589 2585; x_wconf 89' lang='lat' dir='ltr'><strong><em>auctor.</em></strong></span> <span class='ocrx_word' id='word_1_79' title='bbox 3621 2527 3736 2582; x_wconf 85' lang='lat' dir='ltr'><strong><em>Ea-</em></strong></span> 
     </span>
    </p>
   </div>
   <div class='ocr_carea' id='block_1_14' title="bbox 557 2598 3042 2675">
    <p class='ocr_par' dir='ltr' id='par_1_14' title="bbox 557 2598 3042 2675">
     <span class='ocr_line' id='line_1_14' title="bbox 557 2598 3042 2675; baseline 0.002 -22"><span class='ocrx_word' id='word_1_80' title='bbox 557 2601 676 2653; x_wconf 82' lang='lat' dir='ltr'><strong><em>dem</em></strong></span> <span class='ocrx_word' id='word_1_81' title='bbox 695 2613 760 2652; x_wconf 77' lang='lat' dir='ltr'><strong><em>ea:</em></strong></span> <span class='ocrx_word' id='word_1_82' title='bbox 788 2598 1285 2658; x_wconf 47' lang='lat' dir='ltr'><strong><em>Eusebio&#39;exhibita.</em></strong></span> <span class='ocrx_word' id='word_1_83' title='bbox 1320 2602 1645 2674; x_wconf 88' lang='lat' dir='ltr'><strong><em>Fragmenta</em></strong></span> <span class='ocrx_word' id='word_1_84' title='bbox 1669 2619 1734 2658; x_wconf 78' lang='lat' dir='ltr'><strong><em>ea:</em></strong></span> <span class='ocrx_word' id='word_1_85' title='bbox 1763 2603 1910 2659; x_wconf 77' lang='lat' dir='ltr'><strong><em>Actis</em></strong></span> <span class='ocrx_word' id='word_1_86' title='bbox 1939 2598 2313 2675; x_wconf 82' lang='lat' dir='ltr'><strong><em>disputationis</em></strong></span> <span class='ocrx_word' id='word_1_87' title='bbox 2348 2598 2754 2661; x_wconf 74' lang='lat' dir='ltr'><strong><em>Malchioniana:</em></strong></span> <span class='ocrx_word' id='word_1_88' title='bbox 2785 2598 3042 2674; x_wconf 83' lang='lat' dir='ltr'><strong><em>subjecta.</em></strong></span> 
     </span>
    </p>
   </div>
   <div class='ocr_carea' id='block_1_15' title="bbox 557 2735 3734 2811">
    <p class='ocr_par' dir='ltr' id='par_1_15' title="bbox 557 2735 3734 2811">
     <span class='ocr_line' id='line_1_15' title="bbox 557 2735 3734 2811; baseline 0.002 -21"><span class='ocrx_word' id='word_1_89' title='bbox 557 2739 600 2792; x_wconf 89' lang='grc' dir='ltr'><strong><em>ι.</em></strong></span> <span class='ocrx_word' id='word_1_90' title='bbox 628 2737 1020 2801; x_wconf 81' lang='lat' dir='ltr'><strong><em>Malchion,vir</em></strong></span> <span class='ocrx_word' id='word_1_91' title='bbox 1040 2735 1452 2803; x_wconf 86' lang='lat' dir='ltr'><strong><em>disertissimus,</em></strong></span> <span class='ocrx_word' id='word_1_92' title='bbox 1477 2736 1652 2808; x_wconf 82' lang='lat' dir='ltr'><strong><em>inquit</em></strong></span> <span class='ocrx_word' id='word_1_93' title='bbox 1672 2736 1939 2794; x_wconf 87' lang='lat' dir='ltr'><strong><em>Eusebius</em></strong></span> <span class='ocrx_word' id='word_1_94' title='bbox 1961 2738 2058 2810; x_wconf 90' lang='lat' dir='ltr'><strong><em>(l),</em></strong></span> <span class='ocrx_word' id='word_1_95' title='bbox 2089 2743 2132 2801; x_wconf 79' lang='grc' dir='ltr'><strong>Α</strong></span> <span class='ocrx_word' id='word_1_96' title='bbox 2165 2740 2279 2796; x_wconf 61' lang='lat' dir='ltr'><strong><em>huic</em></strong></span> <span class='ocrx_word' id='word_1_97' title='bbox 2306 2740 2566 2811; x_wconf 84' lang='lat' dir='ltr'><strong><em>temporis</em></strong></span> <span class='ocrx_word' id='word_1_98' title='bbox 2607 2741 2815 2794; x_wconf 86' lang='lat' dir='ltr'><strong><em>notatio</em></strong></span> <span class='ocrx_word' id='word_1_99' title='bbox 2856 2754 2924 2793; x_wconf 77' lang='lat' dir='ltr'><strong><em>ex</em></strong></span> <span class='ocrx_word' id='word_1_100' title='bbox 2971 2737 3198 2808; x_wconf 83' lang='lat' dir='ltr'><strong><em>epistola</em></strong></span> <span class='ocrx_word' id='word_1_101' title='bbox 3244 2737 3486 2807; x_wconf 82' lang='lat' dir='ltr'><strong><em>ejusdem</em></strong></span> <span class='ocrx_word' id='word_1_102' title='bbox 3518 2740 3734 2795; x_wconf 74' lang='lat' dir='ltr'><strong><em>concilii</em></strong></span> 
     </span>
    </p>
   </div>
   <div class='ocr_carea' id='block_1_16' title="bbox 389 2826 2058 2900">
    <p class='ocr_par' dir='ltr' id='par_1_16' title="bbox 389 2826 2058 2900">
     <span class='ocr_line' id='line_1_16' title="bbox 389 2826 2058 2900; baseline 0.002 -19"><span class='ocrx_word' id='word_1_103' title='bbox 389 2866 394 2873; x_wconf 88' lang='grc'><strong><em>-</em></strong></span> <span class='ocrx_word' id='word_1_104' title='bbox 486 2829 626 2900; x_wconf 80' lang='grc' dir='ltr'><strong><em>ἀνηρ</em></strong></span> <span class='ocrx_word' id='word_1_105' title='bbox 655 2827 725 2881; x_wconf 84' lang='grc' dir='ltr'><strong><em>τά</em></strong></span> <span class='ocrx_word' id='word_1_106' title='bbox 760 2845 819 2881; x_wconf 82' lang='grc' dir='ltr'>τε</span> <span class='ocrx_word' id='word_1_107' title='bbox 849 2826 983 2881; x_wconf 84' lang='grc' dir='ltr'>ἄλλα</span> <span class='ocrx_word' id='word_1_108' title='bbox 1015 2826 1211 2896; x_wconf 83' lang='grc' dir='ltr'><strong><em>λόγιος,</em></strong></span> <span class='ocrx_word' id='word_1_109' title='bbox 1244 2828 1390 2883; x_wconf 89' lang='lat' dir='ltr'><strong><em>circa</em></strong></span> <span class='ocrx_word' id='word_1_110' title='bbox 1417 2827 1622 2884; x_wconf 86' lang='lat' dir='ltr'><strong><em>Christi</em></strong></span> <span class='ocrx_word' id='word_1_111' title='bbox 1655 2845 1859 2884; x_wconf 89' lang='lat' dir='ltr'><strong><em>annum</em></strong></span> <span class='ocrx_word' id='word_1_112' title='bbox 1885 2845 2058 2885; x_wconf 69' lang='lat' dir='ltr'><strong><em>cccxx</em></strong></span> 
     </span>
    </p>
   </div>
   <div class='ocr_carea' id='block_1_17' title="bbox 486 2919 2060 2991">
    <p class='ocr_par' dir='ltr' id='par_1_17' title="bbox 486 2919 2060 2991">
     <span class='ocr_line' id='line_1_17' title="bbox 486 2919 2060 2991; baseline -0.001 -14"><span class='ocrx_word' id='word_1_113' title='bbox 486 2924 750 2978; x_wconf 78' lang='lat' dir='ltr'><strong><em>claruisse</em></strong></span> <span class='ocrx_word' id='word_1_114' title='bbox 771 2922 1122 2991; x_wconf 85' lang='lat' dir='ltr'><strong><em>comperitur.</em></strong></span> <span class='ocrx_word' id='word_1_115' title='bbox 1154 2919 1467 2975; x_wconf 66' lang='lat' dir='ltr'><strong><em>Graecorum</em></strong></span> <span class='ocrx_word' id='word_1_116' title='bbox 1495 2921 1687 2978; x_wconf 85' lang='lat' dir='ltr'><strong><em>litteris</em></strong></span> <span class='ocrx_word' id='word_1_117' title='bbox 1712 2923 2060 2977; x_wconf 79' lang='lat' dir='ltr'><strong><em>vehementer</em></strong></span> 
     </span>
    </p>
   </div>
   <div class='ocr_carea' id='block_1_18' title="bbox 485 3012 2058 3084">
    <p class='ocr_par' dir='ltr' id='par_1_18' title="bbox 485 3012 2058 3084">
     <span class='ocr_line' id='line_1_18' title="bbox 485 3012 2058 3084; baseline 0.001 -16"><span class='ocrx_word' id='word_1_118' title='bbox 485 3015 758 3079; x_wconf 75' lang='lat' dir='ltr'><strong><em>excultus,</em></strong></span> <span class='ocrx_word' id='word_1_119' title='bbox 789 3013 987 3069; x_wconf 66' lang='lat' dir='ltr'><strong><em>schola:</em></strong></span> <span class='ocrx_word' id='word_1_120' title='bbox 1019 3012 1332 3082; x_wconf 72' lang='lat' dir='ltr'><strong><em>sophisticae</em></strong></span> <span class='ocrx_word' id='word_1_121' title='bbox 1360 3013 1503 3082; x_wconf 87' lang='lat' dir='ltr'><strong><em>apud</em></strong></span> <span class='ocrx_word' id='word_1_122' title='bbox 1536 3013 1881 3069; x_wconf 81' lang='lat' dir='ltr'><strong><em>Antiochiam</em></strong></span> <span class='ocrx_word' id='word_1_123' title='bbox 1921 3029 2058 3084; x_wconf 73' lang='lat' dir='ltr'><strong><em>prte-</em></strong></span> 
     </span>
    </p>
   </div>
   <div class='ocr_carea' id='block_1_19' title="bbox 473 3103 2056 3177">
    <p class='ocr_par' dir='ltr' id='par_1_19' title="bbox 473 3103 2056 3177">
     <span class='ocr_line' id='line_1_19' title="bbox 473 3103 2056 3177; baseline -0.001 -16"><span class='ocrx_word' id='word_1_124' title='bbox 473 3106 624 3174; x_wconf 80' lang='lat' dir='ltr'><strong><em>-l‘uit,</em></strong></span> <span class='ocrx_word' id='word_1_125' title='bbox 662 3107 808 3171; x_wconf 89' lang='lat' dir='ltr'><strong><em>sive,</em></strong></span> <span class='ocrx_word' id='word_1_126' title='bbox 845 3115 906 3160; x_wconf 93' lang='lat' dir='ltr'><strong><em>ut</em></strong></span> <span class='ocrx_word' id='word_1_127' title='bbox 943 3105 1185 3175; x_wconf 86' lang='lat' dir='ltr'><strong><em>loquitur</em></strong></span> <span class='ocrx_word' id='word_1_128' title='bbox 1216 3103 1574 3177; x_wconf 87' lang='lat' dir='ltr'><strong><em>Hieronymus</em></strong></span> <span class='ocrx_word' id='word_1_129' title='bbox 1621 3109 1730 3176; x_wconf 73' lang='lat'><strong><em>(2),</em></strong></span> <span class='ocrx_word' id='word_1_130' title='bbox 1776 3109 1831 3161; x_wconf 86' lang='lat' dir='ltr'><strong><em>in</em></strong></span> <span class='ocrx_word' id='word_1_131' title='bbox 1873 3108 2056 3162; x_wconf 87' lang='lat' dir='ltr'><strong><em>eadem</em></strong></span> 
     </span>
    </p>
   </div>
   <div class='ocr_carea' id='block_1_20' title="bbox 487 3195 2056 3269">
    <p class='ocr_par' dir='ltr' id='par_1_20' title="bbox 487 3195 2056 3269">
     <span class='ocr_line' id='line_1_20' title="bbox 487 3195 2056 3269; baseline 0.002 -18"><span class='ocrx_word' id='word_1_132' title='bbox 487 3199 612 3252; x_wconf 85' lang='lat' dir='ltr'><strong><em>urbe</em></strong></span> <span class='ocrx_word' id='word_1_133' title='bbox 660 3197 977 3252; x_wconf 86' lang='lat' dir='ltr'><strong><em>rhetoricam</em></strong></span> <span class='ocrx_word' id='word_1_134' title='bbox 1027 3197 1398 3265; x_wconf 77' lang='lat' dir='ltr'><strong><em>florentissime</em></strong></span> <span class='ocrx_word' id='word_1_135' title='bbox 1446 3197 1644 3252; x_wconf 87' lang='lat' dir='ltr'><strong><em>docuit.</em></strong></span> <span class='ocrx_word' id='word_1_136' title='bbox 1699 3195 1882 3269; x_wconf 83' lang='lat' dir='ltr'><strong><em>Neque</em></strong></span> <span class='ocrx_word' id='word_1_137' title='bbox 1925 3214 2056 3255; x_wconf 86' lang='lat' dir='ltr'><strong><em>vero</em></strong></span> 
     </span>
    </p>
   </div>
   <div class='ocr_carea' id='block_1_21' title="bbox 483 3288 2056 3352">
    <p class='ocr_par' dir='ltr' id='par_1_21' title="bbox 483 3288 2056 3352">
     <span class='ocr_line' id='line_1_21' title="bbox 483 3288 2056 3352; baseline 0.001 -9"><span class='ocrx_word' id='word_1_138' title='bbox 483 3289 749 3352; x_wconf 79' lang='lat' dir='ltr'><strong><em>doctrina,</em></strong></span> <span class='ocrx_word' id='word_1_139' title='bbox 771 3288 949 3344; x_wconf 88' lang='lat' dir='ltr'><strong><em>solum</em></strong></span> <span class='ocrx_word' id='word_1_140' title='bbox 986 3297 1041 3343; x_wconf 89' lang='lat' dir='ltr'><strong><em>et</em></strong></span> <span class='ocrx_word' id='word_1_141' title='bbox 1079 3289 1386 3343; x_wconf 88' lang='lat' dir='ltr'><strong><em>eruditione</em></strong></span> <span class='ocrx_word' id='word_1_142' title='bbox 1417 3291 1664 3345; x_wconf 63' lang='lat' dir='ltr'><strong><em>saeculari</em></strong></span> <span class='ocrx_word' id='word_1_143' title='bbox 1692 3291 1945 3346; x_wconf 75' lang='lat' dir='ltr'><strong><em>excelluit</em></strong></span> <span class='ocrx_word' id='word_1_144' title='bbox 1975 3293 2056 3344; x_wconf 81' lang='lat' dir='ltr'><strong><em>vir</em></strong></span> 
     </span>
    </p>
   </div>
   <div class='ocr_carea' id='block_1_22' title="bbox 483 3377 2055 3450">
    <p class='ocr_par' dir='ltr' id='par_1_22' title="bbox 483 3377 2055 3450">
     <span class='ocr_line' id='line_1_22' title="bbox 483 3377 2055 3450; baseline 0.002 -17"><span class='ocrx_word' id='word_1_145' title='bbox 483 3377 763 3450; x_wconf 83' lang='lat' dir='ltr'><strong><em>egregius,</em></strong></span> <span class='ocrx_word' id='word_1_146' title='bbox 795 3378 890 3433; x_wconf 89' lang='lat' dir='ltr'><strong><em>sed</em></strong></span> <span class='ocrx_word' id='word_1_147' title='bbox 921 3379 1082 3432; x_wconf 90' lang='lat' dir='ltr'><strong><em>etiam</em></strong></span> <span class='ocrx_word' id='word_1_148' title='bbox 1123 3378 1194 3434; x_wconf 87' lang='lat' dir='ltr'><strong><em>ob</em></strong></span> <span class='ocrx_word' id='word_1_149' title='bbox 1220 3378 1545 3433; x_wconf 82' lang='lat' dir='ltr'><strong><em>eminentem</em></strong></span> <span class='ocrx_word' id='word_1_150' title='bbox 1579 3379 1902 3436; x_wconf 67' lang='lat' dir='ltr'><strong><em>Christianae</em></strong></span> <span class='ocrx_word' id='word_1_151' title='bbox 1932 3382 2055 3436; x_wconf 86' lang='lat' dir='ltr'><strong><em>lidei</em></strong></span> 
     </span>
    </p>
   </div>
   <div class='ocr_carea' id='block_1_23' title="bbox 485 3473 2053 3545">
    <p class='ocr_par' dir='ltr' id='par_1_23' title="bbox 485 3473 2053 3545">
     <span class='ocr_line' id='line_1_23' title="bbox 485 3473 2053 3545; baseline 0.001 -17"><span class='ocrx_word' id='word_1_152' title='bbox 485 3473 853 3529; x_wconf 81' lang='lat' dir='ltr'><strong><em>sinceritatem</em></strong></span> <span class='ocrx_word' id='word_1_153' title='bbox 875 3513 890 3536; x_wconf 86' lang='lat'><strong><em>,</em></strong></span> <span class='ocrx_word' id='word_1_154' title='bbox 924 3473 1240 3545; x_wconf 86' lang='lat' dir='ltr'><strong><em>presbyterii</em></strong></span> <span class='ocrx_word' id='word_1_155' title='bbox 1275 3475 1540 3528; x_wconf 90' lang='lat' dir='ltr'><strong><em>honorem</em></strong></span> <span class='ocrx_word' id='word_1_156' title='bbox 1582 3474 1637 3527; x_wconf 92' lang='lat' dir='ltr'><strong><em>in</em></strong></span> <span class='ocrx_word' id='word_1_157' title='bbox 1669 3473 1788 3542; x_wconf 88' lang='lat' dir='ltr'><strong><em>ejus</em></strong></span> <span class='ocrx_word' id='word_1_158' title='bbox 1815 3474 1918 3528; x_wconf 87' lang='lat' dir='ltr'><strong><em>loci</em></strong></span> <span class='ocrx_word' id='word_1_159' title='bbox 1951 3475 2053 3530; x_wconf 88' lang='lat' dir='ltr'><strong><em>Ec-</em></strong></span> 
     </span>
    </p>
   </div>
   <div class='ocr_carea' id='block_1_24' title="bbox 485 3564 2053 3639">
    <p class='ocr_par' dir='ltr' id='par_1_24' title="bbox 485 3564 2053 3639">
     <span class='ocr_line' id='line_1_24' title="bbox 485 3564 2053 3639; baseline 0.001 -20"><span class='ocrx_word' id='word_1_160' title='bbox 485 3567 649 3621; x_wconf 78' lang='lat' dir='ltr'><strong><em>clesia</em></strong></span> <span class='ocrx_word' id='word_1_161' title='bbox 683 3576 768 3621; x_wconf 91' lang='lat' dir='ltr'><strong><em>est</em></strong></span> <span class='ocrx_word' id='word_1_162' title='bbox 804 3575 1170 3621; x_wconf 84' lang='lat' dir='ltr'><strong><em>consecutus:</em></strong></span> <span class='ocrx_word' id='word_1_163' title='bbox 1211 3565 1287 3618; x_wconf 76' lang='grc' dir='ltr'><strong><em>Οὐ</em></strong></span> <span class='ocrx_word' id='word_1_164' title='bbox 1323 3565 1428 3637; x_wconf 83' lang='grc' dir='ltr'><strong><em>μὴν</em></strong></span> <span class='ocrx_word' id='word_1_165' title='bbox 1471 3564 1606 3620; x_wconf 81' lang='grc' dir='ltr'><strong><em>ἀλλὰ</em></strong></span> <span class='ocrx_word' id='word_1_166' title='bbox 1647 3567 1742 3620; x_wconf 81' lang='grc' dir='ltr'><strong><em>καὶ</em></strong></span> <span class='ocrx_word' id='word_1_167' title='bbox 1770 3566 1840 3619; x_wconf 86' lang='grc' dir='ltr'>δι’</span> <span class='ocrx_word' id='word_1_168' title='bbox 1885 3569 2053 3639; x_wconf 84' lang='grc' dir='ltr'><strong><em>ὑπερ-</em></strong></span> 
     </span>
    </p>
   </div>
   <div class='ocr_carea' id='block_1_25' title="bbox 487 3657 2053 3731">
    <p class='ocr_par' dir='ltr' id='par_1_25' title="bbox 487 3657 2053 3731">
     <span class='ocr_line' id='line_1_25' title="bbox 487 3657 2053 3731; baseline 0.002 -22"><span class='ocrx_word' id='word_1_169' title='bbox 487 3657 783 3713; x_wconf 69' lang='grc' dir='ltr'>ϐάλλουσαν</span> <span class='ocrx_word' id='word_1_170' title='bbox 799 3659 904 3731; x_wconf 81' lang='grc' dir='ltr'><strong><em>’τῆς</em></strong></span> <span class='ocrx_word' id='word_1_171' title='bbox 929 3661 1011 3722; x_wconf 76' lang='grc' dir='ltr'><strong><em>εἰς</em></strong></span> <span class='ocrx_word' id='word_1_172' title='bbox 1026 3658 1257 3730; x_wconf 83' lang='grc' dir='ltr'><strong><em>Χριστὸν</em></strong></span> <span class='ocrx_word' id='word_1_173' title='bbox 1274 3657 1506 3721; x_wconf 81' lang='grc' dir='ltr'><strong><em>πίστεως</em></strong></span> <span class='ocrx_word' id='word_1_174' title='bbox 1534 3659 1889 3730; x_wconf 83' lang='grc' dir='ltr'><strong><em>γνησιότητα,</em></strong></span> <span class='ocrx_word' id='word_1_175' title='bbox 1920 3677 2053 3731; x_wconf 83' lang='grc' dir='ltr'><strong><em>πρε-</em></strong></span> 
     </span>
    </p>
   </div>
   <div class='ocr_carea' id='block_1_26' title="bbox 486 3749 1772 3824">
    <p class='ocr_par' dir='ltr' id='par_1_26' title="bbox 486 3749 1772 3824">
     <span class='ocr_line' id='line_1_26' title="bbox 486 3749 1772 3824; baseline 0.002 -20"><span class='ocrx_word' id='word_1_176' title='bbox 486 3751 766 3823; x_wconf 76' lang='grc' dir='ltr'>σϐυτερίου</span> <span class='ocrx_word' id='word_1_177' title='bbox 799 3752 900 3824; x_wconf 80' lang='grc' dir='ltr'><strong><em>τῆς</em></strong></span> <span class='ocrx_word' id='word_1_178' title='bbox 930 3751 1116 3806; x_wconf 79' lang='grc' dir='ltr'><strong><em>αὐτόθι</em></strong></span> <span class='ocrx_word' id='word_1_179' title='bbox 1143 3751 1431 3823; x_wconf 75' lang='grc' dir='ltr'><strong><em>παροικίας</em></strong></span> <span class='ocrx_word' id='word_1_180' title='bbox 1455 3749 1772 3823; x_wconf 78' lang='grc' dir='ltr'><strong><em>ἠξιωμένος.</em></strong></span> 
     </span>
    </p>
   </div>
   <div class='ocr_carea' id='block_1_27' title="bbox 557 3839 2071 3920">
    <p class='ocr_par' dir='ltr' id='par_1_27' title="bbox 557 3839 2071 3920">
     <span class='ocr_line' id='line_1_27' title="bbox 557 3839 2071 3920; baseline -0.002 -19"><span class='ocrx_word' id='word_1_181' title='bbox 557 3845 775 3920; x_wconf 81' lang='lat' dir='ltr'><strong><em>Synodo</em></strong></span> <span class='ocrx_word' id='word_1_182' title='bbox 803 3845 1153 3901; x_wconf 75' lang='lat' dir='ltr'><strong><em>Antiochena:</em></strong></span> <span class='ocrx_word' id='word_1_183' title='bbox 1181 3844 1502 3914; x_wconf 87' lang='lat' dir='ltr'><strong><em>posteriori,</em></strong></span> <span class='ocrx_word' id='word_1_184' title='bbox 1532 3859 1696 3913; x_wconf 90' lang='lat' dir='ltr'><strong><em>quam</em></strong></span> <span class='ocrx_word' id='word_1_185' title='bbox 1725 3839 2071 3914; x_wconf 76' lang='lat' dir='ltr'><strong><em>postremam</em></strong></span> 
     </span>
    </p>
   </div>
   <div class='ocr_carea' id='block_1_28' title="bbox 481 3937 2054 4010">
    <p class='ocr_par' dir='ltr' id='par_1_28' title="bbox 481 3937 2054 4010">
     <span class='ocr_line' id='line_1_28' title="bbox 481 3937 2054 4010; baseline -0.011 -17"><span class='ocrx_word' id='word_1_186' title='bbox 481 3949 642 3996; x_wconf 83' lang='lat' dir='ltr'><strong><em>vocat</em></strong></span> <span class='ocrx_word' id='word_1_187' title='bbox 673 3938 940 3994; x_wconf 86' lang='lat' dir='ltr'><strong><em>Eusebius</em></strong></span> <span class='ocrx_word' id='word_1_188' title='bbox 967 3940 1042 4010; x_wconf 79' lang='lat'><strong><em>(&#39;5)</em></strong></span> <span class='ocrx_word' id='word_1_189' title='bbox 1063 3977 1078 4002; x_wconf 89' lang='lat'><strong><em>,</em></strong></span> <span class='ocrx_word' id='word_1_190' title='bbox 1109 3937 1428 4000; x_wconf 82' lang='grc' dir='ltr'><strong><em>τελευταίας</em></strong></span> <span class='ocrx_word' id='word_1_191' title='bbox 1484 3937 1944 4009; x_wconf 79' lang='grc' dir='ltr'><strong><em>συγκροτηθείσης</em></strong></span> <span class='ocrx_word' id='word_1_192' title='bbox 1984 3967 2054 3977; x_wconf 89' lang='grc'>...</span> 
     </span>
    </p>
   </div>
   <div class='ocr_carea' id='block_1_29' title="bbox 485 4030 2054 4099">
    <p class='ocr_par' dir='ltr' id='par_1_29' title="bbox 485 4030 2054 4099">
     <span class='ocr_line' id='line_1_29' title="bbox 485 4030 2054 4099; baseline -0.001 -13"><span class='ocrx_word' id='word_1_193' title='bbox 485 4033 736 4098; x_wconf 80' lang='grc' dir='ltr'>συνόδου,</span> <span class='ocrx_word' id='word_1_194' title='bbox 795 4031 1041 4088; x_wconf 81' lang='lat' dir='ltr'><strong><em>interfuit</em></strong></span> <span class='ocrx_word' id='word_1_195' title='bbox 1090 4030 1394 4099; x_wconf 82' lang='lat' dir='ltr'><strong><em>Malchion;</em></strong></span> <span class='ocrx_word' id='word_1_196' title='bbox 1462 4032 1516 4086; x_wconf 91' lang='lat' dir='ltr'><strong><em>in</em></strong></span> <span class='ocrx_word' id='word_1_197' title='bbox 1567 4045 1740 4099; x_wconf 86' lang='lat' dir='ltr'><strong><em>eaque</em></strong></span> <span class='ocrx_word' id='word_1_198' title='bbox 1795 4031 2054 4085; x_wconf 88' lang='lat' dir='ltr'><strong><em>adversus</em></strong></span> 
     </span>
    </p>
   </div>
   <div class='ocr_carea' id='block_1_30' title="bbox 2159 2829 3734 2904">
    <p class='ocr_par' dir='ltr' id='par_1_30' title="bbox 2159 2829 3734 2904">
     <span class='ocr_line' id='line_1_30' title="bbox 2159 2829 3734 2904; baseline 0.001 -19"><span class='ocrx_word' id='word_1_199' title='bbox 2159 2831 2417 2904; x_wconf 81' lang='lat' dir='ltr'><strong><em>Dionysio</em></strong></span> <span class='ocrx_word' id='word_1_200' title='bbox 2467 2831 2708 2903; x_wconf 83' lang='lat' dir='ltr'><strong><em>pontiﬁci</em></strong></span> <span class='ocrx_word' id='word_1_201' title='bbox 2760 2829 3004 2885; x_wconf 75' lang='lat' dir='ltr'><strong><em>Romano</em></strong></span> <span class='ocrx_word' id='word_1_202' title='bbox 3045 2830 3304 2899; x_wconf 88' lang='lat' dir='ltr'><strong><em>inscripta</em></strong></span> <span class='ocrx_word' id='word_1_203' title='bbox 3335 2871 3350 2895; x_wconf 96' lang='lat'><strong><em>,</em></strong></span> <span class='ocrx_word' id='word_1_204' title='bbox 3385 2830 3480 2886; x_wconf 88' lang='lat' dir='ltr'><strong><em>sed</em></strong></span> <span class='ocrx_word' id='word_1_205' title='bbox 3526 2831 3734 2886; x_wconf 86' lang='lat' dir='ltr'><strong><em>reddita</em></strong></span> 
     </span>
    </p>
   </div>
   <div class='ocr_carea' id='block_1_31' title="bbox 2159 2921 3734 2994">
    <p class='ocr_par' dir='ltr' id='par_1_31' title="bbox 2159 2921 3734 2994">
     <span class='ocr_line' id='line_1_31' title="bbox 2159 2921 3734 2994; baseline -0.001 -17"><span class='ocrx_word' id='word_1_206' title='bbox 2159 2922 2318 2979; x_wconf 87' lang='lat' dir='ltr'><strong><em>Felici</em></strong></span> <span class='ocrx_word' id='word_1_207' title='bbox 2363 2923 2483 2993; x_wconf 86' lang='lat' dir='ltr'><strong><em>ejus</em></strong></span> <span class='ocrx_word' id='word_1_208' title='bbox 2524 2925 2867 2988; x_wconf 87' lang='lat' dir='ltr'><strong><em>successori,</em></strong></span> <span class='ocrx_word' id='word_1_209' title='bbox 2903 2921 3050 2994; x_wconf 84' lang='lat' dir='ltr'><strong><em>quod</em></strong></span> <span class='ocrx_word' id='word_1_210' title='bbox 3093 2922 3182 2976; x_wconf 87' lang='lat' dir='ltr'><strong><em>ille</em></strong></span> <span class='ocrx_word' id='word_1_211' title='bbox 3222 2937 3535 2991; x_wconf 84' lang='lat' dir='ltr'><strong><em>supremum</em></strong></span> <span class='ocrx_word' id='word_1_212' title='bbox 3589 2922 3734 2976; x_wconf 77' lang='lat' dir='ltr'><strong><em>diem</em></strong></span> 
     </span>
    </p>
   </div>
   <div class='ocr_carea' id='block_1_32' title="bbox 2159 3013 3736 3083">
    <p class='ocr_par' dir='ltr' id='par_1_32' title="bbox 2159 3013 3736 3083">
     <span class='ocr_line' id='line_1_32' title="bbox 2159 3013 3736 3083; baseline -0.002 -15"><span class='ocrx_word' id='word_1_213' title='bbox 2159 3014 2490 3070; x_wconf 50' lang='lat' dir='ltr'><strong><em>obierit‘sub</em></strong></span> <span class='ocrx_word' id='word_1_214' title='bbox 2521 3015 2681 3070; x_wconf 87' lang='lat' dir='ltr'><strong><em>linem</em></strong></span> <span class='ocrx_word' id='word_1_215' title='bbox 2715 3014 3028 3070; x_wconf 89' lang='lat' dir='ltr'><strong><em>Decembris</em></strong></span> <span class='ocrx_word' id='word_1_216' title='bbox 3058 3013 3301 3083; x_wconf 87' lang='lat' dir='ltr'><strong><em>ejusdem</em></strong></span> <span class='ocrx_word' id='word_1_217' title='bbox 3341 3013 3469 3067; x_wconf 89' lang='lat' dir='ltr'><strong><em>anni</em></strong></span> <span class='ocrx_word' id='word_1_218' title='bbox 3506 3028 3697 3068; x_wconf 80' lang='lat' dir='ltr'><strong><em>cculx</em></strong></span> <span class='ocrx_word' id='word_1_219' title='bbox 3717 3054 3736 3079; x_wconf 88' lang='lat'><strong><em>,</em></strong></span> 
     </span>
    </p>
   </div>
   <div class='ocr_carea' id='block_1_33' title="bbox 2158 3104 3735 3176">
    <p class='ocr_par' dir='ltr' id='par_1_33' title="bbox 2158 3104 3735 3176">
     <span class='ocr_line' id='line_1_33' title="bbox 2158 3104 3735 3176; baseline -0.001 -16"><span class='ocrx_word' id='word_1_220' title='bbox 2158 3115 2218 3160; x_wconf 90' lang='lat' dir='ltr'><strong><em>ut</em></strong></span> <span class='ocrx_word' id='word_1_221' title='bbox 2261 3107 2514 3176; x_wconf 87' lang='lat' dir='ltr'><strong><em>superius</em></strong></span> <span class='ocrx_word' id='word_1_222' title='bbox 2556 3115 2837 3162; x_wconf 90' lang='lat' dir='ltr'><strong><em>ostensum</em></strong></span> <span class='ocrx_word' id='word_1_223' title='bbox 2875 3105 2972 3176; x_wconf 86' lang='lat'><strong><em>(5).</em></strong></span> <span class='ocrx_word' id='word_1_224' title='bbox 3013 3104 3178 3175; x_wconf 83' lang='lat' dir='ltr'><strong><em>quue</em></strong></span> <span class='ocrx_word' id='word_1_225' title='bbox 3227 3104 3424 3158; x_wconf 85' lang='lat' dir='ltr'><strong><em>iterum</em></strong></span> <span class='ocrx_word' id='word_1_226' title='bbox 3470 3106 3735 3160; x_wconf 83' lang='lat' dir='ltr'><strong><em>astruitur</em></strong></span> 
     </span>
    </p>
   </div>
   <div class='ocr_carea' id='block_1_34' title="bbox 2156 3194 3735 3268">
    <p class='ocr_par' dir='ltr' id='par_1_34' title="bbox 2156 3194 3735 3268">
     <span class='ocr_line' id='line_1_34' title="bbox 2156 3194 3735 3268; baseline -0.003 -15"><span class='ocrx_word' id='word_1_227' title='bbox 2156 3215 2224 3253; x_wconf 76' lang='lat' dir='ltr'><strong><em>ex</em></strong></span> <span class='ocrx_word' id='word_1_228' title='bbox 2264 3199 2428 3253; x_wconf 82' lang='lat' dir='ltr'><strong><em>citata</em></strong></span> <span class='ocrx_word' id='word_1_229' title='bbox 2469 3198 2698 3268; x_wconf 88' lang='lat' dir='ltr'><strong><em>epistola</em></strong></span> <span class='ocrx_word' id='word_1_230' title='bbox 2746 3197 3003 3268; x_wconf 87' lang='lat' dir='ltr'><strong><em>synodica</em></strong></span> <span class='ocrx_word' id='word_1_231' title='bbox 3029 3238 3044 3262; x_wconf 94' lang='lat'><strong><em>,</em></strong></span> <span class='ocrx_word' id='word_1_232' title='bbox 3071 3197 3165 3250; x_wconf 90' lang='lat' dir='ltr'><strong><em>ubi</em></strong></span> <span class='ocrx_word' id='word_1_233' title='bbox 3201 3197 3390 3252; x_wconf 87' lang='lat' dir='ltr'><strong><em>Patres</em></strong></span> <span class='ocrx_word' id='word_1_234' title='bbox 3427 3195 3493 3251; x_wconf 90' lang='lat' dir='ltr'><strong><em>de</em></strong></span> <span class='ocrx_word' id='word_1_235' title='bbox 3537 3194 3735 3250; x_wconf 86' lang='lat' dir='ltr'><strong><em>Firmi-</em></strong></span> 
     </span>
    </p>
   </div>
   <div class='ocr_carea' id='block_1_35' title="bbox 2157 3285 3736 3358">
    <p class='ocr_par' dir='ltr' id='par_1_35' title="bbox 2157 3285 3736 3358">
     <span class='ocr_line' id='line_1_35' title="bbox 2157 3285 3736 3358; baseline -0.001 -17"><span class='ocrx_word' id='word_1_236' title='bbox 2157 3287 2302 3342; x_wconf 84' lang='lat' dir='ltr'><strong><em>liano</em></strong></span> <span class='ocrx_word' id='word_1_237' title='bbox 2341 3287 2692 3358; x_wconf 73' lang='lat' dir='ltr'><strong><em>Cappadocia:</em></strong></span> <span class='ocrx_word' id='word_1_238' title='bbox 2739 3288 2983 3342; x_wconf 87' lang='lat' dir='ltr'><strong><em>antistite</em></strong></span> <span class='ocrx_word' id='word_1_239' title='bbox 3021 3287 3184 3341; x_wconf 80' lang='lat' dir='ltr'><strong><em>verba</em></strong></span> <span class='ocrx_word' id='word_1_240' title='bbox 3223 3285 3482 3341; x_wconf 80' lang='lat' dir='ltr'><strong><em>facientes</em></strong></span> <span class='ocrx_word' id='word_1_241' title='bbox 3514 3303 3527 3338; x_wconf 93' lang='lat'><strong>:</strong></span> <span class='ocrx_word' id='word_1_242' title='bbox 3577 3285 3736 3340; x_wconf 79' lang='lat' dir='ltr'><strong><em>Nunc</em></strong></span> 
     </span>
    </p>
   </div>
   <div class='ocr_carea' id='block_1_36' title="bbox 2155 3373 3735 3450">
    <p class='ocr_par' dir='ltr' id='par_1_36' title="bbox 2155 3373 3735 3450">
     <span class='ocr_line' id='line_1_36' title="bbox 2155 3373 3735 3450; baseline -0.001 -18"><span class='ocrx_word' id='word_1_243' title='bbox 2155 3396 2355 3450; x_wconf 85' lang='lat' dir='ltr'><strong><em>quoque</em></strong></span> <span class='ocrx_word' id='word_1_244' title='bbox 2375 3419 2388 3442; x_wconf 93' lang='lat'><strong><em>,</em></strong></span> <span class='ocrx_word' id='word_1_245' title='bbox 2431 3380 2681 3450; x_wconf 83' lang='lat' dir='ltr'><strong><em>inquiunt</em></strong></span> <span class='ocrx_word' id='word_1_246' title='bbox 2710 3379 2808 3449; x_wconf 87' lang='lat'><strong><em>(6),</em></strong></span> <span class='ocrx_word' id='word_1_247' title='bbox 2837 3387 3084 3432; x_wconf 74' lang='lat' dir='ltr'><strong><em>venturus</em></strong></span> <span class='ocrx_word' id='word_1_248' title='bbox 3122 3386 3235 3431; x_wconf 91' lang='lat' dir='ltr'><strong><em>erat</em></strong></span> <span class='ocrx_word' id='word_1_249' title='bbox 3265 3373 3613 3430; x_wconf 81' lang='lat' dir='ltr'><strong><em>Firmilianus</em></strong></span> <span class='ocrx_word' id='word_1_250' title='bbox 3629 3393 3650 3443; x_wconf 84' lang='lat'><em>;</em></span> <span class='ocrx_word' id='word_1_251' title='bbox 3677 3387 3735 3431; x_wconf 86' lang='lat' dir='ltr'><strong><em>et</em></strong></span> 
     </span>
    </p>
   </div>
   <div class='ocr_carea' id='block_1_37' title="bbox 2147 3467 3736 3540">
    <p class='ocr_par' dir='ltr' id='par_1_37' title="bbox 2147 3467 3736 3540">
     <span class='ocr_line' id='line_1_37' title="bbox 2147 3467 3736 3540; baseline 0 -18"><span class='ocrx_word' id='word_1_252' title='bbox 2147 3469 2265 3539; x_wconf 89' lang='lat' dir='ltr'><strong><em>jam</em></strong></span> <span class='ocrx_word' id='word_1_253' title='bbox 2296 3468 2517 3524; x_wconf 87' lang='lat' dir='ltr'><strong><em>Tarsum</em></strong></span> <span class='ocrx_word' id='word_1_254' title='bbox 2545 3486 2707 3539; x_wconf 83' lang='lat' dir='ltr'><strong><em>usque</em></strong></span> <span class='ocrx_word' id='word_1_255' title='bbox 2734 3478 3054 3540; x_wconf 85' lang='lat' dir='ltr'><strong><em>pervenerat.</em></strong></span> <span class='ocrx_word' id='word_1_256' title='bbox 3087 3467 3189 3523; x_wconf 86' lang='lat' dir='ltr'><strong><em>Sed</em></strong></span> <span class='ocrx_word' id='word_1_257' title='bbox 3220 3485 3337 3522; x_wconf 89' lang='lat' dir='ltr'><strong><em>cum</em></strong></span> <span class='ocrx_word' id='word_1_258' title='bbox 3360 3484 3453 3522; x_wconf 86' lang='lat' dir='ltr'><strong><em>nos</em></strong></span> <span class='ocrx_word' id='word_1_259' title='bbox 3475 3467 3594 3538; x_wconf 87' lang='lat' dir='ltr'><strong><em>jam</em></strong></span> <span class='ocrx_word' id='word_1_260' title='bbox 3615 3484 3736 3522; x_wconf 86' lang='lat' dir='ltr'><strong><em>con-</em></strong></span> 
     </span>
    </p>
   </div>
   <div class='ocr_carea' id='block_1_38' title="bbox 2155 3560 3734 3627">
    <p class='ocr_par' dir='ltr' id='par_1_38' title="bbox 2155 3560 3734 3627">
     <span class='ocr_line' id='line_1_38' title="bbox 2155 3560 3734 3627; baseline -0.001 -12"><span class='ocrx_word' id='word_1_261' title='bbox 2155 3563 2468 3616; x_wconf 85' lang='lat' dir='ltr'><strong><em>uenissemus</em></strong></span> <span class='ocrx_word' id='word_1_262' title='bbox 2489 3603 2503 3627; x_wconf 96' lang='lat'><strong><em>,</em></strong></span> <span class='ocrx_word' id='word_1_263' title='bbox 2528 3563 2729 3616; x_wconf 87' lang='lat' dir='ltr'><strong><em>interea</em></strong></span> <span class='ocrx_word' id='word_1_264' title='bbox 2757 3561 2858 3615; x_wconf 85' lang='lat' dir='ltr'><strong><em>loci</em></strong></span> <span class='ocrx_word' id='word_1_265' title='bbox 2896 3562 3021 3615; x_wconf 90' lang='lat' dir='ltr'><strong><em>dum</em></strong></span> <span class='ocrx_word' id='word_1_266' title='bbox 3043 3560 3194 3614; x_wconf 87' lang='lat' dir='ltr'><strong><em>illum</em></strong></span> <span class='ocrx_word' id='word_1_267' title='bbox 3229 3561 3542 3615; x_wconf 85' lang='lat' dir='ltr'><strong><em>accersimus</em></strong></span> <span class='ocrx_word' id='word_1_268' title='bbox 3562 3602 3578 3626; x_wconf 94' lang='lat'><strong><em>,</em></strong></span> <span class='ocrx_word' id='word_1_269' title='bbox 3604 3561 3734 3614; x_wconf 87' lang='lat' dir='ltr'><strong><em>dum</em></strong></span> 
     </span>
    </p>
   </div>
   <div class='ocr_carea' id='block_1_39' title="bbox 2153 3652 3732 3724">
    <p class='ocr_par' dir='ltr' id='par_1_39' title="bbox 2153 3652 3732 3724">
     <span class='ocr_line' id='line_1_39' title="bbox 2153 3652 3732 3724; baseline 0 -17"><span class='ocrx_word' id='word_1_270' title='bbox 2153 3655 2267 3723; x_wconf 85' lang='lat' dir='ltr'><strong><em>ejus</em></strong></span> <span class='ocrx_word' id='word_1_271' title='bbox 2319 3656 2596 3708; x_wconf 74' lang='lat' dir='ltr'><strong><em>adventura</em></strong></span> <span class='ocrx_word' id='word_1_272' title='bbox 2640 3663 3040 3722; x_wconf 74' lang='lat' dir='ltr'><strong><em>exspectamus,</em></strong></span> <span class='ocrx_word' id='word_1_273' title='bbox 3098 3652 3227 3706; x_wconf 89' lang='lat' dir='ltr'><strong><em>abiit</em></strong></span> <span class='ocrx_word' id='word_1_274' title='bbox 3285 3669 3312 3706; x_wconf 91' lang='lat' dir='ltr'><strong><em>e</em></strong></span> <span class='ocrx_word' id='word_1_275' title='bbox 3373 3653 3500 3707; x_wconf 81' lang='lat' dir='ltr'><strong><em>vita.</em></strong></span> <span class='ocrx_word' id='word_1_276' title='bbox 3563 3654 3732 3724; x_wconf 85' lang='lat' dir='ltr'><strong><em>Atqui</em></strong></span> 
     </span>
    </p>
   </div>
   <div class='ocr_carea' id='block_1_40' title="bbox 2155 3742 3732 3816">
    <p class='ocr_par' dir='ltr' id='par_1_40' title="bbox 2155 3742 3732 3816">
     <span class='ocr_line' id='line_1_40' title="bbox 2155 3742 3732 3816; baseline -0.003 -15"><span class='ocrx_word' id='word_1_277' title='bbox 2155 3745 2326 3801; x_wconf 60' lang='lat' dir='ltr'><strong><em>Graeci</em></strong></span> <span class='ocrx_word' id='word_1_278' title='bbox 2358 3746 2412 3800; x_wconf 86' lang='lat' dir='ltr'><strong><em>in</em></strong></span> <span class='ocrx_word' id='word_1_279' title='bbox 2452 3745 2756 3816; x_wconf 81' lang='lat' dir='ltr'><strong><em>Menologio</em></strong></span> <span class='ocrx_word' id='word_1_280' title='bbox 2801 3746 2888 3800; x_wconf 88' lang='lat' dir='ltr'><strong><em>die</em></strong></span> <span class='ocrx_word' id='word_1_281' title='bbox 2923 3760 3094 3800; x_wconf 81' lang='lat' dir='ltr'><strong><em>xxvm</em></strong></span> <span class='ocrx_word' id='word_1_282' title='bbox 3137 3744 3387 3799; x_wconf 80' lang='lat' dir='ltr'><strong><em>Octobris</em></strong></span> <span class='ocrx_word' id='word_1_283' title='bbox 3431 3742 3486 3798; x_wconf 92' lang='lat' dir='ltr'><strong><em>S.</em></strong></span> <span class='ocrx_word' id='word_1_284' title='bbox 3527 3743 3732 3798; x_wconf 82' lang='lat' dir='ltr'><strong><em>Firmi-</em></strong></span> 
     </span>
    </p>
   </div>
   <div class='ocr_carea' id='block_1_41' title="bbox 2154 3829 3729 3901">
    <p class='ocr_par' dir='ltr' id='par_1_41' title="bbox 2154 3829 3729 3901">
     <span class='ocr_line' id='line_1_41' title="bbox 2154 3829 3729 3901; baseline -0.002 -16"><span class='ocrx_word' id='word_1_285' title='bbox 2154 3831 2286 3886; x_wconf 90' lang='lat' dir='ltr'><strong><em>liani</em></strong></span> <span class='ocrx_word' id='word_1_286' title='bbox 2315 3831 2574 3886; x_wconf 59' lang='lat' dir='ltr'><strong><em>Casareae</em></strong></span> <span class='ocrx_word' id='word_1_287' title='bbox 2616 3831 2672 3886; x_wconf 89' lang='lat' dir='ltr'><strong><em>in</em></strong></span> <span class='ocrx_word' id='word_1_288' title='bbox 2706 3830 3046 3901; x_wconf 85' lang='lat' dir='ltr'><strong><em>Cappadocia</em></strong></span> <span class='ocrx_word' id='word_1_289' title='bbox 3081 3831 3319 3900; x_wconf 87' lang='lat' dir='ltr'><strong><em>episc0pi</em></strong></span> <span class='ocrx_word' id='word_1_290' title='bbox 3352 3829 3548 3884; x_wconf 80' lang='lat' dir='ltr'><strong><em>festum</em></strong></span> <span class='ocrx_word' id='word_1_291' title='bbox 3582 3829 3729 3883; x_wconf 89' lang='lat' dir='ltr'><strong><em>diem</em></strong></span> 
     </span>
    </p>
   </div>
   <div class='ocr_carea' id='block_1_42' title="bbox 2155 3919 3734 3993">
    <p class='ocr_par' dir='ltr' id='par_1_42' title="bbox 2155 3919 3734 3993">
     <span class='ocr_line' id='line_1_42' title="bbox 2155 3919 3734 3993; baseline -0.001 -17"><span class='ocrx_word' id='word_1_292' title='bbox 2155 3931 2339 3993; x_wconf 85' lang='lat' dir='ltr'><strong><em>agunt.</em></strong></span> <span class='ocrx_word' id='word_1_293' title='bbox 2386 3921 2594 3990; x_wconf 83' lang='lat' dir='ltr'><strong><em>Quare,</em></strong></span> <span class='ocrx_word' id='word_1_294' title='bbox 2625 3931 2684 3977; x_wconf 91' lang='lat' dir='ltr'><strong><em>ut</em></strong></span> <span class='ocrx_word' id='word_1_295' title='bbox 2725 3922 2846 3993; x_wconf 88' lang='lat' dir='ltr'><strong><em>jure</em></strong></span> <span class='ocrx_word' id='word_1_296' title='bbox 2881 3922 3059 3992; x_wconf 81' lang='lat' dir='ltr'><strong><em>arguit</em></strong></span> <span class='ocrx_word' id='word_1_297' title='bbox 3096 3919 3294 3990; x_wconf 89' lang='lat' dir='ltr'><strong><em>Pagius</em></strong></span> <span class='ocrx_word' id='word_1_298' title='bbox 3327 3920 3424 3990; x_wconf 84' lang='lat'><strong><em>(7),</em></strong></span> <span class='ocrx_word' id='word_1_299' title='bbox 3456 3921 3503 3974; x_wconf 91' lang='lat' dir='ltr'><strong><em>si</em></strong></span> <span class='ocrx_word' id='word_1_300' title='bbox 3541 3936 3608 3976; x_wconf 90' lang='lat' dir='ltr'><strong><em>eo</em></strong></span> <span class='ocrx_word' id='word_1_301' title='bbox 3641 3921 3734 3975; x_wconf 90' lang='lat' dir='ltr'><strong><em>die</em></strong></span> 
     </span>
    </p>
   </div>
   <div class='ocr_carea' id='block_1_43' title="bbox 2153 4011 3730 4084">
    <p class='ocr_par' dir='ltr' id='par_1_43' title="bbox 2153 4011 3730 4084">
     <span class='ocr_line' id='line_1_43' title="bbox 2153 4011 3730 4084; baseline 0.001 -17"><span class='ocrx_word' id='word_1_302' title='bbox 2153 4012 2506 4068; x_wconf 84' lang='lat' dir='ltr'><strong><em>Firmilianus</em></strong></span> <span class='ocrx_word' id='word_1_303' title='bbox 2543 4013 2610 4068; x_wconf 87' lang='lat' dir='ltr'><strong><em>ad</em></strong></span> <span class='ocrx_word' id='word_1_304' title='bbox 2648 4028 2877 4082; x_wconf 89' lang='lat' dir='ltr'><strong><em>superos</em></strong></span> <span class='ocrx_word' id='word_1_305' title='bbox 2909 4011 3159 4076; x_wconf 83' lang='lat' dir='ltr'><strong><em>transiit,</em></strong></span> <span class='ocrx_word' id='word_1_306' title='bbox 3189 4020 3318 4067; x_wconf 88' lang='lat' dir='ltr'><strong><em>tunc</em></strong></span> <span class='ocrx_word' id='word_1_307' title='bbox 3350 4012 3462 4082; x_wconf 89' lang='lat' dir='ltr'><strong><em>jam</em></strong></span> <span class='ocrx_word' id='word_1_308' title='bbox 3495 4027 3730 4084; x_wconf 87' lang='lat' dir='ltr'><strong><em>congre-</em></strong></span> 
     </span>
    </p>
   </div>
   <div class='ocr_carea' id='block_1_44' title="bbox 484 4090 2054 4192">
    <p class='ocr_par' dir='ltr' id='par_1_44' title="bbox 484 4121 2054 4192">
     <span class='ocr_line' id='line_1_44' title="bbox 484 4121 2054 4192; baseline 0 -14"><span class='ocrx_word' id='word_1_309' title='bbox 484 4123 715 4179; x_wconf 86' lang='lat' dir='ltr'><strong><em>Paulum</em></strong></span> <span class='ocrx_word' id='word_1_310' title='bbox 773 4122 1190 4178; x_wconf 89' lang='lat' dir='ltr'><strong><em>Samosatenum</em></strong></span> <span class='ocrx_word' id='word_1_311' title='bbox 1244 4124 1338 4192; x_wconf 89' lang='lat' dir='ltr'><strong><em>qui</em></strong></span> <span class='ocrx_word' id='word_1_312' title='bbox 1394 4121 1650 4178; x_wconf 67' lang='lat' dir='ltr'><strong><em>Ecclesiae</em></strong></span> <span class='ocrx_word' id='word_1_313' title='bbox 1703 4122 2054 4178; x_wconf 64' lang='lat' dir='ltr'><strong><em>Antiochense</em></strong></span> 
     </span>
    </p>
   </div>
   <div class='ocr_carea' id='block_1_45' title="bbox 2164 4090 3080 4192">
    <p class='ocr_par' dir='ltr' id='par_1_45' title="bbox 2164 4105 3080 4177">
     <span class='ocr_line' id='line_1_45' title="bbox 2164 4105 3080 4177; baseline 0.002 -19"><span class='ocrx_word' id='word_1_314' title='bbox 2164 4115 2277 4177; x_wconf 84' lang='lat' dir='ltr'><strong><em>gata</em></strong></span> <span class='ocrx_word' id='word_1_315' title='bbox 2305 4116 2423 4160; x_wconf 87' lang='lat' dir='ltr'><strong><em>erat</em></strong></span> <span class='ocrx_word' id='word_1_316' title='bbox 2455 4106 2693 4176; x_wconf 79' lang='lat' dir='ltr'><strong><em>synodus</em></strong></span> <span class='ocrx_word' id='word_1_317' title='bbox 2721 4105 3080 4161; x_wconf 81' lang='lat' dir='ltr'><strong><em>Antiochena.</em></strong></span> 
     </span>
    </p>
   </div>
   <div class='ocr_carea' id='block_1_46' title="bbox 483 4212 2056 4284">
    <p class='ocr_par' dir='ltr' id='par_1_46' title="bbox 483 4212 2056 4284">
     <span class='ocr_line' id='line_1_46' title="bbox 483 4212 2056 4284; baseline -0.001 -16"><span class='ocrx_word' id='word_1_318' title='bbox 483 4213 772 4284; x_wconf 87' lang='lat' dir='ltr'><strong><em>episcopus</em></strong></span> <span class='ocrx_word' id='word_1_319' title='bbox 806 4212 1116 4268; x_wconf 86' lang='lat' dir='ltr'><strong><em>Artemonis</em></strong></span> <span class='ocrx_word' id='word_1_320' title='bbox 1152 4213 1401 4267; x_wconf 75' lang='lat' dir='ltr'><strong><em>Ineresim</em></strong></span> <span class='ocrx_word' id='word_1_321' title='bbox 1449 4214 1814 4279; x_wconf 87' lang='lat' dir='ltr'><strong><em>instaurarat,</em></strong></span> <span class='ocrx_word' id='word_1_322' title='bbox 1859 4215 2056 4268; x_wconf 87' lang='lat' dir='ltr'><strong><em>acriter</em></strong></span> 
     </span>
    </p>
   </div>
   <div class='ocr_carea' id='block_1_47' title="bbox 484 4305 2054 4377">
    <p class='ocr_par' dir='ltr' id='par_1_47' title="bbox 484 4305 2054 4377">
     <span class='ocr_line' id='line_1_47' title="bbox 484 4305 2054 4377; baseline 0 -17"><span class='ocrx_word' id='word_1_323' title='bbox 484 4305 808 4375; x_wconf 85' lang='lat' dir='ltr'><strong><em>disputavit,</em></strong></span> <span class='ocrx_word' id='word_1_324' title='bbox 834 4305 1226 4374; x_wconf 82' lang='lat' dir='ltr'><strong><em>excipientibus</em></strong></span> <span class='ocrx_word' id='word_1_325' title='bbox 1259 4313 1457 4361; x_wconf 90' lang='lat' dir='ltr'><strong><em>cuncta</em></strong></span> <span class='ocrx_word' id='word_1_326' title='bbox 1494 4307 1761 4372; x_wconf 89' lang='lat' dir='ltr'><strong><em>notariis;</em></strong></span> <span class='ocrx_word' id='word_1_327' title='bbox 1797 4307 2054 4377; x_wconf 88' lang='lat' dir='ltr'><strong><em>solusque</em></strong></span> 
     </span>
    </p>
   </div>
   <div class='ocr_carea' id='block_1_48' title="bbox 483 4396 2059 4454">
    <p class='ocr_par' dir='ltr' id='par_1_48' title="bbox 483 4396 2059 4454">
     <span class='ocr_line' id='line_1_48' title="bbox 483 4396 2059 4454; baseline 0.001 -2"><span class='ocrx_word' id='word_1_328' title='bbox 483 4396 726 4452; x_wconf 89' lang='lat' dir='ltr'><strong><em>omnium</em></strong></span> <span class='ocrx_word' id='word_1_329' title='bbox 767 4397 1010 4451; x_wconf 85' lang='lat' dir='ltr'><strong><em>occultos</em></strong></span> <span class='ocrx_word' id='word_1_330' title='bbox 1045 4396 1282 4452; x_wconf 90' lang='lat' dir='ltr'><strong><em>hominis</em></strong></span> <span class='ocrx_word' id='word_1_331' title='bbox 1321 4413 1515 4454; x_wconf 87' lang='lat' dir='ltr'><strong><em>sensus</em></strong></span> <span class='ocrx_word' id='word_1_332' title='bbox 1552 4413 1616 4453; x_wconf 91' lang='lat' dir='ltr'><strong><em>ac</em></strong></span> <span class='ocrx_word' id='word_1_333' title='bbox 1653 4397 1869 4454; x_wconf 77' lang='lat' dir='ltr'><strong><em>fraudes</em></strong></span> <span class='ocrx_word' id='word_1_334' title='bbox 1907 4399 2059 4454; x_wconf 83' lang='lat' dir='ltr'><strong><em>dete-</em></strong></span> 
     </span>
    </p>
   </div>
   <div class='ocr_carea' id='block_1_49' title="bbox 483 4485 2052 4560">
    <p class='ocr_par' dir='ltr' id='par_1_49' title="bbox 483 4485 2052 4560">
     <span class='ocr_line' id='line_1_49' title="bbox 483 4485 2052 4560; baseline 0.002 -18"><span class='ocrx_word' id='word_1_335' title='bbox 483 4503 609 4560; x_wconf 90' lang='lat' dir='ltr'><strong><em>gere</em></strong></span> <span class='ocrx_word' id='word_1_336' title='bbox 653 4487 844 4542; x_wconf 71' lang='lat' dir='ltr'><strong><em>valuit.</em></strong></span> <span class='ocrx_word' id='word_1_337' title='bbox 893 4485 1009 4553; x_wconf 86' lang='lat' dir='ltr'><strong><em>Qua</em></strong></span> <span class='ocrx_word' id='word_1_338' title='bbox 1058 4487 1275 4556; x_wconf 88' lang='lat' dir='ltr'><strong><em>quidem</em></strong></span> <span class='ocrx_word' id='word_1_339' title='bbox 1326 4503 1393 4542; x_wconf 82' lang='lat' dir='ltr'><strong><em>ex</em></strong></span> <span class='ocrx_word' id='word_1_340' title='bbox 1437 4487 1808 4546; x_wconf 80' lang='lat' dir='ltr'><strong><em>confutatione</em></strong></span> <span class='ocrx_word' id='word_1_341' title='bbox 1848 4499 2052 4546; x_wconf 89' lang='lat' dir='ltr'><strong><em>tantam</em></strong></span> 
     </span>
    </p>
   </div>
   <div class='ocr_carea' id='block_1_50' title="bbox 482 4578 2052 4652">
    <p class='ocr_par' dir='ltr' id='par_1_50' title="bbox 482 4578 2052 4652">
     <span class='ocr_line' id='line_1_50' title="bbox 482 4578 2052 4652; baseline 0.003 -20"><span class='ocrx_word' id='word_1_342' title='bbox 482 4578 712 4648; x_wconf 77' lang='lat' dir='ltr'><strong><em>gloriam</em></strong></span> <span class='ocrx_word' id='word_1_343' title='bbox 761 4578 947 4633; x_wconf 87' lang='lat' dir='ltr'><strong><em>retulit</em></strong></span> <span class='ocrx_word' id='word_1_344' title='bbox 985 4589 1172 4634; x_wconf 90' lang='lat' dir='ltr'><strong><em>noster</em></strong></span> <span class='ocrx_word' id='word_1_345' title='bbox 1208 4588 1418 4644; x_wconf 84' lang='lat' dir='ltr'><strong><em>auctor,</em></strong></span> <span class='ocrx_word' id='word_1_346' title='bbox 1460 4579 1640 4649; x_wconf 91' lang='lat' dir='ltr'><strong><em>inquit</em></strong></span> <span class='ocrx_word' id='word_1_347' title='bbox 1671 4579 1920 4636; x_wconf 83' lang='lat' dir='ltr'><strong><em>Valesius</em></strong></span> <span class='ocrx_word' id='word_1_348' title='bbox 1953 4581 2052 4652; x_wconf 73' lang='lat'><strong><em>(4),</em></strong></span> 
     </span>
    </p>
   </div>
   <div class='ocr_carea' id='block_1_51' title="bbox 377 4670 2050 4742">
    <p class='ocr_par' dir='ltr' id='par_1_51' title="bbox 377 4670 2050 4742">
     <span class='ocr_line' id='line_1_51' title="bbox 377 4670 2050 4742; baseline 0.004 -18"><span class='ocrx_word' id='word_1_349' title='bbox 377 4685 380 4690; x_wconf 84' lang='lat'>&#39;</span> <span class='ocrx_word' id='word_1_350' title='bbox 483 4680 637 4726; x_wconf 81' lang='lat' dir='ltr'><strong><em>utea</em></strong></span> <span class='ocrx_word' id='word_1_351' title='bbox 674 4671 741 4726; x_wconf 83' lang='lat' dir='ltr'><strong><em>de</em></strong></span> <span class='ocrx_word' id='word_1_352' title='bbox 776 4687 939 4727; x_wconf 89' lang='lat' dir='ltr'><strong><em>causa</em></strong></span> <span class='ocrx_word' id='word_1_353' title='bbox 978 4671 1032 4726; x_wconf 92' lang='lat' dir='ltr'><strong><em>in</em></strong></span> <span class='ocrx_word' id='word_1_354' title='bbox 1064 4670 1378 4742; x_wconf 84' lang='lat' dir='ltr'><strong><em>Menologiis</em></strong></span> <span class='ocrx_word' id='word_1_355' title='bbox 1405 4671 1719 4729; x_wconf 69' lang='lat' dir='ltr'><strong><em>Graecorum</em></strong></span> <span class='ocrx_word' id='word_1_356' title='bbox 1753 4675 1842 4730; x_wconf 90' lang='lat' dir='ltr'><strong><em>die</em></strong></span> <span class='ocrx_word' id='word_1_357' title='bbox 1885 4692 2050 4730; x_wconf 78' lang='lat' dir='ltr'><strong><em>xxviii</em></strong></span> 
     </span>
    </p>
   </div>
   <div class='ocr_carea' id='block_1_52' title="bbox 483 4761 1369 4821">
    <p class='ocr_par' dir='ltr' id='par_1_52' title="bbox 483 4761 1369 4821">
     <span class='ocr_line' id='line_1_52' title="bbox 483 4761 1369 4821; baseline 0.002 -2"><span class='ocrx_word' id='word_1_358' title='bbox 483 4761 730 4819; x_wconf 87' lang='lat' dir='ltr'><strong><em>Octobris</em></strong></span> <span class='ocrx_word' id='word_1_359' title='bbox 761 4765 1068 4820; x_wconf 89' lang='lat' dir='ltr'><strong><em>consecrari</em></strong></span> <span class='ocrx_word' id='word_1_360' title='bbox 1091 4766 1369 4821; x_wconf 89' lang='lat' dir='ltr'><strong><em>meruerit.</em></strong></span> 
     </span>
    </p>
   </div>
   <div class='ocr_carea' id='block_1_53' title="bbox 549 4851 2051 4930">
    <p class='ocr_par' dir='ltr' id='par_1_53' title="bbox 549 4851 2051 4930">
     <span class='ocr_line' id='line_1_53' title="bbox 549 4851 2051 4930; baseline 0.005 -23"><span class='ocrx_word' id='word_1_361' title='bbox 549 4851 614 4908; x_wconf 88' lang='lat' dir='ltr'><strong><em>ll.</em></strong></span> <span class='ocrx_word' id='word_1_362' title='bbox 659 4853 738 4909; x_wconf 82' lang='lat' dir='ltr'><strong><em>Ex</em></strong></span> <span class='ocrx_word' id='word_1_363' title='bbox 789 4855 892 4911; x_wconf 90' lang='lat' dir='ltr'><strong><em>hac</em></strong></span> <span class='ocrx_word' id='word_1_364' title='bbox 937 4864 1117 4912; x_wconf 88' lang='lat' dir='ltr'><strong><em>autem</em></strong></span> <span class='ocrx_word' id='word_1_365' title='bbox 1169 4857 1222 4911; x_wconf 92' lang='lat' dir='ltr'><strong><em>in</em></strong></span> <span class='ocrx_word' id='word_1_366' title='bbox 1260 4858 1458 4913; x_wconf 89' lang='lat' dir='ltr'><strong><em>tabulis</em></strong></span> <span class='ocrx_word' id='word_1_367' title='bbox 1498 4857 1700 4914; x_wconf 68' lang='lat' dir='ltr'><strong><em>Graecis</em></strong></span> <span class='ocrx_word' id='word_1_368' title='bbox 1734 4859 2051 4930; x_wconf 88' lang='lat' dir='ltr'><strong><em>consignata</em></strong></span> 
     </span>
    </p>
   </div>
   <div class='ocr_carea' id='block_1_54' title="bbox 481 4944 2050 5019">
    <p class='ocr_par' dir='ltr' id='par_1_54' title="bbox 481 4944 2050 5019">
     <span class='ocr_line' id='line_1_54' title="bbox 481 4944 2050 5019; baseline 0.004 -21"><span class='ocrx_word' id='word_1_369' title='bbox 481 4944 803 5000; x_wconf 74' lang='lat' dir='ltr'><strong><em>Malchionis</em></strong></span> <span class='ocrx_word' id='word_1_370' title='bbox 833 4948 1128 5014; x_wconf 87' lang='lat' dir='ltr'><strong><em>memoria,</em></strong></span> <span class='ocrx_word' id='word_1_371' title='bbox 1157 4947 1580 5004; x_wconf 85' lang='lat' dir='ltr'><strong><em>exlstimaverim</em></strong></span> <span class='ocrx_word' id='word_1_372' title='bbox 1620 4949 1870 5019; x_wconf 87' lang='lat' dir='ltr'><strong><em>equidem</em></strong></span> <span class='ocrx_word' id='word_1_373' title='bbox 1906 4951 2050 5005; x_wconf 84' lang='lat' dir='ltr'><strong><em>cele-</em></strong></span> 
     </span>
    </p>
   </div>
   <div class='ocr_carea' id='block_1_55' title="bbox 481 5035 2052 5110">
    <p class='ocr_par' dir='ltr' id='par_1_55' title="bbox 481 5035 2052 5110">
     <span class='ocr_line' id='line_1_55' title="bbox 481 5035 2052 5110; baseline 0.004 -20"><span class='ocrx_word' id='word_1_374' title='bbox 481 5035 695 5090; x_wconf 89' lang='lat' dir='ltr'><strong><em>bratam</em></strong></span> <span class='ocrx_word' id='word_1_375' title='bbox 724 5035 904 5092; x_wconf 84' lang='lat' dir='ltr'><strong><em>fuisse.</em></strong></span> <span class='ocrx_word' id='word_1_376' title='bbox 925 5038 1066 5094; x_wconf 84' lang='lat' dir='ltr'><strong><em>hanc</em></strong></span> <span class='ocrx_word' id='word_1_377' title='bbox 1090 5041 1357 5110; x_wconf 81' lang='lat' dir='ltr'><strong><em>synodum</em></strong></span> <span class='ocrx_word' id='word_1_378' title='bbox 1389 5056 1533 5096; x_wconf 88' lang='lat' dir='ltr'><strong><em>anno</em></strong></span> <span class='ocrx_word' id='word_1_379' title='bbox 1557 5057 1748 5096; x_wconf 77' lang='lat' dir='ltr'><strong><em>cculx</em></strong></span> <span class='ocrx_word' id='word_1_380' title='bbox 1770 5042 2052 5098; x_wconf 82' lang='lat' dir='ltr'><strong><em>desinente</em></strong></span> 
     </span>
    </p>
   </div>
   <div class='ocr_carea' id='block_1_56' title="bbox 482 5129 2049 5204">
    <p class='ocr_par' dir='ltr' id='par_1_56' title="bbox 482 5129 2049 5204">
     <span class='ocr_line' id='line_1_56' title="bbox 482 5129 2049 5204; baseline 0.007 -23"><span class='ocrx_word' id='word_1_381' title='bbox 482 5141 650 5200; x_wconf 82' lang='lat' dir='ltr'><strong><em>atque</em></strong></span> <span class='ocrx_word' id='word_1_382' title='bbox 705 5129 1022 5199; x_wconf 87' lang='lat' dir='ltr'><strong><em>insequente</em></strong></span> <span class='ocrx_word' id='word_1_383' title='bbox 1069 5141 1433 5204; x_wconf 80' lang='lat' dir='ltr'><strong><em>prorogatam.</em></strong></span> <span class='ocrx_word' id='word_1_384' title='bbox 1501 5133 1869 5191; x_wconf 81' lang='lat' dir='ltr'><strong><em>Conﬁrmatur</em></strong></span> <span class='ocrx_word' id='word_1_385' title='bbox 1922 5151 2049 5192; x_wconf 88' lang='lat' dir='ltr'><strong><em>vero</em></strong></span> 
     </span>
    </p>
   </div>
   <div class='ocr_carea' id='block_1_57' title="bbox 555 5325 1798 5400">
    <p class='ocr_par' dir='ltr' id='par_1_57' title="bbox 555 5325 1798 5400">
     <span class='ocr_line' id='line_1_57' title="bbox 555 5325 1798 5400; baseline 0.004 -19"><span class='ocrx_word' id='word_1_386' title='bbox 555 5325 633 5400; x_wconf 71' lang='lat' dir='ltr'><strong><em>(l)</em></strong></span> <span class='ocrx_word' id='word_1_387' title='bbox 672 5326 896 5400; x_wconf 49' lang='lat' dir='ltr'><strong><em>Euseb,</em></strong></span> <span class='ocrx_word' id='word_1_388' title='bbox 933 5325 1264 5400; x_wconf 13' lang='lat' dir='ltr'><strong><em>iiist.ieccl.,</em></strong></span> <span class='ocrx_word' id='word_1_389' title='bbox 1301 5329 1392 5384; x_wconf 89' lang='lat' dir='ltr'><strong><em>lib.</em></strong></span> <span class='ocrx_word' id='word_1_390' title='bbox 1419 5345 1531 5393; x_wconf 85' lang='lat' dir='ltr'><strong><em>vn,</em></strong></span> <span class='ocrx_word' id='word_1_391' title='bbox 1561 5347 1679 5400; x_wconf 80' lang='lat' dir='ltr'><strong><em>cap.</em></strong></span> <span class='ocrx_word' id='word_1_392' title='bbox 1711 5333 1798 5388; x_wconf 76' lang='lat'><strong><em>‘29.</em></strong></span> 
     </span>
    </p>
   </div>
   <div class='ocr_carea' id='block_1_58' title="bbox 552 5397 1670 5471">
    <p class='ocr_par' dir='ltr' id='par_1_58' title="bbox 552 5397 1670 5471">
     <span class='ocr_line' id='line_1_58' title="bbox 552 5397 1670 5471; baseline -0.001 -15"><span class='ocrx_word' id='word_1_393' title='bbox 552 5397 630 5471; x_wconf 63' lang='lat' dir='ltr'><strong><em>t2)</em></strong></span> <span class='ocrx_word' id='word_1_394' title='bbox 671 5397 912 5471; x_wconf 60' lang='grc' dir='ltr'><strong><em>ψει-οη..</em></strong></span> <span class='ocrx_word' id='word_1_395' title='bbox 951 5398 1024 5451; x_wconf 83' lang='lat' dir='ltr'><strong><em>De</em></strong></span> <span class='ocrx_word' id='word_1_396' title='bbox 1050 5399 1147 5452; x_wconf 88' lang='lat' dir='ltr'><strong><em>vir.</em></strong></span> <span class='ocrx_word' id='word_1_397' title='bbox 1173 5402 1398 5468; x_wconf 87' lang='lat' dir='ltr'><strong><em>ittustr.,</em></strong></span> <span class='ocrx_word' id='word_1_398' title='bbox 1425 5416 1544 5471; x_wconf 88' lang='lat' dir='ltr'><strong><em>cap.</em></strong></span> <span class='ocrx_word' id='word_1_399' title='bbox 1586 5397 1670 5455; x_wconf 74' lang='lat' dir='ltr'><strong><em>7i.</em></strong></span> 
     </span>
    </p>
   </div>
   <div class='ocr_carea' id='block_1_59' title="bbox 555 5468 1038 5604">
    <p class='ocr_par' dir='ltr' id='par_1_59' title="bbox 555 5468 1038 5604">
     <span class='ocr_line' id='line_1_59' title="bbox 555 5468 1038 5604; baseline 0.002 -14"><span class='ocrx_word' id='word_1_400' title='bbox 555 5469 630 5604; x_wconf 61' lang='lat' dir='ltr'><strong><em>Si)</em></strong></span> <span class='ocrx_word' id='word_1_401' title='bbox 669 5468 954 5594; x_wconf 43' lang='lat'><strong><em>$2155.33};</em></strong></span> <span class='ocrx_word' id='word_1_402' title='bbox 975 5487 1038 5594; x_wconf 60' lang='grc' dir='ltr'><strong><em>,τά</em></strong></span> 
     </span>
    </p>
   </div>
   <div class='ocr_carea' id='block_1_60' title="bbox 552 5537 1590 5605">
    <p class='ocr_par' dir='ltr' id='par_1_60' title="bbox 552 5537 1590 5605">
     <span class='ocr_line' id='line_1_60' title="bbox 552 5537 1590 5605; baseline 0.007 -18"><span class='ocrx_word' id='word_1_403' title='bbox 552 5537 630 5604; x_wconf 64' lang='lat' dir='ltr'><strong><em>is)</em></strong></span> <span class='ocrx_word' id='word_1_404' title='bbox 669 5537 848 5594; x_wconf 82' lang='lat' dir='ltr'><strong><em>Vales.</em></strong></span> <span class='ocrx_word' id='word_1_405' title='bbox 881 5542 933 5594; x_wconf 89' lang='lat' dir='ltr'><strong><em>in</em></strong></span> <span class='ocrx_word' id='word_1_406' title='bbox 975 5547 1087 5594; x_wconf 78' lang='lat' dir='ltr'><strong><em>unt.</em></strong></span> <span class='ocrx_word' id='word_1_407' title='bbox 1116 5538 1182 5592; x_wconf 87' lang='lat' dir='ltr'><strong><em>ad</em></strong></span> <span class='ocrx_word' id='word_1_408' title='bbox 1213 5538 1444 5605; x_wconf 86' lang='lat' dir='ltr'><strong><em>Euseb.,</em></strong></span> <span class='ocrx_word' id='word_1_409' title='bbox 1470 5541 1506 5594; x_wconf 90' lang='lat' dir='ltr'><strong><em>l.</em></strong></span> <span class='ocrx_word' id='word_1_410' title='bbox 1541 5557 1590 5596; x_wconf 93' lang='lat' dir='ltr'><strong><em>c.</em></strong></span> 
     </span>
    </p>
   </div>
   <div class='ocr_carea' id='block_1_61' title="bbox 551 5607 1420 5681">
    <p class='ocr_par' dir='ltr' id='par_1_61' title="bbox 551 5607 1420 5681">
     <span class='ocr_line' id='line_1_61' title="bbox 551 5607 1420 5681; baseline 0.003 -20"><span class='ocrx_word' id='word_1_411' title='bbox 551 5607 627 5681; x_wconf 69' lang='lat' dir='ltr'><strong><em>(Si)</em></strong></span> <span class='ocrx_word' id='word_1_412' title='bbox 668 5608 993 5681; x_wconf 49' lang='lat' dir='ltr'><strong><em>Erolegmn&quot;</em></strong></span> <span class='ocrx_word' id='word_1_413' title='bbox 1021 5625 1138 5675; x_wconf 81' lang='lat' dir='ltr'><strong><em>cap.</em></strong></span> <span class='ocrx_word' id='word_1_414' title='bbox 1173 5611 1268 5681; x_wconf 64' lang='grc' dir='ltr'>ως</span> <span class='ocrx_word' id='word_1_415' title='bbox 1307 5609 1334 5681; x_wconf 66' lang='grc' dir='ltr'><strong><em>ς</em></strong></span> <span class='ocrx_word' id='word_1_416' title='bbox 1369 5612 1420 5681; x_wconf 84' lang='lat' dir='ltr'><strong><em>i.</em></strong></span> 
     </span>
    </p>
   </div>
   <div class='ocr_carea' id='block_1_62' title="bbox 479 5677 2044 5802">
    <p class='ocr_par' dir='ltr' id='par_1_62' title="bbox 479 5677 2044 5802">
     <span class='ocr_line' id='line_1_62' title="bbox 479 5677 2044 5802; baseline 0.006 -72"><span class='ocrx_word' id='word_1_417' title='bbox 479 5677 629 5802; x_wconf 49' lang='lat' dir='ltr'><strong><em>55g6)</em></strong></span> <span class='ocrx_word' id='word_1_418' title='bbox 671 5677 851 5749; x_wconf 53' lang='lat' dir='ltr'><strong><em>Epist:</em></strong></span> <span class='ocrx_word' id='word_1_419' title='bbox 883 5697 1034 5735; x_wconf 84' lang='lat' dir='ltr'><strong><em>conc.</em></strong></span> <span class='ocrx_word' id='word_1_420' title='bbox 1076 5677 1352 5745; x_wconf 48' lang='lat' dir='ltr'><strong><em>Antiochi,</em></strong></span> <span class='ocrx_word' id='word_1_421' title='bbox 1399 5680 1426 5753; x_wconf 83' lang='lat'>§</span> <span class='ocrx_word' id='word_1_422' title='bbox 1477 5682 1526 5736; x_wconf 84' lang='lat' dir='ltr'><strong><em>i.</em></strong></span> <span class='ocrx_word' id='word_1_423' title='bbox 1557 5680 1678 5742; x_wconf 81' lang='lat' dir='ltr'><strong><em>Vid.</em></strong></span> <span class='ocrx_word' id='word_1_424' title='bbox 1727 5682 1875 5752; x_wconf 58' lang='lat' dir='ltr'><strong><em>inita,</em></strong></span> <span class='ocrx_word' id='word_1_425' title='bbox 1924 5701 2044 5757; x_wconf 80' lang='lat' dir='ltr'><strong><em>pag.</em></strong></span> 
     </span>
    </p>
   </div>
   <div class='ocr_carea' id='block_1_63' title="bbox 551 5815 1530 5893">
    <p class='ocr_par' dir='ltr' id='par_1_63' title="bbox 551 5815 1530 5893">
     <span class='ocr_line' id='line_1_63' title="bbox 551 5815 1530 5893; baseline 0.002 -20"><span class='ocrx_word' id='word_1_426' title='bbox 551 5816 625 5888; x_wconf 73' lang='lat'><strong><em>(7)</em></strong></span> <span class='ocrx_word' id='word_1_427' title='bbox 665 5815 816 5886; x_wconf 76' lang='lat' dir='ltr'><strong><em>Pagi,</em></strong></span> <span class='ocrx_word' id='word_1_428' title='bbox 841 5818 975 5876; x_wconf 84' lang='lat' dir='ltr'><strong><em>Crit.</em></strong></span> <span class='ocrx_word' id='word_1_429' title='bbox 1014 5820 1078 5875; x_wconf 86' lang='lat' dir='ltr'><strong><em>ad</em></strong></span> <span class='ocrx_word' id='word_1_430' title='bbox 1109 5836 1237 5877; x_wconf 83' lang='lat' dir='ltr'><strong><em>ann.</em></strong></span> <span class='ocrx_word' id='word_1_431' title='bbox 1268 5821 1393 5889; x_wconf 72' lang='lat'><strong><em>27!,</em></strong></span> <span class='ocrx_word' id='word_1_432' title='bbox 1424 5820 1530 5893; x_wconf 65' lang='lat'><strong><em>52.</em></strong></span> 
     </span>
    </p>
   </div>
   <div class='ocr_carea' id='block_1_64' title="bbox 2043 5519 2058 5548">
    <p class='ocr_par' dir='ltr' id='par_1_64' title="bbox 2043 5519 2058 5548">
     <span class='ocr_line' id='line_1_64' title="bbox 2043 5519 2058 5548; baseline 0 0"><span class='ocrx_word' id='word_1_433' title='bbox 2043 5519 2058 5548; x_wconf 61' lang='grc' dir='ltr'>ἱ</span> 
     </span>
    </p>
   </div>
   <div class='ocr_carea' id='block_1_65' title="bbox 2075 5411 2239 5481">
    <p class='ocr_par' dir='ltr' id='par_1_65' title="bbox 2075 5411 2239 5481">
     <span class='ocr_line' id='line_1_65' title="bbox 2075 5411 2239 5481; baseline -0.006 -16"><span class='ocrx_word' id='word_1_434' title='bbox 2075 5424 2116 5481; x_wconf 79' lang='lat' dir='ltr'><strong>c</strong></span> <span class='ocrx_word' id='word_1_435' title='bbox 2150 5411 2239 5465; x_wconf 76' lang='lat'><strong><em>9.8.</em></strong></span> 
     </span>
    </p>
   </div>
   <div class='ocr_carea' id='block_1_66' title="bbox 2234 4208 3736 4282">
    <p class='ocr_par' dir='ltr' id='par_1_66' title="bbox 2234 4208 3736 4282">
     <span class='ocr_line' id='line_1_66' title="bbox 2234 4208 3736 4282; baseline -0.001 -16"><span class='ocrx_word' id='word_1_436' title='bbox 2234 4214 2415 4282; x_wconf 80' lang='lat' dir='ltr'><strong><em>Atque</em></strong></span> <span class='ocrx_word' id='word_1_437' title='bbox 2451 4229 2517 4268; x_wconf 83' lang='lat' dir='ltr'><strong><em>ex</em></strong></span> <span class='ocrx_word' id='word_1_438' title='bbox 2547 4214 2634 4268; x_wconf 89' lang='lat' dir='ltr'><strong><em>his</em></strong></span> <span class='ocrx_word' id='word_1_439' title='bbox 2666 4214 2945 4268; x_wconf 88' lang='lat' dir='ltr'><strong><em>enimvero</em></strong></span> <span class='ocrx_word' id='word_1_440' title='bbox 2981 4212 3140 4282; x_wconf 89' lang='lat' dir='ltr'><strong><em>longo</em></strong></span> <span class='ocrx_word' id='word_1_441' title='bbox 3175 4212 3456 4266; x_wconf 87' lang='lat' dir='ltr'><strong><em>aberrasse</em></strong></span> <span class='ocrx_word' id='word_1_442' title='bbox 3505 4208 3736 4265; x_wconf 83' lang='lat' dir='ltr'><strong><em>Pearso-</em></strong></span> 
     </span>
    </p>
   </div>
   <div class='ocr_carea' id='block_1_67' title="bbox 2161 4299 3736 4374">
    <p class='ocr_par' dir='ltr' id='par_1_67' title="bbox 2161 4299 3736 4374">
     <span class='ocr_line' id='line_1_67' title="bbox 2161 4299 3736 4374; baseline -0.002 -18"><span class='ocrx_word' id='word_1_443' title='bbox 2161 4303 2312 4357; x_wconf 90' lang='lat' dir='ltr'><strong><em>nium</em></strong></span> <span class='ocrx_word' id='word_1_444' title='bbox 2337 4303 2665 4374; x_wconf 84' lang='lat' dir='ltr'><strong><em>colligimus,</em></strong></span> <span class='ocrx_word' id='word_1_445' title='bbox 2697 4304 2790 4372; x_wconf 93' lang='lat' dir='ltr'><strong><em>qui</em></strong></span> <span class='ocrx_word' id='word_1_446' title='bbox 2824 4302 3044 4356; x_wconf 88' lang='lat' dir='ltr'><strong><em>unicum</em></strong></span> <span class='ocrx_word' id='word_1_447' title='bbox 3077 4311 3285 4356; x_wconf 88' lang='lat' dir='ltr'><strong><em>tantum</em></strong></span> <span class='ocrx_word' id='word_1_448' title='bbox 3315 4299 3603 4355; x_wconf 87' lang='lat' dir='ltr'><strong><em>concilium</em></strong></span> <span class='ocrx_word' id='word_1_449' title='bbox 3628 4301 3736 4353; x_wconf 75' lang='lat' dir='ltr'><strong><em>An-</em></strong></span> 
     </span>
    </p>
   </div>
   <div class='ocr_carea' id='block_1_68' title="bbox 2160 4394 3733 4452">
    <p class='ocr_par' dir='ltr' id='par_1_68' title="bbox 2160 4394 3733 4452">
     <span class='ocr_line' id='line_1_68' title="bbox 2160 4394 3733 4452; baseline -0.001 -2"><span class='ocrx_word' id='word_1_450' title='bbox 2160 4394 2468 4450; x_wconf 86' lang='lat' dir='ltr'><strong><em>tiochenum</em></strong></span> <span class='ocrx_word' id='word_1_451' title='bbox 2493 4397 2548 4450; x_wconf 90' lang='lat' dir='ltr'><strong><em>in</em></strong></span> <span class='ocrx_word' id='word_1_452' title='bbox 2565 4412 2730 4452; x_wconf 87' lang='lat' dir='ltr'><strong><em>causa</em></strong></span> <span class='ocrx_word' id='word_1_453' title='bbox 2753 4395 3092 4452; x_wconf 88' lang='lat' dir='ltr'><strong><em>Samosateni</em></strong></span> <span class='ocrx_word' id='word_1_454' title='bbox 3109 4404 3356 4451; x_wconf 90' lang='lat' dir='ltr'><strong><em>coactum</em></strong></span> <span class='ocrx_word' id='word_1_455' title='bbox 3382 4410 3527 4448; x_wconf 89' lang='lat' dir='ltr'><strong><em>anno</em></strong></span> <span class='ocrx_word' id='word_1_456' title='bbox 3541 4409 3733 4448; x_wconf 80' lang='lat' dir='ltr'><strong><em>ccuvt</em></strong></span> 
     </span>
    </p>
   </div>
   <div class='ocr_carea' id='block_1_69' title="bbox 2160 4488 3730 4560">
    <p class='ocr_par' dir='ltr' id='par_1_69' title="bbox 2160 4488 3730 4560">
     <span class='ocr_line' id='line_1_69' title="bbox 2160 4488 3730 4560; baseline 0 -18"><span class='ocrx_word' id='word_1_457' title='bbox 2160 4488 2444 4560; x_wconf 80' lang='lat' dir='ltr'><strong><em>agnoscit;</em></strong></span> <span class='ocrx_word' id='word_1_458' title='bbox 2477 4505 2508 4544; x_wconf 90' lang='lat' dir='ltr'><strong><em>a</em></strong></span> <span class='ocrx_word' id='word_1_459' title='bbox 2545 4505 2652 4559; x_wconf 91' lang='lat' dir='ltr'><strong><em>quo</em></strong></span> <span class='ocrx_word' id='word_1_460' title='bbox 2687 4501 2968 4559; x_wconf 87' lang='lat' dir='ltr'><strong><em>propterea</em></strong></span> <span class='ocrx_word' id='word_1_461' title='bbox 3013 4490 3207 4544; x_wconf 89' lang='lat' dir='ltr'><strong><em>merito</em></strong></span> <span class='ocrx_word' id='word_1_462' title='bbox 3236 4488 3501 4544; x_wconf 88' lang='lat' dir='ltr'><strong><em>dissident</em></strong></span> <span class='ocrx_word' id='word_1_463' title='bbox 3535 4488 3615 4541; x_wconf 86' lang='lat' dir='ltr'><strong><em>vel</em></strong></span> <span class='ocrx_word' id='word_1_464' title='bbox 3644 4488 3730 4542; x_wconf 89' lang='lat' dir='ltr'><strong><em>sui</em></strong></span> 
     </span>
    </p>
   </div>
   <div class='ocr_carea' id='block_1_70' title="bbox 2158 4578 3735 4654">
    <p class='ocr_par' dir='ltr' id='par_1_70' title="bbox 2158 4578 3735 4654">
     <span class='ocr_line' id='line_1_70' title="bbox 2158 4578 3735 4654; baseline -0.004 -14"><span class='ocrx_word' id='word_1_465' title='bbox 2158 4584 2515 4649; x_wconf 87' lang='lat' dir='ltr'><strong><em>contribules,</em></strong></span> <span class='ocrx_word' id='word_1_466' title='bbox 2562 4584 2750 4640; x_wconf 89' lang='lat' dir='ltr'><strong><em>Bullus</em></strong></span> <span class='ocrx_word' id='word_1_467' title='bbox 2794 4582 2869 4654; x_wconf 90' lang='lat'><strong><em>(8)</em></strong></span> <span class='ocrx_word' id='word_1_468' title='bbox 2912 4592 2968 4638; x_wconf 90' lang='lat' dir='ltr'><strong><em>et</em></strong></span> <span class='ocrx_word' id='word_1_469' title='bbox 3007 4582 3295 4638; x_wconf 88' lang='lat' dir='ltr'><strong><em>Dodvellus</em></strong></span> <span class='ocrx_word' id='word_1_470' title='bbox 3324 4582 3424 4653; x_wconf 90' lang='lat'><strong><em>(9),</em></strong></span> <span class='ocrx_word' id='word_1_471' title='bbox 3465 4589 3525 4635; x_wconf 90' lang='lat' dir='ltr'><strong><em>ut</em></strong></span> <span class='ocrx_word' id='word_1_472' title='bbox 3567 4578 3735 4634; x_wconf 85' lang='lat' dir='ltr'><strong><em>Tille-</em></strong></span> 
     </span>
    </p>
   </div>
   <div class='ocr_carea' id='block_1_71' title="bbox 2159 4671 3732 4746">
    <p class='ocr_par' dir='ltr' id='par_1_71' title="bbox 2159 4671 3732 4746">
     <span class='ocr_line' id='line_1_71' title="bbox 2159 4671 3732 4746; baseline -0.004 -16"><span class='ocrx_word' id='word_1_473' title='bbox 2159 4672 2802 4746; x_wconf 83' lang='lat' dir='ltr'><strong><em>montium(l0)aliosque</em></strong></span> <span class='ocrx_word' id='word_1_474' title='bbox 2823 4673 3157 4730; x_wconf 83' lang='lat' dir='ltr'><strong><em>omittamus.</em></strong></span> <span class='ocrx_word' id='word_1_475' title='bbox 3183 4672 3365 4744; x_wconf 86' lang='lat' dir='ltr'><strong><em>Neque</em></strong></span> <span class='ocrx_word' id='word_1_476' title='bbox 3391 4673 3624 4728; x_wconf 86' lang='lat' dir='ltr'><strong><em>advertit</em></strong></span> <span class='ocrx_word' id='word_1_477' title='bbox 3651 4671 3732 4724; x_wconf 84' lang='lat' dir='ltr'><strong><em>vir</em></strong></span> 
     </span>
    </p>
   </div>
   <div class='ocr_carea' id='block_1_72' title="bbox 2159 4761 3732 4839">
    <p class='ocr_par' dir='ltr' id='par_1_72' title="bbox 2159 4761 3732 4839">
     <span class='ocr_line' id='line_1_72' title="bbox 2159 4761 3732 4839; baseline -0.003 -18"><span class='ocrx_word' id='word_1_478' title='bbox 2159 4775 2354 4821; x_wconf 65' lang='lat' dir='ltr'><strong><em>cattera</em></strong></span> <span class='ocrx_word' id='word_1_479' title='bbox 2375 4767 2588 4831; x_wconf 90' lang='lat' dir='ltr'><strong><em>doctus,</em></strong></span> <span class='ocrx_word' id='word_1_480' title='bbox 2619 4767 2760 4822; x_wconf 88' lang='lat' dir='ltr'><strong><em>hanc</em></strong></span> <span class='ocrx_word' id='word_1_481' title='bbox 2781 4767 3048 4839; x_wconf 88' lang='lat' dir='ltr'><strong><em>synodum</em></strong></span> <span class='ocrx_word' id='word_1_482' title='bbox 3075 4782 3183 4836; x_wconf 89' lang='lat' dir='ltr'><strong><em>qua</em></strong></span> <span class='ocrx_word' id='word_1_483' title='bbox 3210 4766 3278 4822; x_wconf 89' lang='lat' dir='ltr'><strong><em>de</em></strong></span> <span class='ocrx_word' id='word_1_484' title='bbox 3302 4765 3532 4836; x_wconf 88' lang='lat' dir='ltr'><strong><em>agimus,</em></strong></span> <span class='ocrx_word' id='word_1_485' title='bbox 3564 4761 3732 4817; x_wconf 81' lang='lat' dir='ltr'><strong><em>Euse-</em></strong></span> 
     </span>
    </p>
   </div>
   <div class='ocr_carea' id='block_1_73' title="bbox 2159 4855 3728 4928">
    <p class='ocr_par' dir='ltr' id='par_1_73' title="bbox 2159 4855 3728 4928">
     <span class='ocr_line' id='line_1_73' title="bbox 2159 4855 3728 4928; baseline -0.001 -16"><span class='ocrx_word' id='word_1_486' title='bbox 2159 4857 2251 4912; x_wconf 90' lang='lat' dir='ltr'><strong><em>bio</em></strong></span> <span class='ocrx_word' id='word_1_487' title='bbox 2281 4865 2598 4926; x_wconf 84' lang='lat' dir='ltr'><strong><em>postremam</em></strong></span> <span class='ocrx_word' id='word_1_488' title='bbox 2623 4868 2908 4928; x_wconf 88' lang='lat' dir='ltr'><strong><em>eapropter</em></strong></span> <span class='ocrx_word' id='word_1_489' title='bbox 2939 4859 3138 4913; x_wconf 89' lang='lat' dir='ltr'><strong><em>dictam</em></strong></span> <span class='ocrx_word' id='word_1_490' title='bbox 3173 4867 3233 4912; x_wconf 90' lang='lat' dir='ltr'><strong><em>ut</em></strong></span> <span class='ocrx_word' id='word_1_491' title='bbox 3267 4857 3429 4912; x_wconf 89' lang='lat' dir='ltr'><strong><em>modo</em></strong></span> <span class='ocrx_word' id='word_1_492' title='bbox 3454 4855 3728 4920; x_wconf 86' lang='lat' dir='ltr'><strong><em>vidimus,</em></strong></span> 
     </span>
    </p>
   </div>
   <div class='ocr_carea' id='block_1_74' title="bbox 2157 4943 3728 5021">
    <p class='ocr_par' dir='ltr' id='par_1_74' title="bbox 2157 4943 3728 5021">
     <span class='ocr_line' id='line_1_74' title="bbox 2157 4943 3728 5021; baseline 0 -18"><span class='ocrx_word' id='word_1_493' title='bbox 2157 4943 2302 5021; x_wconf 85' lang='lat' dir='ltr'><strong><em>quod</em></strong></span> <span class='ocrx_word' id='word_1_494' title='bbox 2365 4951 2555 5020; x_wconf 74' lang='lat' dir='ltr'><strong><em>prima:</em></strong></span> <span class='ocrx_word' id='word_1_495' title='bbox 2609 4951 2857 5006; x_wconf 84' lang='lat' dir='ltr'><strong><em>videlicet</em></strong></span> <span class='ocrx_word' id='word_1_496' title='bbox 2912 4951 3252 5006; x_wconf 89' lang='lat' dir='ltr'><strong><em>meminisset</em></strong></span> <span class='ocrx_word' id='word_1_497' title='bbox 3309 4949 3440 5021; x_wconf 85' lang='lat' dir='ltr'><strong><em>(ll),</em></strong></span> <span class='ocrx_word' id='word_1_498' title='bbox 3500 4947 3556 5002; x_wconf 91' lang='lat' dir='ltr'><strong><em>in</em></strong></span> <span class='ocrx_word' id='word_1_499' title='bbox 3618 4963 3728 5018; x_wconf 84' lang='lat' dir='ltr'><strong><em>qua</em></strong></span> 
     </span>
    </p>
   </div>
   <div class='ocr_carea' id='block_1_75' title="bbox 2159 5039 3728 5110">
    <p class='ocr_par' dir='ltr' id='par_1_75' title="bbox 2159 5039 3728 5110">
     <span class='ocr_line' id='line_1_75' title="bbox 2159 5039 3728 5110; baseline -0.001 -14"><span class='ocrx_word' id='word_1_500' title='bbox 2159 5043 2387 5097; x_wconf 75' lang='lat' dir='ltr'><strong><em>maxime</em></strong></span> <span class='ocrx_word' id='word_1_501' title='bbox 2420 5044 2747 5098; x_wconf 87' lang='lat' dir='ltr'><strong><em>eminuerunt</em></strong></span> <span class='ocrx_word' id='word_1_502' title='bbox 2772 5042 3122 5097; x_wconf 88' lang='lat' dir='ltr'><strong><em>Firmilianus</em></strong></span> <span class='ocrx_word' id='word_1_503' title='bbox 3155 5042 3410 5098; x_wconf 78' lang='lat' dir='ltr'><strong><em>Cccsarete</em></strong></span> <span class='ocrx_word' id='word_1_504' title='bbox 3443 5039 3728 5110; x_wconf 86' lang='lat' dir='ltr'><strong><em>Cappado-</em></strong></span> 
     </span>
    </p>
   </div>
   <div class='ocr_carea' id='block_1_76' title="bbox 2158 5131 3726 5205">
    <p class='ocr_par' dir='ltr' id='par_1_76' title="bbox 2158 5131 3726 5205">
     <span class='ocr_line' id='line_1_76' title="bbox 2158 5131 3726 5205; baseline -0.002 -17"><span class='ocrx_word' id='word_1_505' title='bbox 2158 5150 2278 5188; x_wconf 88' lang='lat' dir='ltr'><strong><em>cum</em></strong></span> <span class='ocrx_word' id='word_1_506' title='bbox 2331 5134 2631 5204; x_wconf 86' lang='lat' dir='ltr'><strong><em>episcopus,</em></strong></span> <span class='ocrx_word' id='word_1_507' title='bbox 2690 5135 2970 5205; x_wconf 80' lang='lat' dir='ltr'><strong><em>Gregorius</em></strong></span> <span class='ocrx_word' id='word_1_508' title='bbox 3015 5135 3436 5204; x_wconf 85' lang='lat' dir='ltr'><strong><em>Thaumaturgus</em></strong></span> <span class='ocrx_word' id='word_1_509' title='bbox 3484 5131 3726 5202; x_wconf 88' lang='lat' dir='ltr'><strong><em>aliique;</em></strong></span> 
     </span>
    </p>
   </div>
   <div class='ocr_carea' id='block_1_77' title="bbox 2221 5333 3718 5412">
    <p class='ocr_par' dir='ltr' id='par_1_77' title="bbox 2221 5333 3718 5412">
     <span class='ocr_line' id='line_1_77' title="bbox 2221 5333 3718 5412; baseline -0.003 -17"><span class='ocrx_word' id='word_1_510' title='bbox 2221 5340 2293 5412; x_wconf 82' lang='lat'><strong><em>(8)</em></strong></span> <span class='ocrx_word' id='word_1_511' title='bbox 2334 5339 2496 5403; x_wconf 87' lang='lat' dir='ltr'><strong><em>Bull.,</em></strong></span> <span class='ocrx_word' id='word_1_512' title='bbox 2541 5337 2720 5391; x_wconf 78' lang='lat' dir='ltr'><strong><em>Judic.</em></strong></span> <span class='ocrx_word' id='word_1_513' title='bbox 2766 5333 2914 5390; x_wconf 80' lang='lat' dir='ltr'><strong><em>Eccl.</em></strong></span> <span class='ocrx_word' id='word_1_514' title='bbox 2951 5336 3112 5402; x_wconf 84' lang='lat' dir='ltr'><strong><em>catlt.,</em></strong></span> <span class='ocrx_word' id='word_1_515' title='bbox 3145 5351 3264 5406; x_wconf 89' lang='lat' dir='ltr'><strong><em>cap.</em></strong></span> <span class='ocrx_word' id='word_1_516' title='bbox 3305 5336 3362 5401; x_wconf 80' lang='lat'><strong><em>3,</em></strong></span> <span class='ocrx_word' id='word_1_517' title='bbox 3401 5334 3431 5409; x_wconf 61' lang='grc' dir='ltr'>ᾗ</span> <span class='ocrx_word' id='word_1_518' title='bbox 3478 5335 3546 5403; x_wconf 87' lang='lat'><strong><em>7,</em></strong></span> <span class='ocrx_word' id='word_1_519' title='bbox 3592 5350 3718 5406; x_wconf 77' lang='lat' dir='ltr'><strong><em>pag.</em></strong></span> 
     </span>
    </p>
   </div>
   <div class='ocr_carea' id='block_1_78' title="bbox 2224 5449 3720 5562">
    <p class='ocr_par' dir='ltr' id='par_1_78' title="bbox 2224 5449 3720 5562">
     <span class='ocr_line' id='line_1_78' title="bbox 2224 5449 3720 5562; baseline -0.003 -28"><span class='ocrx_word' id='word_1_520' title='bbox 2337 5479 2546 5562; x_wconf 53' lang='grc' dir='ltr'><strong><em>ὒυόνς3</em></strong></span> <span class='ocrx_word' id='word_1_521' title='bbox 2578 5475 2802 5531; x_wconf 89' lang='lat' dir='ltr'><strong><em>Dissert.</em></strong></span> <span class='ocrx_word' id='word_1_522' title='bbox 2842 5477 2983 5548; x_wconf 84' lang='lat' dir='ltr'><strong><em>sing.</em></strong></span> <span class='ocrx_word' id='word_1_523' title='bbox 3027 5476 3093 5531; x_wconf 89' lang='lat' dir='ltr'><strong><em>ad</em></strong></span> <span class='ocrx_word' id='word_1_524' title='bbox 3126 5493 3249 5548; x_wconf 89' lang='lat' dir='ltr'><strong><em>opp.</em></strong></span> <span class='ocrx_word' id='word_1_525' title='bbox 3284 5449 3478 5531; x_wconf 74' lang='lat' dir='ltr'><strong><em>Pearc.</em></strong></span> <span class='ocrx_word' id='word_1_526' title='bbox 3500 5491 3624 5545; x_wconf 86' lang='lat' dir='ltr'><strong><em>cap.</em></strong></span> <span class='ocrx_word' id='word_1_527' title='bbox 3665 5476 3720 5540; x_wconf 88' lang='lat'><strong><em>6,</em></strong></span> 
     </span>
    </p>
   </div>
   <div class='ocr_carea' id='block_1_79' title="bbox 2158 5551 3725 5694">
    <p class='ocr_par' dir='ltr' id='par_1_79' title="bbox 2158 5551 3725 5694">
     <span class='ocr_line' id='line_1_79' title="bbox 2158 5551 3725 5694; baseline -0.003 -21"><span class='ocrx_word' id='word_1_528' title='bbox 2158 5551 2612 5694; x_wconf 38' lang='grc' dir='ltr'><strong><em>ξέῗὸῖὶῖᾚιέιξιί,</em></strong></span> <span class='ocrx_word' id='word_1_529' title='bbox 2663 5617 3013 5694; x_wconf 33' lang='grc' dir='ltr'>Μέιιιη-ςςςιη</span> <span class='ocrx_word' id='word_1_530' title='bbox 3068 5633 3197 5672; x_wconf 63' lang='lat' dir='ltr'><strong><em>tom.</em></strong></span> <span class='ocrx_word' id='word_1_531' title='bbox 3249 5615 3341 5681; x_wconf 78' lang='grc' dir='ltr'>ιν,</span> <span class='ocrx_word' id='word_1_532' title='bbox 3393 5625 3506 5671; x_wconf 80' lang='lat' dir='ltr'><strong><em>not.</em></strong></span> <span class='ocrx_word' id='word_1_533' title='bbox 3553 5617 3583 5670; x_wconf 74' lang='grc' dir='ltr'><strong><em>ι</em></strong></span> <span class='ocrx_word' id='word_1_534' title='bbox 3623 5629 3725 5670; x_wconf 78' lang='lat' dir='ltr'><strong><em>sur</em></strong></span> 
     </span>
    </p>
   </div>
   <div class='ocr_carea' id='block_1_80' title="bbox 2155 5689 2956 5759">
    <p class='ocr_par' dir='ltr' id='par_1_80' title="bbox 2155 5689 2956 5759">
     <span class='ocr_line' id='line_1_80' title="bbox 2155 5689 2956 5759; baseline -0.009 -12"><span class='ocrx_word' id='word_1_535' title='bbox 2155 5689 2288 5747; x_wconf 81' lang='lat' dir='ltr'><strong><em>Paul</em></strong></span> <span class='ocrx_word' id='word_1_536' title='bbox 2317 5689 2382 5742; x_wconf 73' lang='lat' dir='ltr'><strong><em>&#39;de</em></strong></span> <span class='ocrx_word' id='word_1_537' title='bbox 2418 5689 2652 5752; x_wconf 62' lang='lat' dir='ltr'><strong><em>Samos,</em></strong></span> <span class='ocrx_word' id='word_1_538' title='bbox 2683 5705 2802 5759; x_wconf 85' lang='lat' dir='ltr'><strong><em>pag.</em></strong></span> <span class='ocrx_word' id='word_1_539' title='bbox 2837 5689 2956 5742; x_wconf 71' lang='grc'>6156.</span> 
     </span>
    </p>
   </div>
   <div class='ocr_carea' id='block_1_81' title="bbox 2228 5756 3479 5833">
    <p class='ocr_par' dir='ltr' id='par_1_81' title="bbox 2228 5756 3479 5833">
     <span class='ocr_line' id='line_1_81' title="bbox 2228 5756 3479 5833; baseline -0.003 -18"><span class='ocrx_word' id='word_1_540' title='bbox 2228 5760 2336 5833; x_wconf 87' lang='lat' dir='ltr'><strong><em>(ll)</em></strong></span> <span class='ocrx_word' id='word_1_541' title='bbox 2377 5759 2599 5827; x_wconf 81' lang='lat' dir='ltr'><strong><em>Euscb.,</em></strong></span> <span class='ocrx_word' id='word_1_542' title='bbox 2637 5756 2778 5814; x_wconf 57' lang='lat' dir='ltr'><strong><em>Hist&#39;.</em></strong></span> <span class='ocrx_word' id='word_1_543' title='bbox 2812 5759 2963 5826; x_wconf 86' lang='lat' dir='ltr'><strong><em>eccl.,</em></strong></span> <span class='ocrx_word' id='word_1_544' title='bbox 2993 5758 3084 5814; x_wconf 91' lang='lat' dir='ltr'><strong><em>lib.</em></strong></span> <span class='ocrx_word' id='word_1_545' title='bbox 3114 5772 3212 5827; x_wconf 83' lang='lat' dir='ltr'><strong><em>vn,</em></strong></span> <span class='ocrx_word' id='word_1_546' title='bbox 3236 5772 3355 5827; x_wconf 87' lang='lat' dir='ltr'><strong><em>cap.</em></strong></span> <span class='ocrx_word' id='word_1_547' title='bbox 3392 5756 3479 5811; x_wconf 69' lang='lat'><strong><em>28.</em></strong></span> 
     </span>
    </p>
   </div>
   <div class='ocr_carea' id='block_1_82' title="bbox 3739 5231 3748 5292">
    <p class='ocr_par' dir='ltr' id='par_1_82' title="bbox 3739 5231 3748 5292">
     <span class='ocr_line' id='line_1_82' title="bbox 3739 5231 3748 5292; baseline 0 0"><span class='ocrx_word' id='word_1_548' title='bbox 3739 5231 3748 5292; x_wconf 69' lang='grc' dir='ltr'><strong><em>ἓ</em></strong></span> 
     </span>
    </p>
   </div>
  </div>
