3942 6346
215 360 313 418 315

933 355 1348 416 MALCHIONIS
1385 359 1720 418 EPISTOLA
1754 359 2033 416 CONTRA
2067 359 2354 416 PAULUM
2408 355 2748 412 SAMOSAT.

3347 361 3454 416 250

217 492 447 547 quorum
471 485 656 531 tamen
694 477 833 532 alter
875 488 1104 532 mortem
1139 476 1472 547 oppetierat,
1507 493 1618 547 quo
1654 488 1789 532 tem-
1816 483 1862 539 Α
1890 475 2173 530 Fabricius
2217 473 2352 541 (16),
2399 473 2493 542 qui
2538 469 2848 540 Hieronymi
2899 469 3272 525 auctoritatem
3312 489 3454 542 quo-

220 583 341 636 pore
373 577 564 622 coacta
596 567 698 622 fuit
721 576 1021 636 postrema;
1047 569 1182 624 alter
1203 585 1330 624 vero
1352 570 1406 624 in
1427 569 1670 640 ejusdem
1697 587 1787 624 ac-

222 663 285 713 tis
310 659 564 728 nuspiam
609 669 905 728 comparet,
935 668 1050 714 tum
1077 671 1132 715 et
1178 661 1292 730 ipse
1325 661 1556 717 fortasse
1588 661 1785 716 defun-

223 766 352 805 ctus.
380 749 655 804 Nimirum
694 751 746 804 in
783 752 961 820 priore
980 790 995 814 ,
1021 767 1168 807 anno
1195 750 1397 807 Christi
1433 769 1622 808 ccutv
1651 756 1789 809 cele-

223 843 390 904 brata,
420 841 818 897 Samosatenus
857 843 1126 912 dogmatis
1162 843 1248 898 sui
1286 843 1576 898 novitatem
1603 845 1787 900 occul-

225 942 330 985 tare
357 933 594 986 adnisus
613 973 628 996 ,
663 933 930 986 indemnis
952 932 1162 998 evasit;
1192 933 1247 986 in
1275 935 1576 1002 posteriore
1607 943 1786 988 autem

222 1022 359 1076 circa
393 1037 607 1075 annum
652 1037 822 1076 cccxx
879 1023 1082 1087 habita,
1109 1023 1362 1080 Ecclesia:
1407 1025 1790 1078 communione

221 1113 543 1167 interdictus
573 1123 738 1183 atque
769 1114 836 1168 ab
864 1115 1157 1184 episcopali
1192 1116 1320 1171 sede
1347 1115 1590 1186 dejectus
1621 1115 1791 1173 fuisse

219 1204 555 1272 perhibetur.

283 1295 367 1348 ul.
413 1294 686 1350 Damnato
736 1296 918 1366 itaque
964 1296 1130 1353 Paulo
1179 1309 1233 1354 et
1277 1299 1488 1356 Domno
1533 1301 1788 1368 suﬂ‘ecto,

217 1388 404 1441 Patres
434 1385 760 1442 Antiocheni
784 1405 974 1452 unum,
1003 1391 1080 1443 ait
1109 1388 1377 1446 Eusebius
1402 1393 1536 1462 (12),
1560 1408 1625 1448 ex
1653 1410 1793 1446 com-

217 1483 358 1533 muni
388 1481 654 1534 sententia
682 1479 751 1534 ad
786 1480 1098 1550 Dionysium
1139 1463 1391 1538 Romana:
1417 1486 1562 1539 urbis
1580 1481 1794 1554 'episco-

216 1594 334 1645 plus
359 1584 415 1630 et
436 1577 509 1629 ad
547 1573 842 1628 Maximum
869 1575 1290 1630 Alexandrinum
1324 1579 1646 1648 scripserunt
1678 1581 1790 1648 epi-

215 1669 431 1722 stolam.
484 1667 642 1722 llatic
685 1676 864 1721 autem
909 1668 1190 1738 epistolam
1235 1670 1552 1739 synodicam
1602 1671 1793 1727 litteris

1885 568 2177 623 dammodo
2231 566 2444 620 elevare
2505 563 2943 634 aggrediuntur:
3005 563 3129 617 licet
3186 565 3456 632 posterior

1886 661 2080 716 melius
2133 659 2453 724 consultus,
2521 655 2842 712 sententiam
2892 655 3147 724 deinceps
3201 657 3452 721 mutarit,

1887 753 2240 809 Malchionem
2289 749 2536 820 ejusdem
2578 748 2820 815 epistolae
2859 747 3130 818 synodica:
3178 758 3454 802 auctorem

1888 861 2187 918 agnoscens
2229 844 2364 914 (17).
2415 841 2475 895 ln
2519 856 2682 908 quam
2719 841 2937 909 quidem
2969 839 3287 892 sententiam
3333 856 3458 895 con-

1887 940 2121 995 cessisse
2159 950 2378 1007 quuque
2427 935 2496 1000 cl.
2543 932 2881 986 Harduinnm
2915 930 3048 1002 (18),
3087 934 3226 988 duce
3270 935 3456 1002 procul
3511 935 3514 939 ’

1888 1032 2051 1087 duhin
2083 1029 2434 1100 Hieronymo,
2471 1027 2744 1081 novimus.
2961 1035 2990 1062 ο

1958 1124 2258 1188 (laterum,
2293 1136 2418 1176 cum
2448 1119 2627 1173 tradat
2662 1117 2926 1172 Eusebius
2953 1118 3084 1187 (19),
3122 1127 3456 1186 postremum

1889 1214 2038 1270 istud
2087 1193 2488 1267 Antiochenum
2559 1210 2851 1264 concilium
2906 1209 3234 1264 celebratum
3289 1213 3459 1267 fuisse

1892 1305 2210 1376 temporibus
2270 1302 2544 1356 Aureliani
2603 1302 2969 1370 imperatoris,
3018 1316 3179 1369 quem
3240 1304 3458 1370 quidem

1890 1413 2034 1454 anno
2057 1413 2227 1453 ccux
2255 1397 2400 1451 circa
2425 1410 2664 1450 mensem
2702 1395 2936 1464 Aprilem
2982 1392 3208 1448 Claudio
3256 1394 3298 1448 ll
3332 1413 3459 1452 suc-

1891 1491 2122 1546 cessisse
2149 1505 2272 1545 cum
2305 1487 2652 1542 Tillemontio
2680 1485 2792 1557 (‘20)
2821 1501 3108 1540 censemus
3133 1504 3146 1552 ;
3180 1496 3460 1556 propterea

1891 1585 2078 1638 eodem
2101 1597 2244 1637 anno
2265 1590 2518 1636 currente
2541 1573 2896 1649 perscriptam
2922 1578 3090 1633 fuisse
3114 1595 3143 1632 a
3165 1579 3463 1635 Malchione

1893 1673 2036 1728 hanc
2069 1672 2382 1743 synodieam
2423 1668 2710 1739 epistolam
2746 1668 3153 1735 existimamus,
3180 1685 3302 1723 cum
3341 1669 3463 1724 Dio-

215 1760 579 1829 consignasse
614 1757 970 1812 Malchionem
997 1797 1012 1821 ,
1038 1759 1194 1814 testis
1223 1769 1306 1813 est
1338 1759 1644 1816 luculentus
1678 1761 1795 1816 Ilie-
1827 1826 1864 1836 Ἀ
1895 1765 2035 1836 nysii
2066 1763 2296 1818 Romani
2325 1762 2596 1832 pontiﬁcis
2623 1760 2806 1816 obitus
2844 1761 3094 1814 nuntium
3120 1761 3462 1816 Antiochiam

217 1869 482 1922 ronymus
522 1851 635 1922 (l3)
664 1869 678 1905 :
711 1850 814 1905 Sed
849 1863 897 1905 et
940 1852 1050 1905 alia
1070 1892 1085 1915 ,
1112 1853 1306 1923 inquit,
1329 1855 1544 1922 grandis
1573 1856 1795 1923 epistola
1827 1850 1867 1879 ⁸)
1897 1855 2137 1909 nondum
2169 1854 2522 1924 pervenisset.

215 1959 273 1997 cz
308 1959 550 2010 persona
591 1943 815 2012 synodi,
846 1943 909 1995 ab
947 1958 1006 1996 eo
1047 1944 1244 2013 scripta
1287 1943 1357 1997 ad
1397 1945 1705 2016 Dionysium
1745 1955 1795 2000 et

219 2034 543 2100 laciniam,
567 2033 820 2088 Romana:
843 2045 892 2088 et
913 2035 1293 2091 Alexandrina
1314 2035 1564 2092 Ecclesia:
1590 2039 1793 2108 episco-

215 2145 324 2194 pos,
354 2128 646 2196 dirigitur.
677 2125 859 2196 Neque
891 2127 1089 2181 mirum
1115 2144 1276 2192 sane,
1306 2130 1577 2185 antistites
1608 2131 1798 2185 Antio-

216 2223 418 2274 aenos
455 2220 514 2273 id
547 2220 792 2273 muneris
819 2218 1107 2275 Malehioni
1136 2223 1418 2285 detulisse,
1441 2225 1558 2278 viro
1589 2225 1799 2279 scilicet

215 2311 624 2376 disertissimo;
665 2310 867 2380 quique
895 2321 1136 2382 suscepta
1170 2315 1524 2382 disputatione
1551 2314 1798 2370 adversus

221 2403 494 2467 Paulum,
540 2412 602 2456 ut
653 2403 844 2458 scribit
888 2403 1154 2461 Eusebius
1189 2407 1323 2477 (14),
1369 2407 1514 2462 solus
1566 2408 1798 2461 omnium

219 2495 452 2548 occultos
487 2496 716 2549 hominis
759 2513 938 2550 sensus
974 2493 1288 2567 fraudesque
1325 2498 1557 2568 detegere
1589 2499 1798 2562 valuit;

222 2596 278 2640 ut
314 2597 609 2657 propterea
654 2587 878 2642 minime
914 2588 1168 2643 audiendi
1203 2590 1314 2644 sint
1350 2588 1562 2644 Caveus
1595 2587 1709 2659 (l5)
1744 2597 1798 2643 et

1965 1946 2136 2002 Porro
2165 1945 2434 2016 ejusmodi
2468 1941 2854 1998 ecclesiastica:
2883 1942 3225 2012 antiquitatis
3266 1959 3464 1996 monu-

1897 2047 2140 2092 mentum
2172 2051 2238 2090 ex
2276 2034 2511 2090 Eusebio
2541 2032 2832 2087 Valesiano
2866 2033 3284 2102 descripsimus.
3313 2036 3465 2089 addi--

1898 2130 1970 2184 tis
1994 2143 2212 2198 quoque
2246 2126 2561 2197 fragmentis
2585 2126 2850 2195 ejusdem,
2882 2134 2941 2178 ut
2967 2126 3198 2191 videtur,
3226 2128 3466 2196 epistola;

1897 2238 2018 2290 quae
2071 2221 2212 2292 apud
2275 2219 2563 2274 Leontium
2618 2213 2943 2290 Byzantium
2998 2230 3282 2274 servantur
3328 2219 3464 2290 (21).

1896 2313 2162 2368 Prteterea
2213 2311 2545 2380 subiecimus
2593 2327 2658 2365 ex
2710 2311 2897 2365 eodem
2943 2307 3170 2365 Leontio
3216 2321 3269 2366 et
3306 2310 3468 2366 Petro

1897 2406 2137 2462 Diacono
2172 2404 2307 2476 (2‘2),
2339 2419 2460 2474 qua:
2507 2411 2766 2473 superant
2800 2417 2868 2457 ex
2911 2403 3061 2458 Actis
3087 2403 3469 2473 disputationis

1899 2499 2094 2553 habita;
2134 2513 2164 2552 a
2216 2497 2521 2552 Malchione
2567 2507 2759 2554 contra
2807 2499 3264 2564 Samosatenum,
3310 2497 3468 2568 cujus

1895 2593 2062 2664 paulo
2092 2602 2216 2646 ante
2239 2593 2609 2648 meminimus.

1313 2971 2288 3104 MALCHIONIS

673 3229 1271 3328 ECCLESIIE
1375 3227 2201 3321 ANTIOCHENE
2278 3229 2890 3320 PRESBYTE
2915 3230 3028 3317 BI

1516 3441 2208 3556 EPISTOLA

450 3668 547 3726 Ex
586 3680 856 3744 persona
889 3661 1306 3726 Antiochense
1355 3661 1590 3743 synodi
1648 3661 2021 3742 perscripta,
2082 3662 2390 3725 adversus
2433 3664 2702 3727 Paulum
2739 3666 3245 3728 Samo'satenum.

1184 4121 1336 4189 Apud
1367 4119 1655 4175 Eusebium
1702 4118 1848 4174 Hist.
1892 4119 2017 4175 cccl.
2047 4119 2138 4174 lib.
2169 4133 2265 4183 vn,
2291 4136 2406 4189 cap.
2431 4119 2520 4174 50.

297 4233 566 4302 Διονυσίῳ
594 4233 688 4286 καὶ
717 4231 954 4302 Μαξίμῳ
982 4232 1076 4285 καὶ
1106 4234 1219 4295 τοῖς
1246 4231 1386 4285 κατὰ
1416 4231 1516 4302 τὴν
1555 4229 1800 4301 οἱκουμέ·

1978 4230 2234 4303 Dionysio
2273 4240 2327 4286 et
2356 4230 2614 4294 Maximo,
2647 4241 2701 4283 et
2726 4229 2982 4284 omnibus
3024 4245 3118 4299 per
3157 4229 3479 4285 universum

230 4347 327 4400 νην
359 4329 500 4380 πᾶσι
528 4325 956 4396 συλλειτουργοίς
987 4323 1144 4394 ἡμῶν
1175 4322 1492 4387 ἐπισκόποις
1525 4323 1618 4376 καὶ
1649 4338 1810 4394 πρεσ-

232 4422 484 4492 ϐυτέροις
511 4419 607 4471 καὶ
637 4417 932 4480 διακόνοιςο
968 4417 1060 4470 καὶ
1089 4416 1235 4488 πάσῃ
1274 4418 1342 4486 τῇ
1385 4417 1488 4469 ὑπὸ
1521 4417 1612 4469 τὸν
1642 4417 1810 4488 οὐρα-

231 4517 317 4567 νὸν
357 4513 629 4583 καθολικῇ
674 4509 986 4581 Ἐκκλησίᾳ,
1015 4510 1233 4573 Ἕλενος
1264 4509 1360 4563 καὶ
1405 4509 1690 4579 Ὑμέναιος
1721 4509 1813 4562 καὶ

231 4607 495 4676 Θεόφιλος
525 4605 622 4657 καὶ
648 4603 937 4666 Θεότεκνος
971 4603 1064 4656 καὶ
1092 4602 1371 4672 Μάξιμος’
1407 4601 1646 4672 Πρόκλος
1669 4618 1683 4631 ο
1718 4603 1814 4654 Νι-

233 4700 414 4769 κόμας
441 4698 540 4751 καὶ
567 4694 814 4757 Αἱλιανός
860 4693 1008 4761 (25)'
1053 4693 1148 4745 καὶ
1186 4691 1396 4755 Παῦλος
1431 4693 1525 4745 καὶ
1569 4690 1814 4756 Βώλανος

236 4790 330 4842 καὶ
365 4786 728 4859 Πρωτογένης
759 4785 853 4837 καὶ
896 4782 1066 4855 Ἱέραξ
1090 4783 1184 4836 καὶ
1213 4780 1470 4851 Εὑτύχιος
1495 4782 1590 4836 καὶ
1614 4782 1817 4851 Θεόδῳ-

237 4897 330 4950 ρος
360 4878 458 4932 καὶ
487 4875 748 4944 Μαλχίων
788 4873 882 4926 καὶ
913 4871 1138 4935 Λούκιος
1161 4888 1174 4900 ·
1207 4871 1302 4924 καὶ
1333 4872 1382 4924 οἱ
1411 4870 1588 4924 λοιποὶ
1618 4872 1816 4936 πάντες

311 5099 426 5166 (1ίὶ)
466 5096 692 5158 Euseb.,
727 5093 864 5166 Hist.
895 5093 1078 5166 eccles.
1112 5092 1212 5146 lib.
1237 5108 1336 5156 vn,
1373 5106 1495 5166 ca_p.
1523 5090 1617 5148 50.

311 5163 425 5238 (1⁸5)
470 5165 832 5238 llieron.,_De
882 5164 980 5218 t'ir.
1010 5164 1231 5238 illusit,
1264 5179 1386 5232 cap.
1418 5163 1502 5215 Π.

313 5234 427 5306 (Η)
470 5235 766 5306 Euseb.._l.
797 5249 1000 5306 cacap.
1031 5234 1120 5306 29.

470 5287 817 5370 illisi.
846 5287 967 5359 litt.‘
991 5304 1057 5359 ad
1097 5318 1225 5360 ann.
1258 5301 1397 5366 270,
1434 5311 1564 5356 tom.
1607 5298 1661 5366 Ι,
1696 5287 1819 5373 ρας.

245 5378 368 5433 136.

319 5449 430 5519 (l6)
469 5446 687 5503 Fabric.
707 5487 722 5512 ,
753 5444 897 5500 Bibl.
927 5443 1054 5499 ccci.
1079 5444 1135 5499 in
1174 5451 1288 5498 not.
1314 5442 1380 5497 ad
1407 5441 1631 5498 Hieron.
1654 5481 1668 5506 ,
1699 5457 1820 5512 pag.

248 5519 432 5664 ib('1'?)
472 5585 714 5664 Eabr_ic_.,
746 5585 886 5664 Bibl.
911 5582 1003 5664 Gr.
1032 5591 1165 5664 tom.
1191 5582 1283 5664 ξι,
1312 5599 1435 5664 pag.

319 5651 432 5728 (18)
472 5657 764 5720 Harduin.,
796 5655 1007 5710 Concil.
1050 5663 1182 5710 tom.
1217 5653 1273 5720 Ι,
1314 5651 1446 5710 edit.
1485 5651 1669 5709 Venet.
1703 5667 1821 5723 pag.

249 5730 370 5786 9H.
407 5739 520 5782 not.
552 5728 604 5780 1.

318 5799 433 5869 (t9)
457 5793 671 5854 'b‘useb.
705 5796 741 5852 l.
767 5811 814 5853 c.
847 5809 969 5866 cap.
997 5792 1086 5850 30.

1910 4324 2097 4377 orbem
2133 4323 2525 4378 comministris
2560 4322 2792 4385 nostris,
2824 4320 3116 4390 episcopis,
3152 4321 3482 4392 presbyteris

1911 4427 1962 4468 et
1995 4415 2267 4478 diaconis;
2293 4425 2344 4469 et
2367 4414 2632 4468 universae
2654 4407 2908 4468 Ecclesia:
2924 4411 3207 4466 catholica:
3229 4428 3349 4481 quae
3378 4413 3482 4466 sub

1912 4504 2052 4560 c0310
2070 4513 2172 4568 est,
2196 4501 2430 4557 Helenus
2446 4513 2499 4558 et
2529 4500 2870 4574 Hymenaeus,
2890 4500 3240 4570 Theophilus,
3261 4499 3485 4555 Thente-

1915 4594 2363 4661 cnus,.\laximus,
2378 4594 2662 4658 Proculus,
2681 4591 2952 4654 Nicomas,
2972 4591 3239 4651 ASlianns.
3257 4591 3480 4658 Paulus,

1913 4688 2168 4752 Bolanus,
2191 4685 2546 4756 Protogenes,
2570 4684 2790 4746 Hierax,
2817 4683 3136 4752 Eutychius,
3162 4681 3482 4739 Theodorus

1913 4789 1967 4834 et
1995 4779 2264 4834 Malehion
2294 4791 2347 4833 et
2378 4777 2612 4844 Lucius;
2641 4785 2694 4832 et
2721 4776 2912 4846 reliqui
2955 4790 3146 4829 omnes
3177 4775 3268 4844 qui
3300 4776 3483 4831 nobis-

1915 4888 2038 4928 cum
2080 4881 2208 4926 sunt
2241 4871 2544 4926 vicinarum
2582 4869 2799 4923 urbium
2837 4876 2891 4923 et
2931 4866 3334 4940 provinciarum
3363 4869 3484 4937 θρίο-

1919 5154 1925 5160 ,
1997 5090 2102 5158 (ΞΟ)
2141 5089 2352 5144 Tillem.
2372 5130 2386 5150 ,
2416 5086 2558 5141 Hist.
2590 5087 2681 5140 des
2702 5098 2836 5155 etnp.
2859 5126 2873 5152 ,
2901 5095 3033 5141 tom.
3067 5082 3160 5150 ιιι,
3189 5093 3303 5139 not.
3329 5085 3363 5138 3
3389 5099 3486 5140 sur

1918 5162 2128 5225 Aurel.,
2161 5177 2280 5228 pag.
2305 5160 2428 5213 532.

1985 5223 2343 5299 (Ξιγιᾷεόηι.ζ
2358 5229 2508 5299 Byz.,
2540 5227 2634 5281 lib.
2662 5243 2722 5299 n_t
2753 5235 2924 5281 contr.
2952 5223 3326 5299 Nestor.,_stili
3357 5223 3451 5277 fin.

1992 5303 2106 5370 (22)
2145 5299 2290 5356 Petr.
2317 5295 2500 5357 Diae.
2543 5299 2638 5352 lib.
2677 5297 2754 5352 De
2785 5299 3048 5352 incarnat.
3096 5297 3163 5351 ad
3202 5295 3483 5365 Fulgent.,

1923 5370 2498 5510 cafésg'mpumwc.
2522 5439 2577 5493 ln
2607 5441 2794 5495 codice
2820 5436 3044 5498 Mazar.,
3072 5433 3484 5510 FnketJSavil.

1925 5523 1982 5569 et
2005 5505 2144 5568 Med.
2177 5505 2424 5575 Ᾱίλιανὸς
2451 5505 2663 5582 legitur.
2702 5510 2928 5582 Ruﬁnus
2955 5522 3171 5582 quoque
3207 5505 3486 5582 {Elianum

1855 5581 1904 5640 D
1929 5591 2110 5647 vocat,
2135 5592 2296 5654 atque
2343 5581 2413 5635 ita
2450 5576 2561 5636 fere
2592 5579 2929 5654 Nicephorns
2958 5586 3011 5630 et
3034 5576 3344 5654 Syncellus.
3367 5577 3487 5654 (ξω-ο
3567 5643 3580 5654 κ

1933 5665 2108 5710 ternm
2141 5647 2492 5716 Athanasius,
2523 5654 2574 5704 in
2624 5647 2765 5705 libro
2813 5649 2884 5702 De
2929 5648 3142 5716 synodis
3174 5647 3402 5701 Arimini
3437 5657 3490 5701 et

1936 5724 2214 5786 Seleuciw.
2244 5733 2472 5782 testatur
2503 5724 2554 5775 in
2595 5723 2703 5774 hac
2733 5718 2939 5790 synodo
2968 5717 3034 5771 70
3077 5717 3243 5777 fuisse
3279 5719 3492 5787 Patres,

1935 5795 2028 5865 qui
2063 5793 2287 5848 Paulum
2318 5793 2757 5852 Samosatensem
2784 5791 3172 5857 deposuerunt.
3198 5790 3391 5847 γωδ.
