3986 6358
489 382 589 435 251

1679 378 2096 436 ιιιΑιοιιιοΝιε
2133 376 2554 434 ANTIOCHENI

3616 377 3729 434 252

491 501 662 569 scopi,
694 500 994 572 presbyteri
1046 516 1111 557 ac
1142 500 1378 568 diaconi,
1412 510 1467 556 et
1493 500 1747 557 Ecclesiae
1777 501 1893 569 Dei,
1926 501 2040 556 cha'

2155 503 2204 553 οἱ
2236 502 2333 555 σὺν
2358 503 2487 573 ἡμῖν
2525 498 2911 571 παροικοῦντες
2933 496 3034 561 τὰς
3065 495 3232 566 ἔγγὺς
3262 494 3445 559 πόλεις
3475 495 3568 548 καὶ
3594 494 3724 565 ἔθνη

490 590 729 646 rissimis
753 590 1015 648 fratribus
1041 592 1096 646 in
1126 592 1358 646 Domino
1389 592 1640 646 salutem.

2165 591 2451 644 ἐπίσκοποι
2480 591 2576 644 καὶ
2597 586 2951 661 πρεσϐύτεροι
2972 587 3067 642 καὶ
3084 586 3321 642 διάκονοι
3341 603 3355 617 ·
3379 585 3476 639 καὶ
3502 588 3559 640 αἱ
3598 586 3728 638 Ἐκ-

490 679 707 750 κλησίαι
741 681 850 752 (24)
886 682 979 735 τοῦ
1004 681 1160 747 Θεοῦ,
1186 682 1486 752 ἀγαπητοῖς
1514 680 1760 751 ἀδελφοῖς
1786 680 1845 732 ὲν
1867 677 2056 749 Κυρίῳ
2090 678 2317 750 χαίρειν.

560 769 600 826 ι.
634 771 833 825 Paucis
861 773 1045 828 deinde
1072 773 1362 842 interjectis
1392 773 1502 827 hac
1530 771 1883 842 subjungunt:
1907 769 2052 826 Scri-

489 866 701 931 psimus
724 865 887 918 etiam
913 865 980 919 ad
1006 867 1315 935 complures
1338 865 1625 935 episcopos
1649 864 1865 933 longius
1894 862 2053 918 dissi-

490 961 610 1017 tos;
640 967 845 1023 eosque
874 953 1078 1008 hortati
1108 970 1320 1020 sumus,
1347 963 1408 1008 ut
1439 953 1504 1007 ad
1535 951 1769 1007 exitialis
1794 952 2054 1007 doctrinae

488 1044 740 1099 morbum
785 1043 1085 1101 curantium
1125 1045 1460 1101 accederent.
1490 1042 1626 1098 Nam
1670 1050 1723 1098 et
1753 1041 1821 1098 ad
1854 1042 2055 1113 Diony--

489 1135 632 1191 sinm
662 1135 1114 1203 Alexandrinum,
1148 1148 1201 1192 et
1234 1137 1300 1192 ad
1346 1135 1723 1191 Firmilianum
1768 1134 2050 1206 Cappado-

487 1225 586 1280 ciae
601 1226 920 1292 antistitem,
946 1226 1117 1282 beata:
1135 1228 1527 1283 recordationis
1549 1228 1716 1292 viros,
1734 1226 1942 1282 litteras
1955 1225 2050 1280 de-

485 1317 687 1371 dimus.
713 1318 955 1382 Quorum
984 1318 1075 1372 ille
1105 1319 1322 1388 scripsit
1349 1317 1570 1389 quidem
1593 1319 1658 1372 ad
1679 1316 2046 1383 Antiochiam;

485 1409 581 1463 sed
611 1409 816 1464 erroris
848 1410 1040 1465 ducem
1076 1425 1144 1464 ne
1176 1410 1501 1464 salutatione
1537 1409 1759 1479 quidem
1796 1408 2048 1477 dignatus

485 1507 609 1563 est;
653 1514 829 1568 neque
861 1500 930 1553 ad
977 1515 1102 1554 eum
1133 1501 1477 1567 nominatim,
1506 1514 1697 1555 verum
1727 1499 1795 1554 ad
1830 1499 2049 1552 univer-

485 1604 604 1644 sam
634 1589 1083 1646 Antiochensium
1116 1590 1411 1647 Ecclesiam
1438 1592 1649 1645 litteras
1670 1604 1799 1645 suas
1824 1589 2046 1653 direxit,

484 1696 718 1749 quarum
766 1682 928 1736 etiam
975 1684 1284 1753 exemplum
1335 1682 1425 1738 hic
1465 1682 1820 1752 subjecimus.
1848 1680 2048 1735 Firmi-

485 1771 663 1827 lianus
688 1789 817 1829 vero
848 1789 973 1829 cum
1005 1774 1089 1830 bis
1111 1773 1457 1831 Antiochiam
1477 1775 1738 1839 venisset,
1764 1773 2047 1829 damnavit

2235 774 2468 838 Τούτοις
2489 770 2638 841 μετὰ
2661 768 2911 840 βραχέα,
2936 768 3279 838 ἐπιλέγουσι
3310 767 3495 822 ταῦτα
3518 784 3534 798 ο
3572 767 3729 820 Ἐπε-

2159 863 2445 934 στέλλομεν
2493 861 2550 915 δὲ
2593 861 2709 933 ἅμα
2752 860 2845 915 καὶ
2890 858 3308 931 παρεκαλοῦμεν
3356 856 3582 920 πολλοὺς
3625 858 3727 911 καὶ

2154 956 2264 1010 τῶν
2309 954 2522 1028 μακρὰν
2555 952 2887 1018 ἐπισκόπων,
2921 951 3014 1004 ἐπὶ
3044 951 3141 1022 τὴν
3175 949 3469 1021 θεραπείαν
3494 948 3596 1018 τῆς
3626 948 3729 1001 θα-

2156 1048 2458 1120 νατηφόρου
2508 1043 2887 1106 διδασκαλίας·
2936 1042 3123 1115 ὥσπερ
3170 1041 3265 1095 καὶ
3314 1040 3585 1095 Διονύσιον
3630 1038 3728 1092 τὸν

2156 1142 2247 1194 ἐπὶ
2276 1141 2375 1211 τῆς
2411 1137 2811 1209 Ἀλεξανδρείας
2834 1152 2847 1165 ·
2880 1134 2974 1188 καὶ
3011 1132 3354 1204 Φιρμιλιανδν
3374 1132 3464 1185 τὸν
3485 1130 3593 1184 ἀπὸ
3621 1130 3729 1200 τῆς

2153 1231 2565 1296 Καππαδοκίας,
2599 1230 2723 1293 τοὺς
2759 1226 3083 1300 μακαρίτας*
3117 1219 3191 1279 ὧν
3220 1227 3248 1279 ὀ
3283 1225 3379 1296 μὲν
3413 1223 3729 1278 ἐπέστειλεν

2153 1326 2231 1387 είς
2262 1322 2360 1394 τὴν
2407 1320 2753 1391 Ἀντιόχειαν,
2798 1317 2889 1371 τὸν
2930 1315 3172 1388 ἡγεμόνα
3205 1314 3305 1385 τῆς
3349 1314 3558 1386 πλάνης
3598 1315 3728 1370 οὐδὲ

2152 1415 2507 1487 προσρήσεως
2544 1409 2781 1498 ἀξιώσας
2800 1428 2814 1441 ’
2860 1410 2981 1464 οὐδὲ
3014 1407 3152 1478 πρὸς
3183 1407 3473 1498 πρόσωπον
3504 1407 3728 1479 γράψας

2154 1507 2301 1579 αὐτῷ
2332 1505 2465 1577 (25),
2488 1503 2624 1559 ἀλλὰ
2654 1507 2719 1576 τῇ
2741 1494 3024 1574 ’παροικίᾳ
3054 1500 3235 1572 πάσῃ·
3260 1494 3328 1572 ἧς
3354 1501 3449 1554 καὶ
3484 1503 3544 1553 τὸ
3574 1501 3729 1554 ἀντί-

2153 1617 2362 1673 γραφον
2387 1595 2751 1668 ὑπετάξαμεν.
2796 1595 2854 1648 '0
2895 1594 2952 1647 δὲ
2983 1592 3331 1665 Φιρμιλιανὸς
3357 1593 3452 1645 καὶ
3487 1592 3569 1656 δὶς
3594 1592 3729 1662 ἀφι-

2155 1695 2402 1766 κόμενος,
2428 1690 2671 1759 κατέγνω
2696 1687 2796 1759 μὲν
2816 1685 2925 1740 τῶν
2958 1684 3167 1738 ἐκείνου
3199 1682 3725 1754 καινοτομουμένων,

2154 1786 2229 1850 ὡς
2282 1785 2438 1854 ἴσμεν
2483 1782 2577 1835 καὶ
2627 1778 3005 1852 μαρτυροῦμεν
3049 1777 3101 1830 οἱ
3142 1774 3590 1849 παραγενόμενοι,
3625 1774 3729 1828 καὶ

484 1863 702 1931 quidem
744 1864 1011 1935 dogmatis
1055 1866 1123 1920 ab
1158 1867 1249 1920 illo
1288 1866 1486 1921 invecti
1531 1865 1851 1930 novitatem,
1881 1872 1942 1919 ut
1965 1873 2040 1919 te~

2155 1882 2301 1941 ἄλλοι
2334 1874 2519 1930 πολλο)⁸
2550 1874 2825 1929 συνίσασιν
2841 1887 2858 1901 ο
2892 1867 3359 1940 ἐπαγγειλαμένου
3392 1867 3449 1920 δὲ
3485 1863 3729 1937 μεταθή-

484 1963 694 2008 stamur
721 1970 822 2010 nos
848 1956 943 2025 qui
979 1954 1275 2021 adfuimus,
1304 1964 1359 2010 et
1384 1950 1475 2010 alii
1510 1955 1695 2025 plures
1722 1953 1947 2024 perinde
1982 1969 2047 2009 ac

482 2060 583 2100 nos
607 2046 812 2115 optime
834 2056 1053 2103 norunt.
1080 2046 1183 2104 Sed
1207 2063 1333 2103 cum
1357 2048 1446 2102 ille
1469 2055 1806 2102 mutaturum
1833 2059 1891 2100 se
1917 2060 2043 2100 sen-

485 2134 706 2188 tentiam
753 2137 1122 2205 promisisset;
1153 2138 1380 2193 credens
1411 2138 1464 2192 ei
1513 2136 1886 2203 Firmilianus,
1922 2151 2045 2206 spe-

482 2238 723 2292 ransque
762 2224 881 2280 sine
910 2226 1020 2281 ullo
1067 2227 1347 2297 religionis
1397 2238 1598 2282 nostrae
1642 2226 1843 2296 probro
1883 2234 2047 2295 atque

481 2314 767 2382 dispendio
796 2330 909 2370 rem
938 2317 1142 2387 optime
1169 2332 1330 2387 posse
1359 2316 1640 2383 constitui,
1671 2315 1882 2371 distulit
1916 2330 2045 2370 sen-

480 2404 705 2458 tentiam
748 2420 937 2472 suam;
982 2406 1239 2477 deceptus
1283 2407 1492 2463 scilicet
1536 2407 1605 2462 ab
1649 2406 1906 2470 homine,
1949 2405 2044 2474 qui

480 2491 651 2547 Deum
699 2510 762 2550 ac
819 2495 1108 2551 Dominum
1157 2512 1316 2552 suum
1363 2497 1613 2568 negabat,
1644 2505 1699 2551 et
1742 2496 1836 2566 qui
1886 2495 2044 2551 ﬁdem

480 2599 644 2651 quam
688 2594 845 2641 antea
891 2587 1244 2656 proﬁtebatur
1286 2588 1602 2643 violaverat.
1634 2585 1790 2640 Nunc
1829 2600 2047 2656 quoque

477 2677 825 2732 Antiochiam
862 2688 1122 2735 venturus
1150 2689 1266 2735 erat
1293 2679 1667 2743 Firmilianus,
1689 2685 1743 2732 et
1766 2676 1881 2747 jam
1910 2674 2048 2729 Tar-

478 2777 599 2816 sum
626 2779 798 2834 usque
824 2779 1174 2837 pervenerat;
1209 2768 1407 2838 quippe
1435 2768 1836 2838 improbitatem
1865 2767 2046 2821 homi-

478 2853 565 2907 nis
594 2853 764 2910 Deum
795 2860 1046 2929 negantis
1089 2869 1247 2915 antea
1276 2859 1453 2914 fuerat
1474 2867 1752 2929 expertus.
1782 2856 1887 2913 Sed
1916 2873 2040 2913 cum

480 2960 582 3000 nos
602 2946 715 3016 jam
745 2952 1212 3017 eonvenissemus,
1249 2952 1457 3007 interea
1483 2952 1589 3006 loci
1612 2952 1741 3006 dum
1766 2951 1918 3006 illum
1950 2965 2042 3006 ac-

2151 1973 2361 2037 σεσθαι,
2402 1965 2700 2027 πιστεύσας
2739 1963 2834 2017 καὶ
2875 1960 3100 2024 ἐλπίσας
3140 1959 3268 2014 ἄνευ
3299 1957 3445 2021 τινὸς
3471 1957 3600 2029 περὶ
3626 1956 3729 2010 τὸν

2149 2068 2307 2137 λόγον
2334 2058 2599 2130 λοιδορίας
2631 2054 2742 2127 (26)
2773 2054 2834 2106 τὸ
2868 2054 3100 2124 πρᾶγμα
3125 2051 3203 2113 είς
3240 2048 3357 2102 δέον
3381 2049 3728 2120 καταστήσε-

2153 2160 2299 2221 σθαι,
2332 2152 2620 2209 ἀνεϐάλετο
2663 2143 3102 2219 παρακρουσθεὶς
3140 2143 3231 2196 ὑπ’
3280 2140 3445 2197 αὐτοῦ
3492 2141 3584 2196 τοῦ
3623 2142 3730 2197 καὶ

2148 2252 2240 2304 τὸν
2289 2246 2421 2302 Θεὸν
2467 2243 2558 2297 τὸν
2600 2237 2794 2294 ἑαυτοῦ
2836 2237 2930 2289 καὶ
2973 2234 3175 2306 Κύριον
3218 2232 3571 2305 ἀρνουμένου,
3617 2232 3722 2287 καὶ

2151 2343 2247 2414 τὴν
2278 2340 2461 2392 πίστιν
2486 2336 2554 2406 ἢν
2586 2331 2681 2386 καὶ
2709 2328 2869 2391 αὐτὸς
2902 2326 3163 2398 πρότερον
3199 2320 3313 2395 εἶχε
3352 2323 3426 2396 μὴ
3455 2322 3727 2394 φυλάξαν-

2149 2450 2261 2496 τος.
2294 2427 2525 2500 Ἔμελλε
2566 2423 2623 2477 δὲ
2656 2422 2751 2476 καὶ
2782 2417 2873 2472 νῦν
2904 2420 2932 2472 ὁ
2965 2417 3310 2491 Φιρμιλιανδς
3342 2419 3422 2480 είς
3449 2417 3549 2489 τὴν
3592 2418 3721 2469 Ἀν-

2147 2524 2386 2594 τιόχειαν
2429 2514 2812 2588 διαϐήσεσθαι·
2854 2512 2949 2565 καὶ
2997 2510 3159 2581 μέχρι.
3202 2526 3265 2579 γε
3300 2509 3530 2581 Ταρσῶν
3560 2504 3723 2581 ἧκεν,

2151 2615 2246 2670 ἆτε
2274 2613 2371 2685 τῆς
2418 2606 2740 2682 ἀρνησιθέου
2785 2601 2947 2658 αὐτοῦ
2978 2600 3175 2665 κακίας
3215 2604 3408 2673 πεῖραν
3440 2600 3679 2671 εἰληφώς
3708 2617 3722 2628 ·

2150 2706 2285 2763 ἀλλὰ
2315 2705 2424 2777 γὰρ
2466 2699 2667 2774 μεταξὺ
2694 2694 3125 2767 συνεληλυθότων
3160 2696 3193 2765 ἠ
3204 2692 3319 2765 μῶν
3361 2694 3451 2747 καὶ
3494 2693 3725 2747 καλούν-

2147 2816 2254 2852 των
2287 2796 2379 2850 καὶ
2409 2790 2782 2865 ἀναμενόντων
2822 2787 2979 2858 ἄχρις
3019 2784 3084 2839 ἂν
3114 2782 3260 2858 ἔλθῃ,
3289 2783 3438 2848 τέλος
3466 2783 3591 2855 ἔσχε
3621 2782 3724 2837 τοῦ

2149 2889 2289 2960 βίου.

475 3043 764 3108 cersimus,
789 3044 917 3098 dum
959 3047 1079 3116 ejus
1112 3048 1401 3101 adventum
1425 3054 1828 3115 exspectamus,
1857 3044 1989 3100 abiit
2014 3059 2045 3100 e
2076 3044 2207 3100 vita.

546 3135 611 3188 ΙΙ.
651 3134 849 3198 Deinde
891 3136 1049 3205 paulo
1091 3146 1228 3205 post,
1267 3137 1562 3206 cujusmodi
1603 3137 1765 3206 fuerit
1805 3135 2044 3190 'Itominis

473 3229 604 3288 vita,
638 3236 899 3296 exponunt
930 3228 1011 3280 his
1041 3230 1205 3281 verbis
1226 3249 1246 3284 :
1272 3226 1375 3284 Sed
1408 3228 1666 3299 quoniam
1717 3243 1749 3282 a
1786 3225 1913 3282 ﬁdei
1952 3242 2043 3282 reo

2220 3134 2358 3189 Μεθ’
2383 3132 2553 3200 ἕτερα
2568 3130 2621 3184 δ’
2632 3127 2805 3195 αὖθις
2816 3127 3075 3193 τὸνβίον
3085 3124 3190 3180 τοῦ
3205 3123 3390 3180 αὐτοῦ
3404 3127 3535 3192 οἵας
3546 3127 3721 3198 ἐτύςι

2151 3240 2338 3296 laver
2364 3221 3070 3293 ἀωγῆςβιαγράφσυσηλ
3098 3217 3435 3284 ὲντούτοις·
3477 3218 3614 3271 ὅπου
3657 3219 3719 3274 δι

474 3320 598 3390 gula
641 3320 921 3386 recedens,
963 3321 1031 3375 ad
1074 3321 1315 3390 spuriam
1350 3331 1405 3376 et
1444 3321 1806 3375 adulterinam
1839 3319 2040 3375 doctri-

2147 3314 2386 3378 ἀποστὰς
2418 3313 2509 3367 τοῦ
2535 3314 2756 3376 κανόνος
2783 3312 2891 3384 (27)
2936 3312 3028 3367 ἐπὶ
3065 3308 3287 3380 κίϐδηλα
3341 3308 3433 3362 καὶ
3473 3307 3603 3362 νόθα
3637 3309 3692 3363 δι

474 3428 599 3466 nam
642 3428 700 3466 se
733 3412 1026 3477 transtulit,
1055 3414 1291 3469 hominis
1325 3414 1394 3468 ab
1438 3412 1681 3468 Ecclesia
1706 3413 1869 3469 alieni
1892 3422 2044 3469 actus

484 3505 801 3559 examinare
860 3504 992 3558 nihil
1040 3506 1232 3561 attinet
1268 3523 1283 3561 :
1324 3520 1499 3576 neque
1542 3505 1687 3576 quod
1720 3521 1844 3562 cum
1886 3516 2044 3563 antea

410 3618 419 3621 Α
473 3612 681 3666 pauper
709 3611 773 3651 ac
796 3597 1079 3652 mendicus
1106 3606 1273 3664 esset,
1307 3613 1407 3653 nec
1449 3598 1588 3653 ullas
1611 3598 1839 3653 omnino
1870 3598 2044 3654 facul-

474 3693 612 3740 tates
642 3696 735 3740 aut
766 3701 795 3740 a
821 3688 1136 3756 parentibus
1164 3687 1381 3741 relictas
1423 3687 1742 3757 accepisset,
1781 3697 1876 3743 aut
1908 3689 2042 3745 artis

474 3777 640 3833 ullius
667 3778 928 3834 exercitio
951 3779 1053 3834 sibi
1084 3789 1491 3849 comparasset;
1533 3796 1679 3836 nunc
1704 3780 1772 3835 ad
1809 3782 2043 3838 incredi-

471 3870 633 3924 bilem
665 3871 995 3941 opulentiam
1020 3875 1265 3942 pervenit
1289 3891 1384 3945 per
1415 3877 1621 3931 scelera
1647 3892 1713 3932 ac
1735 3876 2038 3951 sacrilegia,

470 3960 809 4034 fratrumque
839 3965 1266 4032 concussiones;
1301 3966 1429 4021 dunt
1470 3968 1672 4038 injuria
1700 3967 1921 4025 allectos
1946 3968 2042 4024 de-

558 4117 653 4185 24)
686 4118 1038 4192 ΔἘπίσκοποι
1067 4120 1168 4192 καὶ
1208 4125 1591 4192 πρεσϐύτεροι
1619 4124 1717 4177 καί
1749 4124 2035 4189 διάκονοι,

469 4187 568 4264 καί
591 4188 1052 4264 αὶςΕκκλησίαι.
1080 4187 1323 4246 Νοιιιιιίιιιι
1345 4205 1425 4248 est
1446 4187 1510 4248 inv
1528 4195 1717 4263 primis
1741 4194 1905 4262 hujus
1926 4187 2040 4264 epié

422 4296 427 4302 .
469 4258 620 4332 ιιιοιις³
661 4258 965 4326 inscriptio,
995 4275 1118 4332 quas
1148 4264 1263 4315 non’
1287 4265 1462 4319 solum
1505 4258 1916 4332 episcoporum,
1944 4258 2039 4319 sed

469 4327 907 4406 presbyterorum
956 4327 1030 4406 et:
1061 4330 1441 4406 diaconorum,
1487 4327 1652 4402 atque
1692 4327 1825 4406 adeo
1864 4335 2038 4406 plebis

469 4398 638 4472 ipsius
655 4399 1162 4472 _nor_nen_praetixum
1188 4403 1460 4467 continet;
1480 4398 1669 4458 eodem
1693 4398 2038 4472 plane'modo

464 4468 522 4520 in
550 4467 698 4545 Actis
730 4466 1415 4545 Carthaginiensissynodi
1447 4466 1534 4528 eui
1558 4466 1773 4543 praefuit
1810 4474 2064 4545 Cypria“

467 4552 574 4614 nus
594 4556 608 4614 ξ
628 4536 760 4614 (ἐμοι
792 4538 846 4589 in
871 4536 1035 4614 unum
1069 4536 1391 4614 Cartlidgine
1424 4536 1777 4598 convenissent
1808 4536 2037 4614 episcopi

461 4606 704 4683 plurimi,
731 4623 849 4683 cunt
875 4608 1188 4677 presbyteris
1215 4606 1557 4683 et'diaconis,
1588 4606 1847 4683 praesente
1870 4606 2031 4669 etiam

500 4677 630 4761 lepis
651 4658 915 4761 “nimium
956 4658 1124 4744 parte,
1155 4691 1259 4737 etc.
1295 4682 1437 4739 Idem
1473 4658 1752 4761 again/ivit}
1799 4658 2031 4742 ἆοῖιὲιιιῦ
2064 4658 2108 4712 D

486 4747 818 4800 Slibc-ritano.
849 4747 1046 4804 Vaces.

536 4815 650 4897 (25)
681 4816 832 4870 Οὐδὲ
859 4819 1007 4885 πρὸς
1034 4822 1357 4897 πρόσωπον
1384 4824 1619 4897 γράψας
1647 4826 1825 4894 αὐτῷ.
1869 4826 2028 4883 Falsa

466 4896 550 4968 est
581 4891 1225 4968 i'giturnacsupposititia
1254 4891 1480 4962 epistola
1507 4891 1759 4968 Dionysii
1778 4891 2028 4953 'Alexan-

466 4957 608 5009 drini
650 4956 730 5039 ad
751 4956 999 5039 gadium
1020 4956 1480 5028 Samosaténsem,
1500 4982 1641 5039 _qum
1659 4956 1809 5022 edita
1839 4979 1921 5023 est
1969 4970 2025 5023 in

465 5040 616 5108 αλιιιο
660 5025 730 5079 XI
756 5026 1104 5108 Bibliothecae
1143 5025 1475 5108 sanctorum
1500 5025 1724 5092 Patrum
1759 5054 1864 5093 una
1896 5056 2018 5093 cum

464 5096 534 5180 ill
566 5099 1032 5180 propositionibus
1041 5100 1662 5180 _Pauli__Sam_osatcnsis,
1690 5120 1745 5163 et
1779 5108 2022 5180 Dionysii

463 5168 531 5249 ad
558 5182 652 5248 eas
694 5171 1161 5249 responsionibus.
1189 5172 1322 5249 {iam
1357 5175 1543 5249 Patres
1570 5168 1787 5247 quidem
1830 5168 2024 5234 Αιιίίο-

463 5239 621 5292 ebeni
648 5239 1161 5317 conciliiaﬁirmant
1191 5245 1503 5317 Dionysium
1538 5239 1643 5301 non
1691 5249 1907 5306 dedisse
1937 5252 2026 5305 lit-

462 5317 607 5363 teras
642 5308 707 5361 ad
748 5307 1000 5377 Paulum,
1033 5313 1125 5367 sed
1160 5307 1368 5369 tantum
1403 5319 1471 5372 ad
1509 5319 1802 5375 Ecelesiam
1834 5323 2024 5376 Antio-

463 5377 832 5463 chensemsuln
857 5380 972 5463 _illa
1019 5393 1198 5463 autem
1232 5387 1458 5463 epistola
1491 5404 1613 5463 quae
1643 5388 1893 5463 Dionysii
1924 5408 2023 5446 no-

461 5451 610 5532 mine
638 5449 909 5532 publicata
957 5449 1379 5532 est,.Dion_y'sius
1408 5449 1695 5532 bis-Paulo
1742 5449 2025 5532 scripsisse

461 5517 698 5601 dicitur;
721 5518 823 5601 Sed
849 5537 951 5601 nec
977 5524 1149 5601 stylus
1177 5517 1323 5601 illius
1349 5526 1593 5601 epistola:
1617 5545 1681 5583 ac
1702 5517 2023 5601 responsio-

464 5589 551 5643 nis
607 5589 829 5669 reliquis
865 5589 1123 5669 _l)_ionysii
1188 5589 1442 5669 scriptis_
1484 5589 1813 5665 respondetf
1842 5601 2025 5669 Itaque

460 5671 601 5738 opus
642 5659 769 5738 illud
793 5659 1177 5738 adulterinum
1205 5659 1463 5738 esse,_ob
1492 5659 1588 5722 eas
1614 5684 1748 5738 quas
1788 5671 1897 5727 dixi
1928 5659 2019 5725 ra-

463 5728 641 5814 tiones
673 5728 805 5782 mihi
851 5730 1169 5799 persuadeo,
1203 5728 1649 5814 licet-Batonius-
1670 5755 1787 5796 eam
1817 5742 2018 5814 episto—

463 5796 570 5855 lam
605 5813 704 5873 pro
736 5796 866 5854 vera
892 5815 952 5853 ac
982 5817 1237 5871 germana
1266 5803 1535 5862 habuerit.
1565 5806 1637 5865 In.

2143 3408 2395 3478 δάγματα
2425 3403 2798 3477 μετελήλυθεν,
2827 3402 2975 3456 οὐδὲν
3019 3401 3099 3455 δεῖ
3142 3399 3235 3455 τοῦ
3279 3396 3382 3465 ἔξω
3413 3399 3566 3464 ὄντος
3616 3400 3719 3466 τὰς

2145 3496 2642 3571 πράξεις’κρίνεινο
2678 3496 2800 3550 οὐδὲ
2851 3496 2931 3548 ὅτι
2977 3494 3237 3567 πρότερον
3293 3493 3461 3563 πένης
3501 3490 3576 3546 ὢν
3619 3496 3719 3547 καί

2144 3592 2378 3661 πτωχὸς,
2419 3590 2513 3643 καὶ
2547 3592 2683 3660 μήτε
2722 3587 2871 3660 παρὰ
2906 3585 3156 3660 πατέρων
3193 3583 3522 3657 παραλαάὶιν
3560 3585 3699 3656 μηδε

2147 3683 2272 3754 μίαν
2299 3682 2577 3753 εὐπορίαν,
2608 3683 2743 3754 μήτε
2772 3682 2836 3734 ὲκ
2877 3679 3072 3750 τέχνης
3100 3678 3134 3750 ἢ
3176 3678 3317 3743 τινὸς
3359 3678 3701 3749 ἐπιτήδευμα

2141 3793 2231 3840 τος
2254 3777 2612 3848 κτησάμενον,
2651 3774 2746 3829 νῦν
2783 3776 2862 3838 είς
2901 3771 3303 3845 ὑπερϐάλλοντα
3334 3771 3557 3826 πλοῦτον
3587 3771 3716 3843 ὲλή-

2140 3867 2324 3933 λακεν,
2352 3867 2411 3935 ἐξ
2436 3867 2673 3939 ἀνομιῶν
2699 3867 2790 3921 ταὶ
2824 3864 3156 3938 ἱεροσυλιῶν,
3200 3866 3295 3920 καὶ
3332 3859 3407 3920 ὧν
3442 3866 3586 3920 αἰτεῖ
3619 3868 3720 3921 καὶ

2143 3958 2276 4012 σείει
2302 3959 2429 4024 τοὺς
2454 3958 2714 4029 ἀδελφοὺς
2739 3958 2874 4030 (28),
2898 3955 3324 4029 καταδραὸεύων
3351 3958 3477 4021 τοὺς
3497 3957 3689 4012 ἀδικου

2211 4139 2323 4211 (26)
2351 4140 2533 4194 Ἀνευ
2554 4137 2717 4211 τινος
2737 4137 2869 4211 περὶ
2889 4138 3000 4211 τὸτί
3018 4139 3203 4206 λόγον
3225 4134 3715 4211 λοιδορῳςηΜειια

2141 4207 2500 4264 Ιιιιιιοιοουιῐι
2538 4208 2700 4263 vertit
2727 4207 3283 4276 Cbristophorsonus,
3314 4209 3412 4276 qui
3446 4207 3712 4262 Ruﬁnum

2140 4290 2284 4359 recte
2333 4289 2661 4359 praeeuntem
2724 4277 2900 4359 sequi”
2934 4275 3124 4331 noluit.
3160 4275 3345 4359 Vertit
3381 4279 3548 4359 enim,
3595 4278 3716 4332 sine

2139 4349 2253 4402 ulla
2303 4347 2577 4404 υὲιοὸονιιιιι
2618 4347 2955 4411 contumelia,
3010 4361 3135 4401 eum
3185 4349 3506 4402 vertendum
3534 4360 3711 4413 esset,

2138 4420 2250 4473 sine
2277 4418 2391 4472 ulla
2418 4418 2689 4488 religionis
2717 4429 2912 4473 nostra:
2941 4415 3280 4488 contumelia.
3319 4417 3397 4472 In.

2210 4488 2319 4558 (27)
2369 4485 2649 4555 Ἀποάτὰς
2678 4488 2784 4558 τοᾷ
2826 4488 3098 4552 κανόνος.
3150 4485 3246 4558 δίο
3282 4495 3483 4543 vocant
3515 4485 3714 4558 Patres

2138 4556 2381 4627 regulam
2430 4560 2577 4615 ﬁdei.
2628 4558 2703 4613 Ita
2748 4557 3016 4613 Eusebius
3058 4559 3108 4610 in
3149 4556 3242 4610 lib.
3272 4573 3346 4624 IV,
3373 4557 3609 4627 ea'p.23,
3639 4559 3713 4613 tle

2141 4628 2397 4701 Dionysio
2431 4628 2839 4701 Corinthiorum
2874 4629 3151 4701 episcopo
3205 4629 3455 4696 loquens,
3498 4627 3574 4699 τῷ
3608 4628 3749 4699 τῆςε

2135 4696 2393 4773 ἀληθείας
2424 4699 2722 4773 παρίστατε
2737 4696 2957 4773 ⁸κανόνι.
2995 4696 3070 4773 lt).

2204 4766 2317 4838 (28)
2346 4771 2496 4824 Σείει
2507 4766 2665 4836 ’τοὺς
2686 4766 3216 4837 ἀδελφούς-,Βιψιίιεί
3244 4769 3453 4822 ratione
3476 4782 3693 4823 concus-

2135 4837 2305 4894 sionis
2325 4841 2531 4894 crimen
2565 4839 2899 4907 admittitur;
2940 4846 3044 4893 aut
3066 4854 3189 4903 cum
3220 4846 3429 4891 terrore
3465 4846 3708 4907 potesta-

2134 4910 2224 4973 tis,
2254 4910 2603 4983 magistratus
2630 4910 2717 4983 ve‘l
2744 4909 2898 4983 miles
2937 4908 3142 4983 aliquid
3185 4908 3381 4983 exigit;
3425 4916 3520 4961 aut
3564 4923 3696 4983 cum
3730 4966 3735 4983 ι

2134 4995 2228 5048 per
2262 4977 2502 5035 fraudem
2535 4990 2590 5035 et
2623 4980 2975 5045 calumniam,
3011 4977 3255 5048 suffragii
3301 4987 3562 5047 praetextu
3600 4977 3738 5032 ειη-³

2130 5049 2262 5119 quid
2299 5066 2328 5104 a
2366 5050 2619 5119 quopiam
2661 5050 2894 5114 elicitur,
2940 5058 2999 5103 ut
3028 5049 3081 5102 in
3114 5049 3231 5119 lege
3267 5049 3320 5114 l,
3366 5048 3437 5102 de
3492 5048 3707 5103 calum-

2132 5118 2454 5189 niatoribus.
2496 5118 2610 5174 Hoc
2645 5121 2944 5174 secundum
2982 5133 3151 5189 genus
3187 5119 3569 5189 cpticussionis
3617 5119 3705 5172 iu-

2131 5190 2378 5259 tellignnt
2397 5188 2584 5245 Patres
2606 5190 2820 5244 concilii
2840 5186 3183 5259 Antiocheni.
3203 5186 3279 5243 De
3302 5188 3476 5258 primo
3506 5203 3706 5259 genere

2131 5258 2511 5316 concussionis
2542 5260 2783 5329 loquitur
2806 5258 3136 5314 Maximinus
3163 5259 3217 5311 in
3251 5260 3480 5326 epistola
3503 5260 3569 5312 ad
3600 5258 3705 5312 Sa-

2132 5331 2342 5394 binum,
2392 5345 2555 5398 quam
2608 5328 2774 5383 refert
2825 5329 3107 5398 Eusebius,
3141 5329 3193 5382 in
3234 5329 3329 5383 lib.
3365 5344 3443 5392 Ix,
3479 5344 3599 5398 cap.
3642 5330 3699 5385 9.

2132 5399 2324 5454 Nescio
2352 5397 2553 5465 autem,
2583 5415 2681 5454 cur
2712 5409 2993 5468 tantopere
3027 5397 3291 5470 refugerit
3310 5397 3703 5469 Christophor-

2133 5485 2302 5525 sonus
2329 5485 2488 5524 voces
2530 5479 2802 5523 concutere
2835 5478 2889 5523 et
2917 5471 3306 5537 concussiones,
3347 5484 3471 5523 cum
3514 5478 3698 5524 tamen

2133 5539 2496 5603 sintLatinae,
2544 5549 2599 5594 et
2639 5556 2669 5593 a
2724 5539 3004 5609 veteribus
3035 5540 3448 5609 jurisconsultis
3502 5539 3701 5595 crebro

2136 5619 2429 5679 usurpatas.
2465 5610 2570 5664 Sed
2598 5622 2651 5665 et
2688 5611 2743 5664 in
2785 5604 3077 5679 Evangelii)
3107 5626 3170 5679 ea
3196 5627 3300 5664 vox
3326 5610 3575 5676 habetur,
3604 5613 3699 5665 ubi

2127 5678 2370 5733 Joannes
2394 5680 2656 5736 militibus
2678 5681 2751 5735 ita
2780 5678 3021 5749 ιη’ωεὶρἰ
3059 5699 3072 5733 :
3113 5678 3386 5734 Neminem
3422 5686 3697 5735 concutia-

2130 5750 2231 5811 tis;
2267 5751 2492 5803 contenti
2531 5760 2694 5806 estote
2722 5752 2995 5820 stipendiis
3040 5753 3245 5805 vestris.
3279 5751 3433 5820 Apud
3479 5751 3696 5806 Graecos

2127 5820 2539 5888 antiquissimus
2583 5833 2665 5880 e5t
2712 5838 2842 5879 usus
2890 5823 3039 5879 vocis
3086 5822 3248 5877 σείειν
3297 5838 3362 5878 eo
3402 5838 3565 5879 sensu
3595 5838 3695 5893 pro
