3986 6358
257 351 371 408 255

1093 297 1105 312 ⁸
1219 308 1558 407 Eptsroul
1600 348 1881 406 COl‘iTRA
1921 344 2206 404 PAULUM
2246 342 2586 399 sanos“.

3402 344 3509 401 25!

258 468 464 539 μένους
508 467 624 541 (29)
673 470 774 527 καὶ
821 469 1245 543 ὑπισχνούμενος
1284 471 1570 544 βοηθήσειν
1622 468 1814 541 μισθοῦ

1939 467 2091 539 cipit,
2126 465 2449 537 promittens
2474 462 2694 531 quidem
2726 475 2848 518 sese
2873 460 2983 517 illis
3010 469 3232 533 accepta
3259 462 3510 519 mercede

249 562 591 634 ψευδόμενος
646 562 704 617 δὲ
749 565 845 619 καὶ
895 563 1133 630 τούτους,
1169 566 1262 620 καὶ
1308 565 1484 636 μάτην
1525 561 1841 634 καρπούμε-

250 672 347 719 νος
370 655 487 726 (50)
531 657 634 728 τὴν
675 657 787 712 τῶν
828 659 889 712 ὲν
927 652 1242 733 πρᾶγμασιν
1300 658 1471 711 ὅντων
1524 656 1842 728 ἑτοιμότητα

248 742 400 816 πρὸς
448 744 514 799 τὸ
555 746 753 802 διδόναι
807 748 945 820 ὑπὲρ
976 748 1287 819 ἀπαλλαγῆς
1316 747 1426 801 τῶν
1467 747 1838 819 ἐνοχλούντωνο

246 836 533 907 ¹πορισμὸν
567 838 870 909 ἡγούμενος
910 839 1008 911 τὴν
1049 838 1358 895 θεοσέϐειαν
1414 838 1544 911 (51).
1591 838 1729 894 Οὔτε
1765 839 1841 903 ὡς

245 924 441 997 ὑψηλὰ
468 930 664 998 φρονεῖ
692 928 801 999 (52)
832 929 930 983 καὶ
962 915 1265 1002 ὑπερῆρδεαι
1287 929 1525 1001 κοσμικὰ
1557 928 1839 1000 ἀξιώματα

244 1014 645 1087 ὑποδυόμενος·
668 1018 761 1072 καὶ
790 1017 1138 1098 δουκηνάριος
1159 1018 1268 1091 (55)
1307 1019 1504 1090 μᾶλλον
1543 1019 1576 1090 ἢ
1622 1019 1843 1073 ἐπίσκοο

241 1124 351 1171 πος
404 1108 583 1164 θέλων
623 1110 930 1186 καλεῖσθαι·
982 1110 1076 1164 καὶ
1108 1111 1279 1164 σοϐῶν
1306 1110 1447 1165 κατά
1471 1111 1568 1174 τὰς
1605 1111 1806 1182 ἀγοράς

246 1201 346 1254 καὶ
369 1201 670 1267 ἐπιστολὰς
693 1202 1073 1271 ἀναγινώσκων
1097 1204 1189 1257 καὶ
1207 1203 1557 1275 ὑπαγορεύων
1577 1203 1692 1275 ἅμα
1722 1203 1831 1275 (54)

249 1292 495 1362 βαδίζων
522 1294 759 1365 δημοσίᾳ
789 1295 882 1349 καὶ
911 1294 1395 1367 δορυφορούμενος,
1430 1294 1537 1349 τῶν
1568 1295 1666 1366 μὲν
1706 1312 1839 1367 προ-

245 1389 666 1459 πορευομένων,
680 1388 791 1442 τῶν
808 1389 866 1442 δέ
883 1388 1234 1459 ἐφεπομένων
1256 1387 1466 1443 πολλῶν
1480 1380 1570 1442 τδν
1584 1386 1832 1460 ἀριθμόν·

244 1482 322 1544 ὡς
359 1481 463 1535 καὶ
502 1481 606 1552 τὴν
653 1480 836 1533 πίστιν
862 1479 1171 1549 φθονεῖσθαι
1203 1481 1296 1537 καὶ
1318 1479 1588 1551 μισεῖσθαι
1612 1478 1698 1533 διὰ
1730 1480 1837 1534 τῶν

242 1574 410 1641 ὄγκον
438 1572 613 1628 αὑτοῦ
646 1573 739 1626 καὶ
775 1572 872 1644 τὴν
901 1573 1276 1644 ὑπερηφανίαν
1311 1573 1409 1644 τῆς
1441 1572 1686 1644 καρδίας
1712 1571 1835 1626 οὔτε

243 1665 344 1735 τὴν
378 1666 439 1716 ἐν
470 1667 599 1728 ταῖς
633 1664 1112 1736 ἐκκλησιαστικαῖς
1155 1664 1394 1728 συνόδοις
1419 1665 1723 1737 τερατείαν,
1768 1664 1834 1735 ἣν

1941 574 2101 631 opem
2131 560 2405 624 laturum;
2436 556 2633 611 fallens
2665 567 2843 611 autem
2878 555 3050 625 ipsos,
3071 563 3126 610 et
3148 571 3216 611 ex
3252 554 3511 612 facilitate

1942 650 2291 722 litigantium,
2316 649 2432 718 qui,
2465 657 2526 703 ut
2546 646 2765 718 negotio
2787 647 3102 712 liberentur,
3131 647 3346 717 quidvis
3376 649 3510 704 dare

1941 742 2119 814 parati
2150 741 2539 805 sunt,'lucrum
2575 739 2811 794 inaniter
2857 749 3118 810 captans;
3159 751 3213 796 et
3252 743 3507 812 pietatem

1939 844 2207 905 quaestum
2234 848 2353 889 esse
2378 832 2725 888 existimans.
2749 829 2936 902 Neque
2967 833 3112 902 quod
3148 833 3291 890 fastu
3332 843 3386 890 et
3415 850 3507 890 ar-

1938 927 2187 995 rogantia
2222 940 2387 994 supra
2418 924 2641 979 modum
2675 924 2854 979 elatus
2903 925 3196 980 saeculares
3243 927 3382 996 gerit
3419 927 3506 981 di-

1938 1016 2200 1088 gnitates,
2255 1025 2311 1071 et
2351 1015 2679 1090 ducenarius
2742 1015 2927 1071 vocari
2983 1030 3146 1083 quam
3214 1016 3505 1087 episcopus

1938 1108 2172 1175 mavult,
2214 1123 2312 1179 per
2342 1102 2521 1162 foru'm
2573 1106 2857 1177 magniﬁce
2904 1108 3197 1171 incedens;
3244 1110 3505 1179 epistolas

1936 1202 2153 1273 legens“,
2212 1216 2277 1258 ac
2330 1201 2542 1257 dictans
2593 1202 2736 1256 inter
2796 1200 3180 1256 ambulandum
3222 1202 3415 1270 palam.
3437 1219 3503 1260 ac

1936 1293 2184 1363 publice;
2240 1294 2578 1364 stipatusque
2628 1292 2866 1347 maxima
2929 1291 3213 1346 hominum
3262 1293 3505 1349 multitu-

1936 1392 2081 1459 dine,
2114 1391 2308 1463 partim
2349 1388 2726 1459 praeeuntium,
2765 1382 2963 1455 partim
3005 1383 3500 1447 subsequenlium:

1935 1484 2071 1539 adeo
2093 1493 2151 1539 ut
2172 1499 2239 1539 ex
2271 1483 2420 1538 illius
2449 1480 2591 1535 fastu
2613 1488 2669 1534 et
2698 1480 3032 1549 arrogantia,
3061 1479 3392 1535 incredibilis
3415 1480 3501 1534 in-

1934 1576 2076 1631 vidia
2100 1575 2397 1644 odiumque
2424 1573 2721 1627 multorum
2756 1571 3016 1627 adversus
3060 1572 3220 1627 tidem
3255 1580 3499 1627 nostram

1932 1666 2225 1722 conﬂatum
2248 1667 2338 1720 sit.
2378 1665 2562 1734 Neque
2590 1664 2719 1719 item
2752 1662 2944 1717 attinet
2977 1663 3290 1718 examinare
3325 1663 3501 1719 ambi-

247 1760 569 1831 μηχανᾶται
616 1758 921 1823 δοξοκοπῶν
963 1758 1056 1812 καὶ
1098 1756 1562 1827 φαντασιοκοπῶψ
1605 1757 1700 1810 καὶ
1734 1755 1818 1818 τὰς

1935 1762 2127 1814 tiosam
2160 1758 2393 1813 hominis
2419 1758 2716 1811 vanitatem
2746 1755 2803 1809 in
2830 1754 3219 1811 ecclesiasticis
3257 1770 3500 1811 conven-

245 1851 352 1903 τῶν
376 1850 794 1921 ἀκεραιοτέρων
825 1841 1002 1919 ψυχὰς
1037 1851 1150 1913 τοῖς
1196 1848 1458 1912 τοιούτοις
1495 1849 1818 1922 ἐκπλήττων

1933 1852 2097 1919 tibus,
2123 1865 2286 1921 quam
2336 1849 2485 1903 omni
2524 1849 2704 1903 studio
2763 1855 3138 1913 consectatur;
3171 1848 3306 1901 nihil
3349 1847 3498 1903 aliud

247 1938 397 2010 βῆμα
424 1939 533 2010 μὲν
557 1940 656 1992 καὶ
690 1937 881 2010 θρόνον
912 1937 1112 2009 ὑψηλὸν
1145 1937 1260 2013 (55)
1291 1936 1470 2008 ἐαυτῷ
1496 1954 1818 1993 κατασκευα-

1931 1959 2094 2014 quam
2123 1943 2340 1996 inanem
2371 1940 2598 2010 gloriam
2619 1946 2864 2008 captans,
2891 1930 3210 2008 etpompam
3239 1938 3497 1995 all‘ectans

248 2030 509 2099 σάμενος,
542 2028 643 2098 οὐχ
668 2028 744 2091 ὡς
766 2027 1001 2100 Χριστοῦ
1026 2026 1290 2098 μαθητήςο
1322 2029 1590 2099 σήκρητον
1618 2027 1675 2081 δὲ
1699 2028 1818 2100 (56),

1931 2045 2093 2105 atque
2112 2030 2429 2103 huiusmodi
2459 2030 2670 2085 artibus
2713 2030 2926 2085 animos
2965 2030 3497 2100 imperitorumper-

244 2120 431 2191 ὥσπερ
456 2123 511 2173 οἱ
536 2118 638 2173 τοῦ
666 2120 872 2190 κόσμου
899 2118 1175 2191 ἄρχοντες,
1212 2118 1350 2190 ἔχων
1394 2135 1453 2172 τε
1509 2118 1605 2172 κα)⁸
1637 2120 1818 2189 ὄνομα·

1929 2124 2300 2182 terrefaciens.
2322 2121 2458 2176 Nam
2482 2131 2537 2177 et
2562 2121 2799 2176 tribunal
2819 2130 2874 2176 et
2895 2120 3179 2177 sublimem
3213 2121 3492 2187 thronum,

243 2213 369 2275 ζωνο
404 2211 595 2266 παίων
622 2227 686 2264 τε
704 2212 769 2281 τῇ
799 2210 942 2282 χειρὶ
970 2211 1058 2265 τὸν
1084 2209 1275 2282 μηρὸν,
1306 2209 1476 2263 καὶτὸ
1503 2208 1653 2280 βῆμα
1674 2210 1818 2281 ὰράτ

1922 2234 2036 2273 non
2070 2226 2131 2271 ut
2157 2215 2361 2270 Christi
2401 2213 2719 2282 discipulus,
2751 2212 2855 2267 sibi
2911 2212 3029 2281 ipse
3068 2212 3393 2275 cnnSIruxit,
3437 2222 3494 2266 et

240 2320 349 2358 των
369 2305 492 2366 τοῖς
528 2301 683 2356 ποσί·
716 2303 811 2356 καὶ
834 2305 948 2365 τοῖς
968 2302 1041 2374 μὴ
1061 2300 1361 2365 ἐπαινοῦσι,
1399 2301 1531 2372 μηδὲ
1556 2300 1742 2372 ὥσπερ
1772 2304 1818 2355 ἐκ

1927 2318 2218 2372 secretum,
2249 2306 2472 2377 perinde
2504 2321 2569 2361 ac
2587 2304 2877 2360 saaculares
2901 2304 3273 2373 magistratus,
3292 2304 3367 2357 ita
3391 2318 3495 2374 ap-

238 2398 351 2458 τοῖς
369 2393 632 2466 θεάτροις
662 2395 1008 2448 κατασείουσι
1030 2396 1146 2457 ταῖς
1167 2392 1377 2457 ὀθόναις
1403 2393 1535 2463 (57),
1580 2391 1702 2464 μηδ’
1732 2393 1825 2445 ὲκ-

240 2487 404 2541 εοῶσί
451 2503 514 2539 τε
568 2486 668 2539 καὶ
714 2484 1029 2555 ἀναπηδῶσι
1063 2483 1205 2539 κατά
1256 2484 1325 2538 τά
1373 2485 1512 2538 αὐτὰ
1547 2487 1656 2547 τοῖς
1692 2484 1825 2553 ἀμφ’

240 2581 400 2632 αὐτὸν
426 2576 767 2641 στασιώταις
804 2576 1027 2647 ἀνδράσι
1060 2593 1119 2630 τε
1160 2576 1254 2631 καὶ
1288 2575 1545 2644 γυναίοις,
1573 2575 1827 2645 ἀκόσμως

238 2673 407 2735 οὕτως
441 2672 843 2744 ἀκροωμένοις·
872 2674 984 2736 τοῖς
1014 2669 1058 2724 δ’
1087 2665 1181 2723 οὖν
1215 2670 1291 2733 ὡς
1320 2670 1378 2722 ἐν
1410 2667 1544 2740 οἴκῳ
1568 2665 1703 2721 Θεοῦ
1732 2683 1823 2720 σε-

243 2763 582 2834 μνοπρεπῶς
616 2764 712 2817 καὶ
748 2762 1023 2826 εὐτάκτως
1067 2759 1373 2824 ἀκούουσιν,
1423 2757 1688 2830 ἐπιτιμῶν
1731 2757 1824 2812 καὶ

239 2854 562 2925 ἐνυὸρίζων-
598 2856 694 2908 καὶ
726 2857 805 2918 εἰς
833 2856 957 2919 τοὺς
984 2853 1313 2917 ἀπελθόντας
1343 2855 1407 2905 ἐκ
1427 2851 1521 2905 τοῦ
1561 2851 1674 2921 βίου
1699 2850 1822 2905 τού-

239 2962 326 2998 του
366 2946 656 3018 παροινῶν
697 2945 965 3017 ἐξηγητὰς
998 2945 1091 2999 τοῦ
1145 2945 1304 3014 λόγου
1349 2942 1619 3014 φορτικῶς
1650 2945 1708 2996 ἐν
1745 2942 1823 3014 τῷ

238 3037 422 3108 κοινῷ,
467 3039 570 3092 καὶ
605 3038 1097 3111 μγαλορρημονῶν
1157 3038 1286 3108 περ).
1331 3035 1543 3099 ἐαυτοῦ,
1573 3035 1825 3104 καθάπερ

1926 2399 2181 2470 pellatum
2205 2396 2413 2451 habuit.
2449 2395 2531 2450 Ad
2561 2396 2676 2448 haec
2710 2393 2888 2448 femur
2914 2409 3080 2448 manu
3109 2403 3411 2463 percutere,
3439 2404 3495 2449 et

1928 2490 2162 2546 tribunal
2190 2489 2416 2558 pedibus
2446 2487 2664 2556 pulsare
2698 2486 2909 2542 solitus.
2937 2484 3044 2540 Eos
3090 2500 3221 2541 vero
3245 2486 3339 2556 qui
3381 2500 3494 2541 non

1924 2584 2228 2648 laudarent,
2266 2596 2366 2635 nec
2390 2588 2450 2633 ut
2493 2579 2545 2633 in
2573 2578 2797 2633 theatris
2820 2577 2935 2632 ﬁeri
2963 2579 3121 2642 solet,
3151 2580 3329 2633 oraria
3358 2593 3493 2633 con-

1923 2684 2191 2740 cuterent,
2232 2688 2407 2743 neque
2441 2688 2550 2727 una
2575 2687 2699 2727 cum
2737 2668 3044 2728 fautoribus
3073 2672 3249 2742 ipsius
3269 2672 3401 2727 viris
3425 2686 3492 2727 ac

1922 2766 2260 2824 mulierculis
2311 2766 2567 2821 indecore
2623 2765 3059 2820 auscultantibus
3121 2763 3492 2819 exclamarent

1922 2869 2085 2930 atque
2128 2859 2440 2924 exsilirent;
2503 2859 2596 2913 sed
2643 2872 2766 2912 cum
2810 2856 3074 2926 gravitate
3105 2870 3170 2910 ac
3202 2854 3489 2922 modestia,

1921 2955 2061 3010 sicut
2105 2953 2160 3007 in
2218 2954 2379 3008 domo
2425 2951 2519 3007 Dei
2558 2951 2733 3018 decet,
2768 2949 3040 3015 audirent,
3080 2949 3394 3018 increpabat
3431 2956 3488 3003 et

1919 3046 2260 3104 contumeliis
2289 3044 2576 3099 alliciebat.
2615 3043 2683 3097 Et
2711 3043 2848 3097 alios
2877 3041 3096 3111 quidem
3120 3040 3252 3111 legis
3284 3047 3487 3095 nostra

242 3130 336 3183 οὐκ
361 3130 694 3198 ἐπίσκοπος,
725 3130 863 3186 ἀλλά
895 3130 1151 3203 σοφιστὴς
1179 3130 1274 3183 κα).
1310 3128 1461 3199 γόης·
1497 3126 1743 3198 ψαλμοὺς
1762 3125 1818 3179 δὲ

1920 3136 2170 3193 doctores
2206 3136 2320 3207 jam
2355 3135 2464 3191 vita
2517 3134 2733 3190 functos
2781 3133 3085 3204 petulanter
3124 3133 3182 3188 in
3223 3131 3486 3188 concione

246 3303 592 3358 calumniari.
654 3301 747 3358 Sie
790 3303 934 3357 enim
982 3303 1372 3373 Aristophanes
1417 3315 1472 3361 et
1515 3305 1815 3364 Teleclides

249 3376 568 3443 loquuntur,
595 3382 736 3427 teste
761 3373 930 3428 Suida
952 3376 1005 3428 in
1036 3389 1166 3428 voce
1193 3377 1386 3428 σεῖσαι.
1406 3375 1603 3435 νΑιεε.

314 3444 425 3508 {29)
485 3445 954 3513 Kata6pa6’etimr
994 3443 1134 3511 τοὺς
1176 3445 1617 3514 ἀδικουμένους.
1666 3446 1814 3503 Lan-

257 3529 346 3581 επις
366 3516 553 3584 vertit,
584 3516 809 3584 prminia
842 3516 1120 3584 accipiens,
1159 3530 1267 3569 non
1304 3518 1462 3572 male.
1500 3515 1678 3572 Utitur
1712 3519 1814 3575 hac

259 3583 610 3655 vocePaulus
637 3586 693 3638 in
722 3583 819 3653 Ep.
855 3586 921 3639 ad
954 3583 1305 3655 tiolossenses
1328 3600 1546 3655 caput.
1565 3587 1640 3641 In.

327 3652 427 3721 (50)
454 3654 679 3727 nam:
709 3651 1134 3727 καρπούμενος.
1170 3651 1286 3727 Vo;
1325 3651 1501 3727 μάτην
1534 3656 1812 3713 referenda

266 3732 342 3777 est
382 3738 485 3795 non
512 3725 585 3777 ad
648 3723 875 3795 Paulum
921 3723 1097 3795 ipsum
1136 3724 1230 3795 qui
1261 3723 1363 3779 hac
1389 3723 1505 3782 arte
1527 3730 1813 3795 pecuniam

263 3794 589 3865 «madebat.
634 3794 729 3865 sed
765 3795 830 3848 ad
878 3794 1300 3865 litigantes,iqui
1336 3794 1624 3864 pecuniam
1655 3814 1812 3853 suam

256 3877 407 3937 quam
428 3864 602 3918 Paulo
627 3864 885 3937 dederant
900 3864 1296 3937 ut’suﬂ‘ragiu‘m
1320 3880 1478 3920 suum
1508 3869 1642 3937 ipsis
1662 3883 1814 3923 com-

254 3933 507 3995 modaret,
546 3936 842 4003 perdebant
863 3936 1068 4004 absque
1086 3933 1426 4004 ullol‘ructu.
1456 3937 1530 3990 In.

315 4004 425 4069 (51)
464 4004 779 4072 Πορισμὸν
804 4003 1134 4074 ’ἡγούμενος
1162 4003 1277 4072 τὴν
1296 4006 1652 4061 θεοσέϐειαν.
1687 4006 1813 4064 Haec

246 4074 403 4196 ἔξω
427 4074 720 4196 delsumpta
748 4085 878 4129 sunt
911 4091 979 4130 ex
1016 4074 1257 4145 Epistola
1293 4076 1312 4129 Ι
1355 4077 1423 4131 ad
1470 4075 1809 4133 Timotheum

305 4159 355 4196 η.
387 4161 465 4196 vi.
526 4161 577 4196 ο.

244 4158 355 4197 CII).
387 4161 465 4197 νι.
496 4158 577 4197 ιι).

305 4159 619 4281 ἵὲεῗόιὲἑε
661 4215 743 4281 ὡς
793 4215 1002 4284 ὑψηλὰ
1055 4214 1278 4283 φρονεῖ.
1327 4213 1388 4270 1η
1439 4213 1811 4272 vetustissimo

242 4285 425 4356 codice
467 4283 697 4356 Μαῖαν..
748 4283 884 4339 Fuit.
921 4296 976 4339 et
1014 4284 1214 4339 Medic.
1260 4287 1477 4356 legitur,
1518 4289 1613 4341 mi.
1640 4287 1811 4351 οὕτως

242 4353 623 4427 ῥῷηλοφρονεῖ.
650 4353 753 4411 Sed
781 4357 980 4427 rectior
994 4365 1077 4427 est
1102 4353 1629 4427 vulgatavscriptura,
1646 4373 1809 4427 quam

241 4421 673 4497 Regiusécodex
730 4435 785 4481 et
824 4426 1106 4497 Syncellns
1145 4421 1219 4480 et'
1238 4421 1576 4497 Nicephorus
1610 4421 1810 4482 co'nlir-

239 4493 407 4549 maht.
442 4493 577 4551 Haec
591 4496 736 4566 enim
765 4493 926 4551 verba
958 4498 1189 4565 pendent
1216 4512 1279 4551 ex
1312 4493 1701 4566 superioribus.
1730 4497 1804 4552 ln.

304 4567 425 4637 (55)
465 4565 886 4637 Δουκηνάριος.
930 4538 1003 4620 Ι)Ιέ
1033 4538 1472 4636 procuratoribus
1501 4568 1809 4637 ducenariis
1837 4538 1889 4602 θ

236 4635 358 4689 vide
394 4635 523 4703 qua:
556 4638 775 4705 scripsit
816 4635 1116 4692 Salmasius
1151 4636 1202 4690 in
1248 4638 1392 4692 notis
1428 4638 1495 4692 ad
1517 4636 1807 4692 Historiam

236 4706 567 4777 Augustam.
594 4705 685 4761 Sic
699 4707 1018 4762 dicebantur
1035 4717 1429 4776 procuratores,
1455 4708 1549 4777 qui
1575 4707 1808 4763 ducenta

236 4776 493 4848 sestertia
534 4777 703 4848 annui
736 4778 917 4848 salarii
958 4779 1178 4831 nomine
1214 4776 1567 4848 accipiebant
1602 4792 1637 4848 a
1669 4779 1809 4847 prin-

237 4846 393 4917 cipe,
415 4854 491 4917 ut_
507 4846 655 4900 clare
675 4846 831 4902 docet
855 4846 951 4917 Dio
980 4848 1032 4899 in
1059 4848 1152 4917 lib.
1183 4861 1298 4908 LIII,
1322 4846 1445 4917 pag.
1473 4846 1595 4901 506.
1622 4846 1699 4902 lo.

302 4915 421 4985 (54)
476 4915 889 4986 ’Υπαγορεύων
916 4916 1055 4986 ἅμα.
1089 4915 1218 4971 Post
1262 4915 1415 4972 hanc
1435 4932 1622 4987 vocem
1668 4933 1808 4987 pun-

234 4993 387 5039 ctum
413 4987 469 5056 in
502 5002 722 5040 summo
748 4995 970 5041 notatur
1011 4997 1123 5041 tum
1159 4987 1213 5039 in
1245 4989 1428 5042 codice
1470 4986 1803 5056 RegioJum

235 5054 789 5128 apudjlicephorum
830 5056 1271 5128 etVSyncellum.
1312 5056 1416 5128 Sed
1449 5054 1671 5128 cuniin
1712 5074 1807 5113 co-

233 5128 356 5181 dice
387 5125 530 5179 Med.
572 5136 629 5179 et
663 5125 800 5182 Maz.
827 5125 1091 5182 nulla'hic
1120 5136 1335 5181 notetur
1364 5126 1658 5193 distinctio,
1688 5144 1806 5183 ma—

234 5196 325 5249 lini
350 5197 538 5280 legere
560 5211 670 5280 uno
696 5198 903 5280 duc'iu,“
920 5197 1273 5280 ὑπαγορεύων
1300 5198 1417 5269 ἅμα
1443 5195 1681 5280 βαδίζων
1710 5199 1805 5280 δη.

237 5266 429 5346 uocis},
456 5275 562 5346 etc.
589 5266 752 5346 {Sorte
786 5266 1015 5346 Ruﬁnus
1041 5266 1396 5346 hu'nc_locum
1445 5266 1519 5323 ita
1563 5266 1802 5346 16ςίξοὶ-

234 5353 341 5403 que
377 5337 667 5399 intellexit,
724 5346 785 5408 ut
820 5353 887 5391 ex
908 5337 1038 5408 lejns
1075 5337 1322 5393 versione
1357 5348 1578 5408 apparet
1606 5337 1635 5392 :7
1658 5338 1802 5393 Nam

235 5418 281 5457 et
302 5408 549 5460 incedens
570 5422 666 5474 per
683 5406 909 5477 plateas,
938 5407 1035 5460 tali
1068 5410 1296 5477 quadam
1322 5406 1599 5462 ambitione
1626 5410 1803 5462 uteba-

237 5485 341 5540 tur,
372 5478 581 5545 publice
606 5478 862 5547 epistolas
897 5478 1146 5547 relegens,
1186 5489 1340 5547 atque
1372 5480 1428 5531 in
1467 5479 1655 5532 auditu
1688 5494 1806 5532 om-

238 5550 381 5599 nium
411 5557 461 5601 et
490 5546 662 5601 oculis
694 5547 923 5602 dictant.
953 5546 1029 5601 In.

304 5618 420 5688 (55)
456 5615 631 5686 Βῆμα
656 5617 775 5687 μὲν
810 5618 906 5671 καὶ
937 5618 1155 5687 θρόνον
1187 5619 1448 5688 ὑψηλόν.
1489 5617 1797 5688 Reprehen-

238 5687 370 5741 dunt
399 5687 599 5742 Patres
625 5689 950 5743 Antiocheni
994 5688 1209 5743 concilii
1244 5688 1298 5741 in
1340 5687 1509 5743 Paule
1545 5687 1797 5758 episcopo

241 5758 555 5821 Antiochiae,
588 5773 699 5813 non
727 5759 870 5827 quod
911 5760 1165 5813 thronum
1198 5758 1470 5813 habuerit.
1503 5758 1616 5813 Hoc
1651 5762 1795 5813 enim

244 5828 444 5902 insigne
477 5837 599 5886 erat
631 5830 1028 5900 episcoporum,
1060 5840 1120 5885 ut
1159 5828 1213 5885 in
1247 5829 1444 5886 throno
1486 5844 1581 5885 seu
1610 5829 1794 5885 cathc~

1911 3311 2006 3366 dra
2038 3311 2307 3366 sederent.
2336 3308 2440 3376 Qui
2470 3324 2587 3364 mos
2605 3309 2717 3376 jam
2744 3309 2868 3363 inde
2901 3322 2970 3362 an
2999 3316 3314 3376 apostolicis
3346 3310 3483 3364 tem-

1987 3382 2138 3435 ribus
2178 3380 2475 3434 invaluerat
2510 3380 2562 3432 in
2593 3377 2852 3434 Ecclesia.
2888 3381 3044 3434 Certe
3069 3377 3257 3433 Jacobi
3298 3377 3483 3436 fratris
3514 3380 3517 3385 ’

1958 3450 2125 3504 oniini
2181 3450 2433 3503 thronum
2492 3447 2881 3506 l‘lierosolvmis
2928 3449 3105 3503 adhuc
3159 3464 3258 3503 sua
3320 3458 3480 3506 aetate

1912 3530 2183 3576 servatum
2231 3519 2683 3589 fuisseLtestatur
2714 3518 2979 3573 Eusebius
3016 3520 3071 3572 in
3108 3518 3201 3573 lib.
3231 3534 3330 3589 vit,
3357 3534 3477 3589 cap.

1912 3590 2082 3646 18.Ιά
2108 3590 2272 3659 igitur
2310 3591 2363 3642 in
2420 3588 2589 3642 Paulo
2627 3588 2889 3644 damnant
2931 3590 3216 3643 memorati
3262 3587 3476 3656 Patres,

1912 3662 2054 3731 quod
2084 3659 2323 3715 tribunal
2346 3660 2448 3731 sibi
2476 3660 2683 3731 exstrui
2707 3670 2953 3731 curasset
2980 3659 3034 3712 in
3059 3658 3308 3731 egclesia,
3340 3668 3394 3713 et
3422 3660 3478 3714 in

1911 3726 1978 3786 eo
2009 3732 2263 3785 thronum
2300 3730 2588 3784 sublimem
2617 3729 2722 3783 sibi
2754 3729 3048 3798 statuisset.
3083 3726 3248 3782 Recte
3286 3729 3473 3798 itaque

1912 3800 2141 3855 Ruﬁnus
2180 3800 2324 3854 hunc
2348 3799 2526 3853 locum
2560 3799 2633 3852 ita
2658 3799 2819 3851 vertit
2852 3817 2865 3851 :
2898 3797 2967 3851 In
2988 3798 3206 3851 ecclesia
3235 3815 3351 3851 vero
3379 3797 3478 3851 tri-

1912 3871 2071 3924 bunal
2125 3869 2227 3922 sibi
2270 3868 2434 3921 multo
2482 3869 2641 3921 altius
2680 3883 2838 3937 quam
2884 3868 3077 3935 fuerat,
3132 3869 3359 3937 exstrui,
3422 3877 3475 3923 et

1912 3941 2155 3997 thronum
2198 3940 2252 3991 in
2295 3938 2662 3992 excelsioribus
2694 3936 2968 3991 collocari
3006 3937 3189 4006 jubet.
3224 3936 3474 4008 Episcopi

1910 4012 2128 4081 quidem
2160 4010 2430 4081 sedebant
2450 4010 2505 4063 in
2556 4008 2814 4081 cathedra
2863 4008 3259 4081 paulo__altiore
3306 4024 3469 4081 quam

1908 4076 2106 4150 reliqui
2131 4078 2456 4203 Presbyteri,
2508 4086 2565 4132 ut
2617 4076 2873 4132 dicemus
2904 4079 2971 4133 ad
3006 4077 3202 4158 librum
3251 4076 3338 4131 x.’
3365 4077 3471 4133 Sed

1912 4152 2127 4203 tribuna
2189 4164 2298 4203 non
2351 4148 2639 4202 habebant.
2696 4145 2891 4203 Postea
2948 4162 3077 4202 vero
3124 4149 3471 4202 tnvaluerunt

1912 4145 2151 4205 tribunal
2189 4145 2313 4203 non'
2351 4148 2639 4202 habebant.
2696 4145 2891 4203 Postea
2948 4162 3077 4202 vero
3124 4147 3473 4202 invaluerunt

1910 4220 2110 4289 absidtc
2137 4217 2370 4290 gradata:
2402 4228 2456 4272 et
2493 4218 2763 4290 exhedrae,
2795 4219 2862 4271 de
2912 4218 3109 4288 quibus
3149 4216 3472 4290 Ambrosius

1909 4287 2679 4361 loquunturuetAugusiinus:
2722 4304 2844 4358 qua:
2876 4287 3096 4360 quidem
3137 4302 3170 4340 a
3210 4287 3467 4342 tribunali

1910 4357 2103 4431 parum
2132 4357 2469 4431 diiferehant.
2487 4357 2571 4431 in.

1978 4431 2092 4500 (56)
2130 4428 2562 4500 Σήκρητοτςᾳδέ.
2609 4426 2768 4500 Hunc
2802 4427 2996 4500 locum
3038 4442 3146 4500 non
3193 4427 3470 4500 intellege-

1910 4496 2039 4556 runt
2068 4496 2387 4568 interpretes
2412 4497 2690 4553 Musculus
2708 4508 2762 4552 et
2791 4497 3341 4564 Christophorsonus.
3368 4496 3460 4552 Se-

1910 4580 2117 4626 cretum
2152 4571 2429 4639 proprium
2462 4578 2578 4623 erat
2619 4569 3030 4638 magistratuum
3096 4576 3152 4639 et
3199 4568 3465 4639 majorum

1906 4637 2194 4711 judicum’:
2222 4637 2374 4711 locus
2404 4639 2612 4711 scilicet
2656 4637 2880 4711 interior
2909 4637 3166 4711 praetorii,
3211 4638 3467 4711 cancellis

1909 4706 2152 4765 inunitus
2182 4725 2246 4765 ac
2285 4710 2424 4764 velis
2467 4709 2726 4778 obpansis
2759 4706 3021 4771 inclusus,
3060 4709 3115 4762 in
3158 4722 3267 4777 quo
3295 4708 3468 4776 magi-

1908 4791 2112 4836 stratus
2137 4780 2416 4843 sedehant,
2440 4779 2569 4833 dum
2596 4792 2811 4847 reorum
2839 4790 3033 4831 causas
3053 4786 3463 4847 cognoscerent.

1910 4850 2043 4905 Vide
2082 4866 2203 4921 qua:
2228 4850 2405 4921 notavi
2432 4849 2497 4903 ad
2526 4846 3026 4921 Amm._Marceilini
3067 4846 3159 4921 lib.
3214 4863 3301 4921 sv,
3338 4863 3461 4921 pag.

1906 4915 2299 4977 87.1n'codice
2341 4920 2564 4981 Mazar.,
2618 4917 2755 4972 Med.
2799 4924 2855 4989 et
2883 4915 3086 4989 AFuket.
3132 4915 3461 4989 legitur'cijé

1909 4991 2198 5063 repastines
2223 4992 2445 5056 rectius,
2470 4997 2532 5063 ut
2550 4988 2762 5063 opinor.
2792 4986 2893 5041 Sed
2919 5002 3043 5041 mox
3069 4986 3354 5063 legendum
3380 4986 3465 5043 est

1905 5058 2080 5116 παίων
2117 5061 2194 5125 δέ,
2228 5075 2335 5114 non
2361 5070 2419 5114 ut
2449 5060 2609 5128 vulgo
2634 5060 2836 5113 editum
2874 5067 2959 5111 est
2985 5075 3065 5111 τε.
3101 5058 3177 5111 lu.

1976 5132 2088 5202 (57)
2139 5127 2697 5202 Κατασείουσιταῖς
2735 5128 2991 5202 ὀθόναις.
3033 5129 3289 5202 Solebant
3329 5127 3459 5202 olim

1904 5201 1959 5255 in
1987 5198 2232 5257 theatris
2272 5208 2601 5270 spectatores
2651 5200 2708 5254 in
2758 5199 2973 5270 signum
3039 5198 3458 5270 favoris_ora_ria

1902 5281 2211 5327 concutere.
2245 5266 2377 5326 Vide
2397 5285 2518 5342 quae
2545 5270 2757 5342 notavit
2772 5266 3131 5342 casaubonus
3156 5270 3225 5323 ad
3253 5266 3454 5342 yopis-

1902 5357 2024 5397 cum
2055 5343 2110 5397 in
2138 5336 2453 5407 Aureliano,
2497 5340 2589 5394 ubi
2624 5336 2893 5408 Vopiscus
2930 5340 3061 5394 dicit
3102 5336 3454 5394 Aurelianum

1901 5414 2134 5480 primum
2161 5412 2402 5467 omnium
2431 5410 2609 5465 oraria
2636 5410 2850 5465 dedisse
2882 5410 3082 5479 populo
3111 5408 3357 5480 Romamne
3386 5408 3454 5460 ad

1900 5475 2160 5537 favorem.
2213 5482 2536 5537 Aurelianus
2570 5480 2730 5550 igitur
2764 5479 2816 5533 id
2849 5475 3130 5548 acceperat
3170 5479 3237 5532 ab
3262 5475 3455 5530 Orien-

1902 5553 2118 5618 talibus,
2151 5553 2255 5619 qui-
2279 5553 2438 5622 longe
2475 5561 2601 5605 ante
2644 5551 2820 5619 ipsum
2853 5550 3048 5622 orariis
3066 5550 3144 5622 ad
3180 5563 3301 5602 eam
3335 5562 3452 5622 rem

1900 5617 2208 5686 utebantur,
2238 5632 2295 5676 ut
2322 5617 2482 5675 docet
2521 5622 2607 5675 hic
2647 5617 2817 5683 locus,
2877 5632 2931 5674 et
2979 5618 3340 5686 Philostratus
3390 5617 3451 5674 in

1898 5676 2017 5762 cap.
2051 5694 2085 5746 5
2127 5676 2265 5745 uti.
2319 5691 2395 5745 De
2436 5693 2543 5746 vita
2586 5676 2884 5759 Apollonii,
2924 5689 3150 5762 loquens
3190 5689 3256 5746 de
3319 5676 3453 5744 Tar-

1896 5760 2164 5834 sensihus,
2198 5772 2251 5818 et
2284 5762 2380 5818 Dio
2405 5763 2542 5817 libro
2574 5775 2684 5828 ut,
2716 5762 2771 5815 in
2803 5763 2924 5815 line.
2956 5760 3029 5817 lt).
