3986 6358
493 317 603 374 255
1667 322 2059 380 .MALCHIONI
2072 323 2111 379 S
2139 324 2563 381 ANTlOCHENl
2900 322 2917 339 '
3628 325 3740 381 256

496 437 780 494 lacerabat
813 457 829 495 :
859 438 927 495 de
955 448 1015 495 se
1043 449 1225 495 autem
1259 441 1374 511 ipse
1410 442 1696 511 magniﬁce
1719 443 2063 514 loquebatur,

2172 447 2290 510 τοὺς
2318 447 2419 519 μὲν
2450 449 2531 512 είς
2568 446 2659 502 τὸν
2690 446 2891 518 Κύριον
2915 444 3074 518 ἡμῶν
3112 444 3575 524 ἰησοῦνηΧριστδν
3600 447 3747 497 παύ-

497 545 606 585 non
640 541 699 588 ut
726 533 1037 602 episcopus,
1081 533 1175 588 sed
1212 543 1272 586 ut
1315 533 1556 603 sapbista
1608 535 1832 605 quidam
1874 545 1929 590 et
1965 534 2068 590 im-

2174 555 2292 602 σας,
2314 537 2390 603 ὡς
2407 538 2470 610 δὴ
2498 539 2794 611 νεωτέρους
2815 538 2910 592 καὶ
2931 539 3203 609 νεωτέρων
3226 536 3434 609 ἀνδρῶν
3453 537 3746 608 συγγράμ-

496 632 707 691 postor.
739 621 1046 691 Quinetiam
1068 626 1306 694 psalmos
1328 626 1382 679 in
1409 626 1669 680 honorem
1699 625 1911 681 Domini
1938 626 2067 682 Jesu

2174 643 2336 696 ματα·
2367 627 2447 689 είς
2476 627 2664 681 ἑαυτὸν
2689 627 2745 680 δὲ
2764 629 2825 681 ὲν
2848 626 2989 700 μέσῃ
3014 628 3078 699 τῇ
3105 625 3386 698 ἐκκλησίᾳ,
3417 630 3483 698 τῇ
3527 626 3744 700 μεγάλῃ

496 713 700 769 Christi
725 716 845 770 cani
880 717 1094 781 solitos,
1130 717 1290 787 quasi
1318 717 1566 773 novellos
1601 726 1657 772 et
1687 733 1718 772 a
1748 719 2065 774 recentiori-

2172 717 2262 770 τοῦ
2291 718 2478 788 Πάσχα
2509 719 2692 791 ἡμέρᾳ
2732 719 3037 790 ψαλμῳδεϊν
3075 722 3338 788 γυναῖκας
3392 720 3744 789 παρασκευά-

496 804 601 860 bus
622 805 938 861 beminibus
958 808 1295 876 compositos
1323 806 1577 861 abolevit.
1609 803 1861 861 Mulieres
1884 815 2065 860 autem

2172 807 2298 875 ζων,
2325 803 2399 863 ὧν
2423 810 2518 863 καὶ
2549 810 2788 873 ἀκούσας
2815 810 2881 864 ἄν
2920 828 3003 875 τις
3050 810 3310 883 φρίξειεν.
3343 805 3446 865 Οἷα
3488 811 3580 865 καὶ
3612 813 3746 874 τοὺς

496 912 695 967 magno
721 896 946 953 Pascha:
965 898 1053 953 die
1087 898 1142 952 in
1171 897 1351 952 media
1377 897 1607 953 ecclesia
1630 896 1869 966 psalmos
1899 910 2068 966 quos-

2172 899 2514 964 θωπεύοντας
2540 900 2700 954 αὐτὸν
2720 901 3048 967 ἐπισκόπους
3067 903 3173 956 τῶν
3195 902 3407 976 ὁμόρων
3427 902 3613 975 ἀγρῶν
3626 901 3750 975 (58)

466 988 622 1043 λάθω
657 1004 857 1044 canere
900 989 967 1044 ad
1015 990 1102 1044 sui
1136 990 1310 1060 ipsius
1354 989 1571 1045 laudem
1611 990 1877 1056 instituit;
1919 989 2065 1060 quod

2172 1010 2227 1047 τε
2258 992 2352 1046 καὶ
2376 992 2579 1046 πόλεων
2612 992 2704 1045 καὶ
2742 991 3162 1065 πρεσϐυτέρους,
3191 997 3250 1048 ὲν
3305 997 3426 1058 ταῖς
3469 994 3607 1067 πρὸς
3647 994 3749 1048 τὸν

496 1082 718 1150 quidem
772 1084 1118 1141 audientibus
1176 1084 1459 1141 horrorem
1498 1088 1697 1142 merito
1747 1087 2059 1143 incusserit.

2172 1083 2293 1137 λαὸν
2314 1081 2552 1154 ὁμιλίαις
2577 1082 2796 1154 καθίησι
2820 1083 3176 1154 διαλέγεσθαι.

497 1172 798 1245 Episcopos
827 1191 1047 1246 quoque
1086 1175 1390 1231 vicinorum
1430 1193 1691 1249 pagorum
1715 1188 1772 1234 et
1797 1179 2096 1242 civitatum,
2136 1190 2236 1231 nec
2269 1190 2378 1230 non
2423 1184 2479 1230 et
2517 1175 2859 1246 presbyteros
2896 1186 3259 1233 assentatores
3294 1192 3423 1233 suos
3462 1176 3750 1244 submisit,

496 1266 593 1335 qui
624 1266 678 1320 in
702 1269 818 1322 suis
846 1267 915 1321 ad
944 1268 1203 1337 populum
1235 1269 1593 1324 concionibus
1624 1270 1815 1325 eadem
1850 1270 1918 1325 de
1942 1270 2063 1339 ipso
2102 1266 2479 1338 praedicarent.

565 1356 653 1412 lll.
686 1357 902 1413 Etenim
923 1359 1121 1413 Filium
1146 1359 1240 1415 Dei
1265 1375 1296 1416 e
1319 1361 1460 1416 cutio
1481 1360 1847 1428 descendisse,
1880 1360 2068 1415 nobis-

497 1463 622 1504 cum
658 1451 904 1506 confiteri
931 1451 1133 1517 renuit,
1156 1462 1217 1508 ut
1243 1452 1451 1523 aliquid
1474 1454 1650 1510 obiter
1674 1452 2069 1524 praemittamus

496 1557 565 1598 ex
590 1542 657 1598 iis
683 1558 806 1612 quae
831 1542 974 1598 infra
1002 1543 1226 1600 uberius
1259 1554 1614 1615 exponentur.
1639 1543 1824 1616 Neque
1858 1544 1912 1598 id
1935 1543 2069 1599 sim-

498 1634 625 1705 plici
654 1636 958 1691 assertione
976 1645 1184 1703 nostra,
1213 1636 1307 1693 sed
1328 1652 1396 1692 ex
1420 1638 1554 1708 ipsis
1574 1654 1697 1709 qua:
1729 1639 1799 1693 ad
1834 1651 1929 1692 vos
1961 1636 2067 1690 mi-

501 1729 675 1784 simus
704 1728 883 1786 Gestis
900 1745 1010 1784 non
1043 1731 1212 1786 semel
1240 1730 1551 1786 declaratur
1586 1748 1601 1787 :
1646 1731 1883 1787 maxime
1914 1746 2064 1795 vero,

2243 1357 2346 1410 Τὴν
2368 1357 2466 1429 μὲν
2494 1356 2604 1429 γὰρ
2635 1355 2763 1411 Υίδν
2803 1356 2896 1412 τοῦ
2932 1357 3066 1412 Θεοῦ
3094 1359 3156 1413 οὐ
3188 1359 3431 1430 βούλεται
3457 1362 3751 1433 συνομολο-

2172 1452 2286 1521 γεῖν
2318 1448 2379 1514 ἐξ
2417 1449 2645 1522 οὐρανοῦ
2682 1448 3122 1521 κατεληλυθέναι,
3161 1451 3249 1506 ἵνα
3284 1469 3338 1505 τι
3382 1452 3751 1524 προλαϐόντες

2172 1539 2279 1592 τῶν
2336 1539 2638 1609 μελλόντων
2679 1539 3054 1613 γραφήσεσθαι
3104 1540 3305 1612 θῶμεν·
3350 1543 3443 1596 καὶ
3476 1542 3633 1597 τοῦτο
3675 1545 3749 1599 οὐ

2172 1630 2315 1701 λόγῳ
2344 1631 2486 1703 ψιλῷ
2518 1632 2831 1704 ῥηθήσεται,
2865 1631 2983 1687 ἀλλ’
3027 1632 3087 1700 ἐξ
3135 1625 3213 1687 ὧν
3252 1634 3576 1707 ἐπέμψαμεν
3603 1636 3749 1690 ὐπο-

2174 1723 2466 1792 μνημάτων
2498 1723 2608 1800 (59)
2630 1722 2902 1778 δείκνυται
2936 1723 3281 1796 πολλαχόθεν·
3310 1726 3425 1797 οὐχ’
3451 1728 3654 1797 ἥκιστα
3684 1727 3750 1783 δὲ

502 1816 595 1870 ubi
618 1817 754 1872 dicit
778 1816 967 1873 Jesum
992 1818 1275 1875 Christum
1307 1835 1340 1876 e
1377 1829 1518 1876 terra
1550 1829 1729 1876 ortum
1766 1821 1958 1878 fuisse.
1998 1824 2071 1875 At

2172 1812 2303 1865 ὅπου
2321 1811 2467 1881 λέγει
2483 1811 2687 1884 Ἰησοῦν
2698 1812 2929 1885 Χριστὸν
2959 1814 3201 1869 κάτωθεν
3224 1815 3379 1886 (59‘).
3398 1817 3461 1870 οἱ
3484 1817 3542 1871 δὲ
3556 1820 3637 1882 είς
3650 1819 3751 1872 a6-

499 1925 630 1965 vero
662 1910 738 1964 illi
776 1911 872 1981 qui
914 1911 971 1965 in
1020 1911 1140 1981 ejus
1164 1912 1448 1968 ~honorem
1479 1916 1723 1983 psalmos
1760 1923 1986 1982 canunt,
2017 1924 2071 1970 et

500 2016 685 2057 coram
720 2003 923 2073 populo
946 2017 1072 2058 eum
1107 2003 1502 2074 depraedicant,
1539 2006 1716 2075 ipsum
1765 2022 1927 2077 quem
1970 2007 2073 2062 im-

499 2094 717 2164 pietatis
745 2094 1024 2151 doctorem
1070 2096 1399 2159 habuerunt,
1443 2098 1695 2168 angelum
1731 2113 1855 2155 esse
1884 2099 2073 2155 dicunt

501 2201 533 2242 e
564 2188 705 2244 cmlo
726 2189 1030 2258 delapsum.
1054 2187 1231 2258 Atque
1260 2189 1378 2244 haec
1400 2188 1490 2243 ille
1520 2192 1764 2245 omnium
1790 2191 2071 2248 hominum

501 2281 927 2350 superbissimus
958 2296 1066 2335 non
1084 2281 1368 2352 prohibet;
1399 2282 1494 2338 sed
1522 2283 1747 2339 interest
1777 2285 1912 2355 ipse,
1944 2301 2069 2341 cum

501 2371 781 2426 dicuntur.
821 2370 962 2437 Quid
993 2371 1085 2426 hic
1115 2370 1320 2426 referre
1359 2373 1554 2427 attinet
1599 2374 2067 2442 subintroductas,

503 2471 563 2516 ut
591 2460 916 2517 Antiocheni
948 2470 1167 2527 vocant,
1221 2462 1500 2528 mulieres,
1536 2471 1647 2519 tam
1687 2466 1858 2536 ipsius
1906 2483 2070 2539 quam

502 2552 940 2623 presbyterorum
961 2552 1080 2622 ejus
1107 2567 1174 2608 ac
1209 2552 1604 2609 diaconorum?
1640 2555 1701 2609 In
1738 2556 1938 2626 quibus
1961 2573 2069 2615 non

501 2642 608 2698 hoc
629 2643 830 2707 solum,
861 2643 957 2698 sed
992 2642 1153 2698 etiam
1176 2642 1280 2697 alia
1312 2643 1635 2700 insanabilia
1659 2644 1909 2713 crimina,
1935 2662 2074 2718 quo-

500 2750 625 2789 rum
650 2733 905 2790 conscius
937 2743 1021 2789 est
1046 2743 1103 2789 et
1127 2749 1361 2805 quorum
1397 2735 1547 2802 ipsos
1577 2750 1703 2791 reos
1733 2752 1857 2794 esse
1884 2740 2074 2795 convi-

501 2827 595 2894 cit,
634 2828 994 2883 nihilominus
1033 2828 1164 2899 tegit
1214 2843 1279 2884 ac
1319 2828 1648 2897 dissimulat,
1698 2840 1759 2886 ut
1807 2831 1930 2890 illos
1969 2833 2071 2890 sibi

500 2919 770 2976 obnoxios
792 2920 1024 2988 habeat;
1055 2929 1222 2990 utque
1248 2922 1379 2976 dum
1407 2921 1511 2977 sibi
1533 2922 1666 2991 ipsis
1691 2932 1961 2990 metuunt,
1990 2926 2073 2996 ip-

503 3029 627 3070 sum
658 3013 729 3068 ob
760 3029 823 3068 ea
869 3029 992 3082 quae
1035 3012 1201 3084 impie
1242 3014 1355 3092 agit
1394 3028 1458 3069 ac
1504 3015 1764 3085 loquitur,
1817 3031 2073 3073 accusare

503 3118 615 3159 non
645 3103 901 3159 audeant.
928 3103 1011 3159 Ad
1042 3104 1158 3159 haec
1186 3105 1394 3161 divitiis
1422 3120 1520 3161 eos
1547 3107 1917 3176 locupletavit.
1963 3107 2073 3164 Cu-

499 3196 592 3265 jus
620 3196 700 3250 rei
724 3211 893 3251 causa
916 3196 985 3250 ab
1011 3196 1080 3251 iis
1108 3197 1203 3266 qui
1238 3196 1371 3251 talia
1400 3173 1816 3268 concupiscunt,
1859 3210 2075 3256 amatur
2096 3173 2143 3228 θ

505 3295 667 3357 atque
699 3287 1018 3357 suspicitur.
1062 3285 1226 3355 Quid,
1286 3289 1531 3359 inquam,
1564 3290 1754 3346 attinet
1787 3291 1905 3347 haec
1935 3293 2075 3349 scri-

505 3378 674 3434 bere?
717 3376 936 3435 Scimus
965 3379 1174 3450 utique,
1228 3378 1426 3436 fratres
1460 3380 1822 3449 dilectissimi,
1866 3383 2077 3452 episco-

505 3484 635 3539 pum
666 3478 724 3526 et
755 3470 1070 3526 universum
1098 3468 1303 3526 clerum
1335 3471 1602 3526 bonorum
1656 3487 1879 3541 operum
1900 3489 2078 3529 exem-

506 3564 658 3634 plum
692 3563 1028 3618 multitudini
1052 3563 1292 3634 praebere
1311 3562 1528 3619 debere.
1557 3562 1742 3635 Neque
1763 3566 1894 3621 illud
1916 3566 2076 3638 igno-

508 3672 716 3722 ramus,
761 3664 894 3727 quot
939 3672 1006 3711 ex
1058 3656 1327 3727 ejusmodi
1377 3657 1667 3713 mulierum
1719 3659 2074 3716 contubernio

422 3771 439 3787 ι
508 3751 704 3820 partim
764 3749 819 3804 in
860 3765 1098 3821 praeceps
1130 3749 1267 3820 lapsi
1310 3749 1441 3816 sint,
1466 3750 1663 3821 partim
1703 3751 1758 3806 in
1803 3753 2072 3824 suspicio-

508 3858 634 3899 nem
661 3842 922 3898 venerint.
953 3842 1139 3913 ltaque
1176 3843 1341 3898 etiam
1368 3843 1415 3899 si
1454 3844 1578 3913 quis
1601 3847 1951 3913 concesserit,
1989 3847 2075 3902 ni-

581 4047 694 4115 (38)
739 4043 1286 4118 fEezco’xdetovgrér
1312 4044 1785 4118 ὁμόρων-ἀγρῶν,
1819 4043 2075 4118 Cborepi.

513 4114 711 4184 scopas
739 4116 1037 4187 intelligere
1069 4116 1297 4187 videtur.
1338 4114 1445 4187 Eos
1470 4114 1614 4187 enim
1649 4115 1934 4187 distinguit
1958 4114 2074 4187 epi-

514 4182 649 4244 stola
679 4188 748 4240 ab
778 4182 1047 4254 episcbpis
1076 4184 1315 4237 urbium.
1353 4182 1462 4236 Hos
1484 4183 1746 4254 igiturhin
1795 4182 2075 4243 concioni-

512 4258 616 4314 bus
654 4257 718 4310 ad
745 4252 1024 4328 populum,
1054 4253 1250 4307 similia
1272 4268 1339 4317 ac
1365 4252 1617 4328 mulieres
1659 4252 2072 4328 illaspsaltrias,

512 4330 581 4383 de
600 4320 768 4381 Paulo
818 4320 1028 4379 dixisse
1080 4332 1345 4393 asserunt
1376 4320 1565 4378 Patres
1599 4341 1613 4378 :
1644 4320 2075 4393 quod'Chr'isto-L

513 4400 820 4470 phorsonus
853 4411 960 4449 non
986 4393 1291 4470 intellexit;
1304 4391 1500 4470 Vates.

583 4469 697 4542 (59)
748 4462 1229 4542 Ὑπομνημάτων.
1246 4462 1419 4542 _Qu_od_
1436 4478 1600 4535 supra
1619 4466 2068 4542 _obser_vavimus,

510 4534 697 4597 errare
718 4537 879 4608 vulgo
905 4537 1220 4608 interpretes
1245 4534 1299 4588 in
1329 4534 1664 4608 hujus’voc‘is
1694 4539 2069 4608 explicatione,

514 4612 568 4666 id
600 4601 944 4678 perspicuum
976 4601 1158 4678 fit'hoc
1182 4605 1321 4659 loco.
1346 4601 1480 4658 Nam
1506 4616 1560 4661 et
1599 4601 1815 4678 Langus
1842 4615 1896 4662 et
1926 4601 2074 4663 Mus;

514 4682 673 4735 culus
704 4688 759 4733 et
802 4676 1334 4744 Chrislopborsonus
1368 4676 1771 4732 commentarios
1805 4678 2072 4748 interpre-

514 4751 611 4806 tati
640 4758 802 4813 sunt;
845 4763 968 4802 cum
1013 4756 1132 4799 acta
1166 4760 1262 4799 seu
1298 4754 1445 4815 gesta
1486 4755 1694 4802 vertere
1735 4747 2071 4803 debuissent.

515 4822 645 4875 Acta
674 4827 849 4874 autem
879 4817 966 4888 illa
991 4815 1555 4888 synodiAntiochente
1576 4817 1879 4888 nihilaliud
1896 4828 2073 4882 erant,

516 4905 680 4961 quam
706 4885 1365 4961 disputatio'Malchionis
1408 4886 1669 4961 adversus
1709 4886 1936 4943 Paulum
1978 4889 2076 4945 Sa-

517 4956 881 5027 rnusatenum,
906 4973 1027 5027 qua:
1041 4972 1083 5027 ἒ
1108 4956 1335 5027 notariis
1357 4965 1579 5025 excepta
1610 4956 1804 5025 fuerat,
1824 4968 1882 5013 ut
1907 4974 2073 5027 supra

518 5024 672 5084 dixit'
707 5023 990 5098 Eusebius.
1040 5023 1119 5098 Ex
1182 5026 1265 5098 iis
1293 5027 1444 5098 Actis
1474 5023 1797 5098 testimonia
1827 5023 2073 5098 quaedam

520 5099 729 5171 profert
757 5096 1339 5171 Leorttius_l3yzanlius
1383 5097 1622 5171 in_libro
1666 5096 1940 5171 utcontra
1956 5097 2073 5171 Ne-

520 5166 774 5233 storium,
810 5182 985 5237 eaque
1014 5166 1348 5239 distinguere
1379 5166 1669 5239 videjturia
1709 5169 2076 5239 disputatione

520 5240 840 5297 Malchionis
870 5249 1062 5293 contra
1098 5237 1323 5291 Paulum
1365 5255 1379 5291 :
1420 5237 1513 5292 ubi
1550 5238 1712 5293 etiam
1759 5237 1950 5296 doctus
1986 5241 2073 5296 in-

521 5319 731 5380 terpres
761 5308 1168 5380 commentarios,
1193 5308 1479 5380 vertitzlo.

595 5376 729 5452 (ὅθ’)
756 5379 957 5449 Supple
980 5377 1325 5452 γεγενῆσθαι,
1342 5377 1519 5452 οΕυιτ.
1550 5376 1792 5452 Pareat.

595 5446 1196 5522 (40)'£vi‘swdnrovc.
1221 5446 1359 5522 Quid
1393 5458 1576 5522 essent
1606 5448 1938 5522 συνεισακτοι
1962 5463 2075 5522 mu-

527 5515 707 5585 lieres,
752 5522 865 5589 jam
912 5520 1118 5589 pridem
1155 5515 1664 5590 notavithloannes
1698 5515 1953 5590 Langus,
1991 5521 2072 5574 vir

526 5587 977 5654 doctissimus.ad
1023 5591 1223 5646 librum
1277 5605 1331 5643 vr
1383 5587 1709 5659 Nicephori,
1744 5587 1862 5659 cap.
1899 5589 1988 5651 '50.
2016 5598 2071 5643 et

525 5663 821 5733 pastillum
862 5661 924 5717 Β.
952 5661 1244 5717 Bhenanus
1270 5659 1335 5733 ad
1356 5659 1453 5733 lib.
1494 5675 1567 5713 vn
1600 5657 2071 5733 Bitti_ni.‘Qnorum

526 5728 701 5788 dnctis
737 5733 1203 5787 observationibus
1254 5730 1390 5785 nihil
1437 5739 1541 5791 est.
1587 5728 1731 5799 quod
1785 5730 2066 5784 addamus.

531 5800 848 5873 Hujusmodi
880 5804 1135 5861 mulieres
1177 5816 1208 5857 a
1237 5800 1448 5858 clericis
1471 5801 1629 5871 vulgo
1657 5813 1871 5857 sorores
1910 5815 2070 5856 voca-

2170 1904 2261 1957 τδν
2276 1902 2565 1973 ψάλλοντες
2591 1905 2684 1959 καὶ
2711 1907 3146 1977 ἐγκωμιάζοντες
3175 1910 3231 1962 ὲν
3252 1908 3331 1979 τῷ
3350 1907 3482 1980 λαῷ,
3512 1910 3749 1980 ἄγγελον

2169 1995 2260 2050 τὸν
2288 1996 2459 2067 ἀσεϐῆ
2490 1996 2803 2055 διδάσκαλον
2834 1998 3040 2052 ἑαυτῶν
3078 1998 3137 2066 ἐξ
3167 1999 3396 2071 οὐρανοῦ
3442 2001 3749 2075 κατεληλυ-

2172 2088 2322 2143 θέναι
2356 2088 2592 2158 λέγουσι.
2627 2089 2737 2143 Καὶ
2757 2087 2932 2145 ταῦτα
2961 2091 3022 2144 οὐ
3051 2089 3270 2156 κωλύει,
3303 2090 3439 2146 ἀλλὰ
3464 2092 3559 2146 καὶ
3587 2092 3751 2162 λεγο-

2174 2180 2355 2252 μένοις
2400 2180 2663 2252 πάρεστιν
2710 2182 2740 2235 ό
2784 2180 3150 2253 ὑπερήφανος.
3205 2181 3317 2247 Τὰς
3355 2183 3413 2236 δὲ
3457 2185 3749 2239 συνεισάκ-

2170 2287 2294 2334 τους
2320 2270 2431 2341 (40)
2460 2270 2623 2325 αὐτοῦ
2656 2273 2919 2340 γυναῖκας
2951 2272 3027 2336 ὠς
3072 2272 3363 2345 Ἀντιοχεῖς
3396 2274 3747 2347 ὀνομάζουσι,

2171 2362 2265 2416 καὶ
2295 2361 2399 2416 τῶν
2445 2363 2571 2434 περὶ
2597 2362 2759 2417 αὐτὸν
2794 2362 3178 2436 πρεσϐυτέρων
3222 2364 3316 2419 καὶ
3350 2364 3631 2431 διακόνων,
3660 2364 3748 2433 οἷς

2171 2453 2266 2507 καὶ
2294 2453 2452 2507 τοῦτο
2478 2453 2657 2508 καὶτὰ
2681 2453 2815 2509 ἄλλα
2838 2455 3207 2527 ἁμαρτήματα
3239 2455 3431 2510 ἀνίατα
3454 2456 3581 2511 ὄντα
3602 2475 3751 2528 συγ-

2171 2547 2422 2619 κρύπτει,
2442 2547 2695 2613 συνειδὼς
2708 2548 2802 2602 καὶ
2821 2548 3066 2619 ελέγξας,
3082 2550 3229 2614 ὅπως
3249 2551 3445 2615 αὐτοὺς
3460 2552 3748 2624 ὑπόχρεως

2170 2637 2289 2711 ἔχῃ,
2323 2639 2450 2710 περὶ
2471 2630 2546 2693 ὧν
2578 2637 2758 2708 λόγοις
2781 2639 2877 2693 καὶ
2892 2639 3074 2711 ἔργοις
3097 2640 3292 2706 ἀδικεῖ,
3327 2642 3402 2714 μὴ
3428 2642 3748 2714 τολμῶντας

2172 2733 2492 2803 κατηγορεῖν
2517 2730 2595 2802 τῷ
2626 2731 2744 2785 καθ’
2781 2732 3008 2797 ἑαυτοὺς
3054 2733 3223 2805 φόϐῳ·
3266 2734 3403 2788 ἀλλὰ
3449 2736 3544 2789 καὶ
3583 2736 3749 2792 πλου-

2172 2820 2316 2887 σίους
2334 2822 2627 2894 ἀπέφηνεν·
2647 2824 2731 2892 ἐφ’
2759 2815 2802 2891 ᾧ
2826 2823 2963 2894 πρὸς
2982 2823 3090 2878 τῶν
3109 2824 3176 2879 τὰ
3195 2823 3418 2879 τοιαῦτα
3439 2824 3745 2896 ζηλούντων

2172 2913 2401 2983 φιλεῖται
2442 2914 2536 2968 καὶ
2580 2913 2932 2984 θαυμάζεται·
2971 2914 3026 2968 τί
3066 2914 3133 2969 ἂν
3180 2915 3352 2971 ταῦτα
3406 2917 3742 2988 γράφοιμενς

2184 3004 2550 3078 Ἐπιστάμεθα
2574 3006 2651 3071 δὲ,
2686 3006 2979 3079 ἀγαπητοὶ,
3003 3008 3084 3061 ὅτι
3110 3008 3202 3062 τὸν
3232 3008 3525 3062 ἐπίσκοπον
3552 3008 3649 3064 καὶ
3681 3010 3747 3064 τδ

2171 3100 2433 3173 ίερατεῖον
2463 3100 2608 3155 ἅπαν
2630 3099 2975 3171 παράδειγμα
3003 3095 3139 3153 εἶναι
3166 3098 3247 3153 δεῖ
3273 3099 3352 3171 τῷ
3382 3099 3574 3172 πλήθει
3604 3101 3745 3156 πάν-

2173 3208 2280 3244 των
2303 3189 2483 3244 καλῶν
2513 3188 2709 3262 ἔργων·
2742 3189 2835 3244 καὶ
2878 3189 2999 3243 οὐδὲ
3041 3190 3216 3243 ἐκεῖνο
3268 3190 3589 3262 ἀγνοοῦμεν,
3624 3193 3745 3247 ὅσοι

2175 3281 2282 3336 ὑπὸ
2332 3281 2428 3336 τοῦ
2481 3281 2817 3350 συνεισάγειν
2852 3282 3064 3345 ἑαυτοῖς
3091 3284 3353 3351 γυναῖκας
3380 3282 3652 3347 ἐξέπεσον·
3692 3283 3744 3337 οἱ

2173 3373 2219 3427 δ’
2250 3373 2681 3444 ὑποπτεύθησαν·
2712 3372 2840 3427 ὥστ’
2867 3374 2917 3427 ει
2962 3373 3054 3428 καὶ
3097 3373 3216 3445 δοίη
3250 3374 3360 3446 (Μ)
3393 3393 3475 3439 τις
3504 3373 3654 3447 αὐτῷ
3680 3375 3746 3430 τό

2178 3465 2340 3539 μηδὲν
2370 3465 2596 3534 ἀσελγὲς
2643 3468 2836 3531 ποιεῖν,
2874 3465 3010 3521 ἀλλὰ
3039 3467 3138 3540 τήν
3179 3484 3244 3536 γε
3275 3468 3525 3522 ὑπόνοιαν
3550 3469 3651 3542 τὴν
3677 3470 3747 3524 ὲκ

2172 3559 2267 3615 τοῦ
2317 3559 2554 3615 τοιούτου
2596 3559 2916 3630 πράγματος
2956 3557 3230 3632 φυομένην
3303 3560 3469 3631 ἐχρῆν
3509 3559 3747 3631 εὐλαϐη-

2174 3652 2353 3724 θῆναι,
2376 3655 2447 3726 μή
2461 3671 2581 3710 τινα
2598 3655 2940 3730 σκανδαλίσῃ,
2965 3659 3089 3721 τοὺς
3109 3656 3164 3711 δὲ
3190 3656 3285 3711 καὶ
3311 3656 3591 3730 μιμεῖσθαι
3614 3674 3747 3730 προ-

2172 3738 2454 3817 τρέψηται.
2493 3746 2618 3812 Πῶς
2646 3746 2754 3820 γὰρ
2799 3746 2866 3801 ἂν
2916 3747 3261 3820 ἐπιπλήξειεν
3301 3747 3334 3819 ἢ
3367 3747 3746 3820 νουθετήσειεν

2173 3837 2381 3909 ἕτερον,
2414 3838 2489 3911 μὴ
2528 3840 2976 3910 συγκαταϐαίνειν
3016 3840 3269 3895 επιστ-λέον
3294 3843 3375 3905 είς
3411 3840 3609 3894 ταύτὸν
3648 3858 3749 3911 γυ-

2172 4047 2390 4102 bantur.
2426 4044 2485 4099 ld
2522 4060 2610 4101 me
2642 4044 2826 4100 docuit
2857 4059 3033 4101 canon
3074 4045 3108 4099 5
3138 4044 3353 4100 concilii
3385 4043 3610 4111 Nicmni,
3639 4047 3744 4115 qui

2173 4117 2229 4177 in
2268 4116 2639 4170 vetustissimo
2675 4116 2860 4170 codice
2899 4115 3211 4170 Corbeiensi
3252 4115 3396 4171 hanc
3447 4116 3604 4171 habet
3651 4116 3747 4171 in-

2174 4187 2561 4255 scriptionem:
2595 4185 2671 4239 De
2695 4185 3125 4249 subintroductis,
3160 4185 3216 4239 id
3247 4196 3322 4239 est
3362 4185 3618 4255 adoptitis
3651 4204 3747 4240 ao-

2176 4256 2403 4311 roribus.
2436 4254 2751 4324 Ex_rquibns
2779 4255 3094 4324 explicanda
3131 4263 3216 4310 est
3251 4256 3335 4310 lex
3378 4254 3600 4311 Honorii
3642 4256 3743 4321 μ,

2174 4326 2229 4381 in
2263 4326 2449 4382 codice
2498 4322 2768 4380 Tlieodos.
2799 4322 2866 4379 de
2892 4324 3162 4394 episcopis
3203 4335 3256 4379 et
3297 4325 3527 4381 clericis.
3574 4324 3742 4391 Eum,

2172 4398 2263 4468 qui
2294 4393 3221 4468 probabilemsceculodisciplinam
3261 4397 3392 4468 agit,
3446 4396 3746 4468 decolorari

2178 4464 2440 4522 consortio
2474 4466 2693 4520 sororia
2728 4464 3099 4534 appellationis
3136 4482 3240 4519 non
3283 4466 3450 4532 decet,
3489 4475 3598 4522 etc.
3646 4465 3747 4524 Sic

2105 4525 2150 4582 ι)
2176 4538 2337 4593 etiam
2370 4537 2572 4591 devotae
2612 4534 2723 4593 Deo
2750 4525 2986 4606 virgines
3007 4536 3271 4606 quosdam
3310 4536 3412 4591 sibi
3435 4525 3744 4594 extraneos

2176 4606 2563 4677 adiungebant,
2626 4621 2765 4676 quos
2816 4603 3258 4677 fratres'jocare
3319 4616 3739 4677 consueverant.

2175 4673 2673 4748 Quam'nequitiam
2702 4676 3015 4748 perstringit
3045 4673 3403 4748 Hieronymus
3429 4676 3483 4748 i_n
3508 4678 3742 4746 epistola

2173 4748 2241 4804 ad
2271 4745 2622 4803 Eustochium
2640 4745 2718 4801 de—
2737 4747 2981 4816 custodia
3016 4745 3341 4816 virginitatis
3376 4764 3391 4801 :
3424 4745 3621 4801 Frater
3648 4764 3744 4802 so-

2175 4835 2343 4873 rorem
2366 4818 2617 4887 uirginem
2663 4816 2873 4871 deserit.
2908 4815 3153 4871 Calibem
3197 4818 3394 4886 spernit
3431 4818 3572 4887 virgo
3620 4834 3745 4887 ger-

2174 4903 2423 4951 manum;
2452 4887 2668 4957 fratrem
2698 4887 3245 4958 queritrextraneum.
3287 4887 3357 4941 Et
3397 4903 3513 4940 cum
3551 4888 3607 4940 in
3643 4904 3736 4942 eo-

2173 4963 2290 5015 dem
2318 4956 2580 5029 proposito
2622 4956 2731 5012 esse
2770 4973 2824 5012 se
2856 4956 3124 5029 simulent,
3146 4969 3407 5029 {quierunt
3441 4957 3741 5029 alienorum

2173 5028 2414 5100 spiritale
2451 5028 2721 5100 solatium,
2785 5036 2843 5081 ut
2883 5028 3033 5100 domi
3070 5028 3295 5082 habeant
3339 5028 3549 5100 carnale
3593 5045 3742 5100 οοηιιτ

2173 5096 2443 5155 mercium.
2466 5097 2796 5168 Dicebantur
2826 5096 2999 5168 etiam
3015 5109 3420 5168 commanentes
3465 5098 3740 5168 ejusmodi

2172 5172 2447 5226 mulieres.
2493 5166 2583 5224 Sic
2626 5168 2769 5222 enim
2820 5166 3135 5222 inscribitur
3164 5183 3340 5223 canon
3384 5166 3739 5224 ille‘concilii

2172 5239 2376 5296 Nicmni
2412 5240 2467 5293 in
2496 5238 2869 5293 vetustissimo
2900 5236 3084 5293 codice
3112 5238 3173 5293 C.
3215 5237 3432 5294 Justelli
3480 5236 3552 5292 De
3590 5254 3741 5292 com-

2172 5310 2522 5388 manentibus.
2545 5307 2829 5388 _Agapetas
2874 5321 3092 5388 quoque
3137 5325 3233 5388 eas
3273 5309 3564 5388 vocabant,
3596 5318 3740 5364 teste

2171 5377 2522 5449 Hieronymo_
2545 5378 2597 5431 in
2621 5377 2784 5434 ’dicta
2820 5378 3068 5448 epistula,
3107 5380 3200 5435 ubi
3233 5380 3499 5436 acerrime
3539 5379 3595 5433 in
3639 5393 3740 5435 eas

2172 5443 2459 5505 invehitur.
2483 5443 2682 5501 Vrsas.

2263 5519 2351 5590 41)
2383 5520 2562 5590 "pars
2593 5516 2694 5590 nul
2729 5519 2780 5572 εί
2808 5516 2962 5590 δοίη.
2995 5516 3213 5576 Rectius
3242 5519 3296 5574 in
3318 5519 3525 5590 codice
3566 5515 3736 5584 Μαι..

2170 5587 2307 5660 Fuit.
2332 5587 2391 5644 et
2421 5587 2560 5642 Med.
2592 5588 2788 5660 legitur
2819 5588 2894 5653 ὦς
2930 5591 2978 5641 τ’
3012 5590 3061 5643 εί
3108 5590 3203 5645 xai.
3247 5589 3384 5660 δοίη.
3431 5590 3606 5658 Atque
3658 5590 3736 5644 ita

2171 5605 2307 5645 run.
2336 5605 2391 5644 et
2421 5605 2560 5642 mea.
2594 5605 2642 5643 le
2681 5605 2788 5643 ιιυι·
2819 5606 2894 5653 ως
2930 5605 2978 5641 τ’
3012 5605 3061 5643 ει
3108 5605 3203 5645 και
3247 5605 3384 5660 οοιη.
3431 5605 3606 5658 sique
3658 5605 3736 5644 ita

2169 5658 2506 5786 Ιέἐὶεῃξὲἓὲῗ
2552 5605 2958 5786 ῗὲοίέςηςειιυε,
3011 5660 3118 5718 nisi
3176 5661 3322 5733 quod
3368 5659 3736 5735 apostrophen

2170 5745 2278 5787 non
2302 5744 2520 5786 natlem.
2554 5744 2632 5786 ID.
