3986 6358
541 343 647 398 259

1208 295 1630 403 MA'LCELIUNIS
1669 347 2006 402 EPlSTOLA
2044 347 2329 406 CONTRA
2376 352 2659 411 PAULUM
2701 355 3043 412 SAMOSAT.

3684 359 3798 416 260

545 578 924 659 Fragmenta
957 581 1277 658 Epistulae,
1312 589 1381 643 ut
1418 582 1704 669 videtur,
1744 581 2036 669 ejusdem
2079 586 2321 669 _S_yno_di
2348 586 2786 663 Αηείοεήεηω,
2815 591 2957 669 ejus
2991 588 3288 652 videlicet
3329 589 3528 668 partis
3597 607 3798 669 quam

1376 670 1623 721 constat
1674 660 1877 722 fuisse
1943 662 2021 722 ab
2077 660 2360 728 Eusebio
2418 660 2931 744 praetermissam.

1201 760 1357 825 Apud
1385 759 1662 816 Leontium
1695 764 2040 836 Byzantium,
2072 769 2164 823 lib.
2211 786 2271 825 ιιι
2306 782 2486 825 contra
2518 772 2757 837 Nestor.,
2782 772 2877 827 sub
2914 773 3091 843 ﬁnem.

611 850 702 903 Ait
750 849 915 920 igitur
955 850 1011 904 in
1060 854 1469 910 commentariis
1500 854 1590 925 (de
1617 855 1789 914 Paulo
1846 860 2192 935 loquuntur)
2221 879 2444 920 servare
2488 867 2808 936 dignitatem
2859 866 3162 937 sapientiae.

1966 950 2034 1004 Et
2068 963 2183 1021 post
2211 956 2319 1009 alia
2357 972 2376 1011 :

612 1030 669 1086 Si
693 1040 875 1086 autem
898 1032 1196 1087 secundum
1224 1032 1604 1093 formationem
1630 1048 1684 1095 et
1707 1042 2105 1111 generationem
2133 1057 2182 1114 Α
2209 1048 2552 1118 sapientiam,
2590 1057 2648 1103 ut
2689 1063 2790 1103 nos
2836 1045 3131 1115 credimus,
3176 1046 3630 1113 substantialiter,
3682 1045 3788 1104 sed

539 1124 825 1193 copulatus
873 1132 1009 1188 eral,
1050 1124 1257 1180 homini
1305 1126 1409 1182 hoc
1456 1129 1727 1186 accidere.
1754 1130 1825 1185 Et
1867 1149 2052 1187 rursus
2086 1149 2105 1188 .-

537 1215 657 1273 Non
697 1218 844 1272 enim
897 1227 1315 1288 congeneratam
1366 1219 1539 1277 fuisse
1586 1238 1709 1278 cum
1767 1224 2109 1280 humanitate

2216 1140 2519 1194 secundum
2551 1140 2889 1210 qualitatem.

1952 1315 2046 1384 Et:
2063 1327 2178 1385 post
2213 1317 2324 1372 alia
2345 1332 2364 1371 :

606 1399 747 1467 Quid
785 1411 968 1457 autem
1006 1404 1120 1459 vult
1167 1404 1349 1460 dicere
1379 1405 1541 1460 aliam
1572 1422 1694 1463 esse
1741 1419 1795 1465 et
1836 1410 2104 1465 diversam

539 1496 921 1552 formationem
952 1499 1156 1555 Christi
1182 1516 1211 1555 a
1244 1511 1459 1566 nostra,
1494 1500 1802 1557 volentibus
1844 1502 2002 1556 n‘obis
2046 1502 2103 1556 in

536 1590 641 1644 hac
689 1591 926 1645 maxima
959 1608 1064 1646 una
1100 1608 1158 1648 re
1194 1593 1415 1649 differre
1451 1594 1623 1665 ipsius
1655 1595 2101 1651 constitutionem

2211 1428 2242 1467 a
2276 1422 2484 1477 nostra,
2514 1412 2659 1483 quod
2689 1412 2897 1469 scilicet
2922 1412 2977 1467 in
3014 1412 3133 1485 ipso
3157 1412 3229 1469 sit
3264 1411 3503 1467 Verbum
3533 1411 3683 1481 quod
3719 1412 3785 1466 in

2208 1506 2369 1562 nobis
2391 1505 2556 1560 homo
2582 1505 2804 1560 interior
2828 1504 2966 1576 (48).
3740 1501 3755 1514 '

2010 1707 2078 1762 Et
2109 1714 2285 1775 postea
2304 1717 2321 1755 :

604 1800 663 1856 Si
715 1802 894 1857 dicere
928 1802 1220 1858 habitasse
1274 1802 1327 1857 in
1375 1818 1443 1859 eo
1492 1804 1837 1875 sapientiam,
1867 1804 2011 1859 sicut
2038 1801 2095 1857 in

533 1893 686 1946 nullo
715 1893 843 1956 alio,
869 1893 976 1948 hoc
1003 1895 1221 1948 modum
1253 1893 1471 1963 quidem
1499 1894 1911 1950 inhabitationis
1940 1910 2097 1949 eum-

531 1984 654 2036 dem
678 1983 940 2046 declarat,
962 1998 1214 2039 mensura
1243 1998 1372 2038 vero
1398 1992 1452 2038 et
1473 1984 1818 2039 multitudine
1844 1984 2095 2038 excellit:

531 2075 684 2129 verbi
718 2076 914 2145 gratia,
943 2075 1108 2145 duplo
1144 2076 1288 2145 plus,
1320 2084 1416 2131 aut
1456 2078 1948 2147 quomodocunque
1984 2092 2101 2130 am-

529 2167 693 2236 plius,
718 2168 803 2223 vel
834 2168 1015 2224 minus
1037 2168 1203 2240 duplo
1230 2184 1397 2263 quam
1430 2169 1544 2237 alii,
1579 2178 1940 2240 cognoscente
1980 2169 2098 2239 ipso

2196 1814 2226 1853 a
2259 1795 2545 1866 sapientia.
2585 1791 2701 1847 Hoc
2732 1801 2910 1846 autem
2948 1789 3140 1845 nolunt
3188 1790 3441 1846 catholici
3485 1801 3540 1844 et
3582 1790 3767 1844 eccle-

2197 1888 2404 1946 siastici
2432 1899 2689 1949 canones,
2706 1883 2800 1938 sed
2823 1881 3005 1955 potius
3022 1881 3144 1937 illos
3164 1881 3382 1952 quidem
3408 1881 3770 1955 participasse

2197 1979 2520 2050 sapientiam
2571 1974 2706 2030 l‘oris
2744 1952 3127 2043 inspirantem,
3174 1987 3297 2041 quas
3345 1972 3454 2027 alia
3496 1982 3581 2026 est
3617 1952 3772 2040 apud

2198 2076 2380 2146 ipsos;
2409 2072 2582 2140 ipsam
2610 2081 2741 2123 vero
2770 2067 3089 2137 sapientiam
3123 2081 3215 2134 per
3236 2083 3294 2122 se
3312 2067 3486 2138 ipsam
3513 2066 3777 2122 substan-

2198 2166 2400 2221 tialiter
2423 2163 2478 2217 in
2508 2174 2709 2231 corpus
2739 2175 2807 2215 ex
2834 2158 3002 2213 Maria
3037 2158 3271 2214 venisse.

1942 2258 2011 2313 Et
2038 2267 2154 2329 post
2187 2255 2298 2311 alia
2332 2270 2351 2307 :

597 2373 676 2428 Ac
705 2373 910 2438 dicunt,
950 2388 1060 2428 non
1106 2386 1227 2428 esse
1271 2372 1408 2427 duos
1438 2370 1597 2427 ﬁlios.
1629 2370 1687 2426 Si
1711 2382 1888 2427 autem
1918 2372 2089 2428 Filius

524 2472 612 2522 est
633 2463 723 2520 Dei
740 2462 901 2520 Jesus
926 2463 1209 2533 Christus;
1234 2463 1406 2520 Filius
1434 2478 1564 2518 vero
1588 2463 1750 2519 etiam
1780 2463 2047 2533 sapientia
2070 2480 2085 2527 ;

2194 2377 2249 2425 et
2290 2367 2435 2422 aliud
2460 2372 2545 2420 est
2577 2362 2863 2433 sapientis,
2893 2368 2948 2416 et
2972 2359 3117 2415 aliud
3144 2357 3302 2416 Jesus
3331 2359 3618 2416 Christus:
3644 2359 3764 2417 duo

2197 2469 2327 2517 sunt
2362 2459 2481 2513 filii.

1983 2559 2053 2613 Et
2083 2570 2263 2614 postea
2294 2571 2314 2609 :

1983 2576 2053 2613 ut
2119 2576 2263 2614 estea
2294 2576 2314 2609 .-

597 2653 1012 2724 Copulationem
1041 2652 1152 2725 (t9)
1181 2669 1310 2709 vero
1339 2669 1463 2710 cum
1504 2654 1771 2727 sapientia
1826 2652 1980 2709 aliter
2006 2576 2166 2713 in-pB
2195 2666 2301 2704 non
2337 2657 2516 2703 autem
2544 2643 2842 2702 secundum
2873 2642 3231 2699 substantiam
3271 2640 3326 2695 in
3371 2655 3600 2712 corpore
3650 2638 3768 2695 for-

524 2751 723 2821 tellige,
766 2749 1067 2804 secundum
1116 2747 1460 2817 disciplinam
1486 2755 1540 2801 et
1589 2745 2088 2816 participationem;

2200 2752 2423 2797 malam.

1941 2857 2011 2910 Et
2043 2864 2158 2927 post
2187 2855 2300 2909 alia
2331 2868 2349 2906 :

596 2953 784 3025 Neque
808 2952 965 3009 Deus
991 2953 1085 3023 qui
1123 2968 1321 3023 corpus
1354 2954 1651 3008 humanum
1691 2952 1897 3009 ferebat
1921 2961 1977 3008 et
2001 2953 2088 3005 in-

519 3049 731 3116 duerat,
757 3049 1070 3119 passionum
1109 3052 1470 3104 humanarum
1499 3049 1871 3120 principaliter
1894 3063 2089 3119 expers

518 3150 674 3209 erat;
705 3156 883 3211 neque
914 3155 1116 3210 corpus
1170 3141 1469 3197 humanum
1504 3140 1817 3195 divinorum
1861 3153 2089 3210 operum

518 3234 890 3304 principaliter
926 3249 1122 3304 expers
1156 3241 1276 3289 erat
1309 3233 1367 3289 iu
1409 3248 1477 3288 eo
1516 3233 1573 3288 in
1613 3248 1724 3304 quo
1745 3238 1882 3297 erat,
1912 3240 1967 3287 et
1995 3245 2088 3302 per

2195 2964 2359 3020 quem
2391 2949 2506 3004 haec
2552 2960 2715 3017 opera
2756 2944 3005 3001 faciebat.
3044 2943 3331 2999 Formatus
3372 2953 3455 2999 est
3484 2942 3758 3013 principa-

2192 3044 2315 3098 liter
2337 3050 2409 3112 ut
2441 3042 2605 3096 homo
2652 3040 2705 3094 in
2755 3048 2967 3104 ventre;
2996 3047 3050 3093 et
3094 3039 3416 3093 secundario
3446 3039 3557 3110 (50)
3610 3039 3758 3094 Deus

2191 3144 2309 3192 erat
2364 3135 2417 3190 in
2464 3142 2651 3188 ventre
2701 3130 3124 3201 συνουσιωμένος
3176 3128 3254 3201 τῷ
3298 3130 3641 3202 ἀνθρωπίνῳ,
3703 3132 3759 3185 id

2193 3237 2295 3291 est,
2326 3226 2577 3297 copulata
2609 3222 2910 3279 substantia
2939 3202 3060 3301 citis
3088 3236 3212 3277 cum
3247 3223 3483 3278 homine.

2096 3319 2183 3374 III.

740 3420 836 3480 Ex
889 3416 1063 3480 Actis
1113 3418 1570 3496 disputationis
1613 3419 1844 3482 habitas
1886 3437 1924 3483 a
1970 3417 2336 3481 Malchione
2385 3420 2602 3476 contra
2663 3410 2927 3473 Paulum
2984 3412 3494 3473 Somosatenum.

1116 3517 1292 3586 'Apud
1322 3516 1533 3571 Petrum
1567 3518 1862 3572 Diaconum
1899 3519 1990 3573 lib.
2026 3518 2103 3572 De
2132 3515 2407 3569 Incarnat.
2437 3514 2513 3586 ad
2538 3511 2899 3582 Fulgentium,
2929 3527 3046 3581 cap.
3076 3509 3127 3564 6.

1499 3588 1649 3643 Inter
1676 3606 1832 3659 opera
1860 3587 1919 3645 S.
1951 3587 2221 3658 Fulgentii
2255 3586 2414 3655 epist.
2452 3583 2540 3636 16.

584 3678 665 3735 Ex
698 3679 1035 3746 simplicibus
1071 3679 1147 3753 (I)
1181 3682 1239 3736 lit
1262 3693 1407 3737 certe
1433 3682 1819 3752 compositum,
1853 3682 1996 3737 sicut
2018 3681 2074 3735 in

509 3771 731 3828 Christo
758 3769 908 3838 Jesu,
933 3772 1026 3842 qui
1055 3787 1118 3827 ex
1150 3770 1261 3826 Deo
1291 3771 1471 3828 Verbo
1495 3784 1550 3828 et
1573 3773 1813 3827 humano
1837 3787 2067 3842 corpore

509 3863 655 3933 quod
685 3871 768 3919 est
807 3878 873 3918 ex
905 3864 1112 3919 semine
1140 3863 1331 3928 David,
1370 3880 1513 3919 unus
1541 3863 1718 3919 factus
1745 3872 1846 3929 est,
1871 3878 2080 3933 nequa-

509 3969 674 4024 quam
711 3955 941 4010 ulterius
970 3956 1240 4011 divisione
1276 3957 1481 4025 aliqua,
1519 3956 1614 4011 sed
1652 3957 1858 4010 unitate
1894 3956 2079 4011 subsi-

509 4055 678 4100 stens.
729 4046 810 4100 Tu
852 4061 985 4101 vero
1032 4046 1233 4101 videris
1264 4046 1397 4100 mihi
1445 4045 1745 4101 secundum
1790 4046 1895 4100 hoc
1935 4046 2079 4099 nolle

509 4137 960 4205 compositionem
1010 4136 1196 4202 fateri;
1225 4146 1283 4190 ut
1323 4152 1433 4191 non
1473 4136 1776 4191 substantia
1810 4136 1881 4191 sit
1922 4136 1978 4191 in
2011 4152 2076 4191 eo

446 4254 467 4277 κ
508 4226 677 4283 Filius
707 4227 821 4293 Dei,
842 4229 936 4283 sed
962 4229 1226 4297 sapientia
1255 4228 1554 4283 secundum
1580 4227 2070 4297 participationem.

508 4316 624 4373 Hoc
652 4319 796 4373 enim
835 4318 1044 4382 dixisti,
1067 4319 1193 4389 quia
1222 4318 1488 4389 sapientia
1524 4317 1872 4387 dispendium
1897 4318 2073 4389 patia-

2186 3690 2295 3744 tur,
2312 3686 2366 3733 et
2390 3673 2831 3743 ideo'composita
2857 3687 2976 3727 esse
3010 3687 3117 3727 non
3141 3670 3314 3740 possit
3345 3690 3358 3726 :
3388 3687 3488 3727 nec
3517 3676 3758 3745 cogitas,

2184 3770 2327 3842 quod
2370 3768 2551 3824 divina
2604 3767 2868 3838 sapientia
2904 3767 3046 3823 sicut
3072 3775 3361 3836 antequam
3390 3780 3449 3820 se
3471 3766 3760 3822 exinanis.

2185 3870 2288 3924 set,
2332 3861 2654 3914 indiminuta
2700 3858 3028 3929 permansit;
3075 3858 3149 3912 ita
3178 3866 3232 3913 et
3275 3857 3330 3910 in
3369 3857 3470 3912 hac
3494 3856 3754 3912 exinani-

2186 3953 2331 4008 tione
2368 3967 2531 4023 quam
2560 3949 2727 4021 gessit
2762 3946 3208 4013 misericorditer,
3236 3946 3560 4001 indiminuta
3585 3956 3758 4016 atque

2182 4042 2587 4098 indemutabilis
2638 4039 2865 4093 exstitit.
2922 4037 2990 4091 Et
3041 4038 3145 4091 hoc
3194 4038 3356 4090 etiam
3405 4035 3565 4103 dicis,
3597 4036 3752 4106 quod

2181 4132 2447 4202 sapientia
2485 4130 2754 4184 habitaret
2779 4130 2835 4182 in
2861 4142 2948 4193 eo,
2974 4127 3117 4182 sicut
3140 4127 3447 4180 habitamus
3469 4136 3523 4180 et
3554 4141 3658 4180 nos
3694 4127 3752 4180 in

2182 4226 2459 4288 domibus,
2489 4233 2551 4278 ut
2594 4224 2729 4277 alter
2777 4222 2830 4276 in
2870 4222 3041 4276 altero
3064 4218 3211 4290 (52);
3253 4219 3348 4274 sed
3394 4233 3570 4288 neque
3618 4234 3753 4289 pars

2177 4318 2375 4373 domus
2398 4331 2499 4371 nos
2527 4330 2738 4379 sumus,
2768 4328 2870 4368 nec
2895 4312 3073 4369 nostri
3093 4327 3220 4381 pars
3241 4310 3439 4366 domus
3464 4318 3568 4367 est.

2083 4407 2173 4464 ιν.

1560 4499 1642 4557 Ea:
1669 4501 1858 4557 iisdem
1888 4502 2036 4557 Actis
2069 4504 2210 4573 apud
2237 4501 2513 4557 Leontium
2549 4500 2588 4553 ι.
2630 4516 2677 4553 c.

576 4592 769 4649 Nonne
800 4602 925 4648 ante
951 4593 1223 4656 dicebam,
1257 4594 1400 4665 quod
1437 4609 1550 4649 non
1592 4595 1846 4650 concedis
1875 4595 2074 4650 Filium

502 4685 845 4757 unigenitum
867 4686 961 4755 qui
991 4695 1075 4741 est
1106 4701 1174 4741 ex
1200 4687 1500 4742 aeternitate
1528 4695 1656 4741 ante
1679 4703 1895 4742 omnem
1924 4703 2070 4743 crea-

504 4834 790 4890 scoporum
821 4819 987 4876 totius
1008 4819 1231 4890 Africae.
1262 4829 1323 4876 ut
1359 4820 1548 4875 scribit
1568 4821 1624 4875 in
1648 4820 1873 4890 epistola
1899 4820 2063 4875 citata

502 4890 572 4944 ad
618 4889 954 4944 Cornelium.
1007 4889 1197 4946 Patres
1233 4905 1453 4960 quoque
1483 4889 1820 4960 Sardicensis
1846 4891 2061 4946 concilii

502 4960 746 5031 eamdem
791 4960 1159 5015 adhibuerunt
1199 4959 1553 5031 diligentiam.
1593 4959 1695 5015 Sed
1752 4967 1806 5014 et
1847 4961 2062 5030 quoties

502 5030 736 5085 mortuis
762 5031 1030 5099 episcopis
1057 5031 1149 5084 alii
1182 5031 1235 5083 in
1259 5030 1447 5085 earum
1475 5030 1654 5085 locum
1681 5031 1891 5085 fuerant
1916 5031 2063 5084 ordi—

502 5100 635 5163 nati,
662 5101 1100 5183 eorum_nomina
1129 5101 1354 5183 reliquis
1371 5100 1639 5183 episcOpis
1663 5100 1904 5183 indicare
1927 5116 2062 5154 con-

500 5180 750 5225 sueverat
781 5170 1080 5235 ordinator,
1104 5179 1163 5225 ut
1184 5170 1464 5225 scirentad
1491 5185 1629 5240 quos
1662 5172 1920 5235 scribere,
1943 5179 2001 5240 et
2030 5186 2061 5224 a

500 5241 700 5309 quibus
742 5241 996 5310 pacificas
1030 5242 1236 5295 litteras
1267 5242 1510 5310 accipere
1541 5241 1922 5310 deberenttut
1974 5239 2062 5293 di-

500 5308 707 5367 scimus
744 5308 810 5380 es
838 5309 1123 5380 Theophili
1161 5308 1402 5379 epistolis
1430 5310 1796 5378 paschalibus.
1826 5308 2028 5365 VALES.

569 5381 680 5449 (48)
732 5378 846 5434 Nos
897 5378 1142 5446 dicimus,
1169 5378 1307 5450 quod
1350 5381 1487 5434 sicut
1534 5380 1686 5450 homo
1736 5382 1967 5450 exterior
2010 5388 2062 5434 et

499 5451 720 5504 interior
750 5460 871 5505 sum
908 5467 1010 5503 una
1050 5448 1309 5519 persona;
1347 5450 1422 5503 sic
1451 5451 1594 5504 Deus
1635 5448 1855 5504 Verbum
1888 5461 1936 5505 et
1962 5452 2061 5503 hu-

499 5523 729 5643 slnanilas
755 5529 1034 5643 Essumpta
1072 5530 1191 5574 sunt
1221 5536 1327 5574 una
1353 5536 1594 5591 persona,
1623 5522 1762 5591 quod
1800 5529 1951 5592 negat
1977 5521 2059 5574 hic

554 5608 619 5642 (ιη
648 5609 728 5643 ηδ.
800 5608 887 5643 ΔΝ.
1436 5634 1437 5637 η

528 5593 728 5646 ’aulus.
755 5593 887 5647 CAN.
1436 5634 1437 5637 η

572 5662 685 5730 (49)
730 5661 1095 5731 turrigeram
1166 5659 1549 5716 humanitatem
1614 5661 1789 5716 aiebat
1852 5659 2057 5714 Paulus

499 5731 705 5802 smitam
766 5748 875 5786 esse
916 5749 1032 5785 cum
1088 5732 1368 5802 sapientia,
1393 5733 1532 5786 sicut
1562 5732 1843 5795 disciplina
1873 5735 2058 5786 unitur

499 5816 616 5855 cum
643 5801 872 5856 discente
893 5816 983 5857 ver
1002 5801 1476 5873 uartiCipationem.
1506 5806 1638 5857 CAN.

2138 5017 2152 5039 ,
2171 4962 2463 5039 ιίςξΡόιι-ιξς
2492 4962 2767 5039 Diaconus

2185 4606 2383 4661 turam,
2405 4596 2461 4650 in
2498 4604 2612 4648 toto
2641 4592 2923 4646 Salvatore
2946 4588 3258 4653 οὐσιῶσθαι,
3292 4588 3346 4644 id
3393 4597 3496 4654 est,
3527 4590 3746 4646 unitum

2175 4703 2295 4744 esse
2338 4685 2639 4742 secundum
2674 4682 3075 4739 substantiam?

2236 4824 2351 4893 (50)
2392 4821 2743 4893 iSerundario.
2775 4818 3222 4893 Kagcltbstjrepov
3261 4820 3435 4889 λόγον.
3470 4819 3742 4877 Τυκιιυικ.

2239 4889 2350 4964 (51)
2382 4892 2465 4945 Ex
2492 4890 2839 4964 simplicibus.
2860 4889 3331 4964 Huic__fragmento
3363 4892 3466 4945 ista
3497 4895 3742 4964 praemit-

2854 4979 2869 5014 :
2907 4979 2925 5010 ι
2964 4958 3102 5015 Hinc
3122 4958 3295 5014 etiam
3340 4976 3371 5016 a
3404 4958 3610 5015 sanctis
3636 4961 3743 5015 Pa-

2168 5034 2343 5088 tribus
2369 5031 2697 5086 adunatione
2720 5046 2786 5084 ex
2816 5029 3101 5084 divinitate
3133 5039 3188 5085 et
3221 5031 3557 5085 humanitate
3579 5031 3741 5086 Chri-

2168 5113 2285 5158 stus
2323 5104 2581 5156 Dominus
2612 5109 2796 5155 noster
2828 5101 3162 5168 compositus
3187 5102 3529 5168 praedicatur.
3568 5099 3730 5166 Quod

2168 5174 2357 5228 nolens
2399 5171 2600 5225 Paulus
2616 5170 3007 5225 Samosatenus
3032 5170 3300 5233 confiteri,
3332 5170 3624 5225 damnatus
3653 5181 3738 5225 est

2168 5244 2238 5296 ab
2270 5242 2608 5296 Antiocheno
2636 5239 2889 5310 concilio,
2915 5238 3216 5294 Malchione
3252 5241 3568 5310 presbytero
3592 5240 3738 5309 ejus—

2166 5313 2288 5366 dem
2321 5311 2672 5366 Antiochenae
2695 5308 2970 5374 Ecclesiae,
2989 5310 3107 5380 viro
3138 5324 3233 5380 per
3253 5308 3438 5363 omnia
3472 5308 3734 5366 eruditis-

2168 5382 2328 5448 simo,
2354 5390 2408 5435 ct
2437 5381 2505 5434 ab
2531 5381 2799 5435 universis
2838 5379 3210 5435 sacerdotibus
3227 5381 3321 5449 qui
3355 5390 3543 5435 contra
3576 5395 3736 5436 eum-

2166 5451 2287 5506 dem
2342 5450 2569 5504 Panlum
2623 5458 2988 5505 convenerant
3045 5460 3174 5505 tunc
3219 5452 3548 5519 electo;qui
3579 5465 3737 5506 sum-

2166 5536 2315 5575 mum
2358 5521 2748 5590 disputationis
2779 5530 3051 5574 certamen
3094 5534 3122 5573 a
3156 5521 3390 5574 concilio
3426 5529 3733 5579 memorato

2165 5589 2490 5661 suscipiens,
2542 5591 2614 5644 ita
2669 5591 2917 5645 eumdem
2983 5589 3294 5645 haareticum
3347 5591 3486 5647 inter
3533 5599 3734 5649 caetera

2164 5660 2461 5730 redarguit,
2494 5661 2681 5716 dicens
2713 5675 2729 5713 :
2767 5660 2847 5713 Ea:
2874 5660 3222 5730 simplicibus,
3268 5679 3288 5713 ι
3325 5670 3435 5730 etc.

2237 5732 2348 5854 (δῖ)
2372 5729 2439 5783 Ut
2458 5731 2591 5785 alter
2615 5735 2668 5785 in
2690 5730 2877 5788 altera.
2898 5728 3039 5786 Editi
3058 5728 3263 5787 Lovan.
3276 5729 3503 5787 etBasil.
3517 5736 3573 5784 ut
3592 5730 3734 5787 alter

2253 5819 2283 5854 a
2330 5816 2440 5854 era.

2167 5802 2222 5856 in
2253 5802 2440 5857 altera.
