3986 6358
468 369 566 424 271

1442 360 1528 415 DE
1568 358 1731 416 VITA
1771 358 1859 414 ΕΤ
1899 357 2212 415 δοηιρτιε
2239 359 2298 415 S.
2338 357 2719 415 HIPPOLYTI.

490 590 3709 639 Μ

992 764 1206 942 ιιι.
1281 759 2297 878 αοττιτιιιυι
2407 756 3154 872 LUMPER

1618 994 2572 1112 DISSERTATIO

766 1245 914 1333 DE
992 1240 1280 1337 VITA
1371 1238 1526 1328 ET
1602 1235 2138 1328 SCRIPTIS
2205 1233 2627 1377 SANG'I‘I
2703 1233 3427 1329 HIPPOLYTI.

1125 1428 1369 1496 (Historia
1396 1425 1569 1480 critica
1595 1428 1694 1478 SS.
1717 1428 1942 1485 Patrum,
1969 1429 2005 1476 t.
2034 1423 2164 1486 VIII,
2191 1425 2432 1488 Augustae
2455 1424 2704 1477 Vindelic.
2726 1463 2739 1487 ,
2762 1424 2902 1488 1791,
2928 1426 3102 1491 iit-8‘.)

2074 1620 2139 1634 ..ἃ

1614 1765 1990 1857 CAPUT
2093 1765 2613 1860 PRIMUM.

1356 1956 1745 2022 HISTORIA
1787 1958 2007 2022 VITIE
2068 1956 2352 2022 SANCTI
2399 1958 2857 2024 HIPPOLYTI.

1022 2270 1422 2328 ARTICULUS
1467 2270 1507 2326 I.

483 2411 550 2451 DE
585 2409 631 2449 8.
652 2407 935 2448 HIPPOLYTI
961 2406 1179 2455 PATBIA,
1209 2403 1679 2455 PRECEI’TOHIBI‘S,
1707 2402 2059 2446 ιιττεκλιιωί

740 2477 970 2527 ετῐτωις,
1009 2477 1079 2515 ET
1122 2477 1368 2515 TEIIPOBE
1406 2477 1510 2524 QIIO
1548 2475 1800 2515 FLOBUIT.

555 2553 873 2626 Hippolytos
923 2553 1194 2622 plurimos
1240 2552 1392 2607 novit
1450 2551 1787 2621 antiquitas:
1847 2552 2060 2608 caeteris

485 2655 667 2700 tamen
723 2642 989 2699 illustrior
1031 2650 1115 2698 est
1154 2641 1471 2697 Parmensis
1535 2641 1854 2711 episcopus,
1897 2657 2061 2711 quem

486 2737 699 2808 generis
732 2736 1007 2801 nobilitas,
1036 2743 1224 2804 utpote
1253 2733 1513 2788 senatorii
1537 2733 1740 2788 ordinis
1763 2734 1845 2804 (ut
1865 2742 2063 2787 auctor

486 2838 571 2885 est
594 2827 977 2900 Hieronymus)
1024 2826 1121 2899 (ὅ),
1168 2825 1491 2895 episcopalis
1537 2823 1805 2894 dignitas,
1845 2840 2065 2894 magna

485 2920 741 2986 eruditio,
764 2931 818 2975 et
843 2918 1088 2989 martyrii
1118 2916 1289 2988 gloria
1322 2914 1623 2986 posteritati
1650 2914 2061 2970 celeberrimum

489 3013 859 3071 reddiderunt.
915 3010 1239 3074 Dolendum,
1286 3008 1433 3079 quod
1482 3007 1778 3079 pleraque,
1825 3022 1948 3077 quae
1995 3006 2064 3061 ad

487 3106 614 3159 vitae
644 3104 766 3175 ejus
798 3102 1083 3158 historiam
1110 3100 1406 3171 pertinent,
1438 3113 1539 3155 nec
1571 3098 1710 3154 satis
1751 3098 2061 3174 perspicua,

492 3212 591 3251 nec
626 3204 774 3252 certa
805 3197 932 3250 sint.
962 3192 1094 3261 Quae
1120 3191 1402 3263 speciatim
1435 3191 1502 3246 de
1546 3190 1666 3261 ejus
1690 3190 1884 3261 patria,
1921 3204 2063 3261 prat-

493 3287 823 3356 ceptoribus,
850 3301 915 3341 ac
950 3294 1210 3355 tempore,
1245 3297 1355 3353 quo
1389 3281 1603 3351 ingenio
1631 3289 1685 3335 et
1709 3283 1919 3336 meritis
1950 3280 2066 3335 suis

492 3379 700 3445 ﬂoruit,
749 3394 781 3433 a
806 3377 1164 3448 scriptoribus
1217 3376 1532 3438 traduntur,
1584 3378 1727 3427 inter
1760 3389 1819 3429 se
1855 3373 2065 3427 disere-

494 3479 656 3542 pant,
693 3484 794 3525 nec
820 3483 920 3539 pro
951 3466 1246 3538 exploratis
1288 3466 1471 3520 haberi
1504 3474 1754 3535 possunt.
1814 3463 2066 3534 Inprimis

495 3564 767 3620 dissensio
822 3569 906 3618 est
950 3569 1235 3616 auctorum
1283 3558 1350 3613 de
1401 3558 1563 3623 loco,
1614 3572 1723 3626 quo
1777 3556 2063 3611 oriundus.

499 3654 555 3710 Si
588 3654 921 3724 Stephanum
956 3653 1005 3706 le
1025 3649 1484 3722 Moyne(‘),Guil.
1516 3650 1752 3704 Caveum
1777 3648 1854 3718 (3)
1881 3657 1937 3702 et
1956 3645 2069 3702 Jac.
2104 3642 2148 3701 Β

498 3744 836 3818 Basnage(6)
891 3744 1199 3810 audiamus,
1236 3745 1521 3798 dicendum
1554 3742 1691 3796 foret
1720 3740 2067 3813 Hippolytum

498 3849 655 3910 gente
696 3838 865 3892 fuisse
906 3834 1162 3899 Arabem,
1211 3841 1266 3887 et
1303 3834 1532 3903 patriatn
1568 3833 1822 3891 habuisse
1869 3832 2070 3889 divinis

499 3927 863 3996 humanisque
895 3926 1089 3982 litteris
1124 3925 1590 3981 ﬂorentissimam.
1627 3923 1822 3980 Verum
1855 3940 1979 3980 cum
2014 3925 2069 3978 in

500 4038 613 4079 sua;
649 4021 922 4092 opinionis
968 4018 1432 4074 confirmationem
1478 4018 1690 4072 nullum
1733 4017 2072 4087 antiquitatis

500 4121 913 4169 monumentum
959 4111 1295 4181 producant,
1341 4125 1450 4165 non
1485 4110 1661 4175 video,
1693 4126 1792 4165 cur
1835 4120 1941 4164 tam
1989 4126 2075 4163 re-

502 4206 741 4262 centium
790 4210 1074 4258 auctorum
1112 4201 1262 4256 nudo
1292 4210 1503 4257 asserto
1544 4202 1724 4271 quoad
1771 4201 1973 4256 factum
2004 4201 2075 4255 ab

502 4310 693 4351 eorum
722 4301 880 4349 tetate
917 4302 1023 4347 tam
1058 4301 1327 4347 remotum
1359 4291 1494 4346 fides
1534 4292 1780 4347 habenda
1814 4293 1904 4347 sit.
1937 4291 2077 4347 Sunt

506 4385 618 4449 alii,
651 4384 745 4456 qui
782 4382 1011 4439 credunt
1043 4391 1291 4437 nostrum
1318 4380 1663 4453 Hippolytum
1714 4381 1924 4454 origine
1962 4381 2076 4437 Ro-

579 4608 656 4677 (3)
684 4604 999 4677 Hippolytus
1018 4619 1219 4675 quoque
1244 4603 1640 4677 etApollonius,
1656 4602 1907 4677 Romanis
1932 4603 2075 4658 urbis

510 4672 800 4741 senatores,
824 4672 1049 4746 propria;
1073 4672 1321 4742 opuscula
1346 4672 1717 4746 corttliderunt.
1754 4672 2071 4746 Hieronym.

511 4749 729 4816 epistol.
779 4746 846 4799 70
890 4742 957 4801 ad
1003 4743 1277 4816 Magnum.
1323 4748 1393 4800 At
1440 4742 1719 4816 Remigius
1762 4742 1980 4800 Ceillier
2020 4746 2075 4799 in

572 4820 657 4872 ist.
682 4816 915 4887 général.
946 4819 1033 4870 des
1060 4814 1292 4878 auteurs,
1317 4825 1449 4887 tom.
1475 4814 1551 4880 Il,~
1564 4831 1685 4885 pag.
1704 4815 1827 4879 516-,
1855 4816 1908 4869 in
1937 4817 2078 4870 notis

512 4888 581 4944 ad
607 4886 895 4942 articulum
938 4889 1195 4956 primum,
1220 4901 1341 4956 cap.
1364 4886 1434 4939 27
1456 4887 1685 4941 solerter
1708 4887 1980 4949 observat,
2002 4886 2079 4940 ita

514 4960 781 5013 duntaxat
820 4958 1195 5027 inaliquibus
1242 4956 1787 5027 coitionibushlegi;
1849 4971 1972 5009 nam
2019 4959 2073 5010 in

2086 2279 2131 2336 Α
2158 2292 2380 2332 manum
2427 2277 2627 2346 fuisse;
2677 2280 2911 2351 buicque
2957 2283 3240 2339 sententiae
3289 2283 3474 2342 favere
3520 2285 3745 2345 videtur

2165 2368 2296 2423 illud
2327 2366 2639 2440 Hieronymi
2693 2372 2747 2424 in
2793 2370 3020 2440 epistola
3076 2373 3143 2426 ad
3176 2372 3455 2442 Magnum,
3483 2377 3747 2431 eumdem

2166 2468 2456 2512 senatorem
2477 2459 2764 2514 Romanum
2790 2462 3129 2530 appellantis.
3157 2461 3464 2520 Novissime
3490 2478 3747 2525 auctores

2169 2549 2426 2605 Historia:
2448 2552 2724 2606 litterario:
2747 2550 2939 2609 Gallia:
2967 2570 2997 2609 e
3025 2558 3444 2627 congregatione
3482 2557 3537 2614 S.
3560 2558 3747 2615 Mauri

2168 2640 2516 2715 Hippolytum
2570 2645 2710 2699 inter
2771 2646 3065 2715 scriptores
3119 2646 3303 2704 Gallos
3356 2648 3635 2717 referunt,
3692 2652 3745 2705 ei

2168 2734 2462 2790 Galliarum
2527 2752 2751 2807 regnum
2805 2738 2985 2792 natale
3044 2739 3219 2794 solum
3281 2749 3582 2797 statuentes
3634 2741 3743 2815 (7).

2169 2828 2416 2899 Huicque
2464 2830 2706 2899 opinioni
2764 2830 2908 2885 haud
2953 2834 3173 2887 obstare
3206 2833 3501 2889 observant
3542 2850 3748 2889 nomen

2170 2938 2366 2989 suum,
2412 2923 2558 2993 quod
2594 2921 2841 2979 Grtecum
2884 2932 2988 2988 est,
3041 2938 3143 2980 nec
3188 2926 3333 2996 quod
3375 2926 3561 2982 Graece
3604 2928 3749 2981 scri-

2169 3015 2361 3084 pserit,
2414 3030 2591 3086 neque
2634 3016 2869 3086 denique
2904 3017 3141 3087 dignitas
3184 3022 3453 3073 senatoris
3484 3017 3743 3074 Romani.

2168 3103 2287 3161 Non
2326 3106 2560 3176 primum
2606 3122 2670 3162 ac
2699 3109 3022 3174 secundum,
3059 3109 3319 3178 quoniam
3365 3119 3598 3173 constet,
3633 3128 3748 3166 non

2170 3200 2359 3270 paucis
2393 3200 2612 3255 nomina
2654 3201 2868 3270 propria
2895 3201 3084 3258 Graeca
3126 3202 3184 3256 in
3214 3202 3404 3258 Galliis
3432 3205 3749 3259 communia

2173 3293 2362 3358 fuisse,
2397 3301 2560 3363 atque
2606 3293 2788 3363 plures
2821 3293 2977 3350 Latio
3025 3310 3137 3349 non
3188 3305 3421 3359 tantum,
3459 3297 3551 3352 sed
3597 3308 3650 3351 et
3691 3298 3755 3354 in

2173 3382 2345 3437 Gallia
2381 3394 2536 3437 natos
2566 3383 2750 3454 lingua
2777 3382 2965 3439 Graeca
2997 3384 3165 3440 libros
3194 3386 3589 3455 composuisse.
3623 3385 3757 3442 Non

2172 3475 2408 3545 denique
2454 3476 2706 3543 tertium;
2741 3476 2873 3547 quia
2900 3474 3070 3531 Gallis
3097 3477 3209 3548 jam
3246 3494 3277 3533 a
3307 3487 3546 3548 tempore
3581 3480 3757 3550 impe-

2173 3568 2240 3622 rii
2269 3567 2504 3633 Claudii,
2536 3576 2591 3624 et
2619 3569 2789 3623 multo
2825 3578 2952 3624 ante
2978 3570 3042 3625 ad
3068 3572 3395 3628 senatoriam
3426 3572 3749 3643 dignitatem

2176 3662 2411 3731 patebat~
2438 3662 2636 3717 aditus.
2711 3660 2783 3717 Ut
2833 3662 2968 3716 nihil
3016 3663 3225 3730 dicam,
3281 3665 3428 3736 quod
3472 3667 3753 3720 senatoria

2179 3752 2235 3808 S.
2265 3752 2533 3824 Hippolyti
2579 3754 2810 3825 dignitas
2862 3739 2933 3810 sit.
2975 3754 3266 3811 admodum
3313 3757 3500 3824 dubia,
3547 3758 3596 3812 si
3637 3773 3757 3813 non

2178 3847 2396 3915 penitus
2424 3845 2582 3902 falsa.

2251 3937 2308 3992 S.
2334 3938 2517 3993 lrenaei
2578 3938 2877 4008 discipulus
2917 3936 3018 3993 fuit
3042 3936 3385 4010 Hippolytus,
3424 3950 3483 3995 ut
3512 3940 3751 4010 ipsemet

2179 4039 2410 4086 testatur
2438 4031 2581 4101 apud
2613 4029 2863 4084 Photium
2897 4030 2995 4101 (8).
3050 4029 3189 4086 Hinc
3219 4031 3408 4087 mitius
3441 4033 3751 4103 accipiendi

2178 4122 2452 4180 Palladius
2485 4124 2560 4194 (9)
2602 4133 2655 4179 et
2686 4122 2920 4193 Cyrillus
2952 4121 3428 4194 ScythOpolitanus
3476 4123 3611 4197 (10),
3649 4127 3748 4195 qui

2180 4229 2304 4268 eum
2347 4212 2620 4285 γνώριμον
2660 4213 2767 4267 τῶν
2807 4215 3140 4283 ἀποστόλων,
3185 4215 3543 4285 apostolorum
3584 4216 3751 4287 fanti-

2181 4303 2367 4359 liarem
2406 4303 2575 4360 fuisse
2610 4304 2966 4361 tradiderunt.
3001 4304 3182 4375 Ipsum
3213 4323 3451 4378 namque
3475 4308 3588 4364 sub
3619 4309 3753 4365 Ale-

2180 4398 2389 4452 xandro
2418 4397 2762 4468 imperatore,
2790 4399 2883 4471 qui
2916 4413 3145 4471 regnare
3175 4399 3339 4471 cmpit
3370 4415 3515 4456 anno
3542 4398 3752 4457 Christi

2183 4602 2389 4674 gerint:
2446 4602 2763 4673 Hippolytus
2804 4620 3004 4674 quoque
3044 4613 3093 4657 et
3136 4604 3450 4673 Apollonius
3494 4603 3752 4660 Romana:

2182 4673 2327 4743 urbis
2368 4684 2665 4743 senatores;
2706 4673 2827 4727 cum
2864 4675 2929 4729 de
2969 4674 3257 4743 Apollonio
3293 4685 3501 4729 tantum
3530 4714 3544 4737 ,
3586 4686 3645 4730 ut
3683 4695 3751 4743 ex

2185 4741 2436 4814 Qntalogo
2479 4742 2669 4814 liquet,
2708 4745 2910 4798 dictum
2953 4741 3055 4810 sit;
3106 4747 3213 4799 imo
3249 4762 3374 4800 cum
3432 4747 3632 4799 nedum
3684 4741 3753 4801 de

2185 4811 2491 4886 Hippolyto,
2508 4811 2599 4868 sed
2625 4816 2691 4869 de
2713 4814 2998 4882 Apollonio
3024 4816 3142 4883 ipso
3162 4816 3259 4869 alii
3276 4816 3549 4886 dubitent,
3561 4816 3753 4869 luerit-

2184 4899 2252 4956 tte
2294 4884 2531 4954 unquam
2571 4895 2809 4949 senator,
2849 4901 2914 4938 an
2941 4887 3160 4955 proprio
3184 4888 3401 4956 ingenio
3421 4902 3485 4940 ex
3510 4884 3752 4941 Eusebio

2189 4952 2547 5025 Hieronymus
2568 4952 2990 5025 exaggeraverit.

514 5004 1202 5098 £6615}?
2102 5004 2144 5062 (ί
2190 5004 2990 5098 ﬁ‘(ltfstépiigh’f'iéSicine
3028 5023 3417 5097 Prolegomena
3471 5024 3541 5080 ad
3588 5022 3750 5078 Varia

514 5095 683 5154 Italus
730 5099 785 5151 in
825 5095 1060 5153 editione
1081 5097 1327 5167 Opertth
1364 5097 1420 5151 δ.
1450 5095 1763 5167 Hieronymi
1800 5112 1935 5152 usus
1971 5106 2077 5162 est,

516 5178 653 5224 teste
690 5168 880 5222 eodem
929 5166 1195 5237 scriptore
1238 5166 1426 5231 Gallo,
1473 5182 1571 5237 pro
1609 5166 1742 5221 vace
1786 5179 2076 5232 senatores,

516 5240 713 5310 legitur
750 5237 992 5304 Senator,
1028 5238 1103 5292 ita
1140 5247 1199 5293 ut
1236 5238 1351 5292 haec
1390 5237 1940 5310 Adignitas_tr_ibuatur
1979 5238 2082 5293 soli

519 5306 822 5380 Apollonio,
868 5311 956 5364 cui
982 5318 1136 5380 certe
1176 5308 1448 5380 convenit,
1466 5306 1593 5380 cum
1614 5306 1689 5380 AS.
1716 5306 2079 5380 Hieronymus

519 5376 577 5435 in
618 5380 757 5436 libro
785 5378 862 5433 De
892 5379 1017 5432 viris
1059 5377 1375 5441 illustribus,
1420 5392 1538 5445 cap.
1562 5376 1653 5442 42,
1684 5376 1936 5433 eamdem
1972 5395 2086 5433 rur-

519 5467 615 5507 sus
636 5452 685 5505 ei
710 5449 967 5516 ascribat,
998 5457 1052 5503 et
1086 5448 1282 5503 ibidem
1317 5462 1437 5517 cap.
1461 5448 1550 5511 61,
1583 5447 1637 5501 in
1669 5447 1843 5517 elogio
1869 5448 1928 5504 S.
1950 5448 2083 5517 Ilip-

518 5521 706 5591 polyti,
747 5522 815 5575 de
850 5520 940 5591 illa
981 5518 1242 5591 dignitate
1280 5518 1805 5591 senatorianullarn
1844 5521 2085 5591 mentio-

519 5586 643 5644 item
673 5592 855 5645 faciat.
880 5586 1227 5645 Claris'sitnus
1245 5589 1406 5642 etiam
1429 5586 1746 5642 Dominicus
1762 5586 2083 5656 Vallarsius,

520 5661 852 5715 novissimus
876 5659 1111 5730 Operum
1160 5658 1223 5713 D.
1262 5656 1831 5730 Hieronymieditor,
1856 5668 1992 5713 tom.
2034 5660 2083 5723 Ι,

519 5739 662 5800 part.
688 5746 726 5795 ι,
752 5747 871 5801 pag.
895 5726 1020 5795 561,
1048 5731 1230 5785 itidem
1266 5737 1437 5801 notat,
1467 5728 1617 5801 quod
1636 5726 1773 5801 falso
1795 5729 2080 5801 Erasmum

520 5795 695 5857 secuti
729 5795 961 5858 editores
981 5801 1310 5857 Beuedictiui
1332 5795 1563 5871 Operam
1586 5795 1651 5856 D.
1673 5797 1984 5872 Hieronymi
2010 5802 2085 5856 le-

2179 5110 2358 5161 sacra,
2386 5105 2519 5150 tom.
2545 5094 2587 5148 Ι.

2252 5166 2328 5233 l5)
2372 5168 2534 5221 Cave.
2558 5164 2704 5219 Hist.
2729 5164 2920 5231 litter.,
2963 5173 3095 5219 tom.
3125 5166 3166 5230 I,
3195 5164 3317 5221 102.

2252 5200 3455 5361 g6;4355.“£3253;'Eitﬁf‘tézti"stum,
3525 5245 3659 5291 tom.
3707 5200 3786 5299 t,.'

2179 5320 2216 5375 p
2302 5346 2316 5363 ι
2380 5347 2395 5360 .
2630 5374 2633 5375 ν
2994 5374 2999 5375 7
3070 5373 3095 5375 ξ

2255 5376 2409 5501 (7)514
2414 5376 2592 5499 istoire
2617 5374 2877 5429 Ιῑιιέναὶνε
2897 5375 2961 5429 de
2981 5374 3034 5430 la
3052 5373 3280 5442 France,
3307 5386 3442 5432 tom.
3467 5376 3511 5443 I,
3536 5385 3691 5447 parte
3709 5389 3751 5441 ι,

2255 5463 2305 5501 2.
2444 5486 2457 5499 .

2220 5461 2305 5513 ag.
2336 5450 2457 5501 561.

2182 5461 2305 5516 pag.
2336 5461 2457 5501 out.

2254 5517 2330 5586 (8)
2372 5518 2552 5582 Phot.,
2584 5516 2705 5572 cod.
2728 5531 2854 5571 cxxt
2875 5513 3132 5571 Bibliotlr.

2257 5588 2333 5658 (ll)
2377 5586 2606 5653 Pallad.,
2635 5586 2776 5658 Hist.
2801 5586 3076 5658 Lausiac.,
3103 5604 3221 5658 cap.
3244 5588 3366 5643 1L8.

2257 5655 2368 5727 (l0)
2395 5658 2597 5730 _Gy_rill.
2640 5655 2825 5730 Scyth.
2879 5657 2980 5730 Vit.
3028 5655 3358 5730 SiEtllhylll.
3409 5658 3476 5730 in
3508 5656 3753 5711 Analect.

2187 5726 2358 5783 (ἔταξας
2383 5726 2561 5798 ΒζΒη
2586 5726 2822 5798 ρηζὸἳ,
2844 5738 2898 5784 et
2920 5726 3039 5782 Vita
3063 5728 3121 5783 S.
3148 5726 3305 5783 Saliae
3340 5729 3395 5781 in
3425 5727 3756 5783 Housman.

2191 5798 2392 5855 Eccles.
2421 5797 2592 5855 (ἔπεος
2616 5800 2872 5869 Coteler.,
2896 5810 3027 5856 tom.
3054 5798 3143 5864 Ill,
3167 5814 3289 5870 pag.
3316 5799 3441 5854 554.
