3942 6346
170 360 279 420 213

1134 358 1225 417 DE
1264 361 1423 419 VITA
1460 362 1550 418 ET
1591 362 1900 421 SCRIPTIS
1941 364 2001 420 S.
2040 362 2429 421 HIPPOLYTI.

3312 372 3425 427 ΞΠ

168 480 296 544 222,
329 483 509 536 vitam
536 481 759 538 duxisse
780 522 793 543 ,
826 496 893 537 ex
922 482 1042 552 ejus
1073 481 1286 539 Conone
1311 481 1573 537 Paseliali
1594 497 1746 538 com-
1774 488 1815 544 A
1846 481 2198 539 doctissimus
2217 482 2528 554 Stephanus
2540 484 2592 539 le
2617 482 2810 557 Moyne
2838 485 2951 557 (25)
2974 485 3249 551 observat,
3268 492 3413 559 quod

169 584 386 643 pes-tum
421 574 504 629 lit.
551 572 853 628 Plurimum
905 587 1085 630 autem
1136 575 1452 646 profecisse'
1488 576 1545 630 in
1592 576 1739 630 omni

173 665 529 720 scientiarum
554 679 750 736 genere
774 674 924 720 tanto
954 667 1058 721 sub
1086 667 1348 737 magistro
1373 665 1739 738 Hippolytum,

175 773 292 827 quae
318 767 607 826 superant.
634 757 754 826 ejus
779 757 1042 813 doctrina:
1064 768 1411 814 monumenta
1440 759 1742 814 luculenter

174 849 462 914 evincunt;
512 858 572 903 ut
607 858 889 917 propterea
922 850 1001 902 vir
1027 849 1410 905 disertissimus
1456 849 1524 903 ab
1550 847 1742 903 Hiero-

180 955 336 1011 nymo
370 940 505 1009 (11),
529 941 827 1010 quinetiam
877 941 1271 996 sacratissima:
1305 950 1355 996 et
1390 958 1611 1012 magnus
1644 940 1742 996 do-

185 1044 307 1097 ctor,
342 1033 683 1103 veritatisque
718 1035 863 1087 testis
887 1033 1061 1103 ﬁdelis
1102 1036 1171 1089 ab
1195 1033 1623 1107 Anastasio.(i2)
1653 1043 1740 1089 at—

186 1140 280 1196 que
312 1126 570 1182 Ecclesia
609 1127 803 1181 doctor
845 1126 1176 1195 γλυκύτατος
1215 1128 1312 1182 καὶ
1363 1128 1736 1195 εὐνούστατος,

192 1216 531 1281 dulcissimus,
558 1226 611 1271 et
641 1216 1046 1289 benignissimus
1084 1218 1154 1272 ab
1188 1218 1296 1273 alio
1334 1220 1562 1288 antiquo
1602 1220 1739 1275 scri-

196 1319 323 1380 ptore
347 1307 464 1377 (l3)
486 1309 613 1379 jure
640 1310 957 1380 appelletur.
1006 1310 1089 1365 Ad
1132 1310 1249 1365 haec
1279 1319 1416 1365 teste
1448 1310 1513 1364 D.
1541 1310 1734 1367 Hiero-

197 1413 331 1470 ιιι-ιο
367 1398 486 1469 (li)
540 1415 651 1455 non
698 1400 876 1455 solum
927 1416 1181 1471 magnam
1229 1400 1441 1456 dicendi
1479 1402 1587 1456 vim
1633 1403 1736 1457 sub

193 1488 449 1558 disciplina
524 1487 586 1543 S.
617 1488 839 1555 lrenmi,
903 1489 999 1546 sed
1043 1491 1366 1546 immensam
1411 1506 1631 1562 quoque
1679 1494 1734 1548 in

194 1579 507 1649 philosophia
557 1588 613 1636 et
685 1580 929 1651 profanis
1001 1581 1247 1636 scientiis
1311 1581 1562 1637 notitiam
1629 1583 1734 1639 sibi

189 1672 535 1741 comparavit;
572 1688 637 1727 ea
666 1674 812 1727 enim
841 1682 998 1729 aetate
1023 1675 1225 1729 summi
1255 1675 1309 1728 in
1338 1673 1579 1730 Ecclesia
1608 1677 1732 1744 viri,

187 1763 623 1832 quemadmodum
660 1779 819 1818 nemo
852 1766 1085 1835 ignorat,
1114 1766 1281 1836 hujus
1308 1770 1522 1839 generis
1552 1770 1735 1824 erudi-

1848 589 2035 630 revera
2061 575 2121 640 ἐξ
2146 575 2355 629 ἐκείνου
2373 575 2717 645 possitetiam
2733 576 2923 633 referri
2950 577 3019 633 ad
3044 577 3414 651 Hippolytum,

1846 675 1901 722 et
1933 666 2047 723 Sive
2068 667 2136 722 ad
2166 677 2381 739 tempus
2410 666 2701 734 referatur,
2734 669 3139 741 intelligendum
3170 673 3260 740 sit,
3293 674 3416 731 Ori-

1846 772 2035 829 genem
2065 758 2171 813 isto
2221 767 2465 828 tempore
2499 758 2801 815 imitatione
2845 759 3155 833 Hippolyti,
3199 765 3270 820 de
3303 782 3415 835 quo

1848 857 1972 904 ante
1999 859 2184 919 egerat
2208 848 2513 916 Eusebius,
2566 853 2988 908 commentarios
3033 855 3195 909 etiam
3237 856 3292 910 in
3326 873 3416 911 sa-

1826 946 1993 993 'cram
2023 939 2357 1008 Scripturam
2393 955 2617 1009 parasse
2666 949 2721 995 et
2750 941 3070 999 adornasse.
3099 945 3414 1002 Audiendus

1844 1022 2065 1100 quoque
2089 1042 2171 1085 est
2195 1032 2608 1086 recentissimus
2639 1042 2862 1098 auctor,
2893 1034 2987 1104 qui
3016 1036 3118 1090 hac
3141 1037 3207 1092 de
3241 1054 3298 1093 re
3337 1041 3412 1094 ita

1844 1121 2066 1176 disserit
2097 1121 2209 1193 (24)
2237 1140 2252 1177 :
2288 1120 2481 1177 Omnia
2512 1122 2736 1178 suadent
2775 1140 2898 1179 vera
2927 1141 3059 1189 esse,
3093 1143 3413 1200 quacunque

1842 1224 2034 1270 veteres
2061 1214 2125 1269 de
2163 1214 2403 1286 Origenis
2425 1216 2764 1271 inmutatione
2797 1214 3152 1283 tradiderunt,
3184 1220 3412 1276 Ambro-

1842 1309 1920 1361 sio
1951 1308 2231 1373 excitante,
2255 1309 2345 1377 qui
2370 1308 2552 1361 studia
2583 1309 2684 1378 ipsi
2708 1321 3016 1380 proponeret
3052 1310 3399 1382 Hippolyti...

1847 1398 2132 1470 Utriusque
2168 1409 2343 1453 autem
2378 1403 2650 1456 consensio
2689 1411 2799 1476 tum
2841 1419 3043 1474 quoque
3080 1405 3285 1472 ﬁrmari
3318 1421 3412 1473 po-

1842 1499 1975 1551 test...
2017 1507 2138 1545 cum
2165 1490 2416 1561 Origenes
2441 1491 2661 1546 Romam
2700 1495 3005 1560 adveniens,
3035 1497 3280 1567 pontiﬁce
3311 1496 3412 1553 Ze-

1839 1586 2084 1653 phyrina,
2107 1584 2319 1637 circiter
2347 1600 2545 1637 annum
2577 1583 2705 1649 220,
2741 1602 2840 1639 non
2873 1586 3027 1640 modo
3056 1589 3321 1656 privatim,
3356 1597 3411 1641 at

1839 1672 2044 1743 publice
2064 1675 2225 1729 etiam
2255 1673 2601 1746 Hippolytum
2630 1677 2971 1733 disserentem
3002 1680 3238 1748 audivit,
3270 1682 3412 1751 ejus-

1839 1781 1938 1837 que
1971 1766 2048 1819 rei
2080 1769 2434 1821 testimonium
2470 1768 2786 1839 Hippolytus
2816 1772 2924 1840 ipse
2953 1772 3165 1843 reliquit
3197 1775 3253 1827 in
3287 1791 3410 1828 ora-

183 1858 357 1910 tionem
406 1871 545 1911 vero
591 1857 844 1927 theologo
892 1873 1234 1927 nequaquam
1266 1860 1415 1915 velut
1451 1862 1731 1932 indignam
1764 1850 1805 1905 Β
1833 1859 1992 1927 tione,
2013 1875 2171 1929 quam
2199 1860 2263 1914 de
2297 1860 2453 1915 laude
2483 1860 2552 1915 D.
2581 1862 2881 1917 Saluatoris
2908 1863 3108 1929 habuit,
3138 1880 3399 1937 quamque

180 1948 544 2004 naduerunt.
578 1947 735 2015 Quod
777 1959 957 2005 autem
1002 1952 1329 2008 sacratiores
1374 1953 1582 2010 litteras
1611 1969 1734 2025 spe-

169 2052 294 2107 ctat,
342 2042 548 2113 ingens
591 2044 939 2113 scriptorum,
971 2059 1095 2112 quae
1130 2046 1233 2100 hoc
1276 2047 1330 2099 in
1369 2061 1565 2117 genere
1616 2048 1725 2102 ela-

166 2137 464 2203 boraret-at,
494 2152 781 2203 numerus,
817 2138 1028 2192 abunde
1069 2138 1381 2204 conﬁrmat,
1426 2148 1590 2210 Quam
1631 2156 1729 2196 ex—

160 2227 412 2282 cellenter
469 2229 531 2281 in
579 2229 649 2282 iis
690 2237 936 2284 versatus
986 2227 1168 2285 fuerit.
1239 2230 1456 2287 Diversa
1513 2233 1733 2302 insuper

157 2337 344 2390 opera,
385 2335 517 2391 quae
551 2336 650 2391 pro
688 2320 1013 2377 inveniendo
1058 2337 1121 2378 ac
1166 2323 1582 2380 determinando
1624 2325 1730 2379 Pa—

163 2413 357 2466 schatis
404 2411 504 2467 die
536 2419 940 2480 composuerat,
969 2411 1220 2467 eumdem
1252 2413 1552 2469 doctrinam
1596 2422 1731 2469 tem-

157 2517 343 2573 porum
429 2503 681 2574 perfecte
753 2503 1049 2569 calluisse,
1133 2505 1436 2561 luculenter
1504 2507 1730 2562 demon-

156 2606 321 2650 strant
353 2596 501 2667 (15).

212 2688 503 2744 Aubertus
526 2689 744 2747 Miratus
771 2692 882 2763 (16)
907 2690 1072 2748 refert
1096 2689 1446 2762 Hippolytum
1480 2703 1727 2746 nostrum

154 2782 287 2836 inter
347 2783 665 2853 discipulos
710 2783 1004 2841 Clementis
1047 2784 1421 2851 Alexandrini,
1462 2793 1517 2839 et
1560 2784 1730 2838 Baro-

148 2874 267 2929 nins
292 2874 411 2945 (l7)
437 2875 579 2931 dicit
613 2890 674 2930 se
702 2877 898 2947 legisse
926 2877 1071 2946 quod
1100 2875 1396 2946 discipulus
1423 2878 1579 2948 fuerit
1609 2878 1729 2933 Cle—

148 2967 333 3019 mentis
359 2966 744 3032 Alexandrini,
792 2968 1005 3037 ejusque
1048 2969 1385 3041 persuasione
1427 2984 1481 3022 se
1504 2969 1725 3023 Romam

144 3057 459 3111 contulerit.
487 3056 599 3111 Sed
633 3058 776 3111 baud
809 3059 1035 3121 addunt,
1063 3075 1171 3129 qua
1204 3060 1527 3116 auctoritate
1554 3062 1727 3117 innixi

139 3148 189 3201 id
223 3148 477 3203 tradant.
532 3147 774 3204 Ulterius
820 3150 998 3205 adhuc
1045 3166 1367 3221 progressus
1409 3161 1493 3207 est
1526 3155 1726 3223 perdo-

134 3250 255 3295 ctus
300 3239 589 3305 Georgius
635 3241 857 3307 Bullus,
913 3242 1006 3312 qui
1053 3244 1294 3298 scribere
1341 3260 1451 3299 non
1504 3246 1723 3301 dubita-

134 3333 209 3385 vit
236 3331 358 3400 (18)
394 3350 412 3386 :
445 3331 605 3396 Quod
639 3348 826 3402 magno
859 3348 1111 3387 consensu
1143 3334 1462 3388 tradiderint
1498 3336 1723 3406 scripto-

138 3440 217 3478 res
246 3423 614 3478 ecclesiastici
645 3436 859 3489 veteres,
892 3424 1233 3496 Hippolytum
1256 3427 1418 3496 fuisse
1440 3427 1726 3485 Clementis

140 3515 512 3570 Alexandrini
558 3518 901 3587 discipulum.
952 3520 1150 3576 Verum
1215 3537 1338 3577 cum
1388 3523 1532 3577 nulla
1580 3525 1723 3579 anti-

138 3625 384 3676 quorum
416 3610 543 3664 loca
567 3612 788 3675 excitet,
825 3613 1005 3683 potior
1029 3614 1189 3670 nobis
1219 3624 1302 3668 est
1332 3613 1507 3671 Phatii
1537 3624 1726 3670 aucto-

142 3701 273 3755 ritas
314 3715 426 3770 pro
467 3700 635 3756 unico
660 3711 1011 3776 praceptore,
1047 3704 1107 3763 S.
1129 3705 1335 3761 lrenteo
1366 3704 1597 3776 scilicet,
1640 3723 1723 3766 te-

144 3794 369 3849 stantis.

207 3885 358 3940 Cum
438 3887 587 3956 apud
641 3886 894 3943 eumdem
956 3887 1211 3945 Photinm
1271 3893 1434 3947 etiam
1493 3895 1725 3966 legimus

150 3974 205 4031 S.
228 3975 594 4049 Hippolytum
622 3977 872 4049 Origenis
919 3977 1240 4036 familiarem
1283 3981 1485 4050 fuisse,
1537 3987 1642 4042 hoc
1671 3998 1726 4044 et

151 4070 381 4125 aliorum
418 4069 701 4140 suﬂ‘ragiis
725 4071 1038 4128 conﬁrmari
1068 4088 1229 4142 posse
1258 4075 1487 4131 videtur.
1535 4077 1725 4135 Hiero-

152 4177 343 4232 lymns
362 4164 516 4218 enim
536 4163 645 4234 (l9)
661 4174 716 4219 et
737 4165 1074 4235 Nicephorus
1092 4167 1205 4237 (20)
1229 4168 1495 4235 scribunt,
1520 4169 1725 4241 Hippo-

154 4255 340 4323 lytum,
365 4255 608 4326 Origene
629 4267 920 4327 praesente,
942 4259 1243 4314 orationem
1268 4276 1479 4316 sacram
1514 4263 1579 4317 de
1605 4264 1722 4317 lau-

155 4347 304 4402 dibus
330 4346 472 4403 Iesu
504 4346 711 4403 Christi
740 4348 1015 4405 habuisse.
1046 4348 1140 4405 Ille
1190 4352 1338 4407 addit
1374 4352 1722 4409 Ambrosium

156 4439 214 4492 ad
229 4455 516 4495 sacrorum
535 4440 798 4495 librorum
814 4442 1309 4510 interpretationem
1327 4443 1610 4515 Origenem
1633 4447 1719 4500 in-

157 4531 366 4597 citasse,
382 4532 447 4587 in
470 4531 872 4586 aemulationem
890 4529 1180 4604 Hippolyti,
1198 4534 1356 4590 editis
1374 4535 1488 4604 jam
1512 4536 1564 4589 in
1582 4538 1721 4592 divi-
1754 4542 1799 4597 Β

158 4635 243 4675 nas
260 4620 583 4691 Scripturas
595 4622 1005 4676 commentariis
1026 4622 1165 4676 bene
1186 4621 1616 4678 meritidllonent
1630 4639 1723 4678 au-

161 4722 251 4765 ten
276 4711 562 4767 Henricus
584 4709 833 4766 Valesius
849 4710 959 4783 (21)
992 4721 1048 4766 et
1066 4710 1259 4767 Petrus
1279 4712 1468 4767 Daniel
1491 4713 1721 4769 lluetius

154 4803 276 4872 (22),
309 4803 714 4873 Hieronymum
762 4802 981 4858 Eusebii
1011 4804 1175 4857 verba
1197 4805 1379 4859 minus
1404 4815 1546 4860 recte
1568 4807 1723 4861 intel-

153 4897 365 4962 luisse,
384 4905 445 4951 et
470 4910 659 4951 vocem
696 4897 935 4959 ἐκείνου,
961 4911 1082 4966 quae
1111 4896 1250 4965 apud
1285 4898 1446 4952 istum
1483 4900 1547 4953 ad
1583 4910 1719 4954 tem--

154 5004 247 5057 pos
276 4990 579 5060 pertineat,
598 5004 881 5060 perperam
902 4991 968 5045 ad
991 4988 1341 5062 Hippolytum
1365 4994 1636 5049 retulisse.
1655 4996 1722 5051 At

215 5131 330 5201 (11)
374 5125 603 5201 Hieron.
623 5122 864 5201 epistil,
882 5126 937 5194 2,
962 5128 1028 5182 ad
1048 5126 1240 5201 Lucio.

214 5196 331 5268 (12)
354 5197 632 5269 νΔρζδῑθε.
656 5196 1031 5269 inCollectan.
1057 5200 1197 5269 apud
1217 5198 1487 5269 Galland.,
1512 5209 1645 5259 tom.
1674 5202 1720 5257 ll

156 5266 407 5325 causam.
430 5266 570 5335 pe,
604 5266 805 5338 p.469.

217 5335 843 5412 (13)_Anony_m_._inter
878 5335 1012 5412 Opp.
1060 5338 1118 5412 ὃ.
1145 5339 1301 5412 Joan.
1328 5340 1610 5412 Chrysost.
1662 5343 1717 5397 in

156 5405 705 5481 appenditomeHl,
732 5405 947 5481 μελε)
962 5405 1178 5466 ᾖονὶδε.
1202 5411 1331 5466 edit.

216 5478 335 5618 tu)
357 5478 674 5550 Hieronym.
696 5494 784 5601 eg.
806 5479 873 5561 ad
896 5478 1088 5534 Lucin.
1113 5481 1266 5546 7l,et
1282 5481 1348 5535 ad
1365 5479 1545 5551 Magn.
1571 5480 1658 5536 70.

217 5552 311 5617 (l5
372 5548 582 5604 Euseb.
626 5547 698 5602 H.
777 5588 790 5601 .
828 5549 921 5604 lib.
964 5566 1017 5615 v,
1054 5566 1173 5618 cap.
1194 5551 1285 5616 22,
1320 5550 1631 5618 Hieronym.

217 5547 335 5625 (15)
372 5547 598 5625 Euseb;
613 5547 698 5625 _H.
722 5547 790 5601 E.
828 5549 921 5604 lib.
964 5566 1017 5615 v,
1054 5566 1173 5621 cap.
1194 5551 1285 5616 22,
1320 5547 1631 5625 Hieronym.
1661 5553 1714 5606 in

157 5618 397 5692 (Σείριος.
422 5635 544 5692 cap.
568 5618 658 5692 6f.

218 5686 602 5762 (l6)'Aubert.
628 5687 749 5744 Μὶν.
773 5686 897 5743 Not.
923 5689 989 5744 ad
1015 5687 1234 5745 Hieron.
1261 5690 1335 5746 De
1365 5693 1459 5748 i-ir.
1488 5693 1710 5760 illustr.,

158 5775 200 5815 τ’
218 5778 331 5897 ἷίῖ)
370 5830 578 5887 Baron.
615 5831 681 5888 ad
703 5846 834 5887 ann.
857 5830 985 5899 229,
1008 5845 1157 5885 num.
1182 5832 1235 5887 l.

1834 1951 2192 2023 προσομιλίαν
2221 1954 2602 2009 denominavit.
2633 1956 2787 2020 Quod
2814 1958 2953 2010 enim
2983 1973 3084 2010 non
3113 1973 3263 2011 nemo
3283 1958 3408 2023 sub-

1831 2042 1931 2108 dit,
1951 2045 2007 2097 in
2035 2042 2249 2099 Oriente
2272 2044 2325 2096 id
2356 2047 2657 2116 contigisse,
2693 2047 2902 2101 minime
2923 2057 3000 2101 est
3028 2050 3404 2113 necessarium,

1831 2136 2071 2206 quamvis
2104 2135 2222 2205 ﬁeri
2249 2138 2496 2204 poluerit,
2522 2154 2640 2190 cum
2673 2136 2993 2208 Hippolytus
3027 2139 3407 2194 Alexandriam

1830 2226 2013 2295 petiit,
2065 2226 2284 2297 indeque
2330 2228 2539 2282 rediens
2577 2229 2853 2299 epistolam
2891 2230 2960 2283 ad
3013 2229 3277 2286 Romanos
3339 2235 3404 2286 ab

1831 2315 2088 2385 Dionysio
2131 2318 2372 2388 episcopo
2420 2318 2779 2375 Alexandrino
2820 2320 3020 2373 attulit.
3060 2318 3240 2394 Neque
3286 2338 3405 2377 vero

1829 2418 1928 2476 est,
1955 2425 2049 2462 cur
2072 2409 2297 2464 alterum
2322 2409 2664 2480 Hippolytum
2698 2413 3025 2482 eﬂ'ingamus,
3046 2429 3147 2483 l[uo
3180 2422 3405 2484 tempore

1830 2509 2008 2555 noster
2037 2500 2345 2555 Parmensis
2379 2502 2761 2556 Alexandriam
2796 2521 3029 2560 remeare
3066 2507 3268 2575 potuit,
3314 2507 3404 2561 ubi

1831 2589 2133 2645 adolescens
2177 2592 2454 2646 institutus
2502 2593 2665 2663 fuisse
2708 2595 2915 2650 videtur
2941 2611 3007 2650 ea:
3050 2594 3261 2652 Conone
3293 2598 3404 2651 Pa-

1828 2680 2017 2747 schali,
2048 2683 2200 2753 cujus
2228 2684 2489 2739 rationem
2527 2686 2880 2741 Alexandrini
2902 2689 3004 2742 sibi
3039 2688 3398 2746 vindicabant.

1899 2771 1973 2829 De
1998 2783 2241 2845 tempore
2260 2792 2371 2845 quo
2399 2774 2720 2849 Hippolytus
2752 2778 2956 2847 ﬂoruit,
2984 2781 3267 2837 sententias
3305 2797 3405 2836 au-

1826 2877 2041 2924 ctorum
2074 2868 2259 2923 itidem
2287 2869 2660 2940 discrepantes
2706 2881 2853 2927 sunt.
2887 2869 3179 2940 Eusebius,
3214 2873 3405 2930 Hiero-

1826 2973 2057 3030 nymus,
2116 2957 2433 3030 Syncellus,
2479 2971 2643 3032 atque
2698 2962 2791 3017 alii
2847 2962 3095 3017 referunt
3145 2978 3270 3018 eum
3332 2963 3401 3019 ad

1826 3051 2123 3106 Alexandri
2168 3050 2353 3107 Severi
2400 3053 2725 3122 imperium,
2777 3053 2868 3122 qui
2912 3069 3056 3110 anno
3098 3053 3401 3111 Servatoris

1829 3144 2004 3199 nostri
2033 3144 2140 3199 222
2168 3160 2393 3215 regnare
2426 3146 2608 3216 coepit.
2660 3147 2720 3199 In
2771 3145 3047 3217 Euthymii
3078 3145 3200 3202 Vita
3252 3149 3397 3201 anti-

1828 3254 1963 3307 quus
1992 3237 2219 3307 ipsisque
2248 3237 2500 3306 apostolis
2552 3238 2837 3307 familiaris
2883 3240 3078 3295 dicitur
3101 3282 3115 3307 ,
3151 3240 3402 3310 idemque

1829 3327 1886 3383 in
1917 3328 2105 3401 Cyrilli
2137 3329 2571 3401 Scythopolitani
2599 3329 2722 3385 Vita
2751 3329 2809 3385 S.
2845 3330 3101 3387 Sabae'de
3133 3347 3200 3387 eo
3235 3334 3403 3387 liabe-

1827 3431 1940 3489 tur,
1967 3423 2135 3492 quod,
2157 3425 2618 3494 quemadmodum
2654 3425 2818 3494 paulo
2845 3427 3097 3495 superius
3148 3427 3403 3483 animadv

1829 3513 2124 3580 vertimus,
2171 3529 2277 3568 nou
2328 3515 2651 3584 simpliciter
2690 3515 2916 3586 intelligi
2964 3524 3159 3585 potest.
3210 3516 3397 3590 Longe

1825 3605 1973 3661 enim
2019 3613 2261 3661 remotus
2294 3606 2394 3661 fuit
2423 3608 2490 3661 ab
2534 3608 2905 3676 apostolorum
2938 3608 3184 3678 ipsorum
3219 3619 3396 3665 aetate.

1830 3698 2138 3768 Stephanus
2160 3700 2209 3753 le
2233 3698 2427 3771 Moyne
2450 3700 2554 3754 loc.
2586 3700 2679 3755 cit.
2710 3701 2988 3755 existimat
3020 3701 3397 3772 Hippolytum,

1826 3790 2059 3861 Philippi
2091 3791 2285 3846 Arabis
2305 3833 2320 3858 ,
2353 3792 2446 3861 qui
2476 3808 2620 3848 anno
2669 3793 2871 3848 Christi
2915 3793 3024 3849 254
3059 3795 3400 3863 imperatoris

1827 3879 2147 3952 dignitatem
2178 3889 2260 3936 est
2291 3892 2641 3946 consecutus,
2678 3891 2894 3952 tempus
2940 3885 3216 3955 attigisse,
3252 3888 3399 3955 quod

1828 3973 1922 4028 ubi
1949 3972 2322 4039 admittamus,
2344 3972 2637 4029 dicendum
2666 3982 2751 4028 est
2771 3989 2896 4028 eum
2920 3975 3213 4031 admodum
3240 3986 3399 4032 aetate

1827 4062 2129 4134 proiectum
2164 4062 2356 4121 fuisse.
2406 4063 2517 4120 Nec
2563 4065 2885 4137 martyrium
2920 4065 3068 4122 illius
3102 4077 3228 4138 apte
3266 4083 3400 4124 con-

1825 4155 1975 4211 venit
2004 4156 2341 4227 temporibus
2371 4155 2639 4226 Philippi,
2689 4157 2769 4211 uti
2812 4173 2881 4221 ex
2930 4159 3096 4229 paulo
3135 4169 3255 4231 post
3289 4169 3403 4215 tra-

1826 4250 2018 4306 dendis
2078 4251 2299 4321 patebit.
2353 4249 2408 4305 ld
2466 4250 2634 4305 dubio
2682 4261 2863 4317 caret,
2916 4268 3041 4308 eum
3100 4255 3401 4325 imperante

1826 4344 2133 4399 Alexandro
2182 4343 2382 4400 Severo
2414 4344 2617 4400 vixisse
2658 4353 2712 4398 et
2765 4345 3086 4414 scripsisse;
3135 4348 3399 4417 temporis

1826 4449 2008 4494 autem
2033 4438 2171 4492 ratio
2197 4453 2304 4492 non
2335 4446 2588 4492 accurate
2613 4437 2821 4491 deliniri
2848 4446 3041 4507 potest.

2352 4550 2749 4607 ARTICULUS
2788 4551 2848 4607 ll.

2110 4663 2175 4701 DE
2214 4662 2342 4701 δεῦε
2382 4659 2683 4700 EPISCOPALI
2723 4659 2770 4700 S.
2809 4660 3111 4701 IIIPPOLYTI.

1900 4736 2224 4791 Charactere
2278 4736 2569 4806 episcopali
2639 4735 2698 4791 S.
2752 4737 3096 4808 Hippolytum
3147 4748 3396 4792 nostrum

1830 4827 1998 4884 fuisse
2043 4829 2360 4900 insignitum
2409 4828 2701 4898 perhibent
2749 4828 3021 4885 Eusebius
3065 4830 3176 4902 (25)
3234 4840 3400 4901 atque

1832 4925 1893 4979 D.
1927 4921 2288 4993 Hieronymus
2330 4922 2440 4994 (26)
2470 4942 2484 4976 :
2518 4923 2613 4978 sed
2656 4925 2864 4979 incerta
2891 4922 3118 4980 omnino
3147 4933 3233 4980 est
3276 4924 3407 4996 ejus

1899 5056 2008 5129 (18)
2029 5055 2168 5129 Hell.
2194 5057 2401 5129 Defens.
2415 5056 2510 5126 ῥά.
2531 5057 2880 5129 Nicarn..seg.
2901 5073 2981 5129 tn,
2996 5073 3114 5127 cap.
3137 5057 3251 5127 8,p.
3269 5056 3395 5113 220.

1899 5126 2011 5198 (l9)
2047 5126 2266 5198 Hieron.
2292 5128 2398 5198 loc.
2431 5129 2522 5198 cit.
2553 5128 2684 5184 Eus.
2717 5128 2786 5182 H.
2818 5127 2886 5183 E.
2915 5128 3044 5187 Lvr.
3065 5126 3207 5198 cap.
3233 5129 3324 5183 25.

1897 5196 2297 5323 g20gslgiceph"
2349 5197 2421 5252 li.
2464 5196 2531 5253 E.
2585 5200 2678 5253 lib.
2725 5214 2811 5267 tv,
2847 5213 2968 5268 cap.
3021 5200 3111 5265 51,
3147 5196 3307 5253 ⁷ιθιη.
3350 5200 3395 5263 l,

1862 5283 1948 5323 an.
1985 5268 2109 5323 550.
3340 5316 3343 5319 λ

1825 5284 2256 5406 Ρθῗὲιῖδῖἶὶιιεεη
2281 5336 2405 5393 Not.
2440 5339 2494 5393 in
2523 5338 2723 5393 Euseb.
2761 5338 2854 5393 lib.
2882 5353 2932 5391 VI
2990 5337 3063 5391 Η.
3092 5336 3191 5401 Ε.,
3222 5352 3273 5392 c.
3302 5316 3396 5392 9.3.

1917 5408 2007 5480 22)
2048 5406 2209 5480 liuet.
2239 5407 2547 5480 Origenian.
2577 5410 2668 5464 lib.
2712 5422 2752 5473 ι,
2779 5424 2901 5480 cap.
2938 5408 2993 5468 2,
3037 5408 3147 5480 ςβ.

1894 5476 2007 5547 (25)
2047 5478 2275 5549 Moyne,
2316 5476 2704 5549 Prolegomena
2751 5480 2817 5533 ad
2848 5476 3273 5541 'Varia'Sacru,
3341 5478 3396 5531 in

1825 5547 2405 5621 exercitatiu'nculaAde
2529 5549 2838 5621 Hippolyto.

1890 5619 2005 5688 (24)
2024 5619 2211 5689 Simon
2235 5620 2301 5673 de
2316 5617 2613 5689 Magistris§
2630 5617 2682 5672 in
2699 5617 2916 5674 Prmfat.
2934 5618 2997 5672 ad
3023 5618 3400 5689 Danielemse-

1824 5687 2237 5760 cnnrlunt‘LXX,
2262 5687 2537 5760 numévn,
2578 5706 2632 5760 p.
2662 5705 2813 5751 xxvr,
2844 5690 2971 5760 edit.
2996 5688 3402 5749 lloman.l772.

1892 5759 2004 5829 (25)
2046 5758 2264 5829 Euseb,
2298 5758 2367 5816 Η.
2402 5758 2469 5814 Ε,
2500 5758 2595 5814 lib:
2628 5775 2703 5825 vr,
2739 5773 2857 5829 cap.
2885 5758 2975 5813 20.

1893 5828 2006 5900 (26)
2049 5828 2266 5886 Hieron.
2309 5831 2380 5885 De
2417 5833 2516 5885 vir.
2555 5830 2634 5885 ill.
2662 5846 2780 5900 cap.
2811 5828 2901 5885 61.
3082 5834 3087 5839 ’
