3986 6358
529 393 639 451 275

1478 385 1570 441 DE
1606 383 1771 441 VITA
1808 381 1898 438 ΕΤ
1942 372 2259 435 SCRIPTIS
2299 371 2359 428 S.
2399 365 2778 427 HlPPOLYTl.

3663 351 3770 412 276

527 511 708 578 sedes,
739 528 807 567 an
832 511 1100 582 episcopus
1130 512 1358 580 gentium
1391 504 1685 577 putandus.
1735 517 1846 573 quo
1877 500 2096 572 quidem
2127 502 2174 560 Α
2201 491 2542 550 accuratiore
2571 486 2880 560 cognitione
2913 498 3026 582 rem
3049 479 3285 582 assequi
3311 491 3490 582 posse,
3512 476 3776 582 sibi-oper?

528 597 685 654 titulo
719 597 838 668 ejus
868 598 1108 654 sodalem
1143 597 1337 652 Caium
1368 595 1628 648 Romana:
1657 591 1912 646 Ecclesiae
1945 604 2098 660 pres-

527 687 773 759 byterum
817 699 1065 744 ornatum
1114 688 1285 744 fuisse
1345 686 1512 757 probe
1567 684 1860 740 novimus?
1890 683 2099 752 Opera:

526 782 762 850 pretium
801 791 886 838 est
923 785 1002 839 ire
1030 797 1126 853 per
1156 781 1370 851 singula
1390 820 1404 845 ,
1437 793 1560 849 qua:
1584 778 1692 832 hac
1714 777 1780 832 de
1809 792 1866 830 re
1895 775 2099 833 doctis-

527 869 652 923 simi
677 871 924 928 excussis
949 879 1193 926 veterum
1220 869 1375 926 libris
1405 868 1802 938 excogitatum.

598 959 867 1018 Eusebius
907 962 1259 1018 Caesariensis
1289 961 1356 1016 de
1391 960 1704 1031 episcopatu
1741 957 1798 1011 S.
1830 955 2098 1026 Hippolyti

530 1052 608 1108 sic
635 1053 822 1109 scribit
854 1053 964 1125 (27)
987 1072 1000 1110 :
1025 1052 1219 1107 Eadem
1254 1060 1553 1120 tempestate
1585 1049 1740 1104 multi
1761 1047 2098 1104 ecclesiastici

527 1145 629 1197 uiri
671 1145 915 1199 doctrina
951 1145 1257 1200 excellentes
1291 1143 1616 1212 ﬂorebant...
1665 1139 1812 1194 Inter
1861 1139 1953 1194 hos
1997 1139 2099 1208 fuit

527 1232 774 1305 Beryllus
801 1235 1180 1292 Bostrenorum
1203 1236 1259 1289 in
1288 1233 1488 1288 Arabia
1516 1235 1812 1304 episcopus,
1842 1232 1932 1303 qui
1959 1247 2100 1300 prte-

533 1335 611 1378 ter
643 1325 893 1395 epistolas
919 1336 968 1381 et
997 1326 1386 1381 lucubrationes
1419 1327 1564 1381 uaria
1611 1343 1812 1398 quoque
1846 1324 2100 1395 elegantis

529 1417 725 1481 inqenii
759 1431 1093 1473 monumenta
1127 1419 1422 1490 dereliquit.
1469 1417 1730 1474 Similiter
1763 1428 1812 1472 et
1843 1416 2102 1488 Hippoly-

533 1517 618 1562 tus
659 1509 883 1564 alterius
923 1511 1203 1582 cujusdam
1239 1509 1493 1566 Ecclesia!
1533 1513 1827 1582 episcopus.
1867 1509 2100 1565 Sanctus

531 1611 662 1652 vero
712 1596 1074 1670 Hieronymus
1113 1601 1328 1656 videtur
1367 1603 1546 1657 locum
1593 1601 1934 1671 episcopatus
1981 1599 2101 1668 ejus

532 1687 821 1760 indagasse
899 1699 953 1746 et
1005 1707 1135 1761 non
1167 1692 1472 1754 invenisse,
1523 1691 1981 1761 quemadmodum
2047 1690 2099 1742 in

2200 589 2493 643 suaserint.
2529 582 2842 651 Stephanus
2873 578 3020 633 enim
3049 577 3099 632 le
3130 575 3320 646 Moyne
3352 573 3464 644 (55)
3491 569 3776 624 existimat

2200 680 2547 752 Hippolytum
2575 675 2774 730 Portus
2798 670 3067 736 Romani,
3103 666 3334 736 emporii
3360 665 3416 720 in
3446 663 3645 718 Arabia
3679 675 3774 714 ce-

2199 773 2500 838 leberrimi,
2523 768 2725 825 Adenae
2747 767 2912 822 etiam
2941 761 3095 825 dicti,
3126 770 3182 815 et
3207 776 3237 814 a
3269 757 3532 815 Romanis
3557 767 3775 809 merca-

2200 867 2410 924 toribus
2465 861 2757 919 admodum
2810 855 3177 926 l‘requentati,
3230 852 3605 922 episcopatum
3656 863 3778 917 ges-

2199 959 2372 1024 sisse;
2406 970 2528 1025 qua:
2553 951 2814 1008 sententia
2846 949 2970 1004 aliis
3007 960 3227 1017 quoque
3255 942 3588 1000 doctissimis
3611 939 3772 1005 viris,

2201 1059 2364 1120 atque
2392 1047 2447 1101 in
2492 1045 2577 1099 his
2603 1042 2748 1100 Guil.
2788 1040 2989 1105 Caveo,
3018 1037 3288 1094 Casimiro
3328 1035 3544 1090 Oudino
3577 1043 3633 1089 et
3664 1031 3773 1087 Eli.

2202 1139 2561 1212 Dupinio(34)
2579 1152 2637 1193 se
2665 1133 3084 1191 commendavit.
3109 1129 3524 1186 Eruditissimus
3549 1127 3778 1196 insuper

2202 1232 2316 1288 Jos.
2362 1230 2641 1286 Simonius
2669 1228 3006 1283 Assemanus
3033 1223 3299 1278 Maronita
3345 1221 3472 1276 huic
3521 1219 3778 1290 opinioni

2204 1323 2530 1390 subscribit,
2573 1321 2702 1376 dum
2736 1330 2869 1375 tom.
2898 1317 2965 1371 lli
2991 1315 3248 1370 Biblioth.
3285 1313 3488 1370 Orient.
3520 1313 3779 1368 Clemen-

2204 1414 2618 1470 tino-Vaticana:
2647 1421 2788 1482 part.
2818 1426 2856 1476 ι,
2885 1425 3006 1479 cap.
3038 1408 3092 1475 7,
3124 1423 3244 1478 pag.
3271 1406 3359 1473 15,
3391 1414 3514 1475 post
3541 1420 3776 1459 enume-

2203 1512 2351 1558 ratas
2367 1503 2627 1573 quasdam
2652 1501 2824 1556 sancti
2853 1499 3107 1568 martyris
3135 1497 3306 1552 nostri
3332 1495 3778 1551 elucubrationes

2206 1595 2282 1649 ita
2315 1594 2371 1649 in
2410 1593 2555 1649 notis
2600 1601 2821 1647 monet:
2871 1589 3190 1659 Hippolytus
3217 1628 3231 1651 ,
3280 1587 3472 1642 Portus
3519 1585 3777 1648 Romani,

2206 1702 2308 1741 non
2336 1686 2406 1738 ad
2430 1686 2567 1738 ostia
2601 1683 2864 1747 Tiberina,
2890 1687 2979 1736 sed
3006 1680 3329 1735 celeberrimi
3361 1681 3416 1732 in
3453 1678 3651 1732 Arabia
3677 1678 3778 1729 hoc

486 1815 490 1821 -
533 1795 695 1850 opere
722 1779 801 1834 De
833 1783 1178 1850 scriptoribus
1209 1783 1579 1837 ecclesiasticis
1600 1824 1615 1849 ,
1647 1798 1766 1852 cap.
1798 1781 1858 1836 61
1885 1823 1900 1849 ,
1925 1782 2105 1836 innuit
2137 1841 2174 1852 __
2207 1778 2418 1850 nomine
2445 1777 2668 1846 emporii
2708 1777 2981 1845 episcopus
3001 1815 3016 1840 ,
3059 1783 3118 1827 ut
3169 1771 3461 1842 Stephanus
3495 1771 3544 1824 le
3583 1769 3779 1840 Moyne

532 1873 619 1928 his
639 1873 819 1928 verbis
851 1893 864 1928 :
898 1873 1212 1945 Hippolytus
1235 1876 1518 1940 cujusdam
1548 1873 1801 1930 Ecclesia
1831 1875 2100 1944 episcopus
2137 1867 2176 1894 υ
2204 1871 2440 1940 conjicit.
2474 1869 2764 1923 Abulidum
2804 1867 2984 1921 Roma:
3008 1867 3304 1936 episcopum
3349 1874 3532 1918 uocant
3594 1879 3780 1916 recen-

535 1964 753 2032 (namen
777 1966 967 2036 quippe
993 1967 1143 2020 urbis.
1168 1968 1301 2021 scire
1339 1983 1441 2020 non
1477 1966 1684 2037 potui).
1727 1965 2104 2022 Theodoretus

533 2065 738 2123 autem,
765 2061 858 2127 qui
892 2059 1060 2114 multa
1084 2075 1151 2114 ex
1181 2075 1246 2115 eo
1277 2058 1516 2124 adducit,
1537 2058 1851 2128 episcopum
1879 2067 1934 2113 et
1954 2075 2102 2113 mar-

530 2157 704 2218 tyrem
737 2149 889 2204 illum
922 2159 1082 2205 vocat
1118 2150 1266 2221 (28).;
1325 2151 1418 2206 sed
1467 2151 1754 2222 cujusnam
1807 2151 1960 2207 urbis
1990 2153 2105 2226 epi-

534 2253 736 2306 scopus
761 2236 943 2299 fuerit.
977 2256 1085 2296 non
1118 2241 1288 2295 addit.

602 2328 820 2386 Primus
847 2329 952 2386 fuit
981 2331 1231 2388 Gelasius
1264 2332 1282 2385 Ι
1310 2331 1584 2404 pontifex,
1607 2348 1707 2400 seu
1739 2334 1919 2404 potius
1945 2332 2106 2389 Gela-

534 2421 652 2476 sius
679 2419 1015 2492 Cyzicenus,
1069 2434 1130 2479 ut
1176 2424 1538 2481 Bellarminus
1580 2434 1635 2482 et
1676 2425 1768 2480 alii
1817 2425 1920 2479 viri
1960 2425 2106 2480 docti

533 2513 744 2568 malunt
777 2515 796 2584 (
819 2523 1046 2586 uterque
1077 2517 1278 2572 saeculo
1307 2533 1339 2572 v
1371 2517 1585 2588 ﬂoruit)
1605 2559 1621 2584 ,
1660 2518 1717 2572 in
1759 2517 2012 2588 opusculo‘
2042 2518 2107 2571 de

533 2608 738 2663 duabus
769 2610 825 2662 in
857 2609 1067 2663 Christo
1098 2610 1306 2662 naturis
1349 2618 1535 2662 contra
1571 2608 1879 2663 Nestorium
1909 2617 1958 2662 et
1989 2605 2106 2660 Eu-

537 2700 753 2771 tychen,
802 2700 894 2772 qui
930 2701 1112 2755 sedem
1146 2699 1416 2773 Hippolyti
1450 2701 1629 2758 nostri
1674 2701 1776 2756 sub
1822 2700 2106 2770 metropoli

533 2791 766 2848 Arabica
794 2793 1083 2848 collocavit
1112 2792 1246 2862 (29).
1280 2791 1622 2849 Verum-haec
1655 2792 1922 2848 sententia
1971 2792 2106 2846 nulli

537 2885 630 2940 alii
661 2885 1016 2941 fundamento
1059 2886 1274 2951 nititur,
1316 2885 1421 2942 nisi
1457 2901 1727 2956 perversa:
1769 2884 1953 2938 Rulini
2002 2884 2106 2938 loci

535 2977 829 3034 Ensebiani
898 2979 1354 3048 interpretationi.
1408 2977 1637 3033 Ruﬁnus
1707 2977 1850 3032 enim
1905 2976 2104 3030 vertit:

532 3070 669 3125 Erat
695 3071 830 3124 inter
856 3080 1071 3124 steteras
1093 3080 1140 3124 et
1171 3070 1413 3140 Beryllus
1436 3072 1753 3139 scriptorum
1785 3069 2103 3139 prcecipuus,

2205 1964 2362 2018 tiores
2388 1961 2678 2018 Christiani
2707 1961 2905 2014 Arabes
2935 1959 3070 2028 (55).
3113 1956 3217 2011 Sed
3263 1955 3380 2010 haec
3422 1953 3620 2026 Moynii
3646 1969 3783 2008 con-

2200 2058 2413 2128 jectura
2458 2054 2636 2125 magis
2679 2051 2964 2123 ingeniosa
3003 2064 3170 2119 quam
3198 2046 3521 2102 verosimilis
3549 2054 3652 2099 est.
3695 2045 3782 2099 Si-

2205 2149 2422 2218 quidem
2455 2146 2648 2202 nullibi
2692 2145 2908 2214 legitur,
2946 2141 3092 2212 quod
3127 2139 3215 2195 ille
3264 2137 3464 2195 Portus
3493 2137 3780 2194 Romanus

2205 2241 2402 2312 primis.
2427 2239 2640 2294 saeculis
2682 2236 2972 2307 episcopali
3003 2233 3131 2289 sede
3159 2241 3455 2288 exornatus
3489 2231 3673 2285 fuerit.
3717 2229 3783 2285 Si

2205 2344 2388 2389 tamen
2423 2331 2482 2386 S.
2518 2329 2840 2401 Hippolytus
2873 2342 3112 2398 unquam
3149 2323 3312 2380 fuerit
3354 2323 3640 2392 cpiscopus
3681 2338 3782 2375 ur-

2207 2427 2291 2482 bis
2317 2423 2642 2490 Adanensis,
2693 2420 2940 2492 profecto
2971 2419 3170 2474 mirum
3206 2415 3460 2472 omnibus
3484 2413 3782 2480 videbitur,

2208 2518 2506 2575 Eusebium
2553 2515 2770 2571 Arabia:
2810 2514 3088 2579 vicinum,
3157 2519 3212 2565 et
3267 2510 3326 2565 S.
3383 2508 3782 2579 Hieronymum

2207 2613 2396 2667 Romae
2416 2653 2431 2679 ,
2464 2621 2518 2666 et
2550 2611 2605 2665 in
2643 2609 2862 2665 Oriente
2889 2608 2981 2663 diu
3011 2615 3283 2663 versatum
3308 2618 3416 2658 non
3444 2604 3663 2658 novisse
3689 2617 3786 2657 ca.-

2208 2707 2455 2761 thedram
2483 2705 2847 2775 episcopalem
2877 2703 3040 2771 hujus
3070 2701 3242 2758 sancti
3282 2699 3416 2763 viri,
3467 2697 3579 2753 sive
3631 2697 3781 2752 cele-

2206 2795 2504 2850 berrimum
2533 2795 2745 2848 Arabiae
2777 2794 3104 2862 emporium,
3131 2791 3278 2861 quod
3302 2806 3332 2844 a
3356 2787 3616 2845 Romanis
3649 2805 3782 2858 pas.-

2209 2891 2309 2946 sim
2362 2888 2825 2958 frequentabatur.
2894 2885 3062 2955 igitur
3128 2883 3370 2953 undique
3451 2881 3784 2937 involvimur

2211 2981 2483 3048 tenebris,
2540 2995 2679 3050 quas
2737 2978 2854 3032 sine
2905 2976 3135 3031 clariore
3183 2976 3304 3031 luce
3358 2975 3624 3044 dissipare
3669 2989 3783 3028 non

2208 3089 2532 3145 possumus,
2556 3081 2608 3128 et
2641 3072 2763 3128 ideo
2791 3069 2859 3125 ad
2889 3069 3176 3140 opiniones
3203 3069 3434 3123 aliorum
3464 3067 3784 3124 referendas

533 3164 623 3232 qui
651 3172 700 3218 et
727 3163 836 3231 ipse
860 3161 1068 3216 diversa
1097 3163 1350 3233 opuscula
1379 3163 1676 3234 dereliquit.
1710 3161 1998 3232 EpiscOpus
2024 3163 2107 3215 hic
2133 3181 2176 3244 ο
2210 3165 2616 3237 progredimur.

535 3253 635 3323 fuit
671 3254 810 3324 apud
841 3253 1084 3308 Bostram
1111 3295 1126 3320 ,
1172 3255 1387 3308 Arabia:
1417 3253 1594 3308 urbem
1619 3256 1927 3307 maximam.
1971 3251 2106 3306 Erat

533 3346 880 3401 nihilominus
903 3356 952 3400 et
969 3345 1326 3416 ‘Hippolytus,
1347 3347 1440 3416 qui
1467 3355 1517 3399 et
1539 3348 1648 3416 ipse
1677 3344 1952 3415 aliquanta
1975 3345 2108 3398 scri-

532 3449 626 3506 pta
679 3437 979 3510 dereliquit,
998 3439 1291 3508 episcopus.
1345 3438 1533 3493 Graeca
1584 3439 1850 3508 siquidem
1888 3437 2107 3494 Eusebii

533 3529 613 3584 nil
636 3528 783 3584 aliud
830 3529 1067 3584 innuunt
1094 3531 1290 3596 verba,
1321 3545 1482 3598 quam
1533 3531 1679 3600 quod
1722 3528 1967 3602 Beryllus
1997 3530 2106 3587 Bo-

533 3631 846 3676 strenorum
887 3622 944 3675 in
974 3621 1174 3676 Arabia
1217 3621 1505 3692 episcopus
1533 3622 1731 3686 fuerit,
1764 3633 1926 3692 atque
1955 3621 2108 3677 simi-

530 3711 658 3768 liter
681 3710 1001 3785 Hippolytus
1028 3713 1254 3768 alterius
1292 3713 1577 3782 cujusdam
1603 3713 1859 3770 Ecclesize
1892 3715 2105 3781 episco-

531 3821 657 3876 pus.
685 3805 959 3872 Ὡσαύτως
991 3806 1047 3860 δὲ
1075 3807 1170 3860 καὶ
1202 3807 1510 3872 Ἱππόλυτος
1539 3807 1731 3879 ἐτέρας
1758 3824 1859 3860 που
1887 3809 1978 3860 καὶ
2010 3809 2108 3862 uti»

531 3897 626 3961 τὸς
658 3896 938 3970 προεστὼς
968 3898 1310 3970 Ἐκκλησίας.
1343 3897 1445 3966 Ειι,
1476 3899 1750 3970 quomodo
1785 3899 1961 3969 prima
1994 3900 2109 3954 haec

534 3999 699 4060 atque
727 3990 1108 4060 antiquissima
1135 3990 1319 4060 opinio
1345 4005 1444 4059 per
1463 3991 1641 4061 ipsum
1667 3989 1984 4057 Eusebium,
2011 4007 2107 4046 cu.-

529 4081 624 4152 jus
649 4079 959 4136 auctoritati
991 4079 1212 4135 sullnlta
1236 4081 1579 4145 credebatur,
1611 4079 2003 4135 labefactetur?

604 4171 850 4226 Zonaras
877 4181 932 4227 et
969 4170 1311 4244 Nicephorus
1341 4173 1454 4245 ('50)
1483 4189 1620 4244 quos
1650 4173 1895 4244 plerique
1919 4189 2108 4228 recen-

535 4263 702 4318 tiores
743 4273 1065 4332 sequuntur,
1113 4279 1238 4318 eum
1282 4263 1480 4320 Portus
1526 4263 1755 4320 Romani
1791 4267 2105 4335 episcopum

534 4355 706 4412 fuisse
748 4357 1012 4410 scribunt.
1053 4355 1310 4412 Leontius
1342 4356 1675 4428 Byzantinus
1705 4359 1816 4428 (51)
1851 4358 2016 4412 tradit
2050 4359 2113 4411 ιιρ

531 4447 648 4502 lum
680 4445 868 4502 Romae
894 4463 1094 4502 munus
1121 4448 1361 4518 episcopi
1407 4451 1661 4520 gessisse.
1701 4449 2107 4505 Centuriatorcs

2279 3256 2660 3312 Tillemontius
2709 3254 2853 3310 haud
2899 3254 3352 3310 contemnendam
3409 3252 3783 3322 conjecturam

2208 3365 2328 3406 esse
2362 3351 2614 3406 observat
2648 3349 2781 3422 (36),
2831 3349 2877 3404 si
2909 3349 3122 3403 dicatur
3151 3346 3494 3418 Hippolytum
3527 3347 3584 3401 in
3612 3363 3785 3417 parva

2209 3441 2443 3512 quadam
2466 3440 2796 3509 urbe,cujus
2826 3453 3021 3493 nomen
3056 3438 3237 3493 minus
3267 3447 3452 3492 notum
3487 3438 3580 3500 sit,
3602 3438 3784 3492 sacris

2209 3533 2527 3604 prteluisse;
2573 3533 2908 3588 venditatum
2945 3540 3125 3598 autem
3153 3545 3272 3586 esse
3297 3530 3610 3600 episcopum
3641 3527 3786 3583 Por-

2211 3635 2298 3682 tus
2330 3626 2584 3688 Romani,
2613 3625 2872 3696 quoniam
2899 3639 2965 3678 eo
2990 3625 3042 3677 in
3069 3623 3188 3678 loco
3212 3623 3536 3694 martyrltoc
3557 3623 3788 3676 nomine

2209 3719 2440 3777 celebris
2463 3719 2754 3780 exstiterit,
2774 3733 2842 3772 ex
2865 3717 3085 3771 Oriente
3114 3716 3347 3771 fortasse
3380 3715 3510 3768 illuc
3538 3714 3782 3778 delatus,

2209 3827 2371 3882 quem
2418 3811 2702 3879 interjecto
2748 3821 3018 3878 tempore,
3081 3823 3204 3860 cum
3250 3822 3446 3875 magno
3498 3803 3788 3876 Hippolyto

2208 3905 2468 3975 episcopo
2525 3911 2578 3956 et
2636 3913 2874 3972 martyre
2951 3899 3315 3956 cont-‘uderint.
3374 3896 3616 3968 Utroque
3669 3899 3789 3966 pol-

2209 3996 2313 4051 lice
2351 3995 2486 4051 huic
2520 3995 2848 4065 conjecturae
2890 3993 3186 4050 subscribit
3226 3990 3516 4063 perdoctus
3566 3988 3790 4044 Ceillie-

2210 4085 2326 4140 rius
2351 4084 2484 4152 (57).
3753 4133 3761 4140 .

2286 4176 2633 4232 Bollandiani
2665 4175 2732 4230 de
2764 4173 2891 4230 sede
2915 4160 3187 4246 Hippolyti
3216 4173 3287 4228 M.
3324 4173 3395 4228 ita
3430 4171 3786 4240 coniectant:

2211 4269 2295 4323 Ea;
2347 4271 2580 4339 antiquis
2631 4270 2927 4340 (inquiunt)
2990 4270 3100 4340 (58)
3167 4267 3566 4339 Martyrologiis
3613 4270 3787 4338 primo

2211 4370 2411 4415 constat
2441 4361 2499 4416 S.
2533 4361 2878 4431 Hippolytum
2905 4363 3001 4415 hac
3022 4363 3105 4416 die
3125 4361 3217 4432 (22
3245 4363 3407 4432 Aug.)
3436 4363 3514 4415 vel
3541 4373 3789 4432 sequente

2211 4451 2268 4503 in
2302 4449 2467 4504 Portu
2499 4449 2736 4505 Romano
2768 4452 3082 4521 martyrium
3121 4451 3360 4505 subiisse.
3411 4450 3678 4506 Prwterca
3722 4468 3790 4505 ex

533 4539 1024 4629 Magdeburgenses
1071 4539 1345 4609 appellant
1375 4555 1500 4595 eum
1537 4540 1841 4596 Ostiensem
1888 4542 2104 4596 autisti-
2137 4537 2180 4592 D
2221 4539 2443 4595 Eusebio
2491 4542 2714 4611 aliisque
2769 4543 2986 4596 vetustis
3045 4541 3388 4610 scriptoribus
3432 4542 3590 4611 liquet
3646 4542 3789 4594 hunc

532 4641 643 4690 tem
692 4633 827 4703 (52).
874 4631 1103 4698 Quidam
1150 4632 1343 4688 volunt
1407 4631 1464 4688 S.
1529 4631 1874 4705 Hippolytum
1931 4633 2101 4690 fuisse

532 4727 889 4785 Portuensem
917 4741 1013 4782 seu
1051 4725 1410 4782 Adamensem
1446 4727 1500 4781 in
1530 4726 1727 4780 Arabia
1752 4729 2099 4797 episcopum,

533 4829 588 4875 et
624 4820 728 4877 hoc
756 4819 976 4890 quidem
1008 4820 1283 4877 nonnullis
1308 4820 1378 4874 ita
1411 4819 1590 4876 visum
1618 4828 1700 4876 est
1720 4861 1738 4888 ,
1776 4829 1836 4875 ut
1869 4836 1926 4877 se
1957 4837 2103 4879 nunc

607 4971 722 5044 (27)
743 4972 984 5044 βαφὴ,
1016 4974 1102 5028 lib.
1141 4989 1192 5030 c.

605 5043 1375 5119 (28):l‘hgidoret.._[)ialog.l,_
1394 5060 1514 5119 pag.
1533 5045 1588 5111 2,
1614 5047 1667 5114 5,
1687 5045 1777 5115 56;
1808 5047 2016 5119 Dialog.
2036 5049 2103 5118 ll,

535 5113 1043 5188 pag._88:,_Dialog.
1079 5114 1163 5188 lli,
1196 5113 1318 5185 pag.
1358 5113 1478 5169 154.

768 5183 1046 5306 Hirpolyti
1073 5183 1298 5264 episcopi
1354 5187 1606 5257 martyris
1643 5187 1876 5242 Arabum
1903 5201 2105 5273 .metro-

627 5271 672 5306 ts
702 5271 759 5306 in
857 5271 1056 5306 αιτιοι-ια
1081 5257 1378 5306 hmresmm.
1406 5255 1586 5306 Gelas-
1615 5270 1744 5306 tam-
1764 5259 1824 5306 IV
1849 5260 2099 5306 Blbltnlh-

534 5255 672 5324 polis
702 5256 759 5307 in
800 5255 1056 5308 Memoria
1081 5257 1378 5310 hceresium.
1406 5255 1586 5312 Gelas.
1615 5259 1824 5314 lom.|V
1845 5260 2103 5319 Biblioth.

535 5325 679 5385 PP..
704 5341 828 5394 pag.
859 5325 987 5379 424.

535 5343 679 5385 ιτ..
704 5343 828 5448 νεὶ.
859 5343 987 5379 424.

532 5395 738 5520 ιη)φᾶ
768 5406 1148 5520 εὲἓὲὶιὲῑ.ιοιιι.
1175 5394 1220 5451 ΙΙ
1249 5397 1470 5463 Annal.,
1501 5408 1556 5454 et
1599 5397 1888 5470 Nicephor.
1925 5401 1998 5458 Η.
2036 5401 2102 5456 E.

558 5481 631 5520 ιι).
664 5481 738 5530 Iv,
768 5482 890 5530 cap.
921 5481 1008 5520 οι.

604 5482 738 5610 (.3113,
758 5482 1234 5610 [EZBnSIHyzantu
1263 5537 1385 5610 lect.
1419 5551 1476 5610 ιιι
1504 5543 1570 5592 de
1600 5540 1786 5604 sectis,
1808 5556 1927 5610 pag.
1960 5541 2104 5597 4'50:

541 5602 732 5685 «Forte
765 5602 1049 5685 Romanus
1073 5607 1250 5685 dictus
1268 5607 1668 5685 fuitepiscopns
1695 5602 1972 5685 eois'en'su,
1998 5627 2108 5680 quo

535 5675 868 5744 signiﬁcatur
888 5675 1114 5731 Latinus
1135 5675 1505 5746 episcopuslln
1524 5675 1834 5735 Graecorum
1850 5681 1993 5735 enim
2013 5675 2111 5736 lin-

537 5747 940 5821 gua_hi_te1‘mini
958 5749 1304 5821 Romanuset
1322 5749 1545 5803 Latinus
1563 5766 1862 5821 synonyma
1880 5763 2025 5806 sunt.
2071 5772 2088 5802 ι

608 5815 722 5885 (52)
763 5815 1062 5872 Ccnturiat.
1089 5817 1335 5895 Magdeb.
1363 5861 1378 5889 ,
1406 5830 1547 5875 cent.
1581 5815 1647 5889 3,
1682 5815 1852 5890 0.10,
1897 5837 1949 5892 p.
1986 5823 2104 5878 191.

2211 4641 2502 4701 martyrem
2534 4633 2820 4701 episcopali
2849 4632 3106 4702 dignitate
3147 4631 3430 4701 prteditum
3465 4631 3650 4700 fuisse.
3681 4631 3790 4685 De-

2208 4724 2362 4793 nique
2391 4721 2450 4776 S.
2496 4719 2848 4792 Hieronymus
2881 4724 2936 4776 in
2968 4739 3116 4791 opere
3167 4721 3241 4777 Dc
3271 4722 3523 4791 scriptor.
3561 4723 3786 4790 eccles.,

2208 4831 2327 4884 cap.
2355 4813 2443 4880 6i,
2479 4824 2726 4879 testatur,
2768 4814 2825 4870 S.
2855 4813 3198 4884 Hippolytum
3237 4813 3480 4868 habuisse
3509 4813 3789 4868 homiliam

2279 4977 2392 5046 ('55)
2447 4973 2635 5046 Steph.
2685 4973 2735 5026 le
2792 4971 2985 5044 Moyne
3011 5014 3026 5039 ,
3095 4971 3406 5046 Prolcgom.
3467 4973 3537 5029 ad
3623 4973 3790 5031 Varia

2205 5047 2395 5188 ‘9.“(‘5'3
2429 5116 2594 5172 Cave.
2640 5113 2798 5188 Hist.
2831 5113 2996 5169 litter.
3050 5123 3186 5188 tom.
3219 5115 3277 5182 Ι,
3320 5105 3788 5188 p._102;0“!]l‘l"

2206 5184 2562 5244 Commentar.
2616 5185 2681 5238 de
2733 5188 2917 5254 script.
2968 5184 3149 5238 ecclcs.
3201 5184 3338 5241 tom.
3372 5185 3426 5249 Ι,
3469 5202 3594 5256 pag.
3634 5186 3782 5255 222;

2208 5260 2408 5328 Dupin.
2439 5257 2694 5311 Biblioth.
2729 5267 2934 5312 auctor.
2965 5265 3100 5310 tom.
3136 5256 3190 5322 l,
3233 5272 3358 5327 pag.
3394 5257 3529 5320 179,
3568 5257 3624 5310 in
3661 5267 3781 5313 not.

2204 5346 2351 5385 vers.
2383 5328 2559 5383 Latin.

2279 5399 2393 5469 (55)
2437 5399 2511 5452 De
2538 5397 2940 5469 episcopalibus
2969 5395 3184 5469 Arabiae
3220 5397 3432 5452 consuli
3465 5405 3646 5469 potest
3673 5395 3783 5469 Cae

2206 5466 2430 5527 rolus'a
2460 5469 2516 5522 S.
2555 5466 2724 5523 Paulo
2767 5469 2818 5537 in
2859 5466 3188 5537 Geographia
3230 5483 3385 5520 sacra
3428 5466 3486 5537 ρ.
3519 5467 3646 5530 295,
3686 5468 3782 5522 ubi

2206 5543 2370 5664 {etiam
2397 5541 2462 5594 de
2493 5533 3112 5664 metzopoli'Bostrensi.
3147 5533 3478 5609 Philostorg.
3515 5538 3570 5595 in
3602 5537 3679 5595 Η.
3710 5537 3779 5594 Ε.

2231 5629 2244 5664 ι
2290 5650 2303 5664 .
2337 5627 2418 5664 ιιι.
2448 5625 2567 5664 can.
2637 5650 2651 5664 .

2231 5613 2303 5666 ib.
2337 5627 2418 5672 ιιι,
2448 5625 2567 5672 cap.
2597 5613 2651 5664 4.

2280 5626 2744 5749 (ὅέἒ)”ῗῗ1ΐέιιῒδιιι,
2778 5678 3022 5734 Μέηιοὺο.
3048 5687 3180 5733 tom.
3211 5675 3302 5749 Ill,
3332 5686 3438 5731 art.

2277 5751 2391 5820 (57)
2432 5750 2666 5820 Ceillier.
2699 5749 2844 5803 Hist.
2869 5753 3046 5819 génér.
3082 5760 3214 5803 tom.
3243 5748 3305 5813 ll,
3336 5765 3459 5818 pag.
3494 5749 3622 5806 517.

2280 5822 2391 5893 (38)
2433 5819 2698 5888 Bollam].,
2727 5830 2855 5878 tom.
2888 5820 2952 5876 ιγ
2976 5824 3231 5893 August.,
3253 5835 3377 5892 pag.
3405 5819 3528 5876 510.
