3942 6346
241 341 339 396 277

1201 341 1288 399 DE
1323 341 1491 398 VITA
1523 343 1612 400 ΕΤ
1655 338 1962 399 SCRIPTIS
2002 342 2060 397 S.
2104 342 2500 398 HIPPOLYTI.

3358 341 3466 396 ΞἸὸ

242 460 299 512 de
319 458 486 512 laude
507 455 723 511 Domini
745 457 1064 523 Saluatoris,
1088 460 1140 512 in
1169 474 1274 530 qua
1296 467 1549 528 prcesente
1580 458 1804 530 Origene
1831 463 1876 520 Α
1907 469 2024 512 stus
2053 455 2424 521 Heumannus,
2455 470 2518 509 ac
2539 469 2679 509 nova
2712 453 2922 509 ratione
2950 453 3140 516 utitur,
3185 452 3324 508 hanc
3349 469 3463 508 rem

241 566 290 603 se
313 550 462 618 loqui
495 551 549 603 in
571 550 796 604 ecclesia
821 549 1107 620 signiﬁcat.
1127 549 1179 603 H
1184 551 1268 604 inc
1289 551 1492 606 videtur
1514 551 1676 620 fuisse
1694 552 1805 620 epi-

238 657 422 709 scopus
464 643 521 694 in
567 641 782 696 Oriente
806 680 823 704 ,
854 650 902 695 et
937 642 1119 711 forsan
1156 643 1210 695 in
1257 641 1489 710 Arabia,
1539 641 1803 712 ad‘quam

240 732 493 802 Origenes
520 750 662 787 anno
690 734 901 788 circiter
931 734 1037 788 217
1062 744 1304 790 evocatus
1329 743 1501 801 est,ut
1530 735 1668 804 apud
1693 735 1804 788 Eu-

233 826 432 877 sebium
461 825 536 879 Η.
577 825 643 877 Ε.
669 825 758 879 ιώ.
789 843 859 889 ιγ,
895 843 1012 896 cap.
1040 826 1125 892 l9,
1163 827 1401 897 legimus.
1435 827 1536 880 His
1561 829 1635 881 ita
1662 828 1804 896 posi-

232 916 318 979 tis,
349 931 530 969 nonne
564 915 627 974 S.
661 915 976 987 Hippolytus
1011 919 1279 987 episcopus
1308 917 1479 972 Arabs
1509 918 1666 988 facile
1704 933 1802 986 po-

232 1008 331 1059 tuit
363 1008 438 1060 ad
464 1009 732 1062 risitanda
763 1009 1119 1078 apostolorum
1145 1011 1472 1081 aliorumque
1508 1019 1802 1080 martyrum

227 1099 475 1167 sepulcra
501 1100 725 1154 Romam
754 1103 943 1166 uenire,
976 1103 1032 1158 in
1059 1103 1224 1157 Portu
1241 1102 1476 1157 Romano
1497 1103 1561 1157 ab
1583 1103 1800 1158 etlmicis

227 1195 626 1261 comprehendi,
643 1206 692 1249 et
723 1194 914 1250 ibidem
935 1197 1189 1266 martyrio
1209 1197 1385 1266 a/Iici?
1408 1197 1546 1262 Quid
1566 1200 1612 1252 si
1636 1199 1798 1266 plebs,

229 1286 645 1340 determinatam
695 1289 846 1342 istius
893 1290 1142 1360 martyris
1188 1289 1487 1344 cathedram
1527 1291 1796 1360 ignorans,

231 1381 364 1434 huc
387 1381 731 1449 peregrinum
755 1382 1050 1450 episcopum
1072 1397 1104 1435 a
1128 1381 1241 1436 loco
1269 1384 1515 1454 martyrii
1538 1381 1802 1448 Portuen-

231 1487 334 1524 sem
368 1473 848 1542 cognominarerit,
881 1483 931 1527 et
979 1474 1062 1528 hic
1101 1473 1374 1545 popularis
1416 1491 1565 1530 error
1595 1476 1662 1529 ad
1695 1476 1801 1529 ali-

232 1578 355 1629 quos
388 1565 708 1630 posterioris
739 1565 836 1618 ωτὶ
861 1566 1136 1634 scriptores
1177 1568 1479 1632 transierit,
1508 1567 1584 1622 vel
1625 1569 1798 1638 potius

236 1654 324 1705 illa
352 1654 650 1723 appellatio
688 1658 908 1725 posteris
942 1660 1266 1713 occasionem
1292 1660 1530 1728 dederit,
1558 1661 1628 1714 ad
1662 1659 1800 1715 Por-

238 1753 466 1798 tunsem
536 1746 694 1816 hujus
734 1750 986 1820 martyris
1025 1751 1380 1819 episcopatum
1419 1753 1752 1807 asserendum
1776 1755 1802 1806 1’

239 1835 506 1905 Quidquid
530 1839 601 1893 sit
630 1839 694 1893 de
721 1841 818 1894 hac
845 1841 1143 1908 coniectura
1165 1852 1376 1909 nostra,
1406 1861 1562 1914 quam
1587 1855 1798 1914 propter

234 1926 454 1978 certiora
491 1927 777 1995 cujuslibet
793 1941 1102 1999 argumenta
1126 1931 1344 1987 libenter
1364 1935 1679 2002 deseremus,
1704 1951 1796 1989 nos

231 2018 280 2069 in
309 2017 475 2070 titulo
499 2021 817 2089 martyrium
849 2021 909 2076 S.
943 2021 1218 2093 Hippolyti
1244 2041 1363 2078 cum
1391 2027 1606 2081 vetustis
1633 2044 1695 2080 ac
1717 2043 1799 2081 re-

227 2108 552 2162 centioribus
603 2109 996 2182 Martyrologiis
1025 2115 1080 2167 in
1114 2113 1278 2168 Portu
1303 2115 1540 2170 Romano
1570 2117 1798 2172 colloca-

223 2215 406 2255 αις...
445 2199 678 2255 Addunt
704 2203 901 2267 adhuc,
926 2204 1064 2276 quod
1093 2223 1193 2261 non
1218 2207 1372 2262 inviti
1403 2209 1723 2264 Orientalem
1749 2219 1796 2264 et

223 2289 634 2346 Occidentalem
660 2293 816 2364 hujus
837 2297 1005 2350 sancti
1029 2299 1279 2369 martyris
1298 2301 1652 2371 episcopatum
1680 2320 1796 2357 cum

217 2379 463 2435 Baronio
506 2393 559 2436 et
613 2383 828 2454 Ughello
859 2385 970 2457 (59)
999 2388 1286 2443 admittant
1311 2429 1326 2454 ,
1359 2391 1527 2444 ethoc
1554 2392 1797 2448 ultimum

217 2482 458 2540 systema
485 2489 644 2527 suum
671 2491 765 2542 pro
796 2491 938 2529 mera
963 2477 1266 2545 conjectura
1303 2477 1446 2532 dent.

282 2564 574 2620 Auctores
627 2565 886 2620 Historia:
946 2567 1227 2624 litterarite
1286 2568 1586 2625 Galliarum
1656 2575 1798 2644 regni

217 2667 457 2712 censent
488 2658 548 2713 S.
589 2657 932 2730 Hippolytum
965 2670 1256 2730 martyrem
1292 2662 1495 2718 nullam
1545 2665 1799 2723 habuisse

217 2749 386 2802 ﬁxam
421 2748 746 2816 sedem,sed
771 2748 1227 2818 quemadmodum
1246 2752 1366 2820 ejus
1388 2751 1590 2806 sodalis
1609 2751 1795 2818 Caius,

217 2839 498 2907 gentium,
533 2839 652 2895 sive
686 2840 967 2894 nationum
996 2839 1167 2895 fuisse
1188 2841 1501 2911 episcopum
1530 2842 1665 2911 (40).
1707 2842 1798 2898 Sic

218 2941 410 2984 autem
445 2931 846 2986 ratiocinantur
875 2948 885 2982 :
913 2931 1140 2998 Quando
1168 2933 1431 2990 Eusebius
1452 2933 1796 3007 Hippolytum

219 3021 358 3076 dicit
406 3022 642 3078 alterius
685 3023 966 3094 cujusdam
997 3024 1286 3090 Ecclesiae,
1331 3035 1452 3082 utut
1483 3026 1799 3081 indetermi—

1905 549 2179 605 diliicilem
2224 547 2552 618 explicandi.
2605 545 2869 600 Nimirum
2919 547 3006 599 vir
3043 545 3304 610 eruditus,
3355 555 3464 600 tota

1904 637 2028 693 licet
2069 637 2389 706 antiquitate
2435 644 2787 706 repugnante,
2835 635 2996 690 unius
3017 634 3166 689 vocis
3189 634 3352 689 variae
3377 649 3468 689 ac-

1904 727 2139 798 ceptioni
2185 725 2452 781 subnixus
2496 734 2548 780 et
2597 725 2808 788 ﬁdens,
2855 725 3213 795 comprobare
3275 724 3468 777 nititur

1902 815 2282 872 dissertatione
2296 830 2437 869 anno
2459 813 2611 880 1758,
2640 813 2937 886 Gocttinga:
2951 816 3094 869 edita
3113 813 3488 884 (41),,Ηίρρο-,

1902 907 2073 979 lytum
2119 905 2289 962 fuisse
2339 905 2556 975 quidem
2578 905 2915 975 episcopum,
2949 920 3060 958 non
3089 914 3266 958 tamen
3300 905 3466 958 eccle-

1901 997 2198 1058 siasticum,
2232 1006 2288 1050 at
2319 995 2540 1050 civilem.
2592 994 2765 1060 Quam
2799 993 2855 1048 in
2885 995 3204 1049 sententiam
3235 995 3465 1064 paucula

1901 1089 2102 1144 excitat
2124 1089 2242 1142 loca
2267 1103 2332 1141 ex
2357 1085 2558 1140 Graecis
2577 1084 2896 1155 Latinisque
2929 1085 3306 1154 scriptoribus,
3324 1085 3467 1140 unde

1902 1180 2118 1249 colligat
2162 1177 2333 1232 fuisse
2379 1177 2672 1246 aliquando
2702 1177 2938 1232 civilium
2969 1191 3256 1231 munerum
3288 1177 3467 1230 homi-

1903 1287 2018 1336 nes,
2048 1270 2141 1340 qui
2171 1270 2570 1340 appellarentur
2611 1270 2879 1338 episcopi;
2925 1268 3087 1338 idque
3128 1268 3364 1322 nominis
3410 1268 3465 1321 in

1900 1362 2093 1432 primis
2115 1375 2226 1417 orae
2257 1362 2544 1416 maritima:
2595 1371 2756 1430 atque
2788 1360 2922 1414 adeo
2950 1368 3200 1428 portuum
3225 1359 3468 1413 custodi-

1899 1455 2002 1509 bus
2030 1453 2202 1508 l‘uisse
2229 1453 2493 1508 tributum
2523 1471 2537 1506 :
2574 1462 2632 1506 ut
2659 1452 2883 1523 proinde
2915 1461 3099 1507 noster
3124 1449 3477 1520 Hippolytus,

1899 1555 2024 1600 orlu
2073 1545 2305 1600 fortasse
2358 1545 2662 1608 Romanus,
2708 1559 2772 1599 eo
2823 1559 2983 1598 sensu
3024 1542 3246 1597 Romani
3284 1552 3465 1612 portus

1899 1639 2171 1707 episcopus
2216 1637 2519 1692 censendus
2561 1635 2744 1691 fuerit.
2801 1634 2964 1701 Quin,
3015 1636 3059 1690 si
3111 1635 3288 1690 virum
3315 1635 3469 1690 criti-

1899 1744 2024 1784 cum
2053 1728 2266 1795 audias,
2301 1729 2386 1782 vel
2416 1728 2532 1798 ipsa
2561 1735 2740 1782 statua
2764 1727 3080 1794 "marmorea
3113 1725 3400 1798 Hippolyto
3435 1741 3468 1779 a

1828 1799 1871 1853 Β
1900 1818 2216 1888 propinquis
2247 1819 2445 1888 posita,
2499 1830 2659 1886 atque
2698 1833 2763 1872 ex
2792 1815 3019 1872 Romani
3065 1831 3254 1888 portus
3306 1821 3468 1874 rude—

1897 1912 2053 1968 ribus
2101 1925 2245 1966 anno
2294 1911 2428 1966 1551
2475 1910 2694 1976 ell‘ossa,
2759 1911 3067 1966 istiusmodi
3135 1911 3464 1966 sententiam

1898 2003 2218 2070 conﬁrmat;
2244 2002 2445 2072 quippe
2470 2018 2611 2072 quas,
2641 2004 2736 2069 ait,
2760 2002 2965 2056 nullam
2989 2002 3148 2072 plane
3171 2010 3354 2057 notam
3376 2018 3468 2057 ec-

1898 2096 2218 2152 clesiasticae
2237 2094 2519 2172 dignitatis
2542 2109 2650 2164 prae
2678 2109 2736 2150 se
2763 2094 2919 2149 ferat.

1967 2187 2208 2244 Perbelle
2258 2201 2408 2243 sane.
2467 2186 2623 2242 Nunc
2665 2201 2816 2251 vero,
2869 2185 2915 2240 si
2948 2185 3054 2240 diis
3084 2185 3278 2254 placet,
3325 2184 3469 2238 inter

1899 2280 2155 2336 Ecclesiae
2180 2279 2392 2347 Patres,
2439 2280 2532 2350 qui
2579 2279 2778 2335 saeculo
2824 2276 2992 2333 tertio
3023 2277 3242 2332 ineunte
3268 2276 3467 2331 ﬂorue-

1899 2383 2060 2440 runt,
2108 2374 2363 2428 novimus
2413 2371 2800 2427 recensendum
2848 2369 3233 2442 Hippolytum;
3289 2371 3465 2423 virum

1899 2468 2040 2521 haud
2072 2465 2253 2521 Plinio
2304 2465 2598 2520 absimilem
2631 2464 2764 2534 (όὲ),
2801 2464 2915 2534 qui,
2950 2472 3009 2517 ut
3036 2463 3126 2518 ille
3158 2463 3336 2532 portui
3360 2461 3470 2514 Mi-

1899 2573 2042 2620 seno,
2079 2555 2242 2612 fuerit
2271 2555 2518 2610 Romano
2545 2554 2831 2625 praefectus
2855 2571 2869 2621 ;
2906 2553 3198 2624 episcopus
3221 2553 3479 2623 quidem,

1899 2650 1992 2704 sed
2021 2649 2234 2716 civilis;
2271 2664 2398 2715 orae,
2446 2647 2690 2718 inquam,
2739 2646 3024 2700 maritima:
3063 2645 3344 2714 inspector,
3373 2659 3466 2695 cu-

1899 2752 2065 2807 rator,
2091 2741 2537 2812 superintendens.
2580 2738 2800 2794 Scilicet
2825 2745 3009 2793 noster
3035 2736 3354 2807 Hippolytus
3386 2737 3465 2789 vir

1900 2837 2001 2905 fuit
2026 2851 2228 2905 magna:
2256 2834 2575 2904 dignationis
2614 2834 2667 2886 in
2699 2832 2822 2885 urbe
2845 2831 3030 2896 Roma,
3061 2829 3340 2884 honoribus
3366 2844 3464 2897 pa-

1901 2927 2029 2980 riter
2059 2943 2121 2980 ac
2145 2927 2345 2980 divitiis
2385 2926 2650 2988 eminens,
2692 2923 3014 2995 Romanique
3054 2931 3235 2993 portus
3273 2921 3464 2992 pra’fe-

1899 3029 2047 3084 ctus;
2097 3029 2158 3073 ut
2199 3027 2506 3090 propterea,
2533 3032 2642 3087 quo
2675 3031 2900 3072 munere
2930 3032 3031 3072 suo
3064 3017 3164 3072 rite
3210 3014 3465 3086 fungere-

219 3122 388 3180 ηεαδ,
417 3113 764 3181 episcopum,
795 3114 1001 3169 lubenti
1025 3116 1208 3169 animo
1233 3115 1524 3182 credimus,
1547 3116 1796 3172 eumdem
1823 3130 1867 3189 (ζ
1900 3118 2010 3178 tur,
2060 3109 2376 3165 sublimiora
2420 3107 2744 3164 Christianae
2789 3107 3067 3179 religionis
3095 3107 3349 3178 mysteria
3378 3122 3464 3160 re-

221 3219 334 3258 non
366 3205 638 3259 habuisse
663 3203 826 3259 ﬁxam
856 3206 1059 3270 sedem,
1096 3207 1190 3262 sed
1221 3208 1522 3278 putandum
1556 3223 1699 3274 esse,
1722 3210 1798 3264 si-

220 3306 315 3351 cut
379 3295 825 3366 condiscipulum
872 3313 1032 3354 suum
1073 3297 1289 3364 Caium,
1353 3301 1634 3356 nationum
1687 3303 1800 3373 epi-

220 3400 475 3454 scopum.
513 3382 643 3440 Haec
673 3385 916 3455 profecto
951 3387 1136 3457 opinio
1166 3389 1570 3460 simplicissima
1593 3391 1800 3463 absque

222 3479 609 3536 controversia
638 3479 794 3534 nobis
827 3479 1060 3546 videtur,
1084 3489 1246 3552 atque
1269 3496 1394 3538 cum
1420 3483 1592 3539 sancti
1626 3485 1798 3540 nostri

221 3571 458 3627 historia
493 3571 740 3642 apprime
770 3569 1066 3642 conspirat.
1097 3573 1213 3630 Hoc
1238 3575 1384 3630 enim
1417 3575 1618 3644 posito,
1651 3575 1798 3631 haud

219 3664 470 3732 amplius
525 3664 581 3717 in
638 3663 849 3719 ratione
888 3663 1162 3719 reddenda
1207 3681 1398 3721 sumus
1453 3666 1640 3733 anxii,
1701 3681 1799 3721 cur

216 3765 450 3811 sanctus
481 3753 807 3826 Hippolytus
843 3755 1006 3810 modo
1037 3757 1094 3811 in
1137 3754 1385 3825 Oriente,
1419 3758 1582 3814 modo
1610 3760 1666 3812 in
1695 3755 1799 3812 Oc-

217 3849 463 3912 cidente,
495 3847 954 3917 quemadmodum
984 3861 1053 3902 ex
1088 3847 1277 3916 paucis
1300 3849 1421 3919 ejus
1448 3850 1612 3919 gestis
1631 3892 1647 3918 ,
1676 3867 1799 3922 quae

217 3941 284 3996 ad
323 3950 588 3996 nostram
627 3941 874 3996 notitiam
919 3950 1314 4011 pervenerunt,
1354 3951 1585 4009 constat,
1632 3959 1797 4015 appa»

212 4035 412 4089 ruerit.
445 4032 610 4099 Quod
657 4040 834 4088 autem
871 4034 924 4089 in
960 4033 1177 4089 Oriente
1223 4043 1470 4090 versatus
1505 4033 1695 4098 fuerit,
1728 4052 1795 4092 ex

211 4127 317 4180 hoc
361 4125 563 4180 nullus
603 4123 887 4180 dubitandi
918 4126 1070 4182 locus
1118 4126 1476 4195 relinquitur.
1505 4125 1633 4196 quia
1680 4127 1796 4196 ipse

210 4218 330 4271 suis
381 4218 447 4271 in
488 4216 749 4286 operibus
799 4227 1076 4272 asseverat
1125 4217 1410 4288 Origenem
1456 4218 1512 4272 in
1568 4233 1794 4274 numero

210 4323 451 4364 suorum
486 4308 805 4363 auditorum
832 4307 1035 4373 fuisse,
1076 4310 1224 4380 quod
1255 4324 1385 4366 sane
1416 4310 1470 4364 in
1505 4309 1794 4366 Occidente

210 4403 472 4458 accidere
519 4399 668 4456 haud
699 4401 895 4471 potuit.
927 4401 1114 4471 Neque
1143 4401 1305 4457 etiam
1351 4401 1405 4456 in
1437 4401 1664 4458 dubium
1706 4417 1793 4456 re-

1899 3201 2130 3270 serarit;
2158 3201 2225 3257 de
2253 3201 2522 3272 the010gia
2546 3209 2598 3255 et
2622 3199 3013 3267 incarnatione,
3037 3199 3102 3254 de
3125 3197 3236 3254 Deo
3261 3206 3315 3252 et
3342 3212 3473 3253 car--

1850 3341 1852 3343 ,
1900 3296 1985 3352 nis
2018 3296 2415 3352 resurrectione
2435 3296 2732 3367 peregerit;
2766 3293 3154 3350 commentaria
3192 3293 3246 3348 in
3272 3307 3463 3348 omnes

1897 3388 2069 3445 ferme
2113 3402 2299 3444 sacras
2334 3388 2618 3458 utriusque
2645 3386 2887 3442 Fmderis
2917 3385 3141 3456 paginas
3189 3384 3460 3451 ediderit;

1899 3481 1966 3536 de
1991 3480 2304 3551 apostolicis
2347 3479 2730 3535 traditionibus
2761 3478 3070 3548 scripserit;
3119 3478 3463 3532 demonstra-

1898 3575 2100 3630 tionem
2151 3582 2453 3643 temporum
2501 3572 2727 3628 Pascbte
2772 3570 3140 3637 elucubrarit;
3200 3569 3462 3625 adversus

1896 3665 2135 3732 Judaeos,
2162 3665 2410 3720 ethnicos
2435 3665 2825 3734 haereticosque
2858 3663 3055 3734 stylum
3083 3663 3326 3728 acuerit;
3365 3661 3463 3731 qui

1898 3765 2157 3827 praeterea
2202 3755 2269 3810 de
2313 3755 2474 3811 rebus
2517 3755 2716 3810 divinis
2764 3753 3076 3824 frequenter
3099 3753 3165 3807 ad
3199 3753 3458 3823 populum

1897 3861 2176 3903 sermones
2221 3846 2506 3913 habuerit;
2553 3845 2895 3916 potissimum
2931 3858 3062 3901 vero
3105 3844 3218 3915 (45)
3258 3861 3457 3915 προσο-

1900 3938 2080 4009 μιλίαν
2110 3938 2173 3992 de
2201 3937 2357 3991 laude
2391 3937 2604 3993 Domini
2631 3935 2946 4005 Saluatoris,
2971 3937 3025 3989 in
3047 3952 3172 4007 qua,
3203 3945 3460 4006 prasente

1899 4029 2139 4100 Origene,
2175 4045 2229 4083 se
2267 4029 2410 4099 loqui
2431 4029 2698 4100 signiﬁcat
2727 4029 2782 4082 in
2808 4027 3058 4094 ecclesia;
3109 4025 3198 4082 cui
3223 4026 3460 4096 denique

1896 4137 2005 4176 non
2037 4123 2213 4178 solum
2256 4131 2434 4176 statua
2459 4135 2769 4176 marmorea
2806 4121 3004 4190 posita,
3056 4119 3151 4174 sed
3195 4127 3370 4174 statua
3401 4119 3456 4172 in

1895 4213 2149 4268 cathedra
2191 4214 2415 4281 sedens;
2457 4229 2567 4284 quo
2592 4213 2846 4267 nimirum
2879 4211 3204 4281 episcopalis
3228 4210 3347 4280 ejus
3373 4209 3453 4265 di-

1897 4307 2076 4376 gnitas
2117 4306 2490 4371 ecclesiastica,
2533 4319 2644 4359 non
2682 4301 2872 4369 civilis,
2899 4302 3128 4373 ejusque
3161 4316 3361 4356 munus
3388 4303 3454 4354 ad

1894 4395 1988 4450 Dei
2020 4396 2278 4466 p0pulum
2307 4394 2363 4449 in
2389 4393 2632 4450 Ecclesia
2657 4393 2869 4448 dicendi
2916 4400 3168 4446 testatum
3220 4391 3461 4460 posteris.

208 4494 402 4549 vocari
431 4501 618 4564 potest
654 4493 784 4562 quin
812 4493 998 4559 etiam,
1040 4503 1327 4563 postquam
1371 4490 1789 4561 Lugdunensem
1823 4476 1866 4530 Ι)
1894 4489 2309 4559 relinqueretur.
2386 4487 2528 4554 Quid
2584 4486 2874 4544 absurdius
2929 4485 3110 4540 dictu?
3185 4482 3323 4538 Ilinc
3369 4484 3452 4537 Cl.

209 4585 526 4641 Ecclesiam
576 4584 901 4653 reliquerat,
955 4585 1012 4638 in
1087 4583 1376 4640 Occidente
1425 4592 1792 4639 commoratus

208 4678 406 4733 fuerit.
439 4675 621 4746 Hujus
647 4676 726 4730 rei
773 4674 1158 4730 conﬁrmanda:
1206 4685 1582 4745 argumentum
1641 4675 1791 4729 omni

205 4769 544 4838 exceptione
589 4767 768 4837 majus
814 4767 945 4822 illud
999 4775 1112 4832 est,
1172 4767 1317 4838 quod
1370 4768 1425 4822 in
1474 4777 1789 4836 computum

205 4871 532 4932 temporum
585 4875 791 4914 morem
817 4858 1133 4914 Latinorum
1164 4867 1447 4929 sequatur,
1477 4858 1790 4927 posthabito

208 4953 306 5007 illo
350 4951 850 5008 Alexandrinorum
874 4991 898 5016 ,,
939 4965 1056 5022 quo.
1088 4966 1278 5006 omnes
1329 4948 1633 5006 Orientales
1666 4960 1788 5006 ute-

208 5044 439 5098 buntur.

277 5137 372 5190 Ab
402 5135 664 5191 omnibus
709 5137 797 5192 his
834 5136 1137 5200 sententiis,
1189 5137 1302 5192 sive
1345 5137 1675 5205 conjecturis
1701 5138 1785 5193 di-

210 5228 387 5282 scedit
427 5227 518 5280 vir
560 5228 719 5297 longe
744 5228 1118 5296 doctissimus,
1149 5228 1576 5298 Christophorus
1601 5229 1786 5300 Augu-

281 5382 397 5452 (39)
442 5381 750 5452 Baron.,ad
783 5397 909 5452 ann.
939 5381 1068 5448 229,
1099 5396 1251 5436 num.
1280 5380 1369 5438 IV.
1403 5379 1633 5452 Ugholl,
1665 5380 1781 5438 ltal.

212 5450 370 5506 sm.
397 5461 538 5505 tom.
570 5451 608 5517 l,
642 5453 746 5505 col.
780 5451 904 5515 110,
939 5467 1065 5505 nov.
1100 5453 1228 5505 edit.

283 5521 400 5591 «40)
444 5519 781 5591 Benedictini
824 5536 856 5575 e
900 5532 1205 5591 congregat.
1241 5521 1298 5576 S.
1325 5520 1495 5575 Mauri
1547 5522 1600 5574 in
1636 5520 1780 5574 Hist.

239 5595 248 5602 .
283 5537 400 5591 tW)
444 5537 781 5576 nenemcum
824 5537 856 5575 e
900 5537 1205 5644 congregat.
1241 5537 1298 5576 δ.
1325 5537 1495 5575 maurn
1547 5538 1594 5574 ιη

209 5593 378 5645 tuter.
411 5591 486 5662 de
505 5591 560 5644 la
584 5588 815 5662 France,
842 5600 973 5646 tom.
1033 5633 1047 5655 ,
1080 5603 1214 5658 part.
1244 5616 1284 5654 ι,
1317 5607 1452 5662 pag.
1473 5593 1594 5646 363.

280 5661 402 5730 (41)
442 5659 749 5716 Heumanni
777 5661 1112 5725 Dissertatio,
1146 5662 1199 5714 in
1231 5659 1336 5730 qua
1360 5659 1582 5716 «locetur
1605 5661 1694 5715 ubi
1732 5670 1783 5715 et

206 5733 390 5804 qualis
437 5731 730 5804 episcopus
775 5731 939 5788 fuerit
991 5730 1344 5803 Hippolytus,
1407 5732 1586 5788 saeculi
1638 5733 1780 5786 tertii

1895 4579 2293 4638 Schroeckhius
2325 4582 2438 4652 (44)
2471 4581 2610 4636 hanc
2637 4578 2938 4635 Heumanui
2964 4578 3333 4648 conjecturam
3361 4591 3453 4632 sa-

1891 4673 1963 4727 tis
1991 4673 2269 4742 ingeniose
2315 4673 2679 4743 excogitatam
2733 4687 2797 4726 ac
2848 4679 3166 4726 exornatam
3209 4669 3451 4740 quidem,

1893 4762 1986 4818 scd
2015 4763 2158 4818 haud
2183 4763 2529 4820 verisimilem
2553 4762 2868 4816 arbitratur.

1959 4851 2156 4908 Nostra
2190 4861 2348 4908 relate
2378 4851 2655 4907 Romanus
2682 4851 2854 4904 editor
2878 4849 3115 4904 Danielis
3153 4848 3457 4904 secundum

1891 4943 2241 5014 Septuaginta
2270 4958 2336 4998 ex
2365 4941 2626 5012 Tetraplis
2667 4941 2916 5012 Origenis
2960 4941 3335 4995 demonstrare
3367 4956 3454 4996 co-

1891 5048 2052 5094 natus
2096 5046 2200 5102 est,
2251 5037 2396 5106 quod
2433 5035 2494 5090 S.
2529 5034 2845 5106 Hippolytus
2882 5050 2990 5090 non
3025 5034 3204 5090 solum
3253 5031 3450 5086 Portus

1892 5128 2122 5184 Romani
2146 5129 2434 5198 episcopus
2465 5127 2756 5192 exstiterit,
2788 5126 2882 5181 sed
2915 5125 3059 5194 quod
3087 5125 3249 5180 etiam
3278 5123 3450 5193 ipsius

1885 5222 2138 5278 dioecesis
2172 5221 2238 5276 ad
2267 5236 2384 5275 eam
2413 5230 2614 5290 partem
2645 5218 2900 5274 Romanae
2948 5218 3118 5284 urbis,
3158 5232 3278 5287 quae
3302 5215 3458 5286 regio.

1887 5381 2119 5453 scriptor
2149 5378 2570 5434 ecclesiasticus.
2619 5376 2764 5431 lnter
2787 5377 3002 5430 Primit.
3035 5375 3292 5446 Gotting.,
3317 5391 3445 5448 pag.

1882 5451 2008 5515 2h),
2043 5459 2096 5504 et
2123 5464 2238 5518 seq.

1953 5519 2066 5660 (42;
2104 5516 2410 5573 Heumann.
2441 5517 2478 5570 l.
2509 5516 2868 5640 c.‘p'ag..245.

1955 5591 2045 5658 (45
2107 5587 2419 5660 Hieronym.
2447 5586 2524 5660 _De
2552 5657 2575 5660 Α
2611 5605 2683 5660 ir.
2708 5587 2868 5660 illustl

1955 5585 2066 5658 (45)
2107 5587 2419 5658 Hieronym.
2448 5586 2524 5658 De
2558 5585 2683 5658 iVirI
2708 5587 2929 5658 illustr.,
2959 5585 3198 5658 cap.6l.

1953 5655 2068 5727 (44)
2103 5659 2257 5714 Joan.
2313 5655 2500 5712 Matth.
2545 5657 2898 5722 Seluoeckln,
2966 5655 3280 5711 Christliche

1885 5730 2132 5799 schichle,
2162 5736 2299 5800 part.
2333 5745 2406 5792 ιγ,
2436 5744 2553 5798 pag.
2590 5727 2694 5783 155
2727 5727 2974 5783 sectunlze
3003 5727 3135 5783 edit.

3341 5655 3434 5712 (ie-
