3986 6358
448 398 558 455 ⁴2³19

450 515 862 574 Transtiberina
909 509 1131 576 dicitur,
1178 523 1239 565 se
1269 505 1617 589 extenderj‘.
1639 512 1800 573 atque
1845 501 2018 571 ipsam
2048 501 2092 560 Α

445 611 759 667 Tiberinam
787 605 1020 661 insulam
1060 600 1343 672 complexa
1383 597 1567 653 fuerit.
1627 615 1655 647 ι·
1684 594 1803 650 Duo
1835 602 2016 647 autem

444 705 603 760 nobis
649 709 775 773 post
821 695 1127 766 complures
1153 691 1492 748 eruditorum
1532 687 1828 744 sententias
1852 687 1919 741 de
1951 684 2020 738 ti-

445 796 558 850 tulo
574 789 869 863 Hippolyti,
886 801 996 858 quo
1017 784 1216 842 dicitur
1240 782 1539 844 ἐπίσκοπος
1572 777 1810 849 Ῥώμης,
1828 790 2017 846 quem—

446 887 738 942 admodum
793 896 934 951 sazpe
979 895 1011 934 a
1057 875 1281 943 Graecis,
1322 872 1672 929 verisimilius
1716 869 1822 926 dici
1856 880 2020 938 posse

444 981 559 1034 visa
593 983 741 1043 sunt,
771 972 914 1043 quod
948 972 1085 1041 ipse,
1128 984 1250 1024 cum
1283 974 1429 1023 esset
1457 963 1695 1036 gentium
1734 960 2022 1030 episcopus

443 1068 634 1124 Roma:
680 1065 984 1128 ordinatus,
1040 1059 1204 1114 fuerit
1248 1058 1303 1111 in
1338 1054 1463 1109 urbe
1494 1053 1662 1108 Roma
1710 1052 2020 1129 episcopus,

443 1162 590 1217 unde
616 1157 926 1229 percrebuit
950 1155 1220 1221 episcopus
1248 1148 1449 1211 Roma),
1481 1145 1625 1217 quod
1649 1153 1731 1199 est
1757 1143 2017 1198 alienum.

443 1252 596 1307 Vixit
643 1248 914 1319 Hippolyti
948 1261 1061 1300 ξιξνο
1103 1244 1267 1298 Caius
1302 1240 1588 1311 presbyter,
1624 1236 1875 1304 idemque
1917 1231 2025 1287 Ro-

448 1358 547 1396 mae
574 1342 802 1411 gentium
827 1338 1123 1406 episcopus,
1170 1329 1631 1403 quemadmodum
1664 1324 1895 1386 inferius
1924 1338 2023 1392 ap-

451 1433 684 1505 parebit,
739 1429 1021 1499 repudiata
1066 1424 1155 1479 Jo.
1186 1423 1307 1477 Alb.
1334 1420 1567 1476 Fabricii
1618 1415 2023 1479 emendatione,

450 1526 542 1595 qni
587 1523 918 1576 Athenarum
958 1519 1081 1573 loco
1125 1517 1357 1587 gentium
1403 1511 1647 1582 reposuit
1684 1509 1836 1563 nullo
1876 1507 2024 1578 jure,

447 1614 772 1673 necessitate
831 1611 1012 1677 nulla;
1067 1609 1305 1676 itemque
1352 1603 1470 1659 Jac.
1521 1600 1773 1672 Basuagii
1818 1599 1911 1670 qui
1960 1597 2029 1651 de

448 1704 738 1776 Hippolyto
768 1704 998 1772 loquens
1033 1718 1047 1755 :
1083 1698 1141 1753 Is
1170 1698 1309 1753 enim
1336 1696 1492 1759 ritus,
1517 1693 1695 1763 inquit
1720 1690 2030 1762 (45),plane

448 1813 631 1861 novus,
664 1811 755 1849 nec
781 1793 968 1848 saltem
993 1790 1294 1860 pristinam,
1327 1787 1389 1840 de
1412 1802 1515 1856 qua
1537 1785 1765 1855 agimus,
1789 1780 2028 1850 antiqui-

1419 387 1503 443 DE
1540 384 1703 442 VITA
1734 380 1823 436 ΕΤ
1863 372 2173 436 SCRIPTIS
2208 371 2267 426 S.
2309 364 2687 425 HIPPOLYTI.

3569 342 3683 399 280

2122 494 2289 547 lutam
2312 488 2561 557 notisque
2588 485 2912 538 illustratam
2936 471 3276 543 immigrasse
3302 464 3680 538 cognovimus.

2123 587 2201 644 Ac
2230 584 2386 654 plura
2409 579 2652 650 quidem,
2687 587 2808 644 qua:
2836 566 3079 641 proferre
3104 561 3490 634 potuissemus,
3515 569 3684 624 expo-

2125 649 2453 733 sitavibidem
2483 667 2831 729 oﬂ‘endimus,
2858 668 2919 715 ut
2938 657 3122 726 aliqua
3150 660 3356 709 tantum
3386 649 3685 718 supersint.

2125 785 2248 840 qua:
2269 762 2687 835 disputationem
2712 757 2778 812 de
2798 753 3045 826 pluribus
3059 743 3359 840 Hippolytis
3376 738 3686 840 expediant.

2127 828 2247 914 ί)ηο
2277 854 2515 911 maxime
2548 850 2787 919 insignes
2817 844 2965 915 cultu
2991 834 3363 896 anniversario
3385 831 3572 889 Romae
3602 828 3663 883 fu
3681 857 3693 869 -

2126 958 2286 1006 erunt
2331 942 2601 1016 Hippolyti
2643 948 2911 1009 martyres
2958 951 2973 989 :
3020 931 3230 1003 primus
3281 925 3474 987 miles,
3530 920 3691 1016 cujus

2127 1012 2452 1114 pmclarum
2491 1012 2595 1090 luit
2632 1035 3042 1088 monumentum
3088 1021 3439 1090 conjunetum
3486 1012 3693 1080 templo

2131 1103 2189 1189 .5.
2219 1128 2497 1187 Laurentii
2530 1127 2587 1182 in
2633 1137 2766 1195 agro
2809 1120 3045 1179 Verano.
3105 1112 3279 1182 Hujus
3320 1121 3517 1163 nomen
3562 1103 3693 1158 fasti

2130 1224 2385 1280 Ecclesiae
2409 1219 2669 1275 exhibent
2700 1212 2880 1268 idibus
2911 1206 3159 1278 Augusti.
3216 1201 3448 1256 Exhibet
3472 1209 3703 1267 quoque

2129 1315 2459 1372 Prudentius
2486 1310 2601 1382 (49)
2625 1326 2638 1362 :
2660 1305 2719 1362 Si
2742 1306 2867 1358 bene
2894 1295 3243 1358 commemini,
3275 1292 3399 1347 colit
3425 1290 3560 1344 hunc
3572 1285 3700 1355 pul—

2131 1406 2393 1463 cherrima
2420 1402 2585 1456 Roma
2614 1396 2795 1450 Idibus
2827 1390 3053 1462 Augusti
3081 1386 3290 1442 mensis.
3328 1382 3537 1437 Caetera
3572 1392 3701 1448 quae

2131 1494 2459 1552 Prudentius
2487 1492 2601 1562 ipse
2630 1489 2707 1542 ait
2731 1501 2791 1540 se
2818 1496 3016 1539 canere
3049 1479 3117 1533 ad
3145 1478 3367 1547 picturae
3395 1471 3577 1533 tidem,
3611 1468 3701 1523 bi-

2128 1590 2334 1647 storice
2359 1589 2426 1642 de
2459 1560 2571 1639 uno
2598 1589 2808 1636 tantum
2839 1573 3131 1645 Hippolyto
3164 1584 3275 1624 non
3320 1580 3479 1637 posse
3523 1560 3703 1629 accipi

2136 1678 2463 1737 venerabilis
2488 1673 2755 1743 Baronius
2773 1665 3064 1725 eardinalis
3087 1659 3390 1720 admonuit,
3413 1665 3475 1713 ut
3496 1654 3701 1709 mirum

2136 1774 2209 1829 sit
2241 1772 2386 1827 viros
2414 1768 2617 1825 critica:
2643 1762 2918 1821 studiosos
2955 1755 3148 1814 deinde
3176 1750 3399 1823 pictoris
3420 1746 3703 1802 licentiam

453 1838 631 1861 .....,....,
665 1838 753 1849 ..νυ
781 1838 967 1848 -----..-
1423 1838 1457 1856 ,ν
1573 1838 1600 1855 ν
1751 1838 1763 1848 ,
1917 1838 1929 1850 ,

453 1898 617 1944 tatem
676 1881 875 1940 redolet
907 1900 926 1948 ;
996 1881 1255 1935 nimirum
1314 1877 1458 1949 quod
1522 1873 1763 1946 episcopi
1823 1872 2033 1941 aliquot
2059 1857 2102 1913 Β
2131 1881 2230 1937 pro
2260 1862 2487 1919 veritate
2509 1855 2786 1918 habuisse,
2837 1859 2933 1906 aut
2956 1861 3198 1904 errorem
3228 1850 3397 1908 certe,
3439 1838 3531 1909 qui
3563 1850 3703 1891 exo-

452 1979 802 2037 sublevandis
866 1973 1235 2045 Romanorum
1305 1967 1626 2039 pontiﬁcum
1689 1964 1837 2019 curis
1892 1978 2035 2033 prae-

452 2082 538 2128 sto
602 2076 805 2125 essent.
876 2064 1117 2136 Longius
1187 2072 1367 2129 tamen
1452 2056 1723 2113 aberravit
1790 2054 2035 2110 Clu-isto-

450 2166 660 2237 phorus
678 2162 815 2230 Aug.
841 2154 1317 2228 Heumannus(46)
1337 2153 1429 2223 qui
1457 2152 1668 2207 civilem
1697 2160 1904 2205 tantum
1921 2150 2035 2220 epi-

453 2268 718 2328 scopum,
779 2252 866 2305 vel
918 2266 1025 2319 ora:
1080 2249 1367 2302 maritimae
1420 2255 1716 2299 curatorem
1773 2245 2033 2312 inspecto-

454 2361 666 2416 remque
694 2342 915 2415 agnovit
943 2339 1313 2415 Hippolytum,
1368 2348 1428 2390 ut
1460 2337 1683 2409 martyri
1735 2333 2033 2391 fortissimo

457 2453 674 2508 semper
704 2435 848 2501 vivo,
874 2442 1205 2502 mortuoque
1231 2429 1509 2501 negotium
1543 2427 1707 2482 fuerit
1729 2441 1853 2481 cum
1883 2440 2035 2481 erra-

456 2546 519 2587 re
558 2520 885 2585 volentibus.
946 2525 1025 2580 Eo
1072 2525 1256 2595 itaque
1303 2534 1542 2591 tempore
1593 2521 1851 2589 quoniam
1896 2518 2034 2577 Urbs

459 2619 845 2692 innumerabili
904 2617 1208 2689 frequentia
1264 2615 1446 2685 populi
1500 2612 1748 2678 ﬂorebat,
1801 2611 2034 2680 indeque

460 2713 902 2768 Christianorum
928 2723 1192 2764 numerus
1226 2707 1524 2777 augebatur
1556 2705 1611 2759 in
1650 2704 1787 2769 dies,
1821 2704 2036 2772 pontiﬁ-

462 2822 552 2867 ces
583 2805 815 2859 Romani
850 2802 998 2857 viros
1041 2799 1373 2856 lectissimos
1395 2838 1410 2861 ,
1462 2796 1917 2867 doctissimosque
1942 2810 2036 2852 ve-

459 2896 561 2952 luti
597 2896 874 2966 adjutores
903 2894 1289 2957 adhibuerunt,
1328 2891 1530 2960 quibus
1554 2890 1609 2944 in
1642 2888 1901 2944 Ecclesiae
1935 2887 2034 2940 ad-

460 2987 866 3044 miuistratioue
925 2993 1225 3050 uterentur,
1281 2998 1484 3053 eosque
1542 2982 1597 3035 in
1655 2981 2037 3051 episcoporum

464 3078 634 3151 gradu
665 3093 784 3132 esse
808 3076 1117 3132 voluerunt.
1172 3071 1425 3127 Succedit
1466 3070 1724 3125 Ecclesiae
1765 3069 2035 3123 Portuen—

465 3170 544 3225 sis
568 3183 699 3223 cura
722 3166 1009 3238 Hippolyto
1040 3165 1354 3230 commissa,
1385 3164 1452 3219 de
1475 3178 1581 3233 qua
1610 3160 1851 3217 Ecclesia
1879 3175 2037 3214 nemo

464 3258 687 3316 Eusebii
737 3259 1110 3328 Caesariensis,
1157 3270 1222 3313 ac
1272 3255 1331 3313 S.
1381 3254 1695 3325 Hieronymi
1753 3252 2031 3313 silentium

465 3350 553 3404 vel
584 3350 980 3420 ignorationem
1024 3358 1279 3420 opponat,
1315 3358 1376 3401 ut
1418 3345 1729 3401 cathedram
1761 3341 2033 3413 Hippolyti

469 3447 673 3494 statuat
704 3438 772 3494 ad
799 3437 1024 3494 Portum
1050 3438 1104 3492 in
1135 3437 1355 3492 Arabia.
1418 3434 1655 3505 Facilius
1696 3433 1844 3487 enim
1873 3430 2035 3485 ambo

471 3530 769 3597 scriptores
794 3528 861 3582 de
888 3526 1058 3595 Portu
1094 3527 1324 3581 Romano
1350 3526 1507 3595 longe
1532 3523 1725 3589 dissita
1755 3521 1913 3576 silere
1940 3534 2038 3589 po-

470 3629 716 3688 tuerunt,
764 3635 929 3689 quam
968 3619 1035 3675 de
1060 3617 1230 3672 Portu
1254 3616 1488 3681 Arabiae,
1535 3629 1695 3685 quem
1729 3614 2035 3686 prOpiorem

472 3715 766 3770 habebant.
824 3712 1004 3784 thue
1050 3714 1155 3768 alia
1182 3711 1520 3776 omittamus,
1552 3707 1821 3779 Hippolyti
1858 3715 2038 3777 statua

474 3801 770 3875 singularis
821 3807 978 3862 testis
1011 3814 1127 3870 est,
1172 3819 1281 3860 non
1312 3802 1525 3861 Arabiae
1553 3802 1864 3872 episcOpum
1892 3840 1907 3865 ,
1945 3798 2043 3865 sed

473 3898 638 3969 hujus
669 3898 884 3954 viciniae
915 3913 947 3952 a
975 3912 1033 3953 se
1058 3896 1454 3962 demonstrari;
1491 3908 1616 3948 nam
1647 3891 1793 3963 Cycli
1821 3891 2045 3962 pascha-

477 3988 544 4042 lis
592 4003 759 4044 causa
806 4003 918 4044 non
943 3993 1123 4041 statua
1161 4000 1298 4055 opus
1335 3993 1472 4047 erat,
1512 3981 1599 4037 cui
1628 3992 1935 4034 marmorea
1963 3985 2046 4041 ta_~

476 4083 606 4137 bula
637 4082 961 4144 suffecisset.
1025 4078 1195 4134 Multo
1228 4087 1407 4132 autem
1440 4076 1555 4145 ipse
1589 4073 1787 4144 Cyclus
1809 4069 2046 4126 ostendit

382 4183 387 4187 ’
477 4171 859 4237 manifestius,
917 4178 1194 4231 auctorem
1242 4182 1352 4221 non
1402 4167 1455 4220 in
1500 4162 1748 4227 Oriente,
1790 4169 1845 4215 at
1874 4162 1926 4215 in
1959 4159 2046 4213 his

478 4263 617 4332 ipsis
662 4262 869 4317 vixisse
908 4261 1114 4316 nostris
1166 4258 1501 4327 regionibus.
1558 4254 1728 4309 Totus
1771 4252 1916 4309 enim
1962 4259 2046 4305 est

481 4353 799 4408 Latinorum
830 4351 954 4406 usui
982 4349 1452 4413 accommodatus;
1489 4346 1558 4400 ab
1581 4342 1937 4405 Orientalium
1957 4355 2052 4399 ve-g

480 4461 547 4501 ro
575 4442 965 4502 consuetudine
990 4450 1097 4497 tam
1132 4440 1361 4504 alienos,
1406 4448 1466 4492 ut
1497 4452 1527 4491 a
1566 4435 1700 4490 viris
1741 4431 2050 4488 eruditissi-

2134 1927 2231 2012 i‘iri
2267 1953 2445 2026 potuit
2488 1951 2580 2005 illa
2623 1948 2887 2016 inspecta,
2933 1939 3176 1995 uoluisse
3209 1945 3525 2004 agnoscere,
3559 1927 3704 1983 utin

2134 2020 2307 2114 unum
2339 2054 2449 2100 tres
2484 2038 2754 2112 Hippolyti
2787 2035 3171 2091 coalescerent.
3230 2024 3471 2081 Alterius
3499 2020 3715 2090 Hippo-7

2132 2140 2252 2212 lyti,
2303 2137 2397 2207 qui
2424 2131 2741 2189 Portuensis
2782 2136 2887 2189 est,
2929 2123 3080 2178 varie
3109 2121 3226 2176 dies
3251 2116 3423 2172 festus
3448 2127 3705 2169 recense-

2134 2205 2243 2295 tur,
2284 2205 2339 2283 xi
2387 2226 2504 2281 Kal.
2537 2224 2685 2293 Sept.
2740 2219 2826 2275 vel
2855 2213 3138 2288 postridie,
3171 2211 3255 2266 vel
3286 2207 3427 2263 Non.
3461 2205 3636 2275 Sept.,
3672 2218 3709 2259 ε

2135 2322 2336 2384 Graecis
2374 2335 2426 2373 ιν
2462 2316 2546 2372 vel
2575 2331 2634 2370 ιιι
2675 2311 2795 2367 Kal.
2841 2308 3013 2369 Febr.
3054 2304 3107 2359 ls
3151 2299 3442 2371 aliquando
3472 2296 3706 2351 Nonnus

2133 2413 2301 2470 veteri
2339 2424 2491 2466 more
2523 2406 2748 2462 honoris
2776 2415 2970 2457 caussa
3002 2397 3183 2453 dictus
3211 2391 3505 2456 invenitur,
3561 2387 3713 2442 unde

2137 2501 2315 2557 Νοηηὶ
2341 2496 2603 2553 Edesseni
2655 2490 2917 2564 Episcopi
2949 2496 3158 2558 gestum
3195 2481 3416 2553 aliquod
3466 2479 3713 2549 sequiori

2134 2609 2250 2648 aevo
2282 2591 2395 2663 (50)
2430 2590 2662 2644 relatum
2711 2594 2794 2641 est
2829 2582 2899 2637 ad
2939 2578 3284 2650 Hippolytum
3328 2574 3707 2630 Portuonsem.

2135 2686 2193 2740 ln
2221 2684 2385 2755 Portu
2416 2683 2664 2750 Romano
2712 2691 2911 2746 corpus
2954 2670 3226 2743 Hippolyti
3269 2675 3539 2723 servatum
3584 2680 3713 2720 esse

2135 2779 2201 2831 ad
2254 2790 2429 2844 usque
2478 2773 2688 2827 initium
2736 2785 2790 2823 ix
2870 2765 3052 2821 saeculi
3101 2760 3427 2816 Anastasius
3471 2757 3714 2827 prodidit

2137 2866 2271 2936 (5i).
2326 2864 2476 2917 Fecit
2506 2863 2646 2919 idem
2677 2857 2941 2927 ulmi/iens
2986 2853 3225 2924 pontifex
3257 2849 3392 2923 (Leo
3417 2846 3507 2918 Ill)
3530 2849 3585 2902 in
3612 2848 3715 2901 bac

2135 2956 2290 3009 silica
2335 2954 2487 3023 Beati
2544 2950 2817 3019 Hippolyti
2878 2945 3135 3017 martyris
3184 2944 3237 2996 in
3276 2942 3486 2996 civitate
3512 2938 3715 2994 Portu-

2134 3047 2246 3101 ιδιδί
2278 3054 2439 3098 uestes
2463 3042 2527 3095 de
2549 3040 2786 3095 stauraci
2814 3036 2973 3098 duas,
3000 3050 3159 3087 unam
3178 3048 3335 3102 super
3364 3045 3550 3097 corpus
3573 3029 3715 3098 ejus,

2137 3144 2187 3192 et
2211 3135 2375 3188 aliam
2408 3137 2461 3187 in
2490 3132 2652 3186 altari
2681 3129 2891 3197 majori.
2948 3125 3151 3180 Eodem
3190 3138 3318 3178 vero
3350 3130 3582 3177 exeunte
3604 3136 3716 3175 sac-

2065 3196 2108 3255 C
2142 3230 2270 3284 culo
2315 3242 2347 3281 a
2378 3224 2643 3301 Formoso
2675 3196 2914 3275 nondum
2957 3216 3209 3289 pontiﬁce
3235 3226 3469 3279 summo,
3513 3218 3571 3264 at
3598 3209 3720 3278 epi-

2139 3336 2305 3391 scopo
2347 3299 2657 3381 Portuensi,
2699 3327 2898 3382 corpus
2928 3306 3203 3379 Hippolyti
3224 3319 3350 3360 cum
3377 3303 3498 3358 aliis
3530 3303 3583 3355 in
3615 3299 3721 3355 Ti-

2140 3414 2384 3470 berinam
2433 3406 2669 3462 insulam
2704 3401 3030 3457 translatum
3056 3408 3161 3466 est,
3187 3395 3332 3467 quod
3357 3408 3543 3465 cetera:
3558 3393 3726 3448 docet

2141 3501 2434 3576 epigraphe
2476 3496 2589 3568 (52)
2623 3512 2637 3550 :

2356 3606 2464 3646 HIC.
2492 3598 2877 3653 REQUIESCUNT.
2907 3592 3148 3638 CORPOEA

2352 3683 2503 3748 soon.
2541 3676 2816 3745 un'rmv'.
2844 3700 3111 3741 rerum.

2358 3799 2598 3838 TAVRINI.
2631 3793 2948 3835 HEBCVLANI.
3012 3790 3137 3838 Αΐο.

2358 3890 2588 3932 IOANNIS.
2626 3886 2892 3928 CALIBITIS

2364 3992 2655 4035 ronuosvs.
2710 3964 2807 4031 Εἷς

2566 4077 2845 4121 CONDIDIT.

2155 4162 2422 4228 Quoniam
2477 4162 2663 4227 itaque
2709 4174 2821 4213 non
2864 4155 3180 4211 dubitamus
3226 4150 3357 4220 quin
3402 4146 3728 4220 Hippolytus

2151 4253 2319 4324 fuerit
2367 4252 2558 4305 Partus
2601 4249 2827 4304 Romani
2869 4247 3179 4318 episcopus,
3209 4243 3340 4297 illud
3377 4240 3727 4296 iaciliusim-

2153 4345 2890 4421 petrabimus,Portuensem
2929 4341 3242 4411 episcopum
3298 4335 3613 4404 aliquandiu
3666 4334 3726 4387 iu

2155 4453 2254 4494 sua
2281 4438 2503 4493 dioecesi
2532 4449 2850 4490 numerasse
2876 4432 3148 4502 regionem
3185 4428 3336 4483 urbis
3358 4425 3729 4481 Transtiberi-

481 4538 612 4604 mis,
670 4537 766 4607 qui
825 4548 1089 4605 suppares
1141 4521 1363 4588 fuerunt
1418 4528 1727 4599 Hippolyto,
1785 4532 1949 4595 atque
1994 4523 2050 4577 in
2082 4552 2126 4608 D
2155 4544 2304 4592 nam,
2352 4527 2635 4596 ipsamque
2678 4522 2988 4577 Tiberinam
3032 4518 3288 4579 insulam,
3334 4514 3447 4569 sive
3487 4512 3617 4580 quia
3658 4525 3728 4566 ea

484 4630 706 4686 Oriente
742 4629 1063 4692 ﬂoruerunt,
1092 4626 1296 4698 percipi
1324 4639 1433 4679 non
1458 4622 1715 4694 potuerit.
1759 4617 1817 4674 S.
1848 4618 2055 4672 Anato-

481 4722 591 4777 lius
634 4723 748 4791 ipse
783 4720 1123 4776 Laodicenus
1165 4719 1270 4774 hoc
1310 4717 1500 4771 eodem
1550 4714 1730 4770 studio
1758 4710 2053 4767 celeberri-

483 4829 610 4869 mus
640 4832 655 4867 :
692 4812 1037 4883 Hippolytus,
1085 4810 1262 4880 inquit
1296 4809 1431 4877 (47),
1480 4806 1546 4861 i6
1584 4818 1843 4859 annorum
1880 4803 2054 4855 circu-

448 4896 451 4899 ’
486 4907 596 4960 lum
626 4903 940 4976 quibusdam
966 4904 1159 4973 ignotis
1188 4902 1327 4956 (ante
1363 4899 1600 4953 cursibus
1630 4894 1941 4965 composuit.
1988 4893 2057 4947 At

488 4998 671 5055 sedem
698 4995 971 5068 Hippolyti
1017 4995 1348 5050 luculentius
1380 4993 1470 5046 alii
1508 4990 1875 5045 vindicarunt.
1917 5002 2059 5056 prae-

488 5090 754 5160 cipueque
806 5087 1196 5142 Constantinus
1244 5082 1545 5154 Huggerius
1594 5079 1659 5135 Υ.
1697 5077 1759 5134 C.
1796 5075 1935 5150 (48),
1963 5094 2060 5132 cu-

482 5184 575 5255 jus
598 5181 934 5252 inspeximus
977 5179 1213 5250 pagellas
1243 5176 1311 5230 80
1341 5176 1447 5229 hoc
1462 5180 1787 5241 argumento
1812 5172 2057 5234 conscri-

491 5288 635 5347 ptas,
662 5292 865 5345 easque
901 5289 1072 5344 nuper
1096 5275 1148 5326 in
1185 5268 1619 5325 dissertationem
1659 5266 1870 5321 erudite
1901 5266 2060 5320 abso-

564 5416 678 5484 (45)
696 5415 952 5483 Basnag.,
971 5410 1255 5484 Animady.
1283 5408 1352 5463 de
1379 5404 1436 5460 S.
1462 5403 1736 5475 Hippolyti
1753 5402 1886 5469 Vit.,
1910 5401 2055 5455 Lect.

493 5470 1249 5555 aniiq.'Caiiisii,l,1)a_::-_19-
1311 5547 1343 5555 _
1439 5547 1450 5555 _
1531 5470 1587 5475 Π
1661 5470 1677 5475 -
1723 5541 1826 5555 λη.
2058 5470 2063 5475 ἢ

566 5541 680 5625 (ιίὶὶ)
723 5541 1026 5620 Ηειιιιιὰιιξξ
1054 5541 1267 5625 ιξῗὶηιξι.
1300 5547 1539 5625 Gotting.
1569 5561 1691 5625 pag.
1722 5541 1847 5625 ειοτ

566 5610 678 5696 (47)
719 5626 776 5680 S.
802 5610 1284 5696 Anatoilrtlfrazl'at.
1309 5620 1364 5672 in
1389 5610 1595 5673 Can'on'.
1621 5610 1896 5679 Paschal.,
1920 5610 2061 5683 apud

493 5692 823 5767 Eucherium
851 5712 973 5767 pag.
1003 5692 1130 5767 43g.

565 5752 1054 5893 (Iél81)sgll;ggeriiet
1086 5761 1307 5819 Buschii
1337 5760 1565 5818 Dissert.
1590 5757 1656 5813 de
1680 5755 1831 5811 Port.
1859 5752 1914 5810 s.
1944 5752 2064 5824 Hip-

500 5848 664 5929 pOIylt
687 5848 837 5897 ςθαε.

2101 4604 2113 4625 ῖ
2155 4637 2283 4693 pars
2314 4629 2466 4675 extra
2496 4617 2655 4673 Urbis
2677 4614 2919 4686 pomeria
2945 4611 3168 4667 ﬂumine
3198 4607 3417 4662 detinita
3456 4604 3727 4660 censeba-

2156 4700 2266 4777 tur,
2315 4712 2450 4775 sive,
2501 4719 2561 4765 ut
2588 4717 2796 4763 eertum
2828 4715 2933 4769 est,
2985 4702 3358 4757 Romanorum
3403 4694 3725 4766 pontiﬁcum

2156 4806 2354 4877 insigni
2388 4802 2743 4859 humanitate,
2770 4814 2877 4868 qua
2905 4803 3099 4867 praeter
3126 4791 3380 4848 Ecclesiae
3402 4794 3728 4843 ornamenta

2156 4898 2317 4952 etiam
2365 4894 2625 4949 nonnulla
2668 4891 2919 4957 deinceps
2973 4885 3252 4941 consecuti
3295 4891 3445 4945 sunt,
3480 4895 3605 4950 quae
3655 4880 3727 4933 ad

2158 4989 2449 5060 imperium
2480 4986 2770 5055 pertinent,
2803 4981 2970 5036 veluti
3004 4979 3132 5034 illud
3158 4986 3239 5031 est
3262 4973 3511 5044 capiendi
3533 4985 3726 5026 eorum

2158 5077 2522 5139 hatreditates,
2572 5074 2666 5144 qui
2719 5074 2974 5127 intestato
3007 5066 3347 5124 decederent.
3402 5062 3729 5116 Exstantea

2160 5170 2226 5225 de
2252 5186 2310 5223 re
2342 5168 2520 5223 adhuc
2548 5166 2839 5235 diplomata
2875 5160 3148 5216 Benedicti
3180 5157 3319 5221 V'lll,
3381 5170 3525 5209 anno
3545 5153 3684 5208 1019
3709 5169 3757 5219 ;~

2160 5262 2387 5319 Joannis
2412 5259 2556 5324 XIX,
2589 5273 2734 5313 anno
2762 5254 2899 5310 1026
2924 5265 2979 5310 et
3010 5253 3208 5309 Leonis
3233 5251 3297 5305 1X
3334 5251 3471 5323 (55),
3508 5247 3608 5320 qui
3628 5244 3729 5301 Jo-

2232 5398 2343 5462 (49)
2384 5395 2642 5450 Prudent.
2671 5392 2811 5461 Περὶ
2842 5388 3177 5462 στεφάνων,
3200 5404 3281 5462 ut.

2234 5461 2346 5538 (50)
2384 5466 2527 5520 Petr.
2562 5465 2831 5538 Dam_ian.,
2865 5464 2932 5538 de
3126 5461 3257 5538 epis.

2390 5526 2839 5608 Anastas.
2870 5534 2957 5586 ed.
2990 5526 3199 5608 Eigno'l.
3235 5529 3461 5608 liapag;

2238 5543 2319 5608 (51
2390 5543 2643 5591 Anastas.
2679 5543 2839 5599 ὕψι,
2870 5543 2957 5586 eu.
2994 5543 3199 5601 Vignot.
3235 5543 3301 5590 ιι,
3333 5543 3456 5597 pag.
3490 5543 3615 5581 auo.

2238 5543 2351 5731 (5Ξέ
2389 5606 2606 5687 Gruter.
2660 5603 2845 5657 MLlll.
2893 5611 2947 5656 et
2990 5600 3194 5656 Bottar.
3242 5600 3381 5653 delle
3429 5598 3596 5654 Scult.
3636 5592 3729 5663 Ill.

2238 5696 2287 5731 ε.
2358 5680 2404 5730 l.
2431 5675 2682 5730 Paciaud.
2715 5676 2781 5728 de
2807 5673 2961 5728 Baln.
2990 5671 3287 5726 Christian.
3321 5684 3443 5731 pag.
3475 5670 3564 5723 41.
3590 5666 3729 5723 Pas-

2164 5666 2287 5749 pag.
2317 5666 2404 5749 ξι.
2431 5675 2682 5749 Paeiaud.
2715 5673 2961 5749 de_Baln.
2990 5671 3287 5749 Christian.
3320 5684 3443 5739 pag.
3475 5670 3564 5723 41.
3590 5666 3731 5723 Pas-

2165 5742 2306 5805 sion.
2334 5747 2583 5814 lnscript.
2618 5744 2839 5814 Antich.
2869 5758 2991 5814 pag.
3026 5742 3149 5814 121.

2238 5819 2348 5888 (55)
2391 5805 2603 5890 ιῑειιὲιι.
2637 5814 2797 5871 Τοιιι.
2825 5813 2842 5867 l
2870 5805 3005 5868 'Ital.
3033 5812 3185 5868 Sacr.
3249 5827 3370 5885 pag.
3402 5807 3502 5867 116
3524 5816 3578 5865 et
3602 5805 3733 5877 {20,
