3986 6358
228 365 333 422 281

1217 358 1306 415 DE
1342 358 1505 414 VITA
1542 357 1632 413 ET
1674 353 1983 414 SCRIPTIS
2023 351 2082 408 S.
2120 349 2505 408 HIPPOLYTI.

3267 359 3283 369 '
3384 349 3496 406 283

232 483 362 537 anni
388 479 684 537 Portuensl
715 479 944 537 antistiti
973 479 1399 536 vetustissimam
1429 478 1685 536 Ecclesiae
1706 494 1819 534 sua:
1844 479 1891 536 Α
1920 471 2253 543 superiorem
2270 510 2285 536 ,
2321 480 2380 525 ut
2406 471 2451 525 si
2479 470 2593 540 jatn
2627 485 2657 524 a
2683 468 2886 526 Graecis
2913 468 3095 525 Roma
3117 469 3390 539 episcopus
3415 470 3500 525 di-

228 574 585 643 dignitatetn,
627 589 692 628 ac
732 573 1004 643 pracipue
1047 573 1305 642 templum
1341 570 1401 627 S.
1432 571 1708 626 Adalberti
1759 569 1815 624 in

230 663 495 720 Tiberina
528 664 732 729 insula,
769 680 892 734 quae
915 680 1010 733 per
1039 664 1094 719 id
1123 664 1389 733 temporis
1409 662 1689 719 dicebatur
1714 661 1819 733 Ly-

228 758 450 821 eaonia,
485 766 827 827 repugnante
858 756 1172 812 Crescentio
1199 756 1454 827 episcopo
1479 755 1653 827 Sylva:
1676 754 1820 810 Can-

228 846 662 909 did2,asseruit
699 847 753 901 in
796 847 916 917 ipso
949 845 1301 902 Lateranensi
1341 846 1575 903 concilio
1602 862 1663 911 tt,
1709 862 1821 915 quo

225 952 422 994 exacto
452 941 730 995 sententia
758 940 1036 1010 pontiﬁcis
1065 940 1275 1019 prplata
1303 951 1405 995 est.
1455 938 1684 1006 Quando
1721 955 1822 994 au-

224 1040 331 1082 tem
394 1029 776 1083 suburbicarii
823 1027 1065 1099 episcopi
1125 1044 1520 1099 nonnunquam
1591 1029 1819 1100 episcopi

230 1120 386 1176 Urbis
432 1122 709 1176 nominati
760 1132 921 1186 sunt,
969 1137 1130 1176 nemo
1172 1138 1280 1176 non
1320 1122 1499 1188 videt,
1530 1131 1736 1193 quanto
1765 1122 1817 1177 id

225 1229 426 1268 nomen
474 1214 696 1269 facilius
725 1215 1013 1269 adhzeserit
1040 1216 1310 1284 episcopis
1342 1210 1541 1270 Portus
1564 1215 1817 1282 Romani,

227 1305 313 1373 qui
330 1316 499 1360 trans
511 1305 753 1360 Tiberim
772 1314 917 1360 tanta
933 1322 1055 1361 cum
1071 1314 1336 1375 potestate
1353 1303 1669 1362 obtinebant
1684 1306 1816 1378 (54).

228 1394 607 1460 Quamobrem
645 1396 1031 1468 intelligimus,
1060 1395 1204 1451 unde
1242 1397 1531 1466 repetenda
1575 1397 1646 1454 sit
1684 1412 1821 1453 con-

227 1485 487 1551 suetudo,
530 1502 641 1556 qua
673 1485 1002 1543 Portuenses
1033 1497 1086 1542 et
1119 1486 1293 1559 Sylva:
1318 1488 1557 1559 episcopi
1586 1487 1820 1558 quotan-

227 1578 305 1632 nis
346 1577 598 1633 donaria
639 1580 889 1650 quaedam
931 1580 987 1635 in
1032 1578 1298 1636 Vaticano
1338 1582 1538 1652 templo
1584 1583 1823 1653 excipie-

225 1670 382 1735 bant,
420 1679 580 1740 quod
614 1687 683 1726 ex
727 1672 1095 1728 monumentis
1134 1673 1371 1730 basilicae
1405 1674 1548 1732 haud
1589 1675 1663 1730 ita
1704 1675 1822 1746 pri-

225 1761 336 1813 dem
397 1762 684 1831 evulgatis
725 1764 958 1834 quisque
1004 1766 1304 1836 agnoverit.
1361 1765 1477 1821 Hac
1534 1766 1701 1821 etiam
1753 1765 1821 1822 de

227 1864 387 1905 causa
436 1849 652 1907 factum
705 1863 822 1920 est,
864 1864 924 1909 ut
961 1853 1247 1910 Formosus
1290 1856 1471 1913 adhuc
1505 1855 1819 1913 Portuensis

226 1942 544 2013 episcopus,
574 1961 686 2014 quo
711 1954 951 2016 tempore
972 1948 1156 2015 omnia
1186 1948 1403 2002 barbari
1431 1948 1820 2018 depraedaban-

228 2045 322 2101 tur,
358 2047 639 2107 metuque
682 2036 1082 2094 Saracenorum
1127 2039 1321 2094 incola:
1353 2038 1579 2094 Portum
1620 2038 1820 2096 Roma—

227 2147 344 2185 num
376 2131 793 2197 deseruerunt,
818 2132 1117 2203 exportarit
1145 2148 1346 2202 corpus
1387 2131 1661 2206 Hippolyti
1695 2151 1822 2190 cum

229 2219 341 2274 aliis
370 2235 403 2273 a
438 2217 619 2275 Portu
650 2219 901 2275 Romano
921 2263 936 2288 ,
963 2220 1055 2276 ubi
1094 2221 1374 2278 conditum
1405 2220 1616 2290 fuerat,
1650 2224 1703 2277 in
1736 2225 1819 2280 lo-

227 2330 336 2366 cum
359 2353 376 2375 ,
410 2326 534 2382 quo
568 2314 685 2369 lier-i
713 2322 923 2384 poterat
944 2314 1290 2370 remotiorem
1323 2315 1403 2368 sui
1438 2315 1783 2387 episcopatus
1803 2359 1819 2385 ,

227 2406 275 2461 in
310 2396 648 2460 Tiberinam
693 2422 888 2477 nempe
928 2407 1198 2471 insulam,
1223 2407 1313 2462 ubi
1342 2409 1640 2478 episcopum
1686 2409 1822 2466 Por-

227 2510 459 2551 tuensem
498 2498 754 2552 habuisse
790 2498 1121 2554 domicilium
1153 2499 1204 2552 in
1245 2498 1466 2553 ecclesia
1503 2496 1563 2554 S.
1594 2498 1820 2563 Joannis

226 2588 354 2641 inter
393 2588 537 2643 duos
574 2600 760 2659 pontes
791 2588 1023 2661 legimus
1050 2588 1186 2660 (55).
1215 2589 1349 2645 lllud
1377 2601 1558 2646 autem
1592 2592 1648 2647 in
1678 2592 1820 2647 reci-

226 2689 327 2734 tata
378 2680 726 2750 epigraplte,
766 2694 928 2750 quam
969 2677 1262 2735 Formosus
1306 2680 1484 2735 loculo
1538 2696 1821 2737 sacrorum

227 2773 519 2842 pignorum
588 2771 903 2842 inscripsit,
951 2772 1115 2828 etiam
1174 2772 1621 2843 deprehenditur,
1675 2771 1822 2842 quod

224 2864 445 2919 nomina
495 2860 817 2933 Hippolyti,
865 2862 1119 2929 Taurini,
1185 2860 1529 2930 Herculiani,
1567 2865 1820 2948 exhibet,

224 2969 341 3024 qua
369 2954 492 3024 ipsa
536 2955 796 3024 leguntur
819 2954 873 3008 in
902 2956 1194 3010 veterrimo
1229 2955 1520 3011 Liberiano
1550 2954 1821 3009 Kalenda-

226 3050 304 3101 rio
350 3051 459 3102 bac
504 3046 795 3102 formula:
836 3045 979 3101 Non.
1016 3046 1163 3118 Sept.
1212 3049 1404 3103 Aconti
1438 3048 1495 3101 in
1547 3048 1745 3111 Porto,
1771 3056 1820 3102 et

1917 572 2132 620 ceretur
2169 562 2491 633 Hippolytus
2515 601 2531 627 ,
2563 561 2762 616 mirum
2800 577 2908 616 non
2940 569 3023 616 est
3050 560 3099 617 si
3120 560 3204 616 vir
3235 560 3500 631 peritissiv-

1918 671 2077 719 mus,
2109 670 2235 711 cum
2282 655 2490 724 optime
2536 662 2724 715 nosset
2770 651 3122 725 Hippolytum
3168 668 3276 709 non
3329 652 3500 711 fuisse

1919 746 2227 802 Romanum
2260 745 2572 816 pontiﬁcem
2593 785 2609 808 ,
2637 745 2915 815 scripserit
2940 786 2953 805 .
2997 745 3188 818 ἐτέρας
3225 760 3332 801 που
3378 745 3500 799 Ἐκ-

1920 838 2177 909 κλησὶας.
2217 837 2439 892 alterius
2473 836 2757 906 cujusdam
2787 834 3040 892 Ecclesia
3061 877 3078 902 ,
3104 853 3227 908 qua:
3262 838 3499 897 manife-

1919 928 2060 986 stius
2108 927 2471 998 Hieronymus
2508 935 2594 981 est
2630 924 3048 995 interpretatus:
3089 941 3276 980 nomen
3311 925 3502 996 quippe

1919 1023 2069 1077 urbis
2101 1022 2237 1077 scire
2275 1036 2378 1075 non
2413 1019 2584 1090 potui.
2624 1018 2780 1084 Quod
2812 1032 2941 1072 vero
2974 1016 3366 1090 Hieronymus,
3403 1018 3503 1073 ditt

1922 1114 2112 1170 Roma:
2147 1122 2519 1170 commoratus
2543 1150 2559 1176 ,
2591 1109 2864 1181 Hippolyti
2895 1108 3076 1166 sedem
3102 1112 3353 1182 ignorare
3388 1125 3500 1166 non

1919 1217 2145 1277 posset;,
2187 1221 2309 1275 qua:
2341 1204 2612 1275 ignoratio
2650 1203 2812 1258 nimis
2838 1203 3138 1266 extollitur,
3159 1203 3272 1272 jam
3297 1217 3359 1258 ea
3383 1212 3503 1258 utc-

1920 1283 2067 1363 mur,
2093 1305 2379 1367 propterea
2414 1295 2561 1366 quod
2593 1293 2958 1366 Hieronymus
2978 1296 3032 1349 in
3054 1294 3271 1350 Oriente
3296 1295 3502 1352 diutius

1920 1399 2289 1446 commoratus
2321 1397 2408 1445 est
2431 1430 2445 1452 ,
2475 1403 2640 1459 qnam
2672 1386 2878 1443 Romae.
2916 1406 2935 1438 ι

1989 1478 2266 1537 Hactenus
2298 1481 2371 1536 cl.
2405 1480 2490 1535 vir
2516 1478 2703 1533 Simon
2734 1479 2800 1533 de
2829 1478 3122 1547 Magistris.

2449 1569 2850 1627 ARTICULUS
2894 1568 2980 1625 lll.

2232 1680 2301 1720 DE
2341 1679 2615 1721 IARTYBIO
2651 1680 2698 1720 S.
2736 1679 3053 1731 ιιιιιινοιῐτι,
3092 1673 3199 1721 HIC.

1992 1754 2069 1811 De
2096 1754 2261 1810 rebus
2288 1753 2347 1809 S.
2382 1753 2651 1825 Hippolyti
2680 1754 2854 1809 nostri
2887 1754 2940 1808 in
2991 1753 3307 1829 episcopatu
3337 1754 3519 1825 gestis,

1851 1822 1898 1880 Β
1921 1854 2402 1901 monumentorum
2428 1822 2595 1914 copia
2608 1843 2854 1899 destituti
2890 1822 3047 1898 nihili
3061 1822 3286 1898 omnino
3312 1822 3504 1915 singil-

1919 1936 2068 1992 latim
2128 1935 2345 1991 edieere
2404 1950 2721 2006 possumus.
2768 1933 2968 1989 Verum
3036 1937 3181 2005 quod
3232 1936 3506 2005 reliquum

1922 2030 2188 2085 habemus
2223 2042 2293 2083 ex
2321 2026 2441 2098 ejus
2468 2028 2727 2097 operibus
2760 2027 2919 2082 nobis
2958 2026 3156 2081 sullicit
3179 2026 3245 2082 ad
3276 2042 3505 2097 persna-

1920 2121 2157 2177 dendum
2179 2160 2194 2188 ,
2221 2120 2368 2190 quod
2392 2120 2441 2175 is
2463 2120 2517 2174 in
2553 2119 2867 2190 episcopatu
2897 2134 3061 2175 omne
3095 2126 3311 2188 tempus
3339 2119 3405 2171 ad
3427 2118 3505 2173 in-

1921 2214 2213 2271 struendos
2244 2213 2428 2268 lideles
2456 2212 2961 2282 defendendamque
2982 2212 3245 2268 adversus
3272 2212 3505 2269 haereses

1919 2321 2280 2378 quascunque
2310 2304 2591 2359 veritatem
2622 2304 2988 2359 orthodoxam
3027 2304 3369 2374 impenderit.
3562 2288 3571 2301 ’

1990 2399 2292 2470 Martyrum
2338 2398 2462 2453 albo
2499 2396 2849 2468 Hippolytum
2893 2396 3201 2452 inscribunt
3241 2394 3505 2467 Hierony-

1921 2508 2047 2548 mus
2076 2492 2213 2563 (59),
2245 2490 2496 2548 Gelasius
2529 2490 2683 2561 (60),
2703 2488 3080 2544 Theodoretus
3106 2487 3220 2559 (61)
3252 2488 3456 2557 aliique
3487 2503 3504 2543 :

1921 2593 2253 2656 quapropter
2293 2584 2348 2637 in
2393 2581 2780 2653 Martyrologio
2824 2579 3074 2635 Romano
3125 2578 3239 2652 (62)
3286 2580 3506 2651 legitur,

1922 2677 2026 2732 sub
2045 2675 2356 2730 Alexandro
2386 2675 2716 2744 imperatore
2734 2714 2750 2739 ,
2777 2673 2849 2729 ob
2875 2673 3194 2743 prazclaram
3220 2672 3344 2729 ﬁdei
3372 2688 3505 2728 con-

1922 2767 2218 2824 fessionem
2245 2807 2259 2833 ,
2288 2765 2541 2822 manibus
2563 2765 2904 2836 pedibusque
2934 2764 3115 2833 ligatis
3148 2764 3200 2818 in
3232 2763 3397 2818 altam
3426 2763 3505 2820 l'o-

1922 2874 2077 2914 veam
2119 2858 2278 2929 aquis
2319 2857 2538 2927 plenam
2580 2855 2978 2926 praecipitatum
3030 2856 3387 2923 occubuisse,
3419 2855 3507 2912 cui

1922 2961 1977 3007 et
2003 2951 2142 3007 alios
2172 2951 2226 3004 iu
2255 2949 2521 3020 martyrio
2560 2949 2741 3005 socios
2766 2964 2833 3003 ex
2859 2947 3012 3003 Actis
3048 2946 3105 3002 S.
3135 2947 3329 3003 Aurea:
3359 2949 3505 3003 addit

1924 3042 2192 3098 Baronins
2213 3040 2348 3113 (65).
2372 3038 2517 3096 lnter
2537 3039 2850 3112 apocrypha
2872 3048 3053 3095 tamen
3074 3048 3189 3094 tum
3212 3038 3507 3111 Hippolyti,

228 3135 442 3201 Nonus',
514 3144 570 3189 et
646 3136 976 3203 Herculani,
1035 3148 1086 3194 et
1160 3137 1401 3193 Taurini.
1473 3136 1821 3209 Hippolytum
1850 3164 1896 3226 Β
1926 3151 2050 3191 sum
2093 3134 2371 3189 S.Aureae
2408 3133 2540 3189 Acta
2592 3132 2924 3199 recensenda
2965 3147 3089 3188 esse
3127 3132 3369 3189 dubitari
3418 3134 3506 3191 vix

227 3230 420 3299 quippe
450 3230 690 3286 honoris
715 3245 882 3286 causa
909 3232 1114 3287 dictum
1142 3233 1314 3286 fuisse
1356 3230 1604 3286 Nonnum
1640 3241 1824 3285 osten-

228 3324 424 3389 dimus,
445 3322 920 3394 quemadmodum
938 3332 1130 3378 auctor
1156 3338 1257 3377 suo
1273 3339 1389 3378 aevo
1412 3324 1549 3380 satis
1573 3323 1821 3378 idoneus:

235 3415 443 3470 Nonnus
464 3432 745 3481 uocamus,
763 3415 961 3486 inquit,
982 3416 1208 3485 majores
1228 3415 1289 3469 ob
1311 3416 1683 3479 reverentiam;
1702 3430 1825 3469 nam

237 3508 550 3578 intelligitur
588 3518 817 3578 paterna
872 3509 1160 3561 reverentia
1200 3505 1334 3578 (56,.
1384 3507 1502 3560 ltali
1557 3506 1823 3572 retinent,

243 3613 353 3652 cum
385 3615 527 3656 avos
577 3600 887 3670 appellant,
912 3608 967 3653 et
996 3614 1164 3670 prope
1199 3598 1372 3655 Grzeci
1413 3597 1822 3674 signiﬁcarunt,

253 3705 360 3743 cum
389 3690 750 3762 Hippolytum
785 3688 1012 3745 παλαιόν
1044 3691 1247 3746 dixere.
1282 3689 1591 3759 Aliquando
1633 3686 1826 3742 Nunus

254 3781 452 3837 ellertur
482 3799 599 3837 non
627 3797 790 3839 secus
814 3793 978 3854 atque
1009 3783 1064 3837 in
1100 3782 1273 3837 veteri
1294 3796 1566 3837 marmore
1600 3780 1710 3853 (57)
1738 3799 1751 3837 :

300 3890 497 3929 DONATA
534 3889 685 3930 NUNO
726 3888 825 3930 SUO
866 3888 1149 3929 TERTULLO
1183 3888 1291 3927 CUI
1327 3887 1467 3926 FILIA
1509 3888 1562 3927 IN
1599 3887 1751 3927 PACE.

309 3964 460 4023 cNon
490 3976 716 4021 tantum
748 3966 930 4036 itaque
959 3964 1095 4020 falsa
1123 3975 1206 4020 est
1225 3966 1294 4019 ab
1320 3962 1627 4036 Lemoynio
1663 3979 1827 4020 exco-

239 4057 385 4128 gitata
420 4058 741 4122 derivatio,
774 4058 868 4128 qui
900 4057 1069 4126 ﬁlium
1098 4056 1337 4125 explicat
1377 4053 1630 4113 Nonnum
1670 4055 1827 4125 quasi

234 4166 294 4206 ex
311 4157 377 4236 3’:
400 4151 547 4223 (58),
564 4151 694 4205 dum
713 4150 827 4221 agit
845 4149 913 4205 de
928 4151 1031 4204 hoc
1046 4149 1166 4220 ipso
1188 4147 1457 4220 Hippolyti
1478 4147 1823 4219 cognomine,

233 4245 321 4297 sed
351 4243 579 4300 veritati
620 4241 916 4297 contraria.
957 4240 1213 4296 Salmasii
1251 4257 1315 4296 ex
1359 4240 1520 4311 μόνος
1552 4239 1825 4295 deducen-

166 4380 173 4391 .
233 4333 329 4401 tis,
385 4336 747 4401 aliorumque
802 4337 982 4403 etyma
1046 4331 1184 4385 nihil
1251 4346 1553 4397 moramur,
1607 4328 1828 4399 quando

233 4441 386 4481 usum
418 4425 794 4496 inquirimus,
828 4438 936 4478 non
964 4423 1254 4493 originem.
1292 4421 1410 4479 Hoc
1432 4424 1596 4494 igitur
1621 4436 1823 4477 conce-

1925 3237 2143 3300 potest,
2178 3236 2367 3298 utpote
2392 3241 2546 3298 quae,
2572 3235 2633 3282 ut
2660 3225 2803 3282 idem
2834 3223 3299 3295 inquitBaronius
3320 3265 3337 3290 ,
3365 3242 3506 3279 men-

1925 3321 2010 3377 dis
2049 3320 2203 3391 plena
2250 3322 2307 3376 in
2343 3320 2526 3375 multis
2574 3318 2898 3374 restituenda
2931 3318 3063 3391 (64).
3115 3317 3175 3374 In
3229 3317 3509 3376 Maximini

1925 3428 2057 3469 vero
2093 3423 2185 3469 aut
2221 3412 2365 3469 Decii
2389 3412 2770 3483 persecutione
2791 3427 2914 3467 cum
2956 3412 3202 3485 martyrii
3243 3428 3508 3473 coronam

1926 3505 2179 3575 adeptum
2204 3503 2375 3562 fuisse
2401 3504 2713 3560 verosimile
2743 3503 2870 3561 inde
2898 3505 3163 3571 redditur,
3191 3506 3335 3575 quod
3363 3521 3508 3561 anno

1925 3596 2219 3651 Alexandri
2257 3597 2606 3666 imperatoris
2634 3600 2843 3669 primo,
2879 3609 3172 3670 temporum
3207 3597 3508 3664 Cononem,

1926 3686 2341 3760 Paschalemque
2376 3691 2578 3761 cyelum
2606 3692 2810 3757 edidit,
2840 3693 2930 3748 cui
2965 3693 3073 3747 alia
3108 3692 3376 3762 opuscula
3413 3692 3507 3747 ad-

1927 3778 2095 3846 didit,
2126 3789 2188 3836 ut
2211 3796 2278 3835 ex
2308 3781 2554 3850 ejusdem
2586 3798 2813 3855 operum
2849 3785 3098 3855 catalogo
3131 3784 3316 3838 videre
3342 3791 3447 3839 est.

1999 3872 2267 3931 Caeterum
2290 3890 2412 3944 quae
2440 3876 2735 3945 scriptores
2760 3876 2826 3930 de
2857 3885 3098 3946 tempore
3125 3875 3368 3945 martyrii
3403 3876 3502 3929 ltu-

1923 3964 2017 4035 jus
2045 3963 2298 4031 tradunt,
2330 3964 2546 4019 diversa
2576 3974 2737 4035 atque
2760 3965 2967 4019 incerta
2991 3973 3137 4020 sunt.
3164 3964 3271 4018 Alii
3296 3964 3348 4019 id
3371 3963 3496 4020 refe-

1928 4063 2058 4109 runt
2085 4054 2153 4110 ad
2186 4070 2390 4111 annum
2415 4054 2622 4111 Christi
2661 4055 2787 4110 250.
2827 4054 2933 4111 Sed
2969 4055 3336 4111 severioribus
3368 4055 3507 4111 criti-

1928 4147 2009 4207 cis
2038 4163 2147 4204 non
2176 4148 2372 4218 placet,
2405 4148 2553 4219 quod
2585 4148 2639 4202 in
2674 4148 3062 4220 Martyrologio
3092 4146 3342 4215 Romano
3365 4163 3500 4205 mar-

1931 4242 2129 4312 tyrium
2164 4240 2220 4296 S.
2256 4239 2529 4311 Hippolyti
2560 4241 2861 4296 collocetur
2889 4240 2994 4296 sub
3017 4240 3247 4310 imperio
3268 4239 3506 4293 Alexan-

1926 4332 2013 4388 dri
2042 4332 2254 4396 Severi,
2283 4348 2408 4389 cum
2431 4342 2563 4388 tunc
2602 4333 2751 4387 nulla
2791 4332 3097 4403 persecutio
3122 4332 3316 4396 fuerit,
3344 4332 3494 4401 quin-

1929 4426 2041 4481 inso
2071 4427 2186 4497 ipse
2213 4426 2506 4494 imperator
2532 4424 2859 4480 Christianis
2888 4423 3111 4480 faveret.
3148 4423 3299 4489 Unde
3333 4422 3506 4478 Huin~

233 4519 425 4574 damus
461 4517 675 4574 Graecis
727 4516 1125 4587 scriptoribus,
1179 4526 1240 4573 ut
1287 4518 1547 4589 quoniam
1592 4517 1826 4574 Romani
1857 4504 1902 4561 ί)
1930 4519 2103 4575 artius
2148 4520 2201 4573 in
2249 4516 2575 4573 Praalatione
2620 4518 2687 4572 ad
2742 4518 2878 4572 Acta
2930 4530 3222 4588 martyrum
3265 4518 3505 4584 sincera,

230 4610 518 4678 pontiﬁces
560 4606 914 4678 Hippolytum
944 4606 1300 4663 Portuensem
1339 4608 1569 4679 ejusque
1605 4626 1825 4666 succes-

230 4715 383 4756 sores
407 4700 634 4755 eximiis
664 4699 993 4770 quibusdam
1034 4700 1375 4759 ornamentis
1408 4701 1697 4756 honestare
1725 4716 1823 4756 vo-

228 4790 487 4857 luerunt,
523 4791 601 4845 illi
649 4806 763 4846 non
797 4806 829 4847 a
868 4790 1039 4846 Portu
1072 4792 1253 4847 sedem
1282 4791 1592 4864 Hippolyti,
1628 4792 1721 4849 sed
1756 4793 1825 4849 ab

229 4879 380 4937 Urbe
402 4883 520 4952 ipsa
553 4881 922 4947 nominarint,
953 4883 1412 4953 quemadmodum
1446 4896 1633 4940 nostra
1664 4886 1822 4941 exhi-

228 4974 325 5030 bet
370 4975 666 5046 epigraphc
704 4975 1102 5030 commentario
1154 4976 1456 5044 praamissa.
1508 4973 1694 5047 Neque
1737 4992 1818 5034 re-

231 5067 534 5123 centiorem
567 5083 693 5122 cum
736 5065 1051 5139 Scaligero,
1079 5067 1174 5125 sed
1206 5069 1633 5125 vetustissimam
1682 5070 1824 5128 hanc

233 5175 361 5218 esse
388 5161 605 5233 opinari
636 5161 802 5226 licet,
845 5176 1010 5232 atque
1052 5159 1275 5217 Eusebii
1312 5162 1664 5218 Casariensis
1706 5178 1822 5219 aevo

335 5343 425 5413 51)
465 5342 606 5398 Bull.
628 5341 770 5413 gBas.
798 5342 971 5413 Yatic.
990 5357 1040 5413 At,
1075 5342 1165 5398 2i.

335 5352 425 5413 54)
465 5352 606 5398 Bull.
643 5352 770 5397 uas.
799 5352 971 5397 Vatic.
1002 5357 1040 5407 1,
1075 5352 1165 5398 21.

307 5352 421 5481 155)
460 5413 599 5469 Cod.
626 5411 761 5483 Reg.
795 5411 1106 5483 Suec.7Vat.
1137 5412 1267 5478 585,
1298 5429 1352 5483 p.
1381 5414 1472 5483 21.

238 5484 422 5608 ιέῗϐ)
461 5483 593 5557 Pag.
626 5482 884 5539 voeabul.
919 5482 1178 5550 Nonnos;
1211 5482 1382 5554 Cang.
1404 5482 1641 5539 Glossar.
1678 5483 1817 5538 Med.

314 5623 423 5697 (57)
463 5622 785 5697 Fleevood-A.
815 5638 937 5697 res
969 5622 1094 5697 386:

241 5693 734 5822 σέὸῗζὲιθὲἷιεη.
755 5694 805 5750 le
848 5693 1059 5768 Moyne,
1085 5693 1388 5766 Prolegom.
1423 5695 1490 5752 ad
1531 5694 1693 5751 Varia
1719 5693 1792 5751 Sa
1811 5727 1824 5735 -

1927 4626 2051 4682 pag.
2078 4626 2269 4677 xcvm,
2303 4610 2554 4665 eumdem
2582 4610 2898 4679 scrupulum
2928 4611 3201 4680 proponit,
3234 4619 3288 4664 et
3319 4620 3483 4666 uteun

1926 4718 2033 4772 que
2055 4702 2326 4758 discutere
2358 4712 2590 4758 conatur
2614 4702 2717 4757 hoc
2750 4702 2955 4756 modo':
3000 4701 3363 4765 Alexandrum
3393 4701 3506 4757 He-

1926 4793 2180 4864 liogabali
2215 4810 2565 4849 successorem
2594 4792 2913 4848 Christianis
2940 4793 3132 4863 favisse
3163 4809 3310 4848 nemo
3337 4804 3506 4864 potest

1924 4886 2179 4956 inﬁciari,
2208 4887 2311 4940 nisi
2339 4902 2515 4940 omnes
2541 4888 2786 4956 antiquos
2812 4888 3094 4955 scriptores
3126 4887 3339 4956 rejicere
3362 4886 3504 4940 uelit.

1927 4978 2076 5034 Unde
2102 4978 2296 5032 mirum
2323 4987 2399 5030 est
2425 4986 2501 5030 tot
2526 4990 2783 5048 martyres
2813 4978 2907 5032 sub
2935 4978 3048 5047 ejus
3076 4979 3293 5047 imperio
3321 4995 3503 5045 passos

1925 5090 1957 5126 a
1993 5070 2257 5127 nonnullis
2297 5070 2570 5124 recenseri.
2603 5070 2685 5124 An
2724 5071 2778 5124 id
2810 5072 2879 5123 ad
2910 5071 3183 5139 prccfectos
3210 5111 3225 5136 ,
3247 5088 3373 5141 quos
3403 5069 3499 5123 sub

1923 5166 2035 5235 ejus
2065 5164 2282 5235 imperio
2311 5162 2627 5217 sazvissimos
2651 5161 2812 5231 fuisse
2841 5162 3012 5226 aiunt,
3032 5160 3361 5231 referendum
3386 5156 3503 5217 est!

1997 5348 2108 5420 (59)
2149 5347 2490 5420 Hieronym.,
2522 5345 2685 5400 Praef.
2719 5344 3140 5420 in__Mattha:u_m.

1995 5411 2105 5490 (60)
2146 5418 2325 5490 Qelas.
2350 5411 2409 5472 ut
2440 5411 2560 5490 sup.
2590 5411 3252 5490 _tom._lV__Bibtiot/a._l_fP.

1993 5483 2105 5557 (61)
2145 5488 2467 5544 Theodoret.
2496 5483 2693 5558 dialog.
2727 5487 2761 5540 3
2781 5527 2796 5558 ,
2816 5483 3206 5558 heimpatibil.

1948 5572 1953 5577 ”
1994 5555 2104 5630 ((Ϋέ)
2144 5558 2489 5630 Marlymlqg.
2523 5555 2719 5630 Rom}.
2739 5557 2826 5610 die
2854 5556 2926 5609 22
2949 5555 3182 5630 A_ugust.

1994 5624 2107 5698 (63)
2147 5624 2346 5683 Baron.
2375 5624 2598 5698 ad'ann.
2632 5627 2755 5695 129,
2786 5624 3020 5698 nnm.__7.

1994 5693 2105 5772 (64)
2147 5699 2494 5771 Martyrolog.
2533 5693 2789 5771 Roman},
2820 5698 2908 5753 die
2938 5695 2972 5751 5
3000 5702 3054 5750 et
3083 5693 3155 5749 22
3175 5693 3423 5767 Augusti.
