3986 6358
498 358 606 414 285

1511 351 1601 407 DE
1640 351 1803 408 VlTA
1837 351 1924 407 ET
1965 349 2285 409 SCRIPTIS.
2313 350 2371 407 S.
2409 349 2789 407 HlPPOLYTl.

3659 347 3764 403 28d

497 477 642 533 Hinc
685 475 933 531 nonnulli
972 474 1268 546 scriptores
1301 482 1520 546 propter
1560 473 1801 530 favorem
1846 474 2084 530 Aloxan-
2110 479 2157 537 Α
2184 483 2269 530 cet
2295 472 2442 528 haud
2473 471 2790 542 simpliciter
2826 467 3207 524 aﬁirmandum
3244 479 3366 523 esse
3401 472 3631 536 putem;
3665 463 3766 519 mi-

497 569 583 625 dri
608 569 951 639 imperatoris
973 582 1099 638 erga
1130 565 1472 622 Christianos
1501 565 1729 622 mallent
1757 568 2078 639 martyrium

500 660 563 716 S.
613 658 888 732 Hippolyti
939 659 1208 716 collocare
1256 659 1360 714 sub
1411 658 1708 715 Alexandri
1762 673 2079 715 successore

498 750 834 814 Maximino;
875 749 1017 805 inter
1047 749 1148 804 bos
1187 746 1493 805 Dodwellus
1533 748 1601 803 ad
1633 763 1836 803 annum
1869 748 1974 803 255
2008 748 2076 801 il-

495 842 605 899 lius
633 841 949 913 martyrium
984 838 1147 895 refert
1185 839 1320 911 (65).
1354 839 1459 895 Sed
1487 839 1740 910 quamvis
1780 840 1883 896 sub
1907 838 2077 909 impe-

494 942 675 990 ratore
702 932 999 987 Maximino
1025 931 1325 986 habeamus
1349 932 1782 1001 persecutionem
1812 931 2076 988 adversus

491 1024 838 1081 Christianos
880 1025 1245 1080 truculentam
1270 1065 1286 1090 ,
1321 1039 1444 1094 quae
1480 1024 1752 1095 praecipue
1794 1024 2075 1094 spectabat

491 1118 562 1174 ad
595 1133 788 1172 eorum
837 1117 1147 1182 antistites,
1185 1116 1366 1186 qualis
1404 1116 1567 1171 etiam
1607 1123 1831 1193 sanctus
1869 1126 2074 1189 martyr

491 1216 679 1264 noster
707 1207 841 1274 fuit,
872 1214 1249 1262 asseveranter
1276 1216 1456 1261 tamen
1497 1205 1818 1277 martyrium
1850 1203 1907 1259 S.
1941 1203 2072 1276 Hip-

487 1299 665 1370 polyt-i
682 1314 792 1353 non
822 1298 1087 1352 audemus
1108 1306 1349 1356 statuere
1382 1296 1485 1353 sub
1516 1296 1749 1366 imperio
1772 1294 2069 1363 Maximini,

489 1398 713 1461 propter
756 1388 1040 1460 epistolam
1075 1387 1282 1460 ipsius,
1316 1403 1442 1458 quae
1484 1387 1550 1442 ad
1594 1386 1840 1457 reginam
1877 1402 2072 1457 quam-

490 1481 616 1536 dam
661 1480 859 1550 scripta
909 1488 1028 1545 est,
1073 1488 1129 1535 et
1166 1495 1233 1534 ex
1267 1493 1375 1548 qua
1414 1478 1788 1533 Theodoretus
1818 1476 1929 1548 (66)
1959 1476 2071 1532 ira.-

489 1581 711 1644 gmenta
738 1573 943 1643 aliquot
986 1571 1256 1642 allegavit.
1296 1569 1565 1625 Baronius
1598 1568 1710 1640 (67)
1736 1579 1890 1640 putat
1928 1570 2070 1625 hanc

490 1666 734 1737 reginam
782 1664 954 1721 fuisse
1004 1663 1320 1731 Mamaeam,
1377 1660 1725 1732 imperatoris
1772 1662 2068 1717 Alexandri

488 1767 757 1825 matrem,
787 1772 908 1828 quae
928 1755 1257 1812 Christianis
1291 1763 1571 1824 utcunque
1594 1753 1827 1809 favebat.
1864 1752 2064 1811 Verum

489 1866 637 1906 anno
682 1850 885 1906 Christi
939 1849 1073 1905 1551
1122 1848 1176 1903 in
1238 1862 1369 1918 agro
1431 1846 1641 1902 Verane
1690 1857 1937 1917 repertus
1988 1855 2074 1902 est
2102 1847 2147 1902 Β

487 1941 682 2012 Cyclas
713 1941 1010 2006 Paschalis,
1045 1942 1099 1996 in
1127 1940 1286 2010 cujus
1313 1940 1480 1995 latere
1506 1940 1644 1994 inter
1672 1939 1808 1994 alias
1844 1938 1902 1994 8.
1935 1938 2067 2010 Hip-

485 2031 655 2103 polyti
694 2030 1100 2087 lucubrationes
1133 2029 1445 2084 Exhortatio
1475 2029 1544 2083 ad
1573 2028 1877 2085 Severinum
1902 2038 2063 2085 nota-

484 2132 593 2178 tur.
636 2120 793 2179 Unde
821 2122 1202 2187 Tillemontius
1238 2106 1359 2194 (68)“
1394 2122 1725 2193 suspicatur,
1762 2121 1866 2178 hac
1903 2120 2065 2177 Seve—

485 2213 606 2268 rina
646 2213 875 2268 indicari
922 2211 1212 2279 Severam,
1261 2211 1496 2282 Philippi
1538 2212 1887 2282 imperatoris
1928 2227 2064 2267 uxo-

483 2319 636 2370 rem,
700 2320 825 2375 qua:
890 2304 1200 2361 Christiana
1266 2303 1437 2359 fuisse
1493 2303 1837 2374 perhibetur,
1891 2313 1945 2359 et
1994 2303 2062 2359 ad

481 2411 647 2465 quam
667 2395 1019 2452 doctissimus
1041 2395 1304 2467 Origenes
1342 2397 1506 2451 etiam
1545 2395 1755 2451 litteras
1793 2394 1963 2451 dedit.
2002 2393 2060 2450 Si

484 2487 576 2543 i-lla
607 2486 941 2542 Tillemontii-
974 2488 1215 2559 suspicio
1242 2501 1369 2543 vera
1410 2487 1509 2553 sit,
1542 2487 1689 2542 haud
1716 2487 1882 2543 dubie
1913 2503 2063 2542 mar-

481 2581 682 2652 tyrium
720 2580 780 2635 S.
815 2578 1089 2652 Hippolyti
1126 2596 1300 2652 usque
1335 2582 1403 2637 ad
1451 2597 1655 2637 annum
1689 2563 1891 2637 Christi
1929 2581 2056 2649 250,

478 2672 596 2730 sive
617 2671 684 2727 ad
707 2673 1140 2743 persecutionem
1167 2672 1311 2728 Decii
1335 2673 1680 2743 imperatoris
1702 2672 2058 2728 diﬁcrendum

476 2771 581 2819 est.
622 2762 705 2819 Ad
760 2765 902 2820 hanc
948 2765 1317 2835 suSpicionem
1366 2765 1796 2821 conﬁrmandam
1849 2765 2060 2821 accedit

477 2855 852 2911 testimonium
890 2854 947 2911 S.
981 2854 1293 2926 Epiphanii,
1343 2856 1437 2927 qui
1481 2856 1676 2912 haeresi
1710 2855 1799 2925 57,
1825 2855 1940 2911 sive
1966 2856 2056 2922 57,

475 2956 666 3003 contra
704 2945 999 3002 Noetianos
1034 2946 1109 3001 ita
1153 2947 1341 3003 scribit
1372 2966 1393 3002 ε’
1428 2946 1559 3001 Post
1592 2947 1730 3001 hunc
1767 2946 1906 3000 alius
1940 2948 2058 3017 qui-

476 3038 603 3093 dam
628 3040 904 3095 haereticus
923 3083 937 3107 ,
974 3040 1174 3095 Nactus
1205 3043 1442 3107 nomine,
1468 3043 1666 3112 prodiit
1686 3059 1711 3108 ;ν
1728 3058 1889 3113 neque
1921 3042 2060 3096 mul-

476 3134 549 3187 tis
574 3130 763 3185 abhinc
790 3132 966 3198 annis,
989 3133 1079 3186 sed
1110 3143 1232 3187 ante
1257 3133 1349 3187 Itos
1370 3143 1576 3188 centum
1601 3134 1709 3204 fere
1730 3151 1793 3188 ac
1816 3135 2053 3205 triginta,

2189 581 2293 621 nus
2327 573 2509 619 tamen
2540 561 2799 624 diﬁiteor,
2816 574 2939 630 quae
2972 558 3040 613 de
3072 556 3345 629 martyrio.
3365 555 3486 626 ejus
3526 567 3767 610 narran-

2184 666 2294 723 tur,
2327 656 2585 726 pleraque
2604 668 2726 711 esse
2754 654 2962 708 incerta
2983 666 3048 706 ac
3077 649 3316 706 tenebris
3340 648 3600 704 involuta»

2255 785 2331 843 De
2374 784 2668 858 Hippolyto
2701 782 2921 855 quidem
2970 792 3207 854 martyre
3251 778 3512 835 nonnulla
3564 777 3767 835 cecinit

2180 874 2532 942 Prudentius,
2560 890 2714 945 quae,
2747 875 2791 929 si
2823 873 3109 945 Hippolyto
3138 872 3394 942 episcopo
3427 869 3600 939 aptari
3631 884 3764 938 pos—

2181 977 2324 1029 sent,
2349 968 2579 1023 certiora
2602 966 2751 1022 Actis
2783 972 2986 1021 essent.
3021 962 3275 1018 Nostrum
3308 960 3678 1031 Hippolytum,
3705 961 3765 1015 id

2179 1068 2298 1123 est,
2337 1059 2686 1129 epiSCOpum,
2733 1057 2924 1111 invenit
2975 1055 3288 1110 Ruinartius
3324 1052 3438 1125 (7i)
3474 1053 3529 1107 in
3562 1054 3764 1124 hymno

2178 1151 2461 1205 Prudentii
2502 1149 2641 1221 (η),
2682 1148 2760 1204 ait
2802 1149 3104 1218 Basnagius
3138 1146 3272 1218 (73).
3323 1145 3381 1201 Si
3431 1154 3636 1202 attente
3674 1155 3767 1201 ta-

2178 1260 2303 1300 men
2336 1241 2607 1298 Ruinartii
2639 1242 2907 1297 monitum
2930 1238 3291 1310 ianrudentii
3327 1240 3570 1296 carmina
3594 1238 3765 1310 legis-

2177 1342 2292 1399 set,
2323 1332 2656 1390 coutrarium
2683 1331 2753 1386 ab
2774 1346 2851 1387 eo.
2872 1330 3011 1387 tradi
3044 1330 3360 1396 didicisset;
3390 1346 3513 1386 nam
3546 1328 3762 1401 Hippo-

2177 1425 2348 1495 lytum
2372 1439 2404 1479 a
2431 1421 2726 1479 Prudentia
2749 1422 3081 1477 celebratum
3112 1420 3181 1476 ab
3201 1420 3392 1484 altero,
3413 1421 3479 1476 d‘e
3504 1435 3615 1491 quo
3642 1421 3762 1493 agi-

2176 1532 2334 1582 mus,
2381 1517 2648 1588 cujusque
2684 1515 2948 1587 opuscula
2983 1513 3251 1570 Eusebius
3287 1523 3343 1568 et
3388 1511 3762 1584 llieronymus

2175 1619 2505 1675 memorant,
2530 1609 2973 1681 distinguendum
2996 1623 3118 1665 esse
3146 1608 3343 1664 ibidem
3367 1607 3591 1663 adnotat
3616 1605 3764 1660 Rui-

2173 1702 2423 1770 nartius;
2468 1700 2715 1771 quinimo
2750 1711 2862 1755 tres
2915 1697 3158 1770 ejusdem
3202 1696 3444 1752 nominis
3484 1686 3759 1770 martyres

2173 1794 2562 1850 discernendos
2583 1808 2724 1860 esse,
2753 1808 2892 1863 quos
2934 1807 2966 1847 a
3010 1790 3528 1863 Martyrologiorum
3555 1799 3759 1845 aucto-

2174 1886 2325 1941 ribus
2352 1886 2407 1939 in
2438 1899 2610 1939 unum
2639 1883 2902 1940 confusos
2925 1881 3094 1939 fuisse
3124 1882 3394 1937 B‘aromus
3421 1881 3622 1952 aliique
3646 1888 3760 1937 tra-

2171 1978 2449 2034 diderunt.
2477 1976 2545 2033 Et
2576 1992 2710 2033 sane
2739 1975 3061 2048 Hippolytus
3086 1991 3119 2031 a
3146 1974 3446 2030 Prudentio
3470 1975 3752 2040 laudatus,

2170 2069 2263 2139 qui
2302 2070 2356 2123 in
2392 2066 2561 2124 Portu
2602 2054 2850 2122 Romano
2880 2068 2946 2123 ad
2981 2064 3133 2124 Ostia
3169 2065 3460 2133 Tiberina,
3491 2074 3553 2122 ut
3584 2066 3756 2138 vulgo

2169 2161 2429 2229 creditur,
2456 2163 2782 2232 martyrium
2822 2159 3012 2226 subiit,
3041 2159 3291 2215 diversus
3327 2158 3553 2214 omnino
3580 2173 3612 2213 a
3655 2174 3758 2214 no-

2168 2264 2284 2310 stro
2329 2263 2431 2311 est.
2471 2254 2573 2309 Hic
2611 2254 2814 2324 quippe
2841 2253 3131 2324 episcopus
3163 2253 3386 2309 incertae
3440 2253 3611 2318 sedis,
3659 2252 3773 2309 ille

2166 2362 2295 2403 vero
2325 2346 2585 2402 Romanae
2611 2344 2869 2401 Ecclesiae
2887 2345 3185 2415 presbyter,
3214 2358 3278 2401 ac
3311 2342 3503 2401 Novati
3532 2345 3757 2416 opinio-

2168 2440 2330 2496 nibus
2374 2438 2672 2509 aliquando
2712 2436 2981 2503 addictus,
3013 2448 3069 2494 et
3096 2437 3346 2511 martyrii
3390 2446 3598 2493 tantum
3650 2452 3755 2493 co-

2166 2547 2300 2587 rona
2326 2531 2549 2598 clarus;
2584 2539 2771 2586 uoster
2795 2544 2926 2585 vero
2962 2545 3073 2585 non
3110 2530 3289 2587 solum
3323 2532 3612 2603 martyrio,
3649 2531 3752 2587 sed

2164 2632 2221 2678 et
2255 2623 2564 2679 eruditione
2586 2631 2641 2678 et
2678 2622 2897 2693 scriptis
2932 2622 3340 2678 celeberrimus.
3377 2622 3471 2677 Ille
3498 2622 3750 2690 domum,

2163 2714 2461 2771 Prudentio
2488 2722 2660 2783 teste,
2686 2713 2992 2770 furentibus
3022 2714 3176 2784 equis
3215 2723 3461 2785 raptatus
3500 2713 3746 2781 interiit;

2165 2813 2352 2860 noster
2380 2820 2539 2871 vero,
2585 2804 2630 2861 si
2676 2805 2809 2861 ﬁdes
2841 2803 3270 2877 Martyrologiis,
3297 2804 3353 2859 in
3391 2802 3607 2861 foveam
3651 2804 3750 2859 de-

2164 2909 2379 2950 mersus
2415 2893 2690 2950 occubuit.

2236 3027 2613 3086 'l‘beodoretus
2639 3030 2787 3085 hunc
2811 3040 3061 3086 sanctum
3082 3029 3360 3087 doctorem
3391 3029 3591 3085 tluentc
3622 3028 3747 3085 ion-

2164 3121 2233 3175 tis
2269 3130 2568 3191 comparat,
2597 3113 2728 3177 dum
2755 3122 2970 3193 dialogo
3002 3123 3061 3189 5,
3085 3123 3202 3179 sive
3226 3133 3376 3178 tomo
3407 3121 3470 3176 ιν
3498 3121 3743 3193 Operum

475 3225 735 3280 nimirum
773 3224 1094 3296 priusquam
1139 3233 1362 3281 sanctus
1394 3225 1496 3281 hoc
1527 3240 1666 3295 opus
1693 3232 1865 3280 suum
1908 3241 2056 3281 com-

2166 3229 2388 3270 suorum
2419 3214 2616 3286 pagina
2641 3214 2741 3270 154
2767 3224 2822 3270 et
2847 3222 3133 3285 sequente,
3159 3215 3535 3272 testimonium
3566 3215 3749 3286 ipsius

475 3322 720 3385 poneret.
756 3313 831 3370 At
872 3313 930 3369 S.
955 3313 1294 3386 Epiphanius
1335 3316 1480 3371 circa
1526 3330 1731 3370 annum
1773 3315 1879 3371 575
1922 3316 2053 3371 illud

473 3419 611 3474 opus
640 3404 905 3466 adversus
935 3407 1171 3462 haereses
1201 3407 1559 3477 conscripsit,
1582 3407 1828 3478 adeoque
1851 3416 2053 3463 retror-

475 3511 598 3551 sum
649 3497 989 3553 numerando
1024 3497 1245 3561 haeresis
1282 3496 1547 3553 Noetiana
1597 3498 1701 3554 sub
1729 3499 2053 3569 imperatore

473 3587 726 3660 Philippo
765 3601 954 3646 exorta
993 3600 1109 3657 est,
1133 3599 1195 3646 ut
1227 3590 1608 3648 Tillemontius
1649 3589 1880 3647 aﬁrmat
1913 3590 2048 3663 (69).

473 3682 613 3737 Cum
656 3682 839 3753 itaque
870 3684 928 3738 S.
960 3682 1280 3755 Hippolytus
1310 3683 1454 3740 hanc
1488 3682 1643 3740 Noeti
1680 3685 1932 3740 haeresim
1964 3699 2052 3740 re-

474 3783 661 3830 center
680 3786 925 3831 exortam
951 3777 1201 3833 videatur
1227 3778 1608 3848 impugnasse,
1634 3786 1693 3832 ut
1721 3779 1864 3848 apud
1891 3794 2050 3835 eum-

472 3867 595 3921 dem
638 3864 1043 3923 Tillemontium
1095 3869 1133 3923 ι.
1173 3884 1222 3924 c.
1275 3868 1600 3935 ostenditur,
1634 3869 1689 3923 in
1728 3868 1833 3925 ista
1881 3869 2051 3942 hypo-

474 3959 616 4015 thesi
657 3961 978 4032 martyrium
1026 3961 1200 4030 ipsius
1249 3970 1374 4017 ante
1421 3962 1856 4031 persecutionem
1901 3961 2046 4018 Decii

472 4052 818 4123 imperatoris
843 4053 1095 4110 collocari
1140 4070 1249 4110 non
1291 4063 1486 4124 potest.
1522 4053 1646 4110 llaec
1684 4064 1863 4110 tamen
1895 4053 2050 4111 Tille-

469 4144 663 4201 montii
689 4157 1011 4216 argumenta
1039 4161 1148 4201 non
1171 4146 1398 4201 omnino
1425 4154 1574 4202 certa
1609 4157 1738 4202 sunt
1756 4187 1772 4214 ,
1800 4147 2050 4217 quando-

469 4236 687 4307 quidem
719 4237 787 4291 ab
816 4237 941 4292 aliis
965 4245 1252 4306 negantur.

537 4326 649 4384 Nec
671 4343 794 4399 quae
826 4328 894 4384 de
942 4330 1063 4385 loco
1107 4327 1356 4400 martyrii
1407 4328 1702 4396 adduntur,
1726 4345 1792 4385 ea
1837 4332 2051 4386 munita

468 4427 599 4475 sunt
639 4420 997 4486 auctoritate,
1048 4432 1107 4477 ut
1144 4422 1213 4478 iis
1253 4423 1388 4477 ﬁdes
1436 4422 1624 4478 haberi
1672 4423 1885 4479 debeat.
1932 4424 2048 4481 imo

468 4510 726 4579 quoniam
761 4510 1032 4568 Eusebius
1058 4521 1115 4568 et
1148 4511 1512 4585 Hieronymus
1537 4512 1606 4568 de
1643 4514 1907 4586 martyrio
1942 4514 2049 4571 hoc

466 4601 697 4668 sileant,
738 4603 1168 4675 ChristOphorus
1205 4580 1560 4661 Heumannus
1610 4604 1724 4677 (70)
1772 4580 2052 4664 existimat
2080 4580 2125 4635 Β

467 4690 816 4764 Hippolytum
859 4692 1000 4751 falso
1041 4695 1110 4750 iis
1153 4695 1543 4761 annumerari,
1585 4696 1680 4766 qui
1727 4698 2051 4768 sanguinem

466 4801 629 4841 suum
666 4801 767 4856 pro
794 4801 962 4842 causa
997 4786 1203 4843 Christi
1245 4784 1617 4858 profuderint,
1645 4802 1820 4858 eoque
1852 4789 2051 4845 verita-

465 4887 575 4933 tem
612 4879 890 4949 religionis
920 4879 1246 4937 Christianae
1279 4880 1674 4936 conﬁrmarint.
1714 4878 1770 4935 Id
1803 4882 1949 4952 quod
1978 4883 2051 4938 li-

464 5010 947 5155 Ρεὲϐὅέδῡοᾱπευ,
973 5055 989 5082 ,
1018 5013 1302 5071 Dissertat.
1335 5013 1710 5088 Cypria-nicar.
1750 5031 1837 5085 xl,
1874 5016 1903 5090 §
1941 5017 2045 5084 50,

535 5100 1288 5228 {ocioihcgqorerudiatog
1331 5156 1367 5210 ε
1419 5164 1474 5213 et
1513 5157 1588 5224 se,
1638 5158 1753 5216 sive
1797 5168 1932 5217 tom.
1975 5159 2048 5216 tv

462 5221 640 5297 Ορξρ..
657 5238 781 5297 pag.
808 5224 877 5280 88
897 5235 950 5297 et
980 5227 1102 5282 t55.

532 5293 885 5367 (67)'ljaron.
910 5295 965 5350 in
985 5295 1279 5367 Annal-.ad
1307 5312 1437 5367 ann.
1470 5296 1608 5364 259,
1646 5314 1798 5353 num.
1829 5301 1916 5357 10.

559 5366 649 5440 (iii)
687 5363 1003 5440 :l‘illemont,
1038 5376 1171 5422 tom.
1198 5365 1268 5420 ιιι
1320 5363 1601 5433 Mancia,
1624 5370 1897 5440 pag..2i5.

687 5370 1026 5492 iléillemiobn‘ti,e
1038 5376 1106 5422 tut

748 5453 855 5503 em,
940 5454 953 5491 ι
1031 5453 1106 5492 m.

559 5505 647 5584 '19)
688 5504 1025 5584 ῌεειμιηειιηη.ἱ
1050 5508 1255 5584 laudat.
1289 5507 1595 5584 Dissertat.,
1630 5508 1779 5584 ἐλᾷ,
1802 5528 1924 5584 pag.
1956 5515 2040 5571 15.

533 5577 648 5653 (le
689 5575 965 5653 ljuinartq
984 5580 1265 5653 ﬁcusinc.
1304 5579 1466 5653 ῌΜη
1502 5575 1771 5653 ρεε.’157.

533 5645 649 5720 (72)
686 5645 951 5720 Prudent.
974 5648 1117 5718 Περὶ
1145 5645 1482 5720 στεφάνων,
1502 5645 1686 5707 ὀθῖἰι).
1719 5669 1803 5707 x1.

558 5715 648 5791 Z33)
687 5715 955 5791 ﬁasnage,
982 5715 1207 5787 AtinaL,
1236 5715 1326 5776 an.
1360 5720 1487 5784 222,
1522 5738 1675 5778 num.
1704 5722 1760 5779 8.

830 5784 1022 5875 beatus
1070 5791 1161 5846 ille
1192 5784 1405 5875 chorus
1443 5802 1528 5874 est
1569 5793 1946 5875 episcoporum
1990 5804 2044 5851 ct

465 5856 907 5930 doctorum,qui
932 5868 1197 5934 tanquam
1244 5862 1534 5919 luminaria
1589 5856 1643 5920 in
1700 5856 1904 5922 mundo
1955 5880 2043 5922 re-

2158 3316 2213 3360 et
2240 3306 2474 3362 aliorum
2499 3313 2817 3362 sanctorum
2846 3306 3072 3363 Patrum
3095 3316 3287 3364 contra
3325 3308 3610 3364 haereticos
3639 3309 3746 3364 ad-

2158 3398 2308 3454 ducit
2337 3400 2443 3454 hoc
2467 3398 2631 3454 modo
2662 3417 2676 3453 :
2712 3397 2824 3453 Fac
2848 3400 3015 3471 igitur
3051 3408 3269 3471 pateant
3293 3416 3446 3455 aures
3468 3439 3485 3466 ,
3506 3409 3557 3455 et
3579 3400 3749 3471 spiri-

2159 3490 2388 3546 tualium
2407 3492 2636 3563 fontium
2656 3493 2859 3565 ﬂuenta
2888 3495 3085 3564 accipe,
3114 3494 3288 3548 sancti
3315 3492 3517 3565 lgnatii
3544 3495 3746 3548 Antio-

2157 3583 2309 3641 cheni
2328 3592 2379 3639 et
2401 3584 2652 3654 martyris
2671 3598 2737 3638 ea:
2761 3584 2984 3653 epistola
3009 3584 3079 3637 ad
3106 3581 3513 3653 Smyrncnses...
3544 3581 3747 3640 Irenaei

2158 3675 2524 3750 Lugdunensis
2556 3676 2786 3746 episcopi
2821 3692 2887 3731 ea:
2927 3678 3081 3731 tertio
3112 3677 3249 3731 libro
3283 3675 3532 3732 adversus
3570 3677 3747 3734 luere-

2157 3788 2309 3827 ses...
2342 3770 2515 3825 sancti
2549 3768 2827 3839 Hippolyti
2864 3769 3095 3840 episcopi
3131 3777 3182 3824 et
3232 3769 3485 3838 martyris
3523 3784 3592 3823 ea:
3628 3774 3746 3840 epi-

2155 3864 2295 3920 stola
2326 3862 2396 3917 ad
2432 3862 2720 3933 quamdam
2747 3861 3002 3933 reginam.
3054 3860 3114 3917 S.
3148 3860 3606 3933 Chrysostomus,
3641 3878 3744 3919 seu

2154 3955 2337 4027 potius
2358 3953 2500 4010 alius
2529 3952 2789 4019 antiquus
2814 3959 3007 4006 auctor
3033 3950 3136 4006 sub
3158 3950 3279 4021 ejus
3304 3951 3545 4017 nomine,
3582 3953 3744 4008 attri-

2154 4045 2276 4101 buit
2301 4042 2359 4100 S.
2389 4042 2678 4114 Hippolyto
2704 4042 2983 4112 ingenium
3009 4041 3304 4104 excellens.
3336 4040 3740 4111 eloquentiam-

2154 4152 2262 4207 que
2307 4134 2726 4199 suavissimam,
2775 4147 2878 4189 nec
2913 4132 3125 4189 dubitat
3170 4147 3296 4189 eum
3336 4131 3590 4191 conferre
3611 4152 3739 4191 cum

2156 4227 2214 4283 8.
2245 4226 2455 4299 lgnatio
2491 4225 2563 4279 M.
2587 4235 2640 4281 et
2670 4223 2730 4280 S.
2757 4224 3020 4298 Dionysio
3048 4224 3333 4284 Corinthio
3373 4228 3459 4284 vel
3501 4230 3739 4287 Alexan-

2153 4321 2322 4375 drino
2342 4319 2477 4390 (7i).
2510 4317 2569 4375 S.
2592 4316 2918 4374 Anastasius
2958 4317 3143 4373 saeculi
3168 4335 3243 4384 v.11
3271 4318 3554 4376 confessor
3575 4337 3736 4377 eum-

2153 4413 2279 4469 dem
2313 4412 2641 4482 condecorat
2670 4411 2826 4467 titulo
2858 4410 3041 4482 magui
3075 4419 3132 4466 et
3162 4412 3518 4468 sacratissimi
3546 4413 3737 4471 docto-

2153 4504 2252 4574 ris,
2284 4504 2439 4561 testis
2473 4503 2648 4561 ﬁdelis
2677 4503 2921 4560 veritatis
2941 4543 2958 4570 ,
2978 4512 3141 4574 atque
3171 4504 3363 4575 organi
3395 4505 3571 4559 sancti
3611 4503 3737 4577 Spi-

2152 4598 2293 4654 ritus
2313 4583 2469 4669 ⁸(75).
2506 4594 2769 4653 Leontius
2802 4596 3137 4669 Byzantinus
3165 4605 3413 4653 sanctum
3451 4597 3733 4654 doctorem

2153 4700 2402 4748 nostrum
2429 4700 2679 4747 recenset
2721 4690 2864 4745 inter
2898 4689 3298 4746 illustrissimos
3337 4689 3598 4748 Ecclesiae
3626 4691 3732 4748 Pa-

2150 4791 2285 4849 tres,
2322 4783 2416 4853 qui
2443 4798 2480 4837 a
2506 4795 2636 4838 nato
2670 4780 2953 4837 Salvatore
2981 4781 3048 4837 ad
3075 4782 3363 4852 imperium
3386 4799 3561 4855 usque
3582 4783 3700 4841 Con

2151 4875 2375 4932 stantini
2404 4873 2476 4929 Μ.
2498 4872 2733 4930 ﬂoruere
2760 4872 2895 4944 (76).

2149 5011 2543 5087 splenduerunt
2572 5013 2797 5087 verbum
2825 5012 2948 5087 vitae
2973 5013 3311 5087 continentes
3330 5015 3419 5070 ἲ...
3447 5011 3557 5087 _U_b_i_
3590 5013 3729 5087 llip—

2147 5083 2380 5155 polytus
2394 5083 2775 5155 suavissimus
2788 5092 2840 5137 et
2873 5084 3421 5155 benevolentissimus
3439 5085 3465 5140 ἲ
3496 5083 3599 5141 Ubi
3624 5083 3729 5142 Ba-

2148 5152 2583 5281 gilliulsaiioaiggs,
2605 5162 2712 5210 etc.
2735 5153 3111 5225 Cbrysostom.
3135 5163 3270 5211 tom.
3300 5153 3365 5209 Vl
3390 5154 3553 5227 Opp.,
3580 5166 3723 5214 orat.

2307 5240 2393 5280 aa.
2418 5240 2545 5279 460.
2567 5246 2583 5263 ⁶

2218 5239 2393 5365 ξ’ἵὲῗεέ
2418 5239 2568 5371 ᾗξῇ
2590 5308 2739 5371 _nunc
2768 5301 2823 5350 et
2848 5294 3257 5371 sacratissimus
3277 5294 3368 5353 hic
3394 5305 3461 5371 et
3488 5313 3726 5371 magnus

2147 5368 2359 5435 doctor,
2389 5365 2745 5434 veritatisque
2776 5365 2934 5423 testis
2982 5366 3165 5423 ﬁdelis
3206 5368 3550 5426 concorditer
3585 5365 3724 5426 cum

2146 5439 2273 5510 aliis
2301 5436 2557 5510 omnibus
2587 5437 2816 5510 sanctis
2843 5436 3126 5510 catholicas
3166 5436 3364 5510 Dei‘ac
3407 5441 3727 5510 apostolica:

2146 5507 2582 5565 institutionibus
2608 5506 2888 5571 Ecclesiae,
2919 5509 3059 5564 duas
3078 5507 3377 5564 secundum
3416 5506 3725 5567 u‘nitionem

2147 5579 2490 5636 inconfusam
2515 5586 2569 5632 et
2587 5578 2938 5648 impatibilem
2964 5580 3428 5649 quemadmodum
3469 5590 3721 5649 naturas,

2147 5656 2219 5705 ita
2262 5649 2426 5704 etiam
2478 5649 2966 5721 duAastoluntates
3111 5689 3126 5704 .
3164 5689 3180 5704 .
3215 5651 3460 5721 conﬁteri
3484 5652 3662 5721 jubet.
3696 5673 3715 5705 ι

2144 5723 2400 5793 Anastas.
2420 5720 2495 5793 _in
2525 5717 2746 5793 Collect.
2773 5719 3179 5793 Sirmondiana,
3192 5729 3339 5793 tom.
3391 5717 3563 5793 lll,'p.
3588 5723 3727 5783 590..

2217 5790 2331 5863 (76)
2365 5809 2401 5863 c
2419 5788 2787 5863 Temporibus
2825 5791 2933 5846 illis
2959 5806 3082 5861 qua:
3106 5808 3138 5847 a
3178 5789 3380 5849 Christi
3431 5788 3727 5850 nativitatc

2146 5861 2318 5936 usque
2341 5861 2409 5919 ad
2437 5861 2727 5931 imperium
2753 5862 3095 5921 Constantini
3129 5873 3515 5935 numerantur,
3540 5863 3716 5921 hidoe-

3721 5992 3747 6019 ι
