3942 6346
1187 344 1278 400 ΒΕ
1312 345 1478 402 ἪΤΑ
1512 344 1601 401 ΕΤ
1641 344 1952 402 SCRIPTlS
1989 347 2046 402 S.
2085 343 2465 402 ΗιΡΡοιγτι.

1559 592 1945 683 CAPUT
2018 590 2154 678 II.

983 927 1090 988 DE
1129 925 1480 1046 SCRIPTIS
1536 925 1908 988 GENUINIS
1952 924 2234 988 SANC'I'I
2291 924 2754 991 HIPPOLYTL

704 1263 1097 1320 ARTICULUS
1135 1264 1152 1318 ι
1196 1265 1327 1336 (τι).

224 1437 283 1479 ἐ
307 1437 610 1478 ελτλιοςο
639 1438 910 1478 ιιΒῑιοιιυι
937 1441 988 1478 IN
1010 1440 1294 1480 BIPPOLYTI
1319 1440 1530 1480 STATUA
1551 1440 1804 1480 SCI'JLPTO.

1825 1285 1872 1340 Α
1902 1277 1989 1338 pta
2015 1285 2030 1335 ;
2061 1281 2186 1321 nam
2211 1272 2457 1336 apparet,
2481 1264 2588 1320 illis
2613 1263 2880 1320 absolutis
2919 1263 3254 1335 dogmaticos
3283 1266 3469 1336 apolo-

1905 1359 2216 1430 geticosque
2240 1358 2408 1414 libros
2435 1358 2653 1413 demum
2677 1356 2907 1412 laudari.

1979 1497 2302 1551 ΑΛΜΟΥΣ.
2349 1493 2492 1560 Quin
2533 1494 2616 1548 ba:
2664 1493 2855 1549 litterae
2896 1493 3006 1548 sint
3048 1492 3286 1561 reliquiae
3325 1491 3473 1546 vocis

283 1575 432 1631 Cum
461 1576 746 1650 Hippolyti
786 1579 1046 1633 librorum
1077 1578 1356 1649 catalogus
1378 1620 1394 1646 ,
1418 1580 1511 1649 qui
1543 1581 1597 1634 in
1632 1589 1810 1635 statua
1908 1584 2177 1656 ψαλμούς,
2215 1601 2323 1638 non
2357 1584 2581 1650 dubito,
2621 1582 2676 1638 in
2715 1597 2855 1652 quos
2907 1591 3154 1635 nostrum
3190 1581 3474 1649 scripsisse

226 1679 376 1725 texto
411 1669 644 1724 demum
678 1671 876 1725 saeculo
899 1670 1076 1740 posita
1121 1670 1435 1740 designatus
1477 1680 1580 1731 est.
1613 1688 1808 1742 quam-

226 1762 364 1826 dam,
399 1762 629 1816 etiamsi
660 1778 763 1817 non
787 1779 1060 1834 magnam,
1082 1763 1696 1828 habeatauctoritatem,
1716 1780 1812 1819 ne-

1908 1687 2138 1733 testatur
2161 1677 2540 1747 Hieronymus.
2572 1675 2756 1745 Itaque
2784 1672 3077 1743 respiciens
3101 1673 3164 1726 ad
3183 1673 3338 1726 linere
3354 1688 3477 1740 spa-

1913 1772 2051 1824 tium
2084 1771 2280 1824 litteris
2305 1768 2663 1838 implendum,
2686 1766 2969 1838 legendum
3002 1773 3133 1834 puto
3159 1762 3230 1816 τὰ
3249 1765 3328 1827 εἰς
3351 1764 3477 1826 τοὺς

227 1870 370 1910 casse
403 1864 519 1920 est,
553 1864 616 1910 ut
642 1856 955 1924 priusquam
979 1856 1046 1910 de
1070 1855 1244 1909 nostri
1269 1855 1484 1924 scriptis
1509 1856 1813 1925 disquirere
1910 1862 2176 1935 ψαλμούς.

229 1948 586 2016 incipiamus,
635 1962 890 2003 mancum
930 1957 1242 2005 contextum
1293 1947 1438 2004 illius
1465 1948 1699 2018 catalogi
1727 1963 1813 2002 re-

228 2039 532 2093 stituamus
557 2038 703 2110 (78).

287 2173 347 2227 In
377 2184 636 2244 quatuor
660 2173 934 2243 prioribus
970 2173 1128 2229 lineis
1164 2173 1371 2230 litteras
1402 2173 1691 2229 nonnullas
1723 2172 1817 2227 de-

228 2267 380 2322 tritas
409 2281 546 2321 esse
580 2267 715 2320 satis
756 2275 997 2334 apparet.
1029 2265 1104 2319 Ita
1153 2265 1209 2320 in
1238 2267 1410 2335 prima
1445 2266 1588 2320 linea
1619 2265 1819 2335 legitur

229 2359 406 2412 ποτε.
450 2358 705 2430 Scaliger
736 2355 850 2428 (79)
880 2359 994 2411 vult
1037 2358 1139 2412 has
1165 2358 1373 2412 litteras
1399 2372 1522 2412 esse
1555 2357 1817 2425 reliquias

226 2453 377 2507 verbi
405 2450 692 2522 ψαλμούς,
718 2450 862 2520 quod
908 2450 1344 2520 conjungendum
1371 2449 1440 2504 sit
1469 2465 1592 2504 cum
1623 2449 1819 2504 litteris

229 2549 279 2602 in
314 2548 585 2618 sequenti
623 2547 767 2600 linea
814 2545 966 2600 lectis
993 2545 1186 2609 NIAZ;
1225 2544 1386 2598 ΝΙΑΣ
1412 2544 1606 2598 litteris
1636 2553 1818 2597 autem

226 2639 600 2693 commutatis
642 2638 697 2692 in
743 2637 948 2690 ΝΟΙΑΣ
975 2644 1126 2705 putat
1163 2636 1382 2690 ultimas
1416 2636 1515 2690 has
1560 2650 1682 2690 esse
1714 2635 1822 2705 syl-
1853 2633 1896 2688 Β

227 2731 385 2784 lahas
416 2729 583 2784 verbi
615 2729 920 2799 μετανοίας,
955 2727 1031 2781 ita
1065 2736 1128 2781 ut
1171 2727 1502 2797 intelligendi
1541 2727 1651 2781 sint
1683 2725 1825 2795 ψαλ-

235 2823 330 2893 μοὶ
359 2820 663 2892 μετανοίας
696 2821 915 2890 (psalmi
962 2820 1403 2890 poenitentiales).
1433 2820 1605 2886 Quam
1639 2819 1824 2887 conje-

231 2927 485 2981 ctnram,
510 2932 637 2985 quae
669 2914 1010 2986 gravissimis
1046 2913 1228 2969 causis
1266 2912 1501 2968 refutata
1528 2921 1612 2966 est
1637 2927 1665 2965 a
1701 2909 1828 2964 Ste-

233 3010 428 3079 phano
480 3007 726 3079 Moynio.
780 3006 1002 3062 omnino
1031 3003 1224 3059 falsam
1278 3019 1419 3070 esse,
1453 3004 1577 3058 inde
1611 3017 1831 3073 quoque

236 3103 447 3164 elucet,
479 3097 632 3169 quod
675 3108 729 3152 et
773 3097 828 3150 in
862 3097 1110 3167 sequenti
1156 3095 1315 3151 tertia
1346 3096 1490 3150 linea
1541 3095 1832 3148 adnotatus

241 3202 326 3248 est
360 3190 542 3246 nostri
591 3191 645 3244 in
676 3189 918 3260 psalmos
964 3186 1423 3254 commentarius,
1457 3192 1511 3241 et
1549 3183 1833 3256 μετανοίας

241 3285 501 3347 verbum,
536 3297 662 3337 cum
691 3297 882 3335 novem
911 3288 1122 3335 tantum
1154 3279 1362 3334 litteras
1392 3277 1688 3340 contineat,
1723 3290 1834 3330 non

249 3384 423 3429 totam
459 3371 767 3442 explevisse
786 3371 985 3425 lineam
1009 3369 1242 3424 videtur.
1265 3366 1322 3421 in
1352 3381 1571 3437 quaque
1597 3366 1741 3419 enim
1778 3365 1837 3419 li-

247 3481 348 3519 nea
370 3463 574 3518 litteris
597 3463 817 3532 impleta
846 3460 1116 3516 sexdecim
1137 3458 1252 3515 fere
1273 3458 1628 3513 inveniuntur
1647 3457 1839 3510 litterae

249 3557 386 3624 (δῦ).
424 3554 744 3623 Stephanus
794 3555 910 3623 ipse
944 3552 1211 3622 conjecit,
1259 3549 1544 3620 legendum
1590 3563 1711 3602 esse
1759 3547 1838 3610 εἰς

248 3647 716 3721 πρωταπλάστους
745 3646 836 3700 καὶ
859 3645 987 3720 περὶ
1017 3642 1373 3715 κοσμογονίας
1401 3641 1487 3695 vel
1525 3639 1836 3708 ζωογονίας.

247 3743 382 3809 Quae
395 3741 719 3810 conjectura
741 3755 849 3793 non
867 3739 1018 3792 omni
1034 3734 1505 3792 verisimilitudine
1519 3741 1696 3796 caret;
1714 3746 1840 3783 nam

252 3843 477 3891 constat
507 3842 758 3888 nostrum
805 3830 1090 3907 scripsisse
1129 3829 1182 3881 in
1213 3828 1586 3880 Hexaemeron
1617 3832 1670 3876 et
1696 3823 1747 3875 in
1778 3837 1839 3875 ea

253 3943 376 3998 qua:
425 3935 555 3996 post
597 3923 1012 3989 ﬂexaemeron;
1062 3920 1308 3975 omittam
1359 3927 1541 3972 autem
1592 3922 1841 3983 respectu

255 4019 450 4074 habito
487 4017 553 4072 ad
584 4016 888 4070 litterarum
927 4028 1214 4068 numerum
1249 4009 1342 4065 καί
1369 4007 1712 4079 particulam.
1740 4003 1840 4057 Mi-

255 4125 376 4165 rum
425 4118 611 4164 tamen
659 4121 747 4162 me
791 4104 983 4167 habet,
1011 4103 1157 4173 quod
1196 4118 1304 4156 non
1353 4100 1470 4154 vice
1505 4113 1664 4152 versa
1698 4095 1836 4151 scri-

254 4214 411 4274 ptum
451 4200 523 4255 sit
548 4197 680 4272 περὶ
711 4194 1090 4267 κοσμογονίας,
1121 4195 1200 4256 εἰς
1227 4190 1704 4265 πρωτοπλὰστους.
1733 4185 1842 4240 Dif-

257 4293 401 4348 ﬁcile
443 4298 553 4354 est,
599 4303 721 4344 cum
767 4296 844 4342 tot
885 4294 1102 4341 exstent
1142 4283 1411 4355 Hippolyti
1447 4281 1590 4348 libri,
1619 4288 1675 4334 et
1697 4278 1841 4334 scul-

261 4396 385 4454 ptor
435 4382 596 4436 libris
644 4380 908 4434 tribueret
950 4377 1135 4433 titulos
1170 4377 1438 4431 obscuros
1472 4384 1841 4444 atque-novos

263 4479 334 4546 (e.
364 4492 422 4531 c.
455 4470 934 4545 ἐγγαστρίμυθον),
971 4471 1104 4526 satis
1131 4469 1416 4539 perspicue
1437 4467 1837 4526 demonstrare,

262 4569 360 4638 qui
405 4567 537 4621 libri
564 4564 895 4634 intelligendi
939 4563 1067 4618 sint.
1103 4559 1286 4631 Itaque
1319 4575 1432 4615 rem
1476 4559 1531 4612 in
1575 4567 1844 4624 suspenso

264 4662 558 4731 relinquo;
594 4659 698 4713 hoc
737 4672 907 4711 unum
961 4664 1173 4711 tantum
1219 4652 1590 4716 contendens,
1621 4649 1728 4703 illis
1759 4646 1850 4700 lit-

267 4753 408 4810 teris
448 4749 787 4823 significatos
816 4762 940 4805 esse
959 4745 1405 4808 .commentarios
1436 4744 1673 4814 in,sacra
1699 4739 1849 4796 Scri-

269 5059 462 5108 ctores
486 5053 539 5100 et
563 5041 754 5105 Patres
773 5038 1133 5094 exstiterunt:
1171 5031 1412 5108 lgnatius
1434 5029 1523 5082 ille
1563 5024 1854 5108 TlicOpho-

274 5096 687 5181 lit-enatus,
721 5109 984 5181 Justinus,
1004 5096 1362 5181 philosophus
1381 5110 1436 5181 et
1462 5109 1696 5181 martyr",
1725 5096 1851 5181 Cle-

273 5166 882 5252 te‘tmﬂippolytus
904 5166 1143 5252 epi§90pi
1174 5166 1430 5238 Romani,
1454 5188 1476 5224 ρ
1511 5166 1619 5223 etc.
1658 5166 1853 5222 Leont.

275 5261 511 5332 Byzant.
541 5246 778 5323 Πρᾶξεὶ,
807 5246 1085 5320 ρθεξιίὸο.

1984 1997 2531 2052 ΓΑΣΤΡΙΜΥΘΟΝ.
2565 1993 2806 2065 Scaliger
2844 1993 3129 2064 legendum
3168 2006 3288 2047 esse
3317 1991 3482 2059 ἐγγα-

1917 2089 2208 2162 στρίμυοον
2234 2102 2375 2144 recte
2410 2089 2543 2142 vidit
2575 2087 2712 2159 (8|).
2737 2085 2874 2142 Cum
2909 2085 3267 2156 Hieronymus
3295 2085 3348 2136 in
3387 2098 3482 2136 ca.

1918 2182 2097 2252 talogo
2146 2181 2317 2236 nostri
2364 2180 2628 2234 librorum
2684 2177 2865 2232 laudet
2895 2177 3091 2231 librum
3130 2177 3195 2229 de
3228 2173 3394 2228 Saulo
3428 2181 3483 2227 et

1917 2271 2264 2342 Pythonissa,
2299 2268 2610 2340 Stephanus
2634 2268 2785 2339 justo
2830 2267 2951 2337 jure
2997 2265 3299 2329 contendit,
3323 2263 3482 2317 libel-

1923 2365 2033 2419 lum
2069 2364 2171 2417 hoc
2215 2362 2376 2416 titulo
2412 2361 2734 2430 inscriptum
2779 2368 3052 2428 spectasse
3086 2355 3153 2410 ad
3196 2354 3485 2425 Pythonis-

1921 2473 2038 2513 sam
2068 2457 2236 2520 illam,
2267 2471 2389 2524 qua:
2416 2454 2566 2510 Sauli
2597 2455 2739 2524 regis
2766 2453 2920 2521 jussu
2955 2449 3225 2506 Samuelis
3252 2448 3497 2503 animam.

1923 2565 1989 2605 ex
2018 2549 2159 2604 Orco
2186 2562 2444 2603 evocasse
2469 2555 2724 2600 narratur
2751 2543 2773 2597 l
2809 2543 2961 2603 Sam.
2992 2557 3112 2613 cap.
3139 2541 3227 2594 28.

1993 2712 2151 2779 Πρὸς
2182 2708 2563 2778 Σεϐηρεῒναν.
2602 2703 2860 2774 Stephan.
2898 2701 3129 2772 conjecit
3176 2699 3490 2754 ΣΕΒΗΡΑΝ

1929 2806 2041 2870 ΛΥ,
2072 2816 2234 2874 atque
2267 2812 2420 2873 putat
2446 2801 2658 2856 Severac
2685 2797 2918 2869 Philippi
2944 2794 3137 2850 Arabis
3170 2793 3323 2848 uxori
3354 2794 3494 2846 hanc

1928 2897 2216 2968 epistolam
2252 2895 2436 2950 datam
2457 2908 2597 2947 esse.

2013 3031 2191 3086 Ὠιδαὶ
2223 3033 2312 3097 εὶς
2341 3030 2542 3096 πάσας
2570 3027 2819 3098 γραφάς.
2854 3026 3048 3081 Mirum
3079 3025 3312 3088 videtur,
3352 3023 3497 3093 quod

1933 3132 2120 3178 noster
2151 3122 2351 3177 dicitur
2388 3121 2455 3176 de
2491 3129 2604 3174 tota
2642 3136 2796 3175 sacra
2829 3119 3108 3188 Scriptura
3152 3117 3235 3174 vel
3264 3117 3331 3172 de
3357 3132 3498 3188 (ιυο-

1935 3231 2042 3285 que
2073 3215 2194 3285 ejus
2237 3213 2380 3269 libro
2426 3212 2680 3267 liomilias
2723 3211 3002 3268 habuisse.
3039 3210 3228 3280 Itaque
3269 3210 3504 3280 conjecit,

1939 3307 2246 3378 Stephanus
2278 3305 2390 3378 (82)
2426 3305 2560 3376 ᾠδαὶ
2603 3306 2684 3368 εἰς
2725 3303 2906 3368 πάσας
2950 3301 3206 3375 αἱρέσεις.
3237 3299 3392 3367 Quod
3422 3299 3501 3354 vi-

1939 3411 2154 3474 tuperat
2180 3402 2323 3457 Cave
2352 3401 2464 3472 (85)
2494 3411 2693 3474 putans
2734 3401 2838 3456 ista
2878 3399 3090 3454 ratione
3121 3399 3386 3468 quadrata
3415 3411 3504 3450 ro-

1938 3498 2123 3554 tundis
2149 3495 2442 3568 permutari
2475 3494 2726 3550 facillime
2750 3507 2930 3563 posse.
2957 3489 3151 3561 Negari
3181 3500 3364 3544 tamen
3392 3503 3504 3543 non

1939 3599 2139 3662 potest,
2169 3589 2579 3645 similitudinem
2625 3601 2748 3642 esse
2793 3585 2933 3640 inter
2969 3584 3175 3638 litteras
3219 3582 3507 3650 utriusque

1942 3684 2091 3739 verb'i
2135 3691 2363 3748 tantam,
2393 3690 2452 3736 ut
2479 3680 2571 3749 qui
2601 3680 2811 3750 primus
2851 3677 3019 3733 edidit
3055 3675 3381 3742 catalogum,
3414 3673 3508 3727 lit-

1947 3774 2077 3829 teris
2109 3773 2165 3828 in
2202 3783 2380 3828 statua
2413 3772 2646 3835 detritis,
2687 3784 2875 3824 errore
2915 3768 3172 3837 deceptus
3221 3767 3310 3820 illa
3345 3765 3510 3819 verba

1945 3865 2104 3922 facile
2131 3874 2473 3921 commutare
2509 3871 2709 3933 posset.
2747 3860 2852 3914 Pro
2891 3859 3035 3931 ᾠδὰς
3075 3861 3154 3922 εἰς
3185 3858 3364 3926 legere
3395 3856 3512 3909 vult

1870 3959 2092 4026 cidem
2143 3955 2451 4026 Stephanus
2499 3954 2655 4026 πρός,
2707 3952 2780 4007 ita
2831 3960 2890 4006 ut
2942 3961 3087 4006 totus
3126 3957 3283 4004 sonet
3322 3947 3511 4001 titulus

1950 4047 2084 4121 πρὸς
2117 4046 2298 4110 πάσας
2331 4044 2430 4109 τὰς
2471 4042 2730 4115 αἱρέσεις.
2768 4041 2924 4108 Quod
2968 4040 3186 4109 quidem
3220 4036 3512 4108 sagacissi-

1950 4155 2138 4206 nmm;
2187 4138 2290 4207 ipsi
2336 4145 2516 4191 tamen
2549 4149 2662 4189 rem
2711 4133 2766 4187 in
2819 4145 3087 4200 suspenso
3128 4128 3511 4198 relinquimus,

1947 4247 2074 4287 cum
2109 4229 2266 4286 nobis
2304 4244 2410 4283 non
2444 4227 2605 4282 liceat
2635 4234 2867 4282 statuam
2913 4223 3086 4292 ipsam
3120 4229 3172 4276 et
3207 4220 3511 4290 catalogum

1949 4326 2002 4379 in
2033 4339 2098 4380 ea
2123 4323 2462 4394 designatum
2493 4317 2779 4390 inspicere.

2027 4458 2100 4514 Ut
2122 4458 2282 4528 plane
2320 4469 2577 4510 mancum
2621 4461 2784 4522 atque
2816 4458 3133 4518 corruptum
3161 4461 3282 4502 esse
3313 4443 3516 4500 catalo-

1955 4568 2082 4625 gum
2117 4551 2172 4605 in
2209 4556 2388 4605 statua
2433 4547 2776 4616 designatum
2811 4542 3204 4610 inteiligamus,
3231 4552 3356 4592 eum
3382 4550 3516 4590 con-

1955 4646 2099 4699 ferre
2140 4642 2317 4712 placet
2365 4654 2491 4696 cum
2539 4636 2804 4706 catalogis
2841 4633 3013 4689 nostri
3042 4632 3325 4695 librorum,
3355 4641 3515 4698 quem

1956 4733 2264 4792 invenimus
2290 4732 2432 4802 apud
2458 4727 2751 4785 Eusebium
2784 4735 2838 4783 et
2865 4725 3272 4796 Hieronymum.

1963 5027 2071 5080 vol.
2109 5026 2149 5091 l,
2179 5026 2230 5078 in
2266 5024 2374 5078 tab.
2413 5039 2473 5087 η,
2513 5037 2574 5088 a,
2612 5028 2735 5091 post
2785 5035 2839 5090 p.
2877 5018 3002 5088 56),
3034 5016 3308 5088 Care.(De
3343 5016 3521 5085 script.

1961 5097 2113 5161 eccl.,
2149 5097 2255 5149 vol.
2281 5097 2324 5160 Ι,
2356 5093 2580 5163 p.104).

2033 5187 2146 5330 (:3);
2182 5184 2240 5242 lu
2269 5199 2530 5242 cauonem
2565 5184 2754 5254 pasch.
2788 5178 3127 5252 ﬂipp.(apnd
3151 5176 3458 5243 Fabr.,vol.
3484 5173 3525 5241 l7,

1962 5275 2016 5331 p.
2055 5275 2157 5330 ιθ).

2036 5351 2148 5422 (80)
2163 5349 2321 5406 Conf.
2339 5358 2574 5406 statuam
2587 5346 2921 5416 designatam
2939 5345 3074 5414 apud
3094 5357 3194 5399 uos
3224 5339 3390 5396 infra.

2043 5444 2154 5513 (81)
2191 5443 2343 5512 Apud
2379 5439 2591 5496 Fabric.
2626 5442 2734 5494 vol.
2757 5440 2800 5506 l,
2829 5455 2882 5509 p.
2915 5437 3004 5492 81.

2045 5534 2152 5604 (82)
2178 5531 2239 5586 L.
2280 5533 2340 5597 1.,
2377 5547 2430 5601 p.
2459 5530 2613 5585 l088.

2048 5629 2158 5701 (85)
2194 5627 2253 5684 L.
2291 5627 2352 5695 1.,
2383 5638 2511 5684 tom.
2547 5625 2588 5693 l,
2617 5641 2668 5696 p.
2712 5624 2828 5680 tua.

352 5368 473 5438 (77)
503 5365 810 5438 Articulum
849 5362 1002 5438 hunc
1028 5351 1563 5438 primumnad'dimus
1592 5363 1658 5438 ex
1703 5359 1856 5438 cont:

281 5416 652 5494 madidas?
671 5416 1262 5506 lii—storico—crijicaﬁdc‘
1273 5422 1338 5506 .S-
1371 5416 1792 5506 HiPl}?!X“,.‘fi_u_‘,

560 5485 920 5576 quain—anno
962 5498 1102 5554 1858
1127 5495 1409 5578 .Goltingae
1436 5485 1605 5545 edidit
1634 5485 1867 5541 Carolus

288 5580 624 5636 Guilielmus
647 5573 872 5636 Haenel,
899 5570 1314 5625 Luchovncnsrs.
1349 5562 1507 5616 Eutr.
1536 5558 1710 5612 Pun.

366 5669 486 5741 (78)
515 5667 838 5741 Catalogum
863 5653 1586 5741 ascripserunt.Gruterus
1607 5646 1871 5741 (piasqu-

302 5715 847 5810 ναῖῐιῖεῐῖεῐιὶὸῗιῐιῖνὶ
867 5715 887 5801 ζ
900 5715 984 5804 τί(
1007 5715 1165 5796 tio),
1200 5723 1481 5782 Fabricius
1523 5715 1678 5792 (opp.
1713 5715 1868 5785 Hipp.
