3986 6358
456 352 564 411 987

1567 467 1809 540 Catalog.
1837 473 1979 540 apud
2010 466 2202 524 Euseb.

1247 540 1327 592 10
1338 538 1427 591 ΥΣ

1246 610 1426 663 ΝΙΑΣ

1566 537 1623 591 In
1652 537 2040 595 Hexaemeron.

457 678 519 736 In
548 680 816 737 Psalmos.

460 751 538 822 _De
568 752 914 822 Pythonissa.

459 820 536 875 De
562 816 858 891 Evangelia
892 818 1197 891 secundum
1228 816 1494 873 Joannem

530 901 585 947 et
611 890 960 962 Apocalypsi.

455 960 535 1016 De
563 960 997 1033 Charismatibus
1029 960 1163 1033 (84).

455 1032 770 1099 Apostolica
797 1031 1039 1085 traditio.

456 1101 767 1157 Chronicon
793 1100 928 1170 (85).

457 1171 659 1226 Contra
689 1168 903 1226 Graecos
928 1177 985 1225 et
1010 1170 1067 1225 in
1096 1168 1376 1226 Platonem
1405 1168 1490 1224 vel

528 1243 691 1295 etiam
721 1240 788 1296 de
810 1240 980 1295 omni.

457 1308 876 1366 Exhortatorius
901 1311 967 1364 ad
996 1308 1330 1365 Severinam.

456 1379 863 1435 Demonstratio
908 1389 1211 1451 temporum
1269 1380 1490 1437 Paschae
1558 1376 1646 1451 De
1662 1376 1874 1451 Pascha
1908 1379 2028 1449 (lib.
2062 1377 2124 1450 ιι)
2165 1394 2341 1435 canon
2366 1380 2595 1451 pascha-

528 1451 983 1518 quemadmodnm
1019 1449 1073 1505 in
1108 1451 1309 1507 tabula.
1636 1449 1723 1502 lis.

454 1516 586 1575 Odia
623 1520 677 1574 in
720 1520 1258 1593 omnes'Scripturas
1283 1520 1496 1593 (adver-
1565 1518 1841 1576 Adversus
1871 1531 2062 1573 omnes
2092 1517 2348 1576 haereses.

531 1606 626 1660 sus
651 1605 844 1647 omnes
878 1592 1155 1660 haereses).

454 1659 536 1716 De
566 1658 674 1715 Deo
696 1670 751 1715 et
771 1660 951 1717 carnis
971 1658 1386 1723 resurrectione.

454 1729 535 1787 De
562 1730 704 1791 bono
730 1740 785 1788 et
812 1731 955 1788 unde
975 1732 1200 1789 malum.

1564 1798 1623 1853 in
1654 1797 1939 1853 Canticum
1973 1806 2119 1852 cant.

1429 350 1520 407 DE
1565 350 1722 406 VlTA
1759 350 1848 406 ET
1886 349 2196 407 SCRIPTIS
2232 349 2295 407 S.
2331 347 2710 407 HiPPOLYTl.

1639 688 1722 734 tra
1747 679 2125 750 Marcionem).

1562 1096 1638 1154 De
1666 1096 1876 1171 Pascha
1906 1098 2023 1168 (lib.
2050 1098 2112 1170 ι).

2671 464 2825 536 Apud
2857 463 3161 533 Hieronym.

2672 534 2691 588 Ι
2699 534 2730 588 n
2764 534 3155 589 Hexaemeron.

1567 606 1624 662 In
1653 625 1715 663 ea
1741 624 1864 677 quae
1895 618 2017 679 post
2047 606 2415 669 Hexaemeron
2448 608 2593 676 (con—
2672 604 2895 679 (_C0r_ltra
2922 599 3295 679 Marcion!!!)-

2674 675 2748 728 De
2771 673 3023 729 Psalmis.

2672 743 2749 825 9e
2776 742 3021 825 §aulo_et
3039 740 3384 825 Pythonissa.

2672 813 2749 869 De
2769 813 3114 886 Apocalypsi.

2672 1094 3001 1166 Temporum
3031 1107 3289 1150 canones.

2672 1376 2745 1433 De
2766 1375 3000 1444 Pascha,
3022 1389 3197 1431 canon
3220 1371 3514 1446 paschalis.

2668 1516 2944 1572 Adversus
2976 1531 3167 1573 onines
3189 1516 3445 1573 haereses.

2670 1656 2746 1713 De
2777 1656 3196 1714 resurrectione.

2670 1795 2729 1852 ln
2758 1795 2967 1854 Cantic.
2993 1798 3189 1854 cantic.

1563 1869 1619 1923 In
1677 1867 1883 1938 partem
1945 1867 2237 1940 quamdam
2297 1866 2599 1927 Ezechielis

1630 1940 1927 2013 prophetae.

974 2620 1381 2679 iARTlCULUS
1416 2622 1479 2677 ll.

452 2726 505 2768 8ο
544 2726 821 2769 HIPPOLYTI
871 2730 1023 2768 LIBER
1077 2728 1168 2771 CUI
1215 2731 1448 2770 Tl'l'llLUS
1488 2733 1502 2769 Ξ
1550 2732 1569 2765 ι
1616 2724 2026 2769 DEIONSTRA'I‘IO

776 2800 844 2838 DE
877 2800 1107 2843 CHRISTo
1144 2802 1213 2841 ΕΤ
1249 2800 1623 2841 Δητιοιιιιιδτο.
1672 2803 1691 2836 ι

526 2894 767 2951 Plurima
826 2896 1429 2968 scripsittHippolytus,
1470 2895 1728 2961 Eusebio,
1766 2893 2027 2965 Hierony~

452 3005 568 3054 mo,
596 2989 794 3045 Photio
823 2991 1052 3061 aliisque
1082 2999 1401 3045 memerata.
1436 2990 1692 3057 Quaedam
1730 3003 1917 3043 eorum
1958 2988 2027 3042 ad

449 3097 555 3137 nos
604 3089 1000 3152 pervenerunt;
1063 3082 1341 3152 plerisque
1391 3089 1572 3135 autent
1622 3096 1720 3151 per
1769 3079 2024 3148 injuriam

450 3181 759 3242 temporum
795 3188 941 3228 nunc
980 3187 1270 3241 caremus;
1328 3182 1424 3229 aut
1468 3173 1775 3243 fragmenta
1814 3180 2026 3225 tantum

449 3270 769 3334 supersunt,
796 3278 917 3333 quae
948 3279 1073 3318 eum
1120 3262 1175 3318 in
1213 3264 1373 3319 editis
1409 3264 1585 3331 libris,
1620 3271 1735 3317 tum
1783 3263 1838 3316 in
1877 3261 2029 3317 codi-

448 3357 611 3412 cibus
679 3357 1068 3428 manuscriptis
1120 3356 1408 3413 habentur.
1458 3356 1598 3412 Sunt
1630 3371 1848 3427 quoque
1892 3372 2027 3410 non-

448 3445 627 3508 nulla,
660 3461 781 3516 quae
807 3443 1075 3518 Hippolyti
1110 3447 1332 3516 quidem
1362 3461 1559 3501 nomen
1589 3461 1700 3516 pra:
1722 3463 1780 3501 se
1812 3445 2022 3512 ferunt;

448 3538 671 3596 illorum
704 3550 883 3594 autem
909 3556 972 3595 ea
1004 3548 1086 3593 est
1117 3540 1276 3604 ratio,
1305 3548 1363 3594 ut
1409 3549 1553 3594 recte
1579 3539 1777 3594 eruditi
1813 3539 2023 3607 viriju-

449 3631 774 3698 dicaverint,
800 3632 902 3688 ista
930 3633 1112 3687 minus
1136 3633 1435 3702 composita
1460 3648 1580 3688 esse
1607 3634 1675 3687 ab
1702 3631 2022 3703 Hippolyto,

447 3724 549 3784 sed
583 3725 635 3778 in
667 3725 824 3779 libris
856 3724 1038 3780 dubiis
1070 3739 1133 3780 ac
1168 3725 1465 3796 suppositis
1496 3726 1772 3780 numerari
1804 3727 2021 3781 debere.

523 3814 591 3871 Et
633 3819 868 3887 primum
902 3817 1117 3888 quidem
1162 3817 1341 3872 locum
1408 3818 1551 3873 inter
1589 3832 1754 3887 Opera
1815 3817 2024 3888 integra

452 3923 550 3966 seu
579 3910 843 3981 ampliora
876 3908 933 3964 S.
968 3908 1243 3982 Hippolyti
1288 3908 1499 3967 obtinet
1531 3907 1924 3964 Demonstratio
1960 3910 2024 3963 de

453 4000 666 4058 Christo
717 4012 768 4057 et
813 4002 1160 4067 Anticliristo,
1204 4001 1362 4071 cujus
1415 4002 1711 4056 meminere
1747 4000 2025 4074 Hierony-

452 4109 597 4161 mus,
631 4095 875 4150 Andreas
920 4094 1296 4160 Czesariensis,
1340 4092 1645 4149 Germanus
1692 4093 1820 4161 CP.,
1855 4093 2024 4149 Joano

450 4202 554 4243 nes
592 4187 979 4252 Damascenus,
1011 4199 1066 4242 et
1096 4184 1365 4254 Photius;
1401 4202 1703 4255 eorumque
1738 4187 1854 4241 loca
1890 4188 2027 4241 inl‘e-

451 4279 570 4334 rius
611 4278 751 4333 inter
791 4288 1034 4334 veterum
1074 4280 1388 4337 testimonia
1431 4279 1650 4350 scriptis
1695 4277 2025 4350 Hippulyteis

450 4360 715 4439 praemisit
736 4367 798 4424 C.
825 4368 889 4426 Ἰ.
924 4370 1239 4427 Gallandins
1267 4371 1412 4443 (86);
1449 4381 1506 4426 ut
1528 4379 1809 4442 propterea
1839 4372 2023 4427 mirari

451 4461 647 4517 subeat
701 4460 955 4532 Basnagii
1019 4464 1445 4523 conﬁdentiam.
1516 4464 1609 4534 qui
1670 4464 2022 4533 antiquorum

452 4550 781 4621 scriptorum
837 4552 942 4609 ﬁde
999 4552 1331 4621 posthabita,
1384 4554 1629 4608 omnium
1684 4557 2025 4610 eruditorum

451 4642 664 4699 calculo
698 4643 1088 4714 comprobata,
1138 4645 1386 4715 ﬁctitium
1442 4644 1788 4716 Hippolytum
1837 4649 2024 4718 appel-

450 4732 529 4787 lat
573 4731 683 4803 (87)
725 4733 892 4804 hujus
931 4734 1407 4795 Demonstrationis
1450 4747 1749 4792 auctorem.
1802 4738 2022 4797 Utinam

450 4837 582 4878 vero
608 4823 829 4895 legisset
860 4825 969 4890 ille,
1018 4826 1503 4897 perpendissetque
1548 4827 1822 4882 sincerum
1860 4830 2022 4898 primi

451 4915 675 4972 editoris
719 4915 1007 4986 judicium,
1053 4918 1149 4988 qui
1190 4934 1321 4975 sane
1376 4920 1476 4975 sibi
1525 4929 1812 4988 suspectus
1879 4921 2024 4977 haud

448 5019 575 5071 esse
594 5005 718 5076 jure
745 5012 981 5076 poterat.
1018 5004 1112 5064 Sic
1144 5007 1308 5079 igitur
1339 5007 1550 5064 Gudius
1574 5008 1683 5081 (88)
1715 5026 1727 5062 :
1779 5009 2024 5068 rlllustre

526 5183 638 5256 (84)
670 5182 921 5240 Neander
964 5186 1048 5239 vir
1091 5185 1443 5240 doctissimus
1487 5187 1730 5255 dubitat,
1781 5205 1911 5243 num
1957 5191 2023 5246 de

450 5256 877 5313 charismatibus
904 5264 958 5310 et
983 5257 1049 5325 de
1073 5257 1367 5325 apostolica
1403 5259 1696 5313 traditione
1740 5259 1793 5313 in
1824 5261 2017 5315 eodem

2665 2015 2722 2071 In
2749 2015 3016 2071 Exodum.

2666 2084 2721 2141 In
2752 2086 3006 2141 Genesin.

2665 2154 2721 2210 In
2752 2156 3092 2211 Zachariam.

2665 2226 2721 2280 in
2747 2228 2960 2281 Isaiam.

2664 2295 2738 2350 De
2770 2296 3005 2351 Daniele.

2664 2365 2740 2421 De
2764 2366 3092 2421 Proverbiis.

2666 2435 2742 2491 De
2777 2436 3124 2492 Ecclesiaste.

2667 2505 2742 2561 De
2762 2507 3122 2562 Antichristo.

2052 2623 2102 2681 Α
2134 2618 2309 2675 Photii
2343 2620 2714 2678 testimonium
2764 2624 2993 2680 libenter
3036 2620 3445 2693 adiungendum
3485 2620 3709 2675 curavi-

2129 2729 2253 2768 mus
2285 2711 2398 2782 (89)
2421 2729 2435 2778 ;
2462 2722 2521 2766 ut
2543 2714 2589 2768 si
2619 2716 2873 2772 lectorem
2905 2716 3203 2771 oll‘enderet
3232 2715 3286 2768 in
3311 2714 3413 2768 hoc
3438 2714 3710 2782 opusculo

2127 2806 2538 2876 cogitationum,
2581 2807 2860 2879 ipsiusque
2901 2806 3165 2863 orationis
3191 2805 3533 2875 simplicitas,
3568 2805 3709 2860 nihil

2126 2906 2410 2966 propterea
2445 2899 2720 2954 dubitaret
2750 2899 2879 2968 περὶ
2916 2900 3017 2969 τῆς
3057 2898 3426 2970 γνησιότητος.
3473 2896 3709 2951 Photius

2128 2990 2308 3043 libello
2342 2999 2531 3045 nostro
2562 3000 2820 3061 tanquam
2858 2992 3122 3062 insignem
3160 3000 3344 3046 notam
3395 2989 3621 3058 apponit
3646 2990 3708 3041 τὸ
3736 3029 3742 3034 .

2126 3081 2233 3135 τῶν
2263 3084 2549 3154 νοημάτων
2596 3083 2984 3153 ἁπλούστερον.
3021 3081 3087 3136 Ει
3131 3082 3392 3152 profecto,
3441 3081 3707 3151 quidquid

2128 3172 2415 3247 Hippolyto
2436 3176 2727 3243 tribuebat,
2756 3175 2984 3231 miriﬁce
3017 3176 3328 3246 respondet.
3368 3194 3387 3229 ι

2197 3265 2293 3323 His
2325 3278 2506 3323 autem
2543 3268 2613 3326 de
2667 3268 2847 3339 operis
2895 3267 3204 3340 integritate
3260 3265 3484 3332 habitis,
3528 3264 3709 3336 pergit

2128 3358 2356 3422 Gudius,
2382 3368 2545 3429 atque
2578 3359 2646 3414 de
2669 3359 2813 3415 illius
2840 3359 3001 3414 titulo
3026 3358 3176 3413 hisce
3199 3355 3379 3412 verbis
3406 3356 3662 3412 edisserit
3691 3371 3707 3408 :

2132 3469 2151 3503 ε
2176 3450 2280 3505 Sed
2306 3465 2413 3504 non
2439 3451 2735 3506 omittenda
2766 3459 2851 3505 est
2888 3450 3198 3521 inscriptio,
3216 3465 3382 3520 quam
3411 3462 3705 3503 conserva-

2126 3541 2202 3594 vit
2227 3539 2366 3595 idem
2398 3539 2659 3597 Photius:
2686 3541 2829 3609 Περὶ
2864 3540 3123 3609 Χριστοῦ
3145 3540 3243 3594 καὶ
3284 3538 3709 3607 Ἀντιχριστοῦ.

2128 3633 2363 3704 Uterque
2387 3635 2553 3689 codex
2588 3634 2873 3691 Bernensis
2896 3643 2951 3690 et
2980 3632 3347 3697 Ebroicensis,
3389 3633 3533 3686 unde
3564 3648 3708 3700 opus

2124 3730 2478 3798 descriptum,
2531 3729 2782 3785 similiter
2830 3746 2843 3782 :
2882 3727 3023 3795 Περὶ
3063 3727 3169 3782 τοῦ
3218 3724 3492 3794 Σωτῆρος
3532 3723 3706 3793 ἡμῶν

2139 3822 2331 3890 Ἰησοῦ
2358 3821 2637 3892 Χριστοῦ,
2668 3819 2769 3876 καὶ
2806 3820 2939 3888 περὶ
2970 3818 3078 3873 τοῦ
3134 3818 3555 3888 Ἀντιχριστοῦ.
3593 3816 3710 3887 Ego

2127 3928 2256 3967 vero
2285 3913 2512 3969 discessi
2542 3912 2756 3983 magnis
2799 3893 3123 3967 rationibus.
3170 3907 3294 3964 Non
3336 3908 3483 3963 enim
3542 3908 3709 3962 debe-

2128 4007 2254 4061 bam
2307 4007 2641 4062 conscientia
2687 4004 3003 4072 convietus,
3061 4003 3408 4059 librariorum
3461 4014 3707 4055 errorem

2130 4107 2293 4167 atque
2326 4097 2685 4168 ignorantiam
2715 4096 3094 4168 superstitiose
3136 4105 3458 4163 propagare.
3503 4088 3708 4160 Hippo-

2132 4185 2274 4256 lytus
2326 4202 2546 4241 causam
2597 4187 2741 4242 dicet
2787 4186 3111 4243 necessaria:
3150 4182 3489 4245 mutationis,
3546 4182 3707 4249 cujus

2128 4277 2293 4332 verba
2318 4287 2478 4332 sunt:
2519 4277 2707 4332 Verum
2747 4280 2997 4350 quoniam
3047 4277 3167 4347 jam
3217 4285 3416 4345 tempus
3452 4284 3601 4345 urget
3632 4276 3706 4328 ad

2130 4386 2213 4434 ea,
2243 4386 2359 4439 qua:
2398 4370 2546 4425 nobis
2590 4382 2900 4441 argumento
2921 4370 3193 4441 proposita
3223 4378 3365 4436 sunt,
3394 4383 3512 4421 cum
3557 4369 3699 4437 suﬁ-

2131 4460 2296 4522 eiant,
2327 4476 2446 4529 qua:
2472 4461 2527 4513 in
2559 4461 2780 4515 exordio
2823 4461 2891 4515 ad
2923 4461 3021 4516 Dei
3069 4459 3293 4531 gloriam
3320 4457 3703 4529 peroraoimus,

2132 4567 2339 4621 wquum
2363 4563 2461 4617 est,
2486 4562 2543 4607 ut
2575 4554 2930 4626 aggredientes
2958 4554 3099 4623 ipsas
3131 4551 3337 4606 divinas
3375 4548 3704 4619 Scripturas,

2128 4658 2194 4697 ea:
2219 4641 2327 4696 illis
2350 4642 2639 4712 videamus,
2683 4645 2800 4715 quis
2835 4655 2883 4699 et
2930 4644 3103 4716 qualis
3146 4640 3463 4696 Antichristi
3504 4641 3703 4695 adven-

2132 4744 2216 4789 tus
2242 4732 2374 4804 (00).
2404 4734 2545 4801 Quid
2585 4751 2732 4791 nunc
2754 4744 2839 4792 est
2861 4735 3122 4806 apertius,
3152 4750 3318 4804 quam
3354 4748 3465 4787 non
3509 4731 3578 4786 ad
3608 4747 3703 4785 ar-

2130 4835 2447 4895 gumentum
2485 4826 2774 4895 pertinere,
2802 4843 2923 4898 quae
2938 4828 3004 4882 de
3029 4825 3248 4882 Christo
3279 4823 3528 4878 dixerat?
3555 4821 3704 4876 Nihil

2129 4931 2189 4970 se
2221 4915 2459 4985 protiteri
2506 4918 2822 4987 planissime
2873 4925 3124 4982 testatur,
3156 4928 3518 4987 praeterquam
3544 4914 3703 4967 Anti-

2128 5008 2319 5063 christi
2342 5008 2890 5065 demonstrationem.
2919 5009 3220 5066 Credamus
3265 5007 3477 5064 auctori
3519 5009 3703 5078 potius

2164 5186 2312 5311 .3852
2348 5185 2515 5241 Tituli
2544 5186 2602 5241 h.
2628 5186 2666 5242 l.
2700 5187 2883 5243 collati
2905 5188 3159 5244 eumdem
3188 5186 3388 5242 librum
3413 5184 3704 5256 designare

2164 5273 2179 5310 ι
2218 5274 2283 5310 en
2315 5274 2398 5311 ιη’.
2756 5281 2763 5287 ⁸

2127 5272 2398 5315 νιαρηιιιῑ.
2756 5281 2763 5287 ’

449 5326 593 5403 libro
619 5326 978 5403 disputaverit
1011 5320 1223 5403 llip'pol.
1256 5328 1316 5380 In
1346 5328 1559 5382 duobus
1595 5344 1720 5403 vero
1769 5330 1922 5403 libris
1954 5347 2018 5386 ea
2046 5330 2090 5389 C
2140 5398 2153 5403 _
2173 5328 2306 5403 _(_86)
2340 5326 2612 5392 Galland.,
2637 5325 2894 5385 Biblioth.
2943 5327 3087 5393 PP.,
3116 5336 3251 5384 tom.
3302 5326 3369 5394 li,
3399 5341 3523 5398 pag.
3563 5320 3695 5389 4η,

449 5398 518 5457 de
550 5413 609 5451 re
640 5397 790 5468 illum
821 5396 1147 5468 disseruisse
1178 5406 1329 5466 puto,
1354 5414 1476 5451 cum
1513 5413 1620 5453 non
1644 5400 1853 5468 legatur
1883 5402 2023 5455 ἁπο-

452 5466 675 5539 ςτολικὴ
708 5466 1009 5539 παράδοσις
1028 5467 1157 5538 περὶ
1183 5469 1556 5539 χαρισμάτων,
1586 5471 1678 5525 sed
1699 5466 1821 5524 ilice
1846 5487 2019 5526 versa.

452 5536 532 5592 De
557 5536 756 5605 quibus
792 5536 950 5592 libris
997 5536 1162 5593 latius
1185 5536 1373 5662 atque
1413 5538 1590 5595 fusius
1624 5540 1867 5610 disputat
1898 5541 2021 5596 Ste-

452 5608 698 5662 nhanus:
728 5609 961 5662 aliorum
990 5609 1236 5662 virorum
1305 5617 1552 5662 octorum
1584 5610 1687 5662 hac
1721 5612 1788 5662 de
1814 5627 1873 5662 re
1900 5627 2021 5662 sen-

450 5608 698 5677 phanus;
728 5609 961 5663 aliorum
990 5609 1236 5663 virorum
1267 5608 1552 5664 doctorum
1584 5610 1687 5665 hac
1713 5608 1788 5666 'de
1814 5627 1873 5665 re
1900 5627 2024 5666 sen-

453 5678 637 5750 t_entiaa
662 5680 928 5750 leguntur
946 5679 1114 5750 _apud
1140 5677 1509 5750 fabricium.
1543 5689 1674 5734 tom.
1711 5679 1754 5747 1,
1786 5697 1905 5750 pag.
1932 5682 2019 5735 8⁵5.

450 5745 895 5874 ξὲἑιΐὶθιζθύῐὶεἱί
938 5745 1079 5806 Bibl.
1126 5747 1295 5805 erc.
1339 5752 1426 5806 ed.
1471 5745 1882 5821 Harless.,’\'ol.'
1910 5751 2019 5819 νη,

453 5831 727 5891 pag.18:.

2126 5398 2310 5539 Μῗ87)
2338 5469 2594 5541 Basnag.,
2633 5468 2920 5524 Animadv.
2962 5469 3028 5524 ad
3074 5466 3254 5525 tom.l
3289 5466 3547 5523 Thesauri
3595 5464 3702 5521 Ca-

2140 5542 2649 5664 mlsé’ngudiPanud
2678 5607 2891 5664 Fabric.
2922 5620 3056 5664 tom.
3082 5608 3101 5662 ι
3127 5608 3267 5664 Onn.
3296 5608 3356 5664 S.
3398 5607 3671 5664 Hinnolvti

2198 5610 2309 5685 (88)
2339 5607 2480 5666 Gud.
2505 5609 2649 5683 apud
2678 5607 2891 5664 Fabric.
2922 5620 3056 5664 tom.
3082 5608 3101 5662 l
3127 5608 3267 5681 Opp.
3296 5608 3356 5664 S.
3398 5607 3705 5685 Hippolyti,

2167 5697 2231 5735 33

2201 5719 2529 5829 ἷξρῖξὴομ
2564 5748 2814 5829 Biblioth.
2846 5749 2966 5804 cod.
3001 5766 3127 5808 ccu.

2202 5821 2311 5893 (90)
2346 5820 2417 5874 De
2448 5822 2682 5874 Anticlir.
2716 5835 2835 5890 cap.
2870 5835 2919 5873 v.
