3942 6346
1154 340 1241 400 os
1276 340 1437 400 vm
1475 332 1567 398 Er
1611 340 1925 400 sumens
1959 340 2016 395 s.
2053 322 2437 396 utPPOLYT‘t.
2977 322 2989 338 '
3112 342 3139 367 -

3090 216 3123 235 ’⁵

3328 335 3438 393 290

190 476 354 529 quam
404 462 627 527 Photio,
682 464 772 519 cui
817 458 1169 520 librariorum
1203 474 1394 536 stupor
1425 464 1603 521 fraudi
1635 463 1757 521 fuit.
1775 478 1837 533 ,Α
1865 462 1961 532 qui
1993 476 2115 531 quae
2153 461 2425 533 ignorant,
2452 458 2858 531 blasphemant,
2911 456 3003 514 sed
3029 458 3155 512 cum
3180 455 3436 513 fidelibus

194 551 357 607 Error
382 554 437 607 in
467 554 570 610 hac
597 556 878 627 ἐπιγραφῇ
912 556 1189 626 antiquior
1218 566 1304 612 est
1324 557 1652 627 octingentis
1672 571 1769 610 an-

198 644 299 700 nis.
330 642 434 699 Sed
459 645 667 701 erroris
703 654 971 700 vetustate
1005 662 1112 699 non
1139 661 1443 702 movemur.
1459 643 1595 700 Nam
1621 643 1767 700 Pho-

205 739 277 792 εἰσ
300 746 490 791 testem
524 736 631 792 ﬁde
659 746 823 807 atque
846 747 1005 792 aetate
1035 738 1194 807 longe
1227 737 1566 808 superiorem
1595 751 1767 806 oppo-

210 830 379 883 nimus
430 827 868 899 llieronymum,
934 829 1092 899 cujus
1150 830 1532 885 auctoritatem
1585 829 1768 900 magni

215 938 409 991 semper
440 921 606 977 facio.
638 921 731 978 lllc
763 932 944 978 autem
978 923 1220 979 laudavit
1265 924 1454 989 ἁπλῶς
1489 940 1769 981 commen-

220 1016 456 1070 tationem
487 1014 558 1070 de
586 1016 941 1074 Antichristo.
975 1016 1089 1072 Hoc
1108 1019 1166 1071 ὲν
1191 1017 1407 1089 παρόδῳ
1439 1017 1767 1073 monendum

217 1106 320 1170 fuit,
350 1121 419 1161 ne
447 1108 576 1176 quis
613 1123 714 1162 nos
738 1107 964 1178 juvenili
993 1109 1298 1164 temeritate
1322 1111 1375 1163 in
1405 1110 1575 1164 libros
1600 1125 1769 1163 manu

217 1207 449 1254 exaratos
480 1199 721 1269 grassari
745 1201 1134 1270 suspicaretur.
1173 1220 1192 1254 ι
1223 1200 1499 1256 Hactenus
1526 1199 1766 1256 Gudius:

217 1290 353 1360 cujus
383 1300 570 1347 tamen
625 1293 897 1348 sententia
944 1293 1126 1349 minus
1180 1294 1442 1364 probatur
1501 1291 1771 1349 Combeli-

218 1384 285 1437 sio
306 1382 451 1452 (9|);
484 1398 723 1454 eumque
750 1384 977 1455 proinde
1003 1396 1125 1440 cum
1153 1384 1409 1441 Fabricio
1436 1384 1547 1456 (92)
1571 1395 1625 1441 et
1645 1384 1771 1441 Gal-

216 1474 379 1528 landio
413 1475 531 1544 (93)
563 1491 664 1530 nos
688 1491 909 1546 quoque
944 1489 1303 1532 assectamur.
1345 1474 1576 1532 Notante
1624 1478 1770 1532 enim

216 1565 550 1632 Combefisio,
570 1584 696 1623 cum
723 1584 783 1624 se
803 1567 1129 1641 Hippolytus
1164 1570 1441 1627 dicturum
1461 1571 1769 1642 pollicetur,

215 1660 270 1714 de
291 1657 584 1713 revelando
613 1657 818 1715 Christi
845 1660 1077 1715 adventu
1097 1701 1113 1725 ,
1149 1660 1217 1717 de
1240 1661 1415 1728 cmlo,
1464 1661 1533 1717 de
1566 1671 1774 1717 sancto-

217 1766 318 1804 rum
345 1765 473 1804 cum
514 1748 740 1807 Christo
775 1767 975 1823 regno,
1014 1768 1251 1824 cumque
1295 1761 1411 1809 tota
1450 1756 1773 1811 tractatione

1874 552 1930 606 in
1987 551 2300 617 sanctitate,
2355 549 2565 618 justitia
2613 558 2668 604 et
2714 552 2911 604 timore
2972 547 3069 602 Dei
3110 547 3441 613 viventibus,

1869 640 2239 699 communicet
2273 640 2407 711 (95).
2437 641 2741 710 Antequam
2769 654 2896 694 vero
2929 639 2998 693 ad
3033 647 3327 694 tractatum
3359 638 3442 696 De

1870 729 2197 785 Antichristo
2229 738 2420 798 pergat
2458 726 2517 782 S.
2550 726 2902 799 Hippolytus‘,
2926 726 3078 796 prius
3122 727 3261 783 duas
3306 726 3446 783 alias

1869 818 2199 890 quaestiones
2255 816 2358 872 sibi
2398 816 2686 872 solvendas
2737 817 3018 887 proponit:
3051 816 3260 873 scilicet
3304 821 3445 888 queo

1869 910 2035 967 modo
2065 909 2162 965 Dei
2190 906 2428 963 Verbum
2456 917 2585 963 ante
2615 907 3043 963 incarnationem
3073 923 3133 964 se
3166 908 3448 979 prophetis

1870 1003 2347 1060 manifestaverit?
2379 1011 2432 1057 et
2463 1001 2589 1056 dein
2616 1000 2893 1072 quomodo
2920 1002 3061 1055 idem
3087 1000 3322 1056 Verbum
3350 1001 3448 1057 Dei

1869 1110 1969 1165 per
1990 1093 2419 1149 incarnationem
2454 1090 2659 1146 factum
2703 1090 2777 1145 sit
2808 1104 2999 1145 servus
3035 1090 3172 1145 Dei?
3203 1090 3446 1146 Primam

1872 1187 2226 1259 quaestionem
2267 1185 2429 1241 solvit
2473 1183 2637 1239 ducta
2700 1184 3108 1253 comparatione
3141 1182 3209 1237 ab
3246 1184 3449 1240 instrue

1872 1289 2058 1335 mento
2085 1279 2318 1343 musico,
2349 1278 2533 1346 aitque
2558 1274 2849 1345 prophetas
2872 1290 2995 1330 esse
3024 1277 3198 1329 instar
3214 1275 3450 1329 chorda-

1872 1387 2017 1437 rum,
2043 1379 2098 1425 et
2128 1368 2365 1425 Verbum
2397 1367 2564 1422 veluti
2596 1366 2882 1436 plectrum,
2913 1366 3071 1436 cujus
3100 1376 3251 1422 motu
3284 1377 3447 1438 atque

1871 1462 2107 1533 impulsu
2137 1460 2412 1532 incognita
2438 1459 2713 1529 propheta:
2741 1458 2864 1513 aliis
2890 1458 3209 1513 hominibus
3230 1474 3448 1514 annun-

1872 1556 2070 1610 tiarent
2099 1552 2233 1625 (96).
2262 1554 2535 1619 Quantum
2577 1552 2643 1606 ad
2674 1553 2901 1607 alteram
2942 1553 3322 1622 quaestionem,
3362 1569 3451 1608 re-

1873 1647 2103 1716 spondet
2147 1644 2447 1714 Theophilo
2479 1642 2537 1698 S.
2593 1642 2958 1715 Hippolytus:
3012 1644 3152 1710 Quia
3223 1642 3450 1701 Verbum

1872 1754 2024 1791 suam
2067 1736 2487 1791 misericordiam
2513 1774 2529 1800 ,
2564 1744 2614 1788 et
2644 1735 2781 1805 quod
2822 1736 3036 1790 minime
3089 1748 3333 1807 acceptor
3371 1736 3453 1791 est

216 1842 599 1897 Λουειπίεωιη
634 1822 859 1898 curis“,
889 1853 1131 1915 opponat
1205 1860 1315 1900 non
1355 1845 1430 1900 in
1478 1846 1619 1900 male
1662 1846 1775 1903 sive
1804 1822 1848 1878 B
1874 1844 2239 1899 personarum,
2290 1843 2383 1897 per
2427 1843 2603 1882 omnes
2623 1836 2834 1881 sanctos
2866 1826 3113 1895 ostendit,
3136 1826 3451 1884 illuminaris

216 1936 546 2006 Hippolytus,
574 1936 692 1991 sive
715 1936 895 2006 quivis
926 1937 1089 2000 alius,
1115 1938 1455 2008 praznotavit,
1480 1938 1616 2010 Περὶ
1644 1940 1783 2011 Χρι-

214 2024 317 2077 που]
345 2025 446 2078 καὶ
496 2024 892 2096 ’Δντιχριστοῦ.
918 2025 1075 2093 Quod
1101 2027 1171 2082 ita
1195 2037 1317 2097 post
1340 2027 1667 2085 Photianum
1692 2046 1780 2086 co-

209 2116 372 2170 dicem
417 2116 597 2170 etiam
649 2117 686 2171 ii
714 2126 1140 2187 repraesentant,
1172 2135 1237 2173 ex
1284 2120 1482 2189 quibus
1519 2136 1778 2191 expressa

205 2206 354 2261 Gntlii
387 2208 607 2263 editio:
642 2209 843 2279 quibus
875 2210 1100 2279 proinde
1130 2211 1299 2266 malui
1332 2212 1595 2268 inhaerere
1613 2230 1776 2284 quam

198 2298 310 2366 ejus
340 2297 649 2351 mutationi
680 2296 917 2353 deferre.
950 2297 1340 2371 Hieronymum
1369 2301 1548 2371 (cujus
1571 2310 1628 2357 et
1665 2302 1781 2372 ipse

200 2388 379 2455 magni
437 2387 828 2442 auctoritatem
866 2386 1038 2457 facio)
1097 2389 1371 2444 adversari
1427 2390 1623 2447 Photio
1669 2407 1781 2446 non

196 2476 352 2532 facile
380 2476 655 2544 dixerim,
686 2478 831 2548 quod
857 2477 1128 2550 Hippolyti
1160 2479 1315 2549 plura
1339 2481 1678 2537 recensendo
1708 2482 1785 2536 De

196 2568 536 2621 Autichristo
563 2569 908 2624 solummodo
938 2569 1156 2624 dixerit.
1174 2569 1400 2640 Nempe,
1424 2588 1524 2627 nec
1539 2573 1605 2628 de
1622 2573 1784 2628 Chri-

200 2669 282 2712 sto
318 2658 580 2728 negavit,
606 2658 700 2714 sed
732 2658 811 2714 sic
842 2675 1055 2714 summa
1076 2701 1091 2725 ,
1139 2661 1283 2715 unde
1328 2671 1591 2719 tractatus
1640 2674 1786 2720 esset

200 2750 383 2804 notior
404 2790 423 2813 ,
460 2749 755 2818 ascripsit;
789 2748 1014 2807 Photius
1047 2766 1112 2805 ex
1144 2751 1332 2807 codice
1358 2753 1626 2824 integrum
1655 2756 1786 2810 titu-

201 2840 314 2892 lum
348 2840 654 2894 recensuit.
686 2839 888 2894 Deinde
939 2856 1004 2895 eo
1024 2851 1233 2910 spectat
1256 2852 1368 2897 tota
1405 2845 1653 2899 tractatio
1674 2886 1688 2909 ,
1728 2855 1788 2900 ut

206 2931 538 2986 Antichristi
561 2947 630 2985 ex
657 2930 956 3001 Scripturis
981 2934 1447 2990 demonstratione
1470 2937 1538 2991 ab
1559 2953 1625 2991 eo
1656 2937 1788 2992 iide-

210 3024 351 3078 libus
376 3033 602 3089 caveat,
620 3032 674 3078 et
693 3023 913 3079 Christo
943 3026 1223 3097 adjungat,
1253 3027 1649 3098 amborumque
1672 3029 1788 3084 dis-

210 3117 418 3170 crimen
492 3130 622 3172 eum
650 3116 706 3171 in
733 3117 894 3171 tinem
918 3119 1155 3187 aperiat;
1184 3117 1329 3187 quod
1366 3117 1641 3174 Christum
1678 3136 1786 3174 non

212 3207 477 3270 excludit,
507 3222 577 3261 ne
606 3206 725 3277 ipse
748 3222 877 3277 pars
917 3210 1220 3278 argumenti
1253 3209 1498 3264 videatur
1524 3250 1540 3276 ,
1569 3217 1623 3264 et
1666 3210 1789 3265 linis

217 3298 489 3366 genuinus
526 3306 693 3368 atque
741 3299 994 3369 pr0prius
1036 3300 1406 3366 tractationis,
1456 3316 1565 3355 non
1613 3302 1789 3358 solum

219 3391 583 3446 extrinsecus.

282 3480 435 3551 Opus
468 3481 616 3535 istud
640 3481 837 3535 litteris
853 3483 1194 3552 consignavit
1221 3491 1445 3538 sanctus
1473 3481 1657 3549 Pater,
1704 3500 1792 3539 ro-

219 3582 427 3641 gatusa
461 3574 700 3641 quodam
749 3572 1068 3643 TheOphilo,
1098 3591 1335 3644 quocum
1371 3578 1438 3631 de
1467 3579 1653 3632 eodem
1705 3595 1795 3633 ar-

214 3670 485 3731 gumento
518 3660 701 3716 fuerat
721 3672 845 3716 ante
870 3663 1206 3729 collocutus;
1244 3665 1456 3735 ipsique
1486 3677 1789 3736 propterea,

215 3767 381 3821 quem
417 3750 808 3806 charissimum
837 3751 1057 3806 fratrem
1093 3755 1358 3823 appellat,
1389 3755 1591 3810 librum
1634 3773 1791 3812 suum

214 3849 528 3911 nuncupat.
554 3842 618 3893 In
641 3856 707 3896 eo
730 3851 933 3900 autem.
956 3842 1139 3912 judice
1168 3841 1383 3911 Photio,
1413 3854 1473 3900 ut
1503 3847 1664 3901 modo
1698 3863 1795 3901 au-

212 3932 485 3995 divimus,
531 3940 748 3987 servata
781 3948 1040 3988 sensuum
1072 3935 1390 4005 simplicitas
1416 3952 1480 3992 ac
1520 3942 1795 4005 vetustas;

216 4039 394 4095 genus
456 4037 590 4077 vero
634 4024 845 4079 dicendi
910 4026 1116 4080 clarum
1167 4028 1221 4082 in
1277 4030 1468 4099 primis
1495 4046 1559 4085 ac
1590 4030 1797 4099 perspi-

214 4131 407 4182 cuum,
438 4131 544 4170 nec
569 4129 676 4169 non
706 4118 1138 4188 interpretationi
1175 4137 1499 4191 congruum.
1527 4123 1797 4178 Caeterum

217 4209 430 4277 epocha
471 4208 641 4278 hujus
682 4208 805 4263 libri
834 4226 1057 4280 prorsus
1106 4222 1191 4269 est
1226 4216 1429 4270 incerta
1456 4254 1470 4278 ,
1524 4231 1699 4289 neque
1728 4231 1795 4271 es

222 4298 507 4366 adjunctis
533 4298 715 4369 colligi
744 4309 921 4369 potest
954 4316 1069 4370 quo
1100 4312 1342 4373 tempore
1372 4305 1431 4359 S.
1470 4303 1629 4361 Pater
1652 4306 1798 4362 hunc

226 4398 522 4447 tractatum
561 4394 945 4462 composuerit.

619 4482 867 4552 Analysis
919 4484 1074 4553 hujus
1121 4494 1399 4540 tractatus.

295 4569 536 4628 Sanctus
572 4571 895 4645 Hippolytus
925 4574 1126 4629 librum
1156 4575 1235 4629 De
1275 4575 1595 4630 Antichristo
1644 4590 1796 4632 com-

236 4665 409 4731 posuit
426 4666 721 4721 occasione
746 4666 1000 4737 colloquii
1023 4667 1168 4737 quod
1196 4666 1384 4722 habuit
1410 4682 1534 4722 cum
1559 4669 1796 4737 quodam

238 4750 537 4824 Theophilo
567 4755 706 4825 (94),
743 4758 833 4811 cui
860 4756 1011 4811 illum
1043 4757 1266 4823 dicavit,
1301 4774 1572 4828 quemque
1595 4759 1800 4814 charis.

240 4844 434 4900 simum
464 4861 625 4900 suum
655 4847 878 4903 fratrem
909 4850 1161 4919 appellat.
1196 4848 1376 4903 Monet
1415 4858 1596 4904 autem
1631 4850 1800 4920 inpri-

240 4938 343 4993 mis
370 4936 731 5011 Theophilum
757 4980 773 5007 ,
819 4956 886 4995 ne
916 4943 1117 5011 scripta
1166 4955 1263 4996 sua
1303 4957 1428 4997 cum
1470 4941 1803 5009 infidelibus,-

305 5095 737 5168 (9l)_Combefis.
766 5095 822 5150 in
856 5095 1001 5168 notis
1024 5095 1091 5151 ad
1123 5111 1243 5168 cap.
1275 5112 1329 5164 v,
1358 5094 1497 5151 infra
1523 5111 1646 5167 pag.
1673 5097 1797 5163 M9,

238 5165 378 5236 apud
403 5165 683 5230 'Gallandq
705 5176 847 5236 tom.
875 5165 939 5219 ll.

304 5237 422 5309 (93)
456 5236 675 5309 ξεβτῑετ
702 5234 1159 5309 Hippolytae")-
1191 5235 1220 5309 _1
1246 5235 1408 5309 Ope.
1439 5251 1494 5309 ρ·
1524 5234 1580 5309 ἓν
1610 5244 1725 5309 nol-
1759 5239 1801 5291 '-

303 5304 421 5379 (95)
449 5306 725 5374 Galland.,
757 5304 955 5363 (omn
976 5306 1231 5361 Biblioth.
1275 5304 1419 5373 PR,
1462 5307 1518 5360 in
1546 5304 1804 5377 Prolego-

237 5394 407 5441 mem,
440 5393 564 5447 pag.
590 5392 714 5431 xcv.

305 5444 639 5517 (94)'Putat
684 5455 810 5517 post
860 5444 1524 5517 FabriciumﬂCeillierius
1575 5453 1709 5517 tom.
1763 5444 1806 5499 ll

240 5516 601 5586 Hingénér.
634 5516 726 5571 des
749 5526 984 5583 auteurs,
1016 5532 1137 5586 pag.
1172 5516 1297 5578 534,
1326 5527 1441 5569 not.
1468 5519 1532 5581 d,
1577 5516 1808 5570 fortasse

239 5589 389 5656 hunc
415 5586 775 5656 Theophilum
803 5588 1054 5656 eumdem
1086 5586 1287 5652 tuisse,
1323 5602 1484 5656 quem
1514 5587 1808 5656 alloquitur

238 5655 886 5727 Iethodius’episcopus
927 5655 1078 5727 Tyri,
1115 5657 1340 5727 aequalis
1390 5655 1698 5727 Hippolyto,
1751 5655 1807 5708 in

241 5744 344 5783 suo
375 5735 612 5782 tractatu
635 5725 726 5781 ’De
771 5725 1194 5782 resurrectione:
1213 5725 1309 5779 Vos
1340 5730 1475 5780 enim
1512 5725 1809 5778 sermonum

242 5807 546 5865 nostrorum
573 5797 801 5867 judices,
831 5808 976 5867 teque
1002 5798 1489 5868 imprimis,optime
1509 5794 1804 5865 Theophila.

1875 1921 1998 1975 illos
2048 1930 2204 1991 atque
2265 1935 2576 1989 componens
2624 1918 2758 1973 velut
2788 1922 2985 1988 peritus
3029 1920 3258 1974 medicus
3299 1921 3369 1974 ad
3388 1936 3453 1975 ea

1874 2030 1993 2083 quae
2024 2013 2093 2067 ad
2119 2022 2354 2065 nostram
2384 2010 2680 2065 conducant
2704 2010 2951 2078 salutem,
2980 2012 3169 2083 quippe
3194 2029 3310 2066 cum
3348 2030 3452 2066 non

1878 2106 2077 2159 nesciat
2099 2106 2387 2158 humanam
2413 2104 2800 2173 inﬁrmitatem.
2832 2103 2906 2157 Ac
2928 2104 3135 2174 quidem
3153 2105 3454 2175 ignorantes

1879 2197 2053 2250 studet
2091 2195 2337 2250 edocere:
2392 2204 2626 2250 ενγαηιθδ
2657 2212 2775 2251 vero
2806 2197 2875 2250 ad
2926 2212 3101 2250 veram
3134 2213 3284 2250 suout
3310 2199 3452 2251 viam

1880 2290 2151 2343 convertit.
2171 2288 2342 2359 Atque
2376 2288 2458 2342 his
2492 2288 2722 2358 quidem,
2761 2290 2851 2359 qui
2883 2290 2988 2359 ﬁde
3007 2298 3271 2359 quierunt,
3298 2290 3453 2358 facile

1879 2380 2142 2435 invenitur
2156 2395 2176 2444 ;
2199 2379 2279 2433 his
2296 2388 2494 2444 autent,
2517 2380 2608 2449 qui
2637 2380 2846 2433 mundis
2869 2379 3034 2432 oculis
3062 2389 3110 2432 et
3136 2390 3281 2433 casto
3295 2381 3452 2434 corde

1881 2474 2076 2527 ostium
2112 2471 2327 2541 pulsare
2349 2471 2675 2535 desiderant,
2699 2470 2974 2541 confestim
2999 2472 3185 2540 aperit.
3228 2470 3454 2525 Nullum

1881 2567 2020 2620 enim
2045 2581 2261 2620 suorum
2284 2581 2552 2622 servorum
2588 2564 2761 2634 rejicit
2780 2604 2797 2632 ,
2828 2566 2983 2635 quasi
3012 2565 3308 2620 divinorum
3340 2582 3457 2635 mg-

1883 2658 2164 2712 steriorum
2195 2659 2488 2729 indignum.
2528 2656 2652 2715 Non
2674 2659 2886 2712 divitem
2910 2674 3137 2728 paupere
3157 2658 3326 2727 pluris
3364 2659 3457 2728 fa-~

1884 2750 1977 2813 cit,
2004 2765 2166 2818 ncque
2189 2763 2472 2819 pauperem
2495 2764 2591 2819 pro
2621 2749 2734 2818 ejus
2777 2750 3031 2802 tenuitate
3067 2750 3284 2817 spernit.
3331 2748 3455 2802 Non

1886 2840 2110 2893 barbaro
2141 2845 2461 2911 exprobrat,
2505 2857 2596 2896 nec
2623 2845 2915 2895 eunuchum
2965 2842 3117 2911 quasi
3161 2857 3261 2894 non
3288 2844 3458 2894 virum

1888 2935 2116 3005 ablegat.
2154 2934 2276 2990 Non
2317 2934 2430 2989 odit
2454 2935 2705 3005 feminam
2732 2936 2794 2988 ob
2811 2934 2997 3004 prima:
3032 2935 3252 3005 originis
3279 2935 3458 2987 inobe-

1890 3028 2168 3093 dientiam,
2197 3044 2289 3082 nec
2324 3029 2494 3083 uirum
2539 3026 2601 3081 ob
2646 3028 3077 3098 transgressionis
3126 3036 3327 3080 reatum
3367 3027 3459 3079 de-

1815 3162 1858 3221 C
1891 3119 2095 3183 turbat;
2127 3119 2216 3173 sed
2246 3135 2422 3174 omnes
2447 3117 2581 3184 vult,
2611 3134 2886 3189 omnesque
2925 3118 3132 3172 salvere
3170 3117 3457 3172 desiderat.

1894 3208 2083 3264 Omnes
2127 3211 2223 3265 Dei
2252 3210 2392 3280 ﬁlios
2430 3222 2680 3281 prastare
2725 3210 2859 3276 vult,
2899 3219 3210 3280 sanctosque
3269 3224 3446 3263 omnes

1890 3301 1944 3353 in
1999 3317 2161 3354 unum
2194 3301 2456 3356 hominem
2489 3302 2775 3371 perfectum
2821 3313 3008 3365 vocat;
3050 3316 3172 3355 nam
3216 3309 3269 3354 et
3321 3315 3458 3353 unus

1890 3390 1989 3445 Dei
2024 3390 2199 3445 Filius
2228 3400 2327 3456 est,
2378 3391 2529 3461 cujus
2571 3393 2734 3447 etiam
2783 3409 2877 3447 nos
2932 3407 3164 3446 munere-
3197 3406 3289 3461 per
3337 3388 3460 3459 Spi-

1891 3481 2055 3534 ritum
2090 3481 2149 3538 S.
2188 3484 2364 3552 adepti
2398 3485 2858 3554 regenerationem,
2883 3485 2939 3536 in
2965 3500 3129 3536 unum
3175 3483 3459 3554 perfectum

1893 3586 1954 3624 ac
1985 3573 2240 3627 caelestem
2264 3573 2527 3628 hominem
2559 3590 2735 3627 omnes
2759 3588 3028 3627 occurrere
3055 3582 3294 3642 optamus
3322 3571 3457 3641 (97).

1892 3660 2088 3717 Postea
2128 3664 2315 3732 paucis
2360 3663 2584 3733 exponit
2622 3664 2895 3733 quomodo
2926 3661 3157 3718 Verbum
3185 3663 3299 3726 Dei,
3336 3663 3464 3718 licet

1892 3754 2221 3822 purissimus
2249 3754 2493 3823 spiritus,
2526 3754 2581 3807 in
2624 3763 2779 3809 utero
2813 3751 3051 3823 Virginis
3089 3754 3161 3809 sit
3203 3754 3460 3808 incarna-

1895 3855 2045 3911 tum;
2076 3854 2238 3914 atque
2265 3845 2567 3911 concludit,
2603 3844 2750 3915 quod
2788 3839 3028 3899 Vérbum
3074 3845 3231 3901 carni
3260 3858 3463 3903 nostrae

1893 3935 2110 3990 mortali
2154 3936 2365 3991 unitum
2417 3936 2600 4000 fuerit,
2629 3945 2687 3991 ut
2710 3944 2957 3991 nostrum
2980 3951 3177 4007 corpus
3215 3940 3464 3995 redderet

1895 4026 2327 4096 incorruptibile,
2355 4027 2631 4083 hominem
2660 4026 2928 4095 perditum
2952 4028 3205 4083 salvaret.
3254 4029 3467 4100 Adjuna

1895 4115 1971 4187 git
2000 4117 2245 4185 quaedam
2270 4116 2337 4171 de
2368 4115 2624 4186 passione
2651 4114 2863 4170 Domini
2887 4118 3055 4172 nostri
3087 4116 3216 4172 Jesu
3237 4118 3465 4190 Christi,

1896 4218 2152 4279 putatque
2185 4207 2425 4277 aliquam
2464 4208 2611 4264 illius
2647 4208 2890 4265 invenire
2937 4210 3349 4268 similitudinem
3406 4216 3465 4271 in

1896 4306 2012 4352 arte
2040 4298 2268 4353 textoris
2303 4297 2438 4368 (98).

1967 4389 2065 4445 ihs
2102 4391 2398 4461 praemissis
2432 4399 2725 4447 tractatum
2768 4389 2846 4445 De
2890 4390 3217 4448 Antichristo
3255 4394 3464 4465 incipit,

1830 4499 1875 4553 ι)
1901 4480 1967 4537 de
1988 4496 2096 4551 quo
2118 4496 2189 4535 ex
2217 4478 2515 4550 Scripturis
2549 4479 2807 4555 ostendit,
2835 4488 2998 4550 atque
3019 4494 3306 4552 sequentes
3329 4501 3470 4553 quac-

1897 4571 2105 4628 stiones
2128 4571 2337 4627 solvere
2356 4584 2623 4627 conatur:
2649 4570 2918 4627 Nimirum
2937 4572 3061 4641 quis
3086 4582 3141 4629 et
3158 4575 3334 4643 qualis
3356 4574 3471 4628 An-

1898 4664 2131 4718 tichristi
2160 4663 2446 4730 adventus,
2470 4680 2580 4732 qua
2600 4672 2757 4719 aatate
2783 4679 2846 4720 ac
2875 4673 3118 4733 tempore
3143 4666 3472 4721 revelabitur

1898 4754 2118 4824 iniquus
2166 4755 2289 4822 ille;
2340 4758 2632 4822 undenam,
2678 4768 2734 4812 et
2762 4773 2830 4812 ex
2855 4773 2960 4827 qua
2994 4758 3163 4823 tribu,
3197 4756 3347 4827 quod
3392 4759 3471 4812 illi

1901 4861 2122 4913 nomen,
2136 4848 2412 4918 quomodo
2428 4848 2688 4916 populum
2707 4849 2763 4902 in
2789 4864 3027 4903 errorem
3048 4848 3287 4915 inducet,
3306 4864 3471 4919 quam

1902 4937 2031 4993 item
2060 4938 2265 4993 sanctis
2295 4938 2703 4994 tribulationem
2733 4938 2928 4994 inferet
2957 4938 3091 5012 (99).
3134 4938 3267 4994 Dein
3299 4940 3474 5009 expli-

1901 5091 2058 5162 Apud
2094 5090 2365 5162 Epiphan.
2393 5091 2587 5162 hrcres.
2615 5090 2706 5155 64,
2735 5106 2787 5160 p.
2820 5091 2945 5145 540.

1996 5162 2088 5223 95)
2114 5161 2385 5231 Hippolyt.
2424 5161 2630 5231 |i_b._De
2657 5163 3004 5231 Antio/crista,
3034 5177 3187 5216 num.
3224 5162 3275 5216 l.

1996 5165 2088 5223 95)
2114 5165 2385 5231 Hippolyt.
2424 5165 2517 5225 lib.
2552 5165 2630 5214 De
2657 5165 3004 5226 Antio/crista,
3034 5177 3187 5216 num.
3224 5165 3275 5216 l.

1973 5165 2085 5303 (96)
2124 5250 2144 5282 ι
2169 5231 2250 5303 llr
2264 5246 2499 5303 namque
2525 5229 2715 5303 Patres
2738 5230 2941 5303 Spiritu
2965 5233 3261 5302 prophetiae
3277 5233 3471 5302 aptati,

1903 5299 2171 5372 digneque
2203 5301 2273 5372 ab
2295 5299 2425 5372 ipso
2451 5299 2627 5355 Verbo
2657 5299 2933 5366 honorati,
2957 5299 3350 5372 quo'nimirum
3377 5299 3468 5358 ve;

1906 5369 1987 5426 lui
2017 5369 2222 5441 organa
2258 5369 2536 5442 iniseipsis
2580 5372 2790 5425 unitum
2836 5369 3051 5442 semper
3081 5369 3474 5442 Verbumitan-

1904 5457 2068 5510 quam
2100 5443 2360 5511 plectrum
2415 5441 2697 5511 haberent,
2726 5442 2885 5511 cujus
2924 5452 3060 5497 nutu
3096 5449 3261 5511 atque
3287 5441 3470 5498 adlatu

1906 5527 2028 5634 qius:
2060 5511 2204 5565 Deus
2250 5511 2430 5590 vellet,
2486 5510 2603 5564 hmo
2655 5510 2933 5583 prophetae
2990 5510 3409 5569 annuntiabant.
3445 5532 3467 5569 ι

1908 5581 1929 5634 l
1959 5583 2201 5634 tnnolvt..
2226 5580 2322 5634 hh.
2348 5591 2463 5634 οη..
2492 5595 2645 5633 ηυω.
2686 5582 2739 5634 2.

1908 5580 2201 5652 llippoly_t.,
2226 5580 2463 5652 lih.»cit.,
2492 5580 2669 5633 ῐιιιιι).⁷
2686 5582 2739 5652 2.

1980 5650 2299 5722 (97)'ldem,
2323 5650 2358 5703 l.
2384 5667 2459 5713 c.,
2493 5666 2645 5722 num.
2683 5651 2738 5708 ὅ.

2002 5719 2091 5791 98)
2131 5721 2296 5791 Idem,
2333 5723 2367 5773 Ι.
2400 5736 2473 5784 c.,
2501 5737 2556 5774 ιι.
2583 5719 2636 5774 4.

2002 5726 2091 5791 98)
2131 5726 2296 5787 litem,
2333 5726 2367 5773 Ι.
2400 5736 2473 5784 c.,
2501 5737 2556 5774 ιι.
2583 5726 2636 5774 4.

1982 5726 2095 5866 (99)
2137 5790 2303 5859 Idem,
2343 5791 2373 5845 l.
2413 5807 2487 5858 c.,
2520 5806 2672 5847 num.
2708 5792 2742 5849 5
2775 5823 2800 5840 η
2832 5792 2922 5850 23.

1868 5893 1897 5901 δα
