3986 6358
451 382 542 436 ΞΜ

1411 373 1503 436 DE
1529 372 1698 438 VI'I‘A
1732 372 1821 438 ET
1859 377 2169 437 SCRIPTIS
2208 378 2266 434 S.
2307 377 2698 436 HIPPOLY'I‘I.

3588 383 3698 441 292

450 510 538 559 cat
599 499 842 558 visiones
896 497 1450 557 Nahuchodonosmis
1500 510 1556 556 et
1618 500 1857 557 Danielis
1908 500 2022 572 hoc
2051 505 2100 562 Α
2128 513 2245 552 cem
2274 511 2501 565 cornua,
2529 513 2651 568 quae
2714 487 2898 553 futura
2956 507 3086 555 sunt
3133 513 3298 571 regna
3327 507 3383 555 et
3420 500 3694 572 imperia;

451 595 612 652 modo
643 595 720 668 (I)
745 613 759 650 :
788 613 808 646 ι
833 593 971 660 Quia
1005 594 1171 663 igitur
1194 609 1316 663 quae
1344 594 1424 649 sic
1452 608 1653 648 arcana
1685 609 1852 649 sensu
1874 568 2019 648 dicta

451 700 612 759 sunt,
667 689 945 745 nonnullis
991 688 1248 743 videntur
1294 697 1455 756 captu
1517 685 1778 753 difﬁcilia,
1831 701 2021 742 eorum

451 784 588 840 nihil
618 781 1020 838 abscondemus
1043 820 1058 846 ,
1089 789 1150 834 ut
1192 779 1531 850 intelligant,
1559 779 1653 849 qui
1685 793 1816 834 sana
1841 783 2023 832 mente

451 875 660 948 praediti
713 881 858 930 sunt.
909 871 1155 927 Leamam
1205 871 1353 925 enim
1398 869 1628 925 dicendo
1659 869 2022 924 ascendentem

450 986 480 1025 e
506 971 644 1024 mari
662 1009 678 1036 ,
709 966 1134 1038 Babyloniorum
1161 978 1388 1033 regnum
1422 963 1477 1016 in
1507 962 1712 1016 mundo
1747 961 2024 1032 significa--

448 1062 562 1128 vit,
593 1059 737 1130 quod
771 1057 935 1128 hujus
964 1054 1238 1111 simulacri
1269 1061 1386 1108 erat
1418 1063 1573 1122 caput
1601 1069 1843 1106 aureum.
1866 1050 2022 1118 Quod

452 1161 631 1206 autem
666 1150 826 1205 dicit:
876 1146 992 1200 Ala:
1032 1145 1146 1216 ejus
1171 1144 1322 1215 quasi
1351 1142 1566 1213 aquilae,
1591 1143 1719 1213 quia
1755 1143 2024 1198 exaltatus

452 1254 536 1300 est
574 1259 670 1299 rex
701 1238 1224 1302 Nabuchodonosor,
1257 1244 1312 1292 et
1339 1237 1603 1292 adversus
1633 1235 1802 1290 Deum
1823 1236 2019 1290 elatus.

453 1339 590 1393 Dum
619 1338 725 1392 ait:
752 1332 964 1389 Euulsa:
993 1342 1114 1386 sunt
1142 1330 1245 1385 alte
1275 1329 1406 1400 ejus,
1433 1331 1563 1399 quia
1593 1327 1712 1399 ejus
1745 1328 1922 1383 ablata
1941 1334 2026 1383 est

453 1430 652 1503 gloria;
689 1427 790 1483 fuit
811 1427 958 1482 enim
987 1425 1194 1494 ejectus
1224 1437 1254 1477 e
1288 1437 1454 1491 regno
1490 1436 1611 1475 suo.
1649 1416 1887 1475 Dicenda
1927 1431 2025 1472 au-

453 1530 592 1575 tem:
625 1517 729 1573 Cor
747 1516 971 1570 hominis
997 1515 1180 1566 datum
1199 1519 1275 1565 est
1299 1511 1346 1564 ei
1364 1519 1412 1563 et
1436 1525 1592 1578 super
1614 1507 1766 1579 pedes
1799 1509 2025 1562 hominis

454 1609 619 1676 stetit,
654 1607 781 1679 quia
832 1605 1027 1660 ductus
1078 1600 1396 1672 paenitentia
1457 1609 1558 1665 est,
1617 1601 1733 1668 ipse
1786 1600 2026 1670 seipsum

454 1714 777 1772 agnoscens,
811 1697 955 1767 quod
983 1697 1147 1749 homo
1169 1702 1331 1759 esset,
1369 1701 1424 1748 et
1450 1692 1599 1747 dedit
1630 1687 1857 1760 gloriam
1895 1690 2022 1746 Deo.

453 1790 585 1846 Post
608 1792 832 1845 Ieamam
867 1801 997 1858 ergo
1023 1783 1322 1841 secundum
1366 1781 1567 1838 animal
1598 1782 1733 1837 vidit
1778 1792 1904 1836 urso
1952 1782 2028 1836 si-

2124 604 2296 644 eornu
2349 588 2497 644 aliud
2549 604 2775 659 parvum
2825 603 3198 656 succrescens,
3251 590 3396 661 quod
3426 589 3566 645 inter
3595 590 3689 646 illa

2123 687 2462 742 numeratur,
2512 677 2916 743 Antichristus;
2971 679 3107 748 lapis
3163 678 3473 749 percutiens
3506 687 3698 734 conte-

2129 781 2366 836 rensque
2399 767 2774 831 simulacrum,
2827 767 2920 837 qui
2955 774 3152 823 terram
3177 767 3493 839 adimplevit
3521 778 3576 824 et
3599 768 3697 838 ju-

2123 859 2325 914 dicium
2357 859 2559 913 mundo
2584 858 2765 923 infert,
2797 858 3099 916 Christus.)

2195 950 2466 1005 Praeterea
2518 950 2576 1005 S.
2620 949 2961 1023 Hippolytus.
3015 959 3303 1022 postquam
3355 953 3696 1023 prophetiam

2124 1043 2279 1099 Isaia:
2307 1045 2372 1098 de
2403 1043 2622 1098 interitu
2645 1041 2943 1099 Jerusalem
2966 1060 3087 1115 cap.
3121 1062 3160 1110 I,
3195 1062 3248 1100 v.
3287 1045 3340 1114 7,
3369 1054 3425 1100 et
3463 1046 3704 1116 prophe-

2125 1135 2255 1189 tiam
2284 1133 2522 1191 Danielis
2551 1135 2617 1189 de
2646 1135 2963 1199 simulacro,
2990 1151 3085 1192 seu
3130 1145 3309 1193 statua
3334 1144 3494 1192 antea
3527 1137 3706 1208 expli-

2126 1238 2267 1291 cata,
2295 1228 2421 1283 item
2467 1228 2629 1282 aliam
2681 1229 3020 1299 prophetiam
3053 1229 3205 1286 Isaiae
3229 1246 3349 1301 cap.
3375 1247 3546 1300 vatt,
3572 1248 3627 1286 ν.
3663 1232 3691 1286 1

2126 1325 2179 1371 et
2213 1333 2353 1387 scq.,
2380 1318 2653 1388 impletum
2708 1334 2832 1374 esse
2863 1321 3040 1388 quoad
3066 1320 3326 1390 majorem
3353 1329 3561 1392 partem
3590 1337 3696 1377 no-

2127 1409 2278 1475 tavit,
2306 1424 2372 1464 ex
2425 1409 2746 1482 Apocalypsi
2803 1413 2978 1466 sancti
3009 1411 3237 1468 Joannis
3281 1415 3458 1484 capite
3503 1431 3616 1470 xvu
3645 1427 3702 1471 et

2129 1517 2286 1559 xvnt:
2326 1501 2648 1557 Antichristi
2690 1503 3091 1558 damnationem
3128 1503 3248 1560 fuse
3278 1505 3556 1571 describit,
3579 1523 3704 1577 quae

2128 1593 2304 1662 capita
2333 1593 2421 1648 hic
2452 1602 2674 1648 sanctus
2703 1591 3023 1664 Hippolytus
3064 1595 3117 1648 in
3158 1603 3384 1652 extenso
3437 1597 3625 1663 refert,
3649 1608 3705 1653 et

2129 1684 2348 1739 demum
2400 1684 2585 1738 subdit
2629 1685 2747 1755 (5):
2779 1685 3118 1754 Apertissime
3152 1687 3207 1740 in
3242 1687 3323 1742 his
3383 1691 3699 1746 testimoniis

2129 1774 2411 1845 sigillatim
2446 1774 2776 1828 declaratum
2809 1785 2908 1830 est'
2948 1776 3012 1830 de
3055 1786 3430 1832 tormentorum
3466 1780 3703 1851 judicio,

455 1882 600 1947 mile,
649 1881 794 1952 quod
855 1843 984 1934 sunt
1027 1877 1207 1932 Persae
1240 1915 1255 1930 .
1291 1912 1307 1927 .
1340 1912 1355 1927 .
1387 1873 1630 1930 Dicendo
1685 1881 1869 1928 autem
1924 1881 2026 1928 tres

2141 1843 2248 1936 qua:
2275 1867 2520 1920 extremis
2565 1866 2882 1933 temporibus
2921 1881 3013 1935 per
3051 1876 3415 1936 tyrannorum,
3454 1843 3547 1941 qui
3575 1843 3705 1926 tunc

456 1986 612 2031 costa
641 1972 1047 2046 (siveordines)
1082 1972 1135 2024 in
1177 1986 1264 2024 ore
1305 1969 1439 2038 ejus,
1471 1978 1582 2023 tres
1610 1976 1797 2036 gentes
1825 1965 2033 2038 signiﬁ-

456 2070 617 2134 cavit,
648 2067 866 2128 Persas,
899 2064 1084 2119 Medos
1115 2072 1169 2118 et
1191 2061 1543 2134 Babylonios,
1586 2058 1750 2128 idque
1793 2057 2032 2113 ostendit

459 2167 744 2228 argentum
797 2155 1116 2226 adjunctum
1171 2168 1307 2207 auro
1335 2152 1388 2205 in
1421 2149 1737 2206 simulacro.
1771 2147 2032 2217 Sequitur

457 2250 617 2305 tertia
665 2248 836 2304 bestia
869 2246 1091 2317 pardus,
1148 2257 1344 2313 nempe
1395 2241 1605 2306 Graeci;
1659 2248 1786 2310 post
1834 2237 2030 2293 Persas

457 2342 603 2398 enim
632 2339 940 2396 Alexander
970 2336 1193 2392 Macedo
1225 2350 1409 2390 rerum
1457 2333 1664 2404 potitus
1714 2340 1798 2386 est
1843 2329 2030 2384 debel-

457 2432 567 2486 lato
594 2429 777 2493 Dario,
810 2429 904 2499 qui
941 2429 995 2482 in
1047 2427 1341 2483 simulacro
1372 2427 1495 2480 aeris
1542 2423 1724 2494 specie
1774 2430 2033 2478 ostensus

459 2531 562 2576 est.
590 2519 826 2575 Dicendo
857 2528 1037 2574 autem
1069 2526 1297 2588 quatuor
1343 2517 1460 2570 alas
1515 2514 1766 2577 volucris,
1800 2511 2033 2582 apertis-

459 2612 598 2668 sime
623 2610 811 2665 docuit
843 2609 1121 2680 quomodo
1152 2606 1443 2662 Alexandri
1469 2605 1761 2676 imperium
1795 2602 2031 2658 divisum

458 2701 595 2770 fuit;
630 2701 857 2757 dicendo
882 2701 1026 2756 enim
1059 2708 1290 2770 quatuor
1316 2699 1491 2768 capita
1514 2736 1530 2765 ,
1557 2705 1814 2768 quatuor,
1842 2693 2032 2764 qui.ex

460 2790 553 2844 illo
590 2797 944 2845 surrexerunt
969 2803 1140 2859 rcges,
1172 2781 1530 2852 memoravit;
1555 2784 1862 2840 Alexander
1887 2783 2033 2837 enim

460 2881 703 2935 moriens
724 2880 1012 2950 imperium
1039 2880 1273 2934 solidum
1331 2879 1386 2932 in
1425 2887 1660 2948 quatuor
1690 2885 1872 2946 partes
1897 2875 2034 2930 divi-

462 2972 551 3024 sit.
584 2969 785 3024 Deinde
810 2971 886 3024 ait
913 2989 926 3024 :
957 2969 1141 3023 Bestia
1165 2978 1359 3040 quarta
1383 2967 1634 3023 terribilis
1663 2984 1726 3021 ac
1750 2966 2029 3037 stupenda,

461 3063 638 3116 dentes
668 3063 783 3130 ejus
816 3062 994 3131 ferrei,
1053 3071 1102 3116 et
1163 3077 1358 3130 ungues
1405 3060 1520 3129 ejus
1591 3063 1744 3115 cunei.
1798 3059 2032 3126 Quinam

2132 1965 2304 2023 erunt,
2337 1955 2590 2025 injuriam
2619 1955 2767 2009 illam
2807 1957 3076 2011 incessum
3107 1968 3251 2014 sunt.

2203 2047 2397 2104 Postea
2425 2048 2685 2103 describit
2707 2047 2764 2103 S.
2794 2048 2973 2116 Pater,
3019 2051 3292 2120 quomodo
3327 2043 3392 2108 se
3431 2052 3707 2108 Antichri-

2135 2151 2252 2195 stus
2289 2149 2348 2194 ut
2370 2139 2539 2194 Deum
2575 2141 2849 2196 exhibebit
2881 2142 2956 2211 (4)
2979 2142 3351 2213 populumque
3377 2143 3445 2198 ad
3485 2160 3544 2199 se
3569 2160 3710 2200 con-

2134 2233 2378 2303 gregabit
2429 2231 2506 2303 (5)
2545 2241 2708 2302 atque
2733 2243 3131 2303 persecuturus
3153 2235 3226 2290 sit
3266 2233 3565 2291 Ecclesiam
3596 2237 3702 2309 (6).

2136 2324 2362 2380 Mortem
2391 2325 2711 2382 Antichristi
2742 2327 2962 2381 tandem
2994 2328 3182 2383 statuit
3230 2337 3352 2398 post
3387 2328 3504 2384 dies
3549 2329 3706 2400 regni

2136 2419 2309 2488 ipsius
2338 2419 2484 2473 mille
2513 2419 2776 2474 ducentos
2807 2428 2861 2475 et
2891 2420 3194 2490 sexaginta.
3231 2417 3326 2475 IIis
3354 2429 3536 2475 autem
3553 2436 3710 2476 eom-

2134 2511 2296 2582 pletis
2338 2510 2495 2566 docet
2549 2511 2786 2566 futuram
2836 2511 3024 2566 mundi
3074 2511 3311 2566 universi
3345 2526 3705 2568 consumma-

2137 2602 2369 2666 tionem,
2425 2601 2692 2672 judicium
2744 2611 3083 2668 extt-emnm,
3138 2618 3479 2675 regnumque
3529 2605 3707 2661 caelo-

2139 2710 2259 2747 rum
2293 2693 2390 2763 (.7).

2210 2786 2454 2858 Denique
2494 2785 2553 2842 S.
2613 2785 2934 2858 Hippolytus
2979 2803 3133 2842 suam
3185 2787 3706 2843 demonstrationem

2138 2880 2490 2948 sequentibus
2523 2879 2835 2935 concludit:
2890 2899 2909 2931 ι
2939 2877 3064 2934 Ηωο
3101 2880 3196 2935 tibi
3231 2880 3418 2950 paucis
3451 2880 3706 2950 exposui,

2138 2967 2459 3040 Theophile,
2509 2985 2577 3024 ex
2629 2969 2827 3026 divinis
2875 2969 3170 3040 Scripturis
3216 2969 3434 3036 hausta,
3484 2979 3545 3024 ut
3591 2985 3709 3024 ser-

2135 3062 2315 3116 vando
2348 3061 2473 3128 fide,
2509 3077 2630 3132 qua:
2665 3062 2869 3131 scripta
2921 3070 3068 3128 sunt,
3117 3061 3563 3131 prospiciensque
3613 3059 3711 3114 fu-

464 3155 576 3217 isti,
613 3155 719 3208 nisi
775 3152 1029 3219 Romani,
1078 3153 1223 3223 quod
1274 3162 1359 3206 est
1417 3153 1678 3216 ferreum,
1711 3153 1854 3222 quod
1887 3165 2034 3206 nunc
2061 3187 2102 3244 ο
2138 3163 2282 3220 tura,
2318 3153 2640 3208 inolfensum
2667 3162 2716 3207 te
2743 3152 2854 3208 Deo
2883 3169 2946 3208 ac
3003 3153 3314 3208 hominibus
3367 3169 3571 3217 serves,
3610 3169 3711 3208 exe

462 3255 593 3311 stat,
626 3253 916 3315 manetque
943 3245 1256 3315 imperium,
1289 3257 1451 3298 crura
1488 3243 1632 3297 enim
1667 3243 1786 3313 ejus
1821 3241 2030 3309 ferrea;

461 3348 589 3406 pOSt
610 3335 892 3390 haec-enim
928 3335 1058 3405 quid
1091 3335 1237 3390 aliud
1266 3343 1505 3404 superat,
1538 3335 1882 3401 charissime,
1904 3351 2037 3405 prae-

462 3437 548 3481 ter
572 3426 798 3497 vestigia
825 3426 1022 3496 pedum
1086 3426 1388 3494 simulacri,
1445 3435 1500 3481 et
1549 3426 1604 3480 in
1664 3426 1864 3496 quibus
1903 3443 2034 3497 pars

464 3517 713 3586 quaedam
743 3516 936 3581 ferrea,
997 3530 1125 3585 pars
1159 3530 1290 3570 vero
1347 3525 1517 3571 testea
1570 3525 1675 3581 est,
1731 3520 2036 3574 commistis

465 3609 608 3662 inter
638 3623 696 3662 se
725 3607 1043 3676 speciebus?
1069 3606 1172 3660 Per
1194 3622 1402 3677 ungues
1423 3607 1620 3678 pedum
1653 3624 1852 3664 arcano
1873 3626 2038 3665 sensu

470 3713 629 3769 reges
658 3714 724 3754 ex
757 3700 849 3753 illo
877 3707 1055 3753 ortum
1110 3699 1394 3755 habituros
1448 3701 1767 3771 designavit,
1813 3703 1890 3758 uti
1941 3703 2040 3758 Da-

463 3792 573 3847 niel
603 3794 678 3847 ait
707 3813 716 3845 :
748 3791 1057 3863 Cogitabam
1113 3791 1354 3858 bestiam,
1389 3801 1439 3847 et
1484 3809 1599 3847 ecce
1630 3811 1828 3848 cornua
1865 3795 2036 3849 decem

464 3891 606 3938 retro
631 3899 768 3950 eam,
800 3883 939 3937 inter
972 3899 1089 3954 quae
1117 3894 1293 3954 surget
1323 3883 1650 3938 minusculus
1698 3886 1833 3939 stola
1872 3887 2033 3953 alius,

462 3985 514 4031 et
541 3978 666 4040 tria,
700 3992 816 4046 quc:
855 3985 976 4029 ante
1007 3977 1183 4045 ipsum
1215 3986 1388 4042 erant,
1443 3992 1640 4030 cornua
1665 3978 1866 4033 evellet.
1919 3978 2038 4045 Quo

465 4085 576 4123 non
601 4069 769 4134 aliud,
802 4084 965 4138 quam
1001 4067 1370 4122 Antichristus
1427 4078 1766 4123 monstratus
1789 4077 1892 4134 est,
1942 4071 2038 4140 qui

465 4171 519 4216 et
549 4162 662 4230 ipse
706 4160 1021 4215 Judatorum
1079 4175 1305 4230 regnum
1339 4160 1704 4214 suscitaturus
1754 4171 1878 4215 est:
1935 4163 2038 4216 tria

467 4268 674 4308 cornua
720 4267 816 4322 per
856 4268 981 4306 eum
1017 4253 1204 4307 evulsa
1242 4261 1356 4308 tres
1381 4268 1535 4321 reges
1583 4261 1763 4319 vocat,
1794 4251 2037 4326 IEgypti,

466 4343 652 4416 Lybiae
705 4353 761 4397 et
837 4342 1160 4412 Ethiopian,
1227 4359 1365 4412 quos
1443 4342 1731 4398 interﬁciet
1793 4344 1847 4398 in
1910 4344 2037 4400 belli

467 4452 603 4492 acre.
628 4455 648 4488 ι

2139 3245 2627 3314 spectansobcatam
2663 3259 2813 3313 spem
2854 3252 2908 3299 et
2937 3244 3352 3300 illustrationem
3381 3243 3475 3299 Dei
3501 3253 3555 3299 et
3581 3243 3708 3298 Sal-

2138 3335 2346 3391 vatoris
2377 3335 2572 3403 nostri,
2603 3337 2658 3390 in
2685 3350 2792 3406 qua
2823 3337 3098 3392 suscitatis
3126 3338 3329 3392 sanctis
3355 3337 3554 3392 nostris
3577 3352 3708 3391 cum

2135 3431 2217 3484 eis
2253 3427 2525 3483 laetabitur
2545 3428 2852 3498 gloriﬁcans
2886 3427 3131 3494 Patrem;
3163 3428 3264 3498 ipsi
3288 3429 3457 3500 gloria
3478 3429 3532 3484 in
3561 3442 3710 3485 sem-

2137 3519 2346 3589 piterna
2381 3518 2578 3574 saecula
2611 3518 2955 3574 saeculorum.
2983 3519 3208 3575 Amen.»

2661 3650 3057 3708 ARTICULUS
3087 3651 3173 3707 III.

2212 3791 2558 3832 S.IIIPPOLYTI
2596 3790 2901 3831 OPUSCULUM
2951 3791 3020 3829 DE
3064 3790 3315 3831 HISTORIA
3355 3791 3619 3833 SUSANNE.

2211 3885 2740 3943 Demonstrationem
2779 3888 2845 3941 de
2893 3885 3115 3959 Christo
3152 3897 3206 3942 et
3249 3887 3585 3944 Antichristo
3610 3905 3713 3945 ex-

2140 3974 2270 4044 cipit
2297 3977 2624 4045 opusculum
2649 3975 2706 4029 in
2737 3973 3063 4037 Susannam,
3100 3992 3129 4029 a
3161 3976 3488 4032 Combetisio
3517 3977 3710 4033 Graece

2140 4082 2203 4120 ac
2247 4065 2436 4122 Latine
2458 4067 2735 4139 vulgatum
2800 4067 2919 4138 (8):
2957 4067 3084 4122 hinc
3125 4083 3253 4122 vero
3283 4083 3314 4124 a
3370 4067 3621 4123 Fabricio
3651 4069 3710 4124 in

2140 4173 2295 4212 suam
2320 4157 2613 4212 editionem
2637 4157 2943 4228 conjectum
2999 4157 3112 4230 (9):
3146 4161 3324 4215 versio
3359 4170 3540 4215 autem
3600 4159 3711 4215 La-

2105 4249 2253 4328 .tina
2277 4249 2329 4302 in
2361 4248 2686 4303 Bibliotheca
2738 4247 2839 4304 SS.
2878 4248 3102 4303 Patrum
3162 4249 3509 4320 Lugdunensi
3552 4266 3712 4320 repe-

2141 4343 2237 4396 tita
2272 4341 2404 4411 (IO).
2433 4342 2509 4396 De
2534 4342 2698 4412 hujus
2747 4343 2993 4412 opusculi
3050 4343 3357 4415 integritate
3401 4354 3562 4399 nemo
3581 4344 3712 4414 jure

2140 4433 2397 4504 ambigat,
2434 4433 2524 4487 ubi
2566 4433 2809 4490 conferat
2861 4435 2991 4489 illud
3027 4451 3154 4490 cum
3197 4436 3549 4507 praecedentis
3579 4450 3705 4506 cap.

537 4526 739 4581 Eodem
775 4523 886 4580 fere
939 4524 1103 4580 modo
1145 4523 1204 4579 S.
1256 4523 1575 4598 Hippolytus
1607 4526 1881 4582 somnium
1929 4524 2038 4581 Na—
2065 4546 2110 4601 α
2141 4527 2228 4583 59.
2266 4526 2541 4598 Siquidem
2573 4529 2860 4599 utrobique
2889 4544 3072 4601 parem
3102 4528 3409 4601 Scripturas
3434 4531 3709 4600 interpre-

468 4620 940 4676 huchodonosoris
972 4620 1039 4675 de
1067 4621 1272 4690 ingenti
1331 4636 1396 4675 ac
1454 4621 1561 4675 alta
1619 4630 1816 4685 statua,
1867 4637 2031 4691 quam

468 4712 654 4767 Daniel
683 4713 989 4782 descripsit,
1038 4713 1422 4783 interpretatur
1451 4714 1548 4783 (Ξ).
1583 4713 1821 4769 Aureum
1848 4725 2030 4785 caput,

467 4805 664 4875 inquit,
698 4806 998 4870 simulacri,
1049 4806 1248 4870 leaenae,
1312 4825 1330 4858 ι
1359 4805 1638 4877 Babylonii
1690 4815 1882 4872 erant;
1925 4807 2032 4862 hu-

467 4895 605 4950 meri
633 4903 688 4950 ct
721 4896 944 4952 brachia
987 4909 1262 4966 argentea,
1312 4913 1496 4962 ursus,
1551 4897 1733 4953 Persa:
1761 4907 1813 4953 et
1857 4897 2028 4964 Medi;

465 4995 657 5042 venter
701 4987 986 5058 femurque
1011 5004 1244 5054 aeneum,
1293 4989 1517 5060 pardus,
1551 4991 1644 5061 qui
1680 4992 1750 5046 ab
1800 4991 2031 5045 Alexan-

467 5082 567 5136 dro
595 5079 768 5135 Graeci
825 5095 1006 5134 rerum
1058 5082 1208 5150 potiti
1271 5091 1429 5149 sunt;
1479 5098 1639 5138 crura
1684 5081 1879 5149 ferrea,
1911 5094 2032 5139 stu-

467 5174 642 5243 penda
669 5171 838 5227 bestia
864 5187 927 5226 ac
949 5173 1226 5238 terribilis,
1269 5171 1520 5238 Romani,
1554 5177 1646 5245 qui
1678 5191 1820 5230 nunc
1843 5189 2029 5231 rerum

466 5262 780 5330 potiuntur;
805 5261 1030 5332 vestigia
1063 5263 1281 5332 pedum,
1307 5273 1443 5319 testa
1469 5263 1799 5336 ferrumque,
1828 5280 1892 5320 ac
1937 5265 2031 5320 de-

538 5461 615 5534 (l)
654 5461 922 5534 Hippolyt.
951 5464 988 5518 1.
1017 5480 1094 5529 ο..
1128 5479 1278 5519 num.
1308 5433 1379 5518 es
1409 5495 1427 5504 -
1450 5465 1539 5519 es.

538 5535 615 5586 (ἓ)
643 5533 809 5586 Idem.
844 5535 1000 5586 ibid..
1030 5551 1182 5586 num.
1207 5533 1296 5586 28.

560 5533 615 5603 2)
643 5533 809 5600 Idem,
844 5533 1000 5601 ibid.,
1030 5551 1182 5589 num.
1207 5533 1296 5588 Q8.

563 5605 617 5670 5)
648 5604 813 5667 Idem,
843 5605 999 5672 ibid.,
1025 5605 1061 5658 l.
1085 5621 1135 5660 c.
1165 5620 1316 5660 num.
1345 5605 1432 5659 45.

536 5675 614 5742 (4)
640 5672 781 5727 Idem
808 5676 904 5740 ib.,
928 5691 1080 5732 num.
1111 5676 1198 5730 52.

542 5743 618 5814 (5)
647 5742 727 5814 Id.
756 5745 920 5814 ibid.,
954 5762 1104 5801 num.
1137 5747 1226 5801 54.

542 5812 619 5886 (6)
645 5811 721 5870 Id.
751 5811 914 5887 ibid.,
945 5832 1096 5876 num.
1130 5817 1199 5873 56
1221 5826 1274 5874 et
1305 5832 1421 5890 seq.

2142 4619 2292 4674 tandi
2325 4620 2588 4675 rationem
2624 4620 2782 4677 facile
2804 4631 3079 4693 agnoscet.
3112 4621 3211 4678 His
3251 4623 3459 4679 accedit
3486 4621 3708 4695 Georgii

2142 4709 2377 4781 Syncelli
2408 4712 2806 4781 testimonium,
2841 4715 2933 4784 qui
2955 4714 3216 4784 scriptum
3247 4715 3559 4786 hujusmodi
3579 4731 3708 4786 per-

2139 4802 2336 4873 legisse
2361 4803 2594 4858 videtur.
2651 4805 2742 4860 Sic
2769 4805 2912 4860 enim
2941 4807 3130 4862 scribit
3159 4807 3269 4877 (Il)
3297 4827 3310 4863 :
3361 4827 3381 4860 ι
3421 4806 3584 4863 Sacer
3610 4825 3707 4863 au-

2139 4904 2248 4950 tem
2275 4893 2592 4967 Hippolytus
2622 4897 2674 4951 in
2710 4899 2913 4967 scripto
2964 4899 3030 4953 de
3089 4897 3339 4954 Susanna
3373 4910 3427 4955 et
3457 4897 3702 4965 Daniele,

2138 4985 2386 5042 Joachim
2419 4987 2650 5043 Joacimi
2706 4989 2913 5056 tilium,
2959 4992 3065 5045 alio
3097 4993 3315 5047 nomine
3361 4991 3703 5058 Jechoniam,

2139 5093 2263 5133 cum
2296 5088 2404 5136 tres
2439 5094 2613 5136 annos
2655 5090 2778 5150 post
2809 5093 3015 5152 patrem
3075 5084 3413 5153 imperasset,
3473 5084 3708 5157 Babylo-

2139 5185 2262 5224 nem
2290 5185 2413 5225 cum
2466 5171 2691 5241 reliquis
2747 5174 3106 5242 translatum;
3161 5174 3441 5242 Danielem,
3481 5193 3610 5233 vero
3639 5194 3707 5234 ac

2139 5272 2250 5318 tres
2292 5277 2490 5333 pueros
2517 5265 2845 5334 captivitatis
2872 5266 3035 5338 hujus
3056 5279 3378 5336 consortes;
3409 5284 3532 5326 eum
3570 5285 3708 5326 vero

2211 5465 2288 5530 ('7)
2317 5463 2395 5518 Id.
2433 5465 2590 5528 ibid.,
2623 5481 2774 5520 num.
2807 5465 2897 5527 6|,
2926 5464 3015 5530 62,
3047 5466 3136 5529 63,
3161 5465 3249 5531 64,
3281 5465 3370 5529 65,
3399 5465 3487 5521 66.

2209 5535 2307 5608 (8)
2337 5535 2652 5602 Combetis.,
2716 5537 2934 5590 Auctar.
3000 5538 3218 5600 nouiss.,
3283 5547 3414 5590 tum.
3472 5535 3516 5603 Ι,
3575 5552 3705 5608 pag.

2247 5605 2273 5636 θ,
3577 5605 3593 5607 _
3653 5605 3675 5608 _

2140 5605 2499 5750 ὅοῶῗίῖὲξπ..
2522 5673 2792 5750 Hippolyt.
2808 5686 2957 5750 tom.
2983 5676 3005 5732 I
3036 5675 3351 5750 Opp.,__pag.
3381 5676 3486 5731 275
3503 5685 3564 5750 et~
3583 5693 3704 5750 seq.

2211 5745 2323 5820 (Ψ)
2346 5745 2488 5820 Bibl.
2530 5745 2646 5799 ΡῬ.
2678 5745 3122 5820 Ιέίιςάυηψιρηί.
3145 5745 3358 5820 XXVII,
3382 5763 3504 5820 pag.
3541 5748 3632 5804 62.

2214 5815 2261 5885 (I
2277 5816 2326 5886 I)
2351 5815 2743 5888 Chronograph.
2766 5815 2900 5887 pag.
2924 5817 3049 5885 218,
3077 5819 3148 5872 al.
3177 5818 3297 5873 174.
