3986 6358
209 355 322 412 9.93

1200 356 1287 416 DE
1324 354 1488 416 ’νιτΑ
1527 356 1613 412 ET
1657 351 1973 411 SCRlPTlS
2015 352 2070 407 S.
2111 344 2493 406 ΗῖΡΡΟΪΥΪί.

3369 344 3479 406 θυι

209 483 491 539 Susanna:
517 485 818 559 conjugem
853 486 1018 544 dicit:
1058 501 1158 542 nec
1193 485 1371 541 aliena
1398 494 1482 541 est
1508 501 1539 538 a
1575 484 1801 538 veritate
1828 485 1876 543 Α
1903 485 2117 548 εθτυηῑ-
2152 475 2205 530 Μ
2234 490 2363 530 νθνο
2394 472 2652 545 Decum”
2705 469 2944 543 Spiritus
2980 468 3206 524 ηυηιίηθ
3236 483 3300 522 ³ο
3339 484 3474 525 θθηδ

207 586 512 630 sententia.
528 596 547 628 ι

278 667 495 723 Verum
522 679 586 724 ut
620 669 724 726 hac
775 671 842 726 de
884 685 943 725 re
989 669 1204 740 plenius
1237 669 1418 725 adhuc
1442 668 1796 730 edoceamur,

203 762 278 816 el.
311 761 594 816 editorem
623 764 696 816 ita
724 763 1032 832 loquentem
1082 763 1372 818 audiamus
1395 761 1511 830 (19..)
1540 778 1554 815 :
1583 757 1796 824 «Quod,

204 853 411 923 inquit,
445 862 790 923 reprzesento
823 853 1094 926 Hippolyti
1145 868 1284 924 opus
1313 854 1381 908 de
1409 851 1675 907 Susanna:
1717 850 1800 904 bi-

200 947 379 999 storia
421 945 563 1014 (non
601 946 781 1015 ipsum
815 945 951 999 forte
985 946 1275 1015 integrum,
1306 944 1399 1000 sed
1423 944 1584 1014 quale
1609 952 1800 998 auctor

198 1036 431 1092 Catena:
461 1035 650 1104 Regia:
689 1037 743 1092 in
775 1036 1138 1108 Scripturam,
1174 1037 1444 1107 ejusmodi
1475 1046 1796 1092 catenarum

201 1129 432 1183 licentia
470 1128 635 1198 quasi
665 1144 765 1199 per
796 1129 968 1184 electa
1013 1145 1127 1184 sum
1158 1127 1486 1198 expositioni
1544 1127 1796 1195 inseruit)

199 1221 390 1290 ipsum
420 1221 673 1284 videtur,
697 1220 841 1291 quod
872 1221 934 1274 de
963 1219 1182 1274 Daniele
1235 1217 1512 1287 inscripsit
1537 1217 1798 1287 Hierony-

203 1328 352 1378 mus,
411 1328 483 1366 ac
513 1311 750 1367 Photius
797 1312 951 1367 alteri
985 1311 1103 1380 ejus
1139 1311 1211 1365 De
1264 1311 1591 1365 Amic/triste
1641 1310 1798 1364 lucu-

205 1406 450 1460 brationi
477 1405 684 1476 jungit.
721 1405 966 1474 Simplici
995 1405 1252 1475 allegoria
1283 1404 1365 1458 sic
1397 1405 1708 1460 Susannam
1739 1405 1794 1458 in

205 1496 471 1551 Ecclesia:
502 1507 692 1568 typum
719 1497 972 1562 assumit,
1015 1505 1075 1550 ut
1103 1497 1226 1565 ejus
1251 1495 1513 1565 temporis
1539 1495 1795 1551 Ecclesia:

203 1599 408 1642 statum
465 1589 878 1660 nonnullosque
945 1589 1118 1644 obiter
1193 1589 1333 1644 ritus
1393 1589 1795 1644 ecclesiasticos

204 1682 460 1748 gnaviter
505 1681 719 1750 aperiat
759 1698 773 1734 :
826 1679 894 1734 de
934 1679 1190 1750 baptismi
1243 1681 1517 1744 unctione,
1558 1679 1625 1735 de
1675 1681 1795 1750 ejus

201 1773 309 1826 ritu
337 1774 588 1828 solemni
621 1774 676 1827 in
712 1772 944 1838 Pascha,
974 1789 1069 1844 per
1094 1773 1250 1842 cujus
1275 1774 1620 1829 occasionem
1650 1788 1793 1843 pra:-

205 1867 359 1936 cipue
393 1867 456 1922 in
491 1867 798 1922 Ecclesiam
829 1871 1080 1924 saevirent
1107 1867 1278 1922 Judaai
1304 1878 1356 1922 et
1384 1867 1622 1933 ethnici;
1647 1867 1792 1937 quod

207 1958 340 2013 forte
363 1959 670 2015 molestius
719 1959 992 2014 habebant
1038 1959 1154 2014 ﬁeri
1199 1974 1371 2021 novos
1427 1958 1790 2027 Christianos,

207 2067 365 2120 quam
407 2067 541 2106 esse
568 2052 682 2121 jam
711 2061 938 2107 veteres.
988 2051 1080 2107 Sic
1131 2067 1272 2119 saepe
1304 2051 1360 2105 in
1404 2049 1555 2106 Actis
1581 2061 1790 2123 marty-

206 2157 321 2197 rum
351 2143 644 2207 videmus,
675 2144 769 2213 qui
792 2158 982 2199 recens
1007 2142 1078 2198 ad
1120 2141 1326 2198 Christi
1353 2151 1533 2199 castra
1565 2144 1792 2199 transie-

204 2244 348 2296 runt,
377 2251 452 2288 ac
482 2243 792 2306 martyrum
835 2250 1000 2306 opera
1044 2244 1380 2301 reverentur,
1412 2236 1561 2306 ipsos
1589 2237 1655 2290 ad
1676 2251 1791 2306 pae-

206 2341 303 2382 nas
322 2337 604 2392 vocatos;
638 2342 764 2381 cum
788 2325 1216 2382 innumerabiles
1240 2327 1333 2382 alii
1367 2327 1663 2384 Christiani
1698 2343 1789 2384 es-

203 2429 344 2482 sent,
367 2419 589 2488 quibus
643 2425 959 2488 parceretur
985 2424 1040 2473 et
1090 2418 1184 2487 qui
1223 2419 1310 2472 vix
1363 2419 1534 2473 latere
1573 2419 1788 2488 judices

201 2521 451 2578 possent.
485 2512 655 2566 Extra
679 2512 822 2566 enim
854 2510 1276 2566 Diocletianeam
1303 2511 1490 2566 Romae
1529 2525 1788 2581 persecu-

202 2602 435 2666 tionem,
471 2603 569 2655 vix
602 2617 843 2672 unquam
878 2601 934 2656 in
953 2598 1310 2666 Christianos,
1339 2602 1432 2672 qui
1458 2601 1569 2672 jam
1604 2601 1786 2671 plures

197 2705 386 2748 essent
415 2702 473 2748 et
504 2694 772 2763 populum
802 2693 1063 2758 facerent,
1091 2709 1156 2748 ac
1201 2692 1520 2758 Ecclesium,
1553 2694 1632 2749 sic
1666 2695 1787 2748 uni-

195 2799 358 2840 verse
389 2786 650 2840 saevitum
697 2795 800 2850 est,
852 2794 914 2840 ut
963 2787 1142 2841 omnis
1173 2787 1291 2856 ipsa
1338 2785 1630 2841 multitudo
1674 2801 1782 2840 una

197 2878 358 2946 quasi
401 2877 642 2933 furentis
675 2878 953 2961 mucronis
1002 2889 1338 2949 quaereretur
1360 2879 1636 2935 victima.»
1656 2879 1783 2934 Hmc

195 2966 598 3024 Combelisius.

269 3059 467 3115 Brevis
500 3060 594 3114 hic
630 3061 1058 3116 commentarius
1094 3063 1374 3119 historiam
1403 3063 1668 3122 Susanna;
1701 3069 1783 3122 al-

197 3151 441 3221 legorice
469 3153 720 3222 exponit.
751 3154 811 3207 S.
834 3151 1153 3226 Hippolytus
1174 3156 1328 3222 dicit,
1351 3159 1494 3227 quod
1527 3157 1778 3216 Susanna
1808 3173 1849 3231 α

199 3243 467 3299 Ecclesia:
495 3245 720 3313 gerebat
775 3245 1022 3316 ﬁguram;
1062 3247 1308 3303 Joachim
1355 3265 1483 3305 vero
1526 3253 1608 3306 vir
1637 3254 1778 3324 ejus,

199 3333 430 3388 Christi.
500 3332 710 3390 Hortus
782 3349 878 3389 seu
931 3337 1236 3404 pomarium
1286 3339 1501 3392 vocatio
1557 3349 1780 3395 sancto-

206 3441 347 3488 rum,
382 3425 480 3494 qui
541 3434 800 3496 tanquam
850 3426 1143 3483 fructiferae
1194 3429 1416 3484 arbores
1455 3429 1510 3483 in
1540 3431 1779 3486 Ecclesia

206 3516 427 3584 plantati
485 3525 641 3570 sunt.
699 3516 939 3588 Babylon
966 3519 1202 3575 mundus
1253 3529 1356 3575 est.
1392 3520 1508 3576 Duo
1537 3523 1780 3580 seniores

213 3609 348 3664 duos
372 3611 605 3678 populos
637 3611 871 3680 ﬁgurare
900 3620 1216 3678 noscuntur,
1243 3613 1337 3683 qui
1368 3613 1622 3670 Ecclesia:
1649 3616 1781 3671 insi-

217 3697 338 3752 dias
369 3710 576 3755 struere
608 3717 721 3756 non
751 3703 1076 3770 cessabant;
1113 3720 1305 3774 nempe
1333 3704 1552 3764 Judaeos
1575 3719 1628 3763 et
1649 3725 1780 3778 gen-

216 3791 344 3846 tiles
377 3791 500 3862 (l3).
532 3792 647 3848 Cur
679 3805 860 3847 autem
897 3794 1128 3849 historia
1175 3795 1443 3851 Susannze
1474 3799 1529 3852 in
1555 3783 1563 3791 ’
1585 3799 1690 3854 ﬁne
1713 3800 1779 3854 li-

208 3885 294 3939 bri
319 3884 558 3942 Danielis
584 3885 875 3954 referatur,
911 3903 1033 3941 cum
1079 3898 1258 3944 tamen
1293 3905 1380 3945 res
1407 3900 1536 3946 nota
1565 3903 1618 3946 et
1644 3907 1779 3947 con-

203 3986 404 4031 testata
429 3979 523 4044 sit,
551 3978 700 4047 quod
732 3984 860 4031 ante
889 3978 1073 4032 omnia
1115 3978 1219 4034 alia
1251 3995 1280 4033 a
1315 3982 1578 4052 propheta
1607 3985 1774 4038 relata

203 4067 345 4122 facta
400 4070 726 4139 contigerit?
772 4068 1083 4139 Respondet
1139 4069 1196 4125 S.
1261 4070 1586 4144 Hippolytus
1619 4075 1772 4146 (ll):

201 4160 296 4217 Sic
362 4163 700 4231 scriptorum
752 4175 1036 4218 sacrorum
1088 4164 1334 4219 moribus
1395 4176 1772 4236 comparatum

197 4270 342 4320 esse,
375 4265 435 4310 ut
471 4272 579 4310 non
614 4271 786 4326 pauca
812 4258 1026 4312 inverso
1072 4259 1262 4314 ordine
1311 4259 1612 4315 litterarum
1665 4277 1777 4316 mo-

199 4350 483 4405 numentis
504 4351 821 4420 consignata
853 4351 1084 4405 tradant.
1107 4349 1241 4405 Nam
1265 4351 1428 4406 etiam
1461 4351 1514 4406 in
1537 4353 1773 4421 pr0phe-

195 4444 271 4496 tis
299 4443 570 4513 quasdam
597 4442 835 4498 visiones
862 4443 1184 4498 oﬂ'endimus
1214 4443 1368 4514 prius
1393 4446 1732 4515 conscriptas
1752 4489 1766 4513 ,

197 4549 264 4589 ac
287 4549 486 4590 rursus
536 4535 588 4588 in
621 4535 909 4604 postremis
955 4535 1173 4601 relatas,
1213 4550 1337 4605 quae
1369 4536 1548 4604 primo
1585 4538 1766 4592 conti-

265 4776 386 4848 (ίῗτ)
419 4775 739 4848 ςοῃψῡηεη
771 4777 807 4831 ι.
833 4795 882 4832 c.
914 4794 1038 4848 pag.
1075 4779 1166 4835 63.

281 4845 386 4912 15)
420 4846 480 4900 S.
505 4846 776 4918 Hippolyt.
808 4851 864 4900 in
899 4845 1219 4904 Sus—annum.

263 4849 381 4986 (14)
421 4917 566 4971 Idem
597 4917 813 4982 ibidem,
842 4920 910 4972 ab
936 4920 1110 4975 initio.

293 4918 381 4982 14)
421 4917 566 4971 Idem
597 4917 813 4982 ibidem,
842 4920 910 4972 ab
936 4920 1110 4975 initio.

261 4987 382 5055 (15)
415 4986 557 5040 «Hoc
591 5003 738 5044 nunc
764 5003 981 5058 quoque
1020 4992 1070 5044 in
1097 4989 1337 5047 Ecclesia
1372 4992 1581 5056 impleri
1617 4992 1764 5046 inve-

192 5058 336 5131 nias.
364 5058 514 5131 Cum,
536 5059 679 5131 enim
711 5059 823 5112 duo
865 5060 1048 5131 populi
1092 5062 1470 5116 consenserint
1503 5072 1561 5117 nt
1596 5078 1762 5131 quos-

191 5130 318 5181 dam
365 5128 432 5200 de
480 5128 715 5200 Ecclesia
747 5130 992 5200 perdant,
1028 5132 1168 5185 diem
1216 5142 1398 5200 aptum
1439 5128 1761 5199 observant;

193 5197 539 5267 ingressique
589 5199 644 5251 in
696 5200 920 5252 domum
962 5199 1054 5253 Dei
1087 5197 1296 5256 cunctis
1339 5203 1411 5256 ibi
1460 5197 1761 5268 orantibus,

191 5268 480 5342 Deumque
527 5268 898 5342 laudantibus,
942 5274 1307 5342 apprehensos
1335 5273 1599 5342 quosdam
1648 5284 1762 5327 tra-

190 5339 354 5403 bunt,
383 5338 964 5412 tenentqueudicentes
995 5359 1007 5393 :
1048 5339 1241 5412 Venite,
1288 5338 1524 5412 idemque
1565 5343 1666 5412 ipsi
1701 5361 1762 5397 ac

189 5425 284 5461 nos
319 5409 526 5480 sentite,
556 5425 617 5460 ac
646 5408 749 5460 diis
780 5408 976 5480 cultum
1006 5411 1273 5475 adhibete;
1298 5408 1510 5480 quodsi
1537 5408 1764 5467 nolueri-

189 5480 277 5538 tis,
314 5479 677 5532 testimonium
721 5479 993 5532 adversum
1023 5498 1106 5534 vos
1139 5479 1392 5536 dicemus.
1424 5481 1532 5538 Eos
1582 5495 1757 5538 autem

187 5551 280 5617 qui
325 5549 625 5611 noluerint,
660 5549 728 5602 ad
769 5550 1054 5604 tribunalia
1086 5553 1358 5605 adducunt
1397 5563 1451 5607 et
1482 5564 1757 5617 accusant,

188 5621 335 5673 velut
357 5619 452 5688 qui
491 5623 659 5688 aga'nt
692 5629 879 5673 contra
913 5621 1186 5674 decretum
1212 5621 1464 5687 Caesaris,
1497 5639 1560 5678 ac
1591 5635 1762 5679 morte

186 5689 812 5756 damnant...»Etpaulo
845 5689 982 5743 inl'ra
1017 5690 1474 5746 :«Ecclesiaenim
1503 5695 1699 5750 nedum
1728 5712 1758 5747 a

185 5756 383 5816 ludatis
409 5760 672 5830 afﬂigitur
701 5774 764 5814 ac
793 5763 1070 5830 angustias
1103 5763 1323 5831 patitur,
1360 5780 1545 5818 verum
1595 5767 1755 5821 etiam

1903 569 2028 624 silio
2057 569 2238 630 ﬁebat,
2272 581 2339 621 ne
2361 565 2612 621 diabolus
2658 564 2983 634 intelligeret
3034 576 3154 633 quae
3198 561 3479 630 prophetis

1902 661 1958 715 in
1982 659 2257 730 parabolis
2287 658 2432 712 dicta
2464 662 2639 720 erant,
2691 669 2755 709 ac.
2795 654 2975 708 denuo
3024 653 3090 706 ad
3144 650 3481 721 perdendum

1900 766 2095 805 rursus
2133 749 2410 803 hominem
2457 747 2684 816 laqueos
2731 745 2996 800 tenderet.
3047 741 3173 798 Haec
3213 741 3480 796 sententia

1903 842 2153 911 proxime
2204 839 2416 894 accedit
2468 839 2536 893 ad
2570 838 2742 899 illam,
2807 851 2970 906 quam
3004 833 3062 889 S.
3112 833 3480 906 Hieronymus

1901 932 2027 987 (Ιίκο
2050 929 2277 1000 lgnatio,
2315 943 2414 984 cur
2443 927 2506 982 Β.
2565 925 2628 980 ν.
2685 925 2853 980 Maria
2889 925 2948 979 S.
2981 921 3218 993 Joscpho
3243 921 3477 991 despon.

1899 1036 2018 1082 sata
2046 1024 2231 1090 fuerit,
2263 1022 2533 1078 attribuit.

1969 1116 2235 1171 Caeterum
2264 1129 2494 1185 parvum
2522 1113 2627 1168 hoc
2665 1109 2991 1182 opusculum
3028 1101 3161 1162 nihil
3187 1103 3308 1160 divo
3343 1105 3477 1174 Hip-

1898 1205 2081 1276 polyto
2107 1205 2387 1274 indignum
2413 1203 2693 1267 continet;
2721 1201 2896 1271 ipsum
2922 1199 3084 1254 etiam
3111 1207 3343 1266 tempus,
3368 1211 3478 1264 quo

1897 1297 2257 1367 compositum
2317 1294 2514 1358 fuerat,
2559 1293 2794 1364 perbelle
2833 1309 2955 1347 cum
2985 1291 3183 1346 sarculo
3214 1289 3378 1358 hujus
3413 1291 3471 1344 S.

1897 1381 2075 1438 Patris
2108 1382 2424 1458 concordat.
2452 1379 2713 1435 Videmus
2737 1381 2879 1436 enirn
2908 1380 3124 1434 Judzeos
3148 1387 3199 1432 et
3228 1379 3476 1448 gentiles,

1895 1473 2351 1544 quemadmodum
2402 1474 2490 1528 hic
2540 1482 2730 1528 auctor
2768 1471 3065 1535 adnotavit,
3099 1474 3476 1542 conspirantes

1896 1565 2159 1620 adversus
2206 1563 2531 1630 Ecclesiam,
2565 1571 2886 1618 accusantes
2933 1563 3298 1630 Christianos,
3329 1564 3474 1635 quod

1896 1665 2085 1711 contra
2139 1655 2416 1711 Caesarum
2467 1657 2682 1711 decreta
2737 1663 2919 1723 agant,
2959 1663 3354 1725 proptereaque
3405 1655 3474 1709 ad

1894 1747 2187 1802 tribunalia
2218 1748 2481 1802 adductos
2533 1763 2598 1802 ac
2646 1756 2822 1802 morte
2860 1746 3149 1800 damnatos
3179 1747 3327 1815 (l5);
3360 1747 3474 1801 haec

1825 1837 1868 1893 Β
1894 1849 2074 1895 autem
2099 1839 2495 1910 persecutionis
2517 1839 2769 1909 adjuncta
2799 1839 2865 1892 ad
2907 1839 3117 1892 initium
3149 1847 3200 1892 et
3231 1838 3472 1893 medium

1894 1932 2075 1988 sazculi
2104 1931 2248 1987 tertii
2276 1931 2570 1986 observare
2593 1941 2697 1986 est.
2727 1929 2966 1985 Tandem
3001 1939 3252 1984 auctores
3287 1928 3474 1982 Hirro--

1893 2019 1985 2072 ria:
2033 2016 2313 2070 litterariae
2358 2014 2660 2071 Galliarum
2694 2015 2839 2084 regni
2861 2014 3303 2068 animadvertunt
3356 2015 3470 2086 (16)

1891 2109 2185 2164 verisimile
2225 2122 2370 2170 esse,
2410 2108 2563 2161 illam
2601 2122 2824 2176 parvam
2864 2107 3256 2176 expositionem
3302 2107 3474 2164 fuisse

1892 2201 2174 2256 homiliam
2217 2200 2285 2255 ab
2314 2197 2602 2271 Hippolyto
2630 2200 2696 2252 ad
2728 2199 2988 2269 populum
3015 2198 3239 2254 dictam.

2409 2308 2808 2365 ARTICULUS
2855 2309 2945 2364 IV.

2003 2417 2072 2456 DE
2109 2415 2394 2456 TRAC'I‘ATU
2421 2416 2510 2464 QUI
2544 2416 2881 2456 INSCRIBITUR
2915 2420 2934 2454 ι
2962 2417 3376 2460 DEIONSTBATIO

2339 2496 2342 2498 ‘
2389 2486 2660 2526 ADVERSUS
2681 2487 2913 2527 ιιωεοε.
2948 2491 2966 2524 1

1957 2580 2090 2648 Quae
2137 2585 2296 2639 tertio
2352 2583 2600 2653 sequitur
2631 2583 3028 2638 Demonstralio
3082 2585 3330 2640 adversus
3364 2583 3470 2638 Ju-

1887 2674 2054 2739 dmos,
2085 2675 2366 2746 designata
2415 2675 2766 2732 existimatur
2796 2676 2850 2730 in
2886 2676 3146 2732 laterculo
3195 2677 3465 2749 Hippolyti

1889 2765 2124 2833 lapideo,
2146 2767 2240 2821 ubi
2264 2767 2408 2822 linea
2434 2767 2606 2836 prima
2635 2767 2718 2822 has
2741 2767 2930 2822 littera:
2950 2779 3263 2838 comparent
3286 2770 3464 2832 IOYC;

1884 2857 1939 2930 id
1971 2867 2072 2923 est,
2125 2866 2186 2913 ut
2233 2859 2509 2914 nonnullis
2560 2861 2759 2924 visum,
2788 2859 3113 2925 Ἀποδείξεις
3160 2861 3296 2932 πρὸς
3338 2863 3466 2927 τοὺς

1897 2949 2200 3015 Ἰουδαίους.
2231 2949 2426 3007 Varias
2460 2952 2697 3006 virorum
2748 2953 3084 3007 eruditorum
3115 2953 3463 3023 conjecturas

1882 3043 2132 3111 exposuit
2163 3041 2227 3096 V.
2257 3042 2319 3096 C.
2361 3043 2644 3098 Fabricius
2677 3053 2808 3098 tom.
2843 3042 2863 3096 l
2926 3043 3088 3114 Opp.,
3118 3060 3171 3114 p.
3202 3045 3290 3098 80.
3330 3043 3464 3100 Utut

1883 3130 1957 3186 sit
1993 3131 2061 3186 de
2109 3133 2355 3188 laterculi
2406 3132 2783 3202 inscriptione,
2821 3135 2956 3188 nihil
2984 3135 3036 3188 in
3069 3136 3336 3204 Opusculo
3369 3151 3463 3190 oc-

1884 3223 2055 3278 currit
2084 3226 2227 3293 quod
2261 3226 2334 3279 sit
2361 3223 2649 3295 Hippolyto
2678 3226 2982 3298 indignum,
3031 3227 3166 3280 nihil
3211 3228 3358 3298 quod
3392 3227 3462 3282 il-

1881 3313 1988 3370 lius
2012 3314 2157 3368 aetati
2198 3330 2305 3368 non
2339 3326 2624 3386 congruat.
2672 3315 2938 3371 Praeterea
2971 3317 3226 3372 laudatur
3252 3319 3459 3388 passim

1882 3405 1952 3459 ab
1988 3417 2212 3462 auctore
2260 3406 2372 3477 (l7)
2411 3408 2513 3463 sub
2547 3408 2858 3464 Salomonis
2907 3410 3123 3465 nomine
3171 3411 3460 3480 Sapientiae

1881 3496 2016 3552 liber
2052 3515 2065 3550 :
2095 3500 2242 3566 quod
2283 3499 2500 3569 quidem
2547 3497 2733 3553 lrenazi
2783 3499 3109 3570 discipulum
3165 3501 3220 3554 in
3264 3502 3457 3570 primis

1881 3588 2055 3654 decet,
2101 3599 2158 3644 ut
2191 3591 2324 3646 viris
2368 3591 2540 3646 doctis
2583 3593 3020 3648 animadversum
3052 3593 3186 3665 (l8).
3231 3595 3459 3650 Acredit

1881 3679 2179 3733 auctoritas
2224 3681 2421 3735 veteris
2467 3682 2690 3745 codicis,
2745 3682 2887 3736 unde
2942 3683 3246 3737 versionem
3295 3701 3452 3740 suam

1880 3770 2164 3824 adornavit
2199 3769 2524 3828 Franciscus
2553 3772 2875 3828 Turrianus.
2915 3772 3052 3828 Hinc
3085 3775 3308 3830 minime
3351 3792 3452 3831 au-

1879 3860 2106 3916 diendus
2143 3859 2462 3932 Basnagius,
2492 3864 2606 3933 qui,
2647 3873 2706 3917 ut
2735 3864 2842 3917 duo
2867 3865 3221 3932 praecedentia
3245 3865 3450 3936 Hippo-

1879 3949 1972 4020 lyti
2007 3951 2208 4019 scripta
2249 3959 2504 4021 tanquam
2536 3954 2724 4008 lictitia
2748 3955 2975 4023 respuit,
3003 3955 3082 4010 sic
3107 3956 3270 4010 etiam
3302 3957 3447 4012 istud

1878 4041 2164 4115 Hippolyto
2186 4044 2526 4114 suppositum
2552 4046 2702 4102 ducit
2735 4046 2869 4117 (19).
2895 4045 3000 4102 Sed
3025 4049 3443 4118 superciliosum

1877 4149 2156 4189 censorem
2188 4135 2550 4201 dimittamus,
2579 4137 2793 4206 sibique
2835 4138 2930 4192 uni
2980 4140 3183 4208 sapiat;
3219 4140 3313 4210 qui
3360 4140 3448 4194 ni-

1876 4225 2077 4280 mirum
2101 4241 2169 4281 ne
2189 4243 2358 4281 unum
2387 4228 2604 4297 quidem
2638 4229 2865 4284 verbum
2899 4229 3158 4300 proferat,
3187 4247 3296 4301 quo
3330 4233 3443 4287 sal-

1876 4325 1981 4371 tem
2009 4317 2276 4389 signiticet
2311 4334 2410 4374 cur
2436 4319 2509 4374 ita
2533 4320 2752 4375 demum
2785 4323 3001 4377 sentiat.
3044 4321 3296 4376 Turriani
3318 4339 3444 4378 ver-

1875 4408 2080 4463 sionem
2116 4410 2351 4478 primum
2379 4412 2546 4467 edidit
2573 4411 2900 4469 Possevinus
2928 4414 3063 4482 (20),
3094 4415 3289 4470 deinde
3335 4413 3443 4468 lm-

1803 4511 1844 4565 ι)
1873 4496 2103 4552 bonatus
2137 4497 2274 4568 (21),
2309 4509 2586 4569 postremo
2627 4501 2910 4558 Fabricius
2940 4502 2993 4555 in
3022 4502 3201 4572 priore
3242 4502 3442 4575 Hippo-

1867 4797 1901 4918 ἒ
1935 4783 2202 4906 gregalibus.
2230 4803 2248 4836 ι
2283 4783 2494 4854 Hippol.
2530 4786 2584 4838 in
2615 4783 2822 4840 Daniel.
2848 4797 2896 4840 et
2939 4786 3192 4868 S_usann.,
3228 4798 3360 4846 tom.
3392 4790 3434 4858 l,

1906 4887 1924 4906 .
1963 4868 2009 4905 Ἰ
2057 4893 2071 4907 .

1906 4887 1924 4906 ο
1947 4868 2071 4907 210.

2089 4921 2233 4977 Hist.
2265 4924 2425 4979 littér.
2455 4923 2518 4976 de
2565 4923 2619 4976 la
2654 4923 2861 4979 France
2884 4966 2897 4990 ,
2940 4935 3068 4983 tom.
3118 4928 3160 4994 Ι,
3213 4940 3354 5000 part.
3391 4947 3432 4987 ι.

1866 5005 1917 5060 p.
1950 4992 2074 5047 569.

1963 5061 2050 5134 l_7_)
2090 5061 2381 5134 Hippolyt..
2417 5065 2536 5118 adv.
2572 5062 2725 5134 Jud,
2763 5080 2884 5133 cap.
2925 5084 2978 5121 Ix
3011 5080 3061 5124 et
3093 5086 3146 5123 x.

2089 5131 2229 5187 Ilist.
2263 5131 2422 5188 littér.
2454 5135 2519 5188 de
2562 5133 2616 5186 la
2666 5131 2893 5200 France,
2950 5149 3078 5194 tom.
3113 5141 3154 5206 l,
3207 5147 3347 5210 part.
3386 5157 3426 5206 ι,

1905 5240 1919 5253 ⁸
1936 5240 2320 5345 hasnag.,
2335 5273 2622 5345 Animadv.
2641 5275 2707 5330 ad
2730 5275 2981 5332 Thesaur.
3001 5277 3073 5333 Ca
3085 5280 3212 5342 nis.,
3231 5288 3361 5334 tom.
3382 5279 3423 5345 l,

1866 5341 2213 5418 p.__il_et_seq.
2241 5343 2432 5398 Judice
2471 5345 2551 5399 Cl.
2580 5345 2816 5418 pupinio
2852 5363 2972 5418 pag.
3010 5348 3110 5401 177
3139 5341 3258 5418 Lat.
3293 5341 3423 5403 edit.

1863 5410 2202 5467 Bibliotheca?
2243 5424 2537 5481 auctorum,
2567 5410 2957 5470 Demonstratio
2997 5428 3178 5471 contra
3207 5417 3422 5473 Iudico:

1864 5481 2095 5552 alicujus
2127 5483 2380 5558 bomil_i_a:,
2406 5494 2500 5538 aut
2548 5486 2688 5541 alius
2736 5488 3018 5558 cujusdam
3064 5490 3246 5557 operis
3279 5487 3422 5558 frag-

1863 5564 2103 5606 mentum
2137 5562 2240 5628 est.
2279 5552 2470 5609 Utrum
2514 5571 2643 5610 vero
2689 5558 2760 5612 sit
2798 5557 3082 5628 Hippolyti,
3102 5552 3293 5613 'eidem
3337 5552 3416 5614 in-

1866 5631 2073 5677 certnm
2110 5623 2338 5678 videtur.
2864 5623 2916 5628 “’
2990 5623 3005 5628 ⁷
3068 5623 3076 5626 ’
3346 5683 3347 5686 η

1933 5691 2044 5833 (20)
2083 5691 2385 5758 Possevin.,
2416 5695 2672 5776 Apparat.
2707 5713 2839 5761 sac.,
2873 5705 2909 5752 t.
2949 5696 2986 5762 Ι,
3010 5711 3064 5767 p.
3095 5695 3352 5756 763-765.

1955 5762 2012 5815 2i
2081 5761 2368 5831 lmbouat.,
2409 5765 2548 5822 Bibl.
2582 5766 2700 5823 Lat.
2736 5767 2921 5833 Hebr.,
2945 5783 2996 5833 p.
3027 5767 3206 5826 74-76.

1955 5761 2042 5833 2i)
2081 5761 2368 5831 lmbouat.,
2409 5761 2548 5822 Bibl.
2582 5766 2700 5823 Lat.
2736 5767 2921 5837 Hebr.,
2945 5761 3206 5838 βίη-76.
