3986 6358
516 362 624 420 295

1494 356 1584 412 DE
1620 355 1785 411 VlTA
1816 355 1906 411 ET
1947 352 2265 411 SCRIPTIS
2302 353 2360 409 S.
2398 350 2784 408 HIPPOLYTI.

3663 349 3772 409 296

516 481 613 553 lyti
644 479 730 537 sui
756 479 1066 545 voiumine;
1108 478 1198 549 qui
1223 487 1408 550 poStea
1442 478 1650 534 codicis
1684 477 1931 533 Vaticani
1969 493 2100 547 apo-
2134 481 2171 538 A
2202 477 2315 542 ire;
2341 475 2473 546 quid
2506 474 2653 529 aliud
2694 473 2799 528 sibi
2839 472 2972 536 vult,
3007 471 3111 526 nisi
3157 470 3303 541 quod
3350 469 3510 526 Lucas
3543 484 3659 534 xvi,
3717 467 3788 523 9.6

519 573 784 643 graphum
812 578 1025 637 na‘ctus,
1056 570 1201 640 quod
1229 584 1352 624 cum
1379 584 1445 624 eo
1483 569 1905 624 communicavit
1931 567 2106 622 Mant-

519 662 807 719 fauconins
833 660 898 715 γ.
931 660 1021 727 C.,
1052 663 1104 715 in
1138 661 1439 731 posteriore
1467 659 1655 715 Graece
1686 669 1739 715 et
1780 659 1974 716 Latine
2014 674 2107 715 eoo

519 755 645 812 dem
707 754 978 811 Turrlano
1022 755 1316 823 interprete
1361 767 1501 823 opus
1546 752 1805 823 vulgavit.
1850 753 1993 807 Idem
2032 752 2102 807 cl.

523 849 701 905 editor
736 847 1047 917 suspicatur
1079 845 1354 900 laudatam
1387 845 1898 899 Demonstratianem
1920 845 2106 899 adver-

519 957 609 997 sus
657 939 875 995 Judwos
932 954 1053 995 esse
1105 939 1433 1009 particulam
1481 939 1980 992 commentariorum
2041 932 2102 992 Β.

522 1034 801 1106 Hippolyti
841 1034 896 1087 in
931 1030 1196 1095 Psalmos,
1226 1046 1352 1086 cum
1411 1032 1486 1088 sit
1532 1033 1700 1087 veluti
1752 1033 2104 1103 paraphrasis

521 1127 726 1183 Psalmi
772 1143 965 1191 vam,
991 1127 1147 1197 juxta
1199 1122 1458 1179 Hebrmos
1482 1140 1633 1191 mx,
1662 1126 1719 1179 in
1762 1139 1873 1194 quo
1922 1123 2103 1193 passio

521 1219 737 1275 Christo
790 1235 821 1274 a
867 1216 1070 1275 Iudaeis
1098 1217 1381 1274 inferenda
1407 1218 1809 1289 praenuntiatur
1838 1232 1869 1271 a
1903 1215 2104 1271 Davide

524 1313 672 1385 regio
702 1312 896 1383 psalle.

1068 1440 1467 1497 ARTICULUS
1510 1441 1571 1497 V.

524 1574 592 1614 DE
618 1572 778 1614 LIBBO
813 1574 835 1611 (
861 1572 1132 1613 Αονειιευε
1168 1571 1407 1618 (ηεροδ,
1436 1573 1532 1611 εει]
1575 1570 1786 1611 CONTRA
1823 1569 2103 1610 PLA’I’ONEH

999 1643 1066 1683 DE
1098 1643 1265 1683 CAUSA
1296 1643 1560 1682 UNIVERSI.
1594 1646 1614 1678 ι

597 1741 803 1809 Quarto
831 1742 951 1795 loco
987 1738 1401 1794 memorandum
1438 1739 1679 1794 occurrit
1713 1737 1926 1808 insigne
1960 1736 2103 1807 frag-

2212 568 2473 623 Dominus
2490 567 2967 638 pronuntiaverat:
2990 563 3059 617 Et
3087 564 3139 617 in
3170 563 3251 616 his
3271 561 3511 616 omnibus
3530 562 3672 615 inter
3693 576 3789 615 nos

2204 670 2253 715 et
2283 677 2368 714 vos
2396 660 2552 714 cltaos
2576 673 2824 729 magnum
2848 657 3120 726 ﬁrmatum
3141 663 3241 720 est,
3258 653 3597 727 ἐστήρικται,
3626 662 3689 707 ut
3710 654 3789 720 hi,

2204 753 2294 822 qui
2319 751 2498 805 volunt
2517 749 2894 809 Itinctransire
2915 748 2984 801 ad
3008 763 3116 812 vos,
3144 762 3248 800 non
3272 747 3498 816 possint,
3515 761 3679 817 neque
3704 745 3792 799 in-

2204 844 2268 897 de
2290 843 2391 897 huc
2416 852 2743 897 transmeare
2762 841 2788 895 ?

2281 952 2300 984 ι
2332 931 2438 988 Eos
2491 932 2670 987 dedita
2719 944 2886 1000 opera
2934 943 3041 983 non
3090 926 3299 995 refello,
3342 927 3439 997 qui
3494 934 3791 981 tractatum

2205 1022 2573 1093 istuntjCaio,
2628 1020 2878 1088 Justino,
2927 1021 3153 1082 lrenreo,
3204 1018 3429 1089 Origeni
3472 1027 3527 1073 et
3571 1017 3794 1073 Meletio

2204 1114 2596 1184 ascripserunt.
2648 1111 2834 1168 Satius
2862 1112 2934 1168 sit
2965 1112 3144 1178 nobis,
3180 1112 3233 1165 in
3265 1111 3622 1182 inscriptione
3652 1111 3796 1181 lapi-

2203 1208 2303 1262 dea
2329 1207 2719 1270 vetustissima,
2743 1220 2865 1275 quae
2893 1205 3192 1260 etiamnum
3223 1212 3422 1267 exstat.
3451 1205 3591 1259 inter
3621 1219 3793 1275 opera

2208 1299 2481 1371 Hippolyti
2507 1300 2825 1355 Portueusis
2844 1298 3085 1369 episcopi
3114 1300 3386 1354 recenseri
3419 1299 3617 1353 librum
3648 1297 3791 1370 πρὸς

2205 1392 2487 1455 Πλάτωνα,
2524 1394 2556 1464 ἢ
2604 1393 2733 1465 περὶ
2777 1391 2868 1447 τοῦ
2920 1389 3138 1454 παντός,
3166 1390 3239 1449 ad
3275 1389 3602 1461 (adversus)
3652 1390 3795 1444 Ριασ-

2206 1497 2398 1548 tonent,
2426 1504 2515 1542 seu
2560 1487 2623 1541 de
2663 1487 2926 1547 universo,
2958 1490 3021 1537 ut
3063 1482 3294 1539 alterum
3325 1483 3474 1540 illius
3503 1493 3791 1554 parentem

2205 1597 2314 1636 non
2346 1594 2678 1650 quaeramus.
2720 1579 2988 1638 Nimirum
3035 1581 3303 1637 accidisse
3350 1587 3566 1650 Oportet
3610 1589 3672 1634 ut
3723 1579 3793 1632 Ii-

2205 1672 2443 1735 brarius,
2487 1688 2610 1727 cum
2654 1673 2709 1727 in
2754 1675 2961 1742 codice,
2988 1690 3151 1744 quem
3180 1689 3292 1743 pne
3315 1672 3489 1728 oculis
3529 1672 3792 1735 habebat,

2207 1762 2414 1830 primas
2450 1761 2716 1816 duntaxat
2754 1762 2996 1819 nominis
3025 1761 3298 1833 Hippolyti
3329 1761 3540 1815 litteras
3569 1760 3795 1816 Graecas

524 1844 769 1890 mentum
815 1833 1058 1901 exglibro
1100 1832 1350 1887 adversus
1394 1829 1632 1895 στρατω,
1663 1830 1753 1900 qui
1798 1825 2106 1884 inscribitur

2213 1825 2625 1918 legeret,"l::no,
2649 1851 2838 1911 deletis
2861 1851 2944 1906 vel
2964 1825 3288 1922 compendio
3313 1850 3626 1920 suppressis
3646 1851 3794 1916 aliis,

524 1930 771 1983 adversus
845 1926 1147 1993 Platonem,
1200 1926 1265 1980 de
1302 1942 1465 1980 causa
1493 1925 1760 1989 uniuersi;
1791 1939 1954 1994 quem
1981 1924 2105 1993 qui-

523 2024 647 2077 dem
682 2023 739 2076 in
772 2020 1036 2076 laterculo
1080 2021 1293 2091 lapideo
1335 2028 1694 2076 memoratum
1724 2017 1933 2082 videas,
1967 2017 2105 2089 πρὸς

526 2113 794 2186 Ἓλληνας
832 2113 926 2168 καὶ
972 2113 1109 2186 πρὸς
1150 2113 1431 2179 Πλάτωνα,
1530 2113 1625 2166 καὶ
1667 2110 1796 2182 περὶ
1827 2109 1919 2164 τοῦ
1966 2126 2103 2164 παν-

525 2206 636 2271 τός.
670 2205 832 2260 Plura
863 2204 930 2260 de
957 2220 1025 2261 eo
1049 2205 1260 2261 erudite
1288 2204 1573 2260 Fabricius
1596 2202 1735 2274 (Ἡ).
1773 2199 1970 2273 Scripti
2005 2201 2107 2255 hu—

526 2297 615 2364 ius
644 2294 949 2368 Hippolytei
991 2295 1307 2366 praestantia
1355 2296 1466 2351 duo
1497 2303 1773 2363 excerpta,
1804 2302 1857 2348 et
1884 2291 2103 2362 quidem

500 2389 687 2457 editis
722 2386 1112 2456 emendatiora,
1146 2396 1364 2444 exstant
1395 2387 1450 2441 in
1484 2384 1773 2441 Parallelis
1818 2383 2107 2439 Damasce-

526 2477 669 2533 nicis
718 2476 1165 2547 Rupcfucaldinis
1214 2492 1338 2548 pag.
1375 2477 1480 2532 755
1526 2485 1582 2533 et
1624 2475 1748 2539 789.
1779 2476 2104 2546 quibuscum

528 2578 815 2640 propterea
846 2570 1050 2626 editum
1088 2568 1476 2626 Fabricianum
1509 2568 1745 2626 contulit
1790 2568 1857 2625 cl.
1887 2568 2109 2625 Callan-

528 2661 674 2716 dius.

599 2776 1050 2848 Quandoquidem
1085 2791 1218 2833 vero
1249 2777 1317 2833 de
1341 2776 1505 2847 hujus
1543 2775 1725 2845 operis
1761 2783 1986 2830 auctore
2012 2788 2108 2828 va-

532 2869 613 2924 ria
658 2881 772 2925 tum
824 2877 1107 2937 veterum,
1156 2880 1273 2924 tum
1311 2869 1674 2925 recentiorum
1725 2864 2110 2923 circumfertur

533 2963 738 3033 opinio,
787 2962 840 3017 in
876 2962 1112 3017 medium
1151 2961 1423 3016 adducere
1454 2961 1630 3030 placet
1655 2960 1940 3031 Lequienii
1963 2960 2110 3032 judi-

532 3054 706 3117 cium;
743 3052 901 3121 cujus
943 3051 1162 3121 quidem
1210 3051 1312 3105 viri
1359 3051 1662 3107 d‘octissimi
1688 3051 2013 3105 sententiam
2045 3050 2111 3104 li-

532 3146 724 3201 benter
758 3144 1154 3214 amplectimur.
1209 3143 1302 3198 Sic
1354 3142 1520 3212 igitur
1548 3143 1653 3197 'ille
1680 3144 1792 3213 (25)
1826 3163 1837 3198 :
1881 3162 1900 3195 ι
1930 3141 2111 3198 Lucu-

532 3235 800 3291 brationis
843 3235 1005 3305 hujus
1035 3232 1172 3305 Περὶ
1216 3232 1311 3287 τοῦ
1355 3233 1576 3297 παντός,
1614 3232 1687 3287 De
1721 3234 1982 3298 universo,
2010 3249 2108 3288 ex-

533 3339 778 3398 cerptum
822 3325 967 3380 aliud
997 3324 1227 3379 habetur
1260 3324 1314 3378 in
1351 3325 1437 3380 his
1465 3322 1750 3379 Parallelis
1782 3324 2111 3395 Rnpefucal—

533 3418 699 3482 dinis,
750 3417 851 3471 litt.
900 3430 952 3481 a,
984 3415 1067 3470 tit.
1100 3414 1188 3480 71,
1242 3415 1332 3469 ubi
1379 3414 1590 3469 Meletio
1639 3414 1961 3470 Antiocheno
2011 3416 2109 3470 tri-

535 3506 743 3561 buitur.
810 3504 1035 3559 Photius
1088 3503 1200 3575 (24)
1261 3505 1363 3560 hoc
1406 3505 1545 3560 idem
1605 3520 1741 3576 opus
1775 3508 2110 3577 assignatum

534 3597 706 3653 fuisse
732 3606 920 3652 narrat
945 3599 1147 3653 sanctis
1170 3596 1407 3665 Justino,
1444 3592 1651 3654 [remeo
1675 3608 1729 3653 et
1753 3596 1886 3653 Caio
1912 3598 2114 3654 Roma-

534 3706 620 3745 nae
663 3689 922 3745 Ecclesiae
950 3690 1286 3764 presbytero.
1332 3689 1555 3760 Josephi
1600 3691 1819 3760 quidem
1850 3706 1957 3744 non
1990 3705 2113 3745 esse

534 3782 705 3836 fetum
733 3782 858 3837 inde
883 3783 1189 3839 certissime
1217 3795 1470 3839 constare
1489 3785 1745 3848 arbitror,
1768 3785 1910 3854 quod
1940 3784 2114 3839 ambae

535 3876 654 3931 ista:
705 3876 934 3942 laciniae,
974 3876 1085 3930 imo
1135 3885 1308 3931 totum
1352 3876 1737 3947 fragmentum,
1788 3876 1931 3947 quod
1986 3875 2113 3932 lla:-

535 3968 774 4025 schelius
797 3970 850 4024 in
883 3970 1026 4024 notis
1057 3970 1124 4025 ad
1153 3968 1409 4025 Photium
1444 3969 1630 4025 Graece
1661 3971 1846 4036 edidit,
1874 3985 1939 4023 ac
1959 3968 2112 4024 Grat—

535 4076 598 4117 ce
625 4061 921 4132 Latineque
943 4061 1251 4133 Stephanus
1271 4063 1345 4118 Le
1366 4062 1560 4135 Moyne
1583 4064 1725 4117 inter
1760 4061 1920 4115 Varia
1935 4079 2110 4129 sacra,

535 4153 930 4220 Christianum,
954 4171 1065 4209 non
1099 4153 1345 4212 Judmum
1381 4164 1657 4210 auctorem
1692 4154 1942 4223 prodant.
1975 4152 2112 4209 Nam

536 4245 816 4302 Christum
844 4262 965 4303 esse
991 4247 1166 4302 Deum
1196 4246 1437 4302 Verbum
1472 4247 1652 4310 docet,
1679 4248 1790 4300 imo
1826 4245 1997 4301 Deum
2029 4246 2113 4301 fa-

537 4354 684 4395 etum
715 4339 1015 4407 hominem,
1040 4339 1172 4394 Θεὸν
1200 4339 1713 4413 ὲνανθρωπήσαντα.
1762 4338 2115 4409 Evangelicas

537 4433 763 4502 insuper
789 4432 1092 4488 locutiones
1138 4440 1193 4487 et
1238 4431 1534 4488 sententias
1569 4440 1814 4500 usurpat.
1845 4430 1935 4485 Sic
1967 4433 2112 4485 enim

2137 3188 2178 3245 C

2209 1940 2337 1996 hinc
2370 1942 2669 1997 arbitratus
2698 1944 2792 2020 sit,
2821 1943 2992 2000 fuisse
3019 1944 3284 2013 scriptum
3328 1940 3615 1998 Ἰωσίππου
3651 1942 3796 2015 (25),

2208 2031 2351 2086 unde
2394 2049 2531 2103 opus
2560 2031 2798 2103 Juscpho
2840 2035 3240 2089 restituendum
3273 2034 3538 2090 intulerit.
3579 2034 3796 2089 Aucto-

2208 2140 2320 2178 rem
2351 2136 2514 2194 porro
2545 2141 2648 2179 non
2674 2124 2917 2180 Platonis
2945 2126 3234 2196 Opiniones
3260 2134 3656 2196 propugnasse.
3694 2126 3797 2181 sed

2208 2216 2385 2286 potius
2414 2217 2783 2286 impugnasse,
2807 2217 3053 2287 adeoque
3085 2217 3372 2289 legendum
3402 2233 3525 2274 esse
3559 2219 3650 2286 (in
3685 2217 3798 2272 Pa-

2207 2307 2409 2363 rallelis
2450 2317 2503 2363 et
2535 2309 2590 2363 in
2633 2308 2813 2378 operis
2856 2309 3253 2379 inscriptione)
3300 2308 3442 2363 κατὰ
3476 2308 3793 2376 Πλάτωνος,

2210 2408 2264 2454 et
2293 2414 2402 2455 non
2438 2399 2578 2455 κατὰ
2608 2398 2894 2466 Πλάτωνα,
2921 2400 3035 2470 jam
3068 2400 3172 2455 viri
3214 2400 3361 2455 docti
3405 2401 3793 2455 observarunt.

2211 2492 2278 2548 Et
2301 2504 2446 2550 certe
2468 2494 2522 2548 in
2547 2494 2633 2549 his
2656 2493 2978 2565 fragmentis
3002 2491 3405 2548 Platonicorum
3437 2493 3798 2564 philosopho-

2211 2602 2333 2641 rum
2384 2587 2453 2640 de
2500 2586 2714 2641 inferno
2746 2586 2940 2641 fabulae
2981 2600 3047 2640 ac
3081 2584 3272 2640 naenia:
3298 2584 3473 2639 dedita
3508 2599 3675 2655 opera
3704 2600 3795 2640 re-

2209 2678 2467 2734 felluntur
2500 2679 2995 2749 explodunturque,
3029 2678 3227 2733 horum
3286 2677 3409 2733 loco
3457 2677 3794 2744 substitutis,

2209 2787 2332 2844 quae
2363 2772 2672 2828 Christiana
2708 2773 2840 2828 ﬁdes
2880 2771 3063 2836 tradit,
3091 2771 3137 2827 si
3167 2786 3340 2842 pauca
3366 2772 3579 2836 demas,
3609 2786 3737 2840 quae
3762 2785 3797 2824 a

2210 2866 2485 2923 connnnni
2509 2864 2905 2920 catholicorum
2925 2865 3176 2920 doctrina
3203 2864 3533 2934 discrepant.
3566 2862 3797 2920 Photius

2210 2960 2462 3014 observat
2484 2972 2622 3028 opus
2644 2957 2789 3012 istud
2816 2956 2869 3011 in
2899 2956 3039 3012 duas
3061 2966 3243 3027 partes
3274 2956 3633 3012 distributum
3661 2956 3798 3013 [uisa

2211 3062 2291 3117 se,
2332 3052 2390 3105 ὲν
2420 3050 2540 3105 δυσὶ
2567 3048 2852 3120 λογιδιοιςσ
2884 3050 3021 3120 quin
3048 3049 3213 3105 etiam
3246 3049 3302 3104 in
3339 3048 3674 3119 quibusdam
3698 3064 3796 3104 co-

2211 3141 2425 3197 dicibus
2455 3139 2723 3209 ejusmodi
2771 3139 3181 3209 inscriptionem
3227 3138 3507 3205 habuisse,
3537 3139 3670 3211 περὶ
3699 3141 3798 3211 τῆς

2211 3232 2309 3286 τοῦ
2338 3232 2535 3297 παντὸς
2561 3230 2760 3296 αἰτίας,
2794 3231 2858 3285 de
2886 3247 3049 3286 causa
3081 3232 3331 3298 universi,
3353 3241 3408 3287 et
3439 3233 3492 3285 in
3517 3233 3644 3287 aliis
3668 3232 3800 3305 περὶ

2212 3329 2310 3398 τῆς
2342 3327 2435 3380 τοῦ
2462 3326 2660 3389 παντὸς
2687 3324 2895 3390 οὐσίας,
2925 3324 2990 3381 de
3020 3325 3321 3381 substantia
3346 3326 3596 3380 universi.
3630 3325 3800 3381 Plura

2212 3421 2414 3475 videsis
2448 3419 2588 3489 apud
2616 3418 2866 3473 eumdem
2902 3418 3174 3474 Photium.
3209 3436 3228 3470 ι
3265 3417 3540 3474 Hactenus
3572 3417 3641 3473 V.
3670 3418 3739 3474 Ο.

2282 3509 2469 3580 Neque
2523 3511 2612 3564 hic
2665 3510 2940 3579 praeterire
2991 3509 3075 3566 fas
3119 3519 3206 3565 est
3258 3510 3439 3565 locum
3487 3525 3556 3565 ex
3603 3511 3800 3577 eodem

2212 3618 2374 3673 opere
2408 3602 2483 3656 De
2515 3620 2679 3656 causa
2718 3604 2947 3658 universi
2977 3613 3315 3673 excerptum,
3347 3602 3445 3673 qui
3474 3617 3584 3658 non
3620 3610 3804 3658 exstat

2213 3696 2267 3750 in
2315 3710 2382 3751 eo
2415 3695 2738 3765 fragmento,
2764 3695 2911 3767 quod
2942 3695 3103 3750 hodie
3134 3704 3401 3764 superest.
3438 3692 3612 3749 Nobis
3644 3694 3803 3749 illum

2213 3785 2706 3843 servavitJoannes
2733 3786 3093 3857 Philoponus,
3110 3786 3238 3842 licet
3272 3787 3405 3857 ipse,
3438 3787 3517 3846 uti
3550 3793 3605 3840 et
3635 3785 3804 3841 Joan-

2213 3895 2311 3934 nes
2348 3877 2592 3935 Zunaras
2629 3878 2742 3950 (26)
2793 3894 3102 3949 perperam,
3138 3886 3197 3933 ut
3240 3878 3500 3940 vidimus.
3555 3877 3803 3947 Josepho

2214 3973 2510 4027 ascribunt.
2543 3969 2640 4025 Est
2676 3981 2857 4026 autem
2886 3970 3158 4040 ejusmodi
3191 3970 3305 4041 (27)
3336 3989 3352 4026 :
3378 3970 3451 4023 Τὸ
3481 3965 3596 4034 οὖν,
3621 3986 3802 4038 τεν-η-

2214 4066 2369 4133 Οήτω
2385 4064 2687 4134 στερέωμα
2701 4065 2770 4119 ἑν
2792 4063 2961 4134 μέσῳ
2999 4064 3105 4119 τοῦ
3133 4064 3371 4132 ὕδατος,
3407 4065 3470 4118 οὐ
3492 4061 3698 4135 μεταξὺ
3714 4064 3803 4116 λέ-

2213 4175 2298 4226 γει
2344 4156 2436 4210 τοῦ
2469 4157 2619 4210 κάτω
2649 4155 2843 4220 ὓδατος
2872 4155 2969 4227 τὴν
2988 4155 3082 4210 τοῦ
3118 4156 3494 4230 στερεώματος
3545 4154 3801 4224 γενέσθαι

2214 4248 2485 4318 etiamm;
2500 4248 2758 4318 Ἰώσηπος
2786 4248 3076 4320 ὁἙϐραῖος
3101 4251 3158 4304 ἐν
3184 4248 3263 4319 τῷ
3284 4249 3423 4318 Περὶ
3450 4247 3555 4302 τοῦ
3571 4247 3801 4315 παντὸς

2213 4344 2405 4409 αἰτίας
2431 4344 2821 4415 συγγράμματι
2853 4342 3118 4407 βούλεται,
3159 4343 3239 4405 εἰς
3281 4341 3429 4414 τρία,
3453 4341 3652 4409 λέγων,
3685 4342 3804 4411 διη-

2217 4434 2416 4507 ρῆσθαι
2448 4436 2509 4490 τὸ
2542 4435 2704 4508 ὕδωρ,
2742 4436 2929 4513 καὶτὸ
2962 4436 3061 4506 μὲν
3093 4435 3273 4505 τρίτον
3316 4432 3481 4487 αὐτοῦ
3526 4434 3606 4494 εἰς
3646 4432 3802 4500 γένε-

536 4525 606 4579 de
630 4523 741 4579 Deo
771 4523 952 4580 Verbo
979 4539 1143 4580 carne
1170 4522 1314 4579 facto
1342 4523 1585 4595 loquitur
1613 4542 1625 4577 :
1654 4522 1840 4595 Τούτῳ
1860 4526 1889 4576 ὸ
1922 4524 2108 4597 Πατὴρ

2214 4546 2297 4581 σιν
2325 4529 2676 4600 συμπαγῆναι
2707 4527 2802 4582 τοῦ
2838 4527 3216 4601 στερεώματος
3240 4569 3255 4592 ,
3288 4526 3350 4580 τὸ
3378 4526 3435 4579 δὲ
3464 4526 3650 4597 τρίτον
3682 4526 3802 4578 sva.-

537 4619 718 4672 πᾶσαν
767 4618 949 4690 κρίσιν
999 4616 1220 4683 δέδωκε,
1269 4615 1409 4669 Huic
1451 4614 1617 4670 Pater
1657 4632 1806 4670 omne
1843 4617 2111 4684 judicium

538 4710 684 4764 dedit
715 4724 735 4763 :
762 4710 1220 4779 quemadmodum
1249 4709 1456 4763 scilicet
1484 4706 1640 4762 Joan.
1673 4722 1724 4769 v,
1750 4708 1840 4773 29.,
1872 4709 2069 4778 legerat
2095 4728 2109 4765 :

540 4800 723 4873 Neque
767 4804 906 4856 enim
955 4801 1122 4857 Pater
1167 4801 1368 4863 iudicat
1415 4797 1758 4872 Quemquam,
1809 4805 1899 4856 sed
1953 4819 2105 4861 antne

539 4884 806 4962 judicium
845 4894 989 4952 dedit
1026 4893 1189 4949 Filio.
1232 4893 1474 4963 Itemque
1505 4894 1597 4948 ubi
1621 4894 1792 4949 dicit:
1825 4896 1972 4958 Χάος
2003 4894 2111 4968 γὰρ

540 4987 676 5059 βαθὺ
698 4988 791 5042 καὶ
812 4988 956 5060 μέγα
974 4987 1080 5042 ἀνὰ
1105 4986 1268 5061 μέσον
1293 4988 1631 5059 ἐστήρικται,
1652 4986 1791 5041 ὥστε
1816 4988 1889 5060 μὴ
1909 4988 2112 5043 δίκαιον

539 5081 973 5152 συμπαθήσαντα
1001 5078 1414 5154 προσδέξασθαι,
1443 5082 1580 5153 μήτε
1607 5080 1788 5135 ἄδικον
1813 5081 2115 5153 τολμήσαν-

536 5188 604 5226 τα
629 5171 876 5225 διελθεῖν.
895 5172 1065 5226 Chaos
1086 5173 1407 5243 profundum
1430 5182 1479 5227 et
1508 5188 1753 5243 magnum
1779 5173 1916 5226 inter
1941 5182 2113 5225 utros-

537 5281 636 5336 que
659 5267 930 5334 ﬁrmatum
957 5276 1054 5330 est,
1091 5275 1150 5320 ut
1191 5282 1353 5337 neque
1388 5266 1569 5336 justus
1609 5265 1729 5319 illas
1757 5265 2112 5320 miserationis

538 5358 730 5428 affectu
771 5359 1008 5429 recipiat,
1047 5376 1208 5430 neque
1233 5359 1463 5430 injustas
1489 5359 1557 5412 ad
1586 5358 1678 5412 ltos
1720 5359 1911 5411 audeat
1939 5368 2113 5412 trans-

611 5514 724 5583 (22)
762 5513 1068 5579 Fabricius,
1099 5514 1298 5571 Delect.
1329 5526 1537 5583 argum.
1581 5519 1631 5567 et
1677 5508 1879 5582 Syllub.
1926 5513 2109 5582 script.

539 5586 691 5645 εδει,
726 5601 779 5655 p.
809 5585 878 5639 62
903 5595 956 5638 et
983 5601 1102 5654 seq.

612 5650 739 5721 (25f
763 5654 836 5710 Le
863 5650 1082 5721 Quicm,
1117 5651 1254 5723 Opp.
1281 5652 1600 5709 Damascen.
1635 5659 1767 5708 tom.
1802 5650 1869 5719 Il,
1900 5666 1954 5721 p.
1987 5651 2108 5707 789.

613 5724 726 5792 (τι)
767 5725 948 5788 Phot.,
982 5725 1122 5779 Bibl.
1155 5724 1278 5779 cod.
1318 5740 1501 5778 sum.

612 5793 726 5865 (25}
767 5792 1033 5851 Scribilur
1088 5796 1343 5866 Ἰώσηπος
1397 5803 1452 5850 et
1496 5792 1853 5868 Ίώσηππος,
1898 5794 1992 5851 sed
2059 5804 2112 5851 et

2215 4623 2471 4692 πομεῖναι
2510 4623 2693 4688 κάτω,
2728 4621 2789 4674 τὸ
2825 4621 2882 4674 δὲ
2926 4620 3110 4674 λοιπὸν
3146 4621 3326 4692 τρίτον
3359 4621 3416 4673 ἐν
3454 4623 3566 4683 τοῖς
3607 4618 3800 4683 νώτοις

2214 4716 2294 4778 εἰς
2335 4713 2467 4784 ὕψος
2519 4714 3081 4786 συνανακουφισθῆναι
3136 4712 3215 4784 τῷ
3266 4710 3625 4785 στερεώματι.
3686 4709 3801 4765 Hoc

2213 4814 2327 4860 est:
2360 4804 2529 4859 «Illud
2554 4805 2740 4875 igitur,
2766 4804 2894 4858 Fiat
2922 4806 3315 4875 ﬁrmamentum
3344 4805 3403 4856 in
3429 4803 3600 4857 medio
3622 4818 3798 4873 aqum,

2213 4912 2321 4951 non
2361 4898 2541 4968 arguit
2568 4906 2817 4952 naturam
2869 4897 3195 4952 ﬁrmamenti
3227 4896 3489 4950 exsistere
3521 4894 3576 4948 in
3614 4896 3799 4948 medio

2214 5004 2371 5058 aquze
2424 4991 2589 5061 hujus
2640 4988 2942 5053 inferioris,
2968 4998 3031 5045 ut
3063 4988 3338 5059 Josephus
3385 4986 3650 5043 Hebrzeus
3682 4990 3799 5043 vnit

2213 5083 2267 5136 in
2302 5083 2462 5147 libro,
2496 5098 2657 5153 quem
2683 5082 3010 5152 conscripsit
3035 5081 3112 5136 De
3136 5098 3301 5136 causa
3326 5080 3578 5144 universi,
3602 5079 3796 5136 dicens

2214 5188 2411 5244 aquam
2454 5175 2779 5243 tripartitam
2824 5188 2967 5239 esse,
3007 5183 3066 5227 et
3097 5188 3260 5228 unam
3310 5172 3531 5242 quidem
3577 5173 3796 5227 tertiam

2213 5264 2331 5334 ejus
2360 5265 2413 5318 in
2436 5266 2763 5320 ﬁrmamenti
2793 5265 3197 5337 generationem
3219 5264 3490 5320 coaluisse
3515 5282 3532 5323 :
3561 5264 3793 5320 alteram

2212 5371 2343 5411 vero
2364 5358 2578 5412 tertiam
2599 5355 2827 5412 inferius
2857 5357 3221 5425 remansisse;
3251 5356 3484 5427 denique
3515 5357 3793 5411 residuam

2225 5513 2469 5578 Ἰὡσιπος
2497 5530 2561 5570 ac
2604 5513 2908 5579 Ἰώσηπος.

2211 5586 2397 5709 2(ἥξω)
2436 5582 2634 5641 Zonar.
2669 5588 2722 5640 in
2755 5585 2947 5640 Annal.
2980 5587 3076 5643 lib.
3109 5604 3186 5655 γι,
3241 5587 3270 5661 §
3300 5590 3355 5658 9,
3398 5608 3522 5664 pag.
3552 5590 3681 5658 267,
3715 5591 3793 5650 ai.

2212 5811 2264 5865 Ρ.
2437 5725 2749 5800 Philopon.,
2795 5727 2866 5785 De
2892 5729 3077 5784 mundi
3104 5740 3265 5786 creat.
3294 5731 3388 5789 lib.
3421 5748 3509 5801 nt,
3539 5748 3665 5805 cap.
3699 5732 3793 5803 16,
