3942 6346
228 323 332 379 297

1213 325 1300 381 DE
1339 324 1502 380 VITA
1538 322 1625 378 ET
1662 321 1973 378 SCRlPTlS
2008 323 2064 378 S.
2108 317 2490 379 [HPPULYTL

3359 321 3464 378 ἳῦὸ

229 444 386 496 aliam
421 442 664 504 tertiam,
691 457 787 513 per
831 442 1246 498 rarelaetionem
1295 443 1349 497 in
1391 442 1624 498 sublime
1695 456 1800 494 una
1823 448 1865 502 Α
1895 440 2102 508 primus
2143 441 2382 509 vulgavit
2418 441 2698 498 Fabricius
2725 458 2789 498 ex
2824 441 3025 497 codicis
3063 440 3304 498 Vaticani
3335 459 3465 512 apo-

229 547 347 584 cum
383 531 735 584 ﬁrmamento
761 530 1020 584 elevatam
1047 545 1187 584 esse.
1219 548 1237 580 ι

293 624 569 676 Caeterum
603 641 717 678 rem
746 639 844 679 acu
872 623 1111 694 tetigisse
1141 622 1409 686 videntur,
1435 621 1529 692 qui
1561 621 1626 675 ad
1655 621 1796 676 istud

227 729 363 783 opus
414 712 802 785 Hippolyteum
853 714 1099 768 adversus
1149 713 1359 769 Gra'cos
1404 723 1454 767 et
1498 712 1795 777 Platonem,

224 805 545 857 existimant
601 805 900 874 respexisse
946 805 1220 859 doctorem
1273 804 1612 868 maximum,
1666 802 1796 856 dum

220 899 297 950 ait
327 897 439 966 (28)
476 916 490 950 :
524 895 751 971 Scripsit
783 907 832 949 et
861 895 1132 951 Miltiades
1154 906 1336 951 contra
1366 905 1536 965 gentes
1560 894 1795 948 volumen

215 990 508 1057 egregium.
539 987 854 1056 Hippolytus
881 1004 1102 1058 quoque,
1131 998 1180 1041 et
1207 988 1512 1057 Apollonius
1549 985 1798 1041 Romana:

212 1077 362 1131 urbis
408 1089 653 1141 senator,
684 1079 894 1148 propria
923 1079 1180 1148 opuscula
1213 1078 1578 1132 condiderunt.
1611 1076 1797 1133 Imita-

213 1178 303 1222 tus
332 1184 539 1238 nempe
585 1169 748 1224 fuerit
774 1179 994 1225 sanctus
1022 1170 1183 1224 Pater
1211 1170 1357 1224 viros
1386 1168 1448 1225 ea
1478 1179 1796 1240 tempestate

214 1260 374 1330 longe
417 1261 797 1326 doctissimos,
828 1263 920 1330 qui
953 1263 1293 1317 ethnicorum
1339 1262 1533 1332 placita
1581 1263 1796 1333 scriptis

214 1355 327 1407 suis
378 1363 635 1408 evertere
670 1355 906 1424 aggressi
959 1364 1119 1422 sunt;
1155 1355 1509 1420 Clementem,
1547 1357 1791 1426 inquam,

214 1446 678 1511 Alexandrinum,
711 1446 899 1502 Caium
929 1447 1166 1503 sodalem
1192 1463 1372 1512 suum,
1403 1448 1658 1504 Ecclesiae
1686 1447 1795 1502 Ro-

216 1552 392 1591 mae
421 1538 829 1610 presbyterum,
859 1549 914 1595 et
948 1540 1108 1595 alios.

748 1650 1143 1707 ARTlCULUS
1177 1651 1267 1708 VI.

329 1757 661 1799 τιΑετΑτυε
692 1759 740 1800 8.
772 1761 1052 1800 ΕΙΡΡΟΗΤΙ
1092 1765 1110 1797 ‹
1141 1763 1349 1802 CONTRA
1382 1763 1615 1802 Νοετωί.
1651 1767 1671 1799 ι

240 1856 268 1930 ς
297 1858 335 1910 1.
386 1857 686 1916 Tractatus
716 1870 903 1934 contra
937 1860 1165 1934 Nectum
1193 1871 1272 1916 est
1304 1863 1557 1934 genuinus
1585 1865 1757 1917 sancti

780 1931 1054 2002 Hippolyti
1085 1932 1240 2001 fetus.

272 2043 558 2109 Quintum
592 2044 770 2098 locum
815 2055 1042 2115 occupat
1071 2048 1283 2117 egregia
1319 2064 1449 2104 sane
1491 2048 1795 2102 lucubratio

198 2149 384 2189 centra
409 2138 668 2195 haresim
696 2136 876 2191 Nocti.
904 2138 968 2192 Et
995 2141 1280 2210 scripsisse
1307 2141 1522 2210 quidem
1542 2140 1795 2212 Hippoly-

194 2239 311 2280 tum
344 2238 554 2281 contra
590 2242 780 2283 omnes
809 2229 1063 2292 haereses,
1099 2239 1366 2286 testantur
1391 2231 1658 2287 Eusebius
1685 2233 1792 2303 (’29)

191 2329 361 2387 atque
391 2319 774 2389 Hieronymus
802 2321 945 2391 ('50);
978 2335 1034 2376 at
1065 2321 1314 2388 Photius,
1344 2323 1433 2393 qui
1481 2339 1618 2393 opus
1650 2325 1793 2380 istud

192 2414 400 2483 legisse
439 2413 803 2483 comperitur,
827 2430 928 2469 nos
955 2415 1143 2470 edocet
1167 2415 1278 2485 (51)
1301 2414 1573 2486 Hippolyti
1593 2416 1791 2472 librum

193 2507 479 2560 adversus
509 2506 744 2562 haereses
771 2507 906 2562 duas
943 2517 997 2562 et
1022 2507 1240 2578 triginta
1275 2518 1555 2562 exaratum
1587 2507 1788 2573 fuisse;

195 2592 287 2644 ubi
324 2591 392 2645 S.
435 2591 601 2647 Pater
626 2594 836 2648 initium
864 2611 893 2648 a
918 2595 1259 2650 Dositheanis
1287 2597 1510 2663 ducens,
1541 2598 1594 2651 in
1625 2597 1794 2652 Noeto

199 2684 534 2748 desinebat;
590 2686 683 2754 qui
735 2687 990 2740 nimirum
1027 2687 1242 2755 prodire
1272 2688 1439 2756 caapit
1487 2689 1791 2759 imperante

203 2775 530 2828 Alexandro
577 2775 679 2829 sub
727 2791 932 2829 annum
962 2775 1087 2837 250,
1130 2785 1190 2830 ut
1236 2777 1482 2846 proinde,
1508 2779 1650 2849 quod
1699 2795 1794 2832 su-

205 2875 394 2931 perest
424 2866 576 2920 illius
611 2867 812 2937 operis,
844 2883 970 2938 pars
999 2869 1186 2922 ultima
1218 2868 1398 2924 fuerit.
1433 2869 1515 2924 Ad
1550 2869 1669 2940 ejus
1695 2885 1792 2925 au-

209 2966 316 3009 tem
373 2959 744 3028 integritatem
794 2959 1166 3026 astruendam,
1198 2961 1326 3015 illud
1365 2961 1416 3014 in
1453 2963 1644 3032 primis
1697 2963 1791 3016 ob-

212 3065 436 3103 servare
459 3058 706 3118 praestat,
736 3050 916 3105 locum
949 3051 1216 3122 insignem
1251 3052 1492 3121 satisque
1519 3054 1786 3122 prolixum

1899 535 2124 604 grapho,
2144 537 2291 604 quod
2319 537 2438 591 viro
2459 537 2912 606 praestantissimo
2939 534 3344 590 Montfauconio
3373 551 3465 589 ac-

1897 636 2114 696 ceptum
2145 629 2346 684 retulit.
2379 629 2614 684 Alterius
2640 629 2843 685 codicis
2871 628 3042 685 Graeci
3071 627 3348 698 exemplar
3371 628 3462 684 de-

1899 719 2030 773 texit
2073 719 2128 773 in
2161 719 2544 789 antiquissimo
2574 719 2631 774 S.
2666 719 2848 775 Basilii
2875 719 3207 774 monasterio
3239 717 3468 774 Guiliel-

1897 827 2020 864 mus
2036 811 2327 866 cardinalis
2350 811 2578 866 Sirletus
2594 852 2606 876 ,
2641 812 2868 880 ejusque
2891 809 3138 865 meminit
3162 810 3216 863 in
3236 805 3466 879 epistola

1896 901 2151 973 Liturgiae
2179 902 2234 957 S.
2260 902 2424 958 Marci
2453 902 2794 974 evangelista:
2822 901 3096 972 praemissa
3134 899 3265 970 (54).

1967 997 2230 1051 Caeterum
2283 994 2461 1063 operis
2510 993 2796 1063 inscriptio
2827 993 2969 1063 apud
3010 991 3339 1045 Turrianum
3383 990 3462 1045 sic

1896 1087 2088 1157 legitur
2114 1105 2128 1141 :
2159 1085 2487 1154 Homiliavde
2512 1085 2618 1139 Deo
2652 1087 2789 1138 trino
2819 1095 2866 1138 et
2894 1099 3018 1149 uno,
3041 1093 3091 1136 et
3121 1083 3184 1136 de
3216 1082 3462 1152 mysterio

1898 1175 2290 1230 Incarnationis
2315 1185 2496 1229 contra
2521 1175 2761 1230 Itwresim
2791 1174 2968 1230 Nocti.
2995 1174 3052 1228 ln
3080 1176 3264 1230 codice
3280 1186 3460 1231 autem

1901 1265 2158 1321 Vaticano
2200 1273 2283 1321 est
2330 1265 2641 1335 hujusmodi
2690 1284 2702 1320 :
2760 1266 2971 1337 Ὀμιλία
3026 1265 3338 1320 Ἱππολύτου
3385 1267 3464 1328 εις

1895 1359 1992 1429 τὴν
2035 1359 2245 1428 αἵρεσιν
2269 1359 2478 1430 Νοήτου
2505 1375 2665 1421 τινος.
2711 1357 2771 1412 In
2798 1373 2861 1413 eo
2900 1359 3174 1412 enimvero
3217 1357 3273 1411 S.
3305 1356 3465 1411 Pater

1897 1450 2080 1504 lideles
2099 1450 2367 1511 interdum
2393 1450 2710 1520 alloquitur,
2734 1461 2792 1505 ut
2821 1451 2873 1503 in
2900 1450 3138 1504 homiliis
3165 1449 3278 1503 ﬁeri
3303 1448 3461 1505 solet.

1897 1536 2000 1590 Sed
2041 1537 2096 1590 in
2134 1537 2256 1592 aliis
2301 1553 2520 1607 quoque
2549 1537 2996 1608 scriptis‘eadem
3034 1539 3289 1594 methodo
3332 1554 3464 1596 usos

1898 1627 2065 1682 fuisse
2091 1639 2298 1685 veteres
2332 1631 2466 1685 satis
2507 1631 2700 1700 liquet,
2731 1641 2791 1685 ut
2818 1631 3047 1686 advertit
3071 1632 3322 1688 laudatus
3353 1632 3462 1689 Fa-

1897 1719 2120 1774 bricius.

2240 1812 2267 1883 §
2294 1812 2356 1867 ll.
2389 1814 2635 1884 Analysis
2659 1815 2814 1884 hujus
2844 1824 3120 1870 tractatus.

1966 1946 2171 2003 Noetus
2211 1948 2367 2017 juxta
2406 1947 2470 2004 8.
2501 1949 2847 2021 Hippolytum
2904 1950 3007 2005 fuit
3041 1967 3235 2022 genere
3267 1952 3462 2024 Smyr-

1896 2053 2046 2094 na'us
2081 2041 2212 2112 (55).
2249 2040 2395 2095 Dixit
2420 2041 2509 2096 hic
2541 2042 2827 2098 haereticus
2857 2043 3132 2098 Christum
3167 2060 3286 2100 esse
3308 2062 3462 2100 eum—

1895 2134 2015 2188 dem
2065 2131 2303 2194 Patrem,
2357 2132 2645 2204 ipsumque
2698 2133 2912 2190 Patrem
2970 2138 3210 2205 genitum
3258 2153 3380 2194 esse
3407 2149 3462 2194 et

1895 2239 2184 2295 passum...
2214 2223 2394 2279 aiebat
2419 2239 2478 2279 se
2507 2239 2627 2281 esse
2661 2224 2930 2297 Moysem,
2965 2235 3019 2282 et
3052 2226 3271 2282 fratrem
3300 2245 3458 2284 suum

1895 2331 2014 2370 esse
2045 2317 2247 2370 Aaron.
2279 2314 2393 2372 Hoc
2413 2331 2534 2372 cum
2559 2317 2700 2372 beati
2727 2319 3024 2390 presbyteri
3054 2321 3335 2384 audirent,
3370 2337 3463 2376 ac-

1895 2404 2153 2457 cersitum
2197 2417 2380 2458 coram
2425 2403 2669 2461 Ecclesia
2699 2408 3184 2472 examinaverunt;
3219 2409 3308 2466 ille
3333 2427 3460 2465 vero

1896 2495 2125 2562 negabat
2170 2495 2456 2563 principio,
2501 2496 2580 2551 sic
2626 2510 2684 2551 se
2729 2498 2969 2564 sentire;
3018 2510 3202 2568 postea
3238 2517 3365 2556 vero
3403 2503 3458 2556 in

1894 2583 2216 2652 quibusdam
2251 2585 2591 2653 delitescens,
2626 2595 2681 2641 et
2705 2588 2950 2644 collectis
2978 2590 3119 2654 aliis,
3151 2591 3243 2660 qui
3279 2590 3331 2644 in
3363 2605 3463 2646 eo-

1893 2673 2013 2727 dem
2044 2688 2228 2729 errore
2256 2685 2446 2740 erant,
2485 2677 2698 2731 volebat
2735 2687 2919 2748 aperte
2947 2679 3139 2748 dogma
3171 2697 3330 2736 suum
3365 2683 3462 2739 de-

1894 2762 2150 2828 fendere;
2185 2781 2357 2841 quem.
2377 2782 2570 2823 rursus
2603 2769 2920 2823 accersitum
2955 2771 3249 2842 presbyteri
3276 2772 3461 2828 redar-

1894 2863 2160 2923 guerunt;
2196 2857 2286 2912 ille
2317 2872 2447 2923 vero
2480 2860 2788 2923 resistebat,
2830 2862 3110 2931 inquiens,
3139 2863 3266 2932 quid
3295 2864 3461 2934 igitur

1894 2949 2019 3003 mali
2076 2949 2234 3012 facio,
2287 2952 2334 3005 si
2378 2949 2654 3007 Christum
2695 2953 2942 3008 honoro?
2989 2954 3117 3010 huic
3161 2953 3457 3027 presbyteri

1893 3043 2288 3107 responderunt
2349 3063 2361 3097 :
2413 3043 2485 3098 Et
2534 3061 2627 3098 nos
2680 3061 2840 3098 unum
2889 3044 3056 3099 Deum
3103 3062 3214 3100 vere
3263 3048 3456 3101 scimus

214 3155 277 3193 es
305 3156 375 3194 eo
399 3141 760 3210 descripsisse
784 3151 1032 3197 sanctum
1064 3143 1361 3208 Gelasium,
1382 3145 1469 3198 cui
1491 3159 1627 3213 opus
1651 3145 1785 3214 ejus-

1897 3131 2180 3201 Christum,
2222 3137 2413 3190 scimus
2445 3135 2646 3191 Filium
2675 3149 2884 3208 passum
2908 3178 2926 3206 ,
2968 3139 3104 3193 sicut
3136 3156 3323 3209 passus
3353 3148 3452 3201 est.

217 3231 360 3283 modi
388 3231 678 3286 brevitatis
705 3247 833 3302 ergo
865 3231 1123 3285 Memoria
1151 3233 1406 3287 Itwresum
1437 3233 1658 3287 dicitur.
1698 3233 1788 3289 Sic

220 3321 356 3372 enim
387 3321 502 3385 ille,
533 3337 825 3376 recensens
861 3323 1157 3375 testimonia
1202 3333 1429 3376 veterum
1455 3322 1542 3386 _de
1585 3323 1789 3377 duabus

221 3415 270 3464 in
302 3411 520 3468 Christo
551 3415 760 3467 naturis
789 3414 900 3484 (52)
930 3434 941 3468 :
974 3414 1250 3485 Hippolyti
1271 3416 1497 3485 episcopi
1519 3425 1570 3468 et
1596 3425 1791 3484 marty-

221 3506 287 3555 n‘;
328 3505 572 3557 Arabum
600 3506 898 3574 metrOpolis
927 3508 980 3558 in
1007 3505 1265 3559 Memoria
1307 3506 1560 3560 Itwresum
1581 3521 1600 3558 :
1628 3524 1647 3557 ι
1687 3505 1790 3559 Hic

215 3597 498 3661 procedens
525 3597 580 3648 in
601 3597 871 3660 mundum,
903 3597 1043 3651 Deus
1058 3607 1107 3652 et
1137 3598 1288 3651 homo
1318 3598 1584 3668 apparuit,
1623 3617 1643 3648 ι
1677 3607 1785 3653 etc.

211 3685 340 3751 Quae
373 3687 601 3757 quidem
634 3688 796 3742 verba
817 3728 834 3753 ,
865 3690 1114 3758 pauculis
1148 3690 1464 3754 immutatis,
1496 3698 1790 3744 occurrunt

209 3779 350 3847 apud
405 3789 659 3835 sanctum
684 3778 1047 3851 ;Hippolytum
1083 3797 1202 3851 cap.
1236 3781 1320 3834 18.
1350 3779 1490 3846 Quid
1532 3781 1676 3850 quod
1705 3781 1788 3835 vel

207 3870 446 3939 ipsemet
492 3869 752 3936 Sandius,
793 3871 1015 3941 reliquis
1042 3871 1376 3944 Hippolyteis
1405 3881 1661 3941 tanquam
1690 3887 1788 3926 no-

207 3963 320 4016 this
368 3961 616 4032 rejectis,
662 3963 766 4017 hoc
799 3979 966 4017 unum
1014 3974 1197 4017 contra
1226 3965 1448 4018 ltreresin
1482 3963 1639 4018 Nocti
1668 3979 1787 4035 ger-

206 4068 440 4106 manum
472 4053 883 4124 agnoscendum
913 4055 1193 4108 existimat
1229 4056 1363 4125 (55).

273 4143 617 4198 Praeclarum
661 4153 841 4198 autem
873 4145 1019 4199 hunc
1055 4145 1500 4199 commentarium
1531 4146 1582 4198 in
1610 4146 1782 4200 lucem

207 4237 409 4289 extulit
431 4235 711 4317 Gerardus
737 4233 966 4290 Vossius
988 4233 1320 4304 Tungrensis
1349 4235 1487 4288 inter
1521 4234 1572 4288 ,11
1581 4235 1787 4288 iscella-

212 4342 309 4378 nea
332 4336 644 4378 sanctorum
670 4326 870 4395 aliquot
907 4325 1132 4378 Patrum
1161 4325 1461 4380 Graecorum
1486 4336 1534 4380 et
1566 4325 1787 4381 Latino-

214 4433 354 4479 ηιη,
393 4417 463 4470 ad
510 4416 713 4471 calcem
749 4416 984 4485 Operum
1022 4415 1080 4470 S.
1111 4417 1354 4488 Gregorii
1394 4416 1783 4488 Thaumaturgi

1892 3236 2174 3291 mortuum,
2201 3229 2338 3280 sicut
2368 3238 2606 3282 mortuus
2628 3239 2737 3292 est;
2759 3239 2806 3282 et
2834 3231 3147 3285 suscitatum
3175 3233 3333 3284 tertia
3361 3231 3446 3285 die

1889 3329 1936 3372 et
1969 3321 2226 3373 sedentem
2281 3321 2350 3374 ad
2391 3321 2657 3375 dexteram
2708 3309 2914 3388 Patris,
2968 3332 3339 3393 venturumque
3385 3323 3456 3376 ad

1881 3412 2228 3479 judicandum
2274 3414 2412 3466 vivos
2455 3423 2503 3467 et
2533 3421 2762 3466 mortuos
2788 3413 2936 3484 (36);
2983 3423 3146 3483 atque
3176 3415 3289 3471 haec
3318 3416 3456 3472 dici-

1889 3520 2011 3558 mus
2045 3520 2165 3574 qua:
2200 3505 2510 3561 didicimus.
2544 3504 2696 3561 Tunc
2736 3505 2897 3561 istum
2931 3510 3242 3563 convictum
3281 3510 3455 3578 cjece-

1888 3605 2016 3650 runt
2041 3611 2107 3651 ex
2131 3595 2400 3662 Ecclesia,
2429 3599 2523 3668 qui
2553 3614 2618 3654 eo
2649 3599 2945 3654 inﬂationis
2969 3605 3134 3668 venit,
3168 3609 3227 3655 ut
3259 3602 3456 3658 docere

1890 3689 2213 3744 institueret.

1955 3777 2255 3847 Antequam
2296 3776 2354 3832 S.
2394 3777 2712 3851 Hippolytus
2745 3780 3145 3836 distinctionem
3181 3781 3453 3838 Persona-

1889 3883 2007 3922 rum
2051 3868 2105 3922 in
2139 3868 2347 3924 unitate
2372 3869 2568 3924 divinae
2595 3879 2801 3925 natura:
2828 3872 2882 3924 in
2918 3869 3018 3924 SS.
3056 3869 3321 3926 Trinitate
3350 3873 3450 3926 de-

1889 3968 2172 4025 monstret,
2198 3961 2351 4030 prius
2377 3971 2694 4031 argumenta
2718 3960 2876 4016 Nocti
2903 3973 3091 4017 contra
3109 3961 3449 4030 Trinitatem,

1887 4068 1984 4106 seu
2009 4052 2412 4132 distinctionem
2437 4053 2742 4108 divinarum
2766 4051 3129 4133 Personarum
3173 4056 3447 4125 proponit,

1886 4154 1936 4198 et
1970 4127 2218 4200 dissolvit
2247 4144 2652 4212 interpretando
2682 4127 2870 4199 verum
2907 4145 3004 4201 SS.
3044 4147 3448 4216 Scripturarum

1887 4252 2128 4304 sensum,
2161 4239 2360 4306 quibus
2396 4236 2643 4293 Noetiani
2675 4239 3070 4302 abutebautttr,
3108 4240 3189 4294 vel
3215 4255 3446 4309 quarum

1887 4339 2088 4384 textum
2122 4330 2390 4385 malitiose
2426 4329 2839 4384 detruncabant.
2881 4328 3148 4383 Refutatis
3181 4327 3332 4383 Nocti
3359 4344 3450 4384 ar-

1887 4419 2156 4489 gumentis
2185 4418 2244 4473 8.
2274 4418 2592 4489 Hippolytus
2618 4418 2936 4473 Trinitatem
2963 4427 3017 4473 et
3044 4419 3445 4474 distinctionem

214 4509 343 4563 edit.
371 4508 704 4580 Moguntina:
741 4508 901 4572 1604,
925 4509 981 4575 4,
1021 4525 1084 4564 ex
1129 4508 1319 4563 Latina
1345 4509 1592 4563 versione
1614 4508 1787 4563 Fran-
1821 4505 1864 4558 ἰ)
1893 4513 2196 4568 divinarum
2237 4509 2599 4568 Personarum
2638 4512 3012 4566 demonstrare
3045 4513 3355 4581 aggreditur
3379 4527 3448 4567 ex

217 4601 347 4657 cisci
393 4600 672 4666 Turriani,
725 4600 982 4670 subjectis
1029 4601 1189 4655 etiam
1221 4601 1781 4657 animadversionibus

218 4698 460 4766 ejusdem
497 4699 803 4768 interpretis
841 4715 962 4769 pag.
987 4698 1172 4752 58-71.
1217 4697 1424 4753 Exinde
1458 4714 1586 4752 vero
1614 4698 1782 4753 editio

222 4791 440 4861 repetita
469 4792 521 4845 in
548 4791 894 4847 Bibliothecis
914 4789 1135 4845 Patrum
1160 4791 1469 4846 Coloniensi
1499 4790 1654 4855 1618,
1683 4789 1782 4845 Pa-

222 4885 434 4938 risiensi
466 4883 623 4946 16M,
655 4895 708 4938 et
744 4882 1088 4954 Lugdunensi
1121 4882 1278 4947 1677,
1300 4899 1398 4938 nec
1426 4898 1532 4939 non
1559 4887 1613 4938 in
1642 4883 1782 4953 Sup—

221 4975 472 5044 plementi
494 4974 798 5030 Morelliani
825 4987 972 5031 tomo
992 4977 1036 5039 Ι,
1055 4990 1182 5047 pag.
1211 4973 1332 5029 620.
1353 4973 1536 5031 Graece
1561 4974 1779 5030 demum

288 5131 402 5204 (28)
441 5129 782 5204 Hieronymj,
814 5133 971 5204 epist.
1007 5130 1073 5184 70
1101 5130 1166 5185 ad
1194 5130 1394 5204 Magn.,
1425 5142 1564 5186 orat.
1597 5131 1625 5204 §
1651 5132 1704 5186 4.

284 5203 400 5271 (Ξθ)
441 5201 666 5265 Ευεθὶλζ
699 5201 770 5254 H.
806 5201 871 5255 E.
905 5203 996 5256 lib.
1024 5218 1098 5264 vt,
1131 5217 1248 5269 cap.
1281 5201 1370 5256 22.

284 5272 398 5340 (50)
440 5271 777 5343 Hicronym.,
810 5273 883 5326 De
915 5275 1015 5325 vir.
1047 5272 1268 5335 illastr.,
1309 5286 1427 5340 cap.
1455 5272 1543 5325 61.

284 5344 399 5405 (51)
440 5342 624 5406 Phut.,
651 5342 794 5396 Bibl.
830 5345 952 5396 cod.
987 5358 1131 5396 cxxr.

283 5414 398 5480 (ὅὲ)
437 5411 644 5477 Gelas.,
677 5413 750 5466 De
793 5413 996 5466 duabus
1019 5413 1243 5479 naturis,
1283 5421 1412 5464 tom.
1443 5410 1535 5479 IV,
1564 5421 1704 5482 part.
1737 5428 1774 5478 t,

215 5480 472 5537 Biblioth.
498 5482 614 5537 PP.
643 5484 770 5537 edit.
801 5483 974 5538 Paris.
1029 5483 1185 5549 16M,
1217 5499 1270 5552 p.
1305 5483 1428 5536 424.

282 5555 395 5628 (55)
421 5553 593 5628 Sand.
637 5554 797 5628 Nucl.
848 5554 992 5628 Hist.
1021 5553 1176 5620 eccl.,
1203 5551 1259 5608 in
1304 5561 1458 5608 tract.
1485 5551 1579 5619 De
1617 5560 1775 5606 vetcr.

215 5626 396 5695 script.
420 5627 546 5695 cccl.
576 5642 698 5695 pag.
720 5626 808 5678 27.

286 5690 843 5821 (agasquantam.
893 5694 1010 5749 PP.
1065 5693 1241 5751 Paris.
1288 5691 1444 5757 16M,
1494 5701 1629 5749 tom.
1663 5690 1772 5759 xu,

286 5781 335 5821 α.
485 5807 498 5820 .

503 5867 769 5926 Pauor"
797 5864 911 5925 Gn.
943 5863 1025 5923 Χ.

1886 4605 2016 4674 ipsis
2049 4605 2221 4660 sacris
2247 4603 2560 4673 Scripturis,
2604 4612 2658 4657 et
2682 4604 2732 4656 in
2755 4603 2946 4672 primis
2979 4611 3132 4656 notat
3162 4602 3272 4672 (57)
3302 4603 3441 4674 quod

1884 4713 2017 4749 unus
2032 4697 2099 4748 sit
2117 4695 2276 4757 Deus,
2300 4711 2445 4765 quem
2469 4712 2569 4748 non
2595 4695 2805 4748 aliunde
2822 4694 3171 4764 agnoscimus.
3189 4709 3350 4764 quam
3377 4710 3444 4750 ex

1883 4785 2053 4841 sacris
2086 4784 2444 4855 Scripturis...
2495 4784 2842 4854 Quaecunque
2879 4801 3008 4855 ergo
3043 4784 3100 4838 S.
3150 4784 3443 4855 Scriptura;

1881 4878 2194 4948 praedicant,
2251 4877 2519 4943 sciamus;
2553 4887 2606 4932 et
2645 4893 2984 4946 quaecunque
3023 4877 3237 4942 docent,
3272 4893 3442 4948 agno-

1881 4986 2119 5036 scamus,
2156 4979 2210 5023 et
2242 4970 2381 5024 sicut
2409 4970 2524 5024 vult
2546 4969 2702 5024 Pater
2729 4969 2899 5034 credi,
2934 4970 3012 5025 sic
3039 4969 3362 5035 credamus;
3387 4981 3441 5023 et

1953 5131 2062 5204 (55)
2091 5130 2360 5207 llippolyt.
2394 5138 2580 5207 contra
2621 5126 2957 5207 Noet._num.
3001 5125 3080 5207 1:
3113 5121 3435 5207 Thegdoret.

1879 5192 1974 5258 lib.
2016 5192 2074 5255 ιίι
2108 5192 2304 5255 Hie-ret:
2335 5199 2526 5269 fabul.,
2557 5215 2676 5268 cap.
2701 5199 2754 5262 5,
2787 5195 3206 5269 idem_alI_irr_nat.
3230 5192 3286 5245 8.
3319 5192 3440 5269 Epi-

1879 5274 2112 5343 phanius
2139 5287 2264 5325 vero
2283 5263 2636 5343 Ephesinum'
2662 5269 2847 5343 statuit
2880 5286 2893 5320 :
2918 5264 2978 5318 In
3006 5266 3131 5343 A_sia
3157 5263 3434 5329 oriundus,

1878 5336 2003 5397 urbe
2039 5342 2258 5410 Epheso.
2282 5336 2684 5410 Epiph.h:eres.
2717 5338 2804 5401 57,
2842 5353 2992 5389 num.

1949 5414 2061 5482 (56)
2085 5400 2094 5410 ’
2119 5411 2184 5465 Hi
2227 5400 2438 5466 articuli
2487 5400 2814 5482 coincidunt;
2843 5402 3271 5482 cum___Symbolo
3302 5419 3332 5456 a
3367 5400 3433 5482 ζ).

1876 5472 2081 5539 Irenaeo
2109 5483 2334 5536 recitato
2366 5482 2460 5535 lib.
2511 5495 2563 5540 ι,
2613 5494 2730 5547 cap.
2785 5476 2839 5541 2,
2889 5487 2938 5531 et
2977 5472 3070 5529 lib.
3100 5490 3180 5539 ιιι,
3212 5488 3340 5547 cap:
3363 5472 3431 5539 4;

1878 5556 2146 5608 habentur
2168 5553 2330 5605 etiam
2367 5553 2506 5621 apud
2540 5541 2926 5605 Tertullianum
2957 5547 3051 5600 lib.
3085 5553 3265 5604 contra
3299 5541 3430 5598 Pra-

1875 5639 2049 5684 a‘eam,
2076 5638 2194 5689 eap.
2224 5623 2277 5674 ἓ.

1948 5693 2059 5766 (57)
2087 5685 2355 5763 11ἶρρο1γι.
2388 5699 2570 5744 contra
2603 5687 2758 5743 Noet.
2781 5727 2795 5753 ,
2825 5702 2975 5742 num.
3007 5685 3060 5739 9.

3041 5846 3118 5905 10
