3986 6358
484 348 587 407 209

1458 348 1544 404 DE
1584 349 1742 406 VITA
1781 349 1868 405 ET
1911 348 2220 406 SCRIPTIS
2261 350 2316 405 S.
2359 346 2742 408 HIPPOLYTI.

3589 355 3696 411 500

484 467 626 521 sicut
647 464 760 520 vult
789 463 958 520 Filius
982 463 1292 535 glorificari,
1324 465 1403 520 sic
1428 467 1829 536 glorificcmus;
1858 477 1910 523 et
1932 469 2036 524 sic-
2062 475 2107 531 Α
2136 479 2350 535 varunt,
2391 468 2573 524 Graece
2623 469 2842 539 quidem
2889 467 3220 539 Nicephorus
3263 466 3370 524 CP.
3407 468 3460 522 in
3516 469 3699 522 Antir-

484 567 544 612 ut
590 557 702 612 vult
731 558 920 610 donari
951 556 1210 626 Spiritum
1260 568 1528 623 sanctum,
1581 558 1660 613 sic
1681 560 2036 629 accipiamus,

482 664 591 704 non
630 649 925 702 secundum
959 649 1230 718 propriam
1259 649 1613 715 voluntatem,
1646 667 1818 720 neque
1846 667 2042 706 secun-

484 741 611 794 dum
636 740 912 809 proprium
940 756 1183 806 sensum,
1215 756 1387 810 neque
1411 742 1515 794 vim
1548 741 1836 798 inferentes
1862 744 1914 797 in
1953 760 2014 798 ea

483 848 604 902 quae
652 831 720 885 ab
753 847 818 886 eo
860 833 983 889 data
1019 843 1179 898 sunt,
1235 833 1326 888 sed
1373 835 1646 902 quomodo
1681 835 1794 904 ipse
1838 853 1933 905 per
1979 836 2037 891 S.

486 924 790 992 Scripturas
816 923 1009 978 docere
1036 923 1225 989 voluit,
1266 923 1345 978 sic
1374 923 1758 994 intelligamus.

569 1010 826 1066 Postharc
840 1011 906 1066 de
929 1011 1272 1082 generatione
1299 1020 1496 1064 zetcrna
1526 1021 1578 1066 et
1599 1013 2009 1067 consubstantia
2028 1043 2040 1051 -

478 1102 629 1159 litate
647 1103 766 1157 Filii
790 1105 1008 1160 disserit
1029 1103 1330 1174 (38),atque
1349 1104 1718 1158 incarnatione
1730 1103 1889 1159 Verbi
1905 1105 2036 1174 (59).

481 1196 647 1250 Docet
677 1198 852 1252 solum
883 1195 1122 1251 Verbum
1156 1198 1496 1251 incarnatum
1516 1195 1625 1267 (40)
1650 1197 1899 1267 idemque
1919 1213 2040 1252 esse

477 1291 672 1344 Filium
711 1290 800 1345 Dei
828 1292 960 1361 (ll),
992 1291 1152 1360 idque
1184 1305 1248 1344 ex
1285 1289 1606 1360 Apocalypsi
1635 1289 1794 1344 etiam
1826 1289 2038 1359 probat,

477 1398 639 1451 quam
667 1383 768 1436 sub
798 1382 1018 1436 nomine
1047 1380 1274 1436 Joannis
1304 1381 1647 1450 evangelista:
1682 1381 1883 1435 laudat.
1922 1382 2036 1436 Non

474 1472 709 1536 Patrem,
743 1472 835 1528 sed
872 1471 1078 1525 Filium
1111 1472 1285 1527 solum
1311 1473 1646 1526 incarnatnm
1676 1471 1842 1525 fuisse
1863 1473 2040 1526 decla-

474 1573 559 1617 rat
593 1563 704 1633 (42)
750 1567 1039 1632 mone’tque
1090 1564 1462 1619 curiositatem
1507 1564 1560 1616 in
1612 1562 1882 1633 mysteriis
1927 1578 2042 1630 per-

473 1653 783 1709 scrutandis
814 1654 1086 1707 vitandam
1117 1669 1256 1708 esse.
1299 1652 1539 1706 Tandem
1572 1653 1735 1706 tradit
1763 1651 1898 1706 duas
1938 1667 2038 1704 na-

474 1753 624 1799 turas
667 1744 909 1812 duasque
953 1744 1294 1812 Operationes
1343 1744 1394 1797 in
1445 1742 1666 1798 Christo
1705 1741 2036 1811 profitendas

2140 563 2350 615 rheticis
2394 570 2581 615 contra
2615 560 3035 626 Iconomachos;
3066 561 3388 614 Anastasius
3411 570 3538 614 vero
3567 576 3702 630 apo-

2137 653 2416 708 crisiarius
2457 654 2509 706 in
2558 653 2672 707 suis
2711 651 3052 706 Colleclaneia
3110 649 3300 705 Latine
3337 649 3564 704 reddita.
3619 649 3699 704 Ex

2139 743 2387 797 anriani
2417 743 2667 796 versione
2687 742 2892 812 primus
2920 743 3010 796 illa
3042 741 3282 810 vulgavit
3304 739 3569 794 Henricus
3590 739 3699 793 Ca-

2137 835 2330 889 nisius.
2367 833 2549 888 Graeca
2588 833 2838 902 deinceps
2868 848 2933 886 ex
2965 832 3206 901 ejusdem
3231 830 3483 886 Turriani
3510 830 3700 884 codice

2137 924 2339 978 addidit
2384 923 2755 977 Anastasianas
2803 923 3038 978 versioni
3090 921 3432 976 Sirmondus.
3508 919 3699 975 Greece

2138 1015 2262 1069 item
2289 1025 2341 1068 et
2365 1013 2551 1068 Latine
2575 1012 2811 1083 Operum
2845 1013 2902 1068 S.
2929 1013 3147 1067 Maximi
3185 1021 3331 1067 tomo
3365 1009 3386 1064 Ι
3417 1011 3697 1081 praemissa

2137 1108 2305 1163 edidit
2339 1106 2720 1169 Combeﬁsius,
2757 1107 2849 1176 qui
2887 1115 2942 1160 et
2969 1104 3242 1160 Anastasii
3275 1104 3582 1158 versionem
3613 1116 3701 1156 re-

2137 1197 2368 1253 censuit.
2411 1197 2606 1250 Eadem
2637 1195 2829 1250 exinde
2855 1195 2906 1249 in
2949 1210 3108 1250 suum
3142 1192 3481 1263 Hippolytum
3519 1199 3700 1243 trans-

2138 1289 2260 1343 tulit
2307 1286 2608 1342 Fabricius.
2675 1287 2920 1341 Posthzec
2970 1301 3037 1340 ex
3083 1283 3389 1339 Combefisii
3437 1282 3692 1345 editione,

2135 1379 2320 1434 Graeca
2358 1377 2654 1446 desumpsit
2706 1376 3027 1446 Basnagius,
3064 1391 3128 1429 ac
3165 1372 3414 1428 Turriani
3456 1371 3698 1426 versiom

2137 1469 2380 1539 adjunxit
2417 1477 2550 1522 tom.
2596 1467 2614 1522 I
2654 1466 2906 1519 Thesauri
2941 1464 3251 1528 Canisiani;
3286 1465 3352 1516 ad
3387 1462 3544 1530 cujus
3583 1462 3699 1515 cal-

2137 1577 2254 1616 cem
2307 1569 2563 1629 praeterea
2610 1557 2675 1611 V.
2720 1557 2781 1612 C.
2835 1556 3043 1612 Claudii
3085 1553 3522 1625 Cappcronnierii
3577 1551 3697 1606 ani-

2139 1652 2540 1706 madversiones
2590 1649 2644 1704 in
2691 1648 2962 1702 Anastasii
3002 1647 3302 1701 versionem
3339 1659 3461 1700 cum
3492 1641 3698 1697 Greecis

2139 1743 2386 1798 collatam
2435 1741 2650 1811 adjecit.
2702 1738 2797 1792 His
2847 1738 3104 1793 subsidiis
3137 1737 3433 1792 instructus
3463 1735 3532 1790 cl.
3566 1733 3698 1788 Gal-

472 1848 595 1888 esse
629 1833 737 1901 (43)
760 1873 776 1895 ,
810 1803 862 1887 et
883 1803 1004 1886 enni
1028 1833 1314 1903 doxologia
1351 1833 1619 1888 concludit
1649 1803 1805 1887 suum
1839 1840 2034 1885 tracta-
2066 1803 2110 1862 Β
2139 1833 2351 1887 landius
2412 1803 2700 1887 editionem
2763 1845 2915 1884 suam
2979 1827 3223 1897 paravit;
3278 1826 3692 1895 praecedentium

472 1931 610 1976 tum.
644 1920 909 1976 Caeterum
943 1921 1361 1984 observandum,
1396 1921 1540 1990 quod
1576 1930 1792 1976 notante
1827 1921 1896 1974 cl.
1927 1918 2036 1973 Til-

472 2012 731 2067 lemontio
774 2013 886 2082 (44)
934 2011 1268 2082 Epiphanius
1297 2013 1485 2067 haeresi
1514 2013 1604 2079 57,
1643 2028 1765 2082 quae
1789 2021 1871 2067 est
1899 2009 2039 2066 Noe-

474 2105 767 2171 tianorum,
799 2119 864 2158 ex
891 2102 1196 2175 Hippolyto,
1225 2103 1352 2158 licet
1383 2119 1490 2157 non
1522 2104 1823 2168 nominato,
1864 2102 2034 2156 multa

473 2197 540 2250 ad
565 2197 788 2250 verbum
814 2204 1018 2264 repetat
1042 2209 1141 2264 pro
1177 2193 1476 2248 refutandis
1499 2195 1604 2248 illis
1635 2193 1920 2259 haereticis,
1952 2200 2036 2246 at-

473 2286 780 2355 quejudice
807 2284 1081 2339 Ccillierio
1109 2285 1218 2354 (45)
1245 2285 1539 2339 verisimile
1567 2285 1728 2339 etiam
1760 2292 1862 2348 est,
1893 2283 2036 2353 quod

473 2374 808 2444 Epiphanius
849 2389 915 2428 ex
957 2375 1060 2428 hoc
1089 2372 1406 2446 Hippolyteo
1444 2373 1748 2444 fragmento
1778 2374 1924 2428 illum
1956 2375 2038 2428 lo-

473 2481 596 2520 cum
643 2465 958 2520 historicum
1003 2464 1070 2518 de
1114 2465 1674 2519 excommunicatione
1716 2464 1866 2519 Nocti
1912 2481 2036 2519 mu-

473 2565 663 2612 tuatus
698 2555 878 2610 fuerit.
912 2554 1148 2610 Tandem
1197 2557 1298 2610 hoc
1341 2555 1624 2627 Hyppolyti
1655 2555 2034 2627 fragmentum,

471 2655 662 2700 contra
713 2643 1004 2714 Dupinium
1047 2644 1161 2715 (46)
1223 2645 1354 2699 illud
1410 2646 1755 2710 inﬁciantem,
1825 2638 2038 2715 egregie

470 2737 748 2792 vindicant
817 2747 1065 2793 auctores
1131 2737 1385 2794 Historiw
1449 2737 1723 2792 litterariae
1801 2736 2038 2791 Franco—

483 2827 753 2900 mmun.

1016 2917 1410 2974 ARTICULUS
1449 2917 1563 2970 VII.

470 3025 540 3068 ος
579 3025 866 3066 TRAC‘I'ATU
900 3027 947 3066 8.
989 3025 1271 3064 HIPPOLYTI
1319 3026 1383 3064 DE
1431 3022 1728 3063 THEOLOGIA
1759 3023 1827 3061 ετ
1860 3023 2040 3063 INCAR-

667 3097 894 3136 NATIONE
922 3097 1187 3135 ADVERSUS
1210 3095 1452 3133 BERONEI
1486 3096 1556 3132 ET
1587 3093 1834 3133 HELICEI.

473 3167 568 3243 ει.
594 3169 856 3239 Excerpta
889 3167 1030 3243 VIII
1050 3184 1113 3222 ex
1148 3185 1382 3243 sermone
1410 3171 1474 3222 de
1497 3167 1755 3243 theologia
1786 3176 1834 3222 et
1855 3167 2030 3221 incar-
2061 3142 2102 3199 ο

853 3240 1200 3326 nationequis
1226 3238 1372 3292 nobis
1397 3241 1639 3291 servarit.

543 3350 864 3404 Anastasius
904 3349 1185 3418 presbyter
1214 3363 1279 3403 ac
1323 3347 1580 3402 Romanae
1613 3347 1866 3403 Ecclesia:
1898 3364 2030 3418 apo-

473 3439 755 3494 crisiarius
787 3440 932 3494 circa
949 3440 1184 3493 medium
1202 3440 1382 3494 saeculi
1404 3440 1615 3509 septimi
1645 3448 1872 3494 testatur
1895 3439 2030 3511 (48),

472 3532 617 3601 quod
665 3546 788 3586 cum
849 3531 1316 3600 Constantinopoli
1350 3543 1716 3587 commoratus
1759 3545 1922 3598 esset,
1962 3533 2032 3587 ad

473 3623 650 3691 ipsum
702 3621 911 3676 delatus
950 3621 1112 3676 fuerit
1162 3623 1301 3676 liber
1362 3622 1418 3676 S.
1475 3623 1741 3694 Ilippolyti
1793 3623 2030 3693 episcopi

473 3712 666 3768 Portus
703 3713 933 3768 Romani
980 3729 1045 3767 ac
1082 3714 1355 3784 martyris,
1400 3715 1454 3768 in
1488 3731 1596 3784 quo
1626 3717 1923 3786 anticipate
1943 3733 2032 3771 re-

477 3804 613 3859 fellit
647 3805 893 3860 haeresim
934 3803 1436 3871 Monothelitarum;
1486 3822 1646 3876 quem
1690 3823 1811 3862 cum
1863 3816 2032 3862 totum

471 3896 774 3951 describere
802 3897 978 3963 vellet,
1023 3897 1111 3950 vix
1146 3897 1312 3952 valuit
1339 3913 1403 3950 ex
1437 3897 1553 3966 ipso
1577 3898 1695 3967 plus
1722 3914 1883 3967 quam
1910 3907 2033 3953 octo

472 3987 592 4044 loca
624 4004 720 4044 seu
750 3990 1060 4044 testimonia
1085 3990 1387 4056 extrahere,
1426 3990 1626 4044 invidia
1662 3989 2035 4045 Monothelita-

471 4081 720 4150 rum,qui
739 4081 988 4135 eumdem
1013 4081 1206 4134 librum
1233 4096 1262 4135 e
1281 4081 1530 4135 manibus
1547 4081 1648 4151 ipsi
1670 4082 2030 4150 diripuerunt.

471 4167 606 4224 Octo
629 4171 744 4224 haec
764 4169 1062 4240 fragmenta
1088 4186 1155 4225 ex
1189 4186 1439 4226 sermone
1475 4171 1550 4223 De
1586 4171 1840 4240 theologia
1869 4182 1916 4226 et
1945 4173 2031 4226 in-

472 4257 776 4310 carnatione
804 4265 993 4312 contra
1043 4257 1306 4313 Beroncm
1333 4268 1386 4313 et
1435 4257 1671 4313 Helicem
1706 4261 1861 4316 nobis
1915 4277 2032 4316 ser-

569 4492 658 4566 58)
684 4492 951 4566 Hippolyt.
977 4507 1156 4550 contra
1190 4496 1342 4552 Noet.
1378 4513 1528 4552 num.
1561 4497 1750 4565 I0,II.

567 4565 654 4632 59)
684 4565 756 4619 Id.
784 4565 937 4631 ibid.,
961 4583 1110 4620 nntn.
1143 4568 1230 4622 I2.

564 4633 653 4700 40)
685 4633 760 4688 Id.
786 4635 940 4701 ibid.,
968 4652 1117 4691 num.
1155 4639 1240 4691 I4.

545 4704 658 4771 (41)
687 4703 764 4773 Id.
795 4705 950 4773 ibid.,
985 4723 1134 4760 num.
1161 4707 1241 4760 ts.

544 4773 655 4842 (42)
686 4772 760 4826 Id.
783 4772 940 4839 ibid.,
965 4791 1116 4830 num.
1147 4777 1233 4838 I6,
1263 4777 1349 4831 I7.

544 4842 655 4911 (45)
686 4843 759 4896 Id.
791 4845 919 4899 ibid.
942 4886 957 4910 ,
990 4862 1140 4900 num.
1172 4846 1236 4899 I7
1266 4855 1320 4901 et
1347 4848 1431 4903 I8.

683 4911 1027 4988 Tillemont._,_
1055 4915 1321 4980 Mémoir.,
1356 4929 1488 4972 tom.
1517 4916 1606 4982 IIl,
1639 4933 1760 4988 pag.
1791 4919 1916 4975 I07.

545 4981 655 5060 (is)
686 4981 1333 5060 QeillierLIIt'at._génér.,
1371 4997 1503 5041 tom.
1537 4988 1598 5060 ιι,
1631 4981 1751 5060 flag.
1781 4990 1905 5060 sta.

685 5050 1154 5127 Q_llplll,_BthIOl/_l:
1190 5050 1354 5127 auct:
1383 5067 1516 5113 tom.
1543 5050 1594 5122 I,’
1613 5050 1731 5127 πίδκῖ
1753 5059 1872 5113 I77.

544 5121 834 5246 ἓιρθίίξδι.
877 5123 1041 5178 littér.
1084 5125 1147 5179 de
1194 5125 1249 5180 la
1293 5125 1519 5194 France,
1559 5121 1691 5184 tom.
1723 5127 1776 5195 I,
1820 5139 1958 5199 part.
1987 5147 2026 5196 I,

511 5210 593 5248 22'.
620 5209 741 5246 034.

473 5210 1023 5338 Ραῗ-ίέῗῒῬι-ξιετεε-
1041 5265 1164 5338 misi
1189 5266 1255 5320 ad
1274 5283 1512 5338 praesens
1536 5283 1659 5322 cum
1680 5268 1780 5322 hac
1804 5268 2030 5338 epistola

475 5333 662 5388 mea...
721 5333 958 5387 notulam
1010 5333 1292 5390 habentem
1337 5338 1642 5392 testimonia
1684 5355 1749 5391 cx
1781 5333 1938 5392 dictis
1970 5339 2028 5392 S.

476 5401 751 5484 Hippolyti
791 5403 1041 5484 .episcopi
1105 5405 1297 5461 Portus
1354 5407 1584 5463 Roniani
1645 5423 1708 5462 ac
1759 5409 2030 5484 ;m_artyris

475 5471 689 5528 Christi
715 5471 804 5526 Dei
831 5471 1037 5546 nostri,
1085 5491 1192 5544 quo
1222 5488 1274 5529 et
1309 5493 1403 5546 per
1444 5494 1505 5532 ea
1552 5492 1716 5532 nosse
1759 5471 2027 5546 habeatis,

476 5558 637 5613 quam
669 5544 1011 5598 concorditer
1048 5561 1168 5598 cum
1196 5544 1322 5600 aliis
1351 5549 1603 5602 omnibus
1627 5547 1828 5602 sanctis
1858 5545 2031 5600 Patri-

475 5611 578 5668 bus
611 5611 907 5686 Salvatoris
935 5616 1101 5686 nostri
1125 5613 1251 5670 Jesu
1290 5615 1492 5671 Christi
1527 5618 1781 5686 praedicet
1807 5625 2030 5672 naturas

474 5693 530 5756 et
553 5683 911 5751 operationes,
938 5685 1144 5739 refellat
1169 5695 1349 5741 autem
1380 5702 1494 5751 eos,
1515 5683 1608 5756 qui
1641 5702 1804 5743 unam
1832 5701 2024 5754 opera-

475 5753 678 5808 tionem
706 5763 758 5809 et
791 5763 1036 5810 naturam
1067 5769 1230 5810 unam
1263 5753 1559 5812 divinitatis
1587 5765 1642 5812 et
1678 5753 2026 5813 humanitatis

2135 1925 2401 1978 editorum
2435 1922 2840 1978 observationes
2880 1919 3128 1988 subjecit,
3165 1933 3338 1988 neque
3371 1925 3526 1972 notas
3553 1917 3696 1970 omi-

2137 2017 2224 2080 sit,
2268 2031 2404 2086 quas
2434 2015 2675 2069 eruditus
2723 2011 3226 2066 Sirmondianorum
3257 2009 3430 2062 editor
3464 2008 3694 2077 margini

2137 2108 2347 2171 allcvit;
2383 2104 2655 2159 Anastasii
2702 2103 2940 2157 versioni
2985 2101 3417 2156 testimoniorum
3445 2098 3698 2170 Hippoly-

2138 2209 2368 2263 teorum,
2410 2194 2862 2250 Combefisianam
2903 2193 3275 2247 recensionem
3309 2192 3578 2259 apposuit,
3610 2200 3700 2244 at-

2135 2306 2240 2359 que
2284 2289 2520 2359 integras
2558 2283 2994 2356 Cappcronnicrii
3034 2283 3531 2337 animadversiones
3563 2282 3697 2338 sub-

2135 2383 2287 2439 didit.

2207 2471 2279 2526 De
2327 2470 2507 2540 operis
2551 2467 2854 2538 integritate
2898 2480 3006 2520 non
3035 2473 3120 2520 est
3150 2463 3392 2534 profecto
3426 2479 3526 2518 cur
3569 2461 3696 2532 jure

2135 2561 2383 2616 dubitare
2410 2561 2532 2630 quis
2563 2560 2756 2612 valeat.
2791 2555 2935 2610 Nihil
2963 2556 3160 2626 quippe
3187 2555 3240 2609 in
3267 2556 3349 2610 his
3378 2554 3698 2626 fragmentis

2135 2651 2310 2719 legere
2358 2660 2458 2712 est,
2503 2649 2647 2718 quod
2685 2647 3026 2716 Hippolytum
3062 2646 3300 2715 apprime
3333 2661 3437 2700 non
3467 2647 3691 2712 deccat;

2135 2742 2384 2812 quinimo
2417 2741 2528 2794 sive
2567 2748 2946 2809 argumentum
2982 2743 3212 2806 spectes,
3244 2736 3356 2791 sive
3380 2736 3694 2806 disputandi

2136 2834 2434 2898 rationem;
2491 2831 2680 2897 omnia
2741 2844 2876 2898 pene
2926 2829 3136 2897 gemina
3189 2842 3311 2881 cum
3373 2826 3694 2895 pracedenti

2136 2925 2400 2995 opusculo
2433 2933 2616 2977 contra
2650 2921 2877 2975 Nectum
2909 2919 3144 2988 reperias
3171 2936 3186 2984 ;
3231 2926 3291 2972 ut
3325 2919 3550 2988 proinde
3580 2919 3692 2973 fra-

2138 3025 2353 3085 gmenta
2403 3014 2668 3085 ejusmodi
2717 3013 2908 3066 merito
2953 3011 3222 3065 vindicent
3269 3007 3554 3080 Hippolyto
3587 3011 3690 3063 viri

2137 3107 2457 3173 doctissimi,
2488 3105 2674 3161 Bullus
2701 3105 2811 3175 (49)
2851 3104 2904 3157 in
2921 3103 3133 3172 primis,
3171 3100 3547 3156 Tillemontius
3577 3100 3692 3172 (50)

2129 3196 2352 3266 aliique.

2205 3288 2308 3344 Sed
2356 3288 2438 3340 vir
2493 3286 2842 3341 doctissimus
2870 3284 3033 3356 Ellies
3061 3284 3304 3354 Dupinus
3329 3284 3580 3349 dubitat,
3623 3301 3695 3340 an

2135 3379 2222 3432 illa
2251 3387 2500 3447 excerpta
2537 3377 2592 3431 S.
2620 3377 2954 3448 Hippolytum
2991 3377 3224 3430 habeant
3247 3384 3520 3432 auctorem
3541 3378 3692 3448 (5i);

2139 3468 2345 3524 Natalis
2367 3479 2544 3523 autem
2574 3469 2894 3534 Alexander,
2939 3467 3210 3532 Petavius,
3241 3467 3472 3523 Sandius
3497 3469 3612 3541 (52)
3639 3479 3696 3523 et

2133 3559 2428 3630 Basnagius
2457 3561 2566 3630 (55)
2590 3561 2815 3630 probare
2842 3559 3318 3613 conanturlibrum
3337 3559 3410 3613 De
3432 3560 3694 3630 theologia

2133 3663 2181 3708 et
2202 3651 2562 3706 incarnatione
2580 3667 2684 3704 non
2702 3666 2820 3705 esse
2839 3650 2896 3704 S.
2930 3649 3195 3722 Hippolyti
3222 3667 3357 3720 opus
3373 3651 3692 3720 genuinum.

2132 3743 2430 3798 Audiamus
2464 3742 2640 3811 ipsum
2671 3739 2912 3796 Natalem
2948 3742 3311 3796 Alexandrum
3347 3742 3460 3812 (54)
3503 3753 3692 3796 contra

2132 3834 2246 3889 haec
2274 3843 2523 3903 excerpta
2546 3834 2647 3888 ista
2670 3834 3022 3887 disserentem
3053 3851 3065 3886 :
3097 3852 3114 3884 ι
3147 3831 3305 3886 Liber
3329 3832 3404 3886 De
3433 3833 3693 3902 theologia

2132 3937 2180 3980 et
2208 3927 2566 3979 incarnatione
2607 3934 2793 3980 contra
2833 3924 3093 3979 Beronem
3125 3935 3179 3979 et
3205 3923 3439 3980 Helicem
3474 3928 3692 3981 haereti-

2133 4032 2295 4071 cos...
2326 4030 2434 4070 non
2483 4016 2693 4070 videtur
2720 4030 2840 4069 esse
2882 4015 3051 4070 sancti
3083 4013 3373 4086 Hippolyti,
3403 4016 3562 4085 cujus
3593 4032 3692 4070 no-

2133 4124 2254 4162 men
2286 4106 2518 4176 praefert.
2554 4104 2661 4162 Nec
2687 4107 2830 4160 enim
2860 4107 2976 4175 ejus
3003 4107 3298 4161 meminere
3319 4115 3549 4173 veteres,
3589 4123 3693 4162 nec

2133 4197 2384 4267 congruit
2416 4196 2749 4265 temporibus
2780 4195 3072 4266 Hippolyti.
3107 4195 3323 4250 Refellit
3354 4197 3497 4250 enim
3537 4213 3692 4252 erro-

2133 4305 2246 4343 rem
2274 4287 2599 4356 Apollinaris
2633 4297 2686 4342 et
2725 4286 3034 4359 Eutychetis
3058 4277 3124 4343 de
3159 4288 3460 4343 mutatione
3492 4289 3694 4343 divini-

2060 4484 2105 4539 θ
2134 4501 2252 4570 ejus
2309 4502 2738 4579 dogmatizant...
2790 4502 2944 4560 Hunc
2993 4505 3190 4579 librum
3225 4505 3464 4579 Byzantii
3508 4507 3688 4570 nobis,

2132 4581 2418 4643 antequam
2464 4576 2606 4642 passi
2650 4574 2961 4640 fuissemus,
2992 4576 3248 4642 delatum,
3271 4574 3407 4630 'cum
3444 4578 3588 4633 hunc
3617 4590 3694 4633 to-

2134 4652 2244 4716 tum
2311 4644 2588 4716 vellemus
2627 4646 3013 4716 transcribere,
3058 4647 3238 4701 subito
3271 4647 3426 4716 juxta
3459 4661 3693 4704 consuc-

2130 4713 2370 4766 tudinem
2397 4729 2550 4767 suam
2577 4714 2884 4769 insistentes
2920 4716 3212 4770 adversarii
3241 4713 3510 4770 latronum
3536 4734 3692 4774 more

2131 4793 2447 4857 rapuerunt,
2498 4793 2568 4857 et_
2602 4800 2716 4857 non
2759 4785 3024 4857 valuimus
3078 4801 3144 4857 ex
3197 4787 3315 4856 ipso
3361 4787 3480 4856 plus
3521 4804 3690 4857 quam

2130 4863 2254 4923 guto
2303 4854 2416 4923 haec
2453 4855 2756 4907 testimonia
2787 4855 2992 4909 tollere.
3047 4872 3065 4906 ι
3112 4854 3386 4920 Αιιεὶειεε.ζ
3435 4854 3592 4923 epist.
3620 4861 3689 4912 ad

2129 4919 2398 5048 giltegdos.
2412 4924 2665 5048 5plrézsbyt.
2699 4925 3020 4994 Gangrens.,
3043 4935 3171 4979 tom.
3197 4924 3264 4978 Ill
3285 4919 3422 4996 Opp.
3448 4919 3691 4982 Sirmon-

2191 5032 2228 5048 ..
2291 5009 2376 5048 aa.
2523 5031 2536 5046 .

2171 5007 2228 5056 ι.,
2254 5007 2376 5056 pag.
2412 5007 2536 5048 διν.

2135 5007 2547 5200 ἓιέιέἒὲἓυῗὲἒέ,
2588 5062 2798 5132 Defens.
2826 5064 2921 5133 ﬁd.
2960 5063 3190 5133 Nicazn.,
3221 5076 3354 5122 sect.
3381 5083 3440 5134 tt,
3471 5082 3590 5138 cap.
3631 5069 3687 5134 8,

2234 5175 2246 5193 ,
2275 5148 2394 5200 pag.
2431 5148 2518 5189 uo.

2207 5203 2318 5326 (ὣυέ
2356 5201 2662 5268 Tillemont,
2687 5201 2931 5258 Mémoir.
2956 5205 3106 5270 eccl.,
3140 5217 3275 5262 tom.
3301 5205 3389 5272 III,
3419 5222 3544 5278 pag.
3585 5207 3690 5261 l08

2129 5279 2183 5325 et
2217 5279 2334 5325 I09.

2202 5341 2316 5414 (iii)
2347 5341 2542 5414 pupin,
2569 5341 2705 5414 gibt.
2740 5353 2905 5412 auct.,
2931 5360 3054 5414 pag.
3082 5344 3200 5400 I78.

2201 5411 2312 5487 (.53!)
2340 5411 2530 5487 _S_and.,
2569 5411 2679 5487 Vel.
2711 5411 2896 5487 script.
2931 5411 3148 5487 'ecc'lesl
3169 5432 3290 5487 pag.
3316 5417 3409 5487 2'7.

2336 5481 2596 5603 ﬁaasgiagg,
2623 5481 2995 5603 ﬁnimadvers.
3013 5487 3079 5542 ad
3111 5485 3152 5540 Τ
3154 5481 3360 5542 liesaur.
3384 5486 3690 5552 Canisian.,

2129 5558 2263 5622 toni.
2287 5554 2327 5614 I,
2351 5569 2479 5622 pag.
2513 5554 2598 5618 I0,
2626 5554 2710 5607 II.

2202 5569 2263 5606 at.
2287 5569 2479 5674 ηιξκιε.
2513 5569 2598 5618 w,
2626 5569 2710 5607 ιι.

2202 5621 2314 5703 (54)
2392 5623 2518 5703 atat.
2555 5623 2866 5703 Alexandra
2892 5623 3036 5684 Hist.
3063 5627 3270 5698 coclea,
3297 5641 3422 5684 saec.
3453 5641 3539 5692 tu,
3561 5640 3690 5698 cap.

2129 5690 2186 5760 4,
2215 5693 2428 5748 articul.
2468 5694 2518 5762 I,
2551 5708 2668 5764 pag.
2705 5694 2790 5751 65.
