3986 6358
231 374 334 429 501

1216 363 1302 429 DE
1337 374 1500 431 vnn
1537 373 1626 430 ET
1663 375 1970 433 scmms
2009 378 2065 432 s.
2104 367 2499 438 HIPPDLYTI.‘

3347 393 3452 447 302

232 490 363 543 tatis
398 489 454 542 in
486 504 744 555 carnem,
786 492 866 546 vel
894 494 1072 548 carnis
1099 493 1152 546 in
1185 493 1352 549 Deum
1388 498 1470 561 (ut
1495 506 1707 552 constat
1734 514 1795 551 ev
1831 506 1872 560 Α
1901 499 2160 554 adversus
2203 497 2567 570 Eutychianos
2601 503 2910 570 protulisset
2963 503 3018 558 in
3075 504 3250 562 tribus
3281 509 3452 566 dialo-

232 583 343 636 illis
370 583 554 636 verbis
572 583 764 653 capJ)
801 603 815 637 :
853 583 1022 648 Quam
1049 588 1344 654 essentiam,
1370 587 1567 657 inquit,
1595 589 1800 643 habebit

225 674 687 742 eorumjopinione
704 676 876 744 factus
892 676 1043 729 homo
1069 688 1268 731 mutata
1295 681 1569 734 divinitate
1595 683 1649 734 in
1680 699 1798 735 car-

229 781 346 817 nem
367 767 396 818 .’
413 765 485 817 Et
515 784 678 834 quam
701 767 905 821 habebit
925 768 1060 823 Deus
1089 780 1290 824 mutata
1321 788 1476 826 carne
1505 775 1558 826 in
1586 773 1750 826 Deum
1773 775 1799 828 .9

229 858 471 913 lutatio
486 863 630 914 enim
653 863 880 915 duarum
896 872 1199 916 naturarum
1212 865 1346 918 inter
1361 882 1434 927 se,
1458 867 1700 920 interitus
1719 877 1795 921 est

223 954 539 1003 ambarum.
596 949 706 1005 Nec
754 951 928 1006 solum
972 961 1092 1020 post
1120 953 1349 1006 haereses
1385 953 1710 1022 Apollinaris
1742 963 1796 1008 et

225 1037 563 1109 Eutychetis
589 1041 701 1109 jam
729 1050 899 1106 ortas,
929 1056 1112 1095 verum
1141 1043 1300 1096 etiam
1331 1055 1453 1112 post
1477 1027 1795 1099 Monoiheli-

223 1139 406 1182 tarum
434 1129 692 1184 haeresim
717 1131 941 1184 elIusam
964 1174 978 1195 ,
1012 1131 1348 1200 conscriptus
1379 1134 1587 1188 videtur
1609 1135 1708 1190 iste
1729 1137 1793 1189 li-

223 1219 335 1273 ber.
372 1218 516 1273 Nam
554 1222 606 1273 in
636 1236 703 1275 eo
726 1223 959 1275 maxima
989 1237 1114 1290 pars
1138 1223 1256 1291 ejus
1283 1235 1542 1291 versatur,
1581 1228 1792 1282 utduas

221 1311 276 1364 in
314 1311 552 1371 Christo
579 1313 921 1382 operationes
949 1316 1168 1384 probet;
1200 1315 1438 1387 alioquin
1474 1329 1788 1375 naturarum

219 1403 613 1458 confusionem
660 1415 997 1474 secuturam;
1041 1408 1119 1462 sic
1160 1424 1351 1480 nempe
1382 1412 1541 1467 habet
1563 1429 1680 1482 cap.
1709 1415 1743 1468 ὅ
1771 1434 1783 1468 :

222 1494 450 1549 Carnem
484 1513 519 1548 a
574 1495 737 1551 Verbo
764 1503 1105 1567 assumptum,
1136 1517 1295 1555 unam
1329 1513 1377 1555 et
1407 1505 1640 1558 eamdem
1671 1522 1789 1573 ope-

219 1588 485 1640 rationem
517 1589 728 1656 habere,
759 1606 914 1659 quam
942 1591 1211 1658 divinitas,
1239 1604 1448 1662 propter
1469 1598 1786 1665 assumptio-

219 1694 364 1740 nem;
390 1679 732 1733 divinitatem
754 1697 872 1734 vero
901 1684 1133 1736 eamdem
1151 1687 1465 1753 passionem,
1487 1706 1644 1758 quam
1661 1707 1784 1744 caro

216 1780 434 1839 propter
465 1773 914 1837 exinanitionem;
953 1777 1028 1828 sic
1054 1781 1393 1832 mutationem
1423 1782 1583 1835 simul
1608 1793 1660 1839 et
1685 1787 1783 1839 mi-

1901 589 2004 657 gis,
2026 603 2166 658 quos
2194 600 2382 646 contra
2410 591 2555 660 ipsos
2577 595 2909 663 composuit:
2945 596 3176 652 maxime
3197 614 3318 653 cum
3345 603 3450 658 alia

1897 694 1964 734 ex
1995 677 2257 748 Operibus
2291 680 2552 754 Hippolyti
2595 684 2710 739 loca
2754 696 3047 753 recenseat,
3086 690 3341 746 nimirum
3386 709 3452 747 ea:

1897 771 2133 824 oratione
2162 770 2224 824 de
2257 772 2624 827 distributione
2653 775 2988 842 talentorum,
3029 794 3094 832 ea:
3125 780 3348 848 epistola
3377 782 3450 835 ad

1896 863 2176 928 quamdam
2208 866 2460 934 reginam,
2500 882 2563 919 ea:
2593 885 2828 922 sermone
2859 871 2914 921 in
2944 869 3234 925 Helcanam
3263 883 3314 926 et
3340 877 3450 929 An-

1896 967 2050 1016 nam,
2097 970 2216 1023 qutr.
2245 957 2424 1011 minus
2457 958 2728 1026 splendida
2759 970 2889 1015 sunt
2919 969 2972 1015 et
3017 963 3216 1019 diserta
3237 1006 3250 1028 ,
3282 983 3446 1035 quam

1893 1058 1979 1106 ea,
2013 1061 2132 1114 qua:
2173 1049 2413 1116 proxime
2452 1052 2794 1108 adduximus.
2826 1049 2946 1109 Non
2983 1059 3257 1114 omisisset
3299 1069 3448 1116 certe

1897 1137 2344 1207 diligentissimus
2394 1143 2625 1212 scriptor
2664 1146 2968 1200 testimonia
3021 1147 3334 1218 deprompta
3377 1167 3446 1206 ex

1893 1227 2030 1280 libro
2053 1227 2126 1282 De
2160 1231 2417 1301 theologia
2451 1244 2498 1286 et
2532 1236 2911 1304 incarnatione,
2947 1247 3002 1293 et
3037 1241 3088 1294 io
3128 1256 3284 1295 suum
3326 1259 3448 1298 sco-

1890 1333 2016 1387 pum
2046 1328 2151 1374 tam
2183 1323 2384 1378 directe
2405 1319 2778 1390 collineantia,‘
2806 1343 2908 1384 suo
2934 1339 3040 1384 tam
3073 1335 3444 1390 convenientia

1889 1425 2226 1481 argumento,
2257 1415 2300 1468 si
2327 1416 2379 1468 in
2405 1431 2583 1470 rerum
2612 1428 2801 1472 natura
2846 1420 2981 1474 liber
3011 1422 3316 1491 hujusmodi
3359 1445 3448 1480 ex-

1888 1503 2131 1558 stitisset.

1961 1612 1979 1644 ‹
2015 1593 2254 1664 Denique
2276 1595 2500 1653 Beronis
2521 1609 2573 1653 et
2605 1599 2810 1656 Helices
2837 1602 3229 1673 haereticorum,
3254 1619 3441 1664 contra

1884 1700 2022 1754 quos
2044 1687 2220 1742 editus
2253 1687 2440 1753 fertur,
2471 1692 2614 1745 nulla
2651 1703 2735 1747 est
2778 1695 2831 1748 in
2876 1704 2985 1750 tota
3023 1707 3168 1752 retro
3201 1701 3442 1770 antiqui-

1887 1787 1996 1832 tate
2029 1780 2310 1834 memoria.
2354 1800 2372 1833 ι
2421 1780 2692 1838 Hactenus
2723 1784 2786 1840 V.
2814 1787 2876 1842 C.
2909 1786 3016 1844 Nec
3049 1791 3187 1844 valet
3213 1807 3440 1862 respon-

220 1865 445 1917 stionem
481 1881 556 1917 ac
591 1866 979 1934 confusionem,
1011 1879 1060 1922 et
1099 1870 1372 1925 ambarum
1394 1885 1706 1930 naturarum
1729 1878 1783 1931 in
1815 1849 1856 1902 Β
1884 1883 2004 1922 Sum
2049 1870 2252 1926 Canisii
2293 1882 2346 1926 et
2382 1872 2655 1928 Possevini
2681 1917 2696 1942 ,
2746 1891 2980 1933 errorem
3031 1883 3098 1936 de
3146 1886 3442 1939 mutatione

219 1954 422 2021 seipsas
449 1958 840 2010 conversionem
863 1961 1098 2013 tradunt.
1137 1959 1198 2016 Si
1255 1966 1392 2018 enim
1421 1982 1542 2018 caro
1575 1984 1782 2022 assum-

222 2058 301 2113 pta
327 2049 582 2101 eamdem
612 2051 964 2117 operationem
991 2054 1175 2118 habet,
1205 2072 1361 2126 quam
1394 2058 1642 2114 divinitas
1669 2078 1686 2124 ;
1716 2064 1785 2115 li-

219 2149 332 2206 quet
387 2139 598 2206 factam
647 2158 757 2196 esse
795 2153 985 2198 natura
1034 2145 1201 2200 Deum
1248 2148 1531 2220 habereque
1586 2155 1781 2221 omnia,

215 2249 330 2285 cum
357 2234 562 2303 quibus
595 2238 913 2290 naturaliter
945 2238 1258 2308 intelligitur
1282 2240 1453 2306 Deus;
1483 2253 1532 2296 et
1562 2245 1608 2297 si
1643 2246 1781 2299 divi—

215 2324 350 2378 nitas
375 2325 668 2378 exinanita
687 2329 924 2380 eamdem
941 2330 1236 2396 passionem
1256 2331 1423 2395 subit,
1439 2349 1595 2403 quam
1621 2352 1778 2405 caro;

214 2416 375 2486 liquet
425 2419 635 2486 [actam
677 2436 787 2474 esse
837 2432 1028 2475 natura
1073 2439 1304 2489 carnem,
1353 2425 1636 2497 haberet/ne
1685 2431 1781 2484 illa

211 2511 417 2570 omnia.
469 2526 592 2562 cum
646 2510 830 2580 quibus
875 2515 1193 2567 naturaliter
1229 2518 1373 2568 nosci
1425 2528 1592 2585 potest
1633 2538 1775 2576 caro.

216 2599 343 2664 Quae
369 2602 517 2654 enim
550 2602 690 2654 inter
713 2619 767 2656 se
800 2613 924 2656 sunt
944 2606 1171 2674 ejusdem
1200 2610 1536 2674 operationis,
1581 2623 1628 2665 et
1675 2614 1778 2681 em-

209 2696 448 2760 cientiw,
499 2711 564 2748 ac
615 2697 950 2766 cognitionis,
993 2708 1042 2753 et
1073 2703 1284 2755 omnino
1315 2703 1452 2756 idem
1478 2707 1772 2774 patiuntur,

211 2785 422 2838 nullam
464 2798 675 2840 natura
709 2788 1058 2856 dilferentiam
1090 2792 1396 2847 admittunt.
1427 2793 1492 2848 Et
1528 2812 1646 2865 cap.
1689 2799 1721 2851 6
1756 2815 1770 2850 :

212 2875 317 2938 Qui
367 2877 610 2929 eamdem
666 2880 1015 2933 operationem
1065 2882 1281 2937 diversis
1335 2888 1541 2940 naturis
1580 2889 1776 2942 Clu-isti

210 2966 440 3030 tribuit,
473 2968 835 3041 confusionem
866 2980 1174 3026 naturarum
1205 2977 1363 3028 simul
1399 2979 1705 3046 introducit,
1729 2994 1774 3035 et

210 3059 529 3114 divisionem
557 3078 935 3130 personarum;
980 3081 1094 3118 cum
1133 3068 1392 3122 naturalis
1419 3073 1641 3125 essentia
1673 3090 1773 3128 na-

1883 1960 2179 2018 divinitatis
2210 1964 2265 2016 in
2309 1965 2716 2033 humanitatem,
2757 1971 2840 2023 vel
2879 1972 3230 2030 humanitatis
3261 1977 3314 2030 in
3352 1979 3439 2031 di-

1882 2053 2192 2118 vinitatem,
2237 2071 2357 2110 esse
2400 2058 2756 2126 antiquiorem
2791 2059 3082 2132 Eutychete
3126 2081 3188 2119 ac
3237 2067 3440 2136 Apolli-

1881 2147 2018 2210 nari,
2056 2163 2177 2202 cum
2223 2149 2341 2216 ejus
2381 2151 2687 2205 meminerit
2723 2163 2942 2209 sanctus
2977 2154 3220 2212 Justinus
3249 2160 3302 2213 in
3329 2160 3441 2215 Ea:-

1879 2240 2132 2307 positione
2158 2241 2303 2308 ﬁdei,
2333 2242 2572 2312 adeoque
2597 2260 2702 2298 non
2729 2261 2848 2301 esse
2873 2247 3288 2316 abjudicandum
3312 2269 3441 2307 san-

1879 2339 1967 2384 cto
1995 2327 2278 2401 Hippolyto
2308 2333 2502 2388 librum
2548 2335 2614 2389 de
2659 2352 2766 2405 quo
2800 2338 3030 2408 agimus,
3074 2342 3216 2410 quod
3249 2360 3436 2399 eorum

1878 2438 2116 2478 errorem
2148 2424 2374 2480 refellat.
2411 2425 2543 2480 Nam
2573 2430 2752 2483 statim
2784 2434 3072 2501 respondet
3094 2433 3298 2489 Natalis
3336 2437 3441 2490 Err-

1878 2517 2185 2583 positionem
2211 2517 2337 2584 ﬁdei
2381 2534 2488 2574 non
2532 2535 2654 2575 esse
2697 2523 2986 2589 genuinum
3032 2528 3204 2582 sancti
3238 2527 3436 2584 Justini

1877 2606 1948 2660 M.
1982 2623 2140 2676 opus,
2183 2610 2424 2680 adeoque
2463 2614 2868 2680 responsionem
2913 2613 3118 2672 Canisii
3162 2628 3217 2674 et
3242 2619 3438 2676 Posse-

1876 2700 1984 2754 vini
2020 2701 2073 2754 in
2098 2716 2260 2756 auras
2293 2717 2633 2758 evanescere.

1945 2814 2059 2885 §|l.
2093 2815 2794 2895 Respondetur_argumentis
2826 2822 3014 2877 Natal.
3043 2825 3353 2895 Alexandri,
3385 2839 3435 2882 et

2114 2888 2411 2940 vindicatur
2439 2887 2723 2959 Hippolyto
2751 2893 2846 2944 hoc
2872 2896 3198 2960 opusculum.

1948 2976 2147 3032 Verum
2193 2979 2306 3033 haec
2338 2977 2540 3034 Natalis
2586 2992 2900 3052 argumenta
2941 3000 3038 3053 pro
3073 2988 3434 3056 abjudicando

1877 3068 1935 3122 S.
1985 3067 2268 3139 Hippolyto
2325 3077 2589 3128 tractatu.
2635 3073 2686 3126 in
2729 3075 2886 3142 cujus
2930 3080 3272 3146 possessione
3313 3084 3436 3152 plus

211 3163 463 3206 turarum
504 3170 597 3221 per
637 3156 980 3209 mutationem
1017 3161 1391 3227 proprietatum
1421 3165 1625 3230 penitus
1648 3169 1770 3220 sub-
1799 3181 1842 3238 (ς
1872 3177 2033 3231 quam
2057 3162 2203 3215 mille
2232 3177 2404 3217 annos
2435 3163 2552 3223 fuit.
2582 3179 2686 3218 non
2709 3176 2834 3221 sunt
2862 3171 2993 3224 satis
3016 3173 3218 3240 gravia.
3249 3175 3433 3231 Primo

209 3244 328 3298 lata
353 3247 446 3298 sit.
479 3244 546 3298 Et
574 3260 692 3314 cap.
727 3247 758 3298 7
791 3269 802 3301 :
839 3247 1058 3302 Creator
1088 3253 1319 3304 omnium
1349 3269 1412 3305 ex-
1439 3267 1622 3309 sancta
1664 3257 1772 3310 Vir-

214 3337 330 3402 gine
378 3335 560 3388 Maria
597 3337 650 3388 in
674 3347 920 3407 conceptu
951 3355 1104 3407 puro,
1148 3343 1260 3395 sine
1294 3347 1610 3413 mutatione,
1654 3351 1770 3402 ani-

217 3442 357 3478 mam
398 3427 776 3496 intelligentem
824 3446 942 3482 cum
976 3447 1186 3499 corpore
1230 3437 1477 3490 sentiente
1505 3439 1607 3492 sibi
1648 3445 1769 3494 sub-

221 3519 545 3573 stantialiter
592 3521 797 3584 aniens,
833 3521 1005 3588 factus
1049 3534 1126 3579 est
1163 3526 1342 3589 homo,
1374 3539 1562 3584 natura
1594 3550 1626 3586 a
1652 3550 1769 3600 pec-

228 3620 340 3662 cato
369 3612 594 3671 alienus.
634 3612 775 3666 Deus
819 3613 1056 3681 Verbum,
1093 3617 1227 3670 idem
1254 3617 1391 3672 Deus
1423 3630 1592 3686 totus,
1632 3626 1770 3677 idem

236 3702 356 3754 item
384 3704 528 3756 homo
561 3713 724 3769 totus,
779 3705 1048 3760 divinitate
1088 3709 1296 3777 quidem
1343 3711 1519 3764 divina
1549 3729 1768 3781 operans

229 3807 324 3860 ρετ
353 3805 576 3848 sanctam
612 3811 841 3861 carnem,
873 3813 987 3864 qute
1017 3810 1209 3852 natura
1247 3816 1349 3854 non
1385 3812 1534 3856 erant
1561 3807 1767 3869 σαπείη

226 3884 546 3940 humanitate
573 3903 691 3940 vero
716 3887 967 3952 humana,
1006 3907 1121 3960 qua:
1153 3907 1345 3948 natura
1383 3911 1485 3947 non
1505 3908 1652 3950 erant
1681 3899 1765 3950 di-

219 3976 489 4038 vinitatis;
519 3979 724 4044 patiens
758 3983 1131 4035 sustentatione
1165 3983 1490 4051 divinitatis,
1529 3988 1660 4041 nihil
1685 3991 1770 4042 di-

217 4069 388 4121 rinum
423 4071 626 4123 nudum
674 4086 884 4138 corpore
925 4088 1161 4140 operans,
1206 4075 1434 4144 nihilque
1481 4077 1768 4132 humanum

213 4177 396 4230 expers
430 4164 763 4228 divinitatis;
790 4182 997 4219 servans
1026 4168 1128 4220 sibi
1167 4183 1350 4221 novum
1388 4172 1628 4237 modum,
1666 4189 1766 4243 quo

212 4262 457 4321 utraque.
501 4253 682 4307 divina
722 4254 917 4308 scilicet
963 4263 1014 4309 et
1055 4256 1282 4310 humana
1311 4271 1551 4325 operatus
1582 4271 1679 4319 est.
1709 4273 1766 4315 ut

211 4345 267 4395 in
295 4354 485 4397 neutra
513 4354 706 4398 natura
729 4347 948 4400 mutatio
977 4348 1141 4416 ﬁeret.
1171 4347 1327 4405 Certe
1354 4367 1477 4406 cum
1511 4354 1624 4409 haec
1654 4355 1769 4407 Mo-

213 4436 606 4489 nothelitarum
663 4451 925 4500 errorem,
961 4441 1174 4494 unicam
1203 4442 1252 4494 in
1280 4442 1496 4498 Christo
1515 4445 1765 4498 volunta-

1875 3253 2014 3306 enim
2061 3255 2256 3308 mirum
2303 3255 2459 3310 nobis
2487 3257 2727 3321 videtur,
2759 3273 2857 3313 cur
2893 3277 3000 3315 non
3047 3267 3214 3333 possit
3247 3279 3436 3324 auctor

1873 3345 2172 3400 catholicus
2204 3346 2498 3414 primorum
2545 3349 2702 3401 trium
2734 3353 3049 3408 saeculorum
3085 3356 3222 3411 idem
3267 3364 3433 3428 proli-

1874 3438 1976 3492 teri
2017 3453 2080 3492 ac
2125 3437 2411 3494 defendere
2439 3440 2580 3508 quod
2613 3455 2826 3510 semper
2849 3446 3111 3500 creditum
3154 3449 3255 3503 fuit
3294 3453 3348 3506 in
3381 3465 3434 3508 et

1873 3530 1942 3582 ab
1971 3528 2205 3585 Ecclesia
2254 3538 2359 3583 tam
2403 3540 2529 3585 ante
2551 3571 2566 3594 ,
2601 3547 2760 3601 quam
2793 3545 2914 3602 post
2938 3552 3153 3595 exortas
3178 3542 3428 3600 hzereses.

1874 3617 2130 3673 Fatemur
2158 3621 2372 3689 quidem
2403 3636 2498 3675 eos
2527 3621 2712 3677 Patres
2731 3664 2744 3687 ,
2775 3627 2867 3692 qui
2909 3638 3030 3696 post
3060 3641 3249 3688 enatos
3277 3650 3430 3688 erro-

1874 3727 1985 3776 res,
2013 3726 2150 3780 quos
2181 3712 2342 3787 etiam
2374 3727 2844 3784 oppugnaverunt,
2880 3723 3153 3785 vixerunt,
3195 3725 3431 3793 plerum-

1873 3815 1979 3868 que
2007 3801 2313 3854 accuratius
2342 3801 2485 3855 circa
2517 3805 2770 3859 veritates
2803 3809 2853 3860 in
2883 3813 3306 3867 controversiam
3337 3817 3431 3868 ad-

1873 3891 2063 3946 ductas
2088 3906 2205 3967 sese
2231 3893 2582 3961 expressisse,
2612 3912 2773 3964 quam
2810 3899 2950 3962 illos,
2976 3902 3066 3970 qui
3091 3913 3215 3958 ante
3244 3921 3430 3959 citatas

1873 3984 2244 4044 contentiones
2288 3987 2574 4056 scripsere.
2620 3991 2689 4043 At
2721 4007 2846 4046 vero
2893 3993 3017 4048 inde
3062 3995 3204 4051 haud
3246 4001 3426 4054 statim

1873 4074 2226 4158 colligaidum
2255 4087 2354 4142 est,
2403 4080 2651 4145 loquendi
2698 4081 2986 4150 formulas,
3025 4103 3145 4156 quae
3182 4098 3303 4158 post
3332 4093 3432 4145 ali-

1873 4163 2027 4230 cujus
2052 4157 2315 4221 hzrreseos
2337 4168 2594 4238 originem
2617 4171 3028 4238 adhibebantur,
3057 4193 3162 4231 non
3184 4157 3430 4248 potuisse

1873 4253 2120 4322 usurpari
2160 4255 2352 4310 saltem
2382 4257 2449 4310 ab
2478 4258 2750 4327 aliquibus
2798 4275 2922 4318 ante
2971 4267 3115 4322 illius
3161 4270 3429 4328 haereseos

1871 4343 2043 4398 initia.
2083 4345 2239 4400 Certe
2267 4345 2325 4400 S.
2364 4347 2727 4417 Athanasius,
2761 4355 2852 4423 qui
2886 4357 2975 4411 diu
3024 4369 3146 4413 ante
3178 4361 3428 4418 haeresim

1872 4435 2373 4505 Monothelitarum,
2404 4438 2846 4500 Nestorianorum
2881 4458 2933 4502 et
2968 4449 3426 4522 Eutychianorum

209 4536 322 4580 tem
353 4528 826 4597 propugnantium,
849 4530 1048 4585 directe
1073 4541 1286 4601 petant;
1321 4536 1767 4590 verisimillimum
1799 4541 1845 4597 ο
1872 4527 2180 4596 scripserat,
2215 4530 2566 4586 nihilominus
2600 4538 2914 4604 mysterium
2941 4537 3333 4599 [incarnationis
3362 4561 3427 4600 ea

210 4629 319 4680 est,
353 4618 553 4672 librum
586 4619 732 4673 illum
763 4633 887 4675 ante
914 4624 1198 4691 septimum
1235 4625 1511 4687 saeculum,
1539 4641 1648 4695 quo
1676 4642 1769 4680 ex-

210 4641 319 4680 τδι,
353 4641 553 4672 nurum
586 4641 732 4673 tuum
763 4641 887 4675 ante
914 4641 1198 4691 septimum
1235 4641 1511 4687 saecuutm,
1539 4641 1648 4695 quo
1676 4642 1769 4680 ex-

209 4713 321 4766 orti
355 4720 486 4765 sunt
517 4710 909 4778 Monothelitae,
943 4714 1315 4769 elucubratu‘m
1366 4731 1472 4770 non
1508 4716 1694 4772 fuisse.
1781 4641 1802 4800 Ι

283 4820 310 4854 ς
339 4801 548 4857 Deinde
593 4803 638 4856 si
685 4805 976 4859 exstitisset
1023 4814 1261 4875 tempore
1313 4807 1768 4864 Chalcedonensis

208 4894 468 4958 concilii,
515 4893 881 4950 Theodoretus
913 4897 1002 4951 illa
1033 4902 1220 4967 procul
1257 4900 1423 4953 dubio
1460 4902 1767 4956 testimonia

284 5115 402 5184 (55)
450 5133 469 5165 ε
505 5115 748 5187 Cumque
779 5117 1166 5194 ait_Christus:
1203 5121 1391 5183 Pater,
1439 5127 1485 5177 si
1527 5125 1770 5194 possibile

211 5197 309 5247 est,
336 5197 572 5239 transeat
602 5204 634 5238 a
662 5203 737 5240 me
772 5187 914 5241 calix
943 5192 1072 5243 iste:
1126 5203 1474 5247 verumtamen
1512 5187 1612 5248 non
1655 5213 1768 5249 mea

212 5256 479 5319 voluntas,
506 5258 595 5310 sed
620 5267 720 5332 tua
738 5259 864 5332 ﬁat;
895 5268 976 5312 et:
1000 5258 1243 5332 ‘Spiritus
1271 5265 1476 5331 quidem
1502 5279 1767 5332 promptus

214 5336 313 5396 est,
341 5343 468 5378 caro
494 5339 668 5380 autem
705 5329 948 5396 inﬁrma:
983 5329 1120 5384 duas
1152 5329 1452 5388 voluntates
1483 5329 1554 5388 tbi
1589 5329 1768 5389 osten-

212 5394 325 5470 dit;
365 5397 592 5449 alteram
632 5394 1116 5470 humanam,qum
1159 5412 1241 5456 est
1285 5405 1494 5467 carnis;
1547 5408 1766 5458 alteram

216 5465 476 5536 divinam,
511 5483 632 5536 quas
662 5467 754 5523 Dei
783 5478 884 5522 est.
913 5486 932 5519 ι
952 5465 1232 5535 Albanas,
1257 5471 1330 5524 De
1354 5465 1627 5528 Iaca-ruat.
1653 5490 1769 5528 con-

220 5542 302 5608 tra
326 5535 589 5608 Arianos,
610 5553 731 5607 pag.
765 5538 887 5594 887.
928 5557 945 5589 ‹
969 5539 1151 5608 Itaque
1175 5556 1334 5595 verus
1359 5554 1441 5598 est
1466 5545 1556 5600 Dei
1578 5546 1766 5608 Filius,

218 5605 554 5679 ιπὶιξξιιιυειηι⁸
582 5605 745 5679 homo
792 5610 981 5674 lieret;
1035 5605 1088 5664 et
1134 5618 1417 5679 postquam
1465 5617 1636 5672 tactus
1665 5605 1766 5677 est;

222 5675 479 5743 goediator
527 5676 622 5731 Dei
666 5688 721 5731 et
768 5680 1043 5734 hominum
1093 5675 1548 5740 homo—Christus
1590 5675 1765 5743 Iesus;

223 5737 330 5796 Hoc
356 5747 523 5820 enim,
551 5757 635 5802 est
656 5750 800 5820 quod
831 5750 980 5813 dicit,
1004 5759 1227 5820 etquem
1247 5756 1392 5807 misit
1415 5737 1769 5812 J‘és'dm'Ciiii-

221 5821 380 5882 uuln,
409 5818 621 5872 un’itum
647 5818 802 5873 Patri
825 5818 1117 5875 secundum
1143 5820 1399 5890 Spiritum
1449 5827 1605 5882 nobis
1639 5841 1766 5881 vero

1868 4620 2075 4674 ratione
2121 4621 2374 4690 exponit,
2421 4639 2527 4692 qua
2572 4641 2761 4681 omnes
2809 4629 2999 4683 horum
3048 4633 3424 4690 haereticorum

1867 4726 2076 4764 errores
2101 4711 2377 4779 aequaliter
2411 4713 2795 4784 impugnantur
2831 4727 2884 4772 et
2913 4720 3247 4790 jugulantur.
3289 4727 3428 4781 Pro-

1868 4799 2049 4854 litetur
2080 4804 2222 4856 enim
2269 4803 2407 4858 duas
2453 4807 2756 4863 voluntates
2788 4810 2900 4880 (55)
2935 4821 2988 4867 et
3027 4814 3162 4869 duas
3202 4827 3427 4875 naturas

1868 4891 1922 4943 in
1946 4889 2069 4945 Jesu
2103 4891 2321 4947 Christo
2353 4896 2469 4950 sine
2493 4897 2811 4953 confusione
2831 4940 2847 4966 ,
2898 4910 2991 4956 aut
3028 4907 3377 4973 permistione
3406 4952 3421 4975 ,

1869 5141 2161 5197 secundum
2188 5159 2442 5212 carnem;
2473 5159 2527 5202 et
2557 5148 2635 5204 sic
2662 5153 3010 5208 mediatorem
3046 5155 3138 5211 Dei
3164 5171 3217 5214 et
3251 5161 3426 5214 horai--

1869 5226 2019 5283 num,
2064 5214 2155 5280 qui
2190 5230 2295 5266 non
2329 5217 2502 5269 solum
2537 5218 2716 5280 homo.
2754 5223 2845 5275 sed
2879 5226 3038 5278 etiam
3072 5227 3215 5283 Deus
3261 5239 3362 5283 est.
3399 5250 3418 5281 ι

1869 5279 2000 5358 Ibid.
2032 5322 2047 5347 ,
2075 5279 2195 5358 pag:
2225 5283 2347 5340 888.
2405 5304 2422 5337 ‹
2461 5287 2656 5358 Sicque
2681 5279 2941 5348 dicendus
2972 5279 3139 5350 fuerit
3158 5279 3424 5354 w('Ihris‘tius

1868 5349 2304 5435 perfectus'Deus
2329 5363 2383 5408 ct
2414 5349 2684 5425 perfectus
2712 5361 2904 5435 homo;
2944 5349 3050 5419 non
3066 5349 3420 5435 quoddivwin‘a

1869 5419 2144 5503 perfectio
2177 5419 2559 5503 inhumanam
2611 5419 2990 5497 perfectionem
3049 5419 3421 5503 m'utaitaﬂsit:

1868 5491 2009 5569 quod
2035 5506 2064 5572 a
2093 5492 2292 5561 pietate
2320 5496 2551 5572 alienum
2579 5491 2688 5572 est;
2722 5516 2892 5569 neque
2917 5519 3008 5572 per
3033 5491 3423 5564 incrementum

1867 5562 2550 5636 virt_utis,_ct_accessione
2584 5562 2827 5636 justitiai',
2862 5562 3037 5636 absit,
3082 5579 3172 5630 sed
3212 5562 3424 5634 ratione

1868 5631 2194 5715 exsistentiae
2221 5631 2600 5715 indelicientis;
2630 5649 2689 5693 ut
2714 5631 2941 5715 utraque
2967 5631 3107 5698 unus
3134 5631 3267 5715 sint,
3295 5631 3417 5706 om;

1869 5699 2292 5789 nino‘perfectu‘s
2318 5706 2455 5760 idem
2481 5708 2629 5789 Reus
2657 5720 2710 5766 et
2742 5699 2921 5768 homo.
2958 5733 2977 5766 ι
3016 5699 3418 5789 Αιιιᾶίιξιξηῖὧ.

1867 5780 2072 5824 tcontr.
2104 5774 2363 5851 Apollin.,
2394 5792 2446 5844 p.
2480 5778 2603 5833 930'.
