  <div class='ocr_page' id='page_1' title='image "/cluster/home/n/w/nwhite01/storage/ocr_20150623/10/hvd.32044073501348/157.png"; bbox 0 0 3986 6358; ppageno 0'>
   <div class='ocr_carea' id='block_1_1' title="bbox 517 378 634 435">
    <p class='ocr_par' dir='ltr' id='par_1_1' title="bbox 517 378 634 435">
     <span class='ocr_line' id='line_1_1' title="bbox 517 378 634 435; baseline -0.009 0"><span class='ocrx_word' id='word_1_1' title='bbox 517 378 634 435; x_wconf 76' lang='grc'>’505</span> 
     </span>
    </p>
   </div>
   <div class='ocr_carea' id='block_1_2' title="bbox 1496 365 2771 435">
    <p class='ocr_par' dir='ltr' id='par_1_2' title="bbox 1496 365 2771 435">
     <span class='ocr_line' id='line_1_2' title="bbox 1496 365 2771 435; baseline -0.002 -2"><span class='ocrx_word' id='word_1_2' title='bbox 1496 379 1583 434; x_wconf 89' lang='lat' dir='ltr'><strong>DE</strong></span> <span class='ocrx_word' id='word_1_3' title='bbox 1621 379 1784 435; x_wconf 86' lang='lat' dir='ltr'><strong>VlTA</strong></span> <span class='ocrx_word' id='word_1_4' title='bbox 1821 379 1909 434; x_wconf 91' lang='lat' dir='ltr'><strong>ET</strong></span> <span class='ocrx_word' id='word_1_5' title='bbox 1950 377 2257 434; x_wconf 83' lang='lat' dir='ltr'><strong>SCRIPTIS</strong></span> <span class='ocrx_word' id='word_1_6' title='bbox 2295 377 2353 431; x_wconf 87' lang='lat' dir='ltr'><strong>S.</strong></span> <span class='ocrx_word' id='word_1_7' title='bbox 2389 365 2771 430; x_wconf 70' lang='lat' dir='ltr'><strong>HIPPOLYTI.</strong></span> 
     </span>
    </p>
   </div>
   <div class='ocr_carea' id='block_1_3' title="bbox 3634 334 3740 425">
    <p class='ocr_par' dir='ltr' id='par_1_3' title="bbox 3634 334 3740 425">
     <span class='ocr_line' id='line_1_3' title="bbox 3634 334 3740 425; baseline 0 -1"><span class='ocrx_word' id='word_1_8' title='bbox 3634 334 3740 425; x_wconf 65' lang='lat' dir='ltr'><strong>eos</strong></span> 
     </span>
    </p>
   </div>
   <div class='ocr_carea' id='block_1_4' title="bbox 527 489 3750 572">
    <p class='ocr_par' dir='ltr' id='par_1_4' title="bbox 527 489 3750 572">
     <span class='ocr_line' id='line_1_4' title="bbox 527 489 3750 572; baseline -0.003 -18"><span class='ocrx_word' id='word_1_9' title='bbox 527 502 612 555; x_wconf 90' lang='lat' dir='ltr'><strong>vel</strong></span> <span class='ocrx_word' id='word_1_10' title='bbox 658 501 995 568; x_wconf 86' lang='lat' dir='ltr'><strong>mutatione;</strong></span> <span class='ocrx_word' id='word_1_11' title='bbox 1046 509 1099 556; x_wconf 91' lang='lat' dir='ltr'><strong>et</strong></span> <span class='ocrx_word' id='word_1_12' title='bbox 1131 501 1343 557; x_wconf 97' lang='lat' dir='ltr'><strong>beatam</strong></span> <span class='ocrx_word' id='word_1_13' title='bbox 1387 500 1660 572; x_wconf 78' lang='lat' dir='ltr'><strong>Virginem</strong></span> <span class='ocrx_word' id='word_1_14' title='bbox 1713 503 1934 558; x_wconf 81' lang='lat' dir='ltr'><strong>Mariam</strong></span> <span class='ocrx_word' id='word_1_15' title='bbox 1985 502 2090 558; x_wconf 82' lang='lat' dir='ltr'><strong>fre—</strong></span> <span class='ocrx_word' id='word_1_16' title='bbox 2119 508 2164 565; x_wconf 80' lang='grc' dir='ltr'>Α</span> <span class='ocrx_word' id='word_1_17' title='bbox 2191 509 2376 556; x_wconf 89' lang='lat' dir='ltr'><strong>contra</strong></span> <span class='ocrx_word' id='word_1_18' title='bbox 2407 498 2720 569; x_wconf 86' lang='lat' dir='ltr'><strong>Eutychetis</strong></span> <span class='ocrx_word' id='word_1_19' title='bbox 2744 495 3015 560; x_wconf 75' lang='lat' dir='ltr'><strong>lueresim,</strong></span> <span class='ocrx_word' id='word_1_20' title='bbox 3053 501 3244 564; x_wconf 69' lang='lat' dir='ltr'><strong>praeter</strong></span> <span class='ocrx_word' id='word_1_21' title='bbox 3274 492 3398 547; x_wconf 91' lang='lat' dir='ltr'><strong>illas</strong></span> <span class='ocrx_word' id='word_1_22' title='bbox 3431 489 3750 546; x_wconf 75' lang='lat' dir='ltr'><strong>Tertulliani</strong></span> 
     </span>
    </p>
   </div>
   <div class='ocr_carea' id='block_1_5' title="bbox 527 591 2092 665">
    <p class='ocr_par' dir='ltr' id='par_1_5' title="bbox 527 591 2092 665">
     <span class='ocr_line' id='line_1_5' title="bbox 527 591 2092 665; baseline 0.001 -17"><span class='ocrx_word' id='word_1_23' title='bbox 527 602 754 665; x_wconf 82' lang='lat' dir='ltr'><strong>quenter</strong></span> <span class='ocrx_word' id='word_1_24' title='bbox 781 593 933 648; x_wconf 88' lang='lat' dir='ltr'><strong>titulo</strong></span> <span class='ocrx_word' id='word_1_25' title='bbox 961 591 1147 648; x_wconf 85' lang='lat' dir='ltr'><strong>Matris</strong></span> <span class='ocrx_word' id='word_1_26' title='bbox 1178 592 1270 648; x_wconf 89' lang='lat' dir='ltr'><strong>Dei</strong></span> <span class='ocrx_word' id='word_1_27' title='bbox 1302 594 1535 648; x_wconf 89' lang='lat' dir='ltr'><strong>honorat</strong></span> <span class='ocrx_word' id='word_1_28' title='bbox 1564 594 1696 665; x_wconf 86' lang='grc'>(56).</span> <span class='ocrx_word' id='word_1_29' title='bbox 1733 593 2092 649; x_wconf 85' lang='lat' dir='ltr'><strong>Tertullianus</strong></span> 
     </span>
    </p>
   </div>
   <div class='ocr_carea' id='block_1_6' title="bbox 527 683 2092 755">
    <p class='ocr_par' dir='ltr' id='par_1_6' title="bbox 527 683 2092 755">
     <span class='ocr_line' id='line_1_6' title="bbox 527 683 2092 755; baseline -0.002 -14"><span class='ocrx_word' id='word_1_30' title='bbox 527 685 826 741; x_wconf 84' lang='lat' dir='ltr'><strong>Athanasio</strong></span> <span class='ocrx_word' id='word_1_31' title='bbox 853 700 915 738; x_wconf 90' lang='lat' dir='ltr'><strong>ac</strong></span> <span class='ocrx_word' id='word_1_32' title='bbox 945 683 1144 740; x_wconf 76' lang='lat' dir='ltr'><strong>Basilio</strong></span> <span class='ocrx_word' id='word_1_33' title='bbox 1169 685 1327 755; x_wconf 86' lang='lat' dir='ltr'><strong>longe</strong></span> <span class='ocrx_word' id='word_1_34' title='bbox 1356 686 1654 754; x_wconf 88' lang='lat' dir='ltr'><strong>antiquior,</strong></span> <span class='ocrx_word' id='word_1_35' title='bbox 1691 685 2092 740; x_wconf 88' lang='lat' dir='ltr'><strong>distinetionem</strong></span> 
     </span>
    </p>
   </div>
   <div class='ocr_carea' id='block_1_7' title="bbox 530 776 2093 838">
    <p class='ocr_par' dir='ltr' id='par_1_7' title="bbox 530 776 2093 838">
     <span class='ocr_line' id='line_1_7' title="bbox 530 776 2093 838; baseline -0.001 -9"><span class='ocrx_word' id='word_1_36' title='bbox 530 777 756 829; x_wconf 89' lang='lat' dir='ltr'><strong>duarum</strong></span> <span class='ocrx_word' id='word_1_37' title='bbox 807 786 1143 838; x_wconf 89' lang='lat' dir='ltr'><strong>naturarum,</strong></span> <span class='ocrx_word' id='word_1_38' title='bbox 1193 790 1258 830; x_wconf 89' lang='lat' dir='ltr'><strong>ac</strong></span> <span class='ocrx_word' id='word_1_39' title='bbox 1304 776 1564 830; x_wconf 88' lang='lat' dir='ltr'><strong>unitatem</strong></span> <span class='ocrx_word' id='word_1_40' title='bbox 1592 776 1754 830; x_wconf 90' lang='lat' dir='ltr'><strong>unius</strong></span> <span class='ocrx_word' id='word_1_41' title='bbox 1798 776 1851 829; x_wconf 92' lang='lat' dir='ltr'><strong>in</strong></span> <span class='ocrx_word' id='word_1_42' title='bbox 1881 776 2093 830; x_wconf 84' lang='lat' dir='ltr'><strong>Christo</strong></span> 
     </span>
    </p>
   </div>
   <div class='ocr_carea' id='block_1_8' title="bbox 531 865 2100 936">
    <p class='ocr_par' dir='ltr' id='par_1_8' title="bbox 531 865 2100 936">
     <span class='ocr_line' id='line_1_8' title="bbox 531 865 2100 936; baseline 0 -17"><span class='ocrx_word' id='word_1_43' title='bbox 531 865 654 922; x_wconf 84' lang='lat' dir='ltr'><strong>Jesu</strong></span> <span class='ocrx_word' id='word_1_44' title='bbox 689 881 931 935; x_wconf 70' lang='lat' dir='ltr'><strong>persona:</strong></span> <span class='ocrx_word' id='word_1_45' title='bbox 960 876 1069 921; x_wconf 89' lang='lat' dir='ltr'><strong>tam</strong></span> <span class='ocrx_word' id='word_1_46' title='bbox 1100 868 1243 922; x_wconf 81' lang='lat' dir='ltr'><strong>clare</strong></span> <span class='ocrx_word' id='word_1_47' title='bbox 1271 869 1486 932; x_wconf 87' lang='lat' dir='ltr'><strong>astruit,</strong></span> <span class='ocrx_word' id='word_1_48' title='bbox 1536 883 1600 922; x_wconf 91' lang='lat' dir='ltr'><strong>ac</strong></span> <span class='ocrx_word' id='word_1_49' title='bbox 1641 868 1686 922; x_wconf 91' lang='lat' dir='ltr'><strong>si</strong></span> <span class='ocrx_word' id='word_1_50' title='bbox 1731 868 1842 936; x_wconf 83' lang='lat' dir='ltr'><strong>jam</strong></span> <span class='ocrx_word' id='word_1_51' title='bbox 1877 876 1988 921; x_wconf 92' lang='lat' dir='ltr'><strong>tum</strong></span> <span class='ocrx_word' id='word_1_52' title='bbox 2038 867 2100 921; x_wconf 88' lang='lat' dir='ltr'><strong>in.</strong></span> 
     </span>
    </p>
   </div>
   <div class='ocr_carea' id='block_1_9' title="bbox 531 956 2096 1028">
    <p class='ocr_par' dir='ltr' id='par_1_9' title="bbox 531 956 2096 1028">
     <span class='ocr_line' id='line_1_9' title="bbox 531 956 2096 1028; baseline -0.001 -17"><span class='ocrx_word' id='word_1_53' title='bbox 531 968 799 1011; x_wconf 88' lang='lat' dir='ltr'><strong>certamen</strong></span> <span class='ocrx_word' id='word_1_54' title='bbox 823 972 946 1010; x_wconf 91' lang='lat' dir='ltr'><strong>cum</strong></span> <span class='ocrx_word' id='word_1_55' title='bbox 975 957 1167 1013; x_wconf 70' lang='lat' dir='ltr'><strong>haeresi</strong></span> <span class='ocrx_word' id='word_1_56' title='bbox 1196 956 1427 1012; x_wconf 88' lang='lat' dir='ltr'><strong>Nestorii</strong></span> <span class='ocrx_word' id='word_1_57' title='bbox 1458 966 1510 1012; x_wconf 88' lang='lat' dir='ltr'><strong>et</strong></span> <span class='ocrx_word' id='word_1_58' title='bbox 1536 957 1845 1028; x_wconf 83' lang='lat' dir='ltr'><strong>Eutychetis</strong></span> <span class='ocrx_word' id='word_1_59' title='bbox 1874 957 2096 1011; x_wconf 90' lang='lat' dir='ltr'><strong>descen-</strong></span> 
     </span>
    </p>
   </div>
   <div class='ocr_carea' id='block_1_10' title="bbox 532 1047 2097 1118">
    <p class='ocr_par' dir='ltr' id='par_1_10' title="bbox 532 1047 2097 1118">
     <span class='ocr_line' id='line_1_10' title="bbox 532 1047 2097 1118; baseline -0.001 -16"><span class='ocrx_word' id='word_1_60' title='bbox 532 1047 895 1105; x_wconf 70' lang='lat' dir='ltr'><strong>dissetJDeus</strong></span> <span class='ocrx_word' id='word_1_61' title='bbox 919 1087 934 1112; x_wconf 95' lang='lat'><strong>,</strong></span> <span class='ocrx_word' id='word_1_62' title='bbox 969 1048 1143 1118; x_wconf 88' lang='lat' dir='ltr'><strong>inquit</strong></span> <span class='ocrx_word' id='word_1_63' title='bbox 1175 1047 1324 1117; x_wconf 83' lang='lat'><strong>(57),</strong></span> <span class='ocrx_word' id='word_1_64' title='bbox 1359 1065 1518 1118; x_wconf 83' lang='lat' dir='ltr'><strong>neque</strong></span> <span class='ocrx_word' id='word_1_65' title='bbox 1550 1048 1736 1101; x_wconf 85' lang='lat' dir='ltr'><strong>desinit</strong></span> <span class='ocrx_word' id='word_1_66' title='bbox 1764 1064 1904 1112; x_wconf 86' lang='lat' dir='ltr'><strong>esse,</strong></span> <span class='ocrx_word' id='word_1_67' title='bbox 1940 1063 2097 1118; x_wconf 88' lang='lat' dir='ltr'><strong>neque</strong></span> 
     </span>
    </p>
   </div>
   <div class='ocr_carea' id='block_1_11' title="bbox 535 1133 2098 1211">
    <p class='ocr_par' dir='ltr' id='par_1_11' title="bbox 535 1133 2098 1211">
     <span class='ocr_line' id='line_1_11' title="bbox 535 1133 2098 1211; baseline -0.004 -13"><span class='ocrx_word' id='word_1_68' title='bbox 535 1141 681 1198; x_wconf 72' lang='lat' dir='ltr'><strong>aliud</strong></span> <span class='ocrx_word' id='word_1_69' title='bbox 708 1151 871 1211; x_wconf 82' lang='lat' dir='ltr'><strong>potest</strong></span> <span class='ocrx_word' id='word_1_70' title='bbox 905 1157 1036 1194; x_wconf 86' lang='lat' dir='ltr'><strong>esse.</strong></span> <span class='ocrx_word' id='word_1_71' title='bbox 1071 1138 1251 1194; x_wconf 89' lang='lat' dir='ltr'><strong>Sermo</strong></span> <span class='ocrx_word' id='word_1_72' title='bbox 1284 1151 1459 1194; x_wconf 88' lang='lat' dir='ltr'><strong>autem</strong></span> <span class='ocrx_word' id='word_1_73' title='bbox 1485 1133 1658 1204; x_wconf 86' lang='lat' dir='ltr'><strong>Deus;</strong></span> <span class='ocrx_word' id='word_1_74' title='bbox 1700 1150 1748 1194; x_wconf 88' lang='lat' dir='ltr'><strong>et</strong></span> <span class='ocrx_word' id='word_1_75' title='bbox 1793 1156 1960 1193; x_wconf 82' lang='lat' dir='ltr'><strong>sermo</strong></span> <span class='ocrx_word' id='word_1_76' title='bbox 1990 1139 2098 1192; x_wconf 87' lang='lat' dir='ltr'><strong>Do-</strong></span> 
     </span>
    </p>
   </div>
   <div class='ocr_carea' id='block_1_12' title="bbox 536 1231 2099 1301">
    <p class='ocr_par' dir='ltr' id='par_1_12' title="bbox 536 1231 2099 1301">
     <span class='ocr_line' id='line_1_12' title="bbox 536 1231 2099 1301; baseline -0.004 -13"><span class='ocrx_word' id='word_1_77' title='bbox 536 1234 665 1288; x_wconf 87' lang='lat' dir='ltr'><strong>mini</strong></span> <span class='ocrx_word' id='word_1_78' title='bbox 690 1242 861 1286; x_wconf 79' lang='lat' dir='ltr'><strong>manet</strong></span> <span class='ocrx_word' id='word_1_79' title='bbox 894 1233 946 1285; x_wconf 88' lang='lat' dir='ltr'><strong>in</strong></span> <span class='ocrx_word' id='word_1_80' title='bbox 981 1243 1253 1295; x_wconf 69' lang='lat' dir='ltr'><strong>attentum,</strong></span> <span class='ocrx_word' id='word_1_81' title='bbox 1288 1231 1658 1301; x_wconf 79' lang='lat' dir='ltr'><strong>perseverando</strong></span> <span class='ocrx_word' id='word_1_82' title='bbox 1685 1231 1882 1284; x_wconf 77' lang='lat' dir='ltr'><strong>scilicet</strong></span> <span class='ocrx_word' id='word_1_83' title='bbox 1920 1231 1974 1282; x_wconf 88' lang='lat' dir='ltr'><strong>in</strong></span> <span class='ocrx_word' id='word_1_84' title='bbox 2003 1247 2099 1283; x_wconf 84' lang='lat' dir='ltr'><strong>sua</strong></span> 
     </span>
    </p>
   </div>
   <div class='ocr_carea' id='block_1_13' title="bbox 539 1324 2098 1397">
    <p class='ocr_par' dir='ltr' id='par_1_13' title="bbox 539 1324 2098 1397">
     <span class='ocr_line' id='line_1_13' title="bbox 539 1324 2098 1397; baseline -0.004 -17"><span class='ocrx_word' id='word_1_85' title='bbox 539 1326 728 1397; x_wconf 83' lang='lat' dir='ltr'><strong>forma.</strong></span> <span class='ocrx_word' id='word_1_86' title='bbox 765 1325 928 1390; x_wconf 82' lang='lat' dir='ltr'><strong>Quem</strong></span> <span class='ocrx_word' id='word_1_87' title='bbox 959 1325 1003 1379; x_wconf 84' lang='lat' dir='ltr'><strong>si</strong></span> <span class='ocrx_word' id='word_1_88' title='bbox 1038 1341 1140 1378; x_wconf 88' lang='lat' dir='ltr'><strong>non</strong></span> <span class='ocrx_word' id='word_1_89' title='bbox 1170 1325 1309 1394; x_wconf 88' lang='lat' dir='ltr'><strong>capit</strong></span> <span class='ocrx_word' id='word_1_90' title='bbox 1357 1324 1751 1392; x_wconf 81' lang='lat' dir='ltr'><strong>transﬁgurari,</strong></span> <span class='ocrx_word' id='word_1_91' title='bbox 1791 1337 2098 1391; x_wconf 82' lang='lat' dir='ltr'><strong>consequens</strong></span> 
     </span>
    </p>
   </div>
   <div class='ocr_carea' id='block_1_14' title="bbox 537 1413 2098 1483">
    <p class='ocr_par' dir='ltr' id='par_1_14' title="bbox 537 1413 2098 1483">
     <span class='ocr_line' id='line_1_14' title="bbox 537 1413 2098 1483; baseline -0.004 -13"><span class='ocrx_word' id='word_1_92' title='bbox 537 1426 636 1483; x_wconf 87' lang='lat' dir='ltr'><strong>est,</strong></span> <span class='ocrx_word' id='word_1_93' title='bbox 669 1426 725 1470; x_wconf 89' lang='lat' dir='ltr'><strong>ut</strong></span> <span class='ocrx_word' id='word_1_94' title='bbox 758 1417 832 1470; x_wconf 84' lang='lat' dir='ltr'><strong>sic</strong></span> <span class='ocrx_word' id='word_1_95' title='bbox 857 1432 979 1468; x_wconf 88' lang='lat' dir='ltr'><strong>caro</strong></span> <span class='ocrx_word' id='word_1_96' title='bbox 1009 1415 1178 1483; x_wconf 75' lang='lat' dir='ltr'><strong>factus</strong></span> <span class='ocrx_word' id='word_1_97' title='bbox 1203 1413 1552 1483; x_wconf 76' lang='lat' dir='ltr'><strong>intelligatur,</strong></span> <span class='ocrx_word' id='word_1_98' title='bbox 1586 1414 1708 1465; x_wconf 88' lang='lat' dir='ltr'><strong>dum</strong></span> <span class='ocrx_word' id='word_1_99' title='bbox 1740 1413 1800 1482; x_wconf 78' lang='lat' dir='ltr'><strong>ﬁt</strong></span> <span class='ocrx_word' id='word_1_100' title='bbox 1836 1414 1889 1464; x_wconf 90' lang='lat' dir='ltr'><strong>in</strong></span> <span class='ocrx_word' id='word_1_101' title='bbox 1925 1427 2098 1476; x_wconf 87' lang='lat' dir='ltr'><strong>carne,</strong></span> 
     </span>
    </p>
   </div>
   <div class='ocr_carea' id='block_1_15' title="bbox 538 1505 2102 1575">
    <p class='ocr_par' dir='ltr' id='par_1_15' title="bbox 538 1505 2102 1575">
     <span class='ocr_line' id='line_1_15' title="bbox 538 1505 2102 1575; baseline -0.004 -15"><span class='ocrx_word' id='word_1_102' title='bbox 538 1517 586 1560; x_wconf 90' lang='lat' dir='ltr'><strong>et</strong></span> <span class='ocrx_word' id='word_1_103' title='bbox 634 1507 1022 1575; x_wconf 76' lang='lat' dir='ltr'><strong>manifestatur,</strong></span> <span class='ocrx_word' id='word_1_104' title='bbox 1063 1515 1111 1558; x_wconf 91' lang='lat' dir='ltr'><strong>et</strong></span> <span class='ocrx_word' id='word_1_105' title='bbox 1155 1505 1376 1569; x_wconf 83' lang='lat' dir='ltr'><strong>videtur,</strong></span> <span class='ocrx_word' id='word_1_106' title='bbox 1403 1513 1451 1557; x_wconf 91' lang='lat' dir='ltr'><strong>et</strong></span> <span class='ocrx_word' id='word_1_107' title='bbox 1481 1512 1830 1557; x_wconf 74' lang='lat' dir='ltr'><strong>contractatur</strong></span> <span class='ocrx_word' id='word_1_108' title='bbox 1865 1519 1952 1571; x_wconf 83' lang='lat' dir='ltr'><strong>per</strong></span> <span class='ocrx_word' id='word_1_109' title='bbox 1983 1519 2102 1555; x_wconf 83' lang='lat' dir='ltr'><strong>car-</strong></span> 
     </span>
    </p>
   </div>
   <div class='ocr_carea' id='block_1_16' title="bbox 542 1593 2100 1669">
    <p class='ocr_par' dir='ltr' id='par_1_16' title="bbox 542 1593 2100 1669">
     <span class='ocr_line' id='line_1_16' title="bbox 542 1593 2100 1669; baseline -0.003 -18"><span class='ocrx_word' id='word_1_110' title='bbox 542 1616 687 1661; x_wconf 85' lang='lat' dir='ltr'><strong>nem;</strong></span> <span class='ocrx_word' id='word_1_111' title='bbox 707 1600 830 1669; x_wconf 83' lang='lat' dir='ltr'><strong>quia</strong></span> <span class='ocrx_word' id='word_1_112' title='bbox 851 1609 895 1652; x_wconf 90' lang='lat' dir='ltr'><strong>et</strong></span> <span class='ocrx_word' id='word_1_113' title='bbox 925 1606 1112 1651; x_wconf 71' lang='lat' dir='ltr'><strong>caetera</strong></span> <span class='ocrx_word' id='word_1_114' title='bbox 1139 1597 1212 1648; x_wconf 89' lang='lat' dir='ltr'><strong>sic</strong></span> <span class='ocrx_word' id='word_1_115' title='bbox 1243 1596 1406 1664; x_wconf 83' lang='lat' dir='ltr'><strong>accipi</strong></span> <span class='ocrx_word' id='word_1_116' title='bbox 1427 1597 1660 1665; x_wconf 78' lang='lat' dir='ltr'><strong>exigunt.</strong></span> <span class='ocrx_word' id='word_1_117' title='bbox 1685 1593 1742 1650; x_wconf 90' lang='lat' dir='ltr'><strong>Si</strong></span> <span class='ocrx_word' id='word_1_118' title='bbox 1771 1596 1907 1648; x_wconf 88' lang='lat' dir='ltr'><strong>enim</strong></span> <span class='ocrx_word' id='word_1_119' title='bbox 1934 1609 2100 1648; x_wconf 72' lang='lat' dir='ltr'><strong>sermo</strong></span> 
     </span>
    </p>
   </div>
   <div class='ocr_carea' id='block_1_17' title="bbox 543 1685 2103 1758">
    <p class='ocr_par' dir='ltr' id='par_1_17' title="bbox 543 1685 2103 1758">
     <span class='ocr_line' id='line_1_17' title="bbox 543 1685 2103 1758; baseline -0.002 -18"><span class='ocrx_word' id='word_1_120' title='bbox 543 1687 1002 1758; x_wconf 80' lang='lat' dir='ltr'><strong>transﬁguratione</strong></span> <span class='ocrx_word' id='word_1_121' title='bbox 1033 1696 1084 1740; x_wconf 86' lang='lat' dir='ltr'><strong>et</strong></span> <span class='ocrx_word' id='word_1_122' title='bbox 1115 1685 1469 1740; x_wconf 88' lang='lat' dir='ltr'><strong>demutatione</strong></span> <span class='ocrx_word' id='word_1_123' title='bbox 1510 1686 1836 1750; x_wconf 72' lang='lat' dir='ltr'><strong>substantiaz,</strong></span> <span class='ocrx_word' id='word_1_124' title='bbox 1869 1702 1991 1752; x_wconf 87' lang='lat' dir='ltr'><strong>caro</strong></span> <span class='ocrx_word' id='word_1_125' title='bbox 2022 1685 2103 1754; x_wconf 77' lang='lat' dir='ltr'><strong>[a-</strong></span> 
     </span>
    </p>
   </div>
   <div class='ocr_carea' id='block_1_18' title="bbox 544 1775 2102 1848">
    <p class='ocr_par' dir='ltr' id='par_1_18' title="bbox 544 1775 2102 1848">
     <span class='ocr_line' id='line_1_18' title="bbox 544 1775 2102 1848; baseline -0.004 -14"><span class='ocrx_word' id='word_1_126' title='bbox 544 1791 656 1834; x_wconf 84' lang='lat' dir='ltr'><strong>ctus</strong></span> <span class='ocrx_word' id='word_1_127' title='bbox 681 1789 779 1848; x_wconf 87' lang='lat' dir='ltr'><strong>est,</strong></span> <span class='ocrx_word' id='word_1_128' title='bbox 810 1796 914 1832; x_wconf 89' lang='lat' dir='ltr'><strong>una</strong></span> <span class='ocrx_word' id='word_1_129' title='bbox 927 1779 1042 1847; x_wconf 90' lang='lat' dir='ltr'><strong>jam</strong></span> <span class='ocrx_word' id='word_1_130' title='bbox 1064 1779 1163 1832; x_wconf 91' lang='lat' dir='ltr'><strong>erit</strong></span> <span class='ocrx_word' id='word_1_131' title='bbox 1192 1778 1489 1832; x_wconf 88' lang='lat' dir='ltr'><strong>substantia</strong></span> <span class='ocrx_word' id='word_1_132' title='bbox 1515 1775 1668 1830; x_wconf 73' lang='lat' dir='ltr'><strong>Iesus</strong></span> <span class='ocrx_word' id='word_1_133' title='bbox 1694 1793 1757 1831; x_wconf 83' lang='lat' dir='ltr'><strong>ea:</strong></span> <span class='ocrx_word' id='word_1_134' title='bbox 1783 1776 2007 1842; x_wconf 81' lang='lat' dir='ltr'><strong>duabus,</strong></span> <span class='ocrx_word' id='word_1_135' title='bbox 2040 1791 2102 1830; x_wconf 68' lang='lat' dir='ltr'><strong>ea:</strong></span> 
     </span>
    </p>
   </div>
   <div class='ocr_carea' id='block_1_19' title="bbox 542 1869 2105 1940">
    <p class='ocr_par' dir='ltr' id='par_1_19' title="bbox 542 1869 2105 1940">
     <span class='ocr_line' id='line_1_19' title="bbox 542 1869 2105 1940; baseline -0.004 -14"><span class='ocrx_word' id='word_1_136' title='bbox 542 1888 730 1935; x_wconf 87' lang='lat' dir='ltr'><strong>carne,</strong></span> <span class='ocrx_word' id='word_1_137' title='bbox 775 1886 838 1924; x_wconf 79' lang='lat' dir='ltr'><strong>ea:</strong></span> <span class='ocrx_word' id='word_1_138' title='bbox 887 1871 1078 1940; x_wconf 83' lang='lat' dir='ltr'><strong>spiritu</strong></span> <span class='ocrx_word' id='word_1_139' title='bbox 1117 1869 1338 1922; x_wconf 89' lang='lat' dir='ltr'><strong>mistura</strong></span> <span class='ocrx_word' id='word_1_140' title='bbox 1390 1869 1773 1937; x_wconf 72' lang='lat' dir='ltr'><strong>qutedam,.....</strong></span> <span class='ocrx_word' id='word_1_141' title='bbox 1807 1878 1854 1922; x_wconf 92' lang='lat' dir='ltr'><strong>et</strong></span> <span class='ocrx_word' id='word_1_142' title='bbox 1899 1869 2105 1921; x_wconf 89' lang='lat' dir='ltr'><strong>tertium</strong></span> 
     </span>
    </p>
   </div>
   <div class='ocr_carea' id='block_1_20' title="bbox 541 1959 2105 2035">
    <p class='ocr_par' dir='ltr' id='par_1_20' title="bbox 541 1959 2105 2035">
     <span class='ocr_line' id='line_1_20' title="bbox 541 1959 2105 2035; baseline -0.003 -18"><span class='ocrx_word' id='word_1_143' title='bbox 541 1965 667 2035; x_wconf 87' lang='lat' dir='ltr'><strong>quid</strong></span> <span class='ocrx_word' id='word_1_144' title='bbox 705 1965 938 2034; x_wconf 70' lang='lat' dir='ltr'><strong>efﬁcitur.</strong></span> <span class='ocrx_word' id='word_1_145' title='bbox 1001 1961 1182 2032; x_wconf 86' lang='lat' dir='ltr'><strong>Neque</strong></span> <span class='ocrx_word' id='word_1_146' title='bbox 1228 1977 1347 2030; x_wconf 88' lang='lat' dir='ltr'><strong>ergo</strong></span> <span class='ocrx_word' id='word_1_147' title='bbox 1391 1959 1530 2013; x_wconf 85' lang='lat' dir='ltr'><strong>Deus</strong></span> <span class='ocrx_word' id='word_1_148' title='bbox 1577 1963 1677 2013; x_wconf 87' lang='lat' dir='ltr'><strong>erit</strong></span> <span class='ocrx_word' id='word_1_149' title='bbox 1721 1960 1897 2024; x_wconf 85' lang='lat' dir='ltr'><strong>Jesus,</strong></span> <span class='ocrx_word' id='word_1_150' title='bbox 1940 1977 2105 2014; x_wconf 88' lang='lat' dir='ltr'><strong>sermo</strong></span> 
     </span>
    </p>
   </div>
   <div class='ocr_carea' id='block_1_21' title="bbox 541 2052 2106 2122">
    <p class='ocr_par' dir='ltr' id='par_1_21' title="bbox 541 2052 2106 2122">
     <span class='ocr_line' id='line_1_21' title="bbox 541 2052 2106 2122; baseline -0.003 -13"><span class='ocrx_word' id='word_1_151' title='bbox 541 2057 679 2110; x_wconf 89' lang='lat' dir='ltr'><strong>enim</strong></span> <span class='ocrx_word' id='word_1_152' title='bbox 706 2056 859 2109; x_wconf 79' lang='lat' dir='ltr'><strong>desiit</strong></span> <span class='ocrx_word' id='word_1_153' title='bbox 891 2070 1019 2119; x_wconf 85' lang='lat' dir='ltr'><strong>esse,</strong></span> <span class='ocrx_word' id='word_1_154' title='bbox 1049 2054 1138 2122; x_wconf 88' lang='lat' dir='ltr'><strong>qui</strong></span> <span class='ocrx_word' id='word_1_155' title='bbox 1165 2069 1286 2105; x_wconf 86' lang='lat' dir='ltr'><strong>caro</strong></span> <span class='ocrx_word' id='word_1_156' title='bbox 1319 2052 1490 2120; x_wconf 80' lang='lat' dir='ltr'><strong>factus</strong></span> <span class='ocrx_word' id='word_1_157' title='bbox 1519 2061 1629 2116; x_wconf 84' lang='lat' dir='ltr'><strong>est,</strong></span> <span class='ocrx_word' id='word_1_158' title='bbox 1672 2068 1828 2122; x_wconf 88' lang='lat' dir='ltr'><strong>neque</strong></span> <span class='ocrx_word' id='word_1_159' title='bbox 1861 2069 1983 2105; x_wconf 88' lang='lat' dir='ltr'><strong>caro</strong></span> <span class='ocrx_word' id='word_1_160' title='bbox 2003 2093 2016 2116; x_wconf 93' lang='lat'><strong>,</strong></span> <span class='ocrx_word' id='word_1_161' title='bbox 2052 2053 2106 2104; x_wconf 90' lang='lat' dir='ltr'><strong>id</strong></span> 
     </span>
    </p>
   </div>
   <div class='ocr_carea' id='block_1_22' title="bbox 542 2142 2106 2212">
    <p class='ocr_par' dir='ltr' id='par_1_22' title="bbox 542 2142 2106 2212">
     <span class='ocr_line' id='line_1_22' title="bbox 542 2142 2106 2212; baseline -0.005 -11"><span class='ocrx_word' id='word_1_162' title='bbox 542 2157 617 2201; x_wconf 86' lang='lat' dir='ltr'><strong>est</strong></span> <span class='ocrx_word' id='word_1_163' title='bbox 658 2149 838 2211; x_wconf 88' lang='lat' dir='ltr'><strong>homo;</strong></span> <span class='ocrx_word' id='word_1_164' title='bbox 865 2161 987 2199; x_wconf 91' lang='lat' dir='ltr'><strong>caro</strong></span> <span class='ocrx_word' id='word_1_165' title='bbox 1011 2147 1148 2197; x_wconf 88' lang='lat' dir='ltr'><strong>enim</strong></span> <span class='ocrx_word' id='word_1_166' title='bbox 1169 2159 1270 2197; x_wconf 89' lang='lat' dir='ltr'><strong>non</strong></span> <span class='ocrx_word' id='word_1_167' title='bbox 1299 2144 1504 2212; x_wconf 82' lang='lat' dir='ltr'><strong>proprie</strong></span> <span class='ocrx_word' id='word_1_168' title='bbox 1531 2153 1630 2206; x_wconf 85' lang='lat' dir='ltr'><strong>est,</strong></span> <span class='ocrx_word' id='word_1_169' title='bbox 1673 2145 1762 2212; x_wconf 89' lang='lat' dir='ltr'><strong>qui</strong></span> <span class='ocrx_word' id='word_1_170' title='bbox 1789 2159 1956 2197; x_wconf 82' lang='lat' dir='ltr'><strong>sermo</strong></span> <span class='ocrx_word' id='word_1_171' title='bbox 1983 2142 2106 2211; x_wconf 78' lang='lat' dir='ltr'><strong>fuit,</strong></span> 
     </span>
    </p>
   </div>
   <div class='ocr_carea' id='block_1_23' title="bbox 544 2233 2106 2306">
    <p class='ocr_par' dir='ltr' id='par_1_23' title="bbox 544 2233 2106 2306">
     <span class='ocr_line' id='line_1_23' title="bbox 544 2233 2106 2306; baseline -0.003 -14"><span class='ocrx_word' id='word_1_172' title='bbox 544 2241 624 2292; x_wconf 91' lang='lat' dir='ltr'><strong>ita</strong></span> <span class='ocrx_word' id='word_1_173' title='bbox 651 2255 714 2292; x_wconf 78' lang='lat' dir='ltr'><strong>ea:</strong></span> <span class='ocrx_word' id='word_1_174' title='bbox 745 2247 962 2306; x_wconf 87' lang='lat' dir='ltr'><strong>utroque</strong></span> <span class='ocrx_word' id='word_1_175' title='bbox 995 2245 1235 2290; x_wconf 88' lang='lat' dir='ltr'><strong>neutrunt</strong></span> <span class='ocrx_word' id='word_1_176' title='bbox 1261 2244 1371 2299; x_wconf 85' lang='lat' dir='ltr'><strong>est;</strong></span> <span class='ocrx_word' id='word_1_177' title='bbox 1413 2233 1560 2286; x_wconf 86' lang='lat' dir='ltr'><strong>aliud</strong></span> <span class='ocrx_word' id='word_1_178' title='bbox 1587 2234 1736 2304; x_wconf 88' lang='lat' dir='ltr'><strong>longe</strong></span> <span class='ocrx_word' id='word_1_179' title='bbox 1769 2235 1978 2288; x_wconf 90' lang='lat' dir='ltr'><strong>tertium</strong></span> <span class='ocrx_word' id='word_1_180' title='bbox 2008 2245 2106 2297; x_wconf 84' lang='lat' dir='ltr'><strong>est,</strong></span> 
     </span>
    </p>
   </div>
   <div class='ocr_carea' id='block_1_24' title="bbox 544 2325 2109 2401">
    <p class='ocr_par' dir='ltr' id='par_1_24' title="bbox 544 2325 2109 2401">
     <span class='ocr_line' id='line_1_24' title="bbox 544 2325 2109 2401; baseline -0.005 -17"><span class='ocrx_word' id='word_1_181' title='bbox 544 2347 703 2401; x_wconf 86' lang='lat' dir='ltr'><strong>quam</strong></span> <span class='ocrx_word' id='word_1_182' title='bbox 743 2339 1037 2398; x_wconf 89' lang='lat' dir='ltr'><strong>utrumque.</strong></span> <span class='ocrx_word' id='word_1_183' title='bbox 1083 2325 1184 2382; x_wconf 88' lang='lat' dir='ltr'><strong>Sed</strong></span> <span class='ocrx_word' id='word_1_184' title='bbox 1220 2327 1357 2380; x_wconf 88' lang='lat' dir='ltr'><strong>enim</strong></span> <span class='ocrx_word' id='word_1_185' title='bbox 1388 2326 1672 2378; x_wconf 84' lang='lat' dir='ltr'><strong>invenimus</strong></span> <span class='ocrx_word' id='word_1_186' title='bbox 1704 2325 1854 2378; x_wconf 89' lang='lat' dir='ltr'><strong>illum</strong></span> <span class='ocrx_word' id='word_1_187' title='bbox 1894 2325 2109 2390; x_wconf 88' lang='lat' dir='ltr'><strong>directo,</strong></span> 
     </span>
    </p>
   </div>
   <div class='ocr_carea' id='block_1_25' title="bbox 544 2414 2111 2484">
    <p class='ocr_par' dir='ltr' id='par_1_25' title="bbox 544 2414 2111 2484">
     <span class='ocr_line' id='line_1_25' title="bbox 544 2414 2111 2484; baseline -0.003 -13"><span class='ocrx_word' id='word_1_188' title='bbox 544 2428 595 2472; x_wconf 89' lang='lat' dir='ltr'><strong>et</strong></span> <span class='ocrx_word' id='word_1_189' title='bbox 643 2416 840 2480; x_wconf 88' lang='lat' dir='ltr'><strong>Deum,</strong></span> <span class='ocrx_word' id='word_1_190' title='bbox 881 2427 930 2469; x_wconf 90' lang='lat' dir='ltr'><strong>et</strong></span> <span class='ocrx_word' id='word_1_191' title='bbox 970 2416 1227 2469; x_wconf 76' lang='lat' dir='ltr'><strong>hominem</strong></span> <span class='ocrx_word' id='word_1_192' title='bbox 1269 2416 1559 2483; x_wconf 79' lang='lat' dir='ltr'><strong>expositum</strong></span> <span class='ocrx_word' id='word_1_193' title='bbox 1583 2455 1598 2480; x_wconf 88' lang='lat'><strong>,</strong></span> <span class='ocrx_word' id='word_1_194' title='bbox 1632 2417 1743 2484; x_wconf 87' lang='lat' dir='ltr'><strong>ipso</strong></span> <span class='ocrx_word' id='word_1_195' title='bbox 1782 2416 1877 2468; x_wconf 85' lang='lat' dir='ltr'><strong>hoc</strong></span> <span class='ocrx_word' id='word_1_196' title='bbox 1911 2414 2111 2484; x_wconf 83' lang='lat' dir='ltr'><strong>psalmo</strong></span> 
     </span>
    </p>
   </div>
   <div class='ocr_carea' id='block_1_26' title="bbox 547 2510 2108 2583">
    <p class='ocr_par' dir='ltr' id='par_1_26' title="bbox 547 2510 2108 2583">
     <span class='ocr_line' id='line_1_26' title="bbox 547 2510 2108 2583; baseline -0.001 -17"><span class='ocrx_word' id='word_1_197' title='bbox 547 2511 1172 2583; x_wconf 81' lang='lat' dir='ltr'><strong>suggerente:Quoniam</strong></span> <span class='ocrx_word' id='word_1_198' title='bbox 1204 2510 1345 2567; x_wconf 88' lang='lat' dir='ltr'><strong>Deus</strong></span> <span class='ocrx_word' id='word_1_199' title='bbox 1376 2513 1539 2566; x_wconf 87' lang='lat' dir='ltr'><strong>homo</strong></span> <span class='ocrx_word' id='word_1_200' title='bbox 1570 2520 1732 2567; x_wconf 89' lang='lat' dir='ltr'><strong>natus</strong></span> <span class='ocrx_word' id='word_1_201' title='bbox 1761 2521 1843 2567; x_wconf 87' lang='lat' dir='ltr'><strong>est</strong></span> <span class='ocrx_word' id='word_1_202' title='bbox 1871 2512 1922 2566; x_wconf 94' lang='lat' dir='ltr'><strong>in</strong></span> <span class='ocrx_word' id='word_1_203' title='bbox 1955 2512 2108 2568; x_wconf 89' lang='lat' dir='ltr'><strong>illa...</strong></span> 
     </span>
    </p>
   </div>
   <div class='ocr_carea' id='block_1_27' title="bbox 537 2603 2115 2673">
    <p class='ocr_par' dir='ltr' id='par_1_27' title="bbox 537 2603 2115 2673">
     <span class='ocr_line' id='line_1_27' title="bbox 537 2603 2115 2673; baseline -0.001 -15"><span class='ocrx_word' id='word_1_204' title='bbox 537 2605 802 2658; x_wconf 71' lang='lat' dir='ltr'><strong>Videmus</strong></span> <span class='ocrx_word' id='word_1_205' title='bbox 849 2605 1107 2673; x_wconf 87' lang='lat' dir='ltr'><strong>duplicem</strong></span> <span class='ocrx_word' id='word_1_206' title='bbox 1152 2614 1346 2658; x_wconf 88' lang='lat' dir='ltr'><strong>statum</strong></span> <span class='ocrx_word' id='word_1_207' title='bbox 1393 2620 1492 2657; x_wconf 88' lang='lat' dir='ltr'><strong>non</strong></span> <span class='ocrx_word' id='word_1_208' title='bbox 1532 2603 1826 2673; x_wconf 73' lang='lat' dir='ltr'><strong>confusura,</strong></span> <span class='ocrx_word' id='word_1_209' title='bbox 1857 2607 1944 2657; x_wconf 81' lang='lat' dir='ltr'><strong>sed</strong></span> <span class='ocrx_word' id='word_1_210' title='bbox 1994 2620 2115 2656; x_wconf 90' lang='lat' dir='ltr'><strong>con-</strong></span> 
     </span>
    </p>
   </div>
   <div class='ocr_carea' id='block_1_28' title="bbox 537 2693 2109 2766">
    <p class='ocr_par' dir='ltr' id='par_1_28' title="bbox 537 2693 2109 2766">
     <span class='ocr_line' id='line_1_28' title="bbox 537 2693 2109 2766; baseline 0.001 -17"><span class='ocrx_word' id='word_1_211' title='bbox 537 2695 794 2766; x_wconf 87' lang='lat' dir='ltr'><strong>‘junctum</strong></span> <span class='ocrx_word' id='word_1_212' title='bbox 835 2696 891 2749; x_wconf 84' lang='lat' dir='ltr'><strong>in</strong></span> <span class='ocrx_word' id='word_1_213' title='bbox 921 2713 1024 2750; x_wconf 87' lang='lat' dir='ltr'><strong>una</strong></span> <span class='ocrx_word' id='word_1_214' title='bbox 1063 2712 1301 2764; x_wconf 85' lang='lat' dir='ltr'><strong>persona,</strong></span> <span class='ocrx_word' id='word_1_215' title='bbox 1331 2695 1492 2749; x_wconf 88' lang='lat' dir='ltr'><strong>Deum</strong></span> <span class='ocrx_word' id='word_1_216' title='bbox 1538 2705 1586 2748; x_wconf 90' lang='lat' dir='ltr'><strong>et</strong></span> <span class='ocrx_word' id='word_1_217' title='bbox 1631 2695 1888 2749; x_wconf 86' lang='lat' dir='ltr'><strong>hominem</strong></span> <span class='ocrx_word' id='word_1_218' title='bbox 1909 2693 2109 2750; x_wconf 76' lang='lat' dir='ltr'><strong>Iesum.</strong></span> 
     </span>
    </p>
   </div>
   <div class='ocr_carea' id='block_1_29' title="bbox 552 2777 2113 2856">
    <p class='ocr_par' dir='ltr' id='par_1_29' title="bbox 552 2777 2113 2856">
     <span class='ocr_line' id='line_1_29' title="bbox 552 2777 2113 2856; baseline 0.002 -19"><span class='ocrx_word' id='word_1_219' title='bbox 552 2783 624 2838; x_wconf 86' lang='lat' dir='ltr'><strong>Et</strong></span> <span class='ocrx_word' id='word_1_220' title='bbox 655 2785 785 2838; x_wconf 89' lang='lat' dir='ltr'><strong>adeo</strong></span> <span class='ocrx_word' id='word_1_221' title='bbox 835 2777 981 2839; x_wconf 84' lang='lat' dir='ltr'><strong>salva</strong></span> <span class='ocrx_word' id='word_1_222' title='bbox 1010 2794 1085 2838; x_wconf 71' lang='lat' dir='ltr'><strong>est</strong></span> <span class='ocrx_word' id='word_1_223' title='bbox 1131 2787 1402 2856; x_wconf 85' lang='lat' dir='ltr'><strong>utriusque</strong></span> <span class='ocrx_word' id='word_1_224' title='bbox 1450 2785 1738 2852; x_wconf 85' lang='lat' dir='ltr'><strong>proprietas</strong></span> <span class='ocrx_word' id='word_1_225' title='bbox 1773 2787 2113 2852; x_wconf 70' lang='lat' dir='ltr'><strong>substantia,</strong></span> 
     </span>
    </p>
   </div>
   <div class='ocr_carea' id='block_1_30' title="bbox 548 2877 2113 2948">
    <p class='ocr_par' dir='ltr' id='par_1_30' title="bbox 548 2877 2113 2948">
     <span class='ocr_line' id='line_1_30' title="bbox 548 2877 2113 2948; baseline 0.001 -18"><span class='ocrx_word' id='word_1_226' title='bbox 548 2887 606 2930; x_wconf 88' lang='lat' dir='ltr'><strong>ut</strong></span> <span class='ocrx_word' id='word_1_227' title='bbox 631 2887 681 2931; x_wconf 92' lang='lat' dir='ltr'><strong>et</strong></span> <span class='ocrx_word' id='word_1_228' title='bbox 711 2877 942 2948; x_wconf 85' lang='lat' dir='ltr'><strong>Spiritus</strong></span> <span class='ocrx_word' id='word_1_229' title='bbox 980 2893 1060 2931; x_wconf 89' lang='lat' dir='ltr'><strong>res</strong></span> <span class='ocrx_word' id='word_1_230' title='bbox 1087 2894 1211 2932; x_wconf 86' lang='lat' dir='ltr'><strong>suas</strong></span> <span class='ocrx_word' id='word_1_231' title='bbox 1243 2889 1412 2948; x_wconf 90' lang='lat' dir='ltr'><strong>ageret</strong></span> <span class='ocrx_word' id='word_1_232' title='bbox 1441 2881 1495 2930; x_wconf 90' lang='lat' dir='ltr'><strong>in</strong></span> <span class='ocrx_word' id='word_1_233' title='bbox 1520 2877 1630 2943; x_wconf 89' lang='lat' dir='ltr'><strong>illo,</strong></span> <span class='ocrx_word' id='word_1_234' title='bbox 1656 2877 1709 2930; x_wconf 87' lang='lat' dir='ltr'><strong>id</strong></span> <span class='ocrx_word' id='word_1_235' title='bbox 1741 2889 1848 2941; x_wconf 87' lang='lat' dir='ltr'><strong>est,</strong></span> <span class='ocrx_word' id='word_1_236' title='bbox 1880 2879 2113 2945; x_wconf 80' lang='lat' dir='ltr'><strong>virtutes,</strong></span> 
     </span>
    </p>
   </div>
   <div class='ocr_carea' id='block_1_31' title="bbox 550 2969 2112 3039">
    <p class='ocr_par' dir='ltr' id='par_1_31' title="bbox 550 2969 2112 3039">
     <span class='ocr_line' id='line_1_31' title="bbox 550 2969 2112 3039; baseline -0.001 -15"><span class='ocrx_word' id='word_1_237' title='bbox 550 2979 601 3024; x_wconf 86' lang='lat' dir='ltr'><strong>et</strong></span> <span class='ocrx_word' id='word_1_238' title='bbox 629 2985 806 3039; x_wconf 87' lang='lat' dir='ltr'><strong>opera,</strong></span> <span class='ocrx_word' id='word_1_239' title='bbox 834 2978 885 3024; x_wconf 88' lang='lat' dir='ltr'><strong>et</strong></span> <span class='ocrx_word' id='word_1_240' title='bbox 917 2969 1089 3037; x_wconf 68' lang='lat' dir='ltr'><strong>signa,</strong></span> <span class='ocrx_word' id='word_1_241' title='bbox 1126 2977 1174 3022; x_wconf 90' lang='lat' dir='ltr'><strong>et</strong></span> <span class='ocrx_word' id='word_1_242' title='bbox 1217 2986 1337 3023; x_wconf 88' lang='lat' dir='ltr'><strong>caro</strong></span> <span class='ocrx_word' id='word_1_243' title='bbox 1371 2972 1638 3039; x_wconf 81' lang='lat' dir='ltr'><strong>passiones</strong></span> <span class='ocrx_word' id='word_1_244' title='bbox 1667 2985 1789 3023; x_wconf 87' lang='lat' dir='ltr'><strong>suas</strong></span> <span class='ocrx_word' id='word_1_245' title='bbox 1817 2969 1998 3039; x_wconf 81' lang='lat' dir='ltr'><strong>[uncta</strong></span> <span class='ocrx_word' id='word_1_246' title='bbox 2023 2972 2112 3036; x_wconf 85' lang='lat' dir='ltr'><strong>sit,</strong></span> 
     </span>
    </p>
   </div>
   <div class='ocr_carea' id='block_1_32' title="bbox 550 3056 2116 3129">
    <p class='ocr_par' dir='ltr' id='par_1_32' title="bbox 550 3056 2116 3129">
     <span class='ocr_line' id='line_1_32' title="bbox 550 3056 2116 3129; baseline -0.002 -16"><span class='ocrx_word' id='word_1_247' title='bbox 550 3061 781 3114; x_wconf 86' lang='lat' dir='ltr'><strong>esuriens</strong></span> <span class='ocrx_word' id='word_1_248' title='bbox 810 3058 903 3112; x_wconf 89' lang='lat' dir='ltr'><strong>sub</strong></span> <span class='ocrx_word' id='word_1_249' title='bbox 936 3057 1167 3121; x_wconf 88' lang='lat' dir='ltr'><strong>diabolo,</strong></span> <span class='ocrx_word' id='word_1_250' title='bbox 1219 3075 1236 3107; x_wconf 82' lang='grc'>›</span> <span class='ocrx_word' id='word_1_251' title='bbox 1261 3062 1367 3110; x_wconf 91' lang='lat' dir='ltr'><strong>etc.</strong></span> <span class='ocrx_word' id='word_1_252' title='bbox 1403 3056 1659 3129; x_wconf 81' lang='lat' dir='ltr'><strong>Origenes</strong></span> <span class='ocrx_word' id='word_1_253' title='bbox 1691 3068 1874 3110; x_wconf 86' lang='lat' dir='ltr'><strong>contra</strong></span> <span class='ocrx_word' id='word_1_254' title='bbox 1909 3056 2116 3112; x_wconf 86' lang='lat' dir='ltr'><strong>Celsum</strong></span> 
     </span>
    </p>
   </div>
   <div class='ocr_carea' id='block_1_33' title="bbox 552 3148 2116 3220">
    <p class='ocr_par' dir='ltr' id='par_1_33' title="bbox 552 3148 2116 3220">
     <span class='ocr_line' id='line_1_33' title="bbox 552 3148 2116 3220; baseline -0.001 -14"><span class='ocrx_word' id='word_1_255' title='bbox 552 3151 669 3206; x_wconf 84' lang='lat' dir='ltr'><strong>suis</strong></span> <span class='ocrx_word' id='word_1_256' title='bbox 702 3151 757 3205; x_wconf 91' lang='lat' dir='ltr'><strong>in</strong></span> <span class='ocrx_word' id='word_1_257' title='bbox 787 3151 959 3215; x_wconf 90' lang='lat' dir='ltr'><strong>libris,</strong></span> <span class='ocrx_word' id='word_1_258' title='bbox 992 3149 1048 3204; x_wconf 92' lang='lat' dir='ltr'><strong>S.</strong></span> <span class='ocrx_word' id='word_1_259' title='bbox 1083 3149 1373 3220; x_wconf 82' lang='lat' dir='ltr'><strong>Gregorius</strong></span> <span class='ocrx_word' id='word_1_260' title='bbox 1401 3148 1771 3204; x_wconf 86' lang='lat' dir='ltr'><strong>Nazianzenus</strong></span> <span class='ocrx_word' id='word_1_261' title='bbox 1832 3149 1886 3202; x_wconf 91' lang='lat' dir='ltr'><strong>in</strong></span> <span class='ocrx_word' id='word_1_262' title='bbox 1927 3148 2116 3204; x_wconf 89' lang='lat' dir='ltr'><strong>litteris</strong></span> 
     </span>
    </p>
   </div>
   <div class='ocr_carea' id='block_1_34' title="bbox 544 3233 2115 3310">
    <p class='ocr_par' dir='ltr' id='par_1_34' title="bbox 544 3233 2115 3310">
     <span class='ocr_line' id='line_1_34' title="bbox 544 3233 2115 3310; baseline -0.003 -13"><span class='ocrx_word' id='word_1_263' title='bbox 544 3233 669 3297; x_wconf 84' lang='lat' dir='ltr'><strong>suis</strong></span> <span class='ocrx_word' id='word_1_264' title='bbox 699 3242 767 3296; x_wconf 89' lang='lat' dir='ltr'><strong>ad</strong></span> <span class='ocrx_word' id='word_1_265' title='bbox 804 3240 1123 3296; x_wconf 89' lang='lat' dir='ltr'><strong>Cledonium</strong></span> <span class='ocrx_word' id='word_1_266' title='bbox 1145 3280 1158 3303; x_wconf 96' lang='lat'><strong>,</strong></span> <span class='ocrx_word' id='word_1_267' title='bbox 1205 3255 1310 3294; x_wconf 93' lang='lat' dir='ltr'><strong>non</strong></span> <span class='ocrx_word' id='word_1_268' title='bbox 1346 3241 1524 3295; x_wconf 92' lang='lat' dir='ltr'><strong>minus</strong></span> <span class='ocrx_word' id='word_1_269' title='bbox 1557 3240 1700 3295; x_wconf 91' lang='lat' dir='ltr'><strong>clare</strong></span> <span class='ocrx_word' id='word_1_270' title='bbox 1741 3240 1995 3310; x_wconf 89' lang='lat' dir='ltr'><strong>rejiciunt</strong></span> <span class='ocrx_word' id='word_1_271' title='bbox 2026 3254 2115 3294; x_wconf 89' lang='lat' dir='ltr'><strong>er-</strong></span> 
     </span>
    </p>
   </div>
   <div class='ocr_carea' id='block_1_35' title="bbox 544 3327 2117 3400">
    <p class='ocr_par' dir='ltr' id='par_1_35' title="bbox 544 3327 2117 3400">
     <span class='ocr_line' id='line_1_35' title="bbox 544 3327 2117 3400; baseline -0.001 -15"><span class='ocrx_word' id='word_1_272' title='bbox 544 3327 706 3386; x_wconf 83' lang='lat' dir='ltr'><strong>rores</strong></span> <span class='ocrx_word' id='word_1_273' title='bbox 745 3339 928 3400; x_wconf 89' lang='lat' dir='ltr'><strong>postea</strong></span> <span class='ocrx_word' id='word_1_274' title='bbox 975 3345 1068 3398; x_wconf 88' lang='lat' dir='ltr'><strong>per</strong></span> <span class='ocrx_word' id='word_1_275' title='bbox 1096 3327 1403 3383; x_wconf 85' lang='lat' dir='ltr'><strong>Nestorium</strong></span> <span class='ocrx_word' id='word_1_276' title='bbox 1447 3337 1500 3383; x_wconf 89' lang='lat' dir='ltr'><strong>et</strong></span> <span class='ocrx_word' id='word_1_277' title='bbox 1549 3327 1896 3398; x_wconf 87' lang='lat' dir='ltr'><strong>Eutychetem</strong></span> <span class='ocrx_word' id='word_1_278' title='bbox 1940 3327 2117 3383; x_wconf 86' lang='lat' dir='ltr'><strong>disse-</strong></span> 
     </span>
    </p>
   </div>
   <div class='ocr_carea' id='block_1_36' title="bbox 556 3420 2117 3490">
    <p class='ocr_par' dir='ltr' id='par_1_36' title="bbox 556 3420 2117 3490">
     <span class='ocr_line' id='line_1_36' title="bbox 556 3420 2117 3490; baseline -0.003 -14"><span class='ocrx_word' id='word_1_279' title='bbox 556 3423 812 3478; x_wconf 87' lang='lat' dir='ltr'><strong>minatos.</strong></span> <span class='ocrx_word' id='word_1_280' title='bbox 840 3421 906 3476; x_wconf 87' lang='lat' dir='ltr'><strong>Et</strong></span> <span class='ocrx_word' id='word_1_281' title='bbox 931 3423 1018 3477; x_wconf 90' lang='lat' dir='ltr'><strong>cui</strong></span> <span class='ocrx_word' id='word_1_282' title='bbox 1044 3435 1277 3490; x_wconf 86' lang='lat' dir='ltr'><strong>unquam</strong></span> <span class='ocrx_word' id='word_1_283' title='bbox 1303 3420 1613 3474; x_wconf 89' lang='lat' dir='ltr'><strong>criticorum</strong></span> <span class='ocrx_word' id='word_1_284' title='bbox 1638 3421 1784 3474; x_wconf 87' lang='lat' dir='ltr'><strong>venit</strong></span> <span class='ocrx_word' id='word_1_285' title='bbox 1805 3420 1861 3473; x_wconf 88' lang='lat' dir='ltr'><strong>in</strong></span> <span class='ocrx_word' id='word_1_286' title='bbox 1886 3429 2117 3475; x_wconf 90' lang='lat' dir='ltr'><strong>mentem</strong></span> 
     </span>
    </p>
   </div>
   <div class='ocr_carea' id='block_1_37' title="bbox 556 3511 2119 3584">
    <p class='ocr_par' dir='ltr' id='par_1_37' title="bbox 556 3511 2119 3584">
     <span class='ocr_line' id='line_1_37' title="bbox 556 3511 2119 3584; baseline -0.003 -16"><span class='ocrx_word' id='word_1_287' title='bbox 556 3514 623 3568; x_wconf 93' lang='lat' dir='ltr'><strong>de</strong></span> <span class='ocrx_word' id='word_1_288' title='bbox 669 3514 864 3568; x_wconf 93' lang='lat' dir='ltr'><strong>horum</strong></span> <span class='ocrx_word' id='word_1_289' title='bbox 917 3527 1232 3584; x_wconf 88' lang='lat' dir='ltr'><strong>magnorum</strong></span> <span class='ocrx_word' id='word_1_290' title='bbox 1288 3512 1527 3566; x_wconf 89' lang='lat' dir='ltr'><strong>virorum</strong></span> <span class='ocrx_word' id='word_1_291' title='bbox 1567 3511 1792 3580; x_wconf 75' lang='lat' dir='ltr'><strong>scriptis</strong></span> <span class='ocrx_word' id='word_1_292' title='bbox 1837 3518 2119 3580; x_wconf 81' lang='lat' dir='ltr'><strong>prapterea</strong></span> 
     </span>
    </p>
   </div>
   <div class='ocr_carea' id='block_1_38' title="bbox 556 3603 2117 3672">
    <p class='ocr_par' dir='ltr' id='par_1_38' title="bbox 556 3603 2117 3672">
     <span class='ocr_line' id='line_1_38' title="bbox 556 3603 2117 3672; baseline -0.002 -13"><span class='ocrx_word' id='word_1_293' title='bbox 556 3605 955 3661; x_wconf 87' lang='lat' dir='ltr'><strong>contentionem</strong></span> <span class='ocrx_word' id='word_1_294' title='bbox 1000 3619 1235 3668; x_wconf 86' lang='lat' dir='ltr'><strong>movere,</strong></span> <span class='ocrx_word' id='word_1_295' title='bbox 1260 3603 1387 3672; x_wconf 89' lang='lat' dir='ltr'><strong>quia</strong></span> <span class='ocrx_word' id='word_1_296' title='bbox 1427 3603 1540 3672; x_wconf 91' lang='lat' dir='ltr'><strong>pari</strong></span> <span class='ocrx_word' id='word_1_297' title='bbox 1577 3603 1784 3657; x_wconf 88' lang='lat' dir='ltr'><strong>ratione</strong></span> <span class='ocrx_word' id='word_1_298' title='bbox 1812 3616 1870 3656; x_wconf 90' lang='lat' dir='ltr'><strong>se</strong></span> <span class='ocrx_word' id='word_1_299' title='bbox 1897 3615 2117 3670; x_wconf 82' lang='lat' dir='ltr'><strong>expres-</strong></span> 
     </span>
    </p>
   </div>
   <div class='ocr_carea' id='block_1_39' title="bbox 558 3693 2119 3763">
    <p class='ocr_par' dir='ltr' id='par_1_39' title="bbox 558 3693 2119 3763">
     <span class='ocr_line' id='line_1_39' title="bbox 558 3693 2119 3763; baseline -0.003 -12"><span class='ocrx_word' id='word_1_300' title='bbox 558 3705 742 3751; x_wconf 89' lang='lat' dir='ltr'><strong>serant</strong></span> <span class='ocrx_word' id='word_1_301' title='bbox 787 3704 840 3750; x_wconf 90' lang='lat' dir='ltr'><strong>et</strong></span> <span class='ocrx_word' id='word_1_302' title='bbox 880 3709 1092 3750; x_wconf 90' lang='lat' dir='ltr'><strong>errores</strong></span> <span class='ocrx_word' id='word_1_303' title='bbox 1130 3694 1298 3749; x_wconf 87' lang='lat' dir='ltr'><strong>multo</strong></span> <span class='ocrx_word' id='word_1_304' title='bbox 1324 3703 1442 3763; x_wconf 90' lang='lat' dir='ltr'><strong>post</strong></span> <span class='ocrx_word' id='word_1_305' title='bbox 1474 3694 1593 3748; x_wconf 93' lang='lat' dir='ltr'><strong>illos</strong></span> <span class='ocrx_word' id='word_1_306' title='bbox 1627 3694 1876 3748; x_wconf 89' lang='lat' dir='ltr'><strong>subortos</strong></span> <span class='ocrx_word' id='word_1_307' title='bbox 1909 3702 2015 3747; x_wconf 88' lang='lat' dir='ltr'><strong>tam</strong></span> <span class='ocrx_word' id='word_1_308' title='bbox 2039 3693 2119 3746; x_wconf 89' lang='lat' dir='ltr'><strong>di-</strong></span> 
     </span>
    </p>
   </div>
   <div class='ocr_carea' id='block_1_40' title="bbox 557 3782 2122 3854">
    <p class='ocr_par' dir='ltr' id='par_1_40' title="bbox 557 3782 2122 3854">
     <span class='ocr_line' id='line_1_40' title="bbox 557 3782 2122 3854; baseline -0.001 -14"><span class='ocrx_word' id='word_1_309' title='bbox 557 3794 700 3840; x_wconf 90' lang='lat' dir='ltr'><strong>serte</strong></span> <span class='ocrx_word' id='word_1_310' title='bbox 721 3800 785 3838; x_wconf 91' lang='lat' dir='ltr'><strong>ac</strong></span> <span class='ocrx_word' id='word_1_311' title='bbox 808 3783 1088 3854; x_wconf 89' lang='lat' dir='ltr'><strong>perspicue</strong></span> <span class='ocrx_word' id='word_1_312' title='bbox 1119 3785 1644 3838; x_wconf 84' lang='lat' dir='ltr'><strong>eondcmnaverant?</strong></span> <span class='ocrx_word' id='word_1_313' title='bbox 1676 3783 1819 3838; x_wconf 86' lang='lat' dir='ltr'><strong>Falsi</strong></span> <span class='ocrx_word' id='word_1_314' title='bbox 1852 3799 1980 3838; x_wconf 87' lang='lat' dir='ltr'><strong>sane</strong></span> <span class='ocrx_word' id='word_1_315' title='bbox 2011 3782 2122 3839; x_wconf 82' lang='lat' dir='ltr'><strong>fue-</strong></span> 
     </span>
    </p>
   </div>
   <div class='ocr_carea' id='block_1_41' title="bbox 551 3874 2122 3954">
    <p class='ocr_par' dir='ltr' id='par_1_41' title="bbox 551 3874 2122 3954">
     <span class='ocr_line' id='line_1_41' title="bbox 551 3874 2122 3954; baseline -0.001 -24"><span class='ocrx_word' id='word_1_316' title='bbox 551 3886 685 3954; x_wconf 81' lang='lat' dir='ltr'><strong>runt</strong></span> <span class='ocrx_word' id='word_1_317' title='bbox 706 3875 957 3931; x_wconf 89' lang='lat' dir='ltr'><strong>Canisius</strong></span> <span class='ocrx_word' id='word_1_318' title='bbox 987 3884 1040 3931; x_wconf 91' lang='lat' dir='ltr'><strong>et</strong></span> <span class='ocrx_word' id='word_1_319' title='bbox 1075 3876 1402 3931; x_wconf 85' lang='lat' dir='ltr'><strong>Possevinus</strong></span> <span class='ocrx_word' id='word_1_320' title='bbox 1444 3876 1499 3929; x_wconf 93' lang='lat' dir='ltr'><strong>in</strong></span> <span class='ocrx_word' id='word_1_321' title='bbox 1531 3890 1616 3941; x_wconf 90' lang='lat' dir='ltr'><strong>eo,</strong></span> <span class='ocrx_word' id='word_1_322' title='bbox 1650 3876 1793 3945; x_wconf 91' lang='lat' dir='ltr'><strong>quod</strong></span> <span class='ocrx_word' id='word_1_323' title='bbox 1819 3874 2122 3943; x_wconf 59' lang='lat' dir='ltr'><strong>Expositio.</strong></span> 
     </span>
    </p>
   </div>
   <div class='ocr_carea' id='block_1_42' title="bbox 557 3963 2120 4035">
    <p class='ocr_par' dir='ltr' id='par_1_42' title="bbox 557 3963 2120 4035">
     <span class='ocr_line' id='line_1_42' title="bbox 557 3963 2120 4035; baseline -0.003 -15"><span class='ocrx_word' id='word_1_324' title='bbox 557 3981 673 4020; x_wconf 75' lang='lat' dir='ltr'><strong>nem</strong></span> <span class='ocrx_word' id='word_1_325' title='bbox 723 3965 848 4034; x_wconf 84' lang='lat' dir='ltr'><strong>ﬁdei</strong></span> <span class='ocrx_word' id='word_1_326' title='bbox 899 3964 958 4020; x_wconf 89' lang='lat' dir='ltr'><strong>S.</strong></span> <span class='ocrx_word' id='word_1_327' title='bbox 1010 3963 1223 4019; x_wconf 85' lang='lat' dir='ltr'><strong>Justino</strong></span> <span class='ocrx_word' id='word_1_328' title='bbox 1263 3965 1482 4035; x_wconf 85' lang='lat' dir='ltr'><strong>martyri</strong></span> <span class='ocrx_word' id='word_1_329' title='bbox 1523 3964 1846 4030; x_wconf 87' lang='lat' dir='ltr'><strong>tribuerint;</strong></span> <span class='ocrx_word' id='word_1_330' title='bbox 1879 3978 2120 4018; x_wconf 88' lang='lat' dir='ltr'><strong>errorem</strong></span> 
     </span>
    </p>
   </div>
   <div class='ocr_carea' id='block_1_43' title="bbox 560 4055 2124 4126">
    <p class='ocr_par' dir='ltr' id='par_1_43' title="bbox 560 4055 2124 4126">
     <span class='ocr_line' id='line_1_43' title="bbox 560 4055 2124 4126; baseline -0.003 -14"><span class='ocrx_word' id='word_1_331' title='bbox 560 4067 740 4112; x_wconf 89' lang='lat' dir='ltr'><strong>tamen</strong></span> <span class='ocrx_word' id='word_1_332' title='bbox 773 4058 840 4112; x_wconf 91' lang='lat' dir='ltr'><strong>de</strong></span> <span class='ocrx_word' id='word_1_333' title='bbox 864 4057 1211 4126; x_wconf 88' lang='lat' dir='ltr'><strong>permistione</strong></span> <span class='ocrx_word' id='word_1_334' title='bbox 1240 4067 1553 4111; x_wconf 83' lang='lat' dir='ltr'><strong>naturarum</strong></span> <span class='ocrx_word' id='word_1_335' title='bbox 1596 4056 1650 4110; x_wconf 93' lang='lat' dir='ltr'><strong>in</strong></span> <span class='ocrx_word' id='word_1_336' title='bbox 1681 4056 1896 4111; x_wconf 81' lang='lat' dir='ltr'><strong>Christo</strong></span> <span class='ocrx_word' id='word_1_337' title='bbox 1922 4055 2124 4124; x_wconf 89' lang='lat' dir='ltr'><strong>Apolli-</strong></span> 
     </span>
    </p>
   </div>
   <div class='ocr_carea' id='block_1_44' title="bbox 560 4145 2123 4218">
    <p class='ocr_par' dir='ltr' id='par_1_44' title="bbox 560 4145 2123 4218">
     <span class='ocr_line' id='line_1_44' title="bbox 560 4145 2123 4218; baseline -0.002 -16"><span class='ocrx_word' id='word_1_338' title='bbox 560 4147 679 4202; x_wconf 91' lang='lat' dir='ltr'><strong>nari</strong></span> <span class='ocrx_word' id='word_1_339' title='bbox 731 4155 784 4201; x_wconf 90' lang='lat' dir='ltr'><strong>et</strong></span> <span class='ocrx_word' id='word_1_340' title='bbox 827 4146 1120 4218; x_wconf 86' lang='lat' dir='ltr'><strong>Eutychete</strong></span> <span class='ocrx_word' id='word_1_341' title='bbox 1164 4147 1524 4214; x_wconf 89' lang='lat' dir='ltr'><strong>antiquiorem</strong></span> <span class='ocrx_word' id='word_1_342' title='bbox 1575 4161 1726 4212; x_wconf 90' lang='lat' dir='ltr'><strong>esse,</strong></span> <span class='ocrx_word' id='word_1_343' title='bbox 1774 4146 1905 4215; x_wconf 90' lang='lat' dir='ltr'><strong>quin</strong></span> <span class='ocrx_word' id='word_1_344' title='bbox 1954 4153 2007 4200; x_wconf 90' lang='lat' dir='ltr'><strong>et</strong></span> <span class='ocrx_word' id='word_1_345' title='bbox 2056 4145 2123 4200; x_wconf 91' lang='lat' dir='ltr'><strong>ab</strong></span> 
     </span>
    </p>
   </div>
   <div class='ocr_carea' id='block_1_45' title="bbox 560 4234 2120 4306">
    <p class='ocr_par' dir='ltr' id='par_1_45' title="bbox 560 4234 2120 4306">
     <span class='ocr_line' id='line_1_45' title="bbox 560 4234 2120 4306; baseline 0 -18"><span class='ocrx_word' id='word_1_346' title='bbox 560 4234 814 4290; x_wconf 74' lang='lat' dir='ltr'><strong>Ecclesiae</strong></span> <span class='ocrx_word' id='word_1_347' title='bbox 841 4235 1155 4291; x_wconf 87' lang='lat' dir='ltr'><strong>doctoribus</strong></span> <span class='ocrx_word' id='word_1_348' title='bbox 1178 4276 1194 4301; x_wconf 95' lang='lat'><strong>,</strong></span> <span class='ocrx_word' id='word_1_349' title='bbox 1227 4237 1318 4304; x_wconf 91' lang='lat' dir='ltr'><strong>qui</strong></span> <span class='ocrx_word' id='word_1_350' title='bbox 1370 4235 1712 4306; x_wconf 89' lang='lat' dir='ltr'><strong>Hippolytum</strong></span> <span class='ocrx_word' id='word_1_351' title='bbox 1753 4246 2120 4301; x_wconf 87' lang='lat' dir='ltr'><strong>antecessere,</strong></span> 
     </span>
    </p>
   </div>
   <div class='ocr_carea' id='block_1_46' title="bbox 565 4326 2126 4396">
    <p class='ocr_par' dir='ltr' id='par_1_46' title="bbox 565 4326 2126 4396">
     <span class='ocr_line' id='line_1_46' title="bbox 565 4326 2126 4396; baseline 0 -15"><span class='ocrx_word' id='word_1_352' title='bbox 565 4329 934 4396; x_wconf 79' lang='lat' dir='ltr'><strong>impugnatum</strong></span> <span class='ocrx_word' id='word_1_353' title='bbox 969 4326 1157 4390; x_wconf 81' lang='lat' dir='ltr'><strong>fuisse,</strong></span> <span class='ocrx_word' id='word_1_354' title='bbox 1192 4341 1257 4380; x_wconf 87' lang='lat' dir='ltr'><strong>ex</strong></span> <span class='ocrx_word' id='word_1_355' title='bbox 1295 4326 1577 4380; x_wconf 83' lang='lat' dir='ltr'><strong>Athanasii</strong></span> <span class='ocrx_word' id='word_1_356' title='bbox 1608 4335 1657 4380; x_wconf 88' lang='lat' dir='ltr'><strong>et</strong></span> <span class='ocrx_word' id='word_1_357' title='bbox 1693 4327 2007 4380; x_wconf 88' lang='lat' dir='ltr'><strong>Tertulliani</strong></span> <span class='ocrx_word' id='word_1_358' title='bbox 2035 4342 2126 4381; x_wconf 88' lang='lat' dir='ltr'><strong>su-</strong></span> 
     </span>
    </p>
   </div>
   <div class='ocr_carea' id='block_1_47' title="bbox 561 4416 2126 4488">
    <p class='ocr_par' dir='ltr' id='par_1_47' title="bbox 561 4416 2126 4488">
     <span class='ocr_line' id='line_1_47' title="bbox 561 4416 2126 4488; baseline 0 -18"><span class='ocrx_word' id='word_1_359' title='bbox 561 4433 660 4488; x_wconf 86' lang='lat' dir='ltr'><strong>pra</strong></span> <span class='ocrx_word' id='word_1_360' title='bbox 709 4418 884 4472; x_wconf 84' lang='lat' dir='ltr'><strong>allatis</strong></span> <span class='ocrx_word' id='word_1_361' title='bbox 914 4418 1048 4472; x_wconf 90' lang='lat' dir='ltr'><strong>locis</strong></span> <span class='ocrx_word' id='word_1_362' title='bbox 1078 4416 1479 4473; x_wconf 89' lang='lat' dir='ltr'><strong>evidentissime</strong></span> <span class='ocrx_word' id='word_1_363' title='bbox 1509 4427 1670 4487; x_wconf 90' lang='lat' dir='ltr'><strong>patet.</strong></span> <span class='ocrx_word' id='word_1_364' title='bbox 1723 4418 1789 4472; x_wconf 87' lang='lat' dir='ltr'><strong>Et</strong></span> <span class='ocrx_word' id='word_1_365' title='bbox 1831 4435 1960 4473; x_wconf 89' lang='lat' dir='ltr'><strong>sane</strong></span> <span class='ocrx_word' id='word_1_366' title='bbox 1994 4417 2126 4472; x_wconf 88' lang='lat' dir='ltr'><strong>Ter-</strong></span> 
     </span>
    </p>
   </div>
   <div class='ocr_carea' id='block_1_48' title="bbox 2191 583 3752 658">
    <p class='ocr_par' dir='ltr' id='par_1_48' title="bbox 2191 583 3752 658">
     <span class='ocr_line' id='line_1_48' title="bbox 2191 583 3752 658; baseline -0.008 -11"><span class='ocrx_word' id='word_1_367' title='bbox 2191 592 2503 647; x_wconf 86' lang='lat' dir='ltr'><strong>sententias.</strong></span> <span class='ocrx_word' id='word_1_368' title='bbox 2543 591 2676 657; x_wconf 85' lang='lat' dir='ltr'><strong>Quis</strong></span> <span class='ocrx_word' id='word_1_369' title='bbox 2718 598 2900 644; x_wconf 88' lang='lat' dir='ltr'><strong>tamen</strong></span> <span class='ocrx_word' id='word_1_370' title='bbox 2941 602 3040 658; x_wconf 93' lang='lat' dir='ltr'><strong>pro</strong></span> <span class='ocrx_word' id='word_1_371' title='bbox 3088 586 3301 657; x_wconf 85' lang='lat' dir='ltr'><strong>egregio</strong></span> <span class='ocrx_word' id='word_1_372' title='bbox 3334 584 3576 655; x_wconf 88' lang='lat' dir='ltr'><strong>sophista</strong></span> <span class='ocrx_word' id='word_1_373' title='bbox 3601 583 3752 636; x_wconf 84' lang='lat' dir='ltr'><strong>illum</strong></span> 
     </span>
    </p>
   </div>
   <div class='ocr_carea' id='block_1_49' title="bbox 2192 667 3751 752">
    <p class='ocr_par' dir='ltr' id='par_1_49' title="bbox 2192 667 3751 752">
     <span class='ocr_line' id='line_1_49' title="bbox 2192 667 3751 752; baseline -0.005 -14"><span class='ocrx_word' id='word_1_374' title='bbox 2192 700 2301 738; x_wconf 89' lang='lat' dir='ltr'><strong>non</strong></span> <span class='ocrx_word' id='word_1_375' title='bbox 2333 684 2573 747; x_wconf 85' lang='lat' dir='ltr'><strong>haberet,</strong></span> <span class='ocrx_word' id='word_1_376' title='bbox 2608 682 2701 752; x_wconf 91' lang='lat' dir='ltr'><strong>qui</strong></span> <span class='ocrx_word' id='word_1_377' title='bbox 2723 667 2858 735; x_wconf 84' lang='lat' dir='ltr'><strong>hinc</strong></span> <span class='ocrx_word' id='word_1_378' title='bbox 2888 679 3248 742; x_wconf 88' lang='lat' dir='ltr'><strong>concluderet,</strong></span> <span class='ocrx_word' id='word_1_379' title='bbox 3279 678 3473 732; x_wconf 89' lang='lat' dir='ltr'><strong>librum</strong></span> <span class='ocrx_word' id='word_1_380' title='bbox 3499 676 3751 732; x_wconf 76' lang='lat' dir='ltr'><strong>adversus</strong></span> 
     </span>
    </p>
   </div>
   <div class='ocr_carea' id='block_1_50' title="bbox 2200 771 3755 841">
    <p class='ocr_par' dir='ltr' id='par_1_50' title="bbox 2200 771 3755 841">
     <span class='ocr_line' id='line_1_50' title="bbox 2200 771 3755 841; baseline -0.003 -11"><span class='ocrx_word' id='word_1_381' title='bbox 2200 775 2461 830; x_wconf 75' lang='lat' dir='ltr'><strong>Praxeam</strong></span> <span class='ocrx_word' id='word_1_382' title='bbox 2509 773 2825 828; x_wconf 85' lang='lat' dir='ltr'><strong>Tertulliani</strong></span> <span class='ocrx_word' id='word_1_383' title='bbox 2851 788 2956 826; x_wconf 91' lang='lat' dir='ltr'><strong>non</strong></span> <span class='ocrx_word' id='word_1_384' title='bbox 2983 787 3119 837; x_wconf 89' lang='lat' dir='ltr'><strong>esse,</strong></span> <span class='ocrx_word' id='word_1_385' title='bbox 3150 772 3242 826; x_wconf 87' lang='lat' dir='ltr'><strong>sed</strong></span> <span class='ocrx_word' id='word_1_386' title='bbox 3274 771 3510 826; x_wconf 90' lang='lat' dir='ltr'><strong>auctoris</strong></span> <span class='ocrx_word' id='word_1_387' title='bbox 3537 772 3632 841; x_wconf 91' lang='lat' dir='ltr'><strong>qui</strong></span> <span class='ocrx_word' id='word_1_388' title='bbox 3662 772 3755 826; x_wconf 83' lang='lat' dir='ltr'><strong>de-</strong></span> 
     </span>
    </p>
   </div>
   <div class='ocr_carea' id='block_1_51' title="bbox 2194 863 3759 938">
    <p class='ocr_par' dir='ltr' id='par_1_51' title="bbox 2194 863 3759 938">
     <span class='ocr_line' id='line_1_51' title="bbox 2194 863 3759 938; baseline -0.004 -14"><span class='ocrx_word' id='word_1_389' title='bbox 2194 884 2340 924; x_wconf 92' lang='lat' dir='ltr'><strong>mum</strong></span> <span class='ocrx_word' id='word_1_390' title='bbox 2386 877 2507 937; x_wconf 91' lang='lat' dir='ltr'><strong>post</strong></span> <span class='ocrx_word' id='word_1_391' title='bbox 2540 867 2888 938; x_wconf 85' lang='lat' dir='ltr'><strong>Eutychetem</strong></span> <span class='ocrx_word' id='word_1_392' title='bbox 2929 864 3181 934; x_wconf 88' lang='lat' dir='ltr'><strong>scripsit?</strong></span> <span class='ocrx_word' id='word_1_393' title='bbox 3233 863 3336 918; x_wconf 81' lang='lat' dir='ltr'><strong>Sed</strong></span> <span class='ocrx_word' id='word_1_394' title='bbox 3369 864 3648 925; x_wconf 86' lang='lat' dir='ltr'><strong>nimirum,</strong></span> <span class='ocrx_word' id='word_1_395' title='bbox 3695 873 3759 918; x_wconf 89' lang='lat' dir='ltr'><strong>ut</strong></span> 
     </span>
    </p>
   </div>
   <div class='ocr_carea' id='block_1_52' title="bbox 2195 957 3760 1026">
    <p class='ocr_par' dir='ltr' id='par_1_52' title="bbox 2195 957 3760 1026">
     <span class='ocr_line' id='line_1_52' title="bbox 2195 957 3760 1026; baseline -0.004 -10"><span class='ocrx_word' id='word_1_396' title='bbox 2195 963 2246 1016; x_wconf 91' lang='lat' dir='ltr'><strong>in</strong></span> <span class='ocrx_word' id='word_1_397' title='bbox 2294 961 2514 1026; x_wconf 88' lang='lat' dir='ltr'><strong>mumlo,</strong></span> <span class='ocrx_word' id='word_1_398' title='bbox 2563 961 2632 1014; x_wconf 86' lang='lat' dir='ltr'><strong>ita</strong></span> <span class='ocrx_word' id='word_1_399' title='bbox 2682 960 2736 1013; x_wconf 91' lang='lat' dir='ltr'><strong>in</strong></span> <span class='ocrx_word' id='word_1_400' title='bbox 2772 958 3011 1014; x_wconf 81' lang='lat' dir='ltr'><strong>Ecclesia</strong></span> <span class='ocrx_word' id='word_1_401' title='bbox 3039 957 3225 1011; x_wconf 89' lang='lat' dir='ltr'><strong>eadem</strong></span> <span class='ocrx_word' id='word_1_402' title='bbox 3271 971 3480 1025; x_wconf 90' lang='lat' dir='ltr'><strong>semper</strong></span> <span class='ocrx_word' id='word_1_403' title='bbox 3522 957 3760 1011; x_wconf 80' lang='lat' dir='ltr'><strong>recurrit</strong></span> 
     </span>
    </p>
   </div>
   <div class='ocr_carea' id='block_1_53' title="bbox 2202 1049 3760 1126">
    <p class='ocr_par' dir='ltr' id='par_1_53' title="bbox 2202 1049 3760 1126">
     <span class='ocr_line' id='line_1_53' title="bbox 2202 1049 3760 1126; baseline -0.003 -19"><span class='ocrx_word' id='word_1_404' title='bbox 2202 1053 2407 1116; x_wconf 83' lang='lat' dir='ltr'><strong>fabula,</strong></span> <span class='ocrx_word' id='word_1_405' title='bbox 2451 1061 2504 1107; x_wconf 91' lang='lat' dir='ltr'><strong>et</strong></span> <span class='ocrx_word' id='word_1_406' title='bbox 2535 1069 2669 1122; x_wconf 85' lang='lat' dir='ltr'><strong>quas</strong></span> <span class='ocrx_word' id='word_1_407' title='bbox 2711 1051 2977 1121; x_wconf 89' lang='lat' dir='ltr'><strong>posterior</strong></span> <span class='ocrx_word' id='word_1_408' title='bbox 3010 1058 3139 1104; x_wconf 63' lang='lat' dir='ltr'><strong>mtas</strong></span> <span class='ocrx_word' id='word_1_409' title='bbox 3183 1063 3351 1103; x_wconf 85' lang='lat' dir='ltr'><strong>novas</strong></span> <span class='ocrx_word' id='word_1_410' title='bbox 3390 1049 3624 1103; x_wconf 62' lang='lat' dir='ltr'><strong>haereses</strong></span> <span class='ocrx_word' id='word_1_411' title='bbox 3660 1063 3760 1126; x_wconf 88' lang='lat' dir='ltr'><strong>ap-</strong></span> 
     </span>
    </p>
   </div>
   <div class='ocr_carea' id='block_1_54' title="bbox 2196 1139 3751 1213">
    <p class='ocr_par' dir='ltr' id='par_1_54' title="bbox 2196 1139 3751 1213">
     <span class='ocr_line' id='line_1_54' title="bbox 2196 1139 3751 1213; baseline -0.004 -15"><span class='ocrx_word' id='word_1_412' title='bbox 2196 1145 2377 1213; x_wconf 88' lang='lat' dir='ltr'><strong>pellat,</strong></span> <span class='ocrx_word' id='word_1_413' title='bbox 2408 1158 2482 1196; x_wconf 68' lang='lat' dir='ltr'><strong>eaa</strong></span> <span class='ocrx_word' id='word_1_414' title='bbox 2513 1150 2639 1196; x_wconf 91' lang='lat' dir='ltr'><strong>sunt</strong></span> <span class='ocrx_word' id='word_1_415' title='bbox 2669 1155 2852 1195; x_wconf 79' lang='lat' dir='ltr'><strong>revera</strong></span> <span class='ocrx_word' id='word_1_416' title='bbox 2879 1139 3090 1209; x_wconf 91' lang='lat' dir='ltr'><strong>pristini</strong></span> <span class='ocrx_word' id='word_1_417' title='bbox 3115 1146 3322 1192; x_wconf 86' lang='lat' dir='ltr'><strong>tantum</strong></span> <span class='ocrx_word' id='word_1_418' title='bbox 3351 1151 3563 1192; x_wconf 87' lang='lat' dir='ltr'><strong>errores</strong></span> <span class='ocrx_word' id='word_1_419' title='bbox 3592 1152 3751 1192; x_wconf 80' lang='lat' dir='ltr'><strong>reno-</strong></span> 
     </span>
    </p>
   </div>
   <div class='ocr_carea' id='block_1_55' title="bbox 2198 1231 3076 1309">
    <p class='ocr_par' dir='ltr' id='par_1_55' title="bbox 2198 1231 3076 1309">
     <span class='ocr_line' id='line_1_55' title="bbox 2198 1231 3076 1309; baseline -0.002 -21"><span class='ocrx_word' id='word_1_420' title='bbox 2198 1236 2325 1296; x_wconf 87' lang='lat' dir='ltr'><strong>vati,</strong></span> <span class='ocrx_word' id='word_1_421' title='bbox 2363 1245 2522 1309; x_wconf 84' lang='lat' dir='ltr'><strong>atque</strong></span> <span class='ocrx_word' id='word_1_422' title='bbox 2552 1235 2619 1287; x_wconf 91' lang='lat' dir='ltr'><strong>ah</strong></span> <span class='ocrx_word' id='word_1_423' title='bbox 2650 1232 2789 1287; x_wconf 91' lang='lat' dir='ltr'><strong>Orco</strong></span> <span class='ocrx_word' id='word_1_424' title='bbox 2819 1231 3076 1286; x_wconf 84' lang='lat' dir='ltr'><strong>revocati.</strong></span> 
     </span>
    </p>
   </div>
   <div class='ocr_carea' id='block_1_56' title="bbox 2265 1321 3767 1395">
    <p class='ocr_par' dir='ltr' id='par_1_56' title="bbox 2265 1321 3767 1395">
     <span class='ocr_line' id='line_1_56' title="bbox 2265 1321 3767 1395; baseline -0.007 -15"><span class='ocrx_word' id='word_1_425' title='bbox 2265 1324 2449 1395; x_wconf 85' lang='lat' dir='ltr'><strong>Neque</strong></span> <span class='ocrx_word' id='word_1_426' title='bbox 2476 1326 2670 1378; x_wconf 90' lang='lat' dir='ltr'><strong>mirum</strong></span> <span class='ocrx_word' id='word_1_427' title='bbox 2701 1324 2856 1376; x_wconf 79' lang='lat' dir='ltr'><strong>nobis</strong></span> <span class='ocrx_word' id='word_1_428' title='bbox 2885 1322 3051 1376; x_wconf 89' lang='lat' dir='ltr'><strong>videri</strong></span> <span class='ocrx_word' id='word_1_429' title='bbox 3082 1321 3259 1385; x_wconf 84' lang='lat' dir='ltr'><strong>debet,</strong></span> <span class='ocrx_word' id='word_1_430' title='bbox 3294 1321 3341 1376; x_wconf 90' lang='lat' dir='ltr'><strong>si</strong></span> <span class='ocrx_word' id='word_1_431' title='bbox 3371 1321 3424 1374; x_wconf 89' lang='lat' dir='ltr'><strong>in</strong></span> <span class='ocrx_word' id='word_1_432' title='bbox 3450 1326 3603 1373; x_wconf 85' lang='lat' dir='ltr'><strong>tanta</strong></span> <span class='ocrx_word' id='word_1_433' title='bbox 3632 1333 3767 1389; x_wconf 82' lang='lat' dir='ltr'><strong>ope-</strong></span> 
     </span>
    </p>
   </div>
   <div class='ocr_carea' id='block_1_57' title="bbox 2201 1413 3763 1484">
    <p class='ocr_par' dir='ltr' id='par_1_57' title="bbox 2201 1413 3763 1484">
     <span class='ocr_line' id='line_1_57' title="bbox 2201 1413 3763 1484; baseline -0.006 -11"><span class='ocrx_word' id='word_1_434' title='bbox 2201 1435 2321 1473; x_wconf 88' lang='lat' dir='ltr'><strong>rum</strong></span> <span class='ocrx_word' id='word_1_435' title='bbox 2353 1417 2694 1471; x_wconf 90' lang='lat' dir='ltr'><strong>multitudine</strong></span> <span class='ocrx_word' id='word_1_436' title='bbox 2720 1431 2749 1468; x_wconf 90' lang='lat' dir='ltr'><strong>a</strong></span> <span class='ocrx_word' id='word_1_437' title='bbox 2785 1413 2845 1468; x_wconf 88' lang='lat' dir='ltr'><strong>S.</strong></span> <span class='ocrx_word' id='word_1_438' title='bbox 2873 1413 3159 1484; x_wconf 84' lang='lat' dir='ltr'><strong>Hippolyto</strong></span> <span class='ocrx_word' id='word_1_439' title='bbox 3191 1424 3558 1477; x_wconf 86' lang='lat' dir='ltr'><strong>exaratorum,</strong></span> <span class='ocrx_word' id='word_1_440' title='bbox 3587 1428 3763 1465; x_wconf 90' lang='lat' dir='ltr'><strong>unum</strong></span> 
     </span>
    </p>
   </div>
   <div class='ocr_carea' id='block_1_58' title="bbox 2202 1502 3767 1576">
    <p class='ocr_par' dir='ltr' id='par_1_58' title="bbox 2202 1502 3767 1576">
     <span class='ocr_line' id='line_1_58' title="bbox 2202 1502 3767 1576; baseline -0.004 -14"><span class='ocrx_word' id='word_1_441' title='bbox 2202 1517 2294 1562; x_wconf 88' lang='lat' dir='ltr'><strong>aut</strong></span> <span class='ocrx_word' id='word_1_442' title='bbox 2335 1508 2561 1561; x_wconf 88' lang='lat' dir='ltr'><strong>alterum</strong></span> <span class='ocrx_word' id='word_1_443' title='bbox 2597 1506 2927 1576; x_wconf 81' lang='lat' dir='ltr'><strong>diligentiam</strong></span> <span class='ocrx_word' id='word_1_444' title='bbox 2970 1503 3224 1559; x_wconf 80' lang='lat' dir='ltr'><strong>indefessi</strong></span> <span class='ocrx_word' id='word_1_445' title='bbox 3256 1503 3576 1576; x_wconf 80' lang='lat' dir='ltr'><strong>Theodoreti</strong></span> <span class='ocrx_word' id='word_1_446' title='bbox 3613 1502 3767 1570; x_wconf 84' lang='lat' dir='ltr'><strong>fuge-</strong></span> 
     </span>
    </p>
   </div>
   <div class='ocr_carea' id='block_1_59' title="bbox 2201 1573 3769 1654">
    <p class='ocr_par' dir='ltr' id='par_1_59' title="bbox 2201 1573 3769 1654">
     <span class='ocr_line' id='line_1_59' title="bbox 2201 1573 3769 1654; baseline -0.005 0"><span class='ocrx_word' id='word_1_447' title='bbox 2201 1602 2290 1654; x_wconf 90' lang='lat' dir='ltr'><strong>rit.</strong></span> <span class='ocrx_word' id='word_1_448' title='bbox 2350 1599 2492 1654; x_wconf 89' lang='lat' dir='ltr'><strong>Sane</strong></span> <span class='ocrx_word' id='word_1_449' title='bbox 2538 1601 2624 1654; x_wconf 90' lang='lat' dir='ltr'><strong>hic</strong></span> <span class='ocrx_word' id='word_1_450' title='bbox 2673 1573 2862 1652; x_wconf 76' lang='lat' dir='ltr'><strong>auctor</strong></span> <span class='ocrx_word' id='word_1_451' title='bbox 2909 1597 3112 1651; x_wconf 89' lang='lat' dir='ltr'><strong>nullam</strong></span> <span class='ocrx_word' id='word_1_452' title='bbox 3159 1597 3226 1650; x_wconf 90' lang='lat' dir='ltr'><strong>de</strong></span> <span class='ocrx_word' id='word_1_453' title='bbox 3272 1573 3410 1650; x_wconf 64' lang='lat' dir='ltr'><strong>libro</strong></span> <span class='ocrx_word' id='word_1_454' title='bbox 3451 1595 3769 1648; x_wconf 79' lang='lat' dir='ltr'><strong>Antichristi</strong></span> 
     </span>
    </p>
   </div>
   <div class='ocr_carea' id='block_1_60' title="bbox 2206 1687 3767 1758">
    <p class='ocr_par' dir='ltr' id='par_1_60' title="bbox 2206 1687 3767 1758">
     <span class='ocr_line' id='line_1_60' title="bbox 2206 1687 3767 1758; baseline -0.002 -13"><span class='ocrx_word' id='word_1_455' title='bbox 2206 1691 2530 1746; x_wconf 90' lang='lat' dir='ltr'><strong>mentionem</strong></span> <span class='ocrx_word' id='word_1_456' title='bbox 2572 1690 2717 1752; x_wconf 77' lang='lat' dir='ltr'><strong>facit.</strong></span> <span class='ocrx_word' id='word_1_457' title='bbox 2756 1690 2880 1744; x_wconf 90' lang='lat' dir='ltr'><strong>licet</strong></span> <span class='ocrx_word' id='word_1_458' title='bbox 2922 1690 2966 1744; x_wconf 93' lang='lat' dir='ltr'><strong>is</strong></span> <span class='ocrx_word' id='word_1_459' title='bbox 3007 1698 3265 1743; x_wconf 86' lang='lat' dir='ltr'><strong>tractatus</strong></span> <span class='ocrx_word' id='word_1_460' title='bbox 3305 1689 3425 1742; x_wconf 89' lang='lat' dir='ltr'><strong>loca</strong></span> <span class='ocrx_word' id='word_1_461' title='bbox 3465 1688 3643 1758; x_wconf 85' lang='lat' dir='ltr'><strong>magis</strong></span> <span class='ocrx_word' id='word_1_462' title='bbox 3670 1687 3767 1742; x_wconf 86' lang='lat' dir='ltr'><strong>de-</strong></span> 
     </span>
    </p>
   </div>
   <div class='ocr_carea' id='block_1_61' title="bbox 2205 1777 3766 1850">
    <p class='ocr_par' dir='ltr' id='par_1_61' title="bbox 2205 1777 3766 1850">
     <span class='ocr_line' id='line_1_61' title="bbox 2205 1777 3766 1850; baseline -0.003 -14"><span class='ocrx_word' id='word_1_463' title='bbox 2205 1783 2435 1836; x_wconf 91' lang='lat' dir='ltr'><strong>cretoria</strong></span> <span class='ocrx_word' id='word_1_464' title='bbox 2464 1782 2849 1850; x_wconf 88' lang='lat' dir='ltr'><strong>complectatur</strong></span> <span class='ocrx_word' id='word_1_465' title='bbox 2889 1795 3049 1850; x_wconf 88' lang='lat' dir='ltr'><strong>quam</strong></span> <span class='ocrx_word' id='word_1_466' title='bbox 3081 1779 3170 1833; x_wconf 90' lang='lat' dir='ltr'><strong>alii</strong></span> <span class='ocrx_word' id='word_1_467' title='bbox 3215 1779 3335 1832; x_wconf 89' lang='lat' dir='ltr'><strong>libri</strong></span> <span class='ocrx_word' id='word_1_468' title='bbox 3361 1778 3417 1833; x_wconf 89' lang='lat' dir='ltr'><strong>S.</strong></span> <span class='ocrx_word' id='word_1_469' title='bbox 3467 1777 3766 1849; x_wconf 81' lang='lat' dir='ltr'><strong>Hippolyti,</strong></span> 
     </span>
    </p>
   </div>
   <div class='ocr_carea' id='block_1_62' title="bbox 2139 1855 3771 1945">
    <p class='ocr_par' dir='ltr' id='par_1_62' title="bbox 2139 1855 3771 1945">
     <span class='ocr_line' id='line_1_62' title="bbox 2139 1855 3771 1945; baseline -0.004 -15"><span class='ocrx_word' id='word_1_470' title='bbox 2139 1855 2181 1914; x_wconf 73' lang='grc' dir='ltr'><strong><em>Β</em></strong></span> <span class='ocrx_word' id='word_1_471' title='bbox 2207 1891 2269 1930; x_wconf 76' lang='lat' dir='ltr'><strong>ex</strong></span> <span class='ocrx_word' id='word_1_472' title='bbox 2302 1875 2496 1945; x_wconf 86' lang='lat' dir='ltr'><strong>quibus</strong></span> <span class='ocrx_word' id='word_1_473' title='bbox 2525 1875 2834 1929; x_wconf 86' lang='lat' dir='ltr'><strong>testimonia</strong></span> <span class='ocrx_word' id='word_1_474' title='bbox 2863 1875 2914 1927; x_wconf 92' lang='lat' dir='ltr'><strong>in</strong></span> <span class='ocrx_word' id='word_1_475' title='bbox 2945 1874 3181 1928; x_wconf 90' lang='lat' dir='ltr'><strong>medium</strong></span> <span class='ocrx_word' id='word_1_476' title='bbox 3205 1873 3444 1928; x_wconf 85' lang='lat' dir='ltr'><strong>adducit.</strong></span> <span class='ocrx_word' id='word_1_477' title='bbox 3476 1871 3613 1926; x_wconf 88' lang='lat' dir='ltr'><strong>Num</strong></span> <span class='ocrx_word' id='word_1_478' title='bbox 3641 1888 3771 1942; x_wconf 61' lang='lat' dir='ltr'><strong>pro-</strong></span> 
     </span>
    </p>
   </div>
   <div class='ocr_carea' id='block_1_63' title="bbox 2209 1965 3773 2039">
    <p class='ocr_par' dir='ltr' id='par_1_63' title="bbox 2209 1965 3773 2039">
     <span class='ocr_line' id='line_1_63' title="bbox 2209 1965 3773 2039; baseline -0.004 -16"><span class='ocrx_word' id='word_1_479' title='bbox 2209 1979 2386 2039; x_wconf 87' lang='lat' dir='ltr'><strong>pterea</strong></span> <span class='ocrx_word' id='word_1_480' title='bbox 2414 1968 2536 2038; x_wconf 90' lang='lat' dir='ltr'><strong>quis</strong></span> <span class='ocrx_word' id='word_1_481' title='bbox 2591 1967 2876 2021; x_wconf 85' lang='lat' dir='ltr'><strong>allirmahit</strong></span> <span class='ocrx_word' id='word_1_482' title='bbox 2905 1967 3049 2035; x_wconf 90' lang='lat' dir='ltr'><strong>quod</strong></span> <span class='ocrx_word' id='word_1_483' title='bbox 3097 1967 3184 2020; x_wconf 91' lang='lat' dir='ltr'><strong>ille</strong></span> <span class='ocrx_word' id='word_1_484' title='bbox 3231 1975 3489 2020; x_wconf 87' lang='lat' dir='ltr'><strong>tractatus</strong></span> <span class='ocrx_word' id='word_1_485' title='bbox 3539 1980 3647 2019; x_wconf 90' lang='lat' dir='ltr'><strong>non</strong></span> <span class='ocrx_word' id='word_1_486' title='bbox 3700 1965 3773 2018; x_wconf 88' lang='lat' dir='ltr'><strong>sit</strong></span> 
     </span>
    </p>
   </div>
   <div class='ocr_carea' id='block_1_64' title="bbox 2211 2056 3774 2129">
    <p class='ocr_par' dir='ltr' id='par_1_64' title="bbox 2211 2056 3774 2129">
     <span class='ocr_line' id='line_1_64' title="bbox 2211 2056 3774 2129; baseline -0.002 -15"><span class='ocrx_word' id='word_1_487' title='bbox 2211 2062 2370 2129; x_wconf 88' lang='lat' dir='ltr'><strong>hujus</strong></span> <span class='ocrx_word' id='word_1_488' title='bbox 2405 2059 2462 2113; x_wconf 94' lang='lat' dir='ltr'><strong>S.</strong></span> <span class='ocrx_word' id='word_1_489' title='bbox 2508 2059 2795 2129; x_wconf 85' lang='lat' dir='ltr'><strong>martyris?</strong></span> <span class='ocrx_word' id='word_1_490' title='bbox 2838 2058 3090 2120; x_wconf 85' lang='lat' dir='ltr'><strong>Accedit,</strong></span> <span class='ocrx_word' id='word_1_491' title='bbox 3127 2058 3269 2127; x_wconf 90' lang='lat' dir='ltr'><strong>quod</strong></span> <span class='ocrx_word' id='word_1_492' title='bbox 3301 2059 3526 2127; x_wconf 88' lang='lat' dir='ltr'><strong>ipsemet</strong></span> <span class='ocrx_word' id='word_1_493' title='bbox 3560 2056 3774 2111; x_wconf 75' lang='lat' dir='ltr'><strong>Basna-</strong></span> 
     </span>
    </p>
   </div>
   <div class='ocr_carea' id='block_1_65' title="bbox 2209 2147 3774 2220">
    <p class='ocr_par' dir='ltr' id='par_1_65' title="bbox 2209 2147 3774 2220">
     <span class='ocr_line' id='line_1_65' title="bbox 2209 2147 3774 2220; baseline -0.001 -18"><span class='ocrx_word' id='word_1_494' title='bbox 2209 2151 2346 2220; x_wconf 88' lang='lat' dir='ltr'><strong>gius,</strong></span> <span class='ocrx_word' id='word_1_495' title='bbox 2375 2159 2432 2202; x_wconf 89' lang='lat' dir='ltr'><strong>ut</strong></span> <span class='ocrx_word' id='word_1_496' title='bbox 2457 2149 2591 2204; x_wconf 83' lang='lat' dir='ltr'><strong>bene</strong></span> <span class='ocrx_word' id='word_1_497' title='bbox 2629 2149 2913 2203; x_wconf 82' lang='lat' dir='ltr'><strong>observant</strong></span> <span class='ocrx_word' id='word_1_498' title='bbox 2938 2147 3268 2202; x_wconf 74' lang='lat' dir='ltr'><strong>BenediCtini</strong></span> <span class='ocrx_word' id='word_1_499' title='bbox 3293 2162 3324 2201; x_wconf 91' lang='lat' dir='ltr'><strong>e</strong></span> <span class='ocrx_word' id='word_1_500' title='bbox 3354 2147 3774 2216; x_wconf 82' lang='lat' dir='ltr'><strong>congregatione</strong></span> 
     </span>
    </p>
   </div>
   <div class='ocr_carea' id='block_1_66' title="bbox 2214 2237 3776 2309">
    <p class='ocr_par' dir='ltr' id='par_1_66' title="bbox 2214 2237 3776 2309">
     <span class='ocr_line' id='line_1_66' title="bbox 2214 2237 3776 2309; baseline -0.001 -15"><span class='ocrx_word' id='word_1_501' title='bbox 2214 2240 2273 2294; x_wconf 90' lang='lat' dir='ltr'><strong>S.</strong></span> <span class='ocrx_word' id='word_1_502' title='bbox 2306 2239 2474 2294; x_wconf 80' lang='lat' dir='ltr'><strong>Mauri</strong></span> <span class='ocrx_word' id='word_1_503' title='bbox 2501 2239 2642 2309; x_wconf 81' lang='lat'><strong>(58),</strong></span> <span class='ocrx_word' id='word_1_504' title='bbox 2678 2239 2906 2293; x_wconf 80' lang='lat' dir='ltr'><strong>fateatur</strong></span> <span class='ocrx_word' id='word_1_505' title='bbox 2942 2239 3050 2309; x_wconf 82' lang='grc'>(59)</span> <span class='ocrx_word' id='word_1_506' title='bbox 3083 2237 3478 2294; x_wconf 88' lang='lat' dir='ltr'><strong>Theodoretum</strong></span> <span class='ocrx_word' id='word_1_507' title='bbox 3505 2239 3608 2292; x_wconf 87' lang='lat' dir='ltr'><strong>alia</strong></span> <span class='ocrx_word' id='word_1_508' title='bbox 3648 2254 3776 2307; x_wconf 88' lang='lat' dir='ltr'><strong>pro-</strong></span> 
     </span>
    </p>
   </div>
   <div class='ocr_carea' id='block_1_67' title="bbox 2213 2329 3776 2402">
    <p class='ocr_par' dir='ltr' id='par_1_67' title="bbox 2213 2329 3776 2402">
     <span class='ocr_line' id='line_1_67' title="bbox 2213 2329 3776 2402; baseline 0.001 -18"><span class='ocrx_word' id='word_1_509' title='bbox 2213 2330 2354 2386; x_wconf 79' lang='lat' dir='ltr'><strong>ferre</strong></span> <span class='ocrx_word' id='word_1_510' title='bbox 2387 2332 2692 2386; x_wconf 79' lang='lat' dir='ltr'><strong>testimonia</strong></span> <span class='ocrx_word' id='word_1_511' title='bbox 2725 2347 2789 2384; x_wconf 82' lang='lat' dir='ltr'><strong>ex</strong></span> <span class='ocrx_word' id='word_1_512' title='bbox 2821 2329 2878 2386; x_wconf 92' lang='lat' dir='ltr'><strong>S.</strong></span> <span class='ocrx_word' id='word_1_513' title='bbox 2911 2330 3176 2402; x_wconf 85' lang='lat' dir='ltr'><strong>Hippolyti</strong></span> <span class='ocrx_word' id='word_1_514' title='bbox 3214 2331 3486 2401; x_wconf 78' lang='lat' dir='ltr'><strong>operibus,</strong></span> <span class='ocrx_word' id='word_1_515' title='bbox 3518 2348 3644 2401; x_wconf 65' lang='lat' dir='ltr'><strong>quae</strong></span> <span class='ocrx_word' id='word_1_516' title='bbox 3671 2334 3776 2386; x_wconf 84' lang='lat' dir='ltr'><strong>ali-</strong></span> 
     </span>
    </p>
   </div>
   <div class='ocr_carea' id='block_1_68' title="bbox 2213 2421 3779 2493">
    <p class='ocr_par' dir='ltr' id='par_1_68' title="bbox 2213 2421 3779 2493">
     <span class='ocr_line' id='line_1_68' title="bbox 2213 2421 3779 2493; baseline 0.001 -17"><span class='ocrx_word' id='word_1_517' title='bbox 2213 2439 2373 2493; x_wconf 91' lang='lat' dir='ltr'><strong>quam</strong></span> <span class='ocrx_word' id='word_1_518' title='bbox 2401 2421 2918 2477; x_wconf 85' lang='lat' dir='ltr'><strong>verisimilitudinem</strong></span> <span class='ocrx_word' id='word_1_519' title='bbox 2953 2422 3182 2476; x_wconf 86' lang='lat' dir='ltr'><strong>habeant</strong></span> <span class='ocrx_word' id='word_1_520' title='bbox 3219 2438 3346 2477; x_wconf 89' lang='lat' dir='ltr'><strong>cum</strong></span> <span class='ocrx_word' id='word_1_521' title='bbox 3397 2423 3465 2478; x_wconf 89' lang='lat' dir='ltr'><strong>iis</strong></span> <span class='ocrx_word' id='word_1_522' title='bbox 3490 2463 3507 2488; x_wconf 94' lang='lat'><strong>,</strong></span> <span class='ocrx_word' id='word_1_523' title='bbox 3545 2424 3616 2477; x_wconf 87' lang='lat' dir='ltr'><strong>de</strong></span> <span class='ocrx_word' id='word_1_524' title='bbox 3656 2426 3779 2493; x_wconf 88' lang='lat' dir='ltr'><strong>qui-</strong></span> 
     </span>
    </p>
   </div>
   <div class='ocr_carea' id='block_1_69' title="bbox 2213 2513 3780 2586">
    <p class='ocr_par' dir='ltr' id='par_1_69' title="bbox 2213 2513 3780 2586">
     <span class='ocr_line' id='line_1_69' title="bbox 2213 2513 3780 2586; baseline -0.002 -15"><span class='ocrx_word' id='word_1_525' title='bbox 2213 2518 2315 2572; x_wconf 87' lang='lat' dir='ltr'><strong>bus</strong></span> <span class='ocrx_word' id='word_1_526' title='bbox 2343 2517 2430 2570; x_wconf 90' lang='lat' dir='ltr'><strong>hic</strong></span> <span class='ocrx_word' id='word_1_527' title='bbox 2474 2516 2667 2586; x_wconf 84' lang='lat' dir='ltr'><strong>agitur.</strong></span> <span class='ocrx_word' id='word_1_528' title='bbox 2709 2515 2838 2581; x_wconf 58' lang='lat' dir='ltr'><strong>Quae</strong></span> <span class='ocrx_word' id='word_1_529' title='bbox 2875 2514 3142 2569; x_wconf 81' lang='lat' dir='ltr'><strong>confessio</strong></span> <span class='ocrx_word' id='word_1_530' title='bbox 3172 2513 3424 2585; x_wconf 86' lang='lat' dir='ltr'><strong>Basnagii</strong></span> <span class='ocrx_word' id='word_1_531' title='bbox 3459 2515 3681 2580; x_wconf 84' lang='lat' dir='ltr'><strong>sullicit,</strong></span> <span class='ocrx_word' id='word_1_532' title='bbox 3714 2530 3780 2569; x_wconf 81' lang='lat' dir='ltr'><strong>ne</strong></span> 
     </span>
    </p>
   </div>
   <div class='ocr_carea' id='block_1_70' title="bbox 2213 2605 3248 2676">
    <p class='ocr_par' dir='ltr' id='par_1_70' title="bbox 2213 2605 3248 2676">
     <span class='ocr_line' id='line_1_70' title="bbox 2213 2605 3248 2676; baseline -0.002 -14"><span class='ocrx_word' id='word_1_533' title='bbox 2213 2609 2264 2663; x_wconf 90' lang='lat' dir='ltr'><strong>ei</strong></span> <span class='ocrx_word' id='word_1_534' title='bbox 2291 2608 2404 2661; x_wconf 63' lang='lat' dir='ltr'><strong>huic</strong></span> <span class='ocrx_word' id='word_1_535' title='bbox 2429 2618 2551 2662; x_wconf 91' lang='lat' dir='ltr'><strong>octo</strong></span> <span class='ocrx_word' id='word_1_536' title='bbox 2577 2616 2825 2676; x_wconf 78' lang='lat' dir='ltr'><strong>excerpta</strong></span> <span class='ocrx_word' id='word_1_537' title='bbox 2857 2605 3248 2674; x_wconf 86' lang='lat' dir='ltr'><strong>ahjndicemus.</strong></span> 
     </span>
    </p>
   </div>
   <div class='ocr_carea' id='block_1_71' title="bbox 2287 2691 3780 2763">
    <p class='ocr_par' dir='ltr' id='par_1_71' title="bbox 2287 2691 3780 2763">
     <span class='ocr_line' id='line_1_71' title="bbox 2287 2691 3780 2763; baseline -0.003 -13"><span class='ocrx_word' id='word_1_538' title='bbox 2287 2696 2416 2752; x_wconf 90' lang='lat' dir='ltr'><strong>Dein</strong></span> <span class='ocrx_word' id='word_1_539' title='bbox 2471 2698 2514 2751; x_wconf 89' lang='lat' dir='ltr'><strong>si</strong></span> <span class='ocrx_word' id='word_1_540' title='bbox 2567 2695 2738 2750; x_wconf 88' lang='lat' dir='ltr'><strong>Beron</strong></span> <span class='ocrx_word' id='word_1_541' title='bbox 2790 2705 2841 2749; x_wconf 89' lang='lat' dir='ltr'><strong>et</strong></span> <span class='ocrx_word' id='word_1_542' title='bbox 2876 2693 3032 2748; x_wconf 83' lang='lat' dir='ltr'><strong>Helix</strong></span> <span class='ocrx_word' id='word_1_543' title='bbox 3067 2694 3196 2763; x_wconf 87' lang='lat'><strong>(60)</strong></span> <span class='ocrx_word' id='word_1_544' title='bbox 3244 2707 3352 2746; x_wconf 89' lang='lat' dir='ltr'><strong>non</strong></span> <span class='ocrx_word' id='word_1_545' title='bbox 3402 2691 3619 2748; x_wconf 82' lang='lat' dir='ltr'><strong>fuerant</strong></span> <span class='ocrx_word' id='word_1_546' title='bbox 3667 2693 3780 2747; x_wconf 84' lang='lat' dir='ltr'><strong>noti</strong></span> 
     </span>
    </p>
   </div>
   <div class='ocr_carea' id='block_1_72' title="bbox 2215 2785 3780 2853">
    <p class='ocr_par' dir='ltr' id='par_1_72' title="bbox 2215 2785 3780 2853">
     <span class='ocr_line' id='line_1_72' title="bbox 2215 2785 3780 2853; baseline -0.004 -8"><span class='ocrx_word' id='word_1_547' title='bbox 2215 2789 2412 2845; x_wconf 66' lang='lat' dir='ltr'><strong>saeculo</strong></span> <span class='ocrx_word' id='word_1_548' title='bbox 2446 2788 2622 2853; x_wconf 87' lang='lat' dir='ltr'><strong>tertio,</strong></span> <span class='ocrx_word' id='word_1_549' title='bbox 2652 2787 2822 2840; x_wconf 88' lang='lat' dir='ltr'><strong>multo</strong></span> <span class='ocrx_word' id='word_1_550' title='bbox 2848 2786 3029 2840; x_wconf 87' lang='lat' dir='ltr'><strong>minus</strong></span> <span class='ocrx_word' id='word_1_551' title='bbox 3075 2786 3126 2838; x_wconf 87' lang='lat' dir='ltr'><strong>id</strong></span> <span class='ocrx_word' id='word_1_552' title='bbox 3174 2796 3333 2840; x_wconf 89' lang='lat' dir='ltr'><strong>erunt</strong></span> <span class='ocrx_word' id='word_1_553' title='bbox 3373 2785 3586 2840; x_wconf 62' lang='lat' dir='ltr'><strong>saeculis</strong></span> <span class='ocrx_word' id='word_1_554' title='bbox 3631 2785 3780 2839; x_wconf 81' lang='lat' dir='ltr'><strong>inse-</strong></span> 
     </span>
    </p>
   </div>
   <div class='ocr_carea' id='block_1_73' title="bbox 2215 2877 3778 2954">
    <p class='ocr_par' dir='ltr' id='par_1_73' title="bbox 2215 2877 3778 2954">
     <span class='ocr_line' id='line_1_73' title="bbox 2215 2877 3778 2954; baseline -0.003 -17"><span class='ocrx_word' id='word_1_555' title='bbox 2215 2882 2525 2954; x_wconf 89' lang='lat' dir='ltr'><strong>quentibus.</strong></span> <span class='ocrx_word' id='word_1_556' title='bbox 2581 2879 2648 2934; x_wconf 90' lang='lat' dir='ltr'><strong>Et</strong></span> <span class='ocrx_word' id='word_1_557' title='bbox 2701 2889 2834 2949; x_wconf 92' lang='lat' dir='ltr'><strong>qnot</strong></span> <span class='ocrx_word' id='word_1_558' title='bbox 2891 2878 3040 2933; x_wconf 84' lang='lat' dir='ltr'><strong>fuere</strong></span> <span class='ocrx_word' id='word_1_559' title='bbox 3093 2877 3327 2931; x_wconf 57' lang='lat' dir='ltr'><strong>haeretici</strong></span> <span class='ocrx_word' id='word_1_560' title='bbox 3375 2877 3778 2946; x_wconf 88' lang='lat' dir='ltr'><strong>particulares,</strong></span> 
     </span>
    </p>
   </div>
   <div class='ocr_carea' id='block_1_74' title="bbox 2216 2969 3781 3045">
    <p class='ocr_par' dir='ltr' id='par_1_74' title="bbox 2216 2969 3781 3045">
     <span class='ocr_line' id='line_1_74' title="bbox 2216 2969 3781 3045; baseline -0.003 -17"><span class='ocrx_word' id='word_1_561' title='bbox 2216 2974 2457 3045; x_wconf 92' lang='lat' dir='ltr'><strong>quinimo</strong></span> <span class='ocrx_word' id='word_1_562' title='bbox 2485 2979 2539 3026; x_wconf 91' lang='lat' dir='ltr'><strong>et</strong></span> <span class='ocrx_word' id='word_1_563' title='bbox 2568 2980 2725 3026; x_wconf 72' lang='lat' dir='ltr'><strong>sectae</strong></span> <span class='ocrx_word' id='word_1_564' title='bbox 2765 2971 3002 3039; x_wconf 83' lang='lat' dir='ltr'><strong>integrae,</strong></span> <span class='ocrx_word' id='word_1_565' title='bbox 3033 2970 3098 3023; x_wconf 90' lang='lat' dir='ltr'><strong>de</strong></span> <span class='ocrx_word' id='word_1_566' title='bbox 3133 2969 3331 3038; x_wconf 88' lang='lat' dir='ltr'><strong>quibus</strong></span> <span class='ocrx_word' id='word_1_567' title='bbox 3355 2985 3419 3023; x_wconf 80' lang='lat' dir='ltr'><strong>ex</strong></span> <span class='ocrx_word' id='word_1_568' title='bbox 3450 2969 3613 3024; x_wconf 91' lang='lat' dir='ltr'><strong>unico</strong></span> <span class='ocrx_word' id='word_1_569' title='bbox 3641 2985 3781 3038; x_wconf 67' lang='lat' dir='ltr'><strong>saepe</strong></span> 
     </span>
    </p>
   </div>
   <div class='ocr_carea' id='block_1_75' title="bbox 2221 3055 3782 3125">
    <p class='ocr_par' dir='ltr' id='par_1_75' title="bbox 2221 3055 3782 3125">
     <span class='ocr_line' id='line_1_75' title="bbox 2221 3055 3782 3125; baseline -0.006 -7"><span class='ocrx_word' id='word_1_570' title='bbox 2221 3065 2487 3119; x_wconf 80' lang='lat' dir='ltr'><strong>duntaxat</strong></span> <span class='ocrx_word' id='word_1_571' title='bbox 2514 3061 2651 3114; x_wconf 89' lang='lat' dir='ltr'><strong>libro</strong></span> <span class='ocrx_word' id='word_1_572' title='bbox 2683 3060 2927 3113; x_wconf 89' lang='lat' dir='ltr'><strong>notitiam</strong></span> <span class='ocrx_word' id='word_1_573' title='bbox 2967 3057 3311 3125; x_wconf 88' lang='lat' dir='ltr'><strong>accepimus?</strong></span> <span class='ocrx_word' id='word_1_574' title='bbox 3347 3055 3448 3110; x_wconf 88' lang='lat' dir='ltr'><strong>Sed</strong></span> <span class='ocrx_word' id='word_1_575' title='bbox 3479 3056 3649 3109; x_wconf 83' lang='lat' dir='ltr'><strong>audio</strong></span> <span class='ocrx_word' id='word_1_576' title='bbox 3684 3056 3782 3109; x_wconf 89' lang='lat' dir='ltr'><strong>ali-</strong></span> 
     </span>
    </p>
   </div>
   <div class='ocr_carea' id='block_1_76' title="bbox 2144 3145 3782 3244">
    <p class='ocr_par' dir='ltr' id='par_1_76' title="bbox 2144 3145 3782 3244">
     <span class='ocr_line' id='line_1_76' title="bbox 2144 3145 3782 3244; baseline -0.007 -36"><span class='ocrx_word' id='word_1_577' title='bbox 2144 3187 2186 3244; x_wconf 64' lang='grc' dir='ltr'>ο</span> <span class='ocrx_word' id='word_1_578' title='bbox 2220 3169 2382 3224; x_wconf 88' lang='lat' dir='ltr'><strong>quem</strong></span> <span class='ocrx_word' id='word_1_579' title='bbox 2426 3152 2694 3206; x_wconf 84' lang='lat' dir='ltr'><strong>dicentem</strong></span> <span class='ocrx_word' id='word_1_580' title='bbox 2735 3148 2993 3202; x_wconf 87' lang='lat' dir='ltr'><strong>Bcronem</strong></span> <span class='ocrx_word' id='word_1_581' title='bbox 3026 3155 3079 3201; x_wconf 88' lang='lat' dir='ltr'><strong>et</strong></span> <span class='ocrx_word' id='word_1_582' title='bbox 3121 3146 3355 3200; x_wconf 80' lang='lat' dir='ltr'><strong>Helicem</strong></span> <span class='ocrx_word' id='word_1_583' title='bbox 3403 3160 3524 3200; x_wconf 90' lang='lat' dir='ltr'><strong>esse</strong></span> <span class='ocrx_word' id='word_1_584' title='bbox 3556 3145 3782 3198; x_wconf 83' lang='lat' dir='ltr'><strong>nomina</strong></span> 
     </span>
    </p>
   </div>
   <div class='ocr_carea' id='block_1_77' title="bbox 2222 3236 3782 3308">
    <p class='ocr_par' dir='ltr' id='par_1_77' title="bbox 2222 3236 3782 3308">
     <span class='ocr_line' id='line_1_77' title="bbox 2222 3236 3782 3308; baseline -0.006 -10"><span class='ocrx_word' id='word_1_585' title='bbox 2222 3246 2364 3300; x_wconf 89' lang='lat' dir='ltr'><strong>licta.</strong></span> <span class='ocrx_word' id='word_1_586' title='bbox 2408 3244 2476 3296; x_wconf 89' lang='lat' dir='ltr'><strong>At</strong></span> <span class='ocrx_word' id='word_1_587' title='bbox 2506 3258 2631 3296; x_wconf 90' lang='lat' dir='ltr'><strong>vero</strong></span> <span class='ocrx_word' id='word_1_588' title='bbox 2663 3251 2902 3308; x_wconf 88' lang='lat' dir='ltr'><strong>tempore</strong></span> <span class='ocrx_word' id='word_1_589' title='bbox 2934 3238 3207 3292; x_wconf 86' lang='lat' dir='ltr'><strong>Anastasii</strong></span> <span class='ocrx_word' id='word_1_590' title='bbox 3241 3237 3562 3306; x_wconf 90' lang='lat' dir='ltr'><strong>presbyteri,</strong></span> <span class='ocrx_word' id='word_1_591' title='bbox 3594 3236 3652 3289; x_wconf 90' lang='lat' dir='ltr'><strong>id</strong></span> <span class='ocrx_word' id='word_1_592' title='bbox 3679 3243 3782 3300; x_wconf 84' lang='lat' dir='ltr'><strong>est,</strong></span> 
     </span>
    </p>
   </div>
   <div class='ocr_carea' id='block_1_78' title="bbox 2217 3327 3784 3398">
    <p class='ocr_par' dir='ltr' id='par_1_78' title="bbox 2217 3327 3784 3398">
     <span class='ocr_line' id='line_1_78' title="bbox 2217 3327 3784 3398; baseline -0.007 -9"><span class='ocrx_word' id='word_1_593' title='bbox 2217 3335 2363 3390; x_wconf 89' lang='lat' dir='ltr'><strong>circa</strong></span> <span class='ocrx_word' id='word_1_594' title='bbox 2392 3332 2626 3388; x_wconf 90' lang='lat' dir='ltr'><strong>medium</strong></span> <span class='ocrx_word' id='word_1_595' title='bbox 2655 3329 2837 3386; x_wconf 79' lang='lat' dir='ltr'><strong>saeculi</strong></span> <span class='ocrx_word' id='word_1_596' title='bbox 2880 3328 3092 3398; x_wconf 89' lang='lat' dir='ltr'><strong>septimi</strong></span> <span class='ocrx_word' id='word_1_597' title='bbox 3127 3328 3193 3397; x_wconf 90' lang='lat' dir='ltr'><strong>(si</strong></span> <span class='ocrx_word' id='word_1_598' title='bbox 3231 3343 3374 3381; x_wconf 90' lang='lat' dir='ltr'><strong>anno</strong></span> <span class='ocrx_word' id='word_1_599' title='bbox 3402 3327 3503 3381; x_wconf 87' lang='lat'><strong>666</strong></span> <span class='ocrx_word' id='word_1_600' title='bbox 3533 3335 3784 3380; x_wconf 89' lang='lat' dir='ltr'><strong>mortuus</strong></span> 
     </span>
    </p>
   </div>
   <div class='ocr_carea' id='block_1_79' title="bbox 2219 3414 3785 3492">
    <p class='ocr_par' dir='ltr' id='par_1_79' title="bbox 2219 3414 3785 3492">
     <span class='ocr_line' id='line_1_79' title="bbox 2219 3414 3785 3492; baseline -0.007 -11"><span class='ocrx_word' id='word_1_601' title='bbox 2219 3426 2321 3481; x_wconf 78' lang='lat' dir='ltr'><strong>fuit</strong></span> <span class='ocrx_word' id='word_1_602' title='bbox 2351 3426 2440 3479; x_wconf 89' lang='lat' dir='ltr'><strong>hic</strong></span> <span class='ocrx_word' id='word_1_603' title='bbox 2474 3423 2758 3492; x_wconf 87' lang='lat' dir='ltr'><strong>scriptor),</strong></span> <span class='ocrx_word' id='word_1_604' title='bbox 2797 3435 2953 3474; x_wconf 90' lang='lat' dir='ltr'><strong>nemo</strong></span> <span class='ocrx_word' id='word_1_605' title='bbox 2986 3417 3250 3474; x_wconf 82' lang='lat' dir='ltr'><strong>dubitavit</strong></span> <span class='ocrx_word' id='word_1_606' title='bbox 3281 3418 3410 3486; x_wconf 91' lang='lat' dir='ltr'><strong>quin</strong></span> <span class='ocrx_word' id='word_1_607' title='bbox 3443 3417 3514 3469; x_wconf 90' lang='lat' dir='ltr'><strong>illi</strong></span> <span class='ocrx_word' id='word_1_608' title='bbox 3543 3414 3785 3473; x_wconf 72' lang='lat' dir='ltr'><strong>haeretici</strong></span> 
     </span>
    </p>
   </div>
   <div class='ocr_carea' id='block_1_80' title="bbox 2219 3506 3785 3576">
    <p class='ocr_par' dir='ltr' id='par_1_80' title="bbox 2219 3506 3785 3576">
     <span class='ocr_line' id='line_1_80' title="bbox 2219 3506 3785 3576; baseline -0.006 -6"><span class='ocrx_word' id='word_1_609' title='bbox 2219 3513 2416 3570; x_wconf 62' lang='lat' dir='ltr'><strong>saeculo</strong></span> <span class='ocrx_word' id='word_1_610' title='bbox 2447 3511 2604 3566; x_wconf 88' lang='lat' dir='ltr'><strong>tertio</strong></span> <span class='ocrx_word' id='word_1_611' title='bbox 2632 3509 2952 3565; x_wconf 81' lang='lat' dir='ltr'><strong>exstiterint.</strong></span> <span class='ocrx_word' id='word_1_612' title='bbox 2996 3508 3171 3576; x_wconf 88' lang='lat' dir='ltr'><strong>Atque</strong></span> <span class='ocrx_word' id='word_1_613' title='bbox 3207 3515 3415 3570; x_wconf 88' lang='lat' dir='ltr'><strong>auctor,</strong></span> <span class='ocrx_word' id='word_1_614' title='bbox 3450 3506 3542 3574; x_wconf 91' lang='lat' dir='ltr'><strong>qni</strong></span> <span class='ocrx_word' id='word_1_615' title='bbox 3570 3522 3672 3561; x_wconf 85' lang='lat' dir='ltr'><strong>eos</strong></span> <span class='ocrx_word' id='word_1_616' title='bbox 3703 3522 3785 3561; x_wconf 87' lang='lat' dir='ltr'><strong>re—</strong></span> 
     </span>
    </p>
   </div>
   <div class='ocr_carea' id='block_1_81' title="bbox 2219 3598 3784 3670">
    <p class='ocr_par' dir='ltr' id='par_1_81' title="bbox 2219 3598 3784 3670">
     <span class='ocr_line' id='line_1_81' title="bbox 2219 3598 3784 3670; baseline -0.004 -11"><span class='ocrx_word' id='word_1_617' title='bbox 2219 3605 2428 3669; x_wconf 83' lang='lat' dir='ltr'><strong>futavit,</strong></span> <span class='ocrx_word' id='word_1_618' title='bbox 2457 3604 2657 3658; x_wconf 87' lang='lat' dir='ltr'><strong>diserte</strong></span> <span class='ocrx_word' id='word_1_619' title='bbox 2699 3602 2830 3655; x_wconf 86' lang='lat' dir='ltr'><strong>dicit</strong></span> <span class='ocrx_word' id='word_1_620' title='bbox 2872 3599 2985 3670; x_wconf 89' lang='grc'>(61)</span> <span class='ocrx_word' id='word_1_621' title='bbox 3021 3599 3165 3669; x_wconf 90' lang='lat' dir='ltr'><strong>quod</strong></span> <span class='ocrx_word' id='word_1_622' title='bbox 3195 3598 3366 3653; x_wconf 90' lang='lat' dir='ltr'><strong>Beron</strong></span> <span class='ocrx_word' id='word_1_623' title='bbox 3398 3612 3505 3651; x_wconf 90' lang='lat' dir='ltr'><strong>non</strong></span> <span class='ocrx_word' id='word_1_624' title='bbox 3548 3598 3625 3652; x_wconf 86' lang='lat' dir='ltr'><strong>ita</strong></span> <span class='ocrx_word' id='word_1_625' title='bbox 3671 3599 3784 3668; x_wconf 87' lang='lat' dir='ltr'><strong>pri-</strong></span> 
     </span>
    </p>
   </div>
   <div class='ocr_carea' id='block_1_82' title="bbox 2219 3689 3788 3757">
    <p class='ocr_par' dir='ltr' id='par_1_82' title="bbox 2219 3689 3788 3757">
     <span class='ocr_line' id='line_1_82' title="bbox 2219 3689 3788 3757; baseline -0.004 -7"><span class='ocrx_word' id='word_1_626' title='bbox 2219 3696 2342 3750; x_wconf 89' lang='lat' dir='ltr'><strong>dem</strong></span> <span class='ocrx_word' id='word_1_627' title='bbox 2366 3703 2566 3750; x_wconf 85' lang='lat' dir='ltr'><strong>sectam</strong></span> <span class='ocrx_word' id='word_1_628' title='bbox 2589 3691 3088 3747; x_wconf 75' lang='lat' dir='ltr'><strong>Valentinianorum</strong></span> <span class='ocrx_word' id='word_1_629' title='bbox 3111 3689 3435 3755; x_wconf 89' lang='lat' dir='ltr'><strong>deseruerit;</strong></span> <span class='ocrx_word' id='word_1_630' title='bbox 3463 3698 3516 3742; x_wconf 91' lang='lat' dir='ltr'><strong>et</strong></span> <span class='ocrx_word' id='word_1_631' title='bbox 3542 3689 3788 3757; x_wconf 79' lang='lat' dir='ltr'><strong>profecto</strong></span> 
     </span>
    </p>
   </div>
   <div class='ocr_carea' id='block_1_83' title="bbox 2219 3777 3785 3851">
    <p class='ocr_par' dir='ltr' id='par_1_83' title="bbox 2219 3777 3785 3851">
     <span class='ocr_line' id='line_1_83' title="bbox 2219 3777 3785 3851; baseline -0.006 -8"><span class='ocrx_word' id='word_1_632' title='bbox 2219 3789 2375 3843; x_wconf 83' lang='lat' dir='ltr'><strong>valde</strong></span> <span class='ocrx_word' id='word_1_633' title='bbox 2407 3786 2594 3842; x_wconf 86' lang='lat' dir='ltr'><strong>dubito</strong></span> <span class='ocrx_word' id='word_1_634' title='bbox 2617 3801 2739 3839; x_wconf 90' lang='lat' dir='ltr'><strong>cum</strong></span> <span class='ocrx_word' id='word_1_635' title='bbox 2771 3784 2838 3838; x_wconf 92' lang='lat' dir='ltr'><strong>cl.</strong></span> <span class='ocrx_word' id='word_1_636' title='bbox 2869 3781 3214 3836; x_wconf 88' lang='lat' dir='ltr'><strong>Tillemontio</strong></span> <span class='ocrx_word' id='word_1_637' title='bbox 3241 3777 3372 3851; x_wconf 81' lang='grc'>(62),</span> <span class='ocrx_word' id='word_1_638' title='bbox 3407 3795 3536 3832; x_wconf 92' lang='lat' dir='ltr'><strong>num</strong></span> <span class='ocrx_word' id='word_1_639' title='bbox 3571 3781 3785 3834; x_wconf 90' lang='lat' dir='ltr'><strong>ostendi</strong></span> 
     </span>
    </p>
   </div>
   <div class='ocr_carea' id='block_1_84' title="bbox 2221 3871 3785 3951">
    <p class='ocr_par' dir='ltr' id='par_1_84' title="bbox 2221 3871 3785 3951">
     <span class='ocr_line' id='line_1_84' title="bbox 2221 3871 3785 3951; baseline -0.007 -16"><span class='ocrx_word' id='word_1_640' title='bbox 2221 3881 2394 3951; x_wconf 88' lang='lat' dir='ltr'><strong>possit</strong></span> <span class='ocrx_word' id='word_1_641' title='bbox 2439 3879 2583 3948; x_wconf 88' lang='lat' dir='ltr'><strong>quod</strong></span> <span class='ocrx_word' id='word_1_642' title='bbox 2627 3878 2847 3930; x_wconf 65' lang='lat' dir='ltr'><strong>limresis</strong></span> <span class='ocrx_word' id='word_1_643' title='bbox 2880 3872 3376 3951; x_wconf 79' lang='lat' dir='ltr'><strong>Valentinianorum</strong></span> <span class='ocrx_word' id='word_1_644' title='bbox 3421 3871 3488 3924; x_wconf 86' lang='lat' dir='ltr'><strong>ad</strong></span> <span class='ocrx_word' id='word_1_645' title='bbox 3523 3871 3785 3926; x_wconf 65' lang='lat' dir='ltr'><strong>saeculum</strong></span> 
     </span>
    </p>
   </div>
   <div class='ocr_carea' id='block_1_85' title="bbox 2220 3949 3786 4041">
    <p class='ocr_par' dir='ltr' id='par_1_85' title="bbox 2220 3949 3786 4041">
     <span class='ocr_line' id='line_1_85' title="bbox 2220 3949 3786 4041; baseline -0.008 -13"><span class='ocrx_word' id='word_1_646' title='bbox 2220 3949 2394 4041; x_wconf 76' lang='lat' dir='ltr'><strong>usque</strong></span> <span class='ocrx_word' id='word_1_647' title='bbox 2440 3971 2724 4040; x_wconf 90' lang='lat' dir='ltr'><strong>septimum</strong></span> <span class='ocrx_word' id='word_1_648' title='bbox 2754 3966 3086 4035; x_wconf 89' lang='lat' dir='ltr'><strong>perdurarit,</strong></span> <span class='ocrx_word' id='word_1_649' title='bbox 3119 3949 3227 4032; x_wconf 83' lang='lat' dir='ltr'><strong>quo</strong></span> <span class='ocrx_word' id='word_1_650' title='bbox 3259 3971 3544 4017; x_wconf 90' lang='lat' dir='ltr'><strong>tractatum</strong></span> <span class='ocrx_word' id='word_1_651' title='bbox 3593 3972 3786 4017; x_wconf 87' lang='lat' dir='ltr'><strong>contra</strong></span> 
     </span>
    </p>
   </div>
   <div class='ocr_carea' id='block_1_86' title="bbox 2221 4051 3784 4126">
    <p class='ocr_par' dir='ltr' id='par_1_86' title="bbox 2221 4051 3784 4126">
     <span class='ocr_line' id='line_1_86' title="bbox 2221 4051 3784 4126; baseline -0.008 -8"><span class='ocrx_word' id='word_1_652' title='bbox 2221 4064 2483 4118; x_wconf 85' lang='lat' dir='ltr'><strong>Beronem</strong></span> <span class='ocrx_word' id='word_1_653' title='bbox 2527 4070 2580 4115; x_wconf 91' lang='lat' dir='ltr'><strong>et</strong></span> <span class='ocrx_word' id='word_1_654' title='bbox 2607 4058 2839 4114; x_wconf 85' lang='lat' dir='ltr'><strong>llclicem</strong></span> <span class='ocrx_word' id='word_1_655' title='bbox 2879 4057 3235 4126; x_wconf 86' lang='lat' dir='ltr'><strong>compositum</strong></span> <span class='ocrx_word' id='word_1_656' title='bbox 3283 4054 3450 4109; x_wconf 83' lang='lat' dir='ltr'><strong>fuisse</strong></span> <span class='ocrx_word' id='word_1_657' title='bbox 3483 4063 3638 4122; x_wconf 88' lang='lat' dir='ltr'><strong>putat</strong></span> <span class='ocrx_word' id='word_1_658' title='bbox 3675 4051 3784 4106; x_wconf 85' lang='lat' dir='ltr'><strong>Na-</strong></span> 
     </span>
    </p>
   </div>
   <div class='ocr_carea' id='block_1_87' title="bbox 2222 4146 3800 4211">
    <p class='ocr_par' dir='ltr' id='par_1_87' title="bbox 2222 4146 3800 4211">
     <span class='ocr_line' id='line_1_87' title="bbox 2222 4146 3800 4211; baseline -0.009 0"><span class='ocrx_word' id='word_1_659' title='bbox 2222 4150 2346 4211; x_wconf 73' lang='lat' dir='ltr'><strong>ialis</strong></span> <span class='ocrx_word' id='word_1_660' title='bbox 2378 4154 2698 4208; x_wconf 74' lang='lat' dir='ltr'><strong>Alexander.</strong></span> <span class='ocrx_word' id='word_1_661' title='bbox 2748 4151 2876 4205; x_wconf 83' lang='lat' dir='ltr'><strong>Erat</strong></span> <span class='ocrx_word' id='word_1_662' title='bbox 2905 4150 3047 4204; x_wconf 88' lang='lat' dir='ltr'><strong>enim</strong></span> <span class='ocrx_word' id='word_1_663' title='bbox 3097 4157 3242 4202; x_wconf 88' lang='lat' dir='ltr'><strong>secta</strong></span> <span class='ocrx_word' id='word_1_664' title='bbox 3279 4146 3800 4205; x_wconf 78' lang='lat' dir='ltr'><strong>Valentinianorum,</strong></span> 
     </span>
    </p>
   </div>
   <div class='ocr_carea' id='block_1_88' title="bbox 2222 4236 3785 4317">
    <p class='ocr_par' dir='ltr' id='par_1_88' title="bbox 2222 4236 3785 4317">
     <span class='ocr_line' id='line_1_88' title="bbox 2222 4236 3785 4317; baseline -0.008 -15"><span class='ocrx_word' id='word_1_665' title='bbox 2222 4257 2358 4303; x_wconf 75' lang='lat' dir='ltr'><strong>teste</strong></span> <span class='ocrx_word' id='word_1_666' title='bbox 2403 4247 2661 4317; x_wconf 83' lang='lat' dir='ltr'><strong>Gregorio</strong></span> <span class='ocrx_word' id='word_1_667' title='bbox 2700 4240 3331 4311; x_wconf 80' lang='lat' dir='ltr'><strong>Nazianzeno(65),ante</strong></span> <span class='ocrx_word' id='word_1_668' title='bbox 3381 4242 3539 4292; x_wconf 79' lang='lat' dir='ltr'><strong>finem</strong></span> <span class='ocrx_word' id='word_1_669' title='bbox 3599 4236 3785 4292; x_wconf 62' lang='lat' dir='ltr'><strong>saeculi</strong></span> 
     </span>
    </p>
   </div>
   <div class='ocr_carea' id='block_1_89' title="bbox 2222 4328 3788 4408">
    <p class='ocr_par' dir='ltr' id='par_1_89' title="bbox 2222 4328 3788 4408">
     <span class='ocr_line' id='line_1_89' title="bbox 2222 4328 3788 4408; baseline -0.01 -14"><span class='ocrx_word' id='word_1_670' title='bbox 2222 4341 2501 4408; x_wconf 82' lang='lat' dir='ltr'><strong>velutjam</strong></span> <span class='ocrx_word' id='word_1_671' title='bbox 2542 4339 2826 4394; x_wconf 80' lang='lat' dir='ltr'><strong>exstincta.</strong></span> <span class='ocrx_word' id='word_1_672' title='bbox 2878 4333 3107 4388; x_wconf 82' lang='lat' dir='ltr'><strong>Notante</strong></span> <span class='ocrx_word' id='word_1_673' title='bbox 3147 4343 3324 4386; x_wconf 89' lang='lat' dir='ltr'><strong>tamen</strong></span> <span class='ocrx_word' id='word_1_674' title='bbox 3369 4328 3788 4397; x_wconf 85' lang='lat' dir='ltr'><strong>diligentissimo</strong></span> 
     </span>
    </p>
   </div>
   <div class='ocr_carea' id='block_1_90' title="bbox 2225 4421 3787 4500">
    <p class='ocr_par' dir='ltr' id='par_1_90' title="bbox 2225 4421 3787 4500">
     <span class='ocr_line' id='line_1_90' title="bbox 2225 4421 3787 4500; baseline -0.007 -16"><span class='ocrx_word' id='word_1_675' title='bbox 2225 4430 2566 4486; x_wconf 90' lang='lat' dir='ltr'><strong>Tillemontio</strong></span> <span class='ocrx_word' id='word_1_676' title='bbox 2589 4430 2718 4500; x_wconf 68' lang='grc'>(64),</span> <span class='ocrx_word' id='word_1_677' title='bbox 2740 4428 3147 4497; x_wconf 90' lang='lat' dir='ltr'><strong>reperiebantur</strong></span> <span class='ocrx_word' id='word_1_678' title='bbox 3176 4424 3353 4478; x_wconf 89' lang='lat' dir='ltr'><strong>adhuc</strong></span> <span class='ocrx_word' id='word_1_679' title='bbox 3380 4421 3589 4488; x_wconf 66' lang='lat' dir='ltr'><strong>exiguae</strong></span> <span class='ocrx_word' id='word_1_680' title='bbox 3634 4434 3787 4489; x_wconf 72' lang='lat' dir='ltr'><strong>qua:-</strong></span> 
     </span>
    </p>
   </div>
   <div class='ocr_carea' id='block_1_91' title="bbox 565 4508 3790 4589">
    <p class='ocr_par' dir='ltr' id='par_1_91' title="bbox 565 4508 3790 4589">
     <span class='ocr_line' id='line_1_91' title="bbox 565 4508 3790 4589; baseline -0.001 -25"><span class='ocrx_word' id='word_1_681' title='bbox 565 4510 823 4565; x_wconf 89' lang='lat' dir='ltr'><strong>tullianus</strong></span> <span class='ocrx_word' id='word_1_682' title='bbox 850 4510 903 4563; x_wconf 91' lang='lat' dir='ltr'><strong>in</strong></span> <span class='ocrx_word' id='word_1_683' title='bbox 935 4509 1150 4564; x_wconf 88' lang='lat' dir='ltr'><strong>laudato</strong></span> <span class='ocrx_word' id='word_1_684' title='bbox 1188 4510 1325 4564; x_wconf 89' lang='lat' dir='ltr'><strong>libro</strong></span> <span class='ocrx_word' id='word_1_685' title='bbox 1358 4509 1502 4564; x_wconf 90' lang='lat' dir='ltr'><strong>circa</strong></span> <span class='ocrx_word' id='word_1_686' title='bbox 1531 4508 1667 4564; x_wconf 89' lang='lat' dir='ltr'><strong>duas</strong></span> <span class='ocrx_word' id='word_1_687' title='bbox 1707 4510 1760 4562; x_wconf 91' lang='lat' dir='ltr'><strong>in</strong></span> <span class='ocrx_word' id='word_1_688' title='bbox 1785 4509 2002 4564; x_wconf 89' lang='lat' dir='ltr'><strong>Christo</strong></span> <span class='ocrx_word' id='word_1_689' title='bbox 2029 4523 2124 4562; x_wconf 91' lang='lat' dir='ltr'><strong>na-</strong></span> <span class='ocrx_word' id='word_1_690' title='bbox 2156 4517 2198 4572; x_wconf 85' lang='lat' dir='ltr'><strong>D</strong></span> <span class='ocrx_word' id='word_1_691' title='bbox 2227 4524 2350 4578; x_wconf 68' lang='lat' dir='ltr'><strong>dam</strong></span> <span class='ocrx_word' id='word_1_692' title='bbox 2385 4522 2529 4576; x_wconf 70' lang='lat' dir='ltr'><strong>unus</strong></span> <span class='ocrx_word' id='word_1_693' title='bbox 2555 4520 2794 4589; x_wconf 57' lang='lat' dir='ltr'><strong>reliqum;</strong></span> <span class='ocrx_word' id='word_1_694' title='bbox 2821 4517 3151 4587; x_wconf 55' lang='lat' dir='ltr'><strong>temporibus</strong></span> <span class='ocrx_word' id='word_1_695' title='bbox 3177 4513 3234 4569; x_wconf 79' lang='lat' dir='ltr'><strong>S.</strong></span> <span class='ocrx_word' id='word_1_696' title='bbox 3265 4513 3368 4568; x_wconf 79' lang='lat' dir='ltr'><strong>Nili</strong></span> <span class='ocrx_word' id='word_1_697' title='bbox 3401 4511 3511 4582; x_wconf 78' lang='grc'>(65)</span> <span class='ocrx_word' id='word_1_698' title='bbox 3534 4520 3588 4565; x_wconf 90' lang='lat' dir='ltr'><strong>et</strong></span> <span class='ocrx_word' id='word_1_699' title='bbox 3616 4509 3790 4564; x_wconf 84' lang='lat' dir='ltr'><strong>Theo-</strong></span> 
     </span>
    </p>
   </div>
   <div class='ocr_carea' id='block_1_92' title="bbox 570 4601 2122 4670">
    <p class='ocr_par' dir='ltr' id='par_1_92' title="bbox 570 4601 2122 4670">
     <span class='ocr_line' id='line_1_92' title="bbox 570 4601 2122 4670; baseline -0.001 -14"><span class='ocrx_word' id='word_1_700' title='bbox 570 4612 720 4656; x_wconf 89' lang='lat' dir='ltr'><strong>turas</strong></span> <span class='ocrx_word' id='word_1_701' title='bbox 762 4610 992 4655; x_wconf 87' lang='lat' dir='ltr'><strong>mentem</strong></span> <span class='ocrx_word' id='word_1_702' title='bbox 1032 4617 1185 4656; x_wconf 85' lang='lat' dir='ltr'><strong>suam</strong></span> <span class='ocrx_word' id='word_1_703' title='bbox 1221 4603 1406 4657; x_wconf 91' lang='lat' dir='ltr'><strong>eodem</strong></span> <span class='ocrx_word' id='word_1_704' title='bbox 1438 4602 1595 4656; x_wconf 91' lang='lat' dir='ltr'><strong>modo</strong></span> <span class='ocrx_word' id='word_1_705' title='bbox 1625 4601 1812 4656; x_wconf 87' lang='lat' dir='ltr'><strong>Latine</strong></span> <span class='ocrx_word' id='word_1_706' title='bbox 1839 4601 2122 4670; x_wconf 83' lang='lat' dir='ltr'><strong>exprimit,</strong></span> 
     </span>
    </p>
   </div>
   <div class='ocr_carea' id='block_1_93' title="bbox 567 4691 2123 4769">
    <p class='ocr_par' dir='ltr' id='par_1_93' title="bbox 567 4691 2123 4769">
     <span class='ocr_line' id='line_1_93' title="bbox 567 4691 2123 4769; baseline 0 -25"><span class='ocrx_word' id='word_1_707' title='bbox 567 4707 675 4761; x_wconf 89' lang='lat' dir='ltr'><strong>quo</strong></span> <span class='ocrx_word' id='word_1_708' title='bbox 704 4691 761 4746; x_wconf 90' lang='lat' dir='ltr'><strong>S.</strong></span> <span class='ocrx_word' id='word_1_709' title='bbox 793 4691 1108 4769; x_wconf 85' lang='lat' dir='ltr'><strong>Hippolytus</strong></span> <span class='ocrx_word' id='word_1_710' title='bbox 1143 4693 1257 4748; x_wconf 88' lang='lat' dir='ltr'><strong>suis</strong></span> <span class='ocrx_word' id='word_1_711' title='bbox 1285 4693 1339 4746; x_wconf 90' lang='lat' dir='ltr'><strong>in</strong></span> <span class='ocrx_word' id='word_1_712' title='bbox 1371 4692 1686 4762; x_wconf 78' lang='lat' dir='ltr'><strong>fragmentis</strong></span> <span class='ocrx_word' id='word_1_713' title='bbox 1715 4692 1926 4758; x_wconf 80' lang='lat' dir='ltr'><strong>Gr:ece;</strong></span> <span class='ocrx_word' id='word_1_714' title='bbox 1962 4692 2123 4746; x_wconf 91' lang='lat' dir='ltr'><strong>nihil-</strong></span> 
     </span>
    </p>
   </div>
   <div class='ocr_carea' id='block_1_94' title="bbox 567 4782 2129 4854">
    <p class='ocr_par' dir='ltr' id='par_1_94' title="bbox 567 4782 2129 4854">
     <span class='ocr_line' id='line_1_94' title="bbox 567 4782 2129 4854; baseline -0.003 -15"><span class='ocrx_word' id='word_1_715' title='bbox 567 4799 674 4854; x_wconf 86' lang='lat' dir='ltr'><strong>que</strong></span> <span class='ocrx_word' id='word_1_716' title='bbox 715 4785 1024 4853; x_wconf 75' lang='lat' dir='ltr'><strong>expressius</strong></span> <span class='ocrx_word' id='word_1_717' title='bbox 1065 4793 1157 4839; x_wconf 87' lang='lat' dir='ltr'><strong>aut</strong></span> <span class='ocrx_word' id='word_1_718' title='bbox 1201 4783 1470 4839; x_wconf 87' lang='lat' dir='ltr'><strong>ellicacius</strong></span> <span class='ocrx_word' id='word_1_719' title='bbox 1515 4783 1716 4838; x_wconf 90' lang='lat' dir='ltr'><strong>dictum</strong></span> <span class='ocrx_word' id='word_1_720' title='bbox 1760 4797 1998 4852; x_wconf 90' lang='lat' dir='ltr'><strong>unquam</strong></span> <span class='ocrx_word' id='word_1_721' title='bbox 2029 4782 2129 4836; x_wconf 84' lang='lat' dir='ltr'><strong>luit</strong></span> 
     </span>
    </p>
   </div>
   <div class='ocr_carea' id='block_1_95' title="bbox 641 4955 2129 5028">
    <p class='ocr_par' dir='ltr' id='par_1_95' title="bbox 641 4955 2129 5028">
     <span class='ocr_line' id='line_1_95' title="bbox 641 4955 2129 5028; baseline -0.002 -17"><span class='ocrx_word' id='word_1_722' title='bbox 641 4955 756 5026; x_wconf 83' lang='lat'><strong>(56)</strong></span> <span class='ocrx_word' id='word_1_723' title='bbox 801 4975 820 5008; x_wconf 84' lang='grc'><em>‹</em></span> <span class='ocrx_word' id='word_1_724' title='bbox 857 4956 994 5012; x_wconf 88' lang='lat' dir='ltr'><strong>Hinc</strong></span> <span class='ocrx_word' id='word_1_725' title='bbox 1021 4957 1135 5028; x_wconf 89' lang='lat' dir='ltr'><strong>ipse</strong></span> <span class='ocrx_word' id='word_1_726' title='bbox 1164 4974 1430 5028; x_wconf 89' lang='lat' dir='ltr'><strong>apparens</strong></span> <span class='ocrx_word' id='word_1_727' title='bbox 1456 4958 1698 5028; x_wconf 78' lang='lat' dir='ltr'><strong>angelus,</strong></span> <span class='ocrx_word' id='word_1_728' title='bbox 1742 4972 1814 5028; x_wconf 89' lang='lat' dir='ltr'><strong>se</strong></span> <span class='ocrx_word' id='word_1_729' title='bbox 1837 4971 1868 5010; x_wconf 91' lang='lat' dir='ltr'><strong>a</strong></span> <span class='ocrx_word' id='word_1_730' title='bbox 1902 4955 2129 5028; x_wconf 78' lang='lat' dir='ltr'><strong>Domino</strong></span> 
     </span>
    </p>
   </div>
   <div class='ocr_carea' id='block_1_96' title="bbox 571 5026 2134 5092">
    <p class='ocr_par' dir='ltr' id='par_1_96' title="bbox 571 5026 2134 5092">
     <span class='ocr_line' id='line_1_96' title="bbox 571 5026 2134 5092; baseline -0.001 -13"><span class='ocrx_word' id='word_1_731' title='bbox 571 5026 800 5080; x_wconf 83' lang='lat' dir='ltr'><strong>missum</strong></span> <span class='ocrx_word' id='word_1_732' title='bbox 833 5044 952 5082; x_wconf 86' lang='lat' dir='ltr'><strong>esse</strong></span> <span class='ocrx_word' id='word_1_733' title='bbox 996 5026 1215 5092; x_wconf 37' lang='lat' dir='ltr'><strong>l&#39;a&#39;tetnr,‘</strong></span> <span class='ocrx_word' id='word_1_734' title='bbox 1241 5026 1306 5082; x_wconf 12' lang='lat' dir='ltr'><strong>fut</strong></span> <span class='ocrx_word' id='word_1_735' title='bbox 1334 5026 1550 5083; x_wconf 81' lang='lat' dir='ltr'><strong>Gabriel</strong></span> <span class='ocrx_word' id='word_1_736' title='bbox 1599 5027 1889 5090; x_wconf 74' lang='lat' dir='ltr'><strong>Zachariae,</strong></span> <span class='ocrx_word' id='word_1_737' title='bbox 1917 5037 1972 5079; x_wconf 89' lang='lat' dir='ltr'><strong>et</strong></span> <span class='ocrx_word' id='word_1_738' title='bbox 2013 5026 2134 5078; x_wconf 81' lang='lat' dir='ltr'><strong>Dei-</strong></span> 
     </span>
    </p>
   </div>
   <div class='ocr_carea' id='block_1_97' title="bbox 574 5098 2129 5169">
    <p class='ocr_par' dir='ltr' id='par_1_97' title="bbox 574 5098 2129 5169">
     <span class='ocr_line' id='line_1_97' title="bbox 574 5098 2129 5169; baseline -0.001 -19"><span class='ocrx_word' id='word_1_739' title='bbox 574 5112 716 5166; x_wconf 71' lang='lat' dir='ltr'><strong>para:</strong></span> <span class='ocrx_word' id='word_1_740' title='bbox 744 5099 1027 5169; x_wconf 68' lang='grc' dir='ltr'><strong>(Θεοτόκῳ)</strong></span> <span class='ocrx_word' id='word_1_741' title='bbox 1058 5098 1258 5160; x_wconf 69' lang='lat' dir='ltr'><strong>Mariae.</strong></span> <span class='ocrx_word' id='word_1_742' title='bbox 1302 5099 1582 5153; x_wconf 78' lang='lat' dir='ltr'><strong>confessus</strong></span> <span class='ocrx_word' id='word_1_743' title='bbox 1633 5106 1754 5169; x_wconf 38' lang='lat' dir='ltr'><strong>est.</strong></span> <span class='ocrx_word' id='word_1_744' title='bbox 1775 5117 1791 5149; x_wconf 80' lang='grc' dir='ltr'><strong><em>ι</em></strong></span> <span class='ocrx_word' id='word_1_745' title='bbox 1829 5098 2090 5169; x_wconf 53' lang='lat' dir='ltr'><strong>Albanas.</strong></span> <span class='ocrx_word' id='word_1_746' title='bbox 2113 5133 2129 5158; x_wconf 92' lang='lat'><strong>,</strong></span> 
     </span>
    </p>
   </div>
   <div class='ocr_carea' id='block_1_98' title="bbox 575 5167 2106 5239">
    <p class='ocr_par' dir='ltr' id='par_1_98' title="bbox 575 5167 2106 5239">
     <span class='ocr_line' id='line_1_98' title="bbox 575 5167 2106 5239; baseline -0.002 -18"><span class='ocrx_word' id='word_1_747' title='bbox 575 5178 709 5221; x_wconf 90' lang='lat' dir='ltr'><strong>tom.</strong></span> <span class='ocrx_word' id='word_1_748' title='bbox 757 5167 778 5218; x_wconf 91' lang='lat' dir='ltr'><strong>l</strong></span> <span class='ocrx_word' id='word_1_749' title='bbox 822 5167 996 5236; x_wconf 81' lang='lat' dir='ltr'><strong>0pp.,</strong></span> <span class='ocrx_word' id='word_1_750' title='bbox 1025 5185 1144 5239; x_wconf 86' lang='lat' dir='ltr'><strong>pag.</strong></span> <span class='ocrx_word' id='word_1_751' title='bbox 1187 5169 1322 5232; x_wconf 78' lang='lat'><strong>563,</strong></span> <span class='ocrx_word' id='word_1_752' title='bbox 1355 5170 1478 5232; x_wconf 72' lang='lat'><strong>579,</strong></span> <span class='ocrx_word' id='word_1_753' title='bbox 1506 5169 1626 5230; x_wconf 73' lang='lat'><strong>583,</strong></span> <span class='ocrx_word' id='word_1_754' title='bbox 1664 5168 1788 5232; x_wconf 67' lang='grc'>642,</span> <span class='ocrx_word' id='word_1_755' title='bbox 1821 5167 1946 5229; x_wconf 77' lang='lat'><strong>875,</strong></span> <span class='ocrx_word' id='word_1_756' title='bbox 1977 5175 2106 5233; x_wconf 69' lang='lat' dir='ltr'><strong>etc.)</strong></span> 
     </span>
    </p>
   </div>
   <div class='ocr_carea' id='block_1_99' title="bbox 644 5256 1974 5330">
    <p class='ocr_par' dir='ltr' id='par_1_99' title="bbox 644 5256 1974 5330">
     <span class='ocr_line' id='line_1_99' title="bbox 644 5256 1974 5330; baseline -0.003 -16"><span class='ocrx_word' id='word_1_757' title='bbox 644 5258 758 5330; x_wconf 84' lang='lat'><strong>(57)</strong></span> <span class='ocrx_word' id='word_1_758' title='bbox 798 5257 1114 5313; x_wconf 88' lang='lat' dir='ltr'><strong>Tertullian.</strong></span> <span class='ocrx_word' id='word_1_759' title='bbox 1136 5301 1151 5325; x_wconf 95' lang='lat'><strong>,</strong></span> <span class='ocrx_word' id='word_1_760' title='bbox 1185 5260 1276 5314; x_wconf 91' lang='lat' dir='ltr'><strong>lib.</strong></span> <span class='ocrx_word' id='word_1_761' title='bbox 1306 5269 1474 5312; x_wconf 89' lang='lat' dir='ltr'><strong>contr.</strong></span> <span class='ocrx_word' id='word_1_762' title='bbox 1508 5259 1672 5314; x_wconf 76' lang='lat' dir='ltr'><strong>Prax.</strong></span> <span class='ocrx_word' id='word_1_763' title='bbox 1692 5299 1707 5322; x_wconf 95' lang='lat'><strong>,</strong></span> <span class='ocrx_word' id='word_1_764' title='bbox 1735 5273 1854 5326; x_wconf 89' lang='lat' dir='ltr'><strong>cap.</strong></span> <span class='ocrx_word' id='word_1_765' title='bbox 1885 5256 1974 5311; x_wconf 84' lang='grc'>27.</span> 
     </span>
    </p>
   </div>
   <div class='ocr_carea' id='block_1_100' title="bbox 576 5349 2133 5492">
    <p class='ocr_par' dir='ltr' id='par_1_100' title="bbox 576 5349 2133 5492">
     <span class='ocr_line' id='line_1_100' title="bbox 576 5349 2133 5492; baseline 0.001 -89"><span class='ocrx_word' id='word_1_766' title='bbox 576 5433 596 5474; x_wconf 56' lang='grc' dir='ltr'><strong><em>ι</em></strong></span> <span class='ocrx_word' id='word_1_767' title='bbox 802 5349 946 5475; x_wconf 58' lang='grc' dir='ltr'>ξέἑι.</span> <span class='ocrx_word' id='word_1_768' title='bbox 970 5351 1131 5405; x_wconf 84' lang='lat' dir='ltr'><strong>littér.</strong></span> <span class='ocrx_word' id='word_1_769' title='bbox 1159 5350 1220 5404; x_wconf 91' lang='lat' dir='ltr'><strong>de</strong></span> <span class='ocrx_word' id='word_1_770' title='bbox 1245 5352 1297 5404; x_wconf 91' lang='lat' dir='ltr'><strong>la</strong></span> <span class='ocrx_word' id='word_1_771' title='bbox 1325 5350 1551 5406; x_wconf 83' lang='lat' dir='ltr'><strong>France.</strong></span> <span class='ocrx_word' id='word_1_772' title='bbox 1579 5351 1840 5415; x_wconf 81' lang='lat' dir='ltr'><strong>Mémoir.,</strong></span> <span class='ocrx_word' id='word_1_773' title='bbox 1863 5358 1903 5405; x_wconf 89' lang='lat' dir='ltr'><strong>t.</strong></span> <span class='ocrx_word' id='word_1_774' title='bbox 1928 5351 1970 5416; x_wconf 87' lang='grc' dir='ltr'>Ι,</span> <span class='ocrx_word' id='word_1_775' title='bbox 1994 5357 2133 5419; x_wconf 83' lang='lat' dir='ltr'><strong>part.</strong></span> 
     </span>
    </p>
   </div>
   <div class='ocr_carea' id='block_1_101' title="bbox 668 5511 1477 5584">
    <p class='ocr_par' dir='ltr' id='par_1_101' title="bbox 668 5511 1477 5584">
     <span class='ocr_line' id='line_1_101' title="bbox 668 5511 1477 5584; baseline -0.004 -15"><span class='ocrx_word' id='word_1_776' title='bbox 668 5514 759 5584; x_wconf 79' lang='lat'><strong>59)</strong></span> <span class='ocrx_word' id='word_1_777' title='bbox 799 5513 1052 5584; x_wconf 88' lang='lat' dir='ltr'><strong>Basnag.,</strong></span> <span class='ocrx_word' id='word_1_778' title='bbox 1083 5511 1121 5566; x_wconf 95' lang='grc'><strong>1.</strong></span> <span class='ocrx_word' id='word_1_779' title='bbox 1154 5526 1363 5584; x_wconf 83' lang='lat' dir='ltr'><strong>c.,p_ag.</strong></span> <span class='ocrx_word' id='word_1_780' title='bbox 1392 5511 1477 5584; x_wconf 87' lang='grc'><strong>12.</strong></span> 
     </span>
    </p>
   </div>
   <div class='ocr_carea' id='block_1_102' title="bbox 672 5579 2093 5725">
    <p class='ocr_par' dir='ltr' id='par_1_102' title="bbox 672 5579 2093 5725">
     <span class='ocr_line' id='line_1_102' title="bbox 672 5579 2093 5652; baseline -0.001 -14"><span class='ocrx_word' id='word_1_781' title='bbox 672 5579 749 5638; x_wconf 78' lang='grc'><strong>66</strong></span> <span class='ocrx_word' id='word_1_782' title='bbox 801 5579 1194 5648; x_wconf 70' lang='grc' dir='ltr'><strong>Τίιιεηῐοηιίιιε,</strong></span> <span class='ocrx_word' id='word_1_783' title='bbox 1225 5579 1462 5635; x_wconf 72' lang='grc' dir='ltr'><strong>Μέὴιοὶτ.</strong></span> <span class='ocrx_word' id='word_1_784' title='bbox 1490 5623 1504 5647; x_wconf 94' lang='grc'><strong>,</strong></span> <span class='ocrx_word' id='word_1_785' title='bbox 1534 5591 1669 5636; x_wconf 91' lang='lat' dir='ltr'><strong>tom.</strong></span> <span class='ocrx_word' id='word_1_786' title='bbox 1698 5580 1784 5650; x_wconf 88' lang='lat' dir='ltr'><strong>lll,</strong></span> <span class='ocrx_word' id='word_1_787' title='bbox 1819 5597 1937 5652; x_wconf 89' lang='lat' dir='ltr'><strong>pag.</strong></span> <span class='ocrx_word' id='word_1_788' title='bbox 1969 5579 2093 5636; x_wconf 88' lang='grc'>109.</span> 
     </span>
     <span class='ocr_line' id='line_1_103' title="bbox 673 5589 2093 5725; baseline -0.003 -17"><span class='ocrx_word' id='word_1_789' title='bbox 673 5589 762 5725; x_wconf 49' lang='grc'><strong>61)</strong></span> <span class='ocrx_word' id='word_1_790' title='bbox 809 5674 829 5706; x_wconf 69' lang='grc' dir='ltr'>ι</span> <span class='ocrx_word' id='word_1_791' title='bbox 873 5654 1010 5708; x_wconf 88' lang='lat' dir='ltr'><strong>Bero</strong></span> <span class='ocrx_word' id='word_1_792' title='bbox 1051 5653 1441 5725; x_wconf 85' lang='lat' dir='ltr'><strong>enimquidam</strong></span> <span class='ocrx_word' id='word_1_793' title='bbox 1472 5668 1658 5725; x_wconf 85' lang='lat' dir='ltr'><strong>nuper,</strong></span> <span class='ocrx_word' id='word_1_794' title='bbox 1685 5662 1738 5707; x_wconf 90' lang='lat' dir='ltr'><strong>et</strong></span> <span class='ocrx_word' id='word_1_795' title='bbox 1773 5653 1868 5725; x_wconf 79' lang='lat' dir='ltr'><strong>alii</strong></span> <span class='ocrx_word' id='word_1_796' title='bbox 1898 5653 2093 5725; x_wconf 84' lang='lat' dir='ltr'><strong>quidan</strong></span> 
     </span>
    </p>
   </div>
   <div class='ocr_carea' id='block_1_103' title="bbox 581 5653 2144 5806">
    <p class='ocr_par' dir='ltr' id='par_1_103' title="bbox 581 5653 2144 5806">
     <span class='ocr_line' id='line_1_104' title="bbox 651 5653 2141 5777; baseline -0.003 -69"><span class='ocrx_word' id='word_1_797' title='bbox 651 5653 762 5777; x_wconf 66' lang='lat' dir='ltr'><strong>(6i)</strong></span> <span class='ocrx_word' id='word_1_798' title='bbox 809 5674 829 5706; x_wconf 69' lang='grc' dir='ltr'>ι</span> <span class='ocrx_word' id='word_1_799' title='bbox 873 5654 1010 5708; x_wconf 88' lang='lat' dir='ltr'><strong>Bero</strong></span> <span class='ocrx_word' id='word_1_800' title='bbox 1051 5653 1194 5707; x_wconf 90' lang='lat' dir='ltr'><strong>enim</strong></span> <span class='ocrx_word' id='word_1_801' title='bbox 1223 5653 1441 5722; x_wconf 89' lang='lat' dir='ltr'><strong>quidam</strong></span> <span class='ocrx_word' id='word_1_802' title='bbox 1472 5668 1658 5721; x_wconf 86' lang='lat' dir='ltr'><strong>nuper,</strong></span> <span class='ocrx_word' id='word_1_803' title='bbox 1685 5662 1738 5707; x_wconf 90' lang='lat' dir='ltr'><strong>et</strong></span> <span class='ocrx_word' id='word_1_804' title='bbox 1779 5653 1868 5706; x_wconf 90' lang='lat' dir='ltr'><strong>alii</strong></span> <span class='ocrx_word' id='word_1_805' title='bbox 1898 5653 2141 5721; x_wconf 86' lang='lat' dir='ltr'><strong>quidam,</strong></span> 
     </span>
     <span class='ocr_line' id='line_1_105' title="bbox 581 5722 2144 5806; baseline -0.003 -28"><span class='ocrx_word' id='word_1_806' title='bbox 581 5722 659 5778; x_wconf 84' lang='lat' dir='ltr'><strong>Va</strong></span> <span class='ocrx_word' id='word_1_807' title='bbox 681 5726 849 5806; x_wconf 80' lang='lat' dir='ltr'><strong>entini</strong></span> <span class='ocrx_word' id='word_1_808' title='bbox 877 5724 1159 5806; x_wconf 59' lang='lat' dir='ltr'><strong>phantasia</strong></span> <span class='ocrx_word' id='word_1_809' title='bbox 1190 5723 1428 5806; x_wconf 59' lang='lat' dir='ltr'><strong>deserta,</strong></span> <span class='ocrx_word' id='word_1_810' title='bbox 1461 5724 1711 5806; x_wconf 66' lang='lat' dir='ltr'><strong>deteriori</strong></span> <span class='ocrx_word' id='word_1_811' title='bbox 1771 5723 1963 5806; x_wconf 40' lang='lat' dir='ltr'><strong>ipr‘e’titi</strong></span> <span class='ocrx_word' id='word_1_812' title='bbox 1983 5799 1995 5806; x_wconf 30' lang='grc' dir='ltr'><strong><em>Δ</em></strong></span> <span class='ocrx_word' id='word_1_813' title='bbox 2015 5731 2144 5806; x_wconf 69' lang='lat' dir='ltr'><strong>sunt</strong></span> 
     </span>
    </p>
   </div>
   <div class='ocr_carea' id='block_1_104' title="bbox 584 5790 2144 5864">
    <p class='ocr_par' dir='ltr' id='par_1_104' title="bbox 584 5790 2144 5864">
     <span class='ocr_line' id='line_1_106' title="bbox 584 5790 2144 5864; baseline -0.003 -17"><span class='ocrx_word' id='word_1_814' title='bbox 584 5796 864 5862; x_wconf 74' lang='lat' dir='ltr'><strong>pravitate.</strong></span> <span class='ocrx_word' id='word_1_815' title='bbox 879 5790 908 5848; x_wconf 62' lang='grc' dir='ltr'>ὂ</span> <span class='ocrx_word' id='word_1_816' title='bbox 940 5793 1094 5849; x_wconf 90' lang='lat' dir='ltr'><strong>Tom.</strong></span> <span class='ocrx_word' id='word_1_817' title='bbox 1129 5792 1150 5846; x_wconf 89' lang='lat' dir='ltr'><strong>l</strong></span> <span class='ocrx_word' id='word_1_818' title='bbox 1194 5791 1330 5864; x_wconf 90' lang='lat' dir='ltr'><strong>Opp.</strong></span> <span class='ocrx_word' id='word_1_819' title='bbox 1370 5791 1605 5864; x_wconf 88' lang='lat' dir='ltr'><strong>llippol.,</strong></span> <span class='ocrx_word' id='word_1_820' title='bbox 1637 5808 1756 5864; x_wconf 88' lang='lat' dir='ltr'><strong>pag.</strong></span> <span class='ocrx_word' id='word_1_821' title='bbox 1791 5793 1921 5860; x_wconf 82' lang='grc'>228,</span> <span class='ocrx_word' id='word_1_822' title='bbox 1948 5799 2002 5848; x_wconf 88' lang='lat' dir='ltr'><strong>et</strong></span> <span class='ocrx_word' id='word_1_823' title='bbox 2028 5790 2144 5846; x_wconf 84' lang='lat' dir='ltr'><strong>Col-</strong></span> 
     </span>
    </p>
   </div>
   <div class='ocr_carea' id='block_1_105' title="bbox 2227 4609 2562 4679">
    <p class='ocr_par' dir='ltr' id='par_1_105' title="bbox 2227 4609 2562 4679">
     <span class='ocr_line' id='line_1_107' title="bbox 2227 4609 2562 4679; baseline -0.012 -14"><span class='ocrx_word' id='word_1_824' title='bbox 2227 4611 2397 4666; x_wconf 87' lang='lat' dir='ltr'><strong>doreti</strong></span> <span class='ocrx_word' id='word_1_825' title='bbox 2429 4609 2562 4679; x_wconf 89' lang='lat'><strong>(66).</strong></span> 
     </span>
    </p>
   </div>
   <div class='ocr_carea' id='block_1_106' title="bbox 2296 4687 3791 4768">
    <p class='ocr_par' dir='ltr' id='par_1_106' title="bbox 2296 4687 3791 4768">
     <span class='ocr_line' id='line_1_108' title="bbox 2296 4687 3791 4768; baseline -0.01 -13"><span class='ocrx_word' id='word_1_826' title='bbox 2296 4700 2440 4754; x_wconf 84' lang='lat' dir='ltr'><strong>Nihil</strong></span> <span class='ocrx_word' id='word_1_827' title='bbox 2483 4713 2612 4768; x_wconf 85' lang='lat' dir='ltr'><strong>ergo</strong></span> <span class='ocrx_word' id='word_1_828' title='bbox 2648 4713 2748 4753; x_wconf 90' lang='lat' dir='ltr'><strong>nos</strong></span> <span class='ocrx_word' id='word_1_829' title='bbox 2785 4695 3004 4766; x_wconf 89' lang='lat' dir='ltr'><strong>impedit</strong></span> <span class='ocrx_word' id='word_1_830' title='bbox 3051 4695 3340 4765; x_wconf 89' lang='lat' dir='ltr'><strong>quominus</strong></span> <span class='ocrx_word' id='word_1_831' title='bbox 3363 4691 3478 4744; x_wconf 68' lang='lat' dir='ltr'><strong>haec</strong></span> <span class='ocrx_word' id='word_1_832' title='bbox 3515 4697 3639 4744; x_wconf 86' lang='lat' dir='ltr'><strong>octo</strong></span> <span class='ocrx_word' id='word_1_833' title='bbox 3679 4687 3791 4742; x_wconf 79' lang='lat' dir='ltr'><strong>fra—</strong></span> 
     </span>
    </p>
   </div>
   <div class='ocr_carea' id='block_1_107' title="bbox 2229 4782 3791 4865">
    <p class='ocr_par' dir='ltr' id='par_1_107' title="bbox 2229 4782 3791 4865">
     <span class='ocr_line' id='line_1_109' title="bbox 2229 4782 3791 4865; baseline -0.01 -16"><span class='ocrx_word' id='word_1_834' title='bbox 2229 4803 2441 4865; x_wconf 85' lang='lat' dir='ltr'><strong>gmenta</strong></span> <span class='ocrx_word' id='word_1_835' title='bbox 2470 4791 2526 4846; x_wconf 93' lang='lat' dir='ltr'><strong>S.</strong></span> <span class='ocrx_word' id='word_1_836' title='bbox 2553 4791 2834 4861; x_wconf 84' lang='lat' dir='ltr'><strong>Hippolyto</strong></span> <span class='ocrx_word' id='word_1_837' title='bbox 2863 4789 3251 4860; x_wconf 80' lang='lat' dir='ltr'><strong>adjudicemus.</strong></span> <span class='ocrx_word' id='word_1_838' title='bbox 3283 4785 3549 4840; x_wconf 86' lang='lat' dir='ltr'><strong>Debemus</strong></span> <span class='ocrx_word' id='word_1_839' title='bbox 3573 4782 3670 4836; x_wconf 89' lang='lat' dir='ltr'><strong>illa</strong></span> <span class='ocrx_word' id='word_1_840' title='bbox 3701 4782 3791 4835; x_wconf 79' lang='lat' dir='ltr'><strong>in-</strong></span> 
     </span>
    </p>
   </div>
   <div class='ocr_carea' id='block_1_108' title="bbox 2230 4943 3243 5016">
    <p class='ocr_par' dir='ltr' id='par_1_108' title="bbox 2230 4943 3243 5016">
     <span class='ocr_line' id='line_1_110' title="bbox 2230 4943 3243 5016; baseline -0.01 -12"><span class='ocrx_word' id='word_1_841' title='bbox 2230 4951 2417 5004; x_wconf 86' lang='lat' dir='ltr'><strong>lectan.</strong></span> <span class='ocrx_word' id='word_1_842' title='bbox 2447 4946 2716 5001; x_wconf 85' lang='lat' dir='ltr'><strong>Anastasii</strong></span> <span class='ocrx_word' id='word_1_843' title='bbox 2742 4960 2860 5016; x_wconf 87' lang='lat' dir='ltr'><strong>pag.</strong></span> <span class='ocrx_word' id='word_1_844' title='bbox 2886 4945 3011 5010; x_wconf 84' lang='grc'>225,</span> <span class='ocrx_word' id='word_1_845' title='bbox 3043 4959 3162 5016; x_wconf 74' lang='lat' dir='ltr'><strong>cap.</strong></span> <span class='ocrx_word' id='word_1_846' title='bbox 3185 4943 3243 5016; x_wconf 27' lang='lat'><strong>&quot;5‘.</strong></span> 
     </span>
    </p>
   </div>
   <div class='ocr_carea' id='block_1_109' title="bbox 2324 5011 3264 5090">
    <p class='ocr_par' dir='ltr' id='par_1_109' title="bbox 2324 5011 3264 5090">
     <span class='ocr_line' id='line_1_111' title="bbox 2324 5011 3264 5090; baseline -0.01 -17"><span class='ocrx_word' id='word_1_847' title='bbox 2324 5020 2408 5090; x_wconf 87' lang='grc'><strong>62)</strong></span> <span class='ocrx_word' id='word_1_848' title='bbox 2450 5011 2759 5090; x_wconf 63' lang='grc' dir='ltr'><strong>Ϊὶηριιιοηῐῖ</strong></span> <span class='ocrx_word' id='word_1_849' title='bbox 2776 5057 2793 5090; x_wconf 87' lang='lat'><strong>,_</strong></span> <span class='ocrx_word' id='word_1_850' title='bbox 2815 5011 2860 5069; x_wconf 81' lang='grc' dir='ltr'>Ῑ.</span> <span class='ocrx_word' id='word_1_851' title='bbox 2893 5011 3120 5090; x_wconf 60' lang='lat' dir='ltr'><strong>c._,_pa_g.</strong></span> <span class='ocrx_word' id='word_1_852' title='bbox 3145 5011 3264 5065; x_wconf 88' lang='grc'>109.</span> 
     </span>
    </p>
   </div>
   <div class='ocr_carea' id='block_1_110' title="bbox 2302 5026 3795 5161">
    <p class='ocr_par' dir='ltr' id='par_1_110' title="bbox 2302 5026 3795 5161">
     <span class='ocr_line' id='line_1_112' title="bbox 2324 5026 3264 5090; baseline -0.01 -17"><span class='ocrx_word' id='word_1_853' title='bbox 2324 5026 2408 5090; x_wconf 83' lang='grc'><strong>62)</strong></span> <span class='ocrx_word' id='word_1_854' title='bbox 2450 5026 2754 5070; x_wconf 86' lang='lat' dir='ltr'><strong>&#39;l‘illemont.</strong></span> <span class='ocrx_word' id='word_1_855' title='bbox 2776 5057 2790 5081; x_wconf 95' lang='lat'><strong>,</strong></span> <span class='ocrx_word' id='word_1_856' title='bbox 2826 5026 2860 5069; x_wconf 89' lang='grc' dir='ltr'>ι.</span> <span class='ocrx_word' id='word_1_857' title='bbox 2893 5032 2966 5078; x_wconf 92' lang='lat' dir='ltr'><strong>c.,</strong></span> <span class='ocrx_word' id='word_1_858' title='bbox 2993 5031 3112 5084; x_wconf 89' lang='lat' dir='ltr'><strong>pag.</strong></span> <span class='ocrx_word' id='word_1_859' title='bbox 3145 5026 3264 5065; x_wconf 74' lang='lat' dir='ltr'><strong>‘IUU.</strong></span> 
     </span>
     <span class='ocr_line' id='line_1_113' title="bbox 2302 5026 3795 5161; baseline -0.01 -19"><span class='ocrx_word' id='word_1_860' title='bbox 2302 5026 2587 5161; x_wconf 65' lang='lat' dir='ltr'><strong>(65)cFui_t_</strong></span> <span class='ocrx_word' id='word_1_861' title='bbox 2616 5087 2896 5161; x_wconf 72' lang='lat' dir='ltr'><strong>quondam</strong></span> <span class='ocrx_word' id='word_1_862' title='bbox 2933 5086 3062 5138; x_wconf 90' lang='lat' dir='ltr'><strong>illud</strong></span> <span class='ocrx_word' id='word_1_863' title='bbox 3093 5093 3338 5161; x_wconf 71' lang='lat' dir='ltr'><strong>tempus,</strong></span> <span class='ocrx_word' id='word_1_864' title='bbox 3367 5094 3488 5134; x_wconf 90' lang='lat' dir='ltr'><strong>cum</strong></span> <span class='ocrx_word' id='word_1_865' title='bbox 3516 5077 3590 5157; x_wconf 46' lang='lat' dir='ltr'><strong>ab.</strong></span> <span class='ocrx_word' id='word_1_866' title='bbox 3616 5076 3795 5161; x_wconf 34' lang='lat' dir='ltr'><strong>haeres</strong></span> 
     </span>
    </p>
   </div>
   <div class='ocr_carea' id='block_1_111' title="bbox 2233 5147 3798 5230">
    <p class='ocr_par' dir='ltr' id='par_1_111' title="bbox 2233 5147 3798 5230">
     <span class='ocr_line' id='line_1_114' title="bbox 2233 5147 3798 5230; baseline -0.01 -14"><span class='ocrx_word' id='word_1_867' title='bbox 2233 5147 2351 5216; x_wconf 73' lang='lat' dir='ltr'><strong>sum</strong></span> <span class='ocrx_word' id='word_1_868' title='bbox 2377 5147 2622 5230; x_wconf 77' lang='lat' dir='ltr'><strong>procellis</strong></span> <span class='ocrx_word' id='word_1_869' title='bbox 2637 5147 2933 5230; x_wconf 43' lang='lat' dir='ltr'><strong>‘tranqpilla</strong></span> <span class='ocrx_word' id='word_1_870' title='bbox 2962 5154 3140 5230; x_wconf 73' lang='lat' dir='ltr'><strong>nuntia</strong></span> <span class='ocrx_word' id='word_1_871' title='bbox 3165 5147 3513 5210; x_wconf 79' lang='lat' dir='ltr'><strong>habebamus,</strong></span> <span class='ocrx_word' id='word_1_872' title='bbox 3543 5147 3798 5230; x_wconf 68' lang='lat' dir='ltr'><strong>videlicet</strong></span> 
     </span>
    </p>
   </div>
   <div class='ocr_carea' id='block_1_112' title="bbox 2233 5217 3798 5291">
    <p class='ocr_par' dir='ltr' id='par_1_112' title="bbox 2233 5217 3798 5291">
     <span class='ocr_line' id='line_1_115' title="bbox 2233 5217 3798 5291; baseline -0.012 -5"><span class='ocrx_word' id='word_1_873' title='bbox 2233 5217 2733 5291; x_wconf 54' lang='lat' dir='ltr'><strong>cuni&#39;Simones,...</strong></span> <span class='ocrx_word' id='word_1_874' title='bbox 2781 5217 3202 5279; x_wconf 69' lang='lat' dir='ltr'><strong>Valentiniani...</strong></span> <span class='ocrx_word' id='word_1_875' title='bbox 3247 5235 3404 5290; x_wconf 88' lang='lat' dir='ltr'><strong>atque</strong></span> <span class='ocrx_word' id='word_1_876' title='bbox 3433 5233 3623 5274; x_wconf 88' lang='lat' dir='ltr'><strong>omnes</strong></span> <span class='ocrx_word' id='word_1_877' title='bbox 3674 5217 3798 5269; x_wconf 89' lang='lat' dir='ltr'><strong>illo-</strong></span> 
     </span>
    </p>
   </div>
   <div class='ocr_carea' id='block_1_113' title="bbox 2235 5296 3797 5427">
    <p class='ocr_par' dir='ltr' id='par_1_113' title="bbox 2235 5296 3797 5427">
     <span class='ocr_line' id='line_1_116' title="bbox 2235 5296 3797 5374; baseline -0.012 -19"><span class='ocrx_word' id='word_1_878' title='bbox 2235 5317 2354 5356; x_wconf 83' lang='lat' dir='ltr'><strong>rum</strong></span> <span class='ocrx_word' id='word_1_879' title='bbox 2380 5316 2597 5368; x_wconf 67' lang='lat' dir='ltr'><strong>nugae...</strong></span> <span class='ocrx_word' id='word_1_880' title='bbox 2633 5307 2844 5350; x_wconf 84' lang='lat' dir='ltr'><strong>suomet</strong></span> <span class='ocrx_word' id='word_1_881' title='bbox 2874 5297 3108 5374; x_wconf 78' lang='lat' dir='ltr'><strong>tantleni,</strong></span> <span class='ocrx_word' id='word_1_882' title='bbox 3161 5301 3232 5372; x_wconf 39' lang='lat' dir='ltr'><strong>ut.</strong></span> <span class='ocrx_word' id='word_1_883' title='bbox 3256 5305 3468 5360; x_wconf 64' lang='lat' dir='ltr'><strong>aequum</strong></span> <span class='ocrx_word' id='word_1_884' title='bbox 3495 5296 3635 5352; x_wconf 81' lang='lat' dir='ltr'><strong>crat,</strong></span> <span class='ocrx_word' id='word_1_885' title='bbox 3667 5301 3797 5373; x_wconf 65' lang='lat' dir='ltr'><strong>pro-</strong></span> 
     </span>
     <span class='ocr_line' id='line_1_117' title="bbox 2235 5357 3787 5427; baseline -0.012 0"><span class='ocrx_word' id='word_1_886' title='bbox 2235 5374 2403 5427; x_wconf 80' lang='lat' dir='ltr'><strong>fundo</strong></span> <span class='ocrx_word' id='word_1_887' title='bbox 2448 5369 2712 5427; x_wconf 83' lang='lat' dir='ltr'><strong>absorptae</strong></span> <span class='ocrx_word' id='word_1_888' title='bbox 2749 5383 2811 5420; x_wconf 88' lang='lat' dir='ltr'><strong>ac</strong></span> <span class='ocrx_word' id='word_1_889' title='bbox 2854 5367 3066 5420; x_wconf 80' lang='lat' dir='ltr'><strong>silentio</strong></span> <span class='ocrx_word' id='word_1_890' title='bbox 3101 5362 3308 5416; x_wconf 77' lang='lat' dir='ltr'><strong>traditae</strong></span> <span class='ocrx_word' id='word_1_891' title='bbox 3339 5360 3573 5414; x_wconf 74' lang='lat' dir='ltr'><strong>luerunt.</strong></span> <span class='ocrx_word' id='word_1_892' title='bbox 3608 5375 3629 5408; x_wconf 75' lang='grc' dir='ltr'><strong><em>ι</em></strong></span> <span class='ocrx_word' id='word_1_893' title='bbox 3659 5357 3787 5412; x_wconf 75' lang='lat' dir='ltr'><strong>Grc-</strong></span> 
     </span>
    </p>
   </div>
   <div class='ocr_carea' id='block_1_114' title="bbox 2238 5385 3275 5514">
    <p class='ocr_par' dir='ltr' id='par_1_114' title="bbox 2238 5385 3275 5514">
     <span class='ocr_line' id='line_1_118' title="bbox 2238 5385 3275 5436; baseline -0.012 -9"><span class='ocrx_word' id='word_1_894' title='bbox 2238 5385 2403 5427; x_wconf 81' lang='grc' dir='ltr'><strong>ιυιιαυ</strong></span> <span class='ocrx_word' id='word_1_895' title='bbox 2448 5385 2712 5436; x_wconf 66' lang='lat' dir='ltr'><strong>absorpta:</strong></span> <span class='ocrx_word' id='word_1_896' title='bbox 2749 5385 2811 5420; x_wconf 80' lang='lat' dir='ltr'><strong>ac</strong></span> <span class='ocrx_word' id='word_1_897' title='bbox 2854 5385 3066 5420; x_wconf 84' lang='lat' dir='ltr'><strong>snenuo</strong></span> <span class='ocrx_word' id='word_1_898' title='bbox 3102 5385 3275 5416; x_wconf 68' lang='lat' dir='ltr'><strong>trauuz</strong></span> 
     </span>
     <span class='ocr_line' id='line_1_119' title="bbox 2238 5433 3275 5514; baseline -0.012 -18"><span class='ocrx_word' id='word_1_899' title='bbox 2238 5457 2358 5514; x_wconf 67' lang='lat' dir='ltr'><strong>gor.</strong></span> <span class='ocrx_word' id='word_1_900' title='bbox 2378 5437 2641 5514; x_wconf 47' lang='lat' dir='ltr'><strong>Nagara.</strong></span> <span class='ocrx_word' id='word_1_901' title='bbox 2664 5480 2680 5504; x_wconf 95' lang='lat'><strong>,</strong></span> <span class='ocrx_word' id='word_1_902' title='bbox 2715 5448 2852 5514; x_wconf 75' lang='lat' dir='ltr'><strong>orat.</strong></span> <span class='ocrx_word' id='word_1_903' title='bbox 2879 5435 2970 5499; x_wconf 73' lang='grc'><strong>25,</strong></span> <span class='ocrx_word' id='word_1_904' title='bbox 3006 5451 3125 5505; x_wconf 85' lang='lat' dir='ltr'><strong>pag.</strong></span> <span class='ocrx_word' id='word_1_905' title='bbox 3153 5433 3275 5487; x_wconf 70' lang='lat'><strong>“4.</strong></span> 
     </span>
    </p>
   </div>
   <div class='ocr_carea' id='block_1_115' title="bbox 2333 5508 2948 5578">
    <p class='ocr_par' dir='ltr' id='par_1_115' title="bbox 2333 5508 2948 5578">
     <span class='ocr_line' id='line_1_120' title="bbox 2333 5508 2948 5578; baseline -0.005 -14"><span class='ocrx_word' id='word_1_906' title='bbox 2333 5511 2420 5578; x_wconf 62' lang='lat' dir='ltr'><strong>6i)</strong></span> <span class='ocrx_word' id='word_1_907' title='bbox 2460 5509 2797 5572; x_wconf 87' lang='lat' dir='ltr'><strong>Tillemont.,</strong></span> <span class='ocrx_word' id='word_1_908' title='bbox 2831 5508 2864 5560; x_wconf 94' lang='lat' dir='ltr'><strong>l.</strong></span> <span class='ocrx_word' id='word_1_909' title='bbox 2899 5524 2948 5578; x_wconf 70' lang='grc' dir='ltr'>(ς.</span> 
     </span>
    </p>
   </div>
   <div class='ocr_carea' id='block_1_116' title="bbox 2309 5513 3332 5652">
    <p class='ocr_par' dir='ltr' id='par_1_116' title="bbox 2309 5513 3332 5652">
     <span class='ocr_line' id='line_1_121' title="bbox 2333 5513 2948 5578; baseline -0.008 -14"><span class='ocrx_word' id='word_1_910' title='bbox 2333 5513 2420 5578; x_wconf 60' lang='grc'><strong>61)</strong></span> <span class='ocrx_word' id='word_1_911' title='bbox 2460 5513 2797 5572; x_wconf 87' lang='lat' dir='ltr'><strong>Tillemont.,</strong></span> <span class='ocrx_word' id='word_1_912' title='bbox 2831 5513 2864 5560; x_wconf 94' lang='lat' dir='ltr'><strong>l.</strong></span> <span class='ocrx_word' id='word_1_913' title='bbox 2899 5524 2948 5561; x_wconf 87' lang='lat' dir='ltr'><strong>c.</strong></span> 
     </span>
     <span class='ocr_line' id='line_1_122' title="bbox 2309 5513 3332 5652; baseline -0.011 -18"><span class='ocrx_word' id='word_1_914' title='bbox 2309 5513 2418 5652; x_wconf 65' lang='lat'><strong>(65)</strong></span> <span class='ocrx_word' id='word_1_915' title='bbox 2458 5578 2598 5652; x_wconf 60' lang='lat'><strong>1:61.,</strong></span> <span class='ocrx_word' id='word_1_916' title='bbox 2627 5580 2719 5652; x_wconf 84' lang='lat' dir='ltr'><strong>lib.</strong></span> <span class='ocrx_word' id='word_1_917' title='bbox 2751 5593 2787 5643; x_wconf 88' lang='grc' dir='ltr'>ι,</span> <span class='ocrx_word' id='word_1_918' title='bbox 2815 5575 3209 5652; x_wconf 36' lang='grc' dir='ltr'><strong>θρεᾷῖὢηρξις.</strong></span> <span class='ocrx_word' id='word_1_919' title='bbox 3244 5571 3332 5652; x_wconf 76' lang='lat'><strong>_87_.</strong></span> 
     </span>
    </p>
   </div>
   <div class='ocr_carea' id='block_1_117' title="bbox 2241 5639 3798 5778">
    <p class='ocr_par' dir='ltr' id='par_1_117' title="bbox 2241 5639 3798 5778">
     <span class='ocr_line' id='line_1_123' title="bbox 2241 5639 3798 5778; baseline -0.008 -72"><span class='ocrx_word' id='word_1_920' title='bbox 2241 5639 2419 5778; x_wconf 46' lang='grc' dir='ltr'><strong>21ἓϐϐ)</strong></span> <span class='ocrx_word' id='word_1_921' title='bbox 2458 5639 2782 5706; x_wconf 74' lang='lat' dir='ltr'><strong>Theodoret.</strong></span> <span class='ocrx_word' id='word_1_922' title='bbox 2805 5687 2822 5713; x_wconf 88' lang='lat'><strong>,</strong></span> <span class='ocrx_word' id='word_1_923' title='bbox 2847 5639 3129 5702; x_wconf 57' lang='lat' dir='ltr'><strong>&#39;ﬂazretie.</strong></span> <span class='ocrx_word' id='word_1_924' title='bbox 3160 5639 3414 5714; x_wconf 56' lang='lat' dir='ltr'><strong>&#39;fabular.</strong></span> <span class='ocrx_word' id='word_1_925' title='bbox 3449 5639 3544 5695; x_wconf 78' lang='lat' dir='ltr'><strong>tib.</strong></span> <span class='ocrx_word' id='word_1_926' title='bbox 3583 5653 3624 5704; x_wconf 87' lang='grc' dir='ltr'>ι,</span> <span class='ocrx_word' id='word_1_927' title='bbox 3669 5649 3798 5706; x_wconf 52' lang='lat' dir='ltr'><strong>pay</strong></span> 
     </span>
    </p>
   </div>
  </div>
