3942 6346
209 407 286 467 ωε
1110 397 1196 452 DE
1233 396 1390 452 VITA
1425 396 1513 451 ET
1555 393 1863 450 SCRIPTIS
1901 396 1958 450 S.
1998 393 2380 449 HIPPOLYTI.

3260 401 3364 456 δυσ

205 526 370 581 dustria:
398 520 692 585 Anastasii,
728 518 1064 588 apocrisiarii
1116 517 1345 574 Romani
1389 517 1688 588 pontificis,
1720 527 1764 582 Α
1794 516 2078 570 humanum
2101 515 2238 568 idem
2277 517 2384 584 ipse
2413 516 2675 581 privatum
2705 516 2978 571 divinitate
3013 533 3212 587 gerens,
3247 536 3363 573 ser-

203 617 268 689 qui
291 632 340 670 ea
369 611 660 682 naufragio,
690 627 800 681 quo
838 612 1107 680 reliquum
1140 611 1319 680 operis
1343 610 1568 673 interiit,
1599 609 1708 663 eri-

202 710 296 777 puit.
327 703 533 757 'llustris
561 702 649 756 hic
675 702 797 755 ﬁdei
821 701 887 756 de
916 701 1129 757 duabus
1165 701 1535 756 voluntatibus
1561 715 1697 755 con-

202 794 626 853 trailonothelitas
648 792 934 847 confessor
980 800 1034 846 et
1077 793 1297 856 athleta,
1335 809 1457 848 cum
1484 793 1595 862 jam
1645 793 1697 845 in

202 907 249 944 eo
272 898 408 948 esset.
432 897 487 940 ut
516 895 686 940 totum
724 884 869 938 hunc
897 882 955 937 S.
987 881 1254 956 Hippolyti
1288 891 1576 939 tractatum
1607 882 1700 936 de-

197 981 377 1037 scribere
403 978 674 1047 inciperet,
720 976 920 1031 invidia
952 977 1296 1032 inimicorum
1325 976 1568 1032 veritatis
1597 975 1700 1029 im-

198 1075 360 1142 peritus,
396 1085 496 1124 non
541 1069 647 1122 nisi
685 1068 800 1122 htec
843 1076 966 1122 octo
1009 1069 1128 1124 loca
1172 1084 1460 1138 excerpere
1502 1067 1695 1136 potuit.

197 1164 384 1218 Profecto
425 1163 468 1215 si
514 1161 630 1216 haec
658 1170 912 1232 excerpta
945 1163 1092 1216 velut
1121 1171 1326 1232 partem
1356 1161 1535 1230 operis
1566 1159 1696 1230 Hip-

199 1258 339 1328 polytei
367 1271 462 1309 non
503 1255 933 1325 susciperemus,
976 1255 1158 1325 injurii
1200 1269 1445 1310 essemus
1474 1254 1528 1307 in
1558 1259 1701 1307 hunc

200 1347 503 1403 doctissimum
532 1347 748 1413 virum;
783 1348 1084 1417 prtesertim
1111 1361 1236 1402 cum
1267 1345 1412 1400 nulla
1441 1344 1582 1400 adsit
1606 1359 1701 1414 po-

202 1444 308 1498 sitit:
346 1441 492 1505 ratio,
525 1455 634 1509 qua
665 1440 973 1494 elevaretur
1003 1439 1300 1493 auctoritas
1325 1447 1436 1491 tam
1477 1451 1702 1491 venera-

200 1539 298 1590 tione
322 1535 450 1604 digiti
501 1532 827 1602 scriptoris,
873 1531 1050 1601 qualis
1095 1539 1180 1586 est
1221 1527 1574 1594 Anastasius,
1605 1527 1697 1597 qui

203 1631 404 1698 integrum
425 1640 558 1694 opus
589 1625 645 1678 in
675 1625 931 1680 manibus
956 1624 1166 1678 habuit.

392 1716 416 1787 ς
444 1715 529 1768 111.
558 1715 815 1785 Analysis
838 1715 1024 1768 horum
1052 1724 1433 1784 excerptorum.

245 1807 417 1861 Initium
447 1807 607 1876 hujus
635 1815 904 1861 tractatus
932 1807 1088 1877 juxta
1123 1805 1471 1860 Anastasium
1497 1801 1702 1856 Biblio-

1801 624 1929 662 uans
1955 608 2161 660 sibimet
2186 608 2397 661 modum
2428 609 2710 662 secundum
2743 621 3018 681 utrumque
3053 610 3361 665 immutabi-

1799 699 1920 763 lem,
1944 715 2033 769 per
2062 715 2212 769 quem
2238 710 2480 770 operatus
2508 712 2585 756 est
2618 713 2834 772 utraque
2858 703 3058 757 decenti
3088 704 3260 766 ntodo,
3294 705 3363 757 ad

1799 793 2225 862 approbationem
2270 794 2532 862 perfecta,
2568 811 2629 847 ac
2661 810 2810 858 verat,
2857 795 3088 867 nihilque
3127 796 3363 849 habentis

1797 884 2072 952 pravitatis
2102 883 2548 938 im‘tumanationis
2596 901 2726 938 sum.
2784 883 2972 945 Itaque
2993 884 3126 939 Bero
3155 886 3364 955 quidem

1797 976 1874 1029 sic
1911 991 1965 1028 se
1997 975 2212 1037 habens,
2247 984 2304 1027 ut
2336 975 2470 1041 dixi,
2512 977 2828 1045 operationis
2867 977 3088 1030 monade
3116 975 3366 1030 deitatem

1799 1066 1996 1122 Christi
2024 1078 2072 1122 et
2093 1069 2472 1122 humanitatem
2498 1068 2811 1122 naturaliter
2835 1068 2992 1122 simul
3021 1069 3364 1138 confundens,

1797 1169 1846 1214 et
1888 1163 2120 1231 partiens
2147 1163 2530 1232 personaliter,
2579 1163 2822 1217 dissoluit
2871 1165 3070 1229 vitam,
3118 1165 3365 1233 ignorans

1798 1253 1963 1306 solius
1997 1253 2420 1308 connaturalium
2451 1269 2798 1322 personarum
2826 1254 3189 1308 connaturalis
3216 1255 3367 1306 iden-

1801 1344 1970 1398 titatis
2018 1346 2254 1399 eamdem
2300 1347 2467 1414 ipsam
2514 1347 2868 1416 operationem
2910 1363 3020 1401 esse
3055 1347 3366 1417 signiﬁcati-

1801 1453 1936 1490 vam.

2307 1528 2702 1586 ARTICULUS
2737 1530 2867 1586 VIII.

1942 1637 1986 1677 Β.
2017 1636 2298 1677 ΠΙΡΡΟιῖΤΙ
2332 1638 2647 1679 TRACTATUS
2678 1639 2743 1678 DE
2777 1639 3227 1692 CHARISMATIBUS,

2166 1709 2233 1746 ΕΤ
2269 1707 2486 1748 ιιοιιιιΑ
2520 1708 2570 1748 IN
2603 1711 2998 1750 THEOPHANIAI.

1903 1779 1932 1852 ᾗ
1970 1778 2016 1836 I.
2048 1777 2110 1838 S.
2142 1780 2417 1852 Hippolyti
2448 1793 2705 1838 tractatus
2735 1783 2812 1838 De
2841 1784 3270 1839 charismatibus.

203 1900 424 1953 thecarium
456 1899 526 1952 ita
560 1899 759 1953 habet:
792 1899 981 1966 ’Ἄγιος
1001 1937 1014 1961 ,
1045 1897 1217 1967 ἅγιος,
1253 1897 1406 1965 ἅγιος
1442 1895 1693 1949 Dominus

1870 1895 1986 1952 Non
2016 1897 2190 1953 solum
2225 1913 2288 1953 ex
2328 1898 2649 1954 auctoritate
2681 1900 3021 1954 monumenti
3058 1901 3372 1964 marmorei,

206 1990 384 2054 Sabaoth,
414 1991 699 2045 incessanti
745 2007 864 2044 voce
894 1990 1186 2044 clamantes
1235 1989 1496 2059 seraphim
1535 1985 1703 2040 Deum

205 2083 444 2150 glorificent.

246 2173 374 2227 Beron
398 2183 449 2227 et
472 2173 621 2228 illius
653 2187 921 2243 sequaces
951 2169 1304 2226 admittebant
1327 2170 1700 2225 confusionem

204 2270 363 2321 duarum
407 2280 728 2320 naturarum
776 2265 834 2319 in
876 2264 1116 2330 Christo,
1151 2274 1206 2319 et
1247 2278 1353 2318 non
1390 2263 1494 2319 nisi
1537 2278 1699 2317 unam

201 2361 488 2427 agnoscebant
524 2359 579 2413 in
620 2374 693 2413 eo
735 2357 1124 2428 operationem.
1175 2357 1480 2415 Credebant
1510 2356 1704 2411 divini-

201 2461 309 2504 tatem
335 2465 442 2505 esse
472 2449 818 2520 passibilem,
857 2457 913 2504 et
955 2449 1346 2503 humanitatem
1388 2449 1702 2504 earumdem

199 2543 518 2612 opeutionum,
545 2557 672 2612 qua:
701 2541 803 2598 soli
818 2539 998 2596 Verbo
1025 2548 1416 2611 competereut,
1446 2556 1699 2610 capacem

198 2635 286 2689 iure.
328 2635 436 2690 Hac
469 2636 660 2705 opinio
707 2649 773 2690 eo
816 2633 936 2689 illos
974 2632 1220 2697 adduxit,
1261 2642 1321 2688 ut
1354 2633 1701 2689 defenderent

197 2725 370 2783 I’erbum
402 2729 684 2784 hominem
729 2728 934 2783 factum
975 2742 1098 2784 esse
1136 2727 1434 2781 mutatione
1473 2743 1586 2784 suae
1618 2727 1701 2782 di-

195 2820 372 2875 vinitatis
396 2822 444 2874 in
475 2831 736 2875 naturam
771 2822 1088 2885 humanam,
1118 2828 1170 2873 et
1201 2819 1476 2875 hominem
1494 2818 1696 2874 factum

193 2911 312 2966 fuisse
329 2910 475 2966 Deum
514 2913 827 2967 mutatione
857 2912 1105 2965 humana:
1127 2919 1336 2965 natura:
1364 2909 1420 2964 in
1445 2910 1699 2964 divinita-

193 3013 284 3056 tem.
321 3001 380 3058 Ut
415 3005 752 3074 impietatem
787 3003 926 3058 hanc
959 3000 1221 3056 refutaret
1257 2998 1316 3054 S.
1355 2997 1694 3072 Hippolytus,

193 3091 230 3142 I'
253 3092 377 3148 docet
405 3092 642 3148 Verbum
681 3093 816 3164 (67)
844 3093 1086 3149 divinum
1119 3091 1450 3148 assumendo
1475 3107 1695 3147 carnem

191 3196 228 3238 et
248 3197 452 3242 naturam
480 3189 783 3243 humanam
811 3187 1012 3242 nullam
1055 3187 1108 3241 in
1140 3186 1420 3242 divinitate
1443 3201 1541 3241 sua
1571 3201 1694 3240 mu-

193 3279 389 3334 tationem
421 3295 650 3350 passum
683 3279 881 3346 fuisse;
909 3279 965 3332 2'
1003 3279 1141 3333 duas
1166 3287 1392 3333 naturas
1427 3277 1622 3332 astruit
1646 3277 1701 3332 in

191 3369 502 3444 Christo(68),
543 3373 790 3428 divinam
840 3381 893 3427 et
925 3371 1216 3426 humanam
1263 3372 1611 3436 inconfttsas,
1650 3380 1706 3426 et

192 3462 288 3518 duas
307 3467 633 3534 operationes
649 3481 713 3520 ac
734 3465 1068 3532 voluntates;
1097 3466 1153 3519 3°
1180 3464 1399 3534 exponit
1431 3463 1704 3535 quomodo

193 3552 294 3610 Deus
317 3572 397 3626 per
424 3573 650 3612 carnem
695 3563 948 3626 operetur
983 3554 1140 3625 (69);
1189 3553 1243 3606 4ο
1283 3568 1348 3609 ex
1393 3553 1606 3608 duabus
1648 3554 1703 3607 in

189 3640 354 3699 Christo
387 3647 593 3700 naturis
632 3645 1009 3715 proprietates,
1049 3653 1102 3698 st
1139 3643 1483 3713 operationes
1509 3642 1704 3697 distin-

190 3746 273 3789 ctas
302 3736 504 3793 ulterius
541 3738 748 3807 probat
775 3734 832 3790 S.
861 3734 1180 3807 Hippolytus
1211 3735 1358 3806 (70);
1389 3734 1444 3789 5°
1474 3734 1703 3789 demon-

191 3837 289 3880 strat
329 3842 498 3884 contra
542 3829 820 3884 Beronem
857 3838 912 3882 et
953 3827 1072 3898 ejus
1123 3843 1386 3898 sequaces
1432 3842 1597 3882 unam
1647 3827 1703 3880 in

189 3916 354 3974 Christo
390 3935 503 3976 esse
541 3935 843 3991 personam
880 3919 1030 3990 (7i);
1076 3920 1270 3976 deinde
1311 3920 1546 3975 ostendit
1577 3934 1701 3974 car-

193 4021 280 4061 nem
307 4011 350 4062 in
377 4021 623 4066 naturam
665 4011 906 4065 divinam
940 4009 1138 4063 mutari
1174 4009 1316 4063 haud
1346 4025 1539 4078 posse;
1571 4025 1704 4076 ope-

195 4102 496 4173 rationemque
519 4105 821 4158 humanam
843 4118 872 4157 a
892 4103 1072 4158 divina
1097 4103 1408 4157 distinctam
1432 4103 1699 4174 essc(72).

196 4189 376 4249 Tandem
398 4213 458 4250 ex
491 4197 578 4252 his
613 4194 892 4249 concludit
913 4201 1135 4248 sanctus
1155 4191 1313 4246 Pater
1338 4192 1408 4246 ita
1431 4192 1574 4262 (75):
1610 4191 1704 4246 Pie

193 4297 278 4352 ergo
311 4285 566 4355 conﬁtetur
614 4285 863 4349 credens,
909 4285 1033 4354 quia
1079 4294 1291 4353 propter
1341 4283 1564 4337 salutem
1610 4300 1703 4338 no—

196 4382 333 4438 stum,
367 4388 408 4430 et
440 4387 494 4430 ut
533 4377 605 4430 ad
646 4373 1195 4428 inconversibilitatem
1229 4373 1415 4444 ligaret
1451 4376 1704 4430 universi-

198 4474 330 4529 tatem,
373 4470 728 4522 universorum
753 4467 1004 4523 Conditor
1030 4484 1093 4520 ea:
1123 4468 1457 4521 sanctissima
1506 4485 1706 4538 semper

1805 1987 1898 2042 sed
1935 1988 2097 2043 etiam
2134 2002 2199 2043 ex
2236 1986 2550 2043 testimonio
2593 1989 3090 2058 manuscriptorum
3125 1989 3372 2045 codicum

1805 2077 2148 2146 Viennensis,
2186 2094 2282 2134 seu
2331 2077 2786 2145 Vindohonensis,
2837 2090 2891 2134 et
2935 2078 3263 2136 Oxoniensis
3305 2081 3372 2136 ad

1805 2170 1861 2224 S.
1912 2169 2258 2242 Hippolytum
2307 2186 2336 2224 a
2386 2171 2518 2226 viris
2561 2171 2790 2227 eruditis
2829 2171 3123 2228 Pcarsonio
3166 2173 3277 2244 (74)
3319 2182 3376 2229 et

1802 2262 2051 2319 Fabricio
2091 2264 2202 2335 (75)
2239 2264 2472 2318 refertur
2515 2263 2654 2331 Περὶ
2700 2263 3076 2333 χαρισμάτων
3117 2265 3399 2319 ἀποστο-’

1800 2355 1940 2424 luci)
1974 2354 2335 2424 παράδοσις,
2379 2355 2454 2410 De
2483 2356 2892 2411 charismatibus
2931 2358 3223 2426 apostolica
3266 2367 3376 2410 tra-

1801 2447 1956 2514 ditio,
1997 2461 2106 2502 una
2146 2462 2268 2501 cum
2307 2447 2429 2501 aliis
2481 2448 2788 2509 nonnullis,
2834 2464 2956 2519 qua:
2997 2449 3216 2520 quidem
3261 2451 3375 2520 jam

1799 2537 2007 2608 pridem
2034 2537 2178 2594 edita
2211 2535 2431 2592 fuerunt
2453 2539 2504 2592 in
2528 2539 2665 2594 libro
2692 2549 2883 2595 octavo
2929 2539 3376 2595 Constitutionum

1799 2630 2235 2700 apostolicarum,
2263 2645 2420 2698 quas,
2457 2645 2580 2684 cum
2609 2646 2675 2684 ex
2701 2631 2868 2685 variis
2893 2631 3115 2686 secundi
3147 2640 3202 2686 et
3231 2632 3375 2686 tertii

1800 2723 1984 2777 saeculi
2019 2723 2386 2778 monumentis
2421 2723 2812 2778 consarcinata:
2844 2721 2972 2785 sint,
3005 2721 3376 2778 Cletnentinas

1797 2813 1960 2883 vulgo
1999 2828 2095 2869 seu
2125 2813 2450 2884 apostolicas
2499 2813 2739 2868 solemus
2778 2813 3068 2883 appellare,
3102 2813 3156 2866 in
3198 2813 3374 2868 lucem

1797 2914 1978 2960 tamen
2022 2906 2342 2977 prodierunt
2382 2905 2500 2960 sine
2539 2905 2757 2959 nomine
2798 2903 2856 2959 S.
2901 2903 3192 2977 Hippolyti.
3237 2904 3377 2972 Quia

1795 3009 1926 3050 vero
1972 2996 2029 3049 in
2074 2997 2260 3052 codice
2288 3011 2420 3050 mss.
2449 2995 2700 3050 Ctesareo
2731 2993 3160 3062 Vindobonensi,
3204 3003 3258 3050 et
3295 2996 3376 3050 aI-

1796 3103 1912 3158 gero
1941 3085 2258 3155 Oxoniensi,
2304 3088 2358 3142 in
2389 3087 2588 3157 quibus
2627 3085 2897 3160 Hippolyti
2929 3103 3126 3143 nomen
3155 3103 3378 3157 expres-

1803 3194 1924 3234 sum
1950 3188 2053 3244 est,
2085 3174 2331 3250 quaedam
2361 3179 2516 3234 aliter
2543 3179 2817 3249 leguntur,
2857 3194 3022 3250 quam
3053 3179 3108 3234 in
3137 3179 3368 3249 vulgatis

1728 3243 1771 3300 ο
1805 3243 2250 3327 Constitutionum
2299 3268 2472 3331 libris.
2504 3243 2757 3326 Albertus
2788 3243 3071 3325 Fabricius
3104 3270 3210 3325 illis
3233 3243 3380 3325 inter

1803 3378 1965 3432 opera
1995 3361 2054 3418 S.
2089 3362 2359 3434 Hippolyti
2389 3362 2568 3417 locum
2609 3363 2882 3417 concessit
2905 3378 2969 3417 ex
2993 3363 3247 3418 versione
3274 3361 3377 3416 La-

1807 3456 1918 3509 tina
1948 3454 2093 3510 Guil.
2138 3453 2350 3509 Ernesti
2381 3453 2590 3520 Grabe,
2643 3470 2804 3524 quam
2858 3455 3165 3509 versionem
3213 3455 3375 3508 etiam

1801 3546 2039 3602 Joannes
2067 3547 2368 3604 Cotelerius
2407 3548 2710 3602 adornavit.
2740 3548 2934 3617 Agitur
2960 3556 3141 3602 autem
3174 3547 3228 3601 in
3273 3548 3378 3602 ltoc

1804 3648 2036 3694 tractatu
2102 3640 2169 3693 de
2230 3639 2652 3693 charismatibus
2719 3638 2955 3708 Spiritus
3013 3638 3230 3702 sancti,
3287 3638 3377 3693 cui

1803 3731 1996 3785 deinde
2020 3731 2202 3801 aliqua
2229 3730 2333 3784 alia
2369 3745 2434 3784 ex
2469 3731 2614 3785 dicto
2640 3731 2776 3784 libro
2802 3739 2996 3785 octavo
3025 3729 3377 3784 Constitutio-

1805 3841 1925 3878 num
1959 3824 2369 3894 apostolicarum
2399 3824 2785 3892 subjiciuntur.

1871 3916 2138 3972 Caeterum
2194 3916 2484 3970 observant
2531 3915 2718 3970 Patres
2762 3914 2994 3969 Maurini
3027 3914 3179 3985 (76),
3229 3915 3376 3985 quod

1804 4018 2024 4065 sanctus
2056 4007 2376 4079 Hippolytus
2407 4009 2459 4062 in
2494 4018 2725 4062 tractatu
2752 4007 2828 4060 De
2869 4001 3277 4062 charismatibus
3307 4009 3376 4063 ad

1803 4117 1923 4171 cap.
1975 4117 2048 4155 xu
2094 4101 2321 4170 apostoli
2379 4101 2528 4156 Pauli
2580 4099 2832 4169 Epistulae
2877 4097 2894 4152 I
2945 4099 3012 4154 ad
3058 4099 3376 4154 Corinthios

1803 4192 2036 4249 fortasse
2082 4193 2410 4262 respexerit,
2450 4193 2504 4247 iu
2556 4207 2667 4263 quo
2711 4192 2861 4244 varia
2911 4189 3149 4260 Spiritus
3200 4193 3374 4247 sancti

1803 4287 1944 4340 dona
2011 4294 2508 4340 commemorantur
2565 4286 2618 4338 in
2682 4283 3044 4338 ministerium
3115 4283 3374 4340 Ecclesia:

1802 4379 1947 4432 data.
1985 4377 2221 4447 Indeque
2252 4376 2457 4446 colligit
2488 4375 2777 4446 perdoctus
2809 4374 3050 4447 Scaliger
3085 4370 3143 4430 S.
3175 4375 3376 4447 Hippo-

1804 4469 1971 4540 lytum
2021 4477 2290 4532 nostrum,
2347 4482 2454 4521 non
2499 4469 2553 4520 in
2592 4467 2830 4537 integros
2864 4465 3158 4536 Scriptura:
3204 4483 3374 4525 sacra:

207 4554 363 4628 Virgine
408 4562 580 4614 Maria
631 4576 724 4631 per
764 4561 1144 4629 conceptionem
1191 4559 1546 4613 inviolabilem
1591 4562 1702 4614 sine
1734 4581 1775 4635 ο
1805 4563 1993 4626 libros,
2042 4559 2138 4616 sed
2190 4561 2243 4613 in
2277 4559 2475 4614 selecta
2503 4559 2765 4614 duntaxat
2791 4559 2910 4614 loca
2948 4561 3372 4617 commentarios

198 4653 574 4709 mmsibilitate
625 4652 984 4705 substantians
1019 4649 1223 4704 sibimet
1261 4651 1495 4704 animam
1544 4652 1699 4705 intel-

198 4741 414 4797 lectualem
464 4763 583 4799 cum
631 4745 876 4799 sensitin
927 4759 1160 4810 corpore,
1187 4740 1376 4798 natura
1418 4743 1590 4814 factus
1623 4754 1699 4798 est

199 4834 326 4901 homo,
348 4839 552 4893 malitia:
585 4839 824 4902 alienus;
858 4846 995 4891 totus
1026 4838 1166 4890 Deus
1196 4839 1338 4907 ipse,
1371 4846 1508 4890 totus
1547 4837 1700 4890 homo

199 4925 298 4980 idem
317 4930 442 4998 ipse;
482 4941 620 4985 totus
667 4931 804 4984 Deus
833 4940 1033 5000 pariter
1067 4941 1282 4994 natura,
1312 4937 1360 4982 et
1387 4928 1537 4981 homo
1565 4927 1700 4981 idem

200 5023 293 5084 ίβιε.
327 5028 517 5083 Deitate
541 5029 751 5100 quidem
779 5029 956 5081 divina
982 5043 1074 5096 per
1100 5044 1251 5081 suam
1278 5026 1446 5095 ipsius
1475 5023 1702 5078 sanctis-

202 5113 344 5168 simam
369 5134 566 5172 carnem
586 5135 687 5171 non
712 5105 1018 5172 exsistentia
1041 5128 1232 5171 natura
1256 5116 1431 5170 carnis
1459 5129 1697 5184 operam,

203 5205 471 5264 humanitate
497 5228 612 5265 vero
639 5212 870 5265 humana
895 5228 999 5265 non
1025 5211 1330 5266 exsistentia
1368 5217 1562 5262 natura
1596 5205 1703 5259 dei-

206 5301 312 5354 tatis.
356 5301 495 5356 Nihil
539 5305 773 5358 divinum
810 5305 1008 5358 nudum
1048 5321 1261 5375 corpore
1298 5312 1580 5375 operatur,
1629 5299 1702 5352 nil

374 5439 634 5514 Hippolyt.
662 5442 946 5514 fragment.
976 5443 1022 5500 I.

374 5505 509 5584 Idem
535 5505 816 5584 fragment.
848 5513 905 5568 2.

380 5579 516 5653 Idem
545 5576 828 5653 fra'gntent,
858 5587 912 5638 ⁸5.

380 5650 515 5724 Idem
542 5645 828 5724 fragment.
859 5654 914 5707 4.

257 5716 350 5792 (1!)
385 5722 520 5792 Idem
548 5716 827 5792 fragment.
853 5725 906 5779 5.

259 5785 354 5854 (72)
386 5791 521 5845 Idem
553 5785 680 5847 ibid.

264 5796 335 5854 [Tt
387 5796 521 5845 Idem
553 5796 680 5847 ibid.

264 5796 356 5927 (Β)
391 5863 524 5918 Idem
551 5863 844 5933 fragmento
875 5864 928 5919 8.

1799 4669 2072 4710 exarasse.
2111 4653 2558 4723 Sapientissimus
2591 4651 2969 4708 Tillemoutius
3000 4653 3163 4724 hujus
3191 4655 3372 4724 operis

1802 4747 2015 4801 titulum
2067 4761 2191 4800 cum
2243 4745 2628 4815 subsequentis
2686 4745 2740 4798 in
2799 4744 3018 4800 laudato
3064 4761 3372 4800 marmoreo

1799 4849 2152 4895 monumento
2195 4839 2322 4892 libri
2356 4839 2514 4893 titulo
2543 4838 2848 4908 coniungit,
2882 4853 3044 4909 quem
3077 4838 3150 4893 ita
3187 4848 3368 4894 trans-

1799 4934 1972 5004 ponit,
2002 4942 2064 4987 ut
2089 4932 2443 5003 posteriorem
2466 4931 2642 5002 primo
2675 4931 2816 4998 loco,
2841 4939 2895 4986 et
2922 4931 3158 5001 primum
3181 4930 3372 4985 ultimo

1799 5027 1919 5081 loco
1951 5034 2137 5096 ponat,
2184 5035 2347 5094 atque
2375 5039 2442 5079 ex
2471 5023 2686 5079 duobus
2721 5039 2890 5078 unum
2934 5023 3197 5078 duntaxat
3238 5022 3371 5076 titu-

1799 5123 1911 5178 lum
1957 5121 2152 5186 faciat,
2208 5121 2297 5176 cui
2363 5119 2510 5174 hunc
2572 5134 2793 5174 sensum
2849 5119 3086 5173 astruit:
3129 5102 3390 5171 Traditio‘

1801 5214 2090 5283 apostolica
2137 5211 2200 5267 de
2244 5209 2648 5265 charismutibus
2689 5210 3038 5264 uerisimiliter
3074 5226 3167 5280 pro
3223 5209 3368 5278 refu-

1804 5307 1976 5360 tandis
2011 5304 2347 5358 Montanistis
2375 5302 2511 5374 (77).
2568 5301 2634 5356 Hi
2669 5302 2808 5357 tituli
2841 5302 2915 5357 ita
2947 5301 3154 5357 aduniti
3201 5300 3371 5356 babe-

1871 5439 1981 5514 (Zd)
2020 5437 2301 5514 Bearsottq
2345 5432 2788 5514 Vindic._lgnat_.,
2818 5443 2958 5514 part.
2988 5449 3030 5514 t_,
3055 5447 3174 5514 cap.
3205 5432 3261 5514 ι.

1839 5531 1841 5535 ί
1873 5502 1984 5578 (75)
2023 5502 2236 5562 Fabrici
2261 5547 2276 5573 ,
2320 5515 2452 5560 tom.
2490 5502 2672 5574 Hipp.
2721 5505 2779 5559 S.
2821 5502 3066 5574 Ilippol.,
3113 5502 3372 5573 Praefat.,

1805 5595 1926 5650 pag.
1946 5580 2010 5650 77.

2026 5647 2172 5704 Hist.
2202 5646 2465 5702 littéraire
2492 5645 2555 5700 de
2583 5645 2635 5699 la
2667 5643 2892 5711 France,
2919 5654 3050 5699 tom.
3078 5643 3167 5701 cit.
3191 5685 3207 5712 ,
3242 5659 3370 5717 pag.

1805 5720 1990 5862 08:37)
2024 5787 2328 5846 Tillemont.
2353 5829 2367 5855 ,
2396 5789 2433 5842 ι.
2467 5803 2540 5857 c.,
2572 5802 2692 5858 pag.
2727 5784 2844 5840 too.
