3942 6346
558 375 662 429 '07

561 411 588 429 ν

561 411 588 430 ν

1529 381 1616 436 DE
1651 383 1811 438 VITA
1848 384 1935 438 ΕΤ
1976 385 2282 441 SCRIPTIS
2321 386 2375 442 S.
2417 385 2798 442 HIPPOLYTI.

3660 396 3774 450 308

564 503 686 546 rent
729 508 860 548 sane
887 495 1227 564 aptissimum
1265 497 1623 568 signiﬁcatum
1654 501 1720 555 ad
1753 504 1952 559 multos
1976 503 2114 558 dilli-
2141 513 2186 565 Α
2219 505 2371 560 theca
2423 504 2738 560 Bodleiana"
2771 505 2911 560 inter
2958 505 3169 560 codices
3206 505 3568 562 Baroccianos
3610 525 3766 564 num.

561 583 824 638 cultatum
847 586 1017 640 nodos
1036 587 1318 653 secandos,
1341 588 1635 646 dummodo
1658 592 1770 646 hec
1793 593 2115 649 Tillemontii

561 677 874 746 conjectura
927 688 1036 733 tam
1084 691 1230 738 certa
1259 691 1401 738 esset
1427 698 1492 738 ac
1524 685 1823 754 ingeniosa.
1877 684 2022 740 Ordo
2061 703 2117 739 e-

561 769 694 835 nim,
745 785 905 839 quem
935 771 988 824 in
1022 787 1084 826 ea
1115 773 1308 828 tabella
1345 775 1719 839 observamus,
1766 794 1872 832 non
1909 780 2116 834 videtur

560 876 681 914 eam
727 863 1198 930 transpositionem
1241 867 1540 922 admittere.
1590 867 1717 923 Post
1755 869 1964 924 titulum
2009 881 2116 924 tra-

560 961 739 1007 ctatus
770 951 843 1006 De
869 954 1303 1023 charismatibus,
1349 959 1493 1013 illico
1533 959 1759 1029 legimus
1803 971 2112 1030 sequentem

555 1041 617 1099 ,ιη
649 1042 868 1099 laudato
906 1045 1118 1115 lapideo
1143 1059 1528 1104 monumento:
1569 1050 1919 1122 Ἀποστολικὴ
1949 1053 2114 1123 παρά-

554 1142 735 1199 δοσις,
787 1139 1074 1205 apostolica
1123 1141 1358 1194 traditio.
1411 1140 1697 1195 Doctorum
1745 1143 1956 1198 animos
2001 1144 2114 1199 hec

557 1229 815 1295 questio:
856 1245 1017 1298 quem
1065 1231 1260 1285 librum
1292 1233 1338 1287 is
1371 1233 1560 1288 titulus
1597 1236 1906 1301 annuntiet,
1933 1237 2113 1291 varias

555 1317 612 1370 in
643 1319 928 1386 opiniones
955 1321 1207 1377 detraxit.
1241 1321 1572 1379 Sententiam
1596 1324 1922 1380 Tillemontii
1952 1328 2112 1396 paulo

555 1418 715 1465 antea
745 1413 1117 1481 exposuimus.
1149 1414 1385 1486 Scaliger
1417 1416 1523 1486 (78)
1553 1427 1739 1472 censet
1765 1416 2109 1490 Hippolytum

554 1511 798 1556 nostrum
835 1503 938 1559 hoc
978 1506 1080 1559 sub
1123 1507 1281 1561 titulo
1326 1507 1466 1562 idem
1495 1518 1868 1578 argumentum
1905 1523 2110 1580 pertra-

555 1601 768 1657 ctasse,
797 1595 942 1663 quod
976 1594 1033 1650 S.
1069 1596 1304 1652 lreneus
1337 1597 1474 1652 libro
1513 1601 1668 1654 tertio
1705 1602 1822 1655 adv.
1865 1603 2106 1668 hereses,

557 1699 678 1753 cap.
709 1687 743 1738 2
771 1697 822 1740 et
848 1687 881 1740 5
907 1688 1094 1756 paucis
1113 1687 1375 1743 duntaxat
1397 1700 1710 1760 persecutus
1738 1702 1839 1747 est.
1869 1692 1942 1747 Le
1963 1692 2109 1764 Moy—
2164 1753 2166 1756 _

554 1775 680 1831 nius
721 1791 828 1831 non
859 1778 1129 1849 discrepat
1163 1781 1230 1834 ab
1261 1781 1361 1836 hac
1386 1781 1666 1850 opinione,
1703 1785 1828 1838 dum
1872 1785 2106 1839 arbitra-

2216 596 2286 650 26
2311 606 2364 650 et
2390 595 2491 650 185
2522 605 2697 652 exstat
2725 611 2888 649 manu
2918 605 3135 650 exarata
3177 605 3311 652 teste
3337 596 3628 652 Pearsonio
3655 600 3768 664 ('80)

2215 696 2268 738 et
2299 684 2499 740 Grahio
2527 684 2658 755 (81),
2691 694 2851 754 atque
2892 684 2943 737 in
2993 687 3360 754 manuscripto
3407 687 3594 742 Greco
3622 690 3768 757 apud

2217 776 2562 830 Lambecium
2579 777 2687 846 (82)
2705 778 2847 831 hunc
2881 793 3057 846 prese
3079 777 3182 832 fert
3208 780 3419 833 titulum
3446 799 3459 832 :
3485 781 3771 846 Διατάξεις

2213 868 2321 920 τῶν
2341 869 2510 936 ἁγίων
2543 869 2847 922 ἀποστόλων
2875 869 2962 922 διὰ
3001 869 3331 923 Ἱππολύτου.
3359 867 3682 926 Pearsonitts
3710 883 3772 926 ει

2217 957 2526 1014 Dodwellus
2575 969 2884 1015 asseverant
2952 961 3054 1015 hoc
3120 959 3399 1032 Hippolyti-
3439 964 3765 1030 opusculum

2214 1052 2390 1119 quoad
2444 1052 2734 1104 maximam
2793 1060 2996 1120 partem
3050 1051 3161 1120 jam
3219 1053 3493 1122 vulgatum
3549 1053 3768 1108 essein

2214 1152 2405 1196 octavo
2439 1141 2880 1195 Constitutionum
2913 1143 3320 1211 apostolicarum
3367 1143 3527 1208 libro,
3564 1159 3768 1212 quam-

2213 1235 2294 1288 vis
2319 1235 2573 1288 nonnulla
2600 1234 2754 1289 aliter
2783 1235 3109 1303 quandoque
3140 1233 3411 1301 leguntur,
3447 1243 3504 1287 ut
3527 1234 3770 1288 Grabius

2211 1323 2441 1386 monuit,
2469 1323 2560 1392 qui
2604 1339 2726 1393 pag.
2755 1322 2860 1377 286
2889 1322 2980 1376 illa
3033 1320 3322 1393 Sptcilegta
3361 1322 3583 1376 Patrum
3613 1323 3768 1377 tertii

2212 1415 2392 1470 seculi
2420 1416 2741 1470 inserturum
2776 1431 2834 1469 se
2871 1414 3144 1484 pollicitus
3171 1424 3253 1469 est
3306 1414 3438 1483 (83).
3472 1417 3541 1468 At
3568 1423 3629 1468 ut
3663 1431 3766 1470 ve-

2211 1524 2330 1562 rum
2382 1506 2667 1570 fateamur,
2717 1505 2980 1576 quidquid
3036 1505 3236 1560 laudati
3270 1506 3443 1559 critici
3492 1507 3768 1560 disserere

2209 1607 2522 1667 potuerunt,
2555 1605 2612 1652 ut
2638 1598 2793 1652 nobis
2819 1597 3103 1666 aliqualem
3137 1597 3310 1650 ideam
3339 1597 3767 1666 suppeditarent,

2209 1691 2338 1760 quid
2374 1690 2550 1744 isthoc
2575 1690 2629 1743 in
2657 1704 2819 1758 opere
2858 1685 2916 1742 S.
2949 1688 3217 1758 Hippolyti
3241 1690 3632 1752 contineretur,
3661 1704 3764 1740 nc—

2209 1797 2481 1850 quaquam
2531 1781 2742 1835 excedit
2791 1781 3052 1850 spheram
3102 1794 3371 1832 merarum
3419 1778 3764 1846 conjectura-

552 1874 645 1919 tur
673 1871 774 1922 hoc
801 1883 940 1938 opus
971 1870 1238 1926 disserere
1283 1872 1350 1926 de
1397 1873 1640 1928 doctrina
1683 1890 1779 1929 seu
1823 1876 2108 1930 traditione
2139 1876 2182 1934 Β
2211 1889 2364 1936 rum;
2392 1887 2566 1941 neque
2610 1871 2762 1925 nobis
2806 1871 2938 1925 satis
2987 1868 3173 1924 ellicax
3204 1869 3416 1923 videtur
3464 1883 3762 1937 argumen-

551 1958 876 2025 apostolica;
906 1961 1050 2029 quod
1081 1962 1202 2016 inde
1228 1963 1447 2034 colligit,
1473 1964 1598 2034 quia
1621 1972 1858 2032 tempore
1887 1963 1944 2020 S.
1978 1965 2107 2034 Hip-

548 2049 719 2119 polyti
752 2050 900 2104 varia
930 2051 1090 2121 hujus
1117 2055 1329 2122 generis
1351 2095 1366 2117 ,
1412 2067 1464 2109 et
1492 2055 1706 2124 quidem
1736 2056 1898 2109 multa
1931 2067 2106 2111 exsta-

554 2139 685 2193 bant
715 2155 900 2210 opera,
931 2151 1092 2212 atque
1120 2144 1297 2199 adhuc
1330 2145 1774 2200 conliciebantur.
1812 2145 1945 2201 Nam
1979 2164 2103 2202 cum

550 2229 784 2284 heretici
812 2229 996 2301 [verba
1019 2240 1145 2286 sunt
1165 2233 1463 2288 doctissimi
1487 2234 1536 2288 le
1555 2233 1753 2305 Moynii
1773 2234 1908 2307 (79)]
1937 2237 2104 2290 multa

545 2318 834 2386 jactarent,
870 2337 990 2390 que
1027 2332 1284 2392 tanquam
1318 2324 1386 2378 ab
1416 2326 1674 2394 apostolis
1703 2327 1895 2382 hausta
1923 2329 2102 2382 omni-

547 2411 652 2464 bus
674 2411 1107 2478 obtruderentur,
1133 2415 1441 2479 orthodoxi,
1479 2425 1536 2470 ut
1560 2411 1828 2487 gr'assanti
1851 2421 1940 2474 isti
1962 2421 2104 2475 malo

549 2513 770 2570 possent
797 2505 937 2559 viam
981 2507 1367 2570 intercludere,
1417 2518 1470 2564 et
1513 2509 1774 2580 impedire
1813 2514 2104 2582 quominus

547 2597 820 2666 simplices
852 2609 904 2654 et
947 2599 1193 2655 rudiores
1224 2601 1402 2671 specie
1445 2602 1706 2658 doctrine
1736 2605 2100 2674 apostolorum

546 2685 889 2742 ﬂecterentur
929 2697 982 2743 et
1029 2690 1446 2754 seducerentur,
1481 2707 1662 2745 veram
1712 2701 1766 2746 et
1813 2695 2099 2762 genuinam

546 2777 858 2843 apostolica:
909 2780 1216 2834 traditionis
1263 2782 1456 2836 seriem
1502 2793 1985 2851 representarunt,
2036 2804 2103 2841 ne

546 2869 824 2936 splendida
855 2873 1219 2938 apostolorum
1253 2875 1571 2929 auctoritate
1595 2877 1716 2930 aliis
1749 2876 1906 2931 lucus
1929 2877 2098 2942 ﬁeret,

544 2968 598 3012 et
645 2959 751 3015 illis
797 2960 1132 3016 illuderetur.
1179 2962 1316 3018 Hinc
1360 2966 1576 3019 traditio
1622 2967 1986 3034 apostolorum
2032 2971 2102 3024 ab

543 3049 749 3104 lreneo
789 3066 914 3105 vera
952 3063 1330 3120 repraesentata
1364 3054 1500 3108 libro
1535 3071 1614 3119 ιιι,
1647 3071 1765 3125 cap.
1802 3057 1856 3120 '5,
1893 3059 1947 3122 4,
1991 3069 2096 3115 etc.

547 3138 691 3193 Nam
740 3157 855 3194 cum
914 3142 1268 3196 Valentiniani
1291 3154 1338 3197 et
1369 3142 1599 3200 Gnostici
1640 3148 1802 3201 multa
1851 3150 2097 3218 ﬁgmenta

2209 1971 2323 2016 tum
2359 1961 2486 2016 illud
2521 1977 2584 2014 ex
2609 1970 2840 2030 utroque
2881 1958 3246 2027 manuscripto
3275 1956 3678 2012 Vindobonensi
3706 1965 3764 2012 et

2206 2051 2498 2108 Oxoniensi
2531 2051 2951 2126 petitum,tquod
2980 2051 3233 2105 nimirum
3265 2049 3319 2103 in
3369 2058 3598 2118 utroque
3621 2065 3760 2103 mss.

2205 2145 2300 2198 lib.
2367 2160 2463 2198 vut
2518 2142 2965 2198 Constitutionum
3021 2141 3428 2210 apostolicarum
3476 2143 3759 2210 preﬁxum

2205 2236 2400 2290 haheat
2430 2251 2624 2291 nomen
2661 2233 2718 2288 S.
2751 2233 3020 2304 Hippolyti
3072 2234 3173 2288 hoc
3216 2234 3320 2288 sub
3379 2234 3556 2299 titulo,
3592 2231 3761 2286 Διδα-

2203 2329 2428 2380 σκαλία
2465 2326 2579 2380 τῶν
2637 2327 2816 2396 ἁγίων
2863 2327 3217 2380 ἀποστόλων
3273 2326 3405 2394 περὶ
3465 2324 3756 2394 χαρισμά-

2203 2438 2336 2474 των.
2375 2420 2653 2489 Siquidem
2710 2433 2846 2488 opus
2903 2416 3343 2472 Constitutionum
3390 2433 3421 2471 a
3466 2417 3755 2486 posteriori

2203 2526 2367 2564 manu
2388 2520 2442 2565 et
2472 2510 2540 2564 ab
2569 2518 2790 2566 auctore
2843 2509 3025 2564 saeculi
3059 2508 3239 2579 quarti
3287 2507 3587 2579 proiectum
3634 2524 3758 2563 esse

2202 2600 2404 2671 passim
2432 2600 2628 2654 eruditi
2663 2599 3014 2653 arbitrantur.

2206 2711 2234 2782 ς
2270 2710 2332 2764 11.
2382 2711 2458 2766 De
2488 2729 2720 2766 sermone
2777 2710 3140 2850 Sillg'igzz‘lyt’i
3181 2731 3199 2762 ι
3231 2713 3282 2764 in
3311 2711 3561 2765 Sanctam
3589 2707 3756 2762 Theo-

2272 2871 2558 2928 Homiliam
2589 2873 2642 2926 in
2674 2871 3101 2942 Theophaniam,
3125 2873 3237 2926 sive
3281 2872 3334 2926 in
3371 2870 3576 2925 Christi
3628 2869 3752 2924 Sal-

2203 2964 2412 3018 vatoris
2431 2964 2782 3032 baptismum,
2806 2964 2964 3018 edere
2989 2964 3159 3017 voluit
3187 2964 3256 3018 cl.
3287 2962 3596 3017 Holstenius
3618 2972 3753 3016 teste

2205 3052 2495 3108 Lambecio
2553 3065 2696 3107 tomo
2748 3052 2766 3105 Ι
2814 3051 3062 3106 Biblioth.
3127 3051 3438 3115 Vindobon.,
3476 3052 3752 3122 pag.lll.

2202 3143 2569 3214 Eamdemque
2603 3144 2877 3198 bomiliam
2929 3144 3239 3200 Christiano
3271 3143 3498 3198 Daumio
3529 3145 3595 3198 ad
3630 3160 3751 3198 ma-

541 3237 594 3283 et
631 3229 819 3284 delirio
865 3233 1117 3287 credenda
1150 3234 1486 3302 venditarent,
1524 3245 1700 3304 utpote
1741 3238 1805 3290 ab
1846 3243 2094 3308 apostolis
2123 3225 2164 3282 (ἶ
2197 3251 2301 3290 nus
2325 3235 2493 3291 fuisse
2521 3246 2669 3290 notat
2690 3237 2899 3307 lttigius
2939 3237 2994 3290 in
3027 3236 3404 3292 dissertatione
3437 3235 3512 3290 De
3539 3234 3753 3290 Ninivi-

541 3322 668 3388 ipsis
702 3325 1018 3376 anttuntiata
1052 3336 1101 3378 et
1147 3325 1412 3388 derivata;
1461 3325 1693 3382 Irenteus
1731 3347 1902 3384 veram
1951 3344 2095 3402 urget

542 3406 898 3472 apostolorum
919 3409 1250 3464 traditionem
1273 3420 1323 3464 et
1352 3411 1665 3476 doctrinam,
1695 3429 1855 3482 quam
1893 3415 1955 3468 ab
1988 3419 2097 3482 epi-

541 3498 708 3563 scapis
754 3498 1107 3566 apostolorum
1160 3503 1540 3555 successoribus
1588 3511 1638 3555 et
1677 3501 1958 3574 Ecclesiis,
2006 3509 2095 3561 ubi

541 3588 896 3657 apostolorum
935 3589 1182 3659 discipuli
1215 3592 1520 3658 docuerunt,
1551 3598 1828 3650 eruendam
1861 3607 1911 3650 et
1954 3600 2097 3652 deri-

541 3677 766 3730 uandam
789 3680 1075 3738 contendit.
1105 3678 1173 3732 Et
1205 3682 1372 3748 prima
1400 3693 1543 3753 urget
1569 3684 1815 3741 Romane
1848 3688 2097 3746 Ecclesiae

539 3767 904 3832 traditionem,
938 3769 1024 3822 ubi
1053 3772 1265 3840 prae/uit
1308 3771 1577 3839 Clemens;
1609 3775 1960 3848 Smyrnensis,
2003 3781 2092 3834 ubi

537 3859 717 3912 docuit
748 3858 1107 3930 Polycarpus;
1137 3861 1432 3932 Ephesiae,
1457 3866 1545 3919 ubi
1578 3869 1844 3937 apostolus
1863 3869 2093 3927 Joannes

539 3950 881 4023 Evangelium
912 3963 985 4008 tot
1015 3957 1166 4008 annis
1193 3965 1241 4009 et
1267 3965 1412 4010 tanto
1442 3974 1558 4011 cum
1582 3959 1757 4028 fructu
1777 3963 2094 4031 praedicave-

538 4053 621 4096 rat
649 4053 699 4096 et
727 4057 1076 4112 promoverat.
1121 4046 1209 4100 Sic
1234 4049 1392 4116 paulo
1418 4060 1532 4118 post
1563 4049 1846 4119 Irenaeum,
1893 4053 2094 4124 Hippo-

537 4135 677 4203 lytus
710 4136 867 4188 etiam
889 4138 1096 4206 scripsit
1125 4154 1276 4192 suam
1295 4139 1634 4208 Παράδοσιν
1661 4145 2090 4215 ἀποστολικήν,

536 4235 596 4280 ut
637 4226 1000 4282 hereticorum
1039 4229 1230 4284 deliria
1271 4241 1321 4284 et
1365 4235 1569 4288 somnia
1601 4235 1871 4303 refutaret,
1904 4249 1954 4292 et
1998 4241 2092 4294 do-

536 4318 763 4370 ctrinam
797 4328 1094 4388 perpetuam
1135 4323 1513 4390 apostolorum,
1558 4326 1614 4378 in
1651 4327 1956 4393 ﬂorentibus
1984 4329 2089 4383 Ec-

535 4409 707 4464 clesiis
735 4413 1062 4480 superstitem
1089 4423 1137 4468 et
1169 4415 1425 4470 sinceram
1457 4418 1695 4473 omnibus
1735 4421 1850 4474 istis
1889 4423 2090 4476 deliriis

533 4511 584 4554 et
622 4502 885 4556 erroribus
930 4516 1316 4574 opponeret.....
1376 4506 1516 4561 Hinc
1555 4511 1715 4564 etiam
1753 4512 2086 4582 Παράδοσις

531 4591 897 4662 ἀποστολική
936 4594 1000 4647 ab
1032 4593 1313 4666 Hippolyto
1341 4597 1620 4666 adornata,
1663 4604 1716 4656 id
1750 4613 1825 4657 est
1848 4607 2082 4658 narratio

533 4683 865 4752 dogmatum,
896 4704 1012 4757 qua:
1035 4691 1257 4757 apostoli
1298 4693 1675 4747 successoribus
1711 4696 1818 4749 suis
1856 4697 2086 4752 tradide-

534 4783 678 4841 rant,
719 4778 959 4844 posteris,
1009 4781 1076 4832 ad
1121 4780 1308 4836 ultima
1350 4785 1530 4838 mundi
1573 4785 1708 4854 fata,
1755 4788 2006 4842 tradenda
2035 4800 2085 4843 et

533 4869 989 4923 communicanda.
1018 4868 1287 4928 Hactenus
1318 4874 1663 4930 doctissimus
1700 4877 1749 4932 le
1780 4877 2045 4950 Moynins.

604 4957 708 5010 Alii
735 4973 1060 5016 censuerunt
1093 4979 1186 5033 per
1208 4975 1496 5022 tractatum
1539 4969 1639 5023 sub
1662 4969 1816 5024 titulo
1847 4970 2084 5026 Traditio

533 5051 824 5120 apostolica
879 5057 1258 5112 annuntiatum
1324 5061 1544 5133 intelligi
1606 5078 1767 5132 posse
1829 5065 2083 5120 διδασκα-

533 5139 674 5208 λίαν,
705 5158 799 5198 seu
829 5142 1122 5200 doctrinam
1149 5151 1322 5203 sancti
1351 5150 1643 5222 Hippolyti,
1674 5169 1793 5224 que
1816 5153 1868 5208 in
1892 5155 2084 5210 biblio-

535 5317 718 5441 72(878)
759 5318 1017 5391 Scaliger,
1064 5323 1142 5377 De
1187 5327 1442 5380 emendat.
1487 5337 1642 5398 temp.
1689 5329 1778 5382 lib.
1815 5345 1911 5395 vtt,
1960 5347 2080 5402 pag.

532 5429 715 5585 (ζ’ζὲ
754 5458 829 5515 Le
861 5459 1080 5534 Moyne,
1123 5463 1284 5520 Varia
1315 5482 1487 5531 sacra,
1515 5477 1646 5523 tom.
1668 5468 1760 5537 'll,
1797 5485 1917 5541 pag.
1949 5472 2083 5525 1062

603 5546 727 5678 (ῗῶ
747 5600 1025 5678 ξεδιξεοηη
1071 5603 1283 5678 ιἐιειιεεἒ
1302 5606 1502 5676 lgnat.,
1529 5624 1648 5678 pag.
1683 5609 1752 5664 60
1776 5620 1828 5665 et
1853 5610 1939 5664 62.

753 5670 950 5748 grabe,
986 5685 1122 5748 tom,
1148 5674 1188 5739 l,
1246 5667 1762 5748 δρῖὲὶιεθξΡαῖνατη,
1797 5697 1914 5748 pag.
1952 5680 2078 5737 9.85.

532 5721 721 5862 domi
753 5721 1914 5818 ἱάῖιίὁὲεἶζ’Ῑίυῗνιῖἶᾞὲᾆῗίὲὸξ’ἓῖὸιέῖἰῖἷξ
1956 5721 2080 5806 ῖιῖἓὶὶ

2200 3329 2322 3382 tatis
2352 3327 2547 3382 Christi
2577 3328 2730 3396 festo,
2763 3343 2879 3398 pag.
2930 3328 3054 3391 595,
3090 3339 3210 3398 post
3239 3329 3588 3397 appendicem
3611 3328 3749 3383 diss.

2199 3419 2276 3472 De
2303 3419 2687 3472 heresiarchis.
2730 3417 2901 3483 Quam
2931 3418 3120 3472 habuit
3162 3419 3325 3473 etiam
3382 3417 3619 3473 Thomas
3642 3416 3752 3472 Ga-

2198 3513 2317 3566 leus
2352 3519 2489 3565 teste
2537 3508 2714 3564 Caveo
2745 3509 2878 3579 (84).
2923 3507 3116 3578 Incipit
3162 3518 3383 3564 autem:
3430 3508 3611 3560 Πάντα
3649 3507 3750 3577 μὲν

2198 3601 2336 3656 καλὰ
2367 3601 2460 3654 καί
2492 3599 2630 3655 καλὰ
2653 3599 2794 3655 λίαν.
2821 3599 2898 3653 Ex
2921 3599 3108 3657 codice
3137 3601 3357 3655 Thome
3391 3597 3539 3654 Galei
3564 3597 3749 3653 Grece

2196 3693 2518 3762 descriptam
2541 3692 2746 3760 accepit
2773 3691 3014 3746 eamdem
3061 3692 3337 3746 bomiliam
3369 3707 3400 3746 a
3427 3690 3621 3744 Wolﬁo
3654 3691 3751 3743 Al-

2195 3787 2380 3841 bertus
2430 3785 2732 3847 Fabricius,
2777 3799 3006 3853 eamque
3055 3783 3357 3838 collectioni
3411 3798 3634 3853 operum
3683 3780 3742 3836 S.

2196 3875 2462 3946 Hippolyti
2499 3876 2744 3930 inseruit.
2778 3873 2976 3928 Sancto
3028 3873 3153 3930 huic
3191 3875 3414 3946 martyri
3462 3873 3745 3928 ascriben-

2193 3969 2315 4024 datn
2341 3983 2461 4023 esse
2481 3983 2546 4021 ex
2593 3967 2710 4020 solo
2745 3965 2854 4020 fere
2907 3964 3062 4020 titulo
3110 3965 3329 4035 probari
3375 3974 3573 4035 potest,
3621 3980 3748 4034 que

2193 4058 2536 4126 conjectura,
2597 4071 2719 4110 cum
2774 4055 3141 4110 omnimodam
3199 4055 3574 4112 certitudinem
3633 4071 3745 4108 non

2193 4150 2460 4219 prebeat,
2512 4148 2754 4203 ulteriori
2802 4150 2931 4204 crisi
2998 4150 3332 4205 eruditorum
3395 4148 3742 4218 relinquitur.

2197 4240 2338 4296 Sane
2370 4240 2502 4294 nihil
2536 4239 2595 4294 S.
2635 4240 2919 4312 Hippolyto
2958 4244 3314 4314 incongruum
3348 4241 3742 4310 complectitur,

2192 4342 2246 4387 et
2275 4331 2612 4401 presentiam
2641 4330 2734 4386 Dei
2789 4331 3087 4389 Salvatoris
3122 4333 3292 4388 nostri
3324 4348 3420 4403 per
3465 4349 3619 4388 suam
3656 4334 3740 4386 in-

2193 4423 2560 4478 carnationem
2588 4423 2823 4478 maxime
2869 4425 2922 4478 in
2980 4424 3247 4494 baptismo
3290 4440 3390 4480 suo
3417 4440 3514 4494 per
3551 4439 3742 4478 vocem

2191 4513 2370 4569 Patris
2424 4514 2491 4569 de
2537 4515 2675 4570 coelo
2731 4515 3004 4586 delapsam
3071 4516 3466 4572 manifestatam
3515 4517 3756 4596 demonj

2186 4616 2341 4662 strat.

2255 4697 2553 4754 Observant
2611 4700 2912 4755 doctissimi
2985 4701 3217 4756 Maurini
3277 4701 3387 4771 (85)
3459 4701 3740 4755 bomiliam

2184 4795 2328 4845 hanc
2355 4792 2453 4847 abs
2484 4791 2540 4846 S.
2571 4791 2856 4866 Hippolyto
2899 4796 3299 4865 pronuntiatam
3354 4795 3521 4849 fuisse
3550 4809 3740 4848 coram

2189 4885 2497 4953 gentilibus.
2527 4885 2650 4941 Hec
2676 4888 2988 4958 singillatim
3041 4897 3332 4958 pertractat
3355 4875 3421 4942 de
3468 4887 3740 4957 baptismo

2185 4975 2312 5030 Jcsu
2339 4975 2562 5044 Christi,
2595 4979 2822 5048 ejusque
2877 4980 3156 5035 effectibus
3185 4981 3350 5035 relate
3376 4981 3443 5034 ad
3488 4979 3741 5034 homines

2185 5072 2503 5138 presertim.
2543 5072 2743 5126 Auctor
2771 5072 3068 5126 orationem
3113 5087 3268 5126 suam
3298 5072 3458 5128 modo
3479 5072 3546 5126 ad
3571 5087 3736 5125 unam

2187 5160 2468 5227 duntaxat,
2505 5162 2666 5217 modo
2710 5163 2776 5217 ad
2825 5163 3006 5234 plures
3039 5164 3219 5234 dirigit
3256 5181 3535 5234 personas.
3589 5161 3736 5217 Nihil

2255 5341 2367 5415 (8'5)
2405 5341 2486 5395 Cl.
2549 5341 2779 5399 Crabius
2832 5355 3004 5400 morte
3053 5355 3369 5415 preventus_
3407 5345 3732 5414 promissum

2183 5413 2458 5466 exsolvere
2502 5427 2608 5465 non
2647 5415 2846 5482 potuit;
2885 5413 3070 5468 verum
3103 5415 3300 5469 Albert.
3332 5413 3610 5468 Fabricius
3637 5429 3730 5466 na-

2183 5489 2305 5550 ctus
2331 5482 2516 5534 eadem
2545 5483 2610 5535 ad
2655 5483 2765 5550 jam
2805 5484 2978 5539 dictos
3015 5501 3146 5539 mss.
3195 5485 3362 5538 libros
3409 5486 3670 5538 recensita
3699 5498 3732 5536 a

2183 5549 2415 5616 Crabio,
2469 5552 2561 5620 qui
2605 5549 2791 5608 Latina
2843 5555 3088 5608 versione
3127 5555 3288 5608 etiam
3335 5554 3421 5607 illa
3474 5554 3730 5618 donavit,

2185 5629 2338 5693 tom_o_
2353 5621 2374 5693 _l
2401 5620 2641 5693 Qperunt
2660 5621 2923 5693 Hippolyti
2955 5624 3201 5679 inseruit.

2256 5690 2367 5759 [84)
2402 5689 2560 5754 cave,
2597 5689 2742 5746 Hist.
2763 5689 2965 5758 litter.,
2991 5703 3122 5748 tom.
3155 5693 3194 5746 l.

2253 5761 2364 5832 (85)
2403 5761 2544 5818 Hist.
2581 5761 2735 5818 littér.
2771 5763 2834 5820 de
2862 5764 2914 5820 la
2947 5761 3166 5830 France,
3203 5771 3334 5822 tom.
3376 5763 3416 5831 l,
3450 5779 3574 5835 pag.
3601 5759 3730 5818 570.
