3986 6358
251 389 360 445 309

1228 385 1315 442 DE
1354 386 1515 443 VITA
1553 386 1640 442 ET
1679 381 1986 440 SSRIPTIS
2023 382 2080 437 S.
2121 378 2498 436 HIPPOLYTI'.

3359 374 3464 431 διο

252 522 482 576 quoque
512 506 566 560 in
603 507 710 562 hoc
760 507 1009 562 discursu
1045 516 1140 562 aut
1184 509 1480 575 doctrinae,
1537 518 1631 562 aut
1680 509 1821 563 aetati
1851 513 1892 568 Α
1922 505 2132 560 Domini
2165 505 2324 569 1551,
2351 517 2417 558 ex
2476 515 2604 572 agro
2631 499 2843 556 Verano
2882 513 2989 553 non
3036 497 3224 568 procul
3251 497 3318 552 ab
3362 496 3475 551 aede

255 598 316 654 S.
343 598 620 669 Hippolyti
681 599 1063 655 inconveniens
1098 602 1403 670 reperitur;
1439 601 1685 670 quinimo
1710 600 1823 654 sive

254 688 459 758 stylum
485 700 719 758 spectes,
743 690 855 744 sive
881 690 1092 744 dicendi
1115 692 1332 746 modum
1365 692 1417 744 in
1435 691 1562 746 aliis
1590 705 1824 760 opuscu-

256 780 345 843 lis,
381 795 509 852 qua:
539 780 761 835 indubie
791 781 962 850 ipsius
1016 790 1162 844 sunt,
1209 781 1528 846 adhibitum,
1576 782 1824 836 eumdem

255 873 602 941 ipsissimum
648 874 702 926 in
758 873 858 928 hac
884 874 1108 927 homilia
1147 874 1520 930 observamus.
1557 871 1826 928 Notatin-

254 978 428 1032 super
454 963 807 1018 doctissimus
836 963 1111 1031 Remigius
1141 963 1356 1018 Ceillier
1402 964 1516 1035 (86)
1551 965 1821 1021 laudatam

255 1054 545 1107 homiliam
580 1070 701 1110 esse
739 1054 988 1120 nitidam,
1043 1055 1468 1119 asdiﬁcatoriam,
1501 1057 1826 1128 dignamque

255 1155 458 1199 sancto
475 1145 757 1214 episeopo,
785 1158 996 1199 necnon
1026 1153 1080 1200 et
1124 1147 1257 1200 satis
1283 1147 1634 1210 elaboratam,
1667 1159 1828 1218 atque

254 1238 423 1308 longe
469 1239 774 1307 politiorcm
801 1238 1011 1293 caeteris
1050 1239 1412 1294 communiter
1455 1248 1696 1294 veterum
1725 1239 1828 1295 Pas

253 1339 404 1384 trum
435 1331 698 1385 homiliis.

321 1423 560 1476 Addunt
591 1432 846 1492 praeterea
883 1422 1112 1478 Maurini
1142 1423 1276 1493 (87),
1330 1423 1592 1492 quosdam
1642 1421 1828 1476 erudi-

253 1525 340 1570 tos
367 1515 726 1570 existimasse
774 1514 1046 1569 laudatam
1099 1514 1374 1568 homiliam
1425 1513 1666 1567 eamdem
1709 1527 1829 1568 esse

252 1621 427 1674 quam
478 1604 539 1658 S.
578 1603 941 1675 Hieronymus
991 1605 1130 1659 inter
1178 1606 1285 1660 divi
1338 1604 1610 1676 Hippolyti
1667 1621 1828 1676 opera

256 1698 359 1750 hoc
390 1696 500 1750 sub
524 1697 683 1750 titulo
708 1696 984 1750 denotavit
1017 1715 1030 1749 :
1061 1694 1298 1748 Homilia
1337 1697 1543 1752 scilicet
1573 1697 1636 1750 de
1675 1697 1830 1751 laude

256 1785 591 1841 Saluatoris.
627 1785 827 1841 Verum
878 1786 932 1839 in
981 1787 1205 1856 prmfata
1239 1787 1460 1841 homilia
1493 1803 1598 1841 non
1634 1788 1828 1858 legitur

257 1880 412 1945 illud,
476 1880 629 1949 quod
695 1880 759 1933 Ι).
811 1877 1168 1949 Hieronymus
1218 1878 1514 1950 subjungit,
1567 1880 1823 1934 nimirum

259 1981 519 2027 sanctum
569 1981 815 2026 nostrum
864 1971 918 2024 in
962 1969 1244 2040 praesentia
1277 1971 1522 2041 Origenis
1578 1972 1823 2027 eamdem

256 2065 672 2134 pronuntiasse.
702 2063 956 2118 Fatcmur
982 2063 1224 2133 quidem,
1279 2064 1422 2132 quod
1456 2064 1519 2118 ad
1544 2063 1828 2119 difﬁculta-

259 2165 362 2210 tem
402 2156 554 2208 banc
578 2153 946 2208 extricandam
999 2155 1220 2223 quidam
1265 2154 1578 2217 obtendant,
1627 2155 1826 2209 factum

257 2248 360 2301 hoc
384 2246 490 2301 abs
523 2244 586 2300 D.
621 2243 949 2316 Hieronymo
1006 2246 1278 2315 proditum
1324 2261 1535 2301 merum
1579 2261 1700 2302 esse
1743 2262 1828 2301 er-

258 2352 438 2391 rorem
463 2351 539 2392 ex
572 2337 716 2391 male
745 2336 1012 2390 intellecto
1058 2337 1234 2407 capite
1266 2337 1335 2391 £5
1375 2338 1498 2391 libri
1547 2353 1601 2392 vr
1656 2337 1828 2393 Eusc-

258 2429 330 2481 bii
355 2438 613 2494 enatum,
647 2443 919 2498 quemque
941 2427 1229 2483 clarissimi
1253 2429 1355 2482 viri
1391 2427 1616 2485 Huetius
1645 2438 1700 2484 et
1725 2430 1830 2483 Va-

261 2519 430 2574 lesius
478 2521 809 2574 refutarunt.
869 2519 1069 2574 Verum
1127 2521 1230 2574 hoc
1275 2535 1384 2574 non
1443 2529 1552 2576 tam
1597 2532 1827 2584 certum,

257 2611 727 2680 quemadmodum
756 2612 1078 2675 vcnditatur,
1105 2611 1408 2666 habendum
1433 2622 1534 2669 est.
1553 2613 1828 2684 Siquidem

260 2699 636 2771 Hieronymus
661 2702 750 2756 hic
774 2718 880 2756 non
909 2703 1206 2758 secundum
1238 2703 1530 2758 Eusebium
1569 2704 1828 2774 loquitur.

265 2790 380 2858 Ipse
409 2793 562 2845 enim
591 2792 660 2845 de
694 2791 846 2848 libris
881 2807 912 2846 a
936 2795 1114 2862 seipso
1149 2794 1300 2849 lectis
1319 2795 1569 2862 disserit;
1600 2810 1833 2865 quapro-

263 2891 383 2951 pter
411 2883 788 2937 verosimilius
816 2884 927 2938 haec
966 2882 1077 2939 abs'
1113 2895 1301 2940 sancto
1355 2885 1576 2940 doctore
1619 2887 1833 2941 laudata

265 2971 498 3025 homilia
524 2988 652 3027 cum
706 2974 952 3042 pluribus
995 2974 1117 3029 aliis
1162 2975 1405 3044 ejusdem
1463 2976 1703 3031 auctoris
1753 2978 1835 3030 in-

261 3063 451 3129 teriit,
532 3064 990 3134 quemadmodum
1069 3067 1229 3135 paulo
1308 3065 1535 3122 inferius
1612 3066 1831 3122 docebi-

263 3167 406 3209 mus.

789 3244 1182 3302 ARTICULUS
1215 3246 1305 3302 1X.

549 3373 618 3411 DE
651 3374 851 3414 CANONE
872 3377 1120 3416 PASCHALI
1163 3379 1208 3418 S.
1254 3380 1553 3420 HIPPOLYTI.

277 3448 306 3517 ᾗ
335 3447 376 3501 1.
403 3447 468 3503 S.
504 3448 786 3521 Hippolyti
809 3453 990 3526 Conon
1022 3471 1113 3508 seu
1159 3455 1348 3526 Cyclas
1385 3457 1662 3513 Paschalis
1697 3468 1832 3513 mte-

729 3539 817 3592 gre
841 3524 1078 3578 inuentus
1111 3524 1216 3579 an.
1240 3525 1396 3580 1551.

343 3611 613 3666 Cononem
661 3612 980 3681 paschalem,
1034 3633 1130 3671 seu
1187 3616 1403 3686 Cyclum
1450 3619 1766 3688 paschalem,
1803 3635 1834 3674 a

291 3700 344 3754 ὃ.
375 3701 663 3774 Hippolyto
699 3707 1080 3774 compositum,
1128 3708 1286 3778 cujus
1310 3710 1598 3766 Anatolius
1632 3710 1831 3766 Laodi-

292 3796 462 3849 censis
492 3797 628 3865 (88),
667 3796 933 3852 Eusebius
986 3799 1096 3868 (89)
1131 3809 1185 3854 et
1236 3800 1293 3856 S.
1340 3799 1695 3872 Hieronymus
1724 3803 1834 3874 (90)

287 3887 665 3950 meminerunt,
706 3886 890 3943 Graece
935 3897 989 3943 et
1033 3888 1223 3945 Latine
1255 3893 1547 3961 interprete
1582 3893 1836 3948 eruditis-

283 3978 418 4033 simo
464 3979 761 4035 Francisco
811 3981 1147 4048 Blanchinio,
1180 3985 1431 4053 notisque
1474 3984 1675 4055 JEgidii.
1730 3984 1837 4039 Bu-

279 4072 448 4125 cherii
476 4080 531 4126 et
559 4073 792 4126 aliorum
828 4074 1068 4128 virorum
1111 4076 1550 4132 doctissimorum
1593 4077 1836 4131 illustra-

277 4166 412 4222 tum,
441 4159 633 4213 ultimo
665 4161 879 4215 tandem
918 4162 1058 4225 loco,
1109 4164 1234 4218 licet
1269 4165 1340 4219 ob
1387 4182 1540 4220 suam
1572 4175 1834 4236 praestan-

277 4250 407 4303 tiam
439 4259 494 4304 et
528 4251 892 4320 integritatem
942 4253 1080 4307 inter
1101 4251 1418 4324 Hippolytea
1470 4256 1644 4324 primo
1671 4257 1836 4312 collo-

276 4341 486 4396 candus
507 4351 654 4396 esset
680 4341 823 4409 loco,
856 4359 1222 4399 recensemus.
1265 4344 1504 4401 Perierat
1531 4348 1634 4402 iste
1657 4347 1838 4404 Canon

1925 596 1984 654 S.
2007 595 2282 651 Laurentii
2309 593 2378 648 ad
2405 591 2603 648 Urbem
2631 607 2662 646 e
2692 591 2964 646 memoriae
3009 588 3279 660 Hippolyti
3329 587 3474 642 anti-

1924 704 2044 759 qua:
2072 686 2364 742 ruderibus
2390 683 2586 740 eﬂ‘ossa
2622 683 2820 754 prodiit
2853 683 3076 752 antiqua
3129 696 3161 735 e
3202 695 3476 734 marmore

1924 789 2122 844 statua,
2180 779 2316 834 solio
2375 777 2646 843 insidens,
2705 774 2906 831 Graecis
2974 774 3228 842 utrinque
3283 772 3477 826 litteris

1925 871 2202 941 inscripta.
2243 869 2460 925 Litteras
2495 869 2550 922 in
2587 867 2730 922 binis
2782 866 3051 922 cathedrae
3082 864 3358 920 laterculis
3381 879 3476 934 cy-

1924 964 2039 1019 clos
2095 962 2375 1032 paschales
2445 973 2713 1014 annorum
2771 956 3044 1012 sexdecim
3118 954 3476 1018 exhibebant;

1925 1061 2241 1123 quartarum
2258 1051 2592 1106 decimarum
2612 1049 2822 1113 dextro,
2839 1045 3241 1102 Dominicarum
3259 1045 3480 1115 pascha-

1927 1144 2057 1198 lium
2116 1144 2358 1208 sinistro,
2411 1152 2673 1210 utrosque
2711 1146 2930 1194 centum
2983 1136 3269 1191 duodecim
3320 1135 3479 1190 annis

1927 1234 2223 1288 universim
2278 1232 2721 1301 comprehensos,
2783 1243 2892 1298 qua
2941 1241 3211 1281 annorum
3254 1223 3479 1294 periodo

1928 1327 2094 1381 ferias
2125 1326 2342 1380 easdem
2371 1325 2423 1378 iu
2446 1325 2629 1378 orbem
2658 1321 2834 1377 redire
2879 1319 3108 1374 credidit
3141 1316 3476 1387 Hippolytus.

1927 1416 2045 1470 Non
2069 1427 2187 1472 erat
2217 1415 2436 1485 quidem
2464 1427 2781 1483 expressum
2839 1409 3112 1481 Hippolyti
3139 1423 3360 1470 nomen,
3387 1407 3481 1462 sed

1929 1508 2086 1562 facile
2119 1509 2234 1577 ipsa
2260 1504 2808 1561 heccaedecaeteridos
2831 1501 3105 1565 methodo,
3137 1509 3193 1554 et
3219 1499 3482 1553 librorum

1930 1597 2202 1662 lemmate,
2262 1595 2407 1665 quod
2462 1594 2711 1648 dextrum
2768 1591 3086 1646 laterculum
3138 1588 3479 1651 continebat,

1933 1691 2205 1761 proditum
2245 1698 2362 1754 est;
2391 1701 2580 1740 eorum
2608 1685 2750 1738 enim
2791 1683 3036 1738 omnium
3069 1692 3345 1736 auctorem
3374 1677 3483 1732 Eu-

1932 1782 2138 1845 sebius,
2169 1779 2548 1848 Hieronymus,
2574 1776 2772 1844 aliique
2800 1773 3144 1844 Hippolytum
3169 1771 3484 1841 episcopum

1926 1874 2152 1928 faciunt.
2179 1871 2312 1926 Tam
2336 1869 2562 1931 illustre,
2587 1876 2696 1920 tam
2724 1881 2908 1920 rarum
2930 1864 3214 1935 primitiwe
3235 1862 3486 1917 Ecclesia:

1927 1975 2338 2021 monumentum
2369 1959 2622 2014 Marcello
2650 1959 2882 2014 Cervino
2919 1967 3052 2012 tunc
3079 1955 3136 2012 S.
3174 1955 3238 2009 lt.
3272 1954 3334 2008 E.
3360 1969 3486 2009 ear-

1926 2055 2118 2118 dinali,
2142 2061 2329 2123 postea
2356 2051 2519 2105 etiam
2547 2049 2787 2118 ejusdem
2817 2046 3057 2101 nominis
3103 2059 3252 2115 papa:
3298 2041 3364 2104 ll,
3399 2043 3486 2096 di-

1928 2145 2254 2215 gnissimum
2289 2143 2468 2196 visum
2499 2137 2644 2209 quod
2677 2137 2900 2192 Romam
2942 2137 3065 2190 inde
3108 2133 3407 2190 deferretur
3433 2140 3488 2186 et

1926 2239 1980 2292 in
2019 2237 2272 2291 Vaticana
2327 2234 2649 2289 bibliotheca
2697 2230 3051 2290 conderetur;
3083 2226 3249 2283 edidit
3295 2223 3488 2280 deinde
3562 2269 3569 2276 .
3659 2233 3669 2240 ”

1929 2329 2135 2392 Graece,
2162 2335 2223 2381 ut
2243 2335 2381 2389 erat,
2431 2339 2554 2379 cum
2604 2319 2842 2390 antiquis
2893 2319 3010 2373 suis
3044 2314 3487 2385 inscriptionibus

1928 2419 2230 2483 Gruterus;
2293 2415 2529 2483 Scaliger
2584 2413 2745 2467 etiam
2800 2410 2943 2464 notis
2979 2406 3288 2462 illustravit.
3351 2403 3484 2474 Ego.
3596 2446 3599 2448 .

1929 2511 2108 2581 inquit
2159 2507 2492 2570 Bucherius,
2539 2506 2622 2558 hic
2675 2502 2862 2556 Latine
2919 2500 3146 2570 ﬁdeliter
3201 2497 3486 2561 redditum,

1930 2620 2031 2658 non
2060 2612 2166 2656 tant
2211 2601 2274 2654 de
2327 2615 2452 2653 novo
2506 2597 2786 2665 explicare,
2839 2609 2997 2664 quam
3024 2589 3358 2662 paschalibus
3393 2586 3486 2640 Vi-

1931 2694 2086 2748 ctorii
2136 2691 2304 2746 nostri
2358 2688 2770 2755 Latinorumque
2837 2685 3128 2754 primorum
3194 2677 3486 2733 rationibus

1933 2785 2274 2854 conformem,
2324 2780 2504 2850 paucis
2561 2779 2826 2832 ostendere
2884 2773 3152 2830 constitui.
3214 2769 3487 2824 Hactenus

1932 2875 2280 2932 doctissimus
2308 2869 2556 2943 Egidius
2583 2868 2880 2924 Bucherius
2902 2865 3036 2937 (9i).

2007 2985 2117 3041 Hos
2161 2992 2341 3040 autem
2395 2982 2552 3037 binos
2594 2977 3012 3035 sexdecennales
3043 2989 3278 3030 canones
3314 2973 3370 3026 in
3396 2987 3488 3027 ea-

1933 3076 2055 3150 dem
2086 3074 2344 3130 cathedra
2390 3071 2600 3142 lapidea
2647 3069 2944 3138 iusculptos
2999 3065 3187 3130 fuisse,
3222 3079 3328 3118 non
3381 3079 3488 3116 una

1861 3172 1905 3229 C
1938 3170 2097 3239 plane
2146 3168 2288 3222 ratio
2329 3165 2538 3230 suadet,
2589 3173 2649 3218 ut
2701 3171 2844 3218 recte
2883 3158 3264 3215 animadvertit
3315 3156 3380 3210 γ.
3424 3158 3484 3210 C.

1933 3257 2172 3314 Joannes
2200 3256 2482 3329 Vignolins
2517 3253 2650 3324 (92).
2702 3253 2826 3307 Prae
2876 3251 3098 3314 cwteris,
3141 3247 3334 3318 inquit,
3371 3261 3488 3316 qua

1933 3350 2044 3420 ejus
2092 3349 2323 3420 creditur
2343 3357 2554 3409 statua;
2608 3361 2765 3415 quam
2788 3353 2845 3396 ut
2885 3342 3050 3396 eidem
3100 3341 3270 3394 adhuc
3302 3339 3489 3393 viventi

1931 3419 2157 3512 positam
2188 3440 2564 3503 existimemus,
2595 3451 2699 3490 non
2749 3433 2893 3487 illius
2937 3434 3033 3487 arvi
3085 3430 3298 3485 humilis
3333 3429 3488 3484 Chri-

1933 3534 2227 3587 stianorum
2265 3529 2517 3594 conditio,
2559 3541 2719 3596 neque
2750 3526 2917 3594 ipsius
2957 3524 3056 3578 uiri
3085 3524 3339 3576 sanctitas
3370 3535 3486 3574 om-

1933 3626 2059 3679 nino
2080 3623 2194 3694 pati
2235 3621 2458 3676 videtur.
2487 3621 2652 3688 Atque
2674 3618 2787 3686 ejus
2815 3617 3000 3670 deinde
3030 3615 3283 3668 librorum
3320 3613 3485 3678 tituli,

1933 3730 2153 3786 quorum
2203 3713 2260 3766 in
2296 3711 2531 3781 margine
2597 3709 2858 3763 cathedra
2906 3706 3098 3759 mentio
3149 3713 3352 3767 exstat;
3398 3705 3489 3774 qui

1937 3805 2142 3859 nonnisi
2171 3809 2288 3874 post
2309 3801 2457 3855 illius
2502 3797 2699 3853 obitum
2728 3797 2792 3851 ab
2834 3797 2940 3850 alio
2963 3796 3186 3864 appositi
3211 3795 3374 3864 fuisse
3415 3795 3491 3847 ui-

1933 3897 2144 3962 dentur,
2173 3901 2234 3948 ut
2277 3893 2334 3947 in
2380 3892 2545 3961 ipsius
2592 3891 2834 3942 honorem
2883 3887 3192 3956 laudemque
3234 3885 3486 3940 cederent.

1937 3981 2090 4047 Quod
2123 3998 2239 4035 cum
2287 3983 2366 4034 ita
2399 3981 2489 4045 sit,
2545 3977 2826 4032 verisimile
2865 3975 3147 4029 admodum
3193 3991 3302 4030 esse
3349 3991 3484 4038 reor,

1937 4074 2140 4144 aliquid
2188 4075 2244 4126 in
2268 4074 2447 4126 eodem
2497 4086 2693 4124 canone
2749 4070 3087 4123 commissum
3119 4069 3299 4136 fuisse.
3351 4069 3488 4137 quod

1937 4163 2082 4217 nullo
2111 4171 2264 4233 pacto
2286 4170 2467 4215 sancto
2499 4160 2784 4229 Hippolyto
2812 4168 2890 4212 est
2914 4159 3299 4212 ascribendum.
3334 4157 3487 4211 Non-

1937 4257 2083 4311 nulla
2111 4256 2211 4311 t'iri
2240 4253 2534 4308 doctissimi
2573 4254 2689 4322 jam
2726 4261 3112 4322 prtenotarunt,
3145 4267 3260 4321 qua:
3295 4252 3492 4322 partim

1935 4348 2216 4418 sculptoris
2264 4347 2553 4412 inscitiam,
2603 4346 2800 4414 partim
2835 4345 3052 4398 alterius
3097 4343 3360 4398 incuriam
3397 4359 3489 4395 ar-

273 4450 400 4488 eum
436 4435 650 4488 caeteris
711 4434 952 4503 ejusdem
989 4433 1258 4506 Hippolyti
1301 4440 1687 4506 monumentis,
1737 4457 1837 4496 nec
1869 4507 1901 4513 _
1937 4453 2120 4513 guunt.
2151 4441 2411 4496 Craterum
2466 4453 2714 4492 canonem
2745 4436 3135 4506 Hippolyteum,
3181 4442 3298 4504 post
3344 4433 3493 4488 Iose-

273 4525 396 4594 ejus
427 4527 726 4595 quidquam
756 4534 953 4595 prater
983 4542 1178 4581 nomen
1211 4538 1530 4596 supererat;
1565 4546 1687 4584 cum
1712 4519 1838 4588 ecce
1869 4507 1914 4562 Β
1937 4507 2093 4605 phum
2125 4530 2453 4600 Scaligerum
2507 4528 2642 4598 (93),
2681 4529 2994 4596 Dionysium
3055 4526 3329 4580 Patavium
3375 4525 3487 4594 (94)

276 4620 423 4671 bono
449 4617 569 4683 Dei,
594 4627 650 4671 et
686 4633 880 4682 magna
909 4619 1244 4672 eruditorum
1278 4621 1521 4675 omnium
1545 4622 1748 4688 laetitia,
1781 4635 1840 4680 ut
1936 4635 1986 4681 et
2011 4624 2287 4695 :Egidium
2327 4621 2644 4676 Eucherium
2696 4618 2826 4687 (95),
2851 4618 2946 4671 alii
2993 4633 3194 4687 quoque
3247 4616 3493 4669 recentio-

273 4710 568 4779 Baronius,
621 4710 880 4786 Scaliger,
941 4713 1314 4785 Gruterusque
1364 4724 1652 4784 testantur,
1699 4734 1841 4773 anno
1941 4735 2018 4772 res
2068 4715 2201 4785 (96),
2254 4723 2309 4766 at
2356 4713 2583 4767 maxime
2641 4711 2872 4764 omnium
2932 4708 2996 4763 γ.
3046 4707 3109 4764 C.
3167 4705 3487 4766 Franciscus

347 4828 464 4900 (86)
525 4827 678 4883 Remi
733 4829 968 4896 Ceillier,
1027 4829 1170 4884 Hist.
1225 4830 1401 4899 génér.
1460 4831 1548 4883 des
1602 4839 1838 4893 auteurs,
1939 4844 2059 4898 pag.
2085 4826 2179 4879 79.1
2217 4836 2270 4880 et
2298 4839 2446 4946 squ.
2638 4872 2664 4905 ..
3055 4889 3066 4900 .
3408 4897 3419 4908 ο

347 4914 411 4946 m-
451 4901 512 4946 ll-
551 4915 671 4946 nan-
708 4900 832 4946 329-
2013 4897 2122 4946 tgtl
2155 4895 2360 4946 Petav..
2440 4910 2466 4946 e
2494 4893 2737 4946 doctrina
2767 4903 3008 4946 tenuior“
3031 4889 3128 4945 ιιι).
3151 4907 3212 4946 ιι.
3237 4905 3359 4946 nan.
3388 4892 3449 4946 bl

275 4895 411 4953 tom.
445 4895 513 4963 ll,
551 4915 671 4969 pag.
708 4900 832 4955 529.
1226 4895 1244 4899 ⁷

275 4969 639 5105 pa(sii7zz7gist.
686 4969 792 5024 litt.
845 4971 909 5023 de
963 4969 1015 5022 la
1052 4969 1280 5036 France,
1339 4977 1472 5023 tom.
1535 4969 1580 5037 Ι,
1621 4978 1761 5039 part.
1795 4987 1829 5036 ι,

1940 4895 1958 4898 “
2013 4895 2122 4966 (9.4)
2155 4895 2360 4959 Petav.,
2393 4895 2466 4946 De
2494 4895 2737 4946 doctrina
2767 4903 3008 4961 tempor.,
3032 4895 3128 4945 lib.
3151 4907 3212 4956 ιι,
3237 4905 3359 4962 pag.
3388 4895 3484 4950 61.

2012 4967 2101 5036 (9.5
2149 4963 2524 5028 Buchcr.,loc.
2560 4963 2652 5016 cit.

2011 4969 2122 5105 (96;
2150 5033 2250 5105 1o,
2267 5033 2422 5087 Dom.
2449 5031 2708 5105 cassinus
2735 5032 2789 5084 in
2813 5030 3288 5105 academiaﬁegia
3309 5030 3483 5105 Paris.

271 5030 400 5108 pag.
427 5038 553 5092 570.
940 5107 943 5108 ν
1264 5030 1276 5036 ⁷
1566 5030 1576 5037 ’
1623 5030 1667 5108 ’ί
1820 5030 1831 5036 ’
2011 5030 2253 5108 (96)_{o.__
2267 5033 2422 5108 Dom.
2449 5031 2708 5108 cassinus
2735 5032 2789 5084 in
2813 5030 3288 5108 academiaﬁcgia
3309 5030 3483 5108 Paris.

351 5101 464 5174 (88)
531 5109 742 5162 Anatol.
805 5107 972 5163 Laod.
1017 5111 1207 5179 episc.,
1247 5109 1453 5179 prmfat.
1511 5108 1580 5164 ad
1635 5107 1838 5164 Canon-
1941 5101 2256 5162 anno'1696
2294 5102 2790 5179 animadycrsiones
2825 5117 2952 5179 suas
3011 5101 3490 5179 in_Hippolyti_(:'a-

274 5169 537 5250 metu,
644 5249 653 5250 7
971 5248 1010 5250 μ
1194 5169 1203 5174 ’
1247 5169 1263 5179 “
1352 5249 1400 5250 η
1942 5189 2176 5250 noncme
2205 5175 2405 5250 scripto
2431 5171 3007 5250 recitayithdcquibus
3038 5169 3349 5250 vide—Joan.
3385 5169 3487 5250 Ba—

298 5258 306 5264 ‘
349 5247 463 5310 (89)
497 5247 719 5308 Euseb.
746 5248 839 5302 lib.
871 5264 922 5300 vr
963 5248 1032 5301 Η.
1073 5247 1160 5311 Ε..
1192 5263 1308 5316 cap.
1342 5249 1432 5302 22.

1939 5247 2158 5316 ptistam
2186 5240 2471 5316 duillamcl
2499 5241 2553 5295 in
2600 5241 2774 5316 Regite
2826 5243 3162 5316 scientiarum
3191 5240 3486 5316 academite

350 5318 464 5388 (90)
521 5316 832 5388 Hieronym.
867 5320 920 5372 in
957 5317 1198 5388 Catalog.
1258 5319 1321 5371 de
1391 5318 1574 5388 script.
1618 5319 1801 5373 eccles.
1827 5360 1841 5386 ,

1943 5309 2206 5377 'Ilistoria,
2241 5313 2332 5367 lib.
2391 5327 2464 5376 iv,
2520 5327 2638 5380 pag.
2678 5309 2782 5364 M4
2829 5327 2942 5380 seq.
2985 5312 3278 5367 Adeundus
3323 5309 3483 5364 etiam

281 5380 402 5453 cap.
441 5386 530 5439 6i.
723 5380 740 5388 ’
1120 5380 1168 5388 ’⁷
1497 5380 1508 5388 ’
1828 5380 1837 5386 ⁷
1940 5385 2189 5440 Norisius
2218 5383 2492 5437 dissertat.
2516 5383 2552 5453 2
2603 5380 2684 5453 De
2717 5382 2921 5453 epoctiis
2953 5381 3483 5453 Syro-Macedonum,

353 5449 468 5524 (91)
524 5455 781 5527 Boeben,
822 5457 894 5511 De
940 5460 1108 5512 doctr.
1146 5468 1390 5527 tempor.,
1441 5472 1559 5526 par.
1615 5457 1744 5524 292,
1787 5458 1841 5512 in
1939 5474 1993 5526 p.
2031 5454 2327 5527 117419)Δ
2344 5452 2610 5527 {\ntonius
2654 5449 3232 5527 PagihCril-{HnnaL
3267 5449 3485 5527 Baronii

283 5518 674 5598 commentario
709 5541 808 5582 suo
857 5529 924 5583 ad
982 5518 1256 5584 Cononem'
1285 5518 1584 5598 pare/talem
1611 5518 1836 5583 Victorii
1941 5518 2006 5581 ad
2038 5523 2393 5598 annumﬁii,
2427 5530 2481 5598 et
2496 5518 2752 5598 _Sa_mucl'
2778 5519 3090 5598 pasnagius
3115 5518 3484 5598 _ad__eumdern

284 5594 559 5663 Αίιυίιθηὶο
1285 5589 1295 5598 ’
1941 5611 2175 5659 annum;
2233 5592 2449 5648 Samuel
2494 5593 2731 5655 Potitus;
2776 5589 3078 5663 Stephanus
3115 5590 3403 5663 choyne,
3435 5595 3489 5641 et

356 5661 469 5730 (92)
526 5663 764 5735 Vignol.,
809 5667 1089 5724 Dissertat.
1129 5669 1196 5724 de
1237 5682 1382 5725 anno
1422 5681 1440 5721 ι
1476 5666 1661 5723 Severi
1717 5667 1841 5722 Ale-
1940 5665 2386 5735 prmclarissimus
2421 5663 2758 5735 Stephanus
2796 5661 3075 5735 ΔΕνςκιμὶιις»
3155 5661 3487 5735 Assemanus

287 5735 498 5800 samlri,
534 5729 656 5803 pag.
699 5729 788 5791 91.
1941 5729 2374 5803 archiepiscopus
2405 5729 2678 5801 Apameae,
2711 5729 3108 5803 inprasfatione
3155 5730 3387 5803 generali
3416 5730 3479 5785 ad

356 5798 490 5874 (9'5),
519 5798 802 5877 Scaliger.,
862 5807 935 5863 De
984 5808 1239 5866 emendat.
1293 5817 1531 5878 tempor.,
1591 5807 1683 5862 lib.
1742 5817 1836 5869 vn.
1941 5798 2251 5875 Catalo'gum
2280 5798 2524 5858 codicum
2550 5817 2672 5855 mss.
2704 5799 3024 5858 bibliotheca
3061 5798 3346 5856 Vaticana'.
