3986 6358
483 393 583 452 511

1461 396 1548 452 DE
1590 397 1749 452 VITA
1783 398 1870 453 ET
1907 397 2146 454 SCRIP'I
2158 398 2218 453 IS
2252 399 2308 453 S.
2352 395 2730 454 HIPPOLYTI.
2801 398 2805 406 '

3587 373 3697 448 δὴ

485 513 828 568 Blancltinius
859 515 996 582 (97),
1047 515 1338 570 luculenter
1370 517 1728 571 illustrarunt.
1777 517 2048 572 Hactenus
2077 525 2121 575 A
2150 527 2341 586 quarta
2363 518 2572 572 decima
2594 517 2723 570 luna
2745 513 2960 568 evenire
2987 511 3191 580 possit;
3219 509 3486 564 revolutio
3507 512 3703 565 sexde-

486 605 733 660 eru‘ditus
764 605 1066 676 Vignolius.

556 698 910 754 Occasionem
941 698 1212 753 scribendi
1243 699 1474 752 Cottonis
1503 701 1617 755 sive
1662 700 1810 770 Cycli
1828 701 2048 768 pascha-

489 790 580 850 lis,
649 790 834 859 judice
892 789 1136 859 Basnage
1188 790 1333 857 (98),
1394 791 1484 844 cui
1535 791 1825 846 subscribit
1895 790 2046 843 Hemi

485 881 704 935 Ceillier
737 881 874 947 (99),
898 880 1127 950 praebuit
1153 879 1209 934 S.
1243 879 1528 950 Hippolyto
1580 882 1942 936 controversia
1966 883 2050 934 in-

485 983 568 1026 ter
594 972 888 1035 Ecclesias,
938 972 1005 1026 de
1056 971 1144 1027 die
1197 973 1505 1026 celebrandi
1535 971 1817 1028 Paschalis
1862 972 1952 1026 diu
1984 989 2048 1026 ea

486 1067 899 1134 tetate'agitata,
930 1065 1074 1132 quod
1100 1065 1224 1118 luna
1258 1064 1467 1118 decima
1496 1073 1690 1134 quarta
1741 1064 1964 1128 mensis,
1994 1063 2048 1116 in

492 1173 874 1226 quemcunque
900 1159 1117 1212 demum
1171 1156 1524 1211 hebdomadis
1569 1155 1710 1210 diem
1767 1155 2045 1217 incideret.

488 1259 638 1298 more
689 1242 914 1300 Judaico
964 1244 1150 1299 Asiani
1205 1244 1597 1298 celebrabant:
1654 1259 1776 1298 cum
1829 1255 2048 1298 econtra

489 1332 683 1387 Latina
715 1332 956 1389 Ecclesia
983 1350 1106 1389 cum
1146 1334 1268 1389 aliis
1317 1335 1572 1389 omnibus
1615 1332 1873 1389 Ecclesiis
1905 1334 2046 1388 diem

489 1423 830 1478 Dominicum
858 1425 1023 1478 ﬁxum
1050 1425 1330 1480 haberent.

562 1514 830 1570 Ceterum
863 1516 1002 1570 bene
1039 1517 1331 1571 observant
1388 1515 1619 1570 Maurini
1665 1515 1859 1581 nostri,
1904 1516 2048 1570 hunc

489 1608 698 1678 cyclum
725 1608 998 1663 sexdecim
1027 1622 1290 1662 annorum
1324 1616 1527 1677 partem
1558 1615 1885 1662 constituere
1913 1606 2048 1659 duo-

493 1717 610 1754 rum
656 1701 738 1755 vel
770 1701 932 1755 trium
987 1701 1216 1755 aliorum
1266 1699 1650 1769 opusculorum
1691 1697 1747 1750 S.
1781 1696 2044 1770 Hippolyti

488 1789 556 1844 de
577 1789 839 1845 Paschate
889 1789 989 1859 (l),
1039 1791 1107 1845 de
1155 1789 1354 1858 quibus
1400 1789 1561 1857 paulo
1602 1787 1828 1843 inferius
1869 1805 2047 1844 sermo

489 1881 705 1936 redibit.
733 1881 811 1935 Ex
845 1881 1062 1936 Eusebii
1100 1896 1317 1950 quoque
1347 1880 1525 1935 verbis
1555 1883 1908 1949 sequentibus
1931 1881 2042 1948 (2):

490 1973 690 2027 Eodem
721 1983 946 2041 tempore
965 1982 1014 2026 et
1050 1969 1369 2041 Hippolytus
1399 1971 1536 2024 inter
1570 1970 1800 2039 plurima
1821 1972 1932 2024 alia
1962 1973 2043 2024 in-

490 2067 626 2137 genii
662 2067 744 2119 sui
777 2074 1109 2119 monumenta
1149 2065 1341 2118 librum
1383 2065 1447 2118 de
1474 2064 1684 2118 Pascha
1718 2066 2044 2132 composuit;

489 2160 544 2212 in
573 2175 674 2229 quo
701 2168 990 2227 temporum
1011 2158 1197 2211 seriem
1237 2157 1551 2219 describens,
1584 2171 1831 2209 canonem
1873 2173 2047 2226 quent-

490 2251 613 2303 dam
663 2249 962 2319 paschalem
1012 2265 1104 2318 per
1152 2249 1411 2302 sexdecim
1462 2263 1720 2301 annorum
1769 2247 2046 2299 circuitum

489 2342 753 2407 exhibens,
780 2357 918 2394 anno
941 2341 1110 2408 primo
1164 2340 1492 2408 imperatoris
1521 2337 1811 2392 Alexandri
1837 2354 2048 2406 compu-

493 2433 741 2486 tationem
771 2440 1058 2499 temporum
1090 2429 1469 2482 circumscribit
1495 2444 1513 2492 ;
1563 2428 1674 2497 jam
1705 2428 1920 2495 collegit
1951 2428 2048 2480 do-

494 2523 778 2577 ctissimus
824 2520 1110 2574 Fabricius
1162 2520 1263 2591 (5),
1329 2519 1453 2574 inde
1497 2534 1758 2588 apparere
1784 2518 2046 2573 Cononem

494 2619 642 2672 hunc
672 2615 842 2670 fuisse
869 2614 1169 2670 clausulam
1225 2613 1405 2683 operis
1443 2610 1520 2665 De
1547 2610 1824 2675 Pascltate,
1859 2612 1912 2664 in
1939 2626 2049 2681 quo

492 2720 736 2779 tempora
773 2707 1096 2779 Hippolytus
1143 2706 1442 2776 digesserat
1484 2701 1658 2773 usque
1709 2702 1776 2757 ad
1813 2702 2047 2772 primum

494 2799 1034 2855 Alexandri-Severi
1065 2813 1269 2852 annum
1298 2837 1312 2860 ,
1368 2815 1397 2851 a
1453 2811 1562 2866 quo
1607 2796 1787 2850 Conon
1842 2794 2047 2863 incipit.

492 2892 637 2948 Idem
665 2893 724 2948 S.
757 2891 1026 2962 Hippolyti
1055 2891 1261 2961 cyclus,
1313 2898 1450 2944 teste
1482 2887 1547 2941 D.
1593 2885 1920 2957 Hieronymo
1951 2886 2048 2954 (t),

494 2985 837 3040 occasionem
899 2983 1128 3054 pra:buit
1175 2981 1408 3037 Eusebio
1464 2981 1627 3034 alium
1685 2979 2051 3033 novemdecim

492 3093 760 3133 annorum
785 3075 1123 3132 conﬁciendi.
1151 3072 1434 3127 Anatolius
1479 3069 1816 3125 Laodicenus
1846 3069 2055 3138 episco-

2149 602 2255 662 cim
2287 625 2553 663 annorum
2590 609 2788 676 septies
2846 606 2902 658 in
2933 619 2994 659 se
3043 604 3225 667 ducta,
3269 603 3592 657 determinat
3621 600 3706 655 fe—

2149 711 2292 755 stum
2326 701 2608 756 Paschatis
2655 715 2752 770 pro
2783 709 2998 753 centum
3029 706 3083 752 et
3127 696 3408 750 duodecim
3434 695 3614 757 annis,
3645 693 3704 747 id

2150 801 2234 845 est
2265 807 2298 847 a
2343 793 2516 862 ptimo
2545 807 2690 845 anno
2715 789 3005 844 Alexandri
3063 787 3268 852 Severi,
3305 787 3397 856 qui
3448 786 3706 853 congruit

2148 900 2270 938 cum
2305 900 2450 940 anno
2473 884 2577 937 222
2603 881 2731 938 Jcsu
2777 882 3000 946 Christi,
3034 896 3207 949 usque
3236 880 3302 934 ad
3335 893 3537 932 annum
3573 876 3702 931 555.

2148 975 2226 1029 Ex
2255 977 2415 1031 titulo
2458 977 2684 1031 exordio
2758 974 2906 1044 Cycli
2956 972 3220 1045 paschalis
3278 969 3499 1040 praeﬁxo
3548 979 3706 1022 extra

2149 1068 2504 1123 dubitationis
2527 1068 2699 1122 aleam
2731 1076 2950 1136 pomtur
2979 1066 3191 1120 initium
3223 1063 3433 1131 imperii
3460 1062 3706 1114 Alexan-

2147 1157 2229 1210 dri
2276 1156 2461 1210 Severi
2513 1171 2656 1210 anno
2705 1156 2832 1220 222,
2881 1172 2946 1210 ex
2984 1171 3093 1226 quo
3137 1152 3514 1224 potentissimo
3539 1166 3708 1219 argu-

2149 1255 2328 1300 mento
2360 1245 2578 1300 Baronii
2636 1245 2991 1315 chronologia
3034 1252 3090 1298 et
3136 1241 3405 1310 Onuphrii
3439 1239 3708 1294 refellitur

2148 1347 2309 1406 atque
2340 1337 2650 1407 corrigitur.
2704 1336 2798 1392 llle
2849 1353 2971 1391 cum
3017 1352 3161 1390 anno
3206 1333 3420 1388 Domini
3454 1332 3582 1397 22b,
3615 1330 3709 1384 hic

2148 1443 2270 1482 cum
2297 1427 2403 1482 225
2431 1429 2666 1496 primum
2711 1428 3001 1482 Alexandri
3051 1425 3288 1496 copulat.
3317 1423 3435 1479 Jam
3465 1437 3599 1476 vero
3648 1422 3706 1475 in

2148 1516 2324 1584 primo
2379 1517 2672 1572 Alexandri
2730 1517 3070 1587 imperatoris
3115 1533 3281 1580 anno,
3309 1515 3511 1584 Aprilis
3556 1514 3712 1568 deci-

2149 1623 2270 1662 mus
2312 1611 2503 1664 tertius
2536 1608 2686 1663 feriae
2731 1625 2806 1663 vn
2853 1609 3176 1675 cohaerebat,
3231 1618 3368 1661 teste
3428 1605 3709 1676 Hippolyti

2149 1698 2380 1759 Conone,
2422 1714 2584 1762 quam
2619 1699 2821 1753 frustra
2853 1700 3043 1753 I'criam
3087 1699 3381 1766 quaerimus
3415 1712 3560 1752 anno
3592 1699 3712 1753 sive

2147 1790 2271 1856 225,
2303 1791 2417 1846 sive
2441 1791 2564 1844 221.
2600 1793 2727 1846 ldus
2776 1792 2984 1860 Apriles
3030 1792 3082 1844 in
3119 1791 3350 1860 primam
3400 1789 3591 1844 feriam
3623 1790 3713 1842 in-

2147 1882 2333 1936 cidunt
2366 1898 2509 1937 anno
2547 1882 2671 1949 225,
2703 1883 2830 1953 quia
2860 1883 3038 1937 littera
3066 1881 3421 1936 Dominicalis
3453 1879 3518 1947 E,
3567 1896 3707 1949 epa-

2145 1982 2229 2028 cta
2256 1975 2449 2028 solaris
2471 1976 2536 2040 5;
2565 1990 2708 2029 anno
2727 1989 2857 2029 vero
2877 1974 3002 2038 224,
3027 1975 3121 2045 qui
3144 1983 3228 2030 est
3245 1974 3558 2038 bissextilis,
3579 1972 3711 2026 ldus

2144 2066 2374 2134 Apriles,
2397 2067 2461 2120 ad
2493 2067 2683 2120 feriam
2735 2067 2946 2120 tertiam
2992 2068 3280 2137 pertinent,
3305 2067 3624 2137 jubentibus
3651 2077 3715 2118 et

2146 2159 2339 2212 litteris
2372 2158 2798 2213 Dominicalibus
2825 2157 2887 2222 D,
2923 2157 2986 2226 C,
3011 2169 3064 2214 et
3089 2161 3293 2230 epactis
3335 2160 3608 2214 solaribus
3647 2160 3708 2223 4,

2146 2249 2199 2302 5.
2233 2247 2296 2302 Et
2328 2264 2458 2304 sane
2484 2248 2541 2302 S.
2569 2248 2889 2320 Hippolytus
2925 2250 3130 2312 scribit,
3175 2249 3321 2319 quod
3354 2251 3531 2319 primo
3559 2265 3713 2302 anno

2147 2342 2361 2411 imperii
2392 2343 2683 2396 Alexandri
2718 2343 2846 2398 luna
2905 2343 3113 2397 decima
3147 2352 3338 2412 quarta
3377 2344 3430 2396 in
3465 2340 3713 2398 Sabbato

2147 2431 2454 2504 contigerit,
2488 2435 2582 2504 qui
2607 2433 2708 2488 fuit
2738 2434 2862 2488 ldus
2911 2434 3196 2503 Aprilium,
3242 2433 3292 2488 id
3335 2443 3419 2489 est
3457 2435 3711 2490 decimus

2149 2527 2337 2581 tertius
2363 2528 2566 2580 mensis
2589 2526 2789 2596 Aprilis
2815 2524 2912 2593 (8).
2943 2524 3060 2578 Jam
3083 2541 3212 2580 vero
3233 2535 3438 2580 certum
3473 2537 3559 2581 est
3579 2527 3712 2582 ldus

2147 2618 2435 2688 Aprilium,
2469 2633 2562 2673 seu
2600 2618 2870 2672 decimum
2908 2620 3125 2670 tertium
3162 2617 3324 2685 hujus
3357 2617 3564 2672 mensis
3594 2634 3709 2672 non

2149 2709 2407 2765 incidisse
2440 2710 2494 2763 in
2525 2708 2820 2763 Sabbatum
2854 2709 2956 2763 nisi
2995 2709 3152 2762 annis
3199 2708 3328 2771 216,
3356 2708 3464 2763 222
3491 2719 3549 2762 et
3575 2709 3712 2763 251.

2148 2801 2445 2857 Observatu
2488 2802 2562 2854 ita
2614 2800 2837 2870 dignum
2900 2809 2983 2854 est
3041 2800 3094 2853 in
3145 2800 3249 2855 hac
3310 2801 3663 2868 inscriptione
3693 2819 3712 2856 ε

2151 2896 2204 2949 1ο
2233 2895 2380 2965 quod
2430 2892 2488 2948 S.
2538 2892 2856 2963 Hippolytus
2912 2893 3085 2962 primo
3145 2901 3268 2962 post
3318 2892 3600 2947 Paschatis
3629 2891 3716 2946 fe-

2151 2996 2293 3042 stum
2326 2987 2560 3056 primum
2593 2985 2870 3054 regiminis
2897 2984 3190 3039 Alexandri
3252 2985 3470 3039 inchoet
3502 2999 3714 3039 annum

2153 3081 2270 3150 (9);
2312 3079 2369 3133 2°
2394 3080 2538 3149 quod
2573 3079 2675 3133 hoc
2697 3093 2840 3132 anno
2869 3077 3070 3131 mensis
3115 3078 3313 3146 Aprilis
3347 3077 3516 3132 fuerit
3538 3077 3716 3131 inter-

494 3185 598 3238 pus
627 3169 684 3224 in
719 3166 911 3239 Syria,
961 3167 1056 3236 qui
1111 3165 1360 3220 eumdem
1417 3165 1626 3235 cyclum
1677 3163 2049 3234 Hippolyteum

2153 3174 2349 3229 calaris
2407 3171 2559 3241 (10);
2626 3171 2682 3224 5ο
2732 3171 2874 3240 quod
2923 3170 3083 3225 ﬁnem
3125 3169 3391 3238 jejunium
3455 3171 3718 3238 paschale

494 3260 726 3323 viderat,
751 3258 950 3312 fatetur
977 3257 1121 3326 quod
1155 3255 1213 3311 S.
1244 3255 1564 3327 Hippolytus
1592 3270 1700 3309 non
1749 3265 1924 3310 certas
1954 3270 2052 3324 p:o

494 3350 908 3407 determinando
960 3347 1228 3403 Paschate
1279 3348 1494 3418 regulas
1533 3347 1816 3401 tradiderit
1867 3347 1963 3414 (5).
1993 3345 2048 3399 S.

498 3443 738 3498 Isidorus
761 3441 1094 3510 Hispalensis
1119 3440 1407 3510 episc0pus
1432 3440 1507 3493 ait
1528 3439 1605 3509 (6)
1628 3438 1861 3508 primum
1889 3437 2055 3492 fuisse

498 3535 556 3590 S.
615 3534 954 3606 Hippolytum
1014 3541 1284 3595 nostrum,
1341 3530 1432 3600 qui
1479 3531 1688 3601 cyclum
1744 3530 2051 3599 paschalem

497 3625 789 3683 confecerit
811 3643 827 3692 ;
851 3635 1034 3695 atque,
1053 3623 1235 3693 judice
1273 3621 1676 3692 sapientissimo
1699 3632 1753 3676 et
1782 3619 2056 3676 indefesso

495 3718 840 3789 antiquitatis
867 3724 1168 3773 scrutatore
1199 3715 1562 3781 Tillemontio,
1584 3713 1934 3785 Hippolyteus
1960 3728 2054 3783 cy-

498 3813 615 3868 i-lus
647 3813 890 3868 omnium
919 3811 1324 3866 vetustissimus
1356 3810 1582 3864 habetur
1608 3809 1706 3878 (7).

802 3902 830 3975 ς
859 3902 922 3958 II.
981 3902 1226 3972 Analysis
1257 3901 1403 3972 Cycli
1433 3900 1753 3971 Hippolytei.

573 3993 627 4047 In
661 3994 800 4049 duas
841 4002 1024 4064 partes
1072 3994 1280 4048 divisus
1321 4002 1406 4048 est
1469 3992 1659 4062 Cyclas
1701 3991 1964 4061 paschalis
1995 3989 2052 4044 S.

502 4085 794 4158 Hippolyti.
833 4085 888 4140 In
939 4087 1111 4157 prima
1158 4093 1311 4155 parte
1343 4094 1565 4139 sanctus
1621 4083 1939 4154 Hippolytus
1970 4083 2059 4137 de-

500 4173 697 4242 signat,
728 4173 784 4227 in
813 4172 1012 4242 quibus
1055 4173 1248 4228 diebus
1275 4173 1541 4227 mensium
1576 4171 1753 4226 Martii
1780 4182 1834 4228 et
1856 4171 2056 4242 Aprilis

572 4410 707 4480 (97)
723 4408 1030 4475 Blancbin.,
1060 4407 1328 4480 Diatriba,
1342 4425 1448 4478 qua
1463 4407 2055 4480 iCanonemipascltalem

501 4477 648 4561 hunc
669 4477 959 4561 'S‘caligero
1009 4487 1062 4533 et
1091 4477 1956 4561 PIICIICI‘IQAIDIH'US.illlPﬂPCI‘Hln

2155 3265 2403 3320 habuerit
2433 3263 2714 3317 Dominiea
2742 3264 2831 3317 die
2856 3262 3138 3317 Paschalis
3165 3262 3277 3331 (11)
3304 3279 3318 3327 ;
3350 3261 3406 3314 4°
3447 3262 3594 3331 quod
3624 3278 3719 3332 cy-

2153 3360 2271 3414 clus
2308 3357 2578 3428 paschalis
2613 3355 2670 3410 S.
2731 3345 2998 3426 Hippolyti
3035 3370 3141 3408 non
3187 3355 3258 3409 sit
3305 3357 3520 3424 penitus
3562 3356 3719 3412 illius

2155 3450 2467 3515 inventum,
2529 3448 2622 3503 sed
2682 3447 2825 3516 quod
2879 3456 3138 3516 sequatur
3187 3446 3377 3515 praxin
3415 3447 3529 3515 jam
3585 3457 3720 3502 ante

2156 3544 2329 3614 ipsum
2363 3541 2654 3595 stabilitam
2689 3540 2820 3607 (12).

2224 3633 2282 3688 In
2322 3633 2556 3688 secunda
2603 3640 2754 3700 parte
2797 3631 2996 3684 indicat
3043 3629 3157 3684 dies
3190 3630 3388 3698 quibus
3425 3630 3718 3684 celebran-

2155 3727 2283 3781 dum
2332 3735 2416 3779 est
2464 3722 2691 3778 Pascha.
2745 3721 2856 3776 Hoc
2890 3721 3086 3775 festum
3131 3736 3342 3790 semper
3378 3730 3597 3776 notatur
3626 3722 3720 3776 die

2161 3822 2456 3876 Dominica.
2492 3818 2720 3886 Quando
2765 3818 2892 3871 luna
2938 3816 3147 3870 decima
3187 3826 3378 3883 quarta
3423 3816 3612 3870 incidit
3659 3817 3717 3870 in

2159 3913 2474 3977 Sabbatum,
2517 3909 2723 3964 Pascha
2764 3908 3139 3962 celebrandum
3170 3923 3276 3960 non
3317 3916 3398 3962 est
3433 3905 3719 3961 Dominica

2159 4003 2423 4074 sequenti,
2461 4017 2581 4071 quae
2603 4009 2686 4055 est
2713 4000 2919 4054 decima
2950 3999 3137 4069 quinta
3163 3997 3324 4062 lunae,
3349 3997 3442 4052 sed
3477 3999 3718 4052 transfe-

2159 4095 2386 4150 rendum
2417 4101 2499 4148 est
2527 4091 2593 4144 ad
2621 4089 2954 4145 Dominicum
2985 4099 3105 4158 post
3135 4094 3290 4156 hanc,
3324 4089 3374 4143 id
3401 4096 3503 4153 est,
3533 4089 3601 4142 ad
3632 4088 3718 4141 vi-

2159 4187 2412 4243 cesimam
2443 4183 2731 4241 secundam
2757 4183 2899 4237 luna:
2923 4181 3084 4237 diem.
3117 4179 3274 4236 Ratio
3297 4180 3456 4250 hujus
3485 4193 3720 4250 praxeos

2145 4362 2169 4381 ’ί
2231 4408 2305 4474 (6)
2360 4403 2990 4484 ι--Ραεψαιεημςῃριιιιη
3053 4401 3370 4484 Hippolytus
3425 4401 3718 4484 episcopus

2165 4477 2496 4547 temporibus
2519 4474 2810 4547 Alexandri
2845 4475 3180 4547 imperatoris
3237 4475 3443 4547 primus
3469 4474 3719 4547 conseri-

503 4524 1062 4620 ia's'aasfaasg'sing:
1085 4524 1956 4620 missing;'fii.‘..ni;"n1;.1:.';
1991 4524 2050 4602 iii.

2164 4524 2268 4620 ᾖδ’ῑᾷ
2273 4524 2582 4620 Sit-5366f,
2593 4524 2810 4620 115ij
2845 4524 3436 4620 'ottgstntgtsew,‘
3453 4524 3598 4620 pag.
3623 4524 3714 4596 77.

503 4621 584 4673 bri
634 4631 754 4676 est:
811 4620 883 4673 De
935 4618 1250 4673 Calendario
1294 4628 1344 4671 et
1385 4617 1542 4686 Cyclo
1585 4617 1835 4682 Cwsaris,
1886 4635 1949 4672 ac
1997 4621 2061 4672 de

505 4688 755 4744 Paschali
787 4689 994 4745 Canone
1028 4687 1086 4742 S.
1115 4687 1388 4759 Hippolyti
1407 4689 1653 4758 martyris
1671 4687 2059 4743 dissertationes

503 4759 642 4820 duce,
685 4763 752 4813 ad
783 4759 1094 4813 Clementem
1125 4758 1208 4812 X1
1239 4759 1535 4828 pontiﬁcem
1570 4759 1878 4811 maximum.

579 4830 973 4953 (98%8Iiasnagq
1028 4827 1414 4898 AnnaLpolit.
1466 4828 1616 4892 eccl.,
1667 4828 1733 4881 ad
1763 4845 1892 4881 ann.
1923 4827 2052 4894 222,

541 4913 626 4953 ac.
661 4903 786 4953 28%.

505 4914 875 5090 ἓθῇἇθΐδιξῳέ
895 4967 1131 5034 Camer,
1167 4967 1309 5022 Hist.
1337 4971 1509 5038 génér.
1537 4967 1626 5021 des
1651 4977 1884 5035 auteurs,
1929 4976 2056 5024 tom.

562 5085 569 5090 .
621 5056 738 5090 nae.
809 5055 840 5090 τ)
883 5079 895 5090 .

556 5085 569 5102 ,
621 5056 738 5102 pag.
773 5055 895 5091 aoz.

621 5059 895 5109 pug.ooz.

577 5109 850 5232 (vI-)Sﬁitliist.
910 5107 1017 5161 litt.
1057 5110 1120 5162 de
1165 5110 1220 5162 la
1270 5107 1497 5170 France,
1562 5119 1692 5162 tom.
1742 5106 1784 5169 l,
1837 5119 1980 5228 part.
2019 5124 2056 5169 I,

527 5195 627 5234 tau.
660 5180 784 5234 566.

506 5195 627 5249 pag.
660 5195 784 5234 oon.

579 5251 654 5320 (2)
689 5249 909 5320 Euseb,
947 5245 1147 5320 I_l.AE.,
1172 5248 1365 5320 lib._vt.
1391 5262 1513 5314 cap.
1539 5246 1628 5299 22.

579 5315 656 5391 (5)
692 5319 931 5391 Febrim,
959 5317 1212 5391 Bibliot/r.
1258 5316 1450 5378 Crura,
1480 5327 1606 5368 tom.
1630 5315 1714 5391 δ’,
1748 5333 1867 5386 pag.
1894 5315 2019 5372 205.

580 5386 657 5458 (4)
694 5389 1005 5458 Hieronym.
1058 5390 1112 5442 iu
1165 5386 1429 5456 Catalog.,
1468 5401 1584 5454 cap.
1621 5387 1708 5440 61.

475 5470 520 5532 '_
698 5480 716 5512 ι
743 5456 1024 5532 Εηιίὼυξ
1069 5459 1384 5532 Hippolytus
1418 5472 1503 5509 1m
1556 5472 1819 5532 annorum
1877 5456 2057 5532 circu-

508 5527 619 5584 lum
641 5527 964 5601 quibusdam
1000 5530 1140 5583 luna:
1193 5527 1389 5601 ignotis
1431 5527 1681 5580 cursibus
1729 5528 2055 5601 composuit.

510 5602 616 5654 Alii
657 5597 784 5663 ixv,
820 5601 908 5653 alii
945 5616 1072 5663 nx,
1126 5598 1367 5652 nonnulli
1422 5612 1616 5649 Lxxxw
1653 5611 1916 5648 annorum
1953 5597 2059 5648 cir-

511 5672 692 5725 culum
732 5679 1127 5739 computantes,
1185 5681 1462 5734 nunquam
1511 5667 1575 5717 ad
1620 5665 2058 5739 vet-antl'aschac

515 5736 874 5810 computandi
889 5741 1150 5793 rationem
1178 5745 1587 5808 pervenerunt.»
1609 5736 1888 5791 Anatolius
1917 5736 2056 5806 apud

512 5810 767 5866 Βασιλεῖ..
796 5825 916 5866 Datz.
947 5809 1068 5864 459.

561 5825 767 5877 ucuer.,
796 5825 916 5881 pag.
947 5825 1068 5864 4ου.

2257 4620 2308 4686 7)
2335 4617 2623 4671 Tillemont
2651 4657 2666 4682 ,
2692 4614 2954 4686 Memoir.,
2988 4613 3220 4686 tom.ll_l,
3257 4612 3537 4686 pag._

2254 4679 2307 4752 8)
2363 4707 2382 4737 ‹
2412 4687 2568 4739 Anno
2617 4679 2790 4753 primo
2841 4684 3118 4753 regiminis
3149 4679 3438 4753 Aleiandri
3488 4683 3720 4753 impera-

2160 4752 2294 4814 toris
2328 4757 2467 4810 facta
2511 4765 2594 4809 est
2621 4752 2713 4808 ’xw
2758 4752 2978 4806 Pascha:
3011 4753 3190 4806 Idibus
3250 4752 3546 4820 Aprilibus,
3579 4752 3719 4805 Sab-

2161 4833 2306 4894 bato,
2330 4843 2452 4881 cum
2483 4825 2685 4879 mensis
2715 4824 3096 4892 embolymaeus
3119 4819 3324 4894 finisset.
3346 4819 3460 4875 Erit
3485 4837 3718 4894 sequen-

2162 4891 2307 4955 tibus
2341 4897 2518 4958 annis,
2542 4895 2684 4949 sicut
2709 4895 2762 4947 in
2804 4891 2986 4947 tabula
3020 4893 3322 4961 subjectum
3379 4900 3480 4944 est.
3517 4891 3714 4946 Evenit

2159 4987 2287 5026 vero
2316 4969 2370 5020 in
2405 4965 2710 5035 praeteritis,
2737 4964 2876 5018 sicut
2902 4963 3207 5035 indicatum
3229 4971 3312 5016 est
3329 4979 3346 5035 _;
3372 4961 3580 5035 solvere
3610 4978 3716 5035 au-

2162 5051 2265 5094 tem
2299 5029 2508 5105 oportet
2547 5035 2834 5105 jejunium,
2883 5033 2970 5105 ubi
2998 5032 3274 5105 Dominica
3321 5031 3620 5084 inciderit.»
3656 5029 3715 5085 S.

2162 5051 2265 5094 lem
2299 5051 2508 5105 oportet
2547 5052 2598 5102 ,ιιι
2627 5051 2834 5098 uniutn,
2883 5051 2970 5085 um
2998 5051 3077 5084 uo

2162 5109 2480 5178 Hippolytus
2515 5105 2566 5157 in
2591 5051 2798 5178 éanone
2825 5103 3081 5178 pascltali.

2227 5168 2301 5249 (9)
2346 5168 2376 5228 ε’
2405 5177 2561 5228 Anno
2586 5174 2758 5249 primo
2783 5168 3058 5249 regiminis
3095 5170 3382 5249 Alexandri
3409 5168 3716 5249 imperato-

2161 5240 2392 5303 ris'l‘acta
2418 5255 2501 5299 est
2546 5240 2636 5298 xiv
2678 5240 2900 5296 Pascha:
2925 5242 3108 5296 Idibus
3151 5242 3320 5309 April.
3357 5257 3376 5291 ι
3409 5241 3556 5292 Idem
3583 5240 3716 5294 ibid.

2229 5319 2338 5387 (10)
2366 5336 2383 5367 ι
2411 5315 2668 5379 Sabbato,
2691 5329 2810 5368 cum
2831 5312 3030 5367 mensis
3047 5312 3430 5382 embolymaeus
3452 5309 3665 5364 luisset.
3691 5327 3713 5362 ι

2159 5387 2299 5442 Idem
2339 5387 2469 5441 ibid.

2229 5458 2338 5527 (ll)
2385 5475 2403 5507 ι
2443 5453 2662 5527 solvere
2693 5462 2869 5527 autem
2910 5459 3120 5527 oportet
3160 5447 3448 5519 jejunium,
3485 5447 3579 5502 ubi
3609 5447 3719 5502 Do-

2159 5522 2358 5581 minic'a
2387 5525 2652 5579 inciderit.
2692 5543 2709 5574 ι
2745 5523 2886 5576 Idem
2914 5522 3042 5575 ihid.

2230 5596 2340 5666 (12)
2373 5615 2391 5647 ι
2441 5593 2556 5647 Erit
2613 5593 2963 5666 sequentibus
2992 5591 3190 5666 annis,
3238 5590 3380 5666 sicut
3423 5591 3477 5666 i_n
3531 5587 3718 5666 tabula

2157 5660 2455 5734 subjectum
2475 5673 2586 5734 est;
2619 5660 2795 5734 evenit
2818 5677 2954 5734 vero
2992 5663 3044 5715 in
3079 5662 3380 5732 prieteritis,
3410 5662 3550 5716 sicut
3578 5660 3720 5715 indi-

2157 5732 2334 5794 catum
2360 5745 2462 5792 est.
2501 5753 2520 5786 ι
2549 5732 2691 5789 Idem
2723 5733 2853 5789 ibid.
