3942 6346
201 409 300 463 513
1182 405 1269 461 DE
1308 403 1469 460 VITA
1506 404 1597 460 ΕΤ
1635 401 1784 460 SCRI

1896 402 1943 459 ,S
1977 402 2037 459 8.
2077 396 2456 457 HIPPOLYTI.
3312 391 3420 449 5N

199 534 290 591 est,
312 525 449 596 quia
502 523 561 579 S.
611 522 946 596 Hippolytus,
993 523 1448 595 quemadmodum
1482 530 1538 579 et
1564 523 1763 588 Latini,
1793 530 1839 586 Α
1863 520 2151 592 explicatio
2182 518 2248 573 ad
2285 524 2522 571 mentem
2562 513 2620 569 8.
2663 511 2936 583 Hippolyti
2965 527 3108 583 agre
3135 515 3423 583 cognosci-

199 633 293 672 aou
323 617 625 671 voluerunt
650 625 712 671 ut
746 614 956 670 Pascha
981 628 1051 670 eo
1096 615 1184 670 die
1232 623 1483 685 ageretur
1509 629 1620 684 quo
1653 613 1763 667 Do—
1858 624 1968 682 tur,
2002 627 2149 678 cum,
2177 612 2255 666 uti
2280 610 2484 666 dictum
2529 607 2651 673 fuit,
2696 615 2977 672 tractatus,
3026 620 3186 676 quem
3229 606 3296 659 de
3334 607 3426 660 illo

197 708 367 761 minus
391 716 588 761 noster
609 706 905 761 cruciﬁxus
941 706 1060 761 fuit.
1092 704 1388 760 Christiani
1415 705 1761 760 Alexandrini
1860 708 1976 778 ipse
2004 705 2268 771 exaravit,
2323 703 2635 774 deperditus
2677 700 2811 767 fuit;
2864 702 2984 757 ideo
3026 700 3185 754 multi
3228 701 3425 755 eruditi

196 799 352 852 alium
398 798 777 867 sequebantur
806 798 1109 860 calculum,
1147 797 1201 850 hi
1233 796 1376 851 enim
1420 796 1765 851 celebrabant
1862 798 1986 861 viri,
2013 797 2089 851 uti
2124 792 2386 866 Scaliger,
2430 792 2705 859 Petavius,
2750 791 3070 856 Buclierius,
3120 788 3424 859 Vignoliusi

191 888 397 945 Pascha
443 905 478 943 a
516 890 728 944 decima
754 889 943 959 quinta
986 889 1147 953 luna;
1192 902 1317 942 cum
1353 895 1575 942 econtra
1610 887 1763 957 juxta
1862 891 1913 945 le
1941 888 2188 960 Moynius
2218 897 2274 944 et
2308 886 2679 952 Blancbinius,
2712 885 2765 940 in
2796 885 2890 940 illo
2925 883 3244 954 explicando
3276 882 3430 936 labo-

186 980 401 1050 erdem
441 979 501 1035 S-
533 978 805 1051 Hippolyti
832 987 884 1034 el
917 978 1140 1034 Victorii
1170 978 1283 1051 (15)
1322 978 1537 1033 nonnisi
1563 991 1594 1033 ι
1620 977 1767 1033 deci-
1862 993 2073 1048 rarunt,
2093 997 2326 1053 quorum
2360 982 2561 1050 scripta
2586 989 2639 1034 et
2672 987 2831 1034 notas
2866 979 3118 1032 Albertus
3145 975 3428 1030 Fabricius

184 1082 459 1129 masexta
499 1072 885 1129 celebrandum
938 1078 1104 1126 esset.
1157 1068 1463 1125 Notandum
1519 1068 1764 1137 insuper,

1898 1075 2176 1132 ollectioni
2225 1078 2448 1144 Operam
2498 1070 2670 1127 sancti
2717 1069 2986 1139 Hippolyti
3040 1067 3289 1122 inseruit.
3324 1064 3429 1119 Pro

182 1165 327 1235 ιιυοά
356 1165 525 1234 imm
546 1164 799 1218 eumdem
830 1163 976 1217 hunc
1011 1162 1222 1232 Cyelum
1256 1160 1467 1216 P350133
1512 1160 1768 1215 οωπίὺυε
1868 1178 2057 1224 nostro
2098 1175 2279 1222 autem
2331 1165 2581 1219 instituto
2630 1162 2857 1218 sufficiet
2889 1177 2951 1215 ea
3017 1159 3105 1213 hic
3147 1161 3427 1223 adnotare,

185 1255 496 1309 Dominicis
523 1270 558 1309 a
602 1255 813 1309 decima
860 1252 1018 1308 tertia
1064 1247 1428 1307 Kalendarum
1477 1250 1766 1321 Aprilium,

184 1362 279 1401 seu
302 1362 336 1399 a
369 1344 641 1400 vicesima
670 1342 848 1398 Martii
878 1357 1054 1413 usque
1081 1342 1150 1397 ad
1180 1341 1522 1396 undecimam
1563 1339 1767 1395 Kalen-

187 1437 381 1491 darum
426 1433 581 1497 Haii,
612 1449 709 1489 seu
743 1434 1061 1488 vicesimam
1105 1431 1308 1502 Aprilis
1348 1430 1609 1487 celebrari
1645 1444 1772 1499 pos-

188 1538 287 1583 set.
318 1526 456 1581 Inde
486 1527 766 1595 colligitur
793 1524 851 1579 S.
878 1522 1222 1593 Hippolytum
1241 1521 1770 1591 aequinoctium,'seu

193 1621 321 1676 silis
349 1620 408 1673 in
436 1619 683 1674 Arietem
726 1618 1028 1689 ingressum
1059 1629 1169 1669 non
1195 1629 1320 1669 cum
1353 1630 1446 1668 xxi
1480 1612 1677 1677 Martii,
1714 1621 1772 1665 ut

1867 1275 1988 1330 quae
2008 1259 2075 1313 ad
2107 1266 2315 1313 rectum
2346 1255 2510 1325 hujus
2535 1254 2768 1309 Cononis
2797 1252 3126 1307 intellectum
3158 1265 3223 1305 ex
3252 1249 3432 1305 citatis

1868 1347 2186 1407 auctoribus
2210 1346 2390 1417 colligi
2426 1353 2673 1415 possunt.

1934 1440 2087 1495 Non
2127 1439 2189 1494 ll.
2231 1438 2384 1492 Prior
2413 1438 2579 1508 igitur
2620 1436 2801 1491 tabula
2842 1435 2895 1488 1ο
2929 1432 3164 1489 ostendit
3203 1432 3435 1501 plenilu-

1870 1535 1958 1589 nia
1989 1531 2285 1602 paschalia,
2317 1529 2623 1599 incipiendo
2655 1529 2724 1583 ab
2746 1541 2893 1582 anno
2921 1525 3125 1581 Christi
3159 1522 3285 1588 222,
3315 1526 3434 1595 qui,

1871 1624 1948 1679 uti
1983 1620 2262 1693 Viguolius
2289 1621 2343 1675 in
2381 1620 2761 1676 dissertatione
2792 1618 2870 1671 De
2899 1633 3036 1671 anno
3068 1617 3238 1686 primo
3274 1616 3439 1685 impe-

196 1710 398 1767 Kicaani
426 1708 647 1777 Patres,
677 1725 852 1779 neque
879 1724 1003 1764 cum
1039 1724 1177 1772 xxii,
1209 1719 1268 1761 ut
1289 1705 1490 1775 passim
1519 1703 1773 1758 Anatolio

198 1806 475 1867 tribuunt;
503 1803 599 1858 sed
629 1816 753 1855 cum
792 1816 928 1854 xvnt
958 1798 1136 1853 Martii
1162 1811 1508 1867 comparasse
1535 1809 1603 1850 ex
1626 1810 1764 1848 non-

1872 1716 1941 1768 τίὶ
1987 1711 2526 1789 δευενίτΑιεπαηάνὶ,
2578 1709 2931 1764 Valsecch‘ius
2982 1717 3037 1762 et
3088 1706 3368 1777 Philippus
3405 1724 3436 1761 a

1873 1806 2047 1862 Turre
2076 1805 2470 1866 demonstrant,
2519 1809 2604 1856 est
2646 1814 2823 1854 annus
2849 1800 3062 1868 primus
3099 1796 3284 1852 Severi
3312 1795 3439 1851 Ale-

206 1898 478 1951 nnllorum
511 1903 751 1949 veterum
779 1903 834 1947 et
867 1891 1164 1947 celebrium
1207 1889 1600 1959 astrOIOgorum
1647 1901 1771 1940 sen-
1801 1874 1844 1928 Β
1872 1896 2067 1953 Χδηάτί
2106 1894 2466 1965 imperatoris.

206 1987 524 2056 tenuat”),
559 1985 858 2055 praisertim
907 1981 1138 2038 Metonis
1166 1991 1221 2036 et
1249 1978 1482 2047 Eudoxi,
1523 1977 1619 2048 qui
1657 1977 1768 2047 jam

204 2094 323 2138 ante
352 2094 534 2134 annos
588 2078 711 2148 plus
739 2092 905 2147 quam
950 2075 1056 2131 400
1101 2085 1227 2130 ante
1272 2071 1606 2128 nativitatem
1642 2067 1773 2125 Jesu

205 2174 396 2229 Christi
447 2172 840 2242 aequinoctium
894 2168 1112 2224 vernale
1166 2167 1234 2221 ad
1281 2181 1412 2220 xviii
1461 2162 1641 2219 Martii
1687 2179 1775 2217 re-

207 2269 559 2324 strinxerunt.
599 2263 737 2319 Cum
769 2263 968 2333 quibus
994 2260 1209 2316 Iudaeos
1239 2258 1585 2315 consensisse
1622 2254 1777 2311 Jose-

212 2359 344 2428 phus
368 2372 566 2412 eorum
619 2356 915 2412 historicus
961 2353 1223 2409 insinuat.
1254 2350 1405 2406 Adeo
1439 2364 1628 2405 verum
1670 2356 1774 2411 est,

215 2465 379 2519 neque
402 2448 611 2504 Judaeis
639 2448 929 2513 veteribus,
963 2460 1140 2515 neque
1173 2441 1500 2499 Christianis
1543 2454 1637 2511 per
1666 2439 1777 2494 duo

218 2543 391 2610 priora
419 2540 625 2595 saecula
661 2538 1089 2593 astronomicum
1112 2534 1423 2607 aequinoctii
1451 2532 1594 2587 diem
1626 2529 1780 2599 agni-

217 2643 344 2697 tum,
375 2648 485 2686 non
530 2640 681 2686 certe
712 2638 864 2685 tanto
909 2628 1167 2698 scrupulo
1215 2626 1559 2681 observatum
1596 2641 1611 2677 :
1653 2636 1779 2677 cum

217 2727 269 2781 bi
295 2726 443 2781 nullo
465 2724 538 2779 ad
563 2740 661 2779 eas
697 2723 865 2778 tricas
892 2722 1026 2786 otio,
1063 2720 1151 2775 vix
1184 2718 1292 2775 ulla
1323 2734 1356 2774 a
1387 2726 1468 2773 tot
1521 2729 1781 2786 persecu-

217 2819 447 2875 tionibus
476 2816 862 2887 respiratione,
905 2814 1045 2868 nihil
1090 2828 1253 2883 supra
1301 2811 1380 2879 id,
1413 2809 1560 2881 quod
1600 2808 1784 2864 hacte-

214 2928 315 2967 nus
338 2929 369 2967 a
400 2910 690 2982 Synagoga
729 2915 1048 2977 usurpatum
1082 2905 1354 2971 videbant,
1392 2900 1777 2973 inquirendum

214 3012 477 3074 putarent,
531 3009 869 3065 curarentve,
907 3012 1007 3053 nec
1038 3011 1267 3051 mensem
1294 3010 1569 3070 novorum,
1607 2992 1782 3048 solum

215 3113 245 3150 a
296 3095 579 3165 Scriptura
637 3090 1143 3156 memoratum,alio
1184 3104 1350 3159 quam
1395 3086 1568 3143 Judaei
1615 3101 1782 3143 sensu

216 3190 727 3259 interpretarentur.

272 3282 383 3337 Nec
408 3280 544 3336 illud
579 3279 671 3334 hic
704 3276 1085 3340 omittendum,
1126 3272 1475 3346 Hippolytum
1501 3272 1782 3329 constituti

212 3389 240 3426 a
270 3373 484 3444 synodo
519 3370 847 3425 Caesariensi
892 3366 1082 3423 limitis
1134 3354 1407 3436 paschalis
1462 3364 1626 3418 tinem
1675 3376 1783 3417 non

212 3467 493 3531 excedere,
539 3464 666 3519 licet
702 3463 918 3517 initium
951 3461 1120 3516 biduo
1172 3465 1497 3514 antcvertat.
1525 3456 1601 3511 Ea
1639 3456 1783 3511 enim

214 3560 455 3631 synodus
498 3559 572 3613 ab
623 3573 680 3611 xt
724 3555 950 3610 Kalend.
984 3553 1182 3624 April.,
1209 3569 1304 3609 seu
1338 3567 1449 3610 xxu
1486 3550 1686 3614 Martii,
1719 3550 1787 3604 ad

212 3668 265 3708 ιι
302 3650 581 3707 Kalendas
613 3648 759 3715 Maii,
795 3663 890 3703 seu
933 3662 1024 3701 χχι
1068 3645 1268 3716 Aprilis
1300 3644 1566 3699 inclusive
1588 3657 1682 3712 per
1719 3642 1783 3696 51

209 3744 325 3799 dics
351 3742 571 3798 Pascha
604 3739 995 3809 ἀναστάσιμον,
1029 3752 1127 3793 seu
1158 3735 1474 3791 Dominicas
1504 3734 1789 3804 paschales

208 3837 508 3901 concludit,
568 3832 889 3904 Hippolytus
934 3833 1004 3886 ab
1060 3845 1160 3885 xm
1199 3828 1424 3884 Kalend.
1464 3826 1659 3897 April.,
1693 3841 1787 3882 seu

209 3929 389 3984 Iartii
421 3946 519 3993 xx,
556 3927 623 3981 ad
666 3942 723 3981 xi
766 3924 1037 3981 Kalendas
1100 3921 1230 3977 Maii
1270 3936 1365 3992 per
1411 3919 1530 3975 dies
1568 3919 1792 3975 omnino

211 4024 280 4077 53
310 4019 586 4077 extendit.

264 4131 292 4203 ς
332 4128 424 4186 lli.
461 4127 610 4183 Noto
632 4127 703 4203 ad
736 4125 1002 4203 Cononem
1030 4123 1333 4203 parcitatem
1362 4121 1421 4178 S.
1471 4119 1748 4192 Hippolyti

673 4198 889 4268 facilius
920 4194 1337 4265 intelligendum.

279 4287 440 4345 Non
468 4289 518 4343 Ι.
551 4287 735 4342 Conon
769 4285 1035 4355 paschalis
1081 4283 1139 4339 8.
1189 4281 1462 4353 Hippolyti
1508 4279 1791 4336 hodiernis

217 4382 435 4452 quidem
477 4380 673 4435 usibus
700 4393 798 4448 pro
826 4376 1150 4432 inveniendo
1195 4390 1325 4430 vero
1371 4371 1657 4429 Paschatis
1704 4370 1793 4426 die

219 4475 423 4529 servire
447 4473 543 4528 vix
567 4479 765 4542 potest,
790 4486 914 4524 cum
939 4468 1108 4524 modo
1135 4475 1259 4537 post
1281 4474 1564 4521 accuratas
1599 4464 1793 4520 obser-

1941 1987 1998 2041 2°
2036 1985 2253 2041 Litterae
2296 1982 2566 2052 alphabeti
2610 1981 2871 2036 denotant
2907 1978 3103 2034 seriem
3142 1976 3440 2030 hebdoma-

1873 2078 1976 2143 das,
2007 2076 2059 2131 in
2081 2091 2244 2146 quam
2266 2075 2468 2130 dictum
2490 2072 2841 2143 plenilunium
2865 2069 3070 2124 incidit.
3113 2066 3177 2121 V.
3208 2084 3259 2137 g.
3297 2059 3443 2120 anno

1874 2171 2078 2226 Christi
2106 2170 2233 2234 222,
2264 2168 2620 2239 plenilunium
2654 2166 2905 2237 paschale
2951 2164 3297 2233 contingebat
3338 2160 3446 2215 ldi-

1876 2264 1979 2319 bus
2016 2261 2236 2333 Aprilis,
2259 2268 2311 2315 et
2330 2259 2507 2314 littera
2536 2258 2579 2312 (ὲ
2606 2258 2850 2328 apposita
2892 2257 3023 2311 illud
3053 2257 3107 2310 in
3141 2256 3281 2311 diem
3308 2254 3446 2309 Sabi-

1878 2355 1987 2410 bati
2017 2354 2273 2409 incidisse
2296 2351 2519 2407 indicat.

1946 2445 2004 2500 5°
2061 2444 2115 2498 In
2170 2444 2343 2513 prima
2393 2443 2649 2498 columna
2704 2438 3082 2494 descendendo
3144 2445 3446 2507 sequuntur

1879 2536 2150 2594 sexdecim
2184 2534 2310 2589 anni
2350 2533 2654 2603 incipiendo
2692 2532 2761 2586 ab
2794 2546 2938 2585 anno
2966 2529 3092 2593 222,
3126 2544 3222 2598 per
3249 2543 3447 2583 nume.

1878 2643 1974 2683 ros
2001 2626 2285 2696 designati,
2309 2633 2364 2680 et
2388 2624 2637 2679 similiter
2664 2623 2720 2677 in
2757 2620 2981 2690 reliquis
3011 2634 3106 2675 sex
3141 2618 3447 2681 columnis.

1881 2737 2003 2792 quae
2034 2729 2239 2790 septem
2256 2716 2817 2781 heccaidecaeterides,
2843 2728 2939 2769 seu
2956 2711 3299 2777 sedecennia,
3339 2726 3442 2766 an-

1883 2831 1985 2870 nos
2015 2813 2119 2867 112
2138 2812 2395 2868 eﬂiciunt.

1954 2906 2012 2961 4ο
2072 2904 2205 2961 Post
2257 2905 2493 2974 primum
2544 2898 2926 2956 sedecennium
2985 2890 3340 2966 plenilunium
3394 2894 3449 2948 in

1885 2997 2134 3053 eumdem
2162 2995 2378 3066 quidem
2416 2994 2584 3058 diem,
2613 2990 2823 3046 scilicet
2849 2987 2977 3043 ldus
3005 2986 3208 3056 Aprilis
3238 2984 3449 3048 incidit,

1880 3092 2036 3161 juxta
2070 3088 2390 3161 liypothesin
2420 3085 2478 3141 8.
2514 3083 2804 3154 Hippolyti,
2829 3096 2935 3135 non
2966 3094 3092 3134 vero
3119 3078 3174 3132 in
3206 3078 3452 3132 eamdem

1813 3200 1856 3257 ο
1888 3183 2100 3250 feriam,
2127 3182 2221 3236 sed
2244 3195 2349 3235 una
2376 3178 2508 3235 feria
2538 3178 2698 3233 citius
2718 3172 2977 3230 occurrit.
3010 3169 3072 3226 V.
3104 3187 3158 3241 ε.
3191 3169 3247 3223 ἱιι
3277 3168 3454 3238 prium

1885 3272 2207 3329 sedecennio
2240 3268 2598 3340 plenilunium
2641 3265 2697 3320 in
2728 3263 2795 3329 G,
2840 3263 2893 3316 id
2946 3268 3049 3327 est,
3096 3257 3336 3313 Sabbato
3362 3271 3455 3312 oc-

1882 3366 2080 3429 currit;
2108 3364 2162 3418 in
2196 3361 2438 3417 secundo
2469 3356 2794 3414 sedecennio
2819 3356 2925 3409 erit
2953 3352 3007 3407 in
3050 3349 3112 3416 F,
3142 3350 3195 3403 id
3232 3356 3336 3404 est.
3372 3347 3454 3402 le-

1882 3457 1962 3509 ria
1987 3453 2242 3521 sexta;in
2287 3451 2448 3505 tertio
2489 3449 2545 3502 in
2580 3445 2643 3514 E,
2694 3460 2789 3500 seu
2834 3442 2968 3497 feria
3018 3439 3235 3510 quinta,
3271 3446 3329 3492 et
3375 3437 3456 3492 sic

1882 3547 2184 3615 deinceps;
2220 3541 2486 3597 absolutis
2506 3549 2686 3594 autem
2722 3544 2927 3605 septem
2968 3529 3327 3594 sedecenniis,
3358 3543 3455 3583 seu

1885 3637 1988 3691 H2
2019 3636 2198 3700 annis,
2227 3634 2281 3688 in
2321 3632 2572 3687 eumdem
2597 3629 2737 3684 diem
2778 3633 2834 3681 et
2858 3623 3105 3680 eamdem
3146 3619 3339 3675 feriam
3369 3633 3457 3673 re-

1885 3737 2085 3785 curret.

1959 3825 2014 3880 5°
2048 3823 2151 3878 Per
2174 3834 2336 3877 voces
2361 3818 2483 3872 illas
2530 3813 2752 3876 Esdras,
2796 3809 3009 3865 Genesis
3058 3806 3278 3872 Christi,
3317 3800 3458 3857 Eze-

1887 3918 2056 3982 chias,
2092 3923 2221 3978 etc.,
2269 3912 2423 3982 juxta
2456 3904 2835 3961 Blanchinium
2869 3899 3142 3971 praecipua
3190 3895 3458 3951 Paschata

1887 4011 2264 4081 designantur,
2286 4017 2517 4074 quorum
2546 3997 2605 4052 S.
2636 3995 2915 4064 Scriptura
2951 3988 3218 4054 meminit,
3250 3987 3461 4042 scilicet

1892 4078 2064 4160 Exodi
2101 4114 2201 4155 xii.
2254 4096 2498 4150 Primum
2555 4087 2764 4145 Pascha
2819 4100 2871 4139 tv
2929 4079 3070 4136 Non.
3124 4080 3324 4150 April.,
3368 4078 3454 4133 vel

1884 4200 2040 4267 juxta
2074 4190 2372 4254 Danielem,
2420 4183 2588 4239 Nonis
2624 4181 2798 4252 April.
2832 4176 3142 4233 Secundum
3173 4174 3229 4227 in
3269 4186 3457 4226 eremo

1888 4265 2049 4342 Num.
2076 4301 2152 4339 ix.
2185 4282 2429 4338 Tertium
2452 4278 2554 4333 sub
2577 4274 2763 4337 Josue,
2799 4287 2894 4326 seu
2921 4267 3070 4333 Iesu,
3100 4265 3216 4321 Jos.
3256 4279 3339 4329 tn,
3379 4278 3460 4318 xu

1888 4379 2011 4435 Kal.
2034 4375 2204 4446 April.
2225 4373 2355 4428 ltem
2379 4370 2585 4426 Pascha
2604 4367 2708 4423 sub
2723 4362 2974 4427 Ezecliia,
2992 4359 3037 4414 ll
3052 4359 3289 4428 Paralip.
3311 4372 3417 4411 xxx
3442 4373 3458 4422 ;

1892 4473 1993 4529 sub
2028 4468 2199 4533 Josia,
2246 4465 2312 4519 IV
2347 4462 2479 4533 Reg.
2503 4475 2676 4525 xxiii;
2706 4457 2808 4514 sub
2858 4453 3052 4516 Esdra,
3086 4450 3110 4505 1
3153 4449 3341 4505 Esdrte
3383 4463 3460 4506 vi.

221 4565 469 4620 taliones
498 4540 928 4627 asironomicas,
960 4557 1320 4629 aequinoctio,
1362 4565 1416 4612 el
1442 4556 1608 4628 cyclis
1654 4554 1786 4611 solis
1819 4564 2024 4621 Ditem
2080 4561 2135 4615 in
2192 4557 2410 4621 Genesi,
2461 4560 2515 4608 et
2556 4550 2820 4606 Passione
2849 4545 3073 4602 Christi.
3119 4540 3295 4597 Verba
3335 4553 3465 4594 vero

220 4666 272 4710 et
299 4657 469 4721 lunae,
492 4655 719 4723 epactis,
745 4661 798 4706 et
818 4651 1010 4706 litteris
1031 4648 1460 4706 Dominicalibus
1489 4649 1591 4702 rite
1618 4646 1792 4701 deter-

222 4750 471 4812 minatis,
502 4755 558 4802 et
611 4744 1006 4802 correctionem
1046 4740 1433 4810 Gregorianam
1485 4736 1793 4795 Calendarii

223 4838 423 4895 laetam
453 4838 654 4893 tabqu
707 4835 988 4906 paschales
1024 4833 1296 4888 moderns:
1341 4832 1411 4886 ab
1449 4831 1552 4884 hoc
1584 4827 1793 4885 Conone

226 4947 333 4986 non
363 4945 564 5002 parum
591 4927 864 4983 diﬂerant.
911 4924 1051 4993 Quia
1102 4932 1283 4979 tamen
1321 4922 1413 4977 hic
1459 4919 1664 4986 Conon,
1708 4931 1796 4973 ut-

227 5033 347 5094 pote
372 5026 430 5077 in
460 5019 704 5076 Ecclesia
745 5019 955 5089 primus
1002 5025 1056 5072 et
1089 5013 1527 5085 antiquissimus,
1570 5025 1796 5066 venera-

228 5118 333 5172 bile
358 5125 448 5171 est
473 5111 814 5183 antiquitatis
844 5116 1276 5174 monumentum,
1301 5115 1355 5162 et
1392 5113 1647 5162 accurata
1678 5103 1797 5174 ejus

299 5294 413 5361 (l3)
479 5290 754 5345 Victorius
813 5287 1259 5361 Lemovicen_sis_,
1327 5283 1559 5361 scriptor
1616 5280 1797 5336 saeculi

234 5353 406 5434 quinti
435 5372 672 5434 testatur
721 5362 866 5434 quod
908 5360 954 5434 is
994 5356 1333 5434 erat_batinzn
1352 5353 1797 5434 Ecclesizejiuos:

242 5421 267 5485 ἱ
282 5436 377 5488 Sin
410 5443 589 5487 autem
614 5432 699 5484 die
730 5421 949 5485 Sabbati
990 5427 1336 5499 plenilunium
1369 5421 1797 5499 essegcontige‘rit,

237 5516 283 5557 et
311 5501 650 5572 consequenti
696 5499 971 5553 Dominico
990 5492 1002 5499 ’
1019 5499 1198 5572 lunam
1237 5495 1545 5572 xv_repe_riri
1563 5508 1590 5572 ;.
1618 5492 1801 5572 eadem

238 5563 555 5628 ltebioma'de
588 5572 920 5632 transmissa,
942 5572 995 5623 in
1021 5568 1245 5623 alterunt
1276 5566 1416 5620 diem
1442 5563 1800 5624 Doniitiirani,

240 5645 291 5698 id
314 5654 417 5711 est,
461 5645 644 5711 lunam
684 5655 801 5694 xxii
842 5637 1126 5711 transferri
1172 5633 1604 5711 deberel’ascha
1647 5632 1801 5711 dixe-

241 5699 380 5770 runt.
403 5699 437 5768 ἰ
475 5710 680 5766 Victor.
713 5710 854 5778 apud
895 5709 1126 5764 Bucbcr.
1165 5706 1239 5761 De
1261 5704 1407 5775 Cycl.
1438 5702 1641 5778 pascit,
1662 5716 1718 5770 p.

244 5783 362 5839 limi:
407 5784 595 5852 praxis
638 5770 814 5835 adhuc
846 5780 919 5852 in
964 5795 1065 5852 usu
1107 5786 1243 5852 gerat
1289 5770 1528 5852 tempore
1559 5770 1803 5852 Gregorii

244 5843 598 5920 Turonensis,
627 5850 1084 5923 quemadmodum
1105 5848 1195 5904 ille
1218 5845 1405 5903 scribit
1432 5844 1525 5899 lib.
1574 5858 1606 5897 χ
1659 5843 1801 5896 Hist.

1893 4656 2005 4721 illa,
2032 4651 2315 4708 secundum
2357 4643 2647 4707 Danielem,
2692 4639 3004 4712 signiﬁcant
3038 4634 3198 4690 aliam
3223 4632 3462 4687 chrono-

1892 4747 2089 4818 logiam
2150 4743 2346 4797 horum
2395 4736 2744 4800 Paschatum,
2780 4746 2904 4788 cum
2937 4744 3003 4784 ex
3042 4723 3281 4781 Danielis
3323 4722 3464 4777 libro

1892 4813 2247 4911 ejusdemque
2280 4828 2710 4889 hebdomadibus
2753 4818 3115 4879 diversimode
3162 4813 3464 4871 numeratis

1894 4908 2155 5002 epocham
2179 4923 2477 4996 superioris
2491 4920 2664 4976 aetatis
2686 4933 2716 4972 a
2731 4915 2928 4985 templo
2944 4910 3163 4968 condito
3176 4908 3243 4963 ad
3256 4915 3466 4962 restau-

1894 4997 2069 5074 ratum
2097 5032 2127 5071 a
2153 5015 2295 5086 Cyro
2332 5011 2494 5082 paulo
2536 5009 2804 5064 diversam
2834 4999 3151 5070 chronologi
3189 4997 3463 5086 colligant.

1964 5106 2118 5162 Non
2144 5083 2233 5159 in.
2255 5102 2438 5158 Altera
2465 5097 2646 5155 tabula
2668 5093 2886 5151 exhibet
2903 5089 3215 5146 Dominicas
3233 5083 3468 5142 Pascha-

1902 5286 2253 5346 Francorum,
2275 5297 2425 5336 num.
2453 5278 2543 5332 22.
2579 5275 2949 5346 Observantur
2976 5270 3028 5346 in
3052 5265 3214 5346 Cyclo
3242 5262 3300 5317 S.
3338 5259 3471 5346 ‘Hip:

1900 5332 2535 5427 Exempla
2568 5344 2825 5427 translati
2856 5332 3157 5399 Paschalis,
3180 5348 3304 5427 cuni
3335 5332 3464 5427 illud

1900 5416 1956 5482 in
1994 5416 2136 5481 diem
2172 5437 2240 5477 xv
2292 5416 2757 5475 lunae‘incideret.
2787 5428 2865 5468 sc.
2900 5423 3045 5465 anno
3062 5425 3111 5482 _l,
3156 5421 3229 5471 iv,
3256 5418 3312 5470 x,
3344 5416 3467 5482 xiii,

1902 5472 2136 5557 infidi
2172 5472 2666 5560 Hunc-peragitnus
2713 5482 2921 5560 Pascha
2957 5494 3025 5533 xv
3060 5472 3220 5560 lunae,
3253 5472 3472 5560 quando

1903 5543 2091 5622 incidit
2101 5543 2628 5626 vin—Hominicain,in
2661 5570 2771 5627 quo
2799 5551 3035 5608 rationes
3077 5543 3475 5602 Alexandrino-

1904 5653 2022 5693 rutn
2055 5635 2354 5693 sequimur.

1976 5685 2520 5777 '(iiij'vAidinglumel.
2552 5698 2645 5777 li_b.
2673 5711 2753 5777 ix,
2777 5706 2896 5761 cap.
2924 5689 3012 5754 14,
3032 5685 3216 5777 νειηιιίξ).
3245 5701 3323 5754 ιι,
3352 5698 3474 5757 cap.

1904 5758 1994 5833 2οῘ
2028 5758 2256 5831 Hucher.
2292 5772 2363 5827 De
2393 5770 2539 5842 ryclo
2575 5758 2904 5828 Judwbruin,
2940 5776 3059 5832 pag.
3085 5758 3208 5815 545.
