3986 6358
492 377 598 436 515

497 504 578 556 les
638 516 734 570 per
785 509 990 570 septem
1048 498 1368 554 sedecennia
1420 538 1432 550 .

495 588 700 645 Christi
727 591 852 657 222,
879 591 1066 646 eodem
1097 589 1257 644 modo
1300 604 1407 658 quo
1451 589 1743 659 plenilunia
1788 589 2063 660 paschalia

496 680 552 738 in
591 681 759 749 priori
794 681 975 736 tabula
1007 688 1136 736 sunt
1175 680 1472 748 disposita;
1517 679 1608 734 ubi
1659 688 1838 734 tamen
1869 690 2065 733 notan-

495 774 647 838 dum,
686 773 830 843 quod
861 775 906 829 si
956 774 1313 844 plenilunium
1367 775 1418 826 in
1454 773 1747 827 Sabbatum
1790 773 2059 838 inciderit,

494 865 775 920 Dominica
804 881 1038 938 sequens
1062 881 1167 920 non
1188 867 1254 921 sit
1285 867 1578 935 paschalis,
1602 867 1680 920 uti
1710 865 2062 920 Alexandrini

493 959 875 1025 observabant,
931 960 1026 1014 sed
1078 974 1229 1014 more
1278 959 1594 1022 Latinorum
1641 959 1848 1014 Pascha
1893 959 2060 1012 altera

491 1050 772 1108 Dominica
808 1070 926 1108 eam
953 1055 1318 1123 subsequente
1347 1055 1676 1110 celebratum
1707 1054 1838 1108 olim
1866 1053 2048 1108 fuerit.

492 1143 605 1209 Sic,
642 1161 695 1200 ν.
729 1161 804 1214 g.,
834 1161 977 1200 anno
1006 1145 1132 1208 222,
1160 1147 1513 1214 plenilunium
1539 1146 1809 1201 incidebat
1837 1146 1891 1198 in
1928 1144 2053 1199 ldus

489 1235 689 1304 Aprilis
727 1237 960 1291 Sabbato
983 1256 998 1304 ;
1040 1237 1321 1292 Dominica
1347 1240 1618 1308 paschalis
1641 1255 1750 1294 non
1775 1246 1890 1292 erat
1917 1251 2047 1290 xvnt

490 1325 609 1381 Kal.
641 1327 786 1391 Maii,
832 1345 981 1382 more
1021 1329 1528 1396 Alexandrinorum,
1573 1331 1666 1385 sed
1709 1345 1861 1384 more
1901 1327 2048 1382 Lati-

490 1436 684 1476 norum
731 1436 782 1476 ιι
825 1420 941 1476 Kal.
985 1421 1131 1478 Maii.
1182 1423 1341 1479 Anno
1365 1423 1493 1491 223,
1536 1423 1891 1494 plenilunium
1933 1430 2048 1477 erat

1479 376 1564 430 DE
1603 375 1764 431 VITA
1808 374 1894 430 ΕΤ
1935 373 2244 430 SCRIPTIS
2280 375 2336 429 S.
2376 349 2758 430 HIPPOLYTI.

1479 497 1784 567 incipiendo
1824 498 1891 552 ab
1915 514 2057 552 anno
2087 505 2131 560 Α
2160 513 2212 551 tv
2237 495 2420 553 Nonas
2459 496 2680 567 Aprilis,
2725 493 2880 562 feria]
2903 501 3130 562 quarta;
3167 489 3444 545 Dominica
3492 491 3723 559 pascha-

3615 370 3723 423 5I6

2168 593 2234 647 lis
2272 607 2367 645 vni
2400 589 2525 645 Idus
2549 588 2769 658 Aprilis.
2805 584 2934 640 Item
2964 586 3018 640 in
3054 583 3292 640 secunda
3323 582 3595 645 columna,
3625 596 3724 635 seu

2167 681 2406 737 secundo
2441 678 2778 742 sedecennio,
2805 676 2916 731 sive
2941 689 3083 729 anno
3109 673 3311 729 Christi
3340 670 3463 737 258,
3493 671 3728 740 plenilu-

2169 775 2318 828 nium
2363 782 2480 826 erat
2526 770 2709 824 Idibus
2743 769 2962 838 Aprilis,
2991 767 3120 822 feria
3161 775 3334 830 sexta,
3365 774 3418 819 et
3444 763 3728 818 Dominica

2168 866 2440 938 paschalis
2485 881 2593 921 xvn
2637 863 2756 917 Kal.
2785 862 2948 927 Maii;
2979 868 3033 915 et
3063 860 3136 913 ita
3181 857 3436 926 deinceps
3472 871 3567 924 per
3597 855 3729 910 reli-

2165 975 2269 1036 qua
2323 958 2662 1023 sedecennia,
2702 954 2902 1026 quibus
2952 952 3210 1008 absolutis
3261 949 3615 1019 plenilunium
3666 949 3727 1002 in

2160 1049 2408 1104 eumdem
2445 1049 2584 1103 diem
2628 1046 2786 1116 primi
2829 1042 3157 1104 sedecennii,
3195 1050 3249 1094 et
3282 1039 3495 1103 feriam,
3519 1048 3572 1091 et
3592 1051 3729 1091 con-

2159 1150 2453 1213 sequenter
2495 1141 2660 1196 etiam
2721 1137 3000 1193 Dominica
3049 1133 3318 1206 paschalis
3367 1134 3421 1187 in
3471 1131 3725 1185 eumdem

2156 1235 2298 1290 diem
2335 1233 2584 1288 recurrit.
2611 1231 2787 1301 Atque
2808 1231 2914 1284 hoc
2958 1229 3170 1284 videtur
3201 1243 3321 1282 esse
3363 1233 3598 1297 systema
3627 1221 3730 1277 Ca-

2155 1327 2303 1382 nonis
2350 1324 2613 1396 paschalis
2655 1322 2714 1377 S.
2761 1321 3050 1393 Hippolyti.
3098 1319 3262 1375 Plura
3290 1319 3458 1376 videri
3494 1323 3731 1388 possunt

2152 1420 2295 1490 apud
2315 1419 2563 1474 laudatos
2595 1425 2866 1472 auctores.

873 1961 970 2022 DE
1020 1960 1529 2020 FRAGMENTIS
1592 1959 1915 2021 OPERUM
1969 1959 2030 2020 S.
2085 1957 2514 2020 HIPPOLYTI
2561 1956 2661 2016 ΕΤ
2707 1953 2812 2014 DE
2860 1951 3352 2013 DEPERDITIS.

1031 2083 1425 2140 Ali'I‘ICULUS
1465 2085 1502 2137 I.

483 2233 554 2275 DE
592 2235 984 2274 οηωιεῐςτλῐιιιδ
1026 2236 1071 2272 S.
1107 2234 1386 2272 HII’POLYTI
1429 2235 1478 2271 IN
1521 2234 1703 2273 LIBROS
1730 2234 1953 2273 \‘ETEBZS
1981 2235 2050 2272 ΕΤ

1002 2305 1124 2342 NOV!
1167 2304 1528 2343 TBSTAMENTI.

522 2428 551 2494 β
585 2427 623 2482 I.
665 2427 1083 2481 Conmtentarius
1111 2426 1169 2480 S.
1203 2425 1479 2495 Hippolyti
1519 2427 1572 2478 in
1604 2423 1822 2480 δεηθείη
1870 2438 1918 2480 et
1960 2429 2014 2480 in

1056 2496 1435 2550 Hexaemeron.

557 2611 797 2683 Exiguus
822 2621 908 2667 est
945 2613 1295 2681 scriptorum,
1335 2626 1457 2682 quae
1485 2619 1718 2677 exstant,
1761 2611 1817 2666 S.
1857 2610 2052 2682 Hippo-

481 2701 576 2776 lyti
608 2721 890 2772 numerus,
931 2707 978 2760 si
1009 2720 1131 2760 cum
1166 2705 1233 2760 iis
1287 2703 1559 2767 conferas,
1605 2719 1726 2773 quae
1770 2704 1909 2759 inter
1957 2706 2051 2760 de-

483 2798 691 2866 perdita
724 2813 1096 2853 numeramus.
1123 2795 1249 2852 Haec
1287 2807 1432 2852 certe
1457 2797 1690 2866 jactura,
1727 2811 1846 2866 quae
1885 2797 2052 2851 senti-

480 2900 571 2945 tur
599 2890 770 2960 magis
808 2906 902 2959 per
933 2889 1228 2957 subiectam
1261 2888 1632 2943 collectionem
1666 2887 1970 2955 titulorum,
1996 2898 2051 2943 et

479 2985 880 3038 enarrationem
945 2983 1278 3038 succinctam
1345 2996 1509 3051 quam
1562 2991 1686 3051 post
1726 2990 1936 3038 veteres
1982 2983 2050 3037 de

480 3077 693 3130 cunctis
717 3075 817 3129 viri
857 3075 1030 3130 sancti
1069 3074 1623 3129 commentationibus
1657 3075 1815 3129 hodie
1839 3076 2048 3130 deside-

480 3167 614 3220 ratis
652 3166 1050 3231 exhibebimus,
1097 3180 1282 3235 quaeve
1317 3165 1579 3234 stupenda
1626 3166 1858 3220 videtur.
1892 3164 2045 3220 Nulla

477 3271 648 3327 prope
673 3256 968 3325 Scriptura:
999 3272 1146 3326 pars,
1179 3257 1267 3311 cui
1298 3273 1406 3312 non
1433 3258 1766 3327 explicandae
1795 3269 1889 3313 aut
1915 3274 2046 3313 eno-

479 3348 676 3402 dandis
733 3349 788 3402 in
839 3365 902 3403 ea
950 3348 1354 3404 diﬂicultatibus
1400 3350 1673 3420 ingenium
1721 3351 2042 3411 exercuerit,

2083 2087 2128 2145 Β
2156 2083 2436 2153 designent
2457 2079 2724 2150 Hippolyti
2755 2078 3157 2132 lucubrationes
3203 2071 3282 2138 είς
3321 2082 3391 2126 τὰ
3444 2071 3581 2144 μετὰ
3621 2071 3727 2144 τὴν

2152 2175 2471 2246 ἑξαήμερον,
2506 2179 2560 2226 et
2607 2173 2686 2234 εἰς
2715 2169 2815 2240 τὴν
2845 2167 3163 2238 ἑξαήμερον.
3193 2165 3353 2220 Juxta
3389 2165 3530 2220 hanc
3555 2165 3726 2234 igitur

2151 2263 2642 2334 interpretationem
2683 2261 2733 2315 le
2783 2258 2982 2329 Moynii
3015 2257 3321 2326 scripsisset
3363 2255 3421 2310 S.
3461 2254 3728 2326 Hippoly-

2152 2367 2240 2411 tus
2270 2354 2656 2411 commentaria
2699 2352 2752 2404 in
2801 2350 3036 2420 primum
3089 2357 3141 2402 et
3199 2348 3496 2403 secundum
3555 2355 3726 2416 caput

2150 2445 2437 2510 Geneseos,
2455 2458 2548 2497 seu
2564 2445 2616 2496 in
2631 2440 3043 2505 Hexaemerum,
3062 2445 3116 2492 et
3136 2439 3203 2492 de
3230 2439 3298 2492 iis
3313 2453 3435 2506 qua).
3457 2437 3603 2492 Deus
3625 2453 3722 2492 sex

2149 2538 2340 2592 diebus
2367 2535 2697 2596 condiderat,
2721 2541 2773 2588 et
2796 2531 2862 2586 de
2884 2532 2950 2585 iis
2973 2547 3094 2600 quae
3119 2531 3333 2601 pr0prie
3361 2531 3644 2584 hominem
3669 2539 3724 2583 et

2151 2628 2295 2682 illius
2329 2627 2381 2680 in
2412 2625 2724 2695 paradisum
2762 2623 3182 2678 collocationem
3212 2619 3559 2689 spectabant;
3597 2634 3726 2688 seu,

2149 2728 2209 2774 ut
2239 2720 2424 2789 paucis
2451 2718 2650 2784 dicam,
2675 2717 2831 2787 juxta
2856 2716 2906 2770 le
2929 2713 3204 2785 Moynium
3233 2712 3544 2782 scripsisset
3572 2726 3726 2764 com-

2149 2815 2474 2867 mentarium
2525 2811 2591 2865 de
2636 2818 2780 2864 statu
2827 2815 3289 2879 protoparcntum,
3337 2805 3402 2859 de
3441 2804 3722 2858 creatione

2150 2905 2358 2970 mundi,
2407 2913 2461 2958 et
2509 2904 2578 2957 de
2625 2903 2787 2957 rebus
2813 2897 3406 2962 viventibus.‘Vernm,
3438 2895 3565 2950 licet
3603 2898 3722 2949 haec

2147 2997 2331 3066 Opinio
2353 2995 2425 3050 sit
2453 2995 2782 3066 ingeniosior
2812 3001 2866 3048 et
2903 2991 3076 3062 magis
3117 2989 3378 3044 naturalis
3416 3004 3582 3058 quam
3625 2988 3720 3044 illa

2149 3088 2408 3159 Scaligeri
2446 3089 2512 3143 de
2540 3088 2770 3144 Psalmis
2802 3083 3280 3156 puenitentialibus,
3318 3082 3596 3136 fatendum
3634 3091 3720 3136 ta-

2146 3197 2270 3234 men
2316 3188 2566 3234 neutram
2622 3179 2733 3250 (l8)
2777 3177 3062 3234 certiorem
3092 3192 3232 3232 esse.
3279 3173 3519 3242 Utraque
3565 3175 3717 3227 enim

2146 3273 2303 3327 unice
2330 3272 2592 3346 dependet
2621 3273 2688 3326 ab
2716 3272 3124 3342 imaginatione;
3168 3278 3222 3324 et
3246 3269 3327 3323 sic
3359 3267 3577 3337 quidem
3610 3278 3722 3322 ter-

2146 3362 2274 3426 tius,
2323 3362 2417 3431 qui
2463 3361 2550 3414 hic
2598 3361 2812 3430 ingenio
2862 3376 2962 3415 suo
3008 3359 3285 3428 indulgere
3320 3357 3496 3421 vellet,
3533 3357 3721 3411 adhuc

479 3439 650 3492 multa
673 3453 891 3508 (ιυοίιυθ
935 3439 1075 3494 idem
1124 3441 1192 3496 de
1224 3442 1386 3495 rebus
1413 3441 1536 3496 aliis
1568 3441 1844 3510 religionis
1864 3451 1916 3496 ei
1944 3439 2046 3496 ΕΟ·-
2071 3421 2113 3478 C
2146 3421 2293 3508 aliud
2323 3421 2508 3523 posset
2528 3421 2740 3518 erueie,
2771 3452 2915 3522 quod
2950 3451 3088 3505 forte
3117 3421 3290 3519 magis
3312 3449 3376 3503 ad
3402 3464 3592 3503 verum
3627 3465 3721 3504 ac-

477 3529 659 3584 clesia:
687 3531 1022 3600 gravissimis
1051 3531 1400 3588 elucubratus
1434 3542 1539 3588 est.
1581 3531 1831 3588 Ineamus
1860 3549 2047 3588 nume-

477 3637 599 3675 rum
630 3640 644 3676 ζ
1040 3642 1042 3644 ⁷

549 3710 813 3768 Eusebius
839 3714 951 3783 (15)
981 3723 1035 3769 et
1072 3714 1129 3770 S.
1169 3715 1530 3788 Hieronymus
1566 3717 1678 3788 (l6)
1710 3733 1808 3772 nos
1847 3717 2043 3772 certio-

468 3815 562 3857 res
590 3804 820 3858 reddunt
849 3815 1096 3860 sanctum
1121 3806 1464 3878 Hippolytum
1487 3823 1743 3863 exarasse
1770 3823 2044 3864 commen-

474 3894 675 3948 tarium
714 3895 767 3948 in
799 3893 1188 3963 Hexaemeron,
1223 3915 1318 3954 seu
1351 3909 1643 3956 tractatum
1686 3901 1751 3955 de
1797 3916 1891 3955 sex
1929 3901 2043 3955 die-

473 3981 576 4037 bus
607 3986 898 4041 creationis
922 3989 1128 4042 mundi.
1161 3989 1242 4043 Cl.
1273 3991 1321 4043 le
1350 3989 1600 4061 Moynius
1627 3991 1910 4061 praetendit
1940 3991 2041 4045 hoc

472 4090 610 4144 opus
639 4093 757 4131 esse
787 4079 1021 4147 primum
1061 4080 1203 4134 inter
1242 4096 1326 4147 ea,
1359 4097 1481 4150 quae
1516 4083 1569 4135 in
1607 4083 1790 4136 tabula
1832 4082 2040 4144 Graeca,

473 4185 594 4222 cum
625 4178 800 4223 statua
833 4172 1003 4225 nostri
1046 4174 1216 4246 sancti
1250 4190 1281 4228 e
1317 4175 1477 4228 terris
1507 4174 1724 4238 ellossa,
1769 4183 1824 4228 et
1868 4175 2039 4228 conti—

472 4268 633 4312 nente
671 4262 907 4328 plurium
951 4264 1183 4317 aliorum
1239 4265 1410 4334 ipsius
1445 4267 1766 4335 scriptorum
1823 4267 2037 4332 titulos,

471 4349 852 4418 designantur;
897 4362 1059 4423 atque
1092 4356 1401 4423 suspicatur
1439 4357 1658 4412 ultimas
1686 4357 1920 4428 syllabas
1945 4374 2040 4412 vo-

470 4456 594 4496 cum
625 4442 784 4498 IOYC
814 4453 867 4498 et
894 4443 1072 4509 NIAC,
1121 4463 1187 4500 ex
1217 4448 1417 4516 quibus
1457 4448 1698 4518 Scaliger
1741 4459 1795 4504 et
1831 4449 2040 4505 Boche-

469 4535 587 4588 rius
646 4533 851 4590 faciunt
902 4537 1241 4594 ΨΑΛΜΟΥΟ
1315 4538 1745 4608 METANOIAC,
1795 4542 2038 4598 Psalmos

469 4621 870 4690 poenitentiales
905 4627 1038 4697 (l7),
1067 4643 1186 4683 esse
1216 4629 1473 4699 reliquias
1515 4646 1706 4685 vocum
1739 4635 1818 4696 είς
1847 4650 2039 4704 προτο-

2142 3545 2372 3600 cederet.
2405 3543 2470 3598 Et
2499 3559 2629 3599 sane
2653 3545 2933 3600 doctorum
2959 3543 3196 3598 virorum
3231 3540 3453 3596 Thomae
3481 3541 3638 3596 Galei
3665 3551 3720 3594 et

2142 3641 2380 3696 Eduardi
2419 3641 2718 3696 Bernhardi
2763 3641 3110 3712 conjecturae,
3141 3638 3235 3710 qui
3263 3653 3330 3693 ex
3361 3637 3611 3708 reliquiis
3635 3637 3721 3690 lit-

2142 3745 2380 3789 terarum
2410 3733 2568 3789 IOYC
2609 3732 2920 3789 divinantur
2961 3733 3261 3796 Ἰουδαίους,
3304 3731 3377 3785 ita
3421 3739 3479 3784 ut
3513 3745 3716 3784 sensus

2141 3829 2350 3899 integer
2376 3829 2443 3882 sit
2487 3825 2780 3891 Ἀπόδειξις
2807 3826 2942 3898 πρὸς
2963 3828 3086 3888 τοὺς
3131 3822 3430 3885 Ἰουδαίους,
3459 3821 3545 3874 vel
3569 3822 3716 3874 κατὰ

2140 3921 2265 3984 τοὺς
2307 3919 2608 3982 Ἰουδαίους,
2637 3919 3010 3973 demonstratio
3042 3916 3286 3969 adversus
3314 3913 3551 3976 Judwos,
3586 3928 3718 3967 eru-

2141 4013 2270 4068 ditis
2305 4012 2553 4083 pluribus
2586 4025 2696 4065 non
2728 4009 3015 4079 displicent
3039 4008 3174 4079 (l9).
3215 4005 3283 4061 Ut
3306 4014 3364 4061 ut
3385 4015 3564 4060 autem
3595 4007 3716 4060 haec

2139 4107 2267 4172 sint,
2305 4106 2410 4160 hoc
2449 4103 2803 4158 nihilominus
2848 4117 3036 4156 verum
3094 4110 3203 4167 est,
3256 4099 3313 4154 S.
3357 4100 3713 4169 Hippolytum

2141 4198 2514 4266 composuisse
2537 4195 2928 4250 Hexaemeron.
2970 4193 3200 4248 Sanctus
3243 4193 3479 4248 Joannes
3508 4191 3713 4246 Dama-

2137 4303 2334 4343 scenus
2362 4289 2476 4343 suis
2513 4288 2567 4341 in
2603 4285 2887 4340 Parallelis
2919 4286 3078 4340 nobis
3100 4285 3455 4355 fragmentum
3485 4283 3711 4352 aliquod

2140 4379 2302 4447 hujus
2326 4378 2511 4448 scripti
2545 4375 2911 4441 conservavit,
2960 4375 3102 4444 quod
3143 4374 3520 4444 complectitur
3557 4373 3712 4427 refu-

2137 4469 2393 4523 tationem
2423 4484 2608 4523 eorum
2639 4469 2732 4538 qui
2774 4467 3085 4537 paradisum
3128 4475 3432 4519 terrestrem
3472 4463 3529 4516 in
3565 4465 3710 4518 coelo

2137 4561 2509 4624 collocabant,
2565 4570 2728 4629 atque
2767 4558 2961 4613 exinde
3017 4556 3396 4611 inticiabantur
3451 4556 3707 4608 eumdem

2136 4666 2256 4705 esse
2286 4666 2316 4704 e
2368 4665 2594 4703 numero
2643 4660 3018 4703 creaturarum
3061 4647 3226 4717 hujus
3281 4645 3519 4700 universi
3565 4645 3704 4715 (20).

470 4711 756 4782 πλάστους,
787 4724 840 4770 et
867 4720 992 4790 περὶ
1023 4723 1397 4791 κοσμογονίας,
1447 4725 1530 4778 vel
1567 4725 1874 4793 ζωογονίας,
1919 4741 2038 4795 qua:

2146 4741 2393 4808 Quinimo
2453 4749 2673 4796 sanctus
2721 4754 2938 4809 quoque
2979 4737 3303 4792 Ambrosius
3340 4745 3549 4805 partem
3596 4737 3706 4790 ali-

541 4879 652 4950 (15)
688 4897 708 4929 ‹
732 4949 739 4950 7
763 4877 964 4932 Eodem
1012 4889 1252 4947 tempore
1289 4889 1344 4934 et
1381 4879 1764 4950 Hippolytus...
1814 4847 2032 4946 scripsit

358 4957 368 4965 ‘
466 4937 664 5020 εἰς’τὴῖι
695 4949 1012 5021 ὲξαήμερον,
1037 4937 1139 5001 καὶ⁵
1169 4949 1248 5012 είς
1291 4950 1360 5002 τὰ
1388 4937 1540 5021 “LE-la
1572 4937 1668 5019 σῖσὴν
1713 4937 2030 5019 ὲξαήμερον,

468 5021 521 5072 in
547 5036 674 5088 opus
700 5035 789 5072 sex
817 5020 1040 5090 «liena»,
1065 5029 1112 5072 et
1135 5021 1190 5072 in
1213 5037 1274 5073 ea
1300 5020 1414 5090 qua)
1446 5031 1561 5090 post
1605 5035 1696 5073 sex-
1719 5021 1826 5072 dies
1857 5035 2034 5072 conse-

467 5102 590 5142 cuta
617 5088 1045 5160 δαημς-Επειδὴ..
1077 5089 1147 5142 Η.
1172 5090 1238 5144 Ε.
1274 5088 1367 5145 lib.
1399 5088 1472 5154 vi,
1501 5107 1618 5160 cap.
1648 5090 1737 5143 22.

539 5161 649 5229 (l6)
695 5178 714 5211 ‹
771 5158 1156 5229 Hippolytus...
1194 5162 1411 5230 scripsit
1457 5158 1742 5215 nonnullos
1786 5162 1838 5215 in
1885 5158 2031 5230 Scri-

466 5241 656 5353 pturas
702 5231 1142 5296 commentarios,
1192 5246 1222 5285 e
1281 5229 1480 5301 quibus
1528 5231 1627 5285 hos
1677 5231 1852 5299 reperi
1905 5249 1918 5283 :
1968 5229 2026 5283 In

493 5301 861 5353 lexaemeron.
896 5309 949 5353 et
978 5301 1030 5353 in
1061 5301 1329 5353 Exodum.
1374 5302 1427 5353 in
1467 5301 1748 5353 Canticum
1787 5301 2026 5353 cantico-

493 5301 861 5364 lexaemeron,
896 5309 949 5353 et
978 5301 1030 5353 in
1061 5301 1329 5366 Exodum,
1374 5302 1427 5354 in
1467 5301 1748 5354 Canticum
1787 5301 2027 5355 cantico-

463 5388 608 5497 Eum,
725 5370 977 5425 Geuesim
1029 5382 1083 5425 et
1108 5373 1162 5426 in
1198 5371 1535 5426 Zachariam.
1571 5390 1590 5423 1
1632 5369 1942 5442 Hicrouym.
1972 5372 2023 5423 in

511 5453 610 5497 αι..
657 5444 669 5457 ⁸
713 5483 726 5496 .

511 5453 610 5504 aL,
638 5444 726 5496 61.

561 5512 646 5574 l7)
688 5510 879 5566 Merito
924 5511 1014 5565 alii
1051 5511 1248 5567 eruditi
1288 5513 1425 5567 hanc
1455 5510 1713 5580 Scaligeri
1747 5511 2023 5579 conjectu-

463 5597 578 5636 ram
632 5591 912 5649 respuunt,
964 5584 1090 5650 quia
1133 5584 1184 5636 in
1241 5584 1400 5638 tertio
1455 5581 1819 5650 inscriptionis
1867 5597 2021 5635 versu

463 5653 664 5705 mentio
685 5660 766 5705 est
799 5653 977 5720 operis
1010 5654 1063 5706 in
1090 5651 1356 5717 Psalmos,
1383 5662 1438 5708 et
1467 5653 1659 5706 divisio
1684 5653 2025 5706 Psalmoruin

460 5724 519 5776 in
543 5720 940 5792 _pq;ni_t_cntiales
965 5723 1226 5790 posterior
1251 5733 1331 5778 est
1354 5733 1508 5777 suate
1534 5721 1824 5792 Hippolyti.

532 5788 643 5859 (l8)
683 5788 752 5843 Ea
793 5793 838 5846 le
866 5788 1064 5864 Moynii
1108 5795 1419 5866 conjectura
1457 5796 1523 5848 cl.
1556 5788 1823 5863 Basnagio
1864 5792 2024 5847 etiam

2140 4893 2245 4931 non
2296 4877 2514 4930 arridet.
2553 4874 2777 4945 "Quippe
2810 4891 2940 4928 vero
2987 4875 3296 4944 proximum
3346 4879 3449 4934 est,
3499 4887 3708 4945 germa-

2139 4963 2237 5002 nos
2270 4963 2490 5017 operum
2525 4943 2792 5017 Hippolyti
2839 4943 3026 4999 titulos
3056 4953 3250 5017 Astutus:
3276 4957 3590 5017 marmorea:
3620 4943 3706 5017 in-

2139 5012 2370 5087 scriptos
2417 5012 2608 5070 fuisse;
2633 5012 2762 5070 illos
2799 5031 2939 5087 vero
2986 5015 3118 5087 suis
3148 5012 3490 5087 Hippolytum
3511 5014 3705 5087 pperi-

2138 5082 2550 5152 bus—indidisse,
2578 5103 2714 5157 quos
2742 5086 2966 5139 adduxit
2993 5085 3046 5157 Ie
3072 5082 3339 5157 Moynius,
3373 5098 3477 5157 non
3509 5083 3702 5157 liquet,

2137 5173 2312 5226 neque
2358 5158 2521 5212 etiam
2570 5153 2626 5210 tit
2657 5157 2931 5211 credibile.
2987 5153 3248 5225 Basnage,
3281 5153 3473 5209 Annal.
3509 5154 3576 5207 ad
3607 5169 3704 5208 an-

2137 5228 2412 5292 1111111222,
2440 5243 2562 5296 pag.
2601 5228 2725 5280 289.

2206 5298 2314 5366 (l9)
2354 5295 2531 5350 NIAC.
2599 5296 2881 5350 Eduardus
2928 5296 3233 5351 Bernardus
3270 5295 3399 5363 legit
3442 5295 3570 5366 περὶ
3602 5312 3702 5348 aeo-

2133 5369 2444 5438 σμογονίας,
2481 5376 2537 5419 ut
2568 5369 2892 5436 intelligatur
2921 5369 3061 5437 quod
3097 5381 3300 5438 veteres
3327 5367 3464 5419 inter
3498 5366 3702 5434 Hippo-

2130 5436 2222 5508 lyti
2253 5441 2451 5506 scripta
2488 5438 2706 5492 laudant
2733 5436 3025 5491 comment.
3051 5439 3104 5492 in
3137 5436 3504 5508 Hexaemeron
3529 5478 3544 5503 ,
3575 5446 3698 5508 qaut

2127 5505 2256 5562 vero
2291 5505 2415 5579 περὶ
2462 5509 2664 5578 κόσμου
2699 5508 3024 5572 συντελείας.
3060 5507 3294 5564 Thomas
3333 5505 3531 5562 Galeus
3571 5505 3698 5574 legit

2126 5579 2252 5649 περὶ
2284 5579 2598 5650 ήγςμονίας,
2639 5580 2711 5633 De
2743 5579 3009 5650 regimine.

2153 5720 2166 5774 ἱ
2200 5645 2505 5730 (2011111111.
2543 5645 2951 5707 Βαιιηιδοίιοιη.
2985 5647 3049 5716 ll,
3078 5664 3196 5719 pag.
3217 5647 3319 5704 787
3347 5645 3551 5706 noviss.
3585 5648 3694 5702 eili-

2173 5735 2311 5774 OlIIS.

2131 5729 2311 5776 llOllIS.
