3986 6358
275 367 384 422 517

1251 359 1337 414 DE
1374 360 1533 416 VITA
1571 359 1659 414 ET
1699 356 2001 413 SCRIPTIS
2036 357 2094 413 S.
2134 355 2508 413 HlPPOLYTI.

3370 356 3478 415 518

275 501 446 556 quam
476 483 640 554 hujus
669 492 928 540 tractatus
952 483 1006 537 in
1034 481 1398 538 Hexaemeron
1436 483 1592 539 nobis
1620 499 1838 539 eonser-
1863 489 1911 546 Α
1936 482 2200 537 Caeterum
2245 478 2640 535 observandum
2683 480 2825 549 quod
2863 479 2920 534 S.
2949 478 3268 551 Hippolytus
3294 494 3396 535 suo
3426 481 3484 534 in

274 578 445 640 vavit,
488 592 606 636 seu,
666 586 726 630 ut
767 585 915 630 notat
954 575 1017 630 D.
1063 574 1441 647 Hieronymus,
1478 573 1744 648 Hippolyti
1781 585 1837 631 et

272 668 465 722 Basilii
491 668 736 737 vestigiis
777 667 972 721 institit
1009 667 1351 731 Ambrosius,
1395 669 1447 722 in
1493 669 1562 724 iis
1601 685 1720 738 quae
1769 669 1836 722 de

271 760 465 811 eodem
496 767 818 827 argumento
843 758 1053 825 scripsit
1079 757 1210 826 (21).

343 849 551 904 Prcter
579 864 716 917 opus
739 849 1066 917 praecedens,
1098 849 1285 901 eodem
1315 846 1376 901 Ι).
1405 845 1734 918 Hieronymo
1760 857 1837 902 te-

270 951 352 994 ste
401 939 543 1006 (22),
586 939 851 992 discimus
904 936 960 992 S.
995 937 1338 1007 Hippolytum
1387 949 1630 992 nostrum
1671 940 1832 994 etiam

269 1033 730 1086 commentarium
799 1031 1082 1101 scripsisse
1127 1033 1180 1085 in
1231 1031 1484 1087 Genesin.
1571 1031 1835 1089 Eusebius

269 1123 496 1191 quidem
550 1123 712 1192 hujus
749 1124 929 1192 operis
959 1139 1066 1177 non
1099 1123 1380 1188 meminit;
1429 1137 1612 1178 verum
1647 1134 1836 1179 sancto

269 1214 612 1285 Hieronymo
664 1215 967 1270 rectissime
1015 1215 1120 1269 hoc
1158 1214 1302 1270 credi
1334 1223 1526 1284 potest,
1565 1216 1655 1284 qui
1683 1215 1832 1269 afﬁr-

269 1315 384 1361 mat
428 1305 599 1375 quod,
655 1306 795 1361 sicut
837 1305 941 1360 alia
987 1321 1107 1376 quae
1145 1314 1388 1360 recenset
1429 1306 1572 1360 illius
1596 1307 1835 1362 auctoris

269 1412 463 1466 opera,
516 1396 624 1451 hoc
663 1397 824 1449 etiam
859 1397 1064 1464 legerit.
1122 1395 1383 1449 Praeterea
1427 1394 1716 1448 admodum
1743 1409 1836 1448 ve-

266 1487 506 1540 risimile
550 1495 635 1540 est
677 1485 968 1539 Eusebium
999 1485 1472 1552 comprehendisse
1510 1483 1654 1537 hunc
1684 1498 1834 1537 com-

269 1577 609 1631 mentarium
644 1576 696 1630 in
726 1591 812 1638 eo,
845 1590 1004 1644 quem
1029 1573 1086 1628 S.
1119 1571 1456 1644 Hippolytus,
1482 1573 1832 1642 quemadmo-

269 1668 400 1722 dum
437 1667 670 1736 ipsemet
703 1667 834 1720 dicit
868 1665 1152 1730 Eusebius,
1188 1663 1478 1734 scripserat
1503 1665 1555 1717 in
1585 1681 1666 1728 ea,
1718 1679 1833 1733 qua:

266 1767 383 1824 post
417 1773 513 1810 sex
543 1757 653 1810 dies
681 1765 956 1809 consecuta
983 1766 1124 1821 sunt,
1167 1756 1217 1809 id
1243 1763 1344 1818 est,
1397 1765 1454 1808 ut
1493 1754 1650 1822 vulgo
1675 1755 1826 1808 intel-

1937 571 2154 626 δεηθείη
2203 571 2572 624 commentario
2619 569 2727 626 fere
2771 573 2950 626 omnia
2983 573 3265 641 allegorice
3316 573 3485 625 inter-

1935 672 2191 734 pretetur.
2240 660 2438 716 Verum
2471 676 2576 714 non
2614 662 2685 715 ita
2717 671 2892 716 tamen
2937 663 3176 715 animum
3216 663 3281 716 ad
3331 663 3485 717 inve-

1935 754 2186 806 niendum
2229 753 2281 806 in
2309 751 2494 821 ﬁguris
2531 750 2734 806 Veteris
2760 752 3085 807 Testamenti
3133 751 3266 806 Novi
3293 751 3486 809 Foede-

1935 846 2011 899 ris
2042 845 2291 899 veritates
2333 843 2578 908 intendit,
2618 853 2676 896 ut
2711 857 2817 898 non
2847 844 3138 912 aliquando
3167 846 3328 898 etiam
3356 859 3484 899 sen-

1934 952 2053 990 sum
2112 935 2394 989 litteralem
2438 935 2708 989 illustrare
2745 935 2979 991 studeat.
3039 935 3098 988 lu
3135 936 3378 1004 pluribus
3403 934 3486 989 lo-

1934 1029 2014 1082 cis
2045 1028 2447 1097 Scripturarum
2479 1028 2755 1082 versiones
2777 1026 2845 1081 ab
2867 1028 3060 1096 Aquila
3083 1039 3136 1081 et
3156 1025 3484 1098 Symmacho

1934 1119 2221 1174 adornatas
2255 1121 2497 1174 adhibuit
2527 1118 2658 1189 (29).
2706 1117 2988 1174 Fabricius
3032 1119 3146 1172 haec
3185 1117 3485 1188 fragmenta

1935 1213 2308 1268 Commentarii
2334 1215 2388 1267 in
2414 1212 2654 1278 Genesin,
2703 1229 2824 1283 quae
2853 1212 3043 1276 edidit,
3074 1227 3138 1266 ex
3171 1212 3486 1266 collectione

1935 1305 2003 1359 88
2037 1306 2250 1360 Patrum
2278 1307 2330 1359 in
2363 1305 2594 1360 Genesin
2623 1305 2783 1366 eruit,
2818 1319 2938 1372 quae
2966 1303 3212 1357 collectio
3237 1317 3485 1357 asserva-

1935 1407 2023 1451 tur
2057 1398 2110 1450 in
2139 1399 2508 1466 manuscripto
2543 1396 2598 1450 in
2623 1396 2946 1450 bibliotheca
2987 1394 3324 1464 imperatoris
3360 1391 3490 1447 Vin-

1932 1489 2156 1543 dobona:
2179 1489 2228 1540 in
2255 1488 2492 1543 Austria.

2037 1579 2064 1650 §
2095 1581 2160 1634 11.
2193 1579 2610 1634 Commentaries
2643 1577 2702 1633 S.
2737 1577 3006 1647 Hippolyti
3034 1577 3084 1629 in
3113 1576 3376 1628 Exodum.

2005 1671 2235 1724 Sanctus
2257 1668 2616 1739 Hieronymus
2650 1667 2825 1721 adhuc
2862 1665 3106 1719 attribuit
3138 1663 3195 1718 S.
3230 1663 3487 1733 Hippoly-

1935 1773 1992 1817 to
2023 1761 2462 1816 Commentariun:
2497 1761 2550 1812 in
2579 1757 2816 1812 Exedunt
2841 1757 2974 1826 (50),
3031 1772 3191 1826 quem
3221 1754 3487 1809 Eusebius

269 1849 477 1919 ligitur,
514 1849 569 1902 in
604 1849 809 1918 reliqua
841 1849 1109 1903 Geneseos
1136 1848 1331 1917 capita.
1367 1845 1447 1900 Cl.
1482 1845 1724 1901 Valesius
1757 1856 1836 1900 ta-
1865 1845 1906 1898 Β
1936 1856 2072 1910 forte
2107 1853 2404 1924 generatim
2436 1851 2770 1922 designavit,
2829 1851 2958 1903 dum
3013 1848 3301 1901 afﬁrmavit
3337 1889 3350 1913 ,
3406 1847 3485 1900 uti

271 1953 396 1990 men
446 1938 808 1991 nihilominus
836 1945 887 1990 et
921 1934 1157 2005 Scaliger
1192 1946 1314 1989 ante
1336 1949 1458 1988 eum
1492 1934 1634 1988 hunc
1663 1932 1834 1986 Euse-

275 2030 346 2082 bii
378 2031 567 2083 locum
604 2030 671 2082 de
699 2029 936 2083 secundo
963 2029 1225 2083 duntaxat
1253 2027 1522 2082 Geneseos
1547 2026 1720 2094 capite
1751 2025 1834 2077 iu-

271 2130 649 2190 terpretantur
681 2121 812 2190 (23).

337 2217 410 2268 At
434 2229 570 2268 vero
597 2212 779 2268 nullus
809 2220 895 2267 est
919 2209 1222 2280 ambigendi
1252 2209 1424 2273 locus,
1450 2209 1582 2278 quin
1617 2209 1662 2263 is
1694 2223 1838 2262 coni-

272 2307 604 2369 mentarius,
636 2305 704 2359 de
723 2319 832 2373 quo
864 2302 952 2357 hic
973 2301 1254 2371 quaeritur,
1301 2297 1354 2354 in
1387 2309 1552 2354 totam
1583 2298 1834 2354 Genesim

271 2416 329 2454 se
373 2399 661 2462 extendat,
713 2406 999 2466 postquam
1046 2395 1296 2448 Albertus
1343 2391 1626 2446 Fabricius
1683 2391 1834 2459 plura

272 2493 442 2559 hujus
503 2487 880 2543 commentarii
939 2485 1237 2555 fragmenta
1295 2482 1479 2538 Graece
1530 2497 1594 2536 ac
1648 2480 1836 2534 Latine

271 2581 554 2651 evulgavit
586 2577 722 2649 (24).
779 2578 869 2632 Sic
891 2578 964 2632 ibi
992 2581 1343 2632 observamus
1365 2573 1750 2642 explicationes
1781 2572 1836 2624 in

273 2691 312 2736 ι.
346 2690 415 2727 ιιι
445 2682 634 2743 caput,
676 2681 729 2726 et
766 2685 954 2724 omnes
998 2667 1111 2723 fere
1167 2666 1463 2723 versiculos
1496 2664 1658 2734 capit.
1712 2679 1837 2716 χιιι

273 2765 578 2822 Geneseos.
628 2763 848 2818 Accedit
890 2760 1033 2830 quod
1075 2759 1134 2813 S.
1165 2756 1542 2829 Hieronymus,
1587 2757 1714 2811 dum
1743 2769 1838 2810 co-

260 2857 518 2910 nabatur
564 2851 996 2921 explanationem
1036 2847 1164 2900 dare
1187 2847 1252 2901 de
1280 2845 1726 2907 Melchisedecho,
1756 2845 1839 2897 di~

273 2956 422 3002 serte
445 2946 592 3000 dicat
618 2959 676 2999 se
701 2941 1038 2997 consuluisse
1058 2950 1300 2993 sanctum
1328 2937 1666 3008 Hippolytum
1691 2938 1835 3007 (25);

275 3039 512 3108 proinde
535 3037 746 3090 videtur
773 3049 866 3103 per
889 3033 992 3086 hoc
1021 3030 1295 3086 testiﬁcari
1323 3031 1464 3099 quod
1497 3038 1719 3084 sanctus
1747 3044 1842 3082 no-

276 3141 393 3185 ster
424 3130 480 3184 in
512 3135 674 3196 caput
695 3142 804 3192 xiv,
825 3124 876 3178 in
907 3139 1016 3194 quo
1037 3125 1101 3179 de
1125 3121 1508 3178 Melchisedech
1549 3137 1727 3177 sermo
1757 3121 1834 3186 ﬁt,

278 3228 684 3276 commentatus
735 3217 916 3271 fuerit.
968 3215 1109 3269 Idem
1154 3214 1343 3268 doctor
1393 3213 1662 3268 maximus
1706 3213 1836 3266 alle-

280 3322 373 3384 gat
424 3313 610 3366 adhuc
646 3309 1004 3380 fragmentum
1052 3307 1183 3362 satis
1231 3307 1448 3375 longum
1496 3305 1563 3360 de
1608 3306 1758 3358 Isaac
1785 3312 1839 3357 et

285 3405 550 3469 Rebecca,
604 3404 656 3456 id
694 3411 795 3465 est,
841 3416 1001 3469 super
1043 3407 1203 3467 caput
1254 3413 1399 3451 xxvu
1450 3395 1722 3451 Geneseos
1767 3409 1835 3448 ex

288 3494 475 3547 eodem
507 3491 900 3562 commentario
925 3487 1056 3558 (26).
1086 3486 1327 3542 Isidorus
1354 3485 1516 3540 etiam
1558 3483 1838 3553 Hispalen-

296 3586 366 3639 sis
389 3583 498 3651 (27)
525 3580 772 3636 eamdem
799 3575 1207 3646 explicationem
1235 3574 1577 3644 allegoricam
1597 3572 1663 3626 de
1689 3571 1840 3626 lsaac

301 3688 351 3732 et
377 3675 614 3730 Rebecca
641 3689 709 3728 ex
735 3671 791 3726 S.
821 3670 1103 3741 Hippolyto
1130 3668 1312 3723 refert.
1361 3666 1516 3736 Apud
1554 3664 1837 3720 Leontium

302 3782 503 3839 quoque
526 3765 885 3838 Byzantinum
917 3763 1142 3816 habetur
1179 3761 1433 3831 exiguum
1479 3757 1838 3825 fragmentum

297 3859 662 3916 commentarii
711 3856 768 3912 8.
822 3854 1084 3926 Hippolyti
1135 3855 1191 3907 in
1234 3851 1632 3907 benedictiones
1668 3850 1841 3904 Abra-

291 3954 374 4008 ha:
398 3953 530 4024 (28).
585 3951 760 4020 Super
794 3964 1009 4004 versum
1052 3946 1121 4000 27
1162 3945 1352 4014 capitis
1381 3959 1506 3998 xux
1547 3941 1836 4007 Geneseos,

286 4061 396 4115 quo
445 4044 798 4100 continentur
845 4040 1246 4096 henedictiones
1300 4037 1530 4091 Abrahze
1570 4050 1667 4104 pro
1715 4033 1840 4088 (iliis

286 4139 428 4202 suis,
465 4148 688 4192 sanctus
735 4133 1053 4204 Hippolytus
1081 4139 1268 4186 sancto
1309 4128 1554 4198 apostolo
1578 4125 1744 4180 Paulo
1772 4126 1838 4179 il-

286 4230 379 4285 lud
409 4229 479 4284 de
506 4230 633 4298 lupo
663 4241 876 4296 rapace,
910 4225 1056 4295 quod
1080 4222 1454 4292 Benjaminum
1490 4227 1714 4289 spectat,
1749 4233 1839 4272 ac-

284 4319 634 4384 commodat;
683 4331 846 4386 quam
883 4311 1433 4370 accommodationem
1464 4319 1644 4378 postea
1679 4307 1840 4361 etiam

286 4411 659 4466 adhibuerunt
689 4407 745 4461 S.
771 4407 1104 4477 Augustinus
1144 4413 1198 4458 et
1232 4401 1323 4456 alii
1347 4399 1600 4456 Ecclesia:
1631 4397 1838 4452 Patres.

356 4610 472 4679 (21)
517 4627 536 4660 ι
567 4607 748 4676 Nuper
773 4607 831 4679 8.
858 4603 1188 4679 Ambrosius
1204 4599 1673 4679 sic-Hexaemeron
1697 4598 1841 4679 illius

286 4669 584 4802 gorigénis)
609 4669 936 4744 compilavit,
969 4684 1027 4728 ut
1053 4673 1222 4742 magis
1255 4669 1520 4738 Hippolyti
1549 4669 1842 4722 sententias

331 4751 585 4802 asiliioue
606 4757 936 4802 sequeretur.
967 4763 986 4794 ι
1021 4741 1330 4802 Hicronym.
1353 4779 1369 4802 ,
1401 4755 1484 4802 ep.
1508 4737 1571 4791 41
1603 4737 1669 4790 ad
1693 4737 1842 4791 l’am—

331 4737 585 4817 asi‘l'iique
606 4737 936 4815 sequeretur.
967 4763 986 4794 ι
1021 4737 1369 4811 Hieronme
1401 4737 1484 4808 ep.
1508 4737 1571 4791 41
1603 4737 1669 4790 ad
1693 4737 1846 4791 l’am-

287 4820 471 4873 mach.
497 4828 551 4871 et
572 4817 770 4871 Ocean.

362 4888 476 4956 (22)
517 4884 911 4956 Hieronym_._in
942 4881 1205 4956 Catalog.,
1240 4877 1473 4956 cap.‘6l__.

515 4943 739 5010 Henric:
808 4953 981 5008 Vales.
1039 4954 1093 5006 in
1131 4943 1262 5020 'cap.
1306 4943 1386 5002 ’22
1435 4948 1526 5004 lib.
1563 4961 1614 5000 vt
1668 4943 1738 5001 Il.
1773 4943 1840 5000 E.

286 5027 534 5081 Eusebii.

335 5043 534 5082 IlSCDlI.

359 5097 474 5168 (24)
515 5094 751 5168 Fabric.,
781 5091 916 5161 Opp.
929 5091 1206 5168 _H_i_ppo|yt.
1241 5085 1464 5168 tom._.Il,
1488 5103 1608 5156 pag.
1638 5085 1726 5139 22.

359 5157 476 5237 (25)
523 5185 542 5218 ι
589 5157 944 5237 Ve_rtimé_'ad
975 5157 1338 5237 Hippolytum,
1371 5157 1651 5237 Irenaeum,
1685 5173 1702 5205 ι
1741 5161 1849 5237 etc.

289 5227 514 5292 Hieron.
547 5236 612 5289 ad
639 5233 961 5301 Evangelum
1005 5227 1513 5301 presbyteruni,gep.
1540 5227 1839 5301 73_noviss.

288 5311 419 5361 edit.
448 5304 640 5360 Venet.
675 5297 845 5367 ιιι-ιδ,
870 5297 1142 5367 alias-126,
1165 5297 1320 5369 epist.
1346 5299 1468 5354 crit.
1500 5314 1555 5367 p.
1573 5297 1675 5352 570
1704 5297 1842 5366 apud

289 5376 623 5430 Henedictin.

360 5447 475 5514 (26)
519 5445 856 5514 Hieronym.,
887 5442 1051 5514 epist.
1085 5439 1149 5514 ad
1171 5438 1472 5514 pamasum
1523 5435 1590 5490 36
1638 5435 1840 5490 noviss.

289 5507 616 5578 edit.,'alias
643 5507 764 5571 125,
800 5529 852 5580 p.
883 5507 986 5565 569
1009 5511 1148 5579 apud
1170 5507 1562 5580 Benedictinos.

361 5576 476 5652 (27)
513 5585 704 5638 Isidor.
741 5576 942 5650 Hispal.
974 5576 1171 5652 init-ap.
1197 5594 1328 5632 χχιιι
1360 5576 1552 5652 Cenes.

363 5643 474 5723 (28)
513 5654 704 5709 Leont.
736 5643 1135 5723 Byiatitqulib:
1175 5657 1406 5723 t__c_ont_ra
1463 5643 1842 5723 _Nestoriulntﬁet

295 5711 604 5793 Eumenem,
650 5711 1153 5793 tomleABibliot/i.
1177 5717 1300 5793 ΔΙλ-Ρ.
1334 5715 1575 5793 Lugd-un.
1614 5711 1838 5793 p.682;

296 5794 353 5850 in
379 5781 625 5852 vcrsione
661 5792 850 5849 Latina
894 5791 1054 5862 hujus
1086 5789 1188 5846 loci
1220 5781 1437 5845 Leontii
1462 5783 1738 5856 Byzantini
1772 5781 1842 5836 le-
1938 5792 1944 5798 ·

1934 1945 2094 2014 paulo
2122 1952 2276 1997 antea
2299 1942 2556 2005 diximus,
2581 1949 2826 1995 sanctum
2853 1950 3096 1994 nostrum
3131 1939 3184 1992 in
3225 1953 3287 1992 ea
3317 1939 3480 1992 etiam

1933 2042 2353 2091 commentatum
2390 2032 2558 2086 fuisse
2579 2047 2700 2101 quae
2729 2039 2848 2100 post
2879 2045 2971 2084 sex
3000 2029 3116 2083 dies
3142 2043 3489 2096 consequun-

1934 2138 2021 2183 tur
2062 2127 2115 2180 in
2156 2126 2308 2180 libris
2355 2123 2557 2194 lloysis
2590 2124 2722 2194 (3t).
2787 2121 2934 2176 Vidit
2978 2121 3122 2175 hunc
3160 2127 3489 2200 commenta:

1931 2223 2072 2276 rium
2099 2219 2155 2274 8.
2187 2217 2577 2287 Hieronymus;
2609 2226 2768 2286 atque
2795 2222 3077 2284 propterea
3098 2212 3345 2266 dubitare
3374 2224 3486 2264 non

1933 2327 2223 2380 possumus
2269 2311 2335 2364 de
2385 2309 2530 2362 illius
2584 2307 2711 2360 olim
2753 2305 3087 2360 exsistentia.
3139 2300 3220 2355 Cl.
3265 2299 3484 2370 quidem

1938 2403 1989 2454 le
2017 2401 2263 2472 Moynius
2311 2400 2422 2470 (39.)
2467 2399 2521 2452 in
2553 2398 2776 2452 dubium
2811 2411 3066 2450 revocare
3113 2395 3216 2448 hoc
3246 2393 3483 2456 videtur,

1934 2494 2061 2547 dum
2109 2492 2311 2560 absque
2359 2490 2708 2544 fundamento
2733 2488 2976 2542 obtendit
3003 2495 3248 2540 sanctum
3296 2482 3489 2536 Hiero-

1936 2598 2156 2654 nymum
2203 2598 2308 2636 non
2341 2582 2444 2636 nisi
2469 2597 2535 2636 ex
2565 2581 2703 2634 male
2732 2579 3018 2633 intellectis
3057 2575 3272 2630 Eusebii
3305 2573 3488 2628 verbis

1935 2672 2381 2728 commentarium
2427 2673 2480 2725 in
2530 2670 2772 2724 Exodum
2815 2668 3136 2724 astruxisse.
3189 2665 3287 2718 llic
3337 2664 3486 2719 enim

1937 2766 2266 2838 (Eusebius),
2308 2765 2590 2834 subjungit
2632 2764 2682 2817 le
2725 2762 2990 2833 Moynius,
3031 2769 3315 2831 postquam
3341 2756 3492 2811 desi-

1936 2859 2118 2928 gnavit
2139 2857 2526 2916 Hexaemeron,
2558 2854 2706 2918 dicit,
2735 2852 2876 2921 quod
2907 2850 2964 2905 8.
2995 2849 3312 2919 Hippolytus
3349 2845 3491 2901 scri-

1936 2948 2102 3018 pserit
2140 2947 2301 3001 etiam
2331 2946 2384 2998 in
2424 2961 2488 2998 ea
2523 2959 2643 3013 quae
2671 2950 2965 3012 sequuntur
3013 2957 3104 2994 sex
3139 2939 3273 3002 dies,
3309 2940 3388 2999 εἰς
3418 2935 3487 2991 τὰ

1939 3037 2076 3110 μετὰ
2100 3037 2194 3108 τὴν
2227 3035 2526 3107 ἐξαήμερον
2560 3053 2574 3089 :
2605 3050 2699 3103 per
2719 3048 2840 3102 qua:
2868 3031 3052 3094 verba,
3074 3031 3245 3099 pergit
3270 3030 3316 3082 le
3336 3026 3487 3098 Moy-

1936 3131 2081 3197 nius,
2135 3127 2224 3182 hic
2264 3135 2519 3181 notantur
2563 3123 3012 3195 protoplastorum
3041 3129 3234 3182 status,
3279 3117 3487 3171 habita-

1939 3226 2031 3288 tio,
2057 3219 2300 3284 tentatio,
2331 3219 2537 3288 lapsus,
2571 3223 2625 3270 et
2652 3215 2798 3269 varia
2833 3229 2953 3284 quae
2979 3213 3266 3276 Adamum,
3296 3209 3483 3274 Evam,

1936 3312 2268 3384 paradisum,
2313 3320 2638 3380 serpentem,
2679 3308 2900 3362 arbores
2925 3306 3046 3359 vitae
3069 3314 3123 3358 et
3145 3302 3404 3366 scientiae,
3433 3309 3488 3354 et

1937 3408 2042 3461 alia
2089 3405 2172 3459 his
2214 3404 2467 3473 adjuncta
2517 3411 2758 3470 spectare
2787 3399 3053 3453 videntur.
3109 3396 3177 3449 At
3207 3409 3334 3448 vero
3359 3408 3489 3446 eru-

1937 3499 2083 3554 ditus
2131 3496 2220 3550 hic
2261 3506 2450 3550 auctor
2492 3508 2601 3546 non
2645 3493 2776 3547 satis
2812 3490 3052 3544 animum
3087 3485 3313 3540 attendit
3342 3482 3490 3552 quod

1937 3598 2158 3644 sanctus
2214 3586 2572 3655 Hieronymus
2617 3599 2725 3636 non
2763 3581 3058 3637 secundum
3092 3575 3382 3632 Eusebium
3408 3575 3493 3627 lo-

1938 3691 2157 3752 quatur,
2203 3679 2295 3734 sed
2341 3677 2569 3732 evolutis
2614 3674 2767 3744 ipsis,
2817 3687 2955 3742 quos
2990 3669 3252 3734 nominat,
3285 3668 3487 3721 libris:

1937 3773 1986 3826 Ε
2012 3771 2219 3841 quibus,
2268 3769 2444 3839 inquit
2487 3769 2621 3837 (33),
2663 3766 2755 3818 hos
2793 3763 2979 3832 reperi,
3009 3763 3063 3814 in
3089 3759 3407 3829 ὲξαήμερον,
3437 3762 3490 3808 et

1937 3865 1994 3916 in
2023 3862 2286 3916 Ezodum.
2340 3859 2456 3913 Hoc
2481 3874 2578 3928 per
2597 3871 2656 3912 se
2680 3854 3047 3918 manifestum,
3079 3864 3131 3905 et
3157 3850 3359 3902 nullam
3386 3844 3491 3900 dif.

1941 3957 2230 4011 ﬁcultatem
2262 3953 2482 4024 patitur.
2524 3949 2791 4006 Caeterum
2823 3946 2957 4001 nihil
2985 3943 3216 4014 amplius
3243 3941 3310 3994 de
3334 3937 3494 3993 Cont-

1939 4047 2191 4102 mentario
2223 4044 2279 4099 8.
2305 4043 2574 4114 Hippolyti
2621 4042 2675 4095 in
2714 4038 2957 4093 Exortum
2999 4034 3158 4089 hodie
3205 4032 3487 4085 habemus.

1940 4140 2092 4210 Saepe
2120 4139 2332 4208 quidem
2360 4137 2624 4206 allegatur
2669 4133 2724 4187 in
2754 4127 3146 4186 commentario
3173 4123 3404 4178 Arabico
3432 4121 3488 4175 in

1935 4230 2360 4287 Pentateuchum
2392 4228 2505 4298 (34)
2534 4239 2756 4294 operum
2813 4217 3118 4276 collectioni
3153 4215 3259 4270 divi
3291 4211 3490 4280 Hippo-

1939 4325 2032 4396 lyti
2062 4324 2264 4378 inserto
2289 4320 2421 4392 (35).
2465 4317 2571 4372 Sed
2618 4313 2910 4370 verisimile
2945 4309 3168 4366 omnino
3195 4317 3296 4370 est,
3343 4303 3487 4396 quod

1941 4427 2128 4473 auctor
2157 4416 2318 4486 hujus
2346 4411 2724 4470 commentarii
2773 4423 2967 4462 nomen
3011 4403 3068 4460 S.
3103 4399 3392 4472 Hippolyti,
3425 4395 3487 4452 8.

1941 4595 2084 4664 gitur
2111 4591 2332 4646 Balaam
2363 4591 2466 4664 hoc
2491 4588 2693 4664 modo;
2732 4606 2750 4638 ι
2790 4584 2972 4664 sancti
3003 4579 3269 4664 Hippolyti
3299 4587 3353 4632 et
3376 4576 3491 4648 epi-

1941 4650 2087 4732 scopi
2133 4673 2185 4716 et
2233 4661 2484 4730 martyris
2537 4675 2604 4712 ex
2655 4650 3123 4710 Bcnedictionibus
3171 4650 3409 4703 Balaam.
3463 4664 3485 4698 ι

1941 4732 2162 4786 V'idetur
2184 4733 2284 4785 hoc
2313 4746 2465 4784 error
2485 4744 2604 4783 esse
2631 4727 2996 4786 librariorum,
3021 4732 3179 4786 atque
3210 4717 3488 4786 legendum

1992 4741 2162 4786 idetur
2184 4741 2284 4785 llOC
2313 4746 2465 4784 Cl'l'Ol'
2485 4744 2604 4783 esse
2632 4741 2996 4789 IIDI‘HI‘IOI‘UIH,

1947 4739 2162 4786 Videtur
2184 4739 2284 4785 hoc
2313 4746 2465 4784 error
2485 4744 2604 4783 esse
2632 4739 2996 4789 librariorum,
3021 4739 3179 4790 atque
3210 4739 3488 4786 tegendum

1939 4820 2059 4856 esse
2101 4803 2348 4859 Abraam.
2384 4799 2730 4854 conformiter
2773 4795 2936 4849 textui
2987 4793 3172 4848 Graeco
3206 4789 3356 4859 :__’Ex
3384 4787 3492 4859 τῶν

1940 4873 2194 4996 εὐλογὲιεν
2252 4856 2348 4924 τοῦ
2409 4869 2675 4940 Ἀϐραάμ.
2733 4865 2888 4920 Tom.
2926 4865 2970 4919 ll
3027 4861 3162 4932 Opp.
3218 4856 3488 4929 Hippolyt.

1941 4958 2063 4996 natz.
2132 4962 2183 4996 ο.

1979 4959 2063 4996 au.
2094 4959 2183 4996 4ο.

1941 4958 2432 5090 Ρθῗέξῦῧῂξρροιγι.
2464 5006 2757 5090 Opp.nto_m‘.
2792 5003 2856 5070 ll,
2891 5019 3012 5090 pag.
3165 5001 3256 5066 23,
3290 4998 3384 5054 26.

2013 5074 2123 5151 (50)
2161 5074 2471 5151 Hieronymi.
2509 5074 2564 5151 iii
2591 5077 2857 5151 Catalog.,
2890 5074 3121 5151 capr'i.

2011 5144 2122 5220 (51)
2162 5144 2384 5220 Ευδεξὶιᾲ
2417 5148 2488 5203 li.
2617 5149 2709 5202 lib.
2738 5144 2812 5210 vi,
2847 5160 2962 5212 cap.
2995 5144 3084 5220 22.

2161 5222 2234 5294 Le
2258 5205 2470 5290 Moy'ue,
2511 5205 2873 5294 Varia-sacra,
2910 5205 3038 5268 ἰοιιι.
3072 5211 3134 5279 ll,
3163 5225 3282 5281 pag.
3314 5205 3438 5262 990.

2011 5289 2123 5362 (33)
2163 5289 2484 5362 Hieronym.
2509 5289 2612 5343 loc.
2644 5289 2736 5343 cit.

2013 5347 2123 5435 (54)
2162 5347 2555 5435 Auctor'hujus
2580 5356 2955 5435 commentarii
2985 5354 3168 5435 Arabs
3183 5350 3284 5407 sub
3312 5347 3488 5435 nomi-

1943 5423 2210 5488 ne‘saucti
2244 5423 2514 5500 Hippolyti
2547 5429 2736 5498 allegat
2767 5427 3117 5500 quadraginta
3155 5423 3292 5487 loca,
3339 5432 3490 5500 eum-

1941 5516 2045 5582 (ιρις
2095 5497 2798 5582 ordinario"Expositorenu
2832 5497 3485 5582 {urg/tantistantnvocat.

1940 5560 2240 5696 §;d.l0pp.
2277 5569 2334 5624 8.
2362 5560 2630 5639 Hippolyt.
2659 5568 2800 5636 apud
2845 5560 3053 5620 Fabric.
3099 5573 3228 5619 tom.
3261 5560 3323 5625 ll,
3362 5572 3484 5628 pag.

2039 5657 2067 5695 e
2127 5659 2240 5696 seu.

2039 5657 2091 5695 el
2127 5659 2240 5698 seu.

2039 5659 2091 5695 et
2127 5659 2240 5712 seq.

2012 5713 2121 5784 (55)
2161 5712 2392 5780 Fabric.,
2418 5712 2452 5766 Ι.
2485 5727 2530 5765 c.
