3942 6346
234 342 314 396 Sil

1175 332 1262 387 DE
1299 329 1460 387 VITA
1492 325 1581 383 ET
1622 321 1935 381 SCRiPTlS
1974 319 2035 374 S.
2075 315 2458 372 HIPPOLYTI.

3312 318 3422 374 32%

234 470 385 525 rant,
420 471 487 515 ut
514 461 648 516 adeo
681 458 805 514 inde
830 457 1045 512 laudata
1092 456 1146 509 in
1176 453 1357 510 tabula
1388 453 1670 523 legendum
1702 449 1772 503 sit
1799 452 1845 508 Α
1871 443 1986 498 sius
2033 440 2212 494 locum
2255 437 2390 492 satis
2420 432 2867 490 considerabilem
2892 447 2958 488 ex
2990 447 3056 487 eo
3098 432 3252 488 nobis
3285 448 3423 487 con-

240 553 529 618 ’Δπύδειξις
549 553 682 624 πρὸς
698 554 820 614 τοὺς
846 550 1146 612 Ἰουδαίους.
1165 564 1257 603 seu
1271 545 1410 601 κατὰ
1423 545 1544 606 τοὺς
1559 542 1774 595 Ἰουδαί-

229 665 346 711 auc,
407 645 798 700 Demonstratio
841 643 1085 695 adversus
1114 639 1348 692 Juda'os.
1407 637 1604 691 Verum
1665 636 1777 688 haec

227 739 539 807 umnjectura
565 735 708 790 omni
739 733 1092 788 fundamento
1125 729 1456 784 destituitur.
1491 730 1666 796 Atque
1691 739 1778 779 sa-

224 834 329 885 tius
349 837 640 900 propterea
669 837 749 882 est
777 828 1004 896 ingenue
1033 823 1185 878 fateri
1217 820 1574 891 ignorantiam
1598 816 1776 886 quoad

221 924 543 976 relationem
589 926 816 989 quatuor
844 919 1032 972 harum
1064 915 1384 978 litterarum,
1443 928 1602 983 quam
1638 911 1690 966 in
1720 926 1778 964 re

223 1015 355 1068 adeo
399 1013 635 1066 obscura
683 1009 909 1063 divinari
940 1007 1092 1062 velle.
1131 1027 1151 1062 ι
1182 1005 1452 1060 Hactenus
1480 1004 1550 1059 cl.
1597 1003 1781 1058 Remi-

221 1107 343 1176 gius
371 1103 696 1158 Ceillierius.

231 1217 260 1286 ξ
293 1213 356 1270 V'.
389 1210 810 1267 Commemarius
858 1211 910 1263 in
941 1208 1094 1286 ⁸⁵1⁷1,ζῂ
1120 1207 1360 1286 Psalmos
1403 1204 1780 1277 panitentiales

709 1297 808 1333 non
838 1292 910 1334 est
935 1278 991 1334 S.
1021 1279 1314 1348 Hippolyti.

300 1376 504 1429 Praeter
537 1375 678 1429 hunc
722 1372 1164 1428 Commentarium
1202 1372 1255 1423 in
1286 1385 1476 1425 omnes
1516 1368 1780 1428 Psalmos.

241 1466 585 1520 doctissimus
621 1463 889 1533 Iosephus
914 1463 1152 1531 Scaliger
1180 1462 1352 1517 eidem
1384 1471 1571 1516 sancto
1600 1469 1785 1515 nostro

246 1560 524 1630 Hippolyto
548 1557 820 1628 sigillatim
849 1556 1072 1611 ascribit
1099 1555 1320 1623 insuper
1343 1552 1785 1607 Commentarium

246 1655 292 1704 in
321 1661 514 1720 septem
541 1648 782 1702 Psalmos
809 1647 1188 1716 pmnilentiales
1215 1643 1347 1716 (50).
1394 1643 1593 1698 Verum
1645 1657 1783 1712 quo-

247 1744 383 1796 niam
412 1740 764 1795 doctissimus
801 1739 881 1792 vir
919 1739 1182 1792 duntaxat
1231 1737 1422 1790 nititur
1460 1735 1784 1804 interpreta-

245 1834 369 1886 tioni
411 1832 631 1901 longius
672 1831 944 1886 accersita:
984 1830 1215 1883 duarum
1265 1829 1595 1900 syllabarum
1625 1842 1788 1882 voca-

245 1925 488 1978 bulorum
556 1920 716 1976 IOYG
767 1930 817 1976 et
865 1920 1020 1976 ΜΔΕ
1086 1920 1139 1974 in
1214 1920 1394 1975 tabula
1461 1920 1665 1983 Grmca,
1725 1918 1792 1971 il-

247 2017 344 2070 lius
404 2013 662 2084 Opinione
709 2024 852 2070 stare
897 2029 1006 2068 non
1051 2028 1358 2083 possumus.
1409 2010 1545 2066 Cum
1587 2019 1640 2064 et
1680 2010 1792 2080 ipse

249 2107 480 2178 Scaliger
510 2109 648 2162 bene
682 2108 960 2178 agnoverit
981 2107 1266 2161 lectionem
1297 2119 1450 2160 suam
1487 2102 1789 2175 μετανοίας,

247 2201 579 2268 minutim,
629 2199 918 2253 admodum
967 2208 1206 2253 coactam
1247 2213 1385 2263 esse,
1439 2196 1587 2250 nullo
1634 2194 1794 2249 modo

253 2302 418 2344 autem
450 2291 729 2361 vulgarem
753 2309 768 2356 ;
792 2291 920 2346 hinc
951 2291 1113 2345 etiam
1140 2290 1418 2345 insimulat
1443 2289 1792 2357 sculptorem,

253 2397 304 2438 et
331 2385 390 2439 de
417 2384 718 2439 commisso
744 2399 928 2438 errore
958 2382 1155 2454 arguit,
1183 2381 1401 2452 quando
1434 2380 1615 2449 posuit
1639 2376 1794 2432 NIAC

259 2492 346 2544 pro
367 2476 594 2530 NOIAC.
627 2477 848 2531 Accedit
879 2476 1020 2545 quod
1054 2475 1202 2529 nulla
1227 2475 1448 2529 omnino
1485 2472 1624 2528 adsit
1660 2473 1798 2526 veri-

261 2569 568 2633 similitudo,
602 2568 1060 2638 quemadmodum
1108 2567 1379 2636 sapienter
1421 2563 1800 2619 animadvertit

259 2660 319 2712 cl.
361 2661 408 2714 le
447 2660 704 2730 Moynius
737 2659 846 2728 (51)
880 2659 1043 2728 quod,
1075 2674 1198 2712 cum
1227 2658 1404 2712 tabula
1449 2656 1632 2711 Graeca
1666 2655 1800 2710 satis

260 2755 531 2822 perspicue
575 2753 716 2807 linea
764 2753 920 2807 tertia
965 2753 1018 2806 in
1061 2751 1306 2806 Psalmos
1349 2751 1611 2820 designet,
1661 2749 1801 2802 linea

261 2845 420 2912 prima
445 2844 596 2899 aliud
625 2858 762 2913 Opus
789 2843 844 2897 in
877 2842 1120 2898 Psalmos
1161 2843 1346 2898 eadem
1375 2842 1556 2897 tabula
1583 2841 1797 2896 indicet.

259 2934 382 2988 Nam
434 2945 624 3005 postea
671 2936 887 2989 additur
936 2935 1120 3004 (verba
1158 2943 1284 2989 sunt
1335 2935 1404 2988 cl.
1462 2933 1511 2987 le
1559 2932 1798 3005 Moynii),

256 3029 396 3096 quod
447 3028 508 3083 S.
545 3027 862 3099 Hippolytus
911 3027 1187 3098 scripserit
1244 3026 1298 3080 in
1345 3025 1623 3092 Psalmos;
1657 3025 1802 3095 quod

1875 530 2108 586 servavit
2143 527 2288 596 (56);
2319 540 2480 596 quem
2524 523 2706 579 Graece
2734 540 2798 578 ac
2837 523 3025 578 Latine
3055 523 3333 579 Fabricius
3370 531 3424 578 et

1875 619 2190 675 Gallandius
2232 619 2374 671 inter
2415 615 2472 670 S.
2515 614 2783 685 Hippolyti
2813 629 2973 683 opera
3012 614 3250 669 referunt
3288 615 3425 686 (57).

1875 712 1988 767 Hoc
2031 712 2331 782 fragmento
2373 708 2430 762 S.
2463 707 2622 762 Pater
2667 708 2860 760 librum
2894 705 3179 775 Sapientiae
3207 722 3238 760 a
3272 706 3429 764 Salo-

1876 817 2036 858 mone
2074 801 2432 872 perscriptum
2478 799 2744 870 agnoscit,
2796 799 3245 868 quemadmodum
3288 797 3430 854 Pro-

1877 893 2081 956 verbia,
2137 892 2498 947 Ecclesiasten
2553 897 2606 943 et
2658 889 2878 943 Cantica
2931 888 3286 944 canticorum.
3339 887 3431 945 Ait

1877 985 2040 1039 etiam
2087 982 2450 1046 Salomonem,
2483 981 2712 1036 dicendo
2752 979 3032 1034 Canticum
3071 981 3428 1044 canticorum,

1878 1075 2181 1145 significare
2227 1073 2462 1128 voluisse
2508 1087 2566 1126 sc
2613 1071 2688 1134 id,
2741 1071 2885 1139 quod
2927 1069 3304 1125 continebatur
3349 1082 3430 1126 ter

1879 1167 2026 1220 mille
2070 1165 2191 1220 odis
2236 1179 2330 1220 seu
2354 1163 2604 1224 canticis,
2650 1163 2754 1215 hoc
2787 1177 2896 1214 uno
2935 1163 3430 1230 comprehendisse.

1883 1258 1993 1314 llac
2015 1273 2229 1327 quoque
2257 1255 2540 1311 occasione
2566 1255 2694 1308 dum
2732 1253 2788 1308 S.
2817 1253 3134 1324 Hippolytus
3162 1254 3434 1322 explicare

1881 1350 2206 1421 aggreditur,
2240 1348 2383 1417 quod
2427 1344 2704 1413 Scriptura
2748 1345 2912 1400 refert
2955 1345 3022 1400 de
3051 1347 3247 1400 selecto
3296 1344 3434 1400 scri-

1882 1452 2097 1512 ptorum
2117 1441 2358 1494 omnium
2383 1438 2687 1511 Salomonis
2709 1439 2776 1492 ab
2804 1437 2993 1492 amicis
3024 1436 3264 1492 Ezechiae
3293 1436 3438 1507 regis

1886 1534 2043 1596 facto,
2083 1541 2306 1587 testatur
2342 1531 2464 1586 illos
2512 1531 2783 1600 sapientes
2812 1530 2968 1583 'viros
2997 1544 3058 1582 ea
3105 1529 3370 1582 duntaxat
3407 1543 3439 1582 e

1885 1625 2098 1693 scriptis
2131 1623 2437 1678 Salomonis
2465 1621 2740 1691 selegisse,
2771 1635 2888 1690 quae
2928 1620 2994 1673 ad
3025 1619 3437 1674 aediﬁcationem

1887 1717 2138 1772 Ecclesia:
2164 1715 2444 1770 servirent.
2474 1713 2668 1768 Libros
2715 1727 2842 1766 vero
2870 1710 3174 1765 Salomonis
3197 1708 3440 1764 Parabo-

1821 1795 1860 1852 Β
1891 1808 2063 1860 larum
2098 1815 2152 1860 et
2175 1805 2545 1867 Canticorum,
2575 1804 2626 1854 in
2653 1801 2851 1871 quibus
2881 1801 3170 1868 scripserat
3193 1799 3260 1852 de
3291 1799 3444 1866 plan-

1891 1908 2068 1952 tarum
2096 1898 2162 1951 ‘et
2202 1895 2382 1950 omnis
2428 1893 2640 1963 generis
2683 1893 2996 1946 animalium
3033 1903 3226 1946 natura
3271 1900 3442 1945 terre-

1892 1989 2104 2046 strium.
2121 1984 2442 2045 volatilium,
2458 1981 2778 2044 natatilium,
2795 1979 2929 2033 etde
2947 1979 3149 2032 morbis
3163 1975 3442 2040 sanandis,

1893 2080 2149 2135 Ezechias
2181 2077 2434 2141 abolevit,
2463 2089 2556 2129 seu
2588 2072 2802 2142 penitus
2833 2069 3150 2138 suppressit,
3180 2068 3321 2136 quod
3345 2081 3443 2135 po-

1894 2171 2052 2240 pulus
2096 2171 2296 2224 crudus
2343 2175 2397 2221 et
2437 2179 2629 2235 parum
2675 2161 2970 2216 instructus
3019 2157 3212 2212 exinde
3265 2165 3445 2225 petere

1893 2270 2074 2332 posset
2109 2260 2343 2317 medelas
2389 2259 2724 2317 morborum,
2775 2265 3067 2320 eorumque
3109 2248 3444 2303 sanationem

1896 2369 1925 2406 a
1957 2351 2062 2406 Deo
2090 2361 2268 2421 petere
2296 2351 2606 2420 negligeret.
2655 2345 2851 2399 Eadem
2890 2344 3127 2397 referunt
3164 2339 3358 2394 Suidas
3391 2338 3445 2392 in

1909 2443 2168 2514 Ἐζεκίας,
2207 2441 2487 2514 Syncellus
2520 2450 2572 2494 et
2619 2438 2708 2492 alii
2739 2433 3102 2490 verisimiliter
3145 2446 3211 2486 ex
3259 2441 3447 2485 sancto

1898 2545 2083 2590 nostro
2104 2533 2390 2604 Hippolyto
2416 2533 2754 2601 deprompta.

1903 2650 1930 2722 ᾗ
1966 2650 2077 2706 VH.
2109 2647 2480 2705 Commentarii
2512 2645 2570 2722 8ἲ
2621 2643 2893 2722 Hippolyti
2933 2640 2987 2694 in
3013 2635 3312 2700 Proverbia,
3347 2633 3452 2688 Ec-

2522 2715 2814 2770 clesiasteu.

1971 2832 2135 2888 Divus
2184 2829 2543 2899 Hieronymus
2592 2837 2864 2882 asseverat
2902 2829 3118 2892 queque
3161 2835 3218 2874 se
3251 2818 3452 2873 vidisse

1903 2923 2347 2980 Commentarium
2385 2920 2554 2976 sancti
2601 2918 2770 2973 nostri
2800 2918 2854 2969 in
2893 2913 3174 2968 Proverbia
3209 2909 3456 2963 Salomo-

1903 3018 1988 3071 nis
2021 3015 2153 3084 (58).
2182 3013 2327 3069 ldem
2367 3011 2649 3068 confirmat
2673 3010 2834 3062 etiam
2875 3005 3070 3060 Suidas
3107 3003 3241 3074 (59).
3265 3001 3455 3054 Albcr-

257 3093 804 3183 ἐαιίςὲηηιιὶιξίοέο
832 3118 986 3174 NIAC
1020 3093 1124 3174 non
1169 3133 1290 3173 esse
1325 3117 1580 3186 reliquias
1613 3093 1802 3170 vocum
1833 3153 1873 3211 α
1907 3117 1993 3162 tus
2020 3107 2301 3162 Fabricius
2322 3120 2389 3160 ex
2409 3104 2612 3158 Catena
2635 3096 3188 3211 Graecorumlfatrulm
3213 3093 3457 3211 quinqp‘e

255 3208 496 3280 ᾤαλμοὺς
531 3211 836 3281 μετανοίας.
874 3208 1043 3265 Secus
1092 3208 1195 3273 bis,
1229 3209 1284 3262 in
1330 3185 1476 3262 brevi
1527 3207 1802 3272 laterculo,

1906 3200 2024 3254 loca
2064 3198 2252 3252 Latina
2280 3196 2442 3265 hujus
2457 3191 2844 3249 Commentarii
2879 3188 3099 3244 editioni
3130 3185 3362 3255 Operum
3392 3186 3453 3240 D.

255 3277 638 3356 observaretur
689 3299 1032 3371 Hippolytum
1078 3299 1362 3368 scripsisse
1421 3299 1476 3352 in
1529 3296 1806 3365 Psalmos;
1908 3289 2176 3362 hippolyti
2225 3287 2471 3349 inseruit,
2521 3283 2976 3371 quemadmodum
3011 3288 3083 3371 et
3116 3277 3455 3371 cl..Gallan-

258 3395 432 3463 primo
462 3393 519 3447 in
561 3368 812 3447 Psalmos
858 3368 1276 3461 penitentiales,
1312 3389 1504 3444 deinde
1534 3389 1588 3442 in
1622 3404 1811 3444 omnes
1908 3379 2031 3434 dius
2060 3376 2192 3449 (60).
2232 3375 2293 3430 In
2321 3375 2408 3430 his
2434 3373 2721 3444 exponitur
2748 3371 2936 3426 titulus
2968 3369 3088 3424 libri
3133 3368 3456 3463 Proverhio-

256 3481 538 3548 Psalmos;
571 3483 715 3551 quod
756 3496 788 3535 a
821 3457 970 3535 nullo
1000 3487 1264 3544 veterum,
1297 3480 1389 3550 qui
1419 3478 1486 3534 de
1526 3476 1812 3549 Hippolyto
1911 3485 2054 3535 rum,
2077 3476 2129 3523 et
2152 3467 2468 3522 undecimus
2484 3480 2579 3520 seu
2609 3463 2958 3517 duodecimus
2981 3475 3170 3514 versus
3190 3457 3380 3527 capitis
3417 3471 3456 3508 ι.

258 3549 878 3640 mentionem—fecerunt,
915 3573 1016 3628 fuit
1038 3589 1276 3643 unquam
1310 3549 1676 3629 observatum.
1708 3571 1810 3626 Sed
1908 3562 2174 3618 Prmterea
2214 3568 2400 3614 notatu
2441 3557 2618 3612 adhuc
2657 3555 2871 3624 dignius
2899 3554 3255 3622 fragmentum
3294 3549 3458 3618 hujus

257 3668 402 3737 quod
457 3667 682 3722 omnino
730 3667 920 3720 evertit
969 3642 1335 3736 conjecturam
1385 3663 1662 3735 Scaligeri,
1708 3671 1810 3728 est,
1900 3651 2284 3711 Commentarii
2307 3650 2444 3704 idem
2473 3647 3004 3703 cl.cditorAlbertus
3032 3643 3313 3698 Fabricius
3333 3642 3458 3696 sub-

253 3757 402 3827 quod
432 3765 675 3825 tempore
711 3755 768 3811 S.
802 3755 1069 3827 Hippolyti
1097 3757 1241 3810 nulla
1272 3757 1449 3811 adhuc
1479 3764 1595 3810 erat
1616 3755 1815 3809 mentio

255 3845 606 3902 Psalmorum
648 3846 1096 3914 ptenitentialium
1139 3846 1273 3916 (52).
1301 3846 1450 3900 Adeo
1484 3855 1542 3900 ut
1584 3860 1690 3899 non
1723 3859 1816 3913 po-

257 3939 431 3992 tuerit
463 3937 789 4006 peculiarem
826 3951 1020 4007 parare
1063 3935 1513 3990 commentarium
1563 3934 1616 3988 in
1668 3933 1818 3988 Psal-

257 4044 382 4083 mos
415 4029 552 4083 istos
580 4029 899 4098 peculiares,
941 4026 1036 4095 qui
1072 4026 1234 4081 hodie
1279 4025 1676 4096 ptenitentiales
1718 4039 1818 4078 vo—

259 4131 480 4187 cantur,
515 4131 568 4175 et
600 4121 740 4190 apud
773 4129 980 4176 veteres
1008 4119 1155 4173 nulla
1199 4133 1422 4189 prorsus
1453 4115 1679 4188 ψαλμῶν
1720 4115 1820 4185 τῆς

265 4214 556 4284 μετανοίας
588 4213 866 4266 memoria.
901 4210 1026 4266 Haec
1052 4211 1121 4267 cl.
1149 4211 1196 4265 le
1225 4209 1434 4281 Moyne.

360 4306 392 4375 ᾗ
422 4304 510 4359 Vl.
542 4303 958 4358 Commentarius
989 4301 1048 4357 S.
1082 4301 1354 4372 Hippolyti
1383 4305 1437 4355 in
1489 4300 1729 4356 Cantica.

336 4397 612 4452 Eusebius
645 4404 698 4450 et
722 4394 1078 4465 Hieronymus
1101 4395 1238 4450 inter
1269 4409 1430 4462 Opera
1459 4392 1515 4448 S.
1554 4391 1821 4462 Hippolyti

1908 3747 2057 3817 jecit,
2079 3745 2222 3814 quod
2247 3743 2430 3797 Graece
2455 3741 2737 3810 descripsit
2758 3755 2788 3795 e
2812 3740 2997 3794 codice
3017 3735 3339 3790 Taurinensi
3367 3733 3458 3799 82,

1914 3845 2163 3905 excerpta
2211 3835 2358 3888 varia
2412 3841 2654 3886 veterum
2702 3830 3026 3899 scriptorum
3075 3826 3462 3894 complectente

1919 3926 1982 3982 V.
2017 3926 2077 3981 C.
2116 3926 2396 3980 Matthaaus
2440 3921 2678 3977 Pfaflius.
2727 3921 2783 3975 ln
2821 3921 2924 3974 hoc
2957 3927 3174 3973 sanctus
3207 3914 3461 3984 Hippoly-

1919 4028 2005 4074 tus
2041 4020 2231 4089 capitis
2274 4033 2327 4072 ιι
2359 4017 2774 4072 Proverbiorum
2819 4014 2931 4067 haec
2963 4009 3124 4064 verba
3162 4022 3354 4062 versus
3387 4006 3413 4059 1
3447 4024 3460 4058 :

1918 4111 2189 4182 Sapientia
2213 4111 2494 4180 aediﬁcavit
2521 4109 2619 4165 sibi
2645 4109 2877 4172 domum,
2903 4102 3114 4175 egregie
3142 4100 3391 4156 illustrat.

1988 4203 2232 4257 Meminit
2260 4201 2687 4272 llieronymusct
2717 4216 2783 4254 ex
2811 4214 2876 4254 eo
2901 4197 3170 4252 Honorius
3190 4195 3466 4251 Commen-

1925 4297 2047 4349 tarii
2084 4297 2140 4348 in
2173 4294 2538 4359 Ecclesiasten,
2567 4294 2722 4361 cujus
2752 4291 3047 4361 fragmenta
3069 4291 3121 4344 in
3144 4287 3466 4344 bibliotheca

1921 4386 2208 4442 Bodleiana
2242 4386 2494 4442 dicuntur
2530 4386 2787 4440 exsistere
2815 4384 2867 4437 in
2908 4382 3243 4438 Ecclesiaste
3273 4395 3331 4442 ιι,
3374 4377 3465 4442 24,

270 4487 451 4542 adhuc
505 4494 788 4540 recensent
840 4484 951 4557 (55)
1006 4485 1446 4538 Commentarium
1495 4485 1551 4536 in
1579 4482 1820 4553 ⁵(Ξαηείειι
1853 4491 1896 4546 1)
1923 4478 2372 4557 quemadmodum
2417 4486 2471 4532 et
2504 4477 2632 4530 illud
2666 4475 3081 4529 Proverbiorum
3105 4489 3160 4527 ix
3197 4489 3210 4526 :
3244 4470 3467 4538 Sapien—

270 4581 619 4646 canticorum,
668 4593 828 4649 quem
865 4577 1240 4632 Theodoretus
1287 4577 1400 4648 (54)
1431 4577 1591 4631 etiam
1635 4576 1827 4645 allegat

275 4670 330 4722 in
357 4670 580 4740 dialogo
618 4670 710 4738 qui
755 4668 1026 4724 Eranistes
1059 4669 1390 4723 inscribitur.
1427 4667 1524 4724 llic
1554 4681 1830 4721 commen-

277 4764 453 4818 tarius
497 4762 697 4818 saeculo
727 4777 802 4815 vn
846 4761 1154 4816 adhucdum
1189 4760 1516 4824 habebatur;
1561 4758 1826 4827 siquidem

277 4853 600 4909 Anastasius
627 4851 834 4907 Sinaita
860 4851 972 4922 (55)
1000 4851 1153 4906 illum
1183 4853 1401 4923 legerat.
1428 4848 1572 4905 Idem
1601 4849 1830 4903 Anasta-

357 5058 467 5124 (50)
495 5056 714 5126 Scalig.,
745 5057 840 5110 lib.
864 5073 937 5110 vn
964 5055 1040 5111 De
1063 5057 1584 5126 emendat._tempor.,
1611 5063 1664 5109 et
1692 5056 1832 5126 apud

282 5123 674 5197 Fabrictinte‘r
706 5125 972 5197 Hippolyt.
1007 5143 1130 5196 opp.
1161 5136 1291 5181 tom.
1324 5123 1522 5197 I,__pag.
1556 5125 1627 5197 7Q
1642 5123 1830 5197 ξας-[80.

353 5197 468 5268 (51)
505 5196 579 5268 lie
605 5193 823 5268 Moyné;
849 5193 1166 5268 (varias...
1201 5206 1330 5268 tom.
1362 5193 1439 5268 ll,
1467 5211 1585 5268 pag.
1604 5193 1726 5248 970.

356 5266 470 5335 (52)
521 5263 800 5335 Possidius
847 5266 899 5318 in
953 5264 1069 5319 Vita
1123 5263 1180 5320 S.
1221 5265 1520 5333 Augustini,
1573 5279 1692 5331 cap.
1726 5263 1830 5335 7'51,

287 5333 615 5390 mentientem
643 5333 1118 5389 facitPsalmorum
1144 5335 1614 5404 pwniteutialium,
1641 5341 1693 5386 et
1720 5334 1833 5386 lor-

285 5417 430 5459 tassc
459 5407 561 5458 hoc
594 5407 825 5473 primum
855 5413 907 5458 et
938 5405 1373 5473 antiquissimum
1403 5404 1714 5459 earumdem
1739 5418 1831 5456 ve-

285 5477 635 5543 stigiumest,
665 5474 810 5544 qqu
831 5490 962 5530 sane
994 5475 1131 5528 ultra
1159 5474 1414 5529 saeculum
1442 5488 1474 5527 v
1508 5489 1614 5527 non
1647 5486 1836 5526 aScen-

286 5545 472 5684 T253)
502 5614 598 5676 Et;
627 5613 690 5666 τὸ
717 5609 887 5684 ᾆσμα.
911 5611 1133 5684 Euseb..
1170 5611 1242 5666 11.
1271 5610 1337 5666 Ε.
1357 5611 1450 5666 lib.
1481 5626 1553 5676 vn,
1585 5625 1703 5681 cap.
1734 5609 1835 5679 22ίὶ

290 5681 350 5737 8.
379 5681 604 5752 Hieron.
641 5685 696 5735 in
727 5681 966 5752 Catalag.
997 5698 1050 5751 p.
1084 5682 1170 5736 61.

361 5753 474 5824 (54)
500 5751 822 5808 Tbeodoret.
851 5748 1044 5823 dialog.
1073 5752 1128 5821 2,
1164 5753 1306 5808 hunc
1338 5751 1534 5808 librum
1565 5748 1836 5823 Hippolyti

1929 4571 2003 4623 tia
2031 4570 2311 4638 aediﬁcavit
2339 4552 2438 4622 sibi
2467 4567 2696 4620 domum.
2734 4565 2927 4638 Fertur
2956 4565 3118 4617 etiam
3157 4560 3288 4632 (61),
3323 4557 3468 4628 quod

1930 4658 1982 4713 in
2015 4659 2336 4714 bibliotheca
2381 4656 2780 4712 Vindobonensi
2821 4651 3192 4724 adgustissimi
3239 4651 3470 4719 impera-

1930 4751 2063 4806 toris
2108 4757 2413 4806 asservetur
2459 4764 2596 4804 msc.
2653 4748 3017 4816 complectens
3076 4743 3134 4798 S.
3197 4741 3470 4813 Hippolyti

1930 4841 2348 4923 commentarios
2372 4841 2426 4895 in
2460 4841 2627 4897 libros
2657 4839 2984 4896 Salomonis.

1933 5052 2004 5105 ita
2031 5052 2163 5105 citat
2188 5069 2202 5105 :
2234 5051 2328 5114 Εἰς
2359 5051 2462 5123 si]!
2485 5050 2624 5123 ᾠδὴν
2653 5052 2752 5122 τὴν
2782 5048 3037 5123 μεγάλην,
3065 5045 3297 5123 pag._§8_.

2003 5122 2113 5191 (55)
2146 5118 2658 5187 Αιιθδιθδίδίἱιειλίιι,
2690 5118 2878 5190 quaest.
2911 5118 3000 5184 41,
3029 5136 3148 5187 pag.
3177 5118 3299 5171 5'51».

2003 5191 2112 5260 (56)
2143 5191 2284 5245 Idem
2316 5193 2442 5245 ibid.

2161 5261 2400 5322 Fabric.,
2451 5271 2581 5330 tom.
2616 5259 2637 5312 1
2681 5260 2817 5330 Opp.
2860 5274 2979 5328 pag.
3012 5256 3154 5326 270;
3195 5249 3479 5316 Galland.,

1932 5331 2181 5384 Biblioth.
2211 5330 2324 5383 PP.
2360 5341 2489 5385 tom.
2519 5329 2583 5394 ll,
2604 5329 2740 5400 pag.
2770 5329 2895 5384 489.

2006 5401 2118 5473 (58)
2149 5400 2460 5473 Hieronym.
2500 5402 2552 5454 in
2581 5395 2845 5473 catalogq
2878 5412 2994 5466 cap.
3022 5395 3110 5448 61.

2007 5471 2118 5543 (59)
2157 5471 2348 5543 §uidas
2382 5471 2421 5534 ι,
2449 5487 2568 5543 pag.
2591 5471 2726 5543 144.

2009 5525 2115 5611 (60)
2155 5540 2337 5604 Fabr.,
2369 5525 2556 5596 ῑὸιὶι.’1
2581 5540 2716 5610 Opp.
2747 5537 2985 5611 Hippol.,
3014 5550 3133 5608 pag.
3180 5531 3320 5597 282;
3358 5525 3483 5585 Gal-

1935 5610 2082 5665 land.
2111 5613 2147 5665 l.
2179 5628 2227 5665 c.
2261 5627 2379 5665 nan.
2413 5612 2534 5665 488.

1960 5615 2082 5665 and.
2111 5615 2147 5665 l.
2179 5628 2227 5666 c.
2261 5627 2379 5666 una.
2413 5615 2534 5665 488.

2013 5627 2082 5664 ια.
2111 5627 2147 5665 l.
2179 5628 2227 5666 c.
2260 5627 2379 5682 pag.
2413 5627 2534 5665 48:5.

2011 5683 2120 5751 (61)
2154 5680 2364 5747 Canis.,
2402 5683 2463 5739 Β.
2503 5681 2569 5735 Τ.
2602 5697 2642 5749 ι,
2672 5695 2794 5752 pag.
2825 5678 2883 5735 9.
