3986 6358
505 354 610 410 525

597 469 625 542 ᾗ
659 469 790 525 VIII.
827 469 1200 526 Commentarii
1228 467 1282 521 in
1314 467 1515 523 Isaiam
1543 479 1593 523 et
1629 470 1968 527 Ezechielem.

572 562 629 615 In
665 563 857 617 Isaiam
906 563 1190 630 scripsisse
1221 561 1537 634 Hippolytus
1580 573 1785 635 martyr
1825 567 2055 620 traditur

497 655 568 707 ab
601 653 928 724 Ilieronymo
967 653 1078 724 (6‘2)
1125 664 1176 707 et
1219 652 1522 723 Nicephoro
1551 654 1684 724 (65),
1719 664 1776 709 ut
1808 657 2054 711 Grazcum

498 742 811 816 Hieronymi
841 745 1184 813 interpretem
1219 754 1271 799 et
1299 745 1650 810 recentiores,
1683 746 1774 815 qui
1813 747 1932 814 ejus
1968 765 2052 800 ca-

501 840 735 908 talogum
785 838 1132 900 exseribunt,
1184 835 1428 902 Latinos,
1471 837 1792 904 Honorium,
1833 838 2053 894 Frecul-

498 930 633 996 tum,
667 931 910 999 aliosque
945 930 1190 998 juniores
1216 929 1484 982 omittam.
1515 927 1590 981 Ex
1635 929 1737 984 hoc
1767 930 1820 984 in
1859 930 2052 986 Isaiam

495 1022 609 1076 sive
630 1022 682 1074 in
712 1023 907 1076 selecta
936 1020 1087 1075 Isaiae
1130 1021 1248 1076 loca
1290 1021 1682 1076 commentario
1735 1022 2052 1092 deprompta

491 1128 615 1168 esse
641 1123 794 1183 puto,
827 1114 1001 1183 inquit
1031 1114 1101 1168 cI.
1132 1112 1417 1168 Fabricius
1445 1112 1577 1184 (64),
1611 1129 1733 1183 qua:
1761 1115 1829 1170 de
1868 1117 2050 1187 gradi-

491 1207 594 1263 bus
628 1208 680 1261 in
720 1209 994 1278 horologia
1023 1205 1220 1260 Hiskiaa
1247 1206 1381 1277 (65),
1415 1207 1528 1260 sive
1561 1205 1805 1262 Ezechize
1834 1223 1896 1262 ex
1923 1207 2050 1278 Ilip-

488 1300 672 1371 polyto
702 1299 867 1354 refert
891 1299 1118 1354 Michael
1146 1299 1340 1369 Glycas
1367 1314 1486 1369 pag.
1529 1299 1629 1354 194
1656 1299 1962 1355 Annalium.
1992 1302 2047 1355 In

489 1394 675 1448 codice
726 1409 858 1446 mss.
913 1391 1100 1446 Graeco
1150 1391 1250 1445 I93
1309 1391 1649 1446 bibliothecae
1703 1393 2048 1448 Coisliniaua:

489 1487 634 1553 (quae
666 1485 795 1538 olim
825 1483 1214 1553 Seguieriana),
1235 1493 1368 1538 teste
1396 1484 1612 1538 clariss.
1647 1483 2060 1548 Montfauconio,

485 1593 540 1647 p.
584 1577 710 1641 245,
757 1586 933 1631 exstat
966 1575 1260 1647 Hippolyti,
1308 1576 1401 1647 qui
1446 1576 1541 1636 ibi.
1585 1586 1646 1630 ut
1682 1577 1922 1633 solemne
1964 1587 2047 1633 est

486 1669 688 1724 Graecis
728 1669 1102 1738 scriptoribus,
1144 1669 1434 1738 episcopus
1488 1667 1673 1724 Romae
1709 1669 2042 1738 appellatur,

484 1763 846 1832 fragmentum
877 1762 940 1814 de
969 1759 1217 1826 Ezechia,
1260 1760 1408 1830 quod
1443 1761 1632 1830 incipit
1669 1779 1681 1814 :
1717 1762 1835 1813 Ἔτι
1872 1779 2044 1832 μακα-

1472 351 1558 407 DE
1596 353 1758 408 V'ITA
1795 352 1882 407 ΕΤ
1916 351 2225 407 SCRIPTIS
2264 353 2322 407 S.
2361 350 2745 408 HIPPOLYTI.

2095 480 2138 534 Α
2167 474 2332 545 polyti
2372 474 2445 529 De
2483 477 2808 532 dimensione
2838 477 3015 547 templi
3060 473 3358 532 Salomonis
3393 488 3729 532 commenta-

3617 358 3728 412 39.4

2159 563 2295 615 rium
2350 563 2493 632 (69),
2541 567 2789 621 eumdem
2836 567 3116 635 hucusque
3144 567 3198 620 in
3229 565 3502 636 publicam
3543 567 3726 620 lucem

2156 654 2398 709 emittere
2433 658 2787 727 neglexerint.
2825 656 3122 727 Sigillatius
3164 656 3484 729 Hippolytus
3538 657 3595 712 in
3622 675 3728 712 ex-

2156 745 2408 812 ponendo
2457 745 2674 803 Daniele
2726 748 3008 803 laboravit.
3062 748 3122 804 S.
3188 749 3551 821 Hieronymus
3604 749 3728 820 (70)

2154 833 2272 900 ejus
2303 831 2748 890 Commentarium
2792 838 2846 891 in
2893 837 3160 893 Danielem
3193 841 3492 911 generatim
3535 850 3723 899 notat.

2154 923 2378 980 Photius
2417 927 2511 996 qui
2546 930 2794 985 eumdem
2829 933 3277 986 commentarium
3326 933 3564 1002 legerat,
3599 936 3724 989 sin-

2153 1017 2279 1087 gula
2309 1018 2430 1086 ejus
2478 1021 2656 1089 capita
2701 1023 2958 1091 expendit
3009 1033 3173 1092 atque
3222 1025 3351 1079 dicit
3382 1024 3535 1096 (7i):
3593 1024 3723 1079 Etsi

2152 1107 2649 1177 interpretationem
2684 1111 2922 1168 Danielis
2947 1113 3003 1168 S.
3045 1113 3361 1186 Hippolytus
3400 1119 3468 1169 ad
3501 1119 3721 1171 verbum

2149 1214 2252 1252 non
2301 1201 2542 1270 explicet,
2572 1206 2882 1258 sententiam
2933 1216 3124 1268 tamen,
3158 1218 3213 1260 ut
3263 1210 3340 1261 ita
3375 1210 3570 1280 dicam,
3606 1227 3720 1264 non

2147 1295 2522 1360 prwtercurrit.
2578 1295 2746 1348 Multa
2800 1315 2978 1364 porro,
3027 1300 3201 1369 pergit
3246 1298 3496 1366 Photius,
3549 1304 3718 1356 reteri

2150 1401 2310 1448 more,
2340 1401 2440 1439 non
2467 1388 2537 1454 lut
2564 1397 2741 1456 postea
2769 1389 2912 1456 fuere
2941 1392 3239 1444 accuratius
3261 1407 3501 1454 excussa,
3531 1410 3716 1462 perse-

2145 1477 2344 1546 quitur.
2379 1477 2691 1549 Quanquam
2716 1497 2894 1534 eorum
2916 1482 3059 1550 posci
3087 1483 3342 1536 rationem
3371 1500 3576 1553 aaquum
3603 1503 3715 1539 non

2143 1581 2239 1622 est.
2274 1568 2456 1639 Neque
2499 1574 2637 1624 enim
2671 1574 2754 1642 [as
2783 1577 2846 1626 ab
2875 1575 2960 1638 iis,
2992 1575 3081 1643 qui
3129 1574 3472 1642 fundamenta
3499 1577 3573 1630 rei
3601 1579 3712 1631 ali-

2143 1661 2292 1729 cujus
2325 1661 2708 1717 consideranda
2745 1667 3032 1734 posuerint,
3068 1668 3322 1720 rationem
3356 1679 3582 1737 repetere
3609 1687 3707 1723 eo-

2143 1767 2283 1818 rum,
2305 1770 2421 1823 qua:
2445 1757 2767 1823 prwteriere,
2797 1760 2887 1812 sed
2916 1759 3090 1828 favere
3126 1761 3299 1829 potius
3328 1763 3541 1816 conatui
3565 1763 3668 1832 ipsi
3684 1802 3705 1825 ,

486 1854 758 1925 ρισθέντος
811 1853 1106 1925 (mendose
1149 1869 1408 1907 excusum
1447 1869 1544 1922 pro
1587 1853 2035 1924 μαλακισθέντας)

2143 1846 2653 1918 quantulumcunque
2682 1851 2734 1902 in
2750 1866 2922 1903 rerum
2939 1852 3453 1920 contemplandarum
3468 1871 3709 1923 compre-

481 1946 574 1999 τοῦ
619 1944 874 2016 Ἐζεχίου,
905 1955 1191 2016 tegrotante
1237 1945 1482 2010 Ezechia,
1517 1956 1681 2017 atque.
1711 1946 1908 2001 Contra
1953 1949 2040 2018 fa-

483 2047 614 2091 tum.
645 2037 899 2092 Albertus
936 2036 1217 2092 Fabricius
1246 2047 1392 2090 tomo
1420 2037 1463 2090 II
1494 2035 1727 2108 Operum
1757 2038 1809 2092 S.
1845 2037 2044 2109 Hippo—

480 2129 572 2200 lyti
605 2129 707 2183 hoc
740 2128 925 2184 Graece
958 2144 1021 2184 ac
1061 2129 1250 2182 Latine
1284 2130 1507 2184 inseruit
1541 2147 1662 2201 pag.
1696 2131 1784 2191 8i,
1824 2140 1878 2185 et
1909 2130 2036 2185 Gal~

479 2221 694 2275 Iandius
742 2230 891 2276 tomo
939 2221 983 2274 II
1027 2221 1367 2275 Bibliotheca:
1402 2221 1544 2286 PP.,
1582 2239 1704 2292 pag.
1733 2223 1857 2278 489.
1894 2223 2037 2278 Idem

477 2330 704 2384 prorsus
729 2323 812 2368 est
838 2330 960 2369 cum
987 2329 1074 2380 eo,
1122 2315 1265 2383 quod
1293 2330 1323 2368 a
1353 2314 1517 2382 Glyca
1566 2315 1814 2370 refertur.
1844 2316 2040 2387 Agitur

479 2390 794 2459 autem‘hoc
821 2405 874 2458 in
905 2407 1297 2460 commentario
1330 2406 1396 2460 de
1441 2407 1766 2462 miraculosa
1798 2406 2038 2464 Ezechiae

478 2495 620 2564 regis
637 2495 936 2558 sanatione,
961 2505 1014 2550 et
1032 2496 1097 2550 de
1120 2497 1577 2566 retrogradatione
1591 2499 1720 2552 solis
1739 2499 1790 2552 in
1818 2500 2034 2552 horolo-

477 2585 567 2655 gio
600 2587 780 2640 Achaz
809 2587 974 2663 relata
1000 2588 1096 2641 abs
1132 2585 1268 2642 Isaia
1302 2589 1476 2656 capite
1511 2604 1736 2654 xxxvm,
1762 2605 1814 2642 ν.
1847 2589 1900 2643 5.
1936 2588 2037 2643 V'o-

478 2684 567 2731 cat
595 2676 784 2731 Isaiam
812 2680 1124 2748 prophetam
1156 2680 1426 2750 angelum,
1452 2681 1608 2735 docet
1644 2682 1786 2750 quod
1819 2697 1923 2736 non
1947 2698 2035 2736 so-

477 2771 587 2825 lum
626 2772 729 2836 sol,
781 2772 876 2826 sed
909 2773 1033 2825 luna
1067 2772 1229 2826 etiam
1273 2773 1664 2836 retrocesserit,
1719 2773 1773 2826 in
1819 2774 2030 2842 signum

476 2865 738 2934 proxima:
784 2865 926 2934 regis
975 2863 1308 2929 sanationis;
1363 2871 1524 2933 atque
1572 2863 1719 2933 quod
1763 2864 1878 2919 dies
1929 2865 2031 2920 ista

475 2955 637 3011 fuerit
671 2957 926 3009 horarum
961 2954 1046 3008 59...
1088 2936 1381 3022 Subjungit
1423 2953 1620 3018 adhuc,
1673 2958 1816 3022 quod
1857 2952 2033 3007 Maro-

473 3049 682 3102 dachus
710 3047 996 3101 Chaldaeus
1025 3045 1438 3116 Babyloniorum
1476 3061 1588 3108 rex,
1619 3045 1713 3114 qui
1749 3046 2033 3110 astrologi-

475 3157 593 3195 cam
641 3149 808 3193 artem
858 3139 1061 3208 optime
1106 3138 1335 3192 callebat
1383 3145 1763 3206 astrorumque
1807 3154 2027 3194 cursum
2057 3175 2099 3232 ο

473 3241 726 3287 accurate
766 3230 1166 3296 dimetiebatur,
1201 3230 1305 3285 hoc
1343 3229 1590 3299 prodigio
1637 3230 1870 3298 primum
1907 3245 2030 3300 per-

473 3323 676 3386 culsus,
695 3337 859 3376 causa
887 3323 1228 3391 postmodum
1259 3321 1790 3392 eoguita,epistolam
1816 3330 1871 3376 et
1890 3323 2030 3376 dona

473 3415 539 3468 ad
578 3413 861 3467 Ezechiam
895 3413 1122 3468 miserit.
1159 3413 1345 3468 Sancti
1378 3412 1647 3484 Hippolyti
1671 3429 1736 3467 ex
1781 3429 2030 3468 sermone

474 3502 528 3556 in
563 3503 842 3556 exordium
873 3502 1024 3556 Isaia:
1047 3502 1292 3571 quredam
1320 3501 1688 3557 Theodoretus
1709 3503 1870 3556 etiam
1902 3502 2029 3556 alle-

473 3602 564 3663 gat
590 3592 723 3662 (66).
763 3591 1058 3662 Scripsisse
1100 3591 1418 3663 Hippolytus
1452 3593 1506 3646 in
1544 3590 1828 3646 Jeremiam
1860 3609 1890 3647 a
1930 3609 2026 3647 ne-

473 3687 619 3739 mine
649 3691 911 3748 veterum,
937 3685 1079 3754 quod
1110 3686 1301 3752 sciam,
1325 3685 1574 3739 traditur.
1605 3683 1740 3740 Nam
1768 3701 1888 3754 qua:
1908 3687 2027 3754 ejus

470 3775 782 3831 referuntur
808 3777 860 3830 in
884 3777 1082 3831 Catena
1105 3776 1324 3831 Patrum
1347 3775 1658 3832 Grazcorutn
1689 3777 1755 3832 ad
1783 3776 2028 3832 Jeremia:

469 3885 591 3939 cap.
641 3885 776 3934 xv",
815 3869 900 3935 ll,
932 3869 1098 3939 petita
1132 3879 1260 3925 sunt
1288 3885 1356 3924 ex
1386 3869 1529 3924 libro
1562 3869 1640 3923 De
1673 3869 2023 3935 Antichristo,

467 3975 588 4029 cap.
623 3961 712 4015 55.

538 4050 807 4106 Eusebius
837 4050 1076 4119 loquitur
1094 4050 1162 4106 de
1183 4049 1572 4105 Commentario
1595 4053 1653 4106 S.
1676 4049 1942 4123 Hippolyti
1971 4052 2026 4105 in

469 4143 762 4198 Ezechielis
794 4143 904 4214 (67)
933 4143 1180 4213 quaedam
1211 4144 1408 4212 capita.
1442 4143 1708 4214 Georgius
1745 4143 2026 4214 Syncellus

469 4234 636 4289 refert
666 4234 909 4287 eamdem
944 4250 1080 4295 rem.
1114 4233 1207 4288 sed
1237 4233 1486 4287 dissimili
1519 4233 1912 4302 aliquantulum
1938 4249 2027 4288 ra-

471 4329 637 4382 tione.
672 4325 812 4380 Dicit
841 4326 987 4378 enim
1019 4323 1366 4395 Hippolytum
1397 4334 1818 4379 commentatum
1856 4324 2024 4381 fuisse

467 4422 524 4474 in
557 4419 722 4473 multa
752 4418 1134 4487 prophetarum
1178 4416 1319 4481 loca,
1355 4417 1449 4470 sed
1487 4416 1764 4487 sigillatim
1806 4415 1861 4470 in
1891 4415 2026 4472 Eze-

2142 1937 2383 1992 hensione
2409 1944 2772 2008 processerint.
2806 1943 2947 1997 Vitio
2973 1955 3149 2000 tamen
3178 1945 3352 2000 eidem
3383 1950 3703 2002 vertendum

2141 2036 2311 2095 putat,
2337 2031 2482 2099 quod
2520 2031 2680 2086 linem
2721 2035 2907 2089 mundi
2937 2037 3301 2091 determinare
3339 2053 3510 2093 ausus
3535 2037 3708 2094 fuerit

2139 2117 2242 2172 hoc
2285 2119 2338 2172 in
2369 2129 2622 2175 tractatu.
2654 2120 3004 2194 Persequitur
3033 2127 3176 2180 enim
3226 2125 3494 2182 Photius:
3542 2130 3705 2182 Anti-

2139 2210 2323 2264 christi
2350 2228 2466 2264 vero
2508 2212 2810 2278 adventum,
2855 2216 2939 2268 cui
2967 2216 3126 2269 etiam
3157 2217 3492 2285 aspectabilis
3535 2219 3702 2288 hujus

2138 2301 2320 2354 mundi
2347 2305 2726 2357 consummatio
2741 2305 3006 2376 jungitur,
3043 2325 3160 2361 cum
3188 2326 3250 2364 ne
3284 2310 3560 2379 discipulis
3578 2313 3702 2381 qui-

2135 2393 2252 2448 dem
2285 2399 2612 2465 rogantibus,
2645 2399 3055 2468 manifestaverit
3089 2400 3356 2471 Salvator,
3387 2405 3450 2457 ab
3493 2403 3702 2473 Hippo-

2135 2482 2243 2552 lyto
2275 2485 2460 2540 deinde
2489 2488 2557 2541 ad
2591 2491 2895 2558 quingentos
2920 2508 2952 2544 a
2982 2490 3189 2548 Christo
3215 2511 3378 2547 annos
3406 2495 3602 2548 adduci
3630 2513 3698 2548 ac

2135 2577 2516 2642 circumscribi,
2546 2582 2700 2649 quasi
2726 2599 2757 2634 a
2791 2583 2962 2650 prima
2989 2585 3172 2638 mundi
3207 2586 3573 2640 constitutione
3602 2604 3698 2641 sex

2134 2669 2367 2723 millibus
2395 2688 2653 2725 annorum
2683 2683 2794 2726 tum
2823 2677 3044 2742 exactis,
3071 2679 3183 2744 ejus
3211 2678 3491 2732 dissolutio
3525 2681 3696 2733 insta-

2134 2769 2231 2820 ret,
2265 2761 2360 2813 hoc
2394 2762 2668 2818 calidioris
2696 2765 2927 2834 quidem,
2958 2783 3115 2836 quam
3145 2769 3378 2832 decebat,
3405 2771 3572 2822 animi
3592 2780 3693 2834 est,

2133 2859 2286 2920 atque
2319 2855 2630 2906 asseveratio
2659 2855 2768 2908 huic
2797 2857 3079 2910 humanam
3122 2859 3473 2929 ignorantiam
3515 2861 3693 2929 potius

2131 2957 2288 3012 quam
2312 2943 2567 2998 caelestem
2593 2947 2991 3016 inspirationem
3020 2951 3213 3019 arguit.

2202 3032 2344 3088 Idem
2382 3034 2606 3092 Photius
2651 3047 2878 3093 testatur
2920 3041 3068 3106 alibi,
3113 3041 3258 3110 quod
3307 3049 3692 3102 commentarii

2133 3123 2455 3181 Theodoreti
2485 3127 2539 3181 in
2565 3127 2836 3184 Danielem
2866 3131 2992 3186 licet
3021 3135 3207 3189 multis
3225 3137 3546 3192 antecellant
3566 3139 3695 3209 qui-

2131 3215 2254 3270 dem
2291 3215 2561 3289 Hippolyti
2591 3221 3003 3290 expositionem,
3026 3232 3081 3278 et
3108 3224 3161 3277 in
3193 3225 3440 3294 pluribus
3463 3229 3689 3284 discon-

2133 3307 2371 3370 veniant,
2402 3308 2455 3361 in
2482 3309 2802 3378 quibusdam
2831 3321 3011 3380 tamen
3045 3315 3360 3384 conspirent
3383 3316 3519 3387 (72).
3548 3317 3691 3373 San-

2130 3408 2250 3454 ctus
2283 3397 2642 3471 Ilieronymus
2666 3403 2720 3456 in
2749 3402 3022 3460 Danielem
3051 3408 3312 3473 scribens,
3339 3409 3503 3464 refert
3526 3427 3692 3469 sensa

2131 3487 2188 3543 S.
2214 3488 2481 3562 Hippolyti
2510 3491 2578 3546 de
2605 3494 2942 3564 septuaginta
2973 3497 3402 3555 hebdomadibus
3427 3501 3688 3571 Danielis,

2128 3579 2224 3636 sed
2251 3597 2312 3635 ea
2345 3583 2618 3651 reprobat,
2650 3593 2833 3654 utpote
2873 3602 2997 3642 eum
3044 3591 3394 3662 ehronologia
3428 3603 3482 3648 et
3511 3594 3687 3651 histo-

2128 3675 2209 3745 ria
2252 3673 2538 3729 Persarum
2585 3691 2648 3730 ac
2694 3676 3131 3735 Macedoniorum
3179 3682 3682 3740 irreconciliabilia.

2128 3763 2206 3819 En
2238 3767 2383 3820 illius
2412 3767 2575 3822 verba
2611 3768 2724 3840 (75)
2751 3787 2766 3824 :
2792 3769 3106 3840 Hippolytus
3135 3773 3199 3826 de
3224 3777 3558 3844 septuaginta
3581 3777 3688 3830 eis-

2127 3857 2241 3910 dem
2269 3858 2680 3913 hebdomadibus
2714 3861 2958 3930 opinatus
2999 3872 3074 3916 est
3107 3865 3204 3918 ita.
3236 3863 3439 3935 Septem
3486 3867 3686 3922 hebdo-

2127 3953 2304 4005 mades
2335 3962 2454 4006 ante
2506 3953 2729 4007 reditum
2775 3956 2951 4024 populi
2999 3968 3270 4027 supputat,
3316 3971 3367 4013 et
3407 3965 3685 4032 sexaginta

2124 4043 2257 4096 duas
2301 4053 2415 4112 post
2458 4045 2708 4111 reditum,
2759 4061 2916 4115 usque
2955 4049 3024 4100 ad
3068 4051 3394 4104 nativitatem
3435 4050 3683 4110 Christi:

2123 4151 2344 4204 quorum
2377 4145 2608 4202 tempora
2639 4137 2848 4192 omnino
2869 4155 2972 4192 non
2992 4153 3303 4210 congruunt,
3327 4145 3586 4214 siquidem
3603 4162 3685 4200 rc-

2124 4229 2213 4298 gni
2237 4227 2520 4282 Persarum
2549 4230 2761 4284 ducenti
2787 4240 2836 4285 et
2875 4233 3090 4303 triginta
3123 4245 3475 4304 supputantur
3518 4245 3682 4306 anni,

2122 4328 2171 4370 et
2199 4317 2540 4372 Macedonum
2573 4323 2808 4387 trecenti,
2847 4331 2897 4376 et
2921 4335 3037 4393 post
3064 4325 3183 4380 illos
3209 4343 3366 4396 usque
3394 4330 3464 4382 ad
3487 4335 3685 4388 nativi-

2125 4418 2283 4464 tatem
2319 4411 2531 4465 Domini
2565 4414 2692 4467 anni
2725 4418 2976 4485 triginta;
3008 4417 3105 4470 hoc
3133 4428 3230 4484 est,
3264 4419 3328 4472 ab
3359 4421 3512 4476 initio
3549 4423 3682 4494 Cyri

463 4511 688 4567 chiele
728 4525 788 4564 ac
821 4508 1093 4562 Danielem
1125 4505 1257 4578 (68).
1306 4506 1500 4560 Mirum
1551 4506 1697 4576 quod
1733 4507 1785 4560 in
1819 4506 2020 4561 Catena
2052 4509 2096 4563 D
2125 4505 2259 4573 regis
2289 4503 2572 4558 Persarum
2607 4523 2768 4577 usque
2802 4509 2869 4560 ad
2907 4509 3184 4563 adventum
3227 4511 3521 4570 Saluatoris
3551 4520 3680 4573 anni

465 4601 774 4656 Graecorum
809 4599 1029 4655 Patrum
1080 4601 1133 4654 in
1163 4599 1520 4664 Ezechielem,
1547 4615 1612 4654 ex
1638 4614 1743 4668 qua
1771 4608 2020 4667 excerpta

464 4694 612 4747 dedit
639 4692 1034 4762 Villalpandus,
1057 4693 1200 4746 nulla
1227 4691 1498 4762 Hippolyti
1525 4701 1776 4745 occurrat
1794 4691 2016 4746 mentio.

467 4784 571 4838 Sed
599 4785 768 4855 magis
806 4785 982 4840 adhuc
1015 4785 1342 4850 mirandum,
1374 4784 1518 4854 quod
1551 4783 1652 4836 viri
1685 4783 1903 4847 eruditi,
1927 4784 2020 4852 qui

463 4885 678 4930 exstare
711 4877 897 4931 dicunt
930 4879 983 4931 in
1014 4877 1341 4932 bibliotheca
1365 4875 1657 4931 Bodleiana
1684 4876 1858 4932 sancti
1886 4875 2018 4946 Hip-

557 5029 645 5099 6‘2)
677 5028 988 5099 Hieronym.
1018 5029 1071 5082 in
1103 5028 1345 5099 Catalog.
1379 5042 1497 5098 cap.
1529 5027 1618 5082 6I.

556 5096 643 5162 65)
675 5096 984 5168 Νἱερριιὶ)ι“.,
1019 5099 1086 5152 Η.
1119 5096 1183 5152 Ε.
1209 5096 1309 5154 lib.
1334 5115 1406 5163 Iv,
1439 5096 1490 5154 e.
1524 5099 1613 5152 3i.

555 5170 642 5240 64)
677 5170 914 5240 Fabric.,
950 5179 1080 5223 tom.
1111 5168 1130 5221 ι
1159 5169 1292 5238 Opp.
1321 5168 1558 5238 Hippol.,
1591 5183 1712 5239 pag.
1747 5168 1872 5223 27L

534 5239 642 5310 (65)
673 5239 776 5310 Isa.
811 5255 1037 5295 xxxvm.

535 5308 645 5379 (66)
697 5309 1088 5374 Theodoretus,
1120 5308 1249 5380 dial.
1278 5308 1328 5374 I,
1357 5324 1480 5380 pag.
1507 5309 1593 5371 56,
1617 5308 1670 5361 in
1694 5309 1962 5380 ἀτρέπτῳ.

535 5377 646 5451 (6Ἱ)
682 5381 774 5444 Εἰς
809 5381 968 5452 μέρη,
991 5377 1404 5452 τοῦμ-Ίεζξκιμήλ,
1435 5377 1510 5433 ’ίιι
1552 5377 2012 5452 οερὶῑξέὶιυέβάωη

464 5448 779 5519 Ezechielis.
811 5448 1034 5515 Euseh.,
1085 5449 1156 5502 Η.
1206 5450 1273 5503 Ε.
1311 5448 1403 5503 lib.
1437 5465 1512 5514 γι,
1543 5448 1662 5519 cap.
1693 5448 1782 5504 26.
1832 5448 1922 5503 Sic
1961 5457 2016 5502 et

461 5518 796 5588 Nieephorus
835 5520 904 5573 Η.
936 5519 1000 5573 Ε.
1031 5521 1122 5574 lib.
1155 5535 1226 5584 Iv,
1257 5535 1375 5588 cap.
1405 5520 1493 5574 51.

531 5591 642 5662 (os;
677 5592 768 5654 Et;
808 5590 976 5662 πολλὰ
1003 5607 1063 5662 es
1094 5592 1200 5643 τῶν
1231 5589 1542 5662 προφητῶν,
1580 5589 1809 5662 μάλιστα
1853 5589 2013 5653 Ἰεζε-

460 5660 606 5732 κιὴλ,
640 5661 734 5714 καὶ
763 5661 956 5733 Δανιὴλ
985 5661 1092 5714 τῶν
1127 5660 1407 5733 μεγάλων,
1431 5681 1467 5733 «λ
1495 5663 1549 5714 in
1579 5660 1748 5733 multa
1784 5663 2013 5733 prophe-

460 5728 636 5785 tarum
661 5728 959 5801 majorum,
1001 5728 1298 5786 Ezechielis
1331 5731 1565 5790 maxime
1605 5743 1659 5789 et
1695 5728 1952 5788 Dauiehs.
1985 5747 2004 5780 ι

463 5800 718 5874 Syncell.,
749 5800 872 5873 pag.
899 5802 1004 5858 358
1032 5801 1402 5874 Chronograph

2125 4597 2390 4664 quingenti
2431 4597 2726 4666 sexaginta.
2780 4596 3136 4654 Nouissimam
3168 4619 3365 4673 quoque
3395 4606 3680 4660 hebdoma-

2122 4689 2237 4741 dem
2271 4688 2417 4756 ponit
2442 4690 2494 4740 in
2519 4691 2962 4744 consummatione
2985 4693 3191 4758 mundi,
3215 4710 3370 4764 quam
3395 4696 3584 4752 dividit
3623 4701 3680 4754 in

2123 4779 2258 4834 Elite
2285 4789 2522 4848 tempora
2547 4789 2596 4833 et
2621 4780 2955 4848 Antichristi,
2984 4792 3039 4836 ut
3065 4784 3232 4838 tribus
3255 4795 3303 4839 et
3327 4789 3483 4842 semis
3520 4795 3676 4845 annis

2119 4871 2318 4926 ultima:
2341 4870 2675 4925 hebdomadis
2693 4871 2787 4924 Dei
2811 4874 2999 4926 notitia
3025 4877 3377 4944 confirmetur,
3395 4879 3457 4932 de
3471 4896 3575 4948 qua
3601 4883 3682 4937 di-

2190 5025 2547 5106 (glllFa‘hric.
2574 5025 2708 5096 Opp.
2833 5025 3100 5106 Hippolyt‘.
3144 5038 3274 5084 tom.
3308 5031 3350 5100 I,
3378 5049 3501 5105 pag.
3531 5035 3675 5106 2H;

2117 5109 2167 5153 et
2198 5094 2544 5167 Bibl._Cra:c.
2579 5094 2808 5167 tolh._V,
2841 5094 2961 5167 pag.
2993 5094 3118 5154 2⁷10.

2187 5167 2297 5236 (70)
2329 5165 2664 5239 Hieronym._,
2694 5164 2935 5238 Catalog'.
2969 5183 3088 5239 cap.
3117 5172 3203 5227 6i.

2187 5239 2296 5307 (Ἠ)
2339 5236 2514 5307 Phot.,
2551 5236 2828 5307 cod._ccu.

2186 5303 2296 5385 (7g)
2336 5333 2360 5385 ι.
2389 5306 2558 5385 Lecta
2579 5315 2662 5359 est
2684 5303 3005 5385 Theodoreti
3031 5311 3272 5385 episcopi
3303 5312 3428 5385 Cyri
3455 5317 3676 5385 exposi-

2115 5375 2204 5432 tio‘
2229 5375 2488 5458 Danielis.
2540 5375 2724 5458 Longe.
2767 5377 2960 5458 doetus
2993 5375 3082 5436 hic
3108 5383 3188 5435 vir
3213 5375 3673 5458 _h_oni'Hippolyto

2116 5453 2298 5515 modo,
2329 5463 2515 5525 verum
2558 5456 2611 5499 et
2635 5447 2759 5525 aliis
2783 5450 2988 5525 multis
3021 5453 3290 5525 antecellit
3320 5447 3672 5525 prophetico-

2115 5518 2905 5597 _rum__ver_borumelocutione
2931 5529 2986 5597 et
3015 5518 3459 5597 explanatio-nm;
3505 5527 3672 5597 igitur

2114 5591 2168 5642 i-n
2198 5588 2470 5658 aliquibus
2499 5587 2716 5658 quidem
2748 5590 2835 5642 ille
2881 5590 2934 5642 in
2968 5592 3068 5646 hac
3086 5587 3265 5646 'divini
3295 5587 3668 5651 Danielisvex-

2113 5656 2383 5733 positione
2433 5656 2557 5733 cum
2618 5656 2905 5733 Hippolyto
2957 5672 3195 5733 martyre
3249 5667 3522 5730 convenit,
3573 5669 3667 5723 sed

2113 5729 2289 5799 plura,
2317 5730 2373 5799 in
2405 5729 2604 5798 quibus
2628 5729 2900 5784 dissentit.
2935 5750 2954 5782 ι
2987 5729 3235 5799 Ριιοὶίυε,
3266 5735 3388 5790 cod.
3415 5729 3566 5792 CCIII.

2185 5798 2298 5868 (73)
2329 5796 2638 5870 Hieronym.
2667 5800 2721 5854 in
2749 5815 2867 5871 cap.
2902 5817 2958 5857 ιι
2992 5796 3245 5860 θαιιίειὶέ.
