  <div class='ocr_page' id='page_1' title='image "/cluster/home/n/w/nwhite01/storage/ocr_20150623/10/hvd.32044073501348/168.png"; bbox 0 0 3986 6358; ppageno 0'>
   <div class='ocr_carea' id='block_1_1' title="bbox 228 356 338 413">
    <p class='ocr_par' dir='ltr' id='par_1_1' title="bbox 228 356 338 413">
     <span class='ocr_line' id='line_1_1' title="bbox 228 356 338 413; baseline -0.009 0"><span class='ocrx_word' id='word_1_1' title='bbox 228 356 338 413; x_wconf 78' lang='lat'><strong>325</strong></span> 
     </span>
    </p>
   </div>
   <div class='ocr_carea' id='block_1_2' title="bbox 1209 355 2496 416">
    <p class='ocr_par' dir='ltr' id='par_1_2' title="bbox 1209 355 2496 416">
     <span class='ocr_line' id='line_1_2' title="bbox 1209 355 2496 416; baseline 0.003 -4"><span class='ocrx_word' id='word_1_2' title='bbox 1209 356 1296 412; x_wconf 85' lang='lat' dir='ltr'><strong>DE</strong></span> <span class='ocrx_word' id='word_1_3' title='bbox 1334 355 1497 414; x_wconf 72' lang='lat' dir='ltr'><strong>VITA</strong></span> <span class='ocrx_word' id='word_1_4' title='bbox 1536 357 1624 414; x_wconf 85' lang='lat' dir='ltr'><strong>ET</strong></span> <span class='ocrx_word' id='word_1_5' title='bbox 1667 357 1974 413; x_wconf 79' lang='lat' dir='ltr'><strong>SCRIPTIS</strong></span> <span class='ocrx_word' id='word_1_6' title='bbox 2014 360 2069 415; x_wconf 93' lang='lat' dir='ltr'><strong>S.</strong></span> <span class='ocrx_word' id='word_1_7' title='bbox 2116 359 2496 416; x_wconf 75' lang='lat' dir='ltr'><strong>HIPPOLYTI.</strong></span> 
     </span>
    </p>
   </div>
   <div class='ocr_carea' id='block_1_3' title="bbox 3355 367 3458 424">
    <p class='ocr_par' dir='ltr' id='par_1_3' title="bbox 3355 367 3458 424">
     <span class='ocr_line' id='line_1_3' title="bbox 3355 367 3458 424; baseline 0.019 -2"><span class='ocrx_word' id='word_1_8' title='bbox 3355 367 3458 424; x_wconf 71' lang='lat'><strong>526</strong></span> 
     </span>
    </p>
   </div>
   <div class='ocr_carea' id='block_1_4' title="bbox 221 472 3456 551">
    <p class='ocr_par' dir='ltr' id='par_1_4' title="bbox 221 472 3456 551">
     <span class='ocr_line' id='line_1_4' title="bbox 221 472 3456 551; baseline 0.004 -25"><span class='ocrx_word' id='word_1_9' title='bbox 221 483 364 527; x_wconf 82' lang='lat' dir='ltr'><strong>etum</strong></span> <span class='ocrx_word' id='word_1_10' title='bbox 394 482 473 526; x_wconf 80' lang='lat' dir='ltr'><strong>est</strong></span> <span class='ocrx_word' id='word_1_11' title='bbox 503 472 670 542; x_wconf 84' lang='lat' dir='ltr'><strong>(Dan.</strong></span> <span class='ocrx_word' id='word_1_12' title='bbox 708 489 786 538; x_wconf 77' lang='lat' dir='ltr'><strong>lx,</strong></span> <span class='ocrx_word' id='word_1_13' title='bbox 822 472 913 543; x_wconf 82' lang='lat'><strong>27)</strong></span> <span class='ocrx_word' id='word_1_14' title='bbox 957 492 969 528; x_wconf 92' lang='lat'><strong>:</strong></span> <span class='ocrx_word' id='word_1_15' title='bbox 1024 475 1384 530; x_wconf 82' lang='lat' dir='ltr'><strong>Confirmabit</strong></span> <span class='ocrx_word' id='word_1_16' title='bbox 1414 488 1629 546; x_wconf 91' lang='lat' dir='ltr'><strong>pactum</strong></span> <span class='ocrx_word' id='word_1_17' title='bbox 1659 479 1800 532; x_wconf 81' lang='lat' dir='ltr'><strong>mul-</strong></span> <span class='ocrx_word' id='word_1_18' title='bbox 1827 492 1869 547; x_wconf 75' lang='grc' dir='ltr'>Α</span> <span class='ocrx_word' id='word_1_19' title='bbox 1901 473 2184 549; x_wconf 76' lang='lat' dir='ltr'><strong>cujusdam</strong></span> <span class='ocrx_word' id='word_1_20' title='bbox 2217 480 2478 546; x_wconf 76' lang='lat' dir='ltr'><strong>auctoris,</strong></span> <span class='ocrx_word' id='word_1_21' title='bbox 2509 480 2602 550; x_wconf 90' lang='lat' dir='ltr'><strong>qui</strong></span> <span class='ocrx_word' id='word_1_22' title='bbox 2631 479 2698 534; x_wconf 85' lang='lat' dir='ltr'><strong>de</strong></span> <span class='ocrx_word' id='word_1_23' title='bbox 2728 488 2968 550; x_wconf 89' lang='lat' dir='ltr'><strong>tempore</strong></span> <span class='ocrx_word' id='word_1_24' title='bbox 2997 481 3324 551; x_wconf 75' lang='lat' dir='ltr'><strong>captivitatis</strong></span> <span class='ocrx_word' id='word_1_25' title='bbox 3350 485 3456 540; x_wconf 87' lang='lat' dir='ltr'><strong>Ba-</strong></span> 
     </span>
    </p>
   </div>
   <div class='ocr_carea' id='block_1_5' title="bbox 219 565 1792 631">
    <p class='ocr_par' dir='ltr' id='par_1_5' title="bbox 219 565 1792 631">
     <span class='ocr_line' id='line_1_5' title="bbox 219 565 1792 631; baseline 0.003 -13"><span class='ocrx_word' id='word_1_26' title='bbox 219 567 290 618; x_wconf 85' lang='lat' dir='ltr'><strong>tis</strong></span> <span class='ocrx_word' id='word_1_27' title='bbox 317 565 661 620; x_wconf 72' lang='lat' dir='ltr'><strong>hebdomade</strong></span> <span class='ocrx_word' id='word_1_28' title='bbox 685 582 792 620; x_wconf 88' lang='lat' dir='ltr'><strong>nua</strong></span> <span class='ocrx_word' id='word_1_29' title='bbox 813 584 828 631; x_wconf 90' lang='lat'>;</span> <span class='ocrx_word' id='word_1_30' title='bbox 852 577 901 620; x_wconf 91' lang='lat' dir='ltr'><strong>et</strong></span> <span class='ocrx_word' id='word_1_31' title='bbox 923 567 1089 620; x_wconf 84' lang='lat' dir='ltr'><strong>tribus</strong></span> <span class='ocrx_word' id='word_1_32' title='bbox 1106 567 1228 622; x_wconf 88' lang='lat' dir='ltr'><strong>aliis</strong></span> <span class='ocrx_word' id='word_1_33' title='bbox 1241 570 1392 622; x_wconf 87' lang='lat' dir='ltr'><strong>annis</strong></span> <span class='ocrx_word' id='word_1_34' title='bbox 1409 569 1503 623; x_wconf 89' lang='lat' dir='ltr'><strong>sub</strong></span> <span class='ocrx_word' id='word_1_35' title='bbox 1521 571 1792 624; x_wconf 79' lang='lat' dir='ltr'><strong>Antichri-</strong></span> 
     </span>
    </p>
   </div>
   <div class='ocr_carea' id='block_1_6' title="bbox 222 652 1794 724">
    <p class='ocr_par' dir='ltr' id='par_1_6' title="bbox 222 652 1794 724">
     <span class='ocr_line' id='line_1_6' title="bbox 222 652 1794 724; baseline 0.006 -19"><span class='ocrx_word' id='word_1_36' title='bbox 222 663 301 705; x_wconf 82' lang='lat' dir='ltr'><strong>sto</strong></span> <span class='ocrx_word' id='word_1_37' title='bbox 334 652 558 720; x_wconf 75' lang='lat' dir='ltr'><strong>deﬁciat</strong></span> <span class='ocrx_word' id='word_1_38' title='bbox 585 653 761 707; x_wconf 80' lang='lat' dir='ltr'><strong>hostia</strong></span> <span class='ocrx_word' id='word_1_39' title='bbox 789 664 839 707; x_wconf 86' lang='lat' dir='ltr'><strong>et</strong></span> <span class='ocrx_word' id='word_1_40' title='bbox 883 656 1239 724; x_wconf 78' lang='lat' dir='ltr'><strong>sacri/icium;</strong></span> <span class='ocrx_word' id='word_1_41' title='bbox 1286 659 1586 713; x_wconf 81' lang='lat' dir='ltr'><strong>adveniente</strong></span> <span class='ocrx_word' id='word_1_42' title='bbox 1617 671 1794 714; x_wconf 87' lang='lat' dir='ltr'><strong>autem</strong></span> 
     </span>
    </p>
   </div>
   <div class='ocr_carea' id='block_1_7' title="bbox 222 741 1796 823">
    <p class='ocr_par' dir='ltr' id='par_1_7' title="bbox 222 741 1796 823">
     <span class='ocr_line' id='line_1_7' title="bbox 222 741 1796 823; baseline 0.006 -27"><span class='ocrx_word' id='word_1_43' title='bbox 222 741 436 796; x_wconf 76' lang='lat' dir='ltr'><strong>Christo</strong></span> <span class='ocrx_word' id='word_1_44' title='bbox 448 754 498 796; x_wconf 87' lang='lat' dir='ltr'><strong>et</strong></span> <span class='ocrx_word' id='word_1_45' title='bbox 522 745 762 814; x_wconf 84' lang='lat' dir='ltr'><strong>iniquum</strong></span> <span class='ocrx_word' id='word_1_46' title='bbox 788 746 976 813; x_wconf 77' lang='lat' dir='ltr'><strong>spiritu</strong></span> <span class='ocrx_word' id='word_1_47' title='bbox 1006 749 1111 800; x_wconf 88' lang='lat' dir='ltr'><strong>oris</strong></span> <span class='ocrx_word' id='word_1_48' title='bbox 1136 750 1220 802; x_wconf 82' lang='lat' dir='ltr'><strong>sui</strong></span> <span class='ocrx_word' id='word_1_49' title='bbox 1248 751 1610 820; x_wconf 82' lang='lat' dir='ltr'><strong>interﬁciente,</strong></span> <span class='ocrx_word' id='word_1_50' title='bbox 1636 769 1796 823; x_wconf 82' lang='lat' dir='ltr'><strong>usque</strong></span> 
     </span>
    </p>
   </div>
   <div class='ocr_carea' id='block_1_8' title="bbox 219 836 1795 910">
    <p class='ocr_par' dir='ltr' id='par_1_8' title="bbox 219 836 1795 910">
     <span class='ocr_line' id='line_1_8' title="bbox 219 836 1795 910; baseline 0.013 -26"><span class='ocrx_word' id='word_1_51' title='bbox 219 836 286 885; x_wconf 78' lang='lat' dir='ltr'><strong>ad</strong></span> <span class='ocrx_word' id='word_1_52' title='bbox 323 839 836 890; x_wconf 80' lang='lat' dir='ltr'><strong>consummationem</strong></span> <span class='ocrx_word' id='word_1_53' title='bbox 869 849 917 891; x_wconf 89' lang='lat' dir='ltr'><strong>et</strong></span> <span class='ocrx_word' id='word_1_54' title='bbox 939 839 1094 908; x_wconf 86' lang='lat' dir='ltr'><strong>ﬁnem</strong></span> <span class='ocrx_word' id='word_1_55' title='bbox 1115 854 1399 910; x_wconf 80' lang='lat' dir='ltr'><strong>perseveret</strong></span> <span class='ocrx_word' id='word_1_56' title='bbox 1421 846 1698 903; x_wconf 79' lang='lat' dir='ltr'><strong>desolatio.</strong></span> <span class='ocrx_word' id='word_1_57' title='bbox 1729 848 1795 904; x_wconf 85' lang='lat' dir='ltr'><strong>Et</strong></span> 
     </span>
    </p>
   </div>
   <div class='ocr_carea' id='block_1_9' title="bbox 219 927 1793 1009">
    <p class='ocr_par' dir='ltr' id='par_1_9' title="bbox 219 927 1793 1009">
     <span class='ocr_line' id='line_1_9' title="bbox 219 927 1793 1009; baseline 0.011 -33"><span class='ocrx_word' id='word_1_58' title='bbox 219 940 407 978; x_wconf 83' lang='lat' dir='ltr'><strong>revera</strong></span> <span class='ocrx_word' id='word_1_59' title='bbox 430 927 650 980; x_wconf 82' lang='lat' dir='ltr'><strong>videtur</strong></span> <span class='ocrx_word' id='word_1_60' title='bbox 664 927 721 981; x_wconf 91' lang='lat' dir='ltr'><strong>S.</strong></span> <span class='ocrx_word' id='word_1_61' title='bbox 743 927 1062 1001; x_wconf 87' lang='lat' dir='ltr'><strong>Hippolytus</strong></span> <span class='ocrx_word' id='word_1_62' title='bbox 1093 944 1372 990; x_wconf 89' lang='lat' dir='ltr'><strong>coarctare</strong></span> <span class='ocrx_word' id='word_1_63' title='bbox 1396 944 1627 1006; x_wconf 86' lang='lat' dir='ltr'><strong>tempus,</strong></span> <span class='ocrx_word' id='word_1_64' title='bbox 1647 941 1793 1009; x_wconf 90' lang='lat' dir='ltr'><strong>quod</strong></span> 
     </span>
    </p>
   </div>
   <div class='ocr_carea' id='block_1_10' title="bbox 216 1017 1794 1101">
    <p class='ocr_par' dir='ltr' id='par_1_10' title="bbox 216 1017 1794 1101">
     <span class='ocr_line' id='line_1_10' title="bbox 216 1017 1794 1101; baseline 0.013 -34"><span class='ocrx_word' id='word_1_65' title='bbox 216 1029 246 1068; x_wconf 84' lang='lat' dir='ltr'><strong>a</strong></span> <span class='ocrx_word' id='word_1_66' title='bbox 274 1017 456 1084; x_wconf 90' lang='lat' dir='ltr'><strong>primo</strong></span> <span class='ocrx_word' id='word_1_67' title='bbox 491 1033 641 1073; x_wconf 89' lang='lat' dir='ltr'><strong>anno</strong></span> <span class='ocrx_word' id='word_1_68' title='bbox 669 1019 885 1091; x_wconf 87' lang='lat' dir='ltr'><strong>Cyri,et</strong></span> <span class='ocrx_word' id='word_1_69' title='bbox 911 1039 941 1076; x_wconf 90' lang='lat' dir='ltr'><strong>a</strong></span> <span class='ocrx_word' id='word_1_70' title='bbox 968 1024 1142 1079; x_wconf 91' lang='lat' dir='ltr'><strong>reditu</strong></span> <span class='ocrx_word' id='word_1_71' title='bbox 1175 1041 1243 1080; x_wconf 75' lang='lat' dir='ltr'><strong>ex</strong></span> <span class='ocrx_word' id='word_1_72' title='bbox 1271 1029 1580 1097; x_wconf 84' lang='lat' dir='ltr'><strong>captivitate</strong></span> <span class='ocrx_word' id='word_1_73' title='bbox 1620 1047 1794 1101; x_wconf 84' lang='lat' dir='ltr'><strong>usque</strong></span> 
     </span>
    </p>
   </div>
   <div class='ocr_carea' id='block_1_11' title="bbox 215 1106 1793 1192">
    <p class='ocr_par' dir='ltr' id='par_1_11' title="bbox 215 1106 1793 1192">
     <span class='ocr_line' id='line_1_11' title="bbox 215 1106 1793 1192; baseline 0.013 -34"><span class='ocrx_word' id='word_1_74' title='bbox 215 1108 278 1160; x_wconf 88' lang='lat' dir='ltr'><strong>ad</strong></span> <span class='ocrx_word' id='word_1_75' title='bbox 317 1106 678 1165; x_wconf 79' lang='lat' dir='ltr'><strong>Nativitatem</strong></span> <span class='ocrx_word' id='word_1_76' title='bbox 725 1115 992 1184; x_wconf 86' lang='lat' dir='ltr'><strong>dilapsum</strong></span> <span class='ocrx_word' id='word_1_77' title='bbox 1043 1126 1144 1182; x_wconf 90' lang='lat' dir='ltr'><strong>est,</strong></span> <span class='ocrx_word' id='word_1_78' title='bbox 1180 1130 1233 1173; x_wconf 91' lang='lat' dir='ltr'><strong>et</strong></span> <span class='ocrx_word' id='word_1_79' title='bbox 1290 1120 1447 1174; x_wconf 82' lang='lat' dir='ltr'><strong>finem</strong></span> <span class='ocrx_word' id='word_1_80' title='bbox 1498 1122 1793 1192; x_wconf 61' lang='lat' dir='ltr'><strong>prophetia:</strong></span> 
     </span>
    </p>
   </div>
   <div class='ocr_carea' id='block_1_12' title="bbox 213 1201 1792 1282">
    <p class='ocr_par' dir='ltr' id='par_1_12' title="bbox 213 1201 1792 1282">
     <span class='ocr_line' id='line_1_12' title="bbox 213 1201 1792 1282; baseline 0.011 -32"><span class='ocrx_word' id='word_1_81' title='bbox 213 1213 242 1250; x_wconf 83' lang='lat' dir='ltr'><strong>a</strong></span> <span class='ocrx_word' id='word_1_82' title='bbox 274 1201 500 1254; x_wconf 86' lang='lat' dir='ltr'><strong>residua</strong></span> <span class='ocrx_word' id='word_1_83' title='bbox 548 1205 898 1272; x_wconf 57' lang='lat' dir='ltr'><strong>praedictione</strong></span> <span class='ocrx_word' id='word_1_84' title='bbox 946 1209 1108 1264; x_wconf 90' lang='lat' dir='ltr'><strong>nimis</strong></span> <span class='ocrx_word' id='word_1_85' title='bbox 1143 1211 1448 1282; x_wconf 87' lang='lat' dir='ltr'><strong>sejungere.</strong></span> <span class='ocrx_word' id='word_1_86' title='bbox 1499 1212 1792 1270; x_wconf 83' lang='lat' dir='ltr'><strong>Exorditur</strong></span> 
     </span>
    </p>
   </div>
   <div class='ocr_carea' id='block_1_13' title="bbox 214 1291 1791 1371">
    <p class='ocr_par' dir='ltr' id='par_1_13' title="bbox 214 1291 1791 1371">
     <span class='ocr_line' id='line_1_13' title="bbox 214 1291 1791 1371; baseline 0.011 -30"><span class='ocrx_word' id='word_1_87' title='bbox 214 1291 354 1342; x_wconf 87' lang='lat' dir='ltr'><strong>enim</strong></span> <span class='ocrx_word' id='word_1_88' title='bbox 401 1295 854 1362; x_wconf 87' lang='lat' dir='ltr'><strong>supputationem</strong></span> <span class='ocrx_word' id='word_1_89' title='bbox 903 1315 1058 1354; x_wconf 91' lang='lat' dir='ltr'><strong>suam</strong></span> <span class='ocrx_word' id='word_1_90' title='bbox 1103 1302 1444 1371; x_wconf 78' lang='lat' dir='ltr'><strong>septuaginta</strong></span> <span class='ocrx_word' id='word_1_91' title='bbox 1495 1303 1791 1358; x_wconf 87' lang='lat' dir='ltr'><strong>hebdoma-</strong></span> 
     </span>
    </p>
   </div>
   <div class='ocr_carea' id='block_1_14' title="bbox 213 1382 1787 1464">
    <p class='ocr_par' dir='ltr' id='par_1_14' title="bbox 213 1382 1787 1464">
     <span class='ocr_line' id='line_1_14' title="bbox 213 1382 1787 1464; baseline 0.011 -31"><span class='ocrx_word' id='word_1_92' title='bbox 213 1382 337 1434; x_wconf 87' lang='lat' dir='ltr'><strong>dum</strong></span> <span class='ocrx_word' id='word_1_93' title='bbox 386 1397 420 1436; x_wconf 86' lang='lat' dir='ltr'><strong>a</strong></span> <span class='ocrx_word' id='word_1_94' title='bbox 457 1385 920 1457; x_wconf 86' lang='lat' dir='ltr'><strong>quinquagesimo</strong></span> <span class='ocrx_word' id='word_1_95' title='bbox 952 1405 1096 1446; x_wconf 92' lang='lat' dir='ltr'><strong>anno</strong></span> <span class='ocrx_word' id='word_1_96' title='bbox 1141 1401 1266 1446; x_wconf 88' lang='lat' dir='ltr'><strong>ante</strong></span> <span class='ocrx_word' id='word_1_97' title='bbox 1299 1394 1460 1447; x_wconf 86' lang='lat' dir='ltr'><strong>linem</strong></span> <span class='ocrx_word' id='word_1_98' title='bbox 1503 1396 1787 1464; x_wconf 86' lang='lat' dir='ltr'><strong>captivita-</strong></span> 
     </span>
    </p>
   </div>
   <div class='ocr_carea' id='block_1_15' title="bbox 216 1475 1787 1554">
    <p class='ocr_par' dir='ltr' id='par_1_15' title="bbox 216 1475 1787 1554">
     <span class='ocr_line' id='line_1_15' title="bbox 216 1475 1787 1554; baseline 0.009 -28"><span class='ocrx_word' id='word_1_99' title='bbox 216 1475 309 1539; x_wconf 90' lang='lat' dir='ltr'><strong>tis;</strong></span> <span class='ocrx_word' id='word_1_100' title='bbox 342 1482 405 1528; x_wconf 88' lang='lat' dir='ltr'><strong>et</strong></span> <span class='ocrx_word' id='word_1_101' title='bbox 438 1491 510 1529; x_wconf 79' lang='lat' dir='ltr'><strong>ex</strong></span> <span class='ocrx_word' id='word_1_102' title='bbox 544 1477 611 1531; x_wconf 92' lang='lat' dir='ltr'><strong>iis</strong></span> <span class='ocrx_word' id='word_1_103' title='bbox 634 1489 914 1549; x_wconf 88' lang='lat' dir='ltr'><strong>computat</strong></span> <span class='ocrx_word' id='word_1_104' title='bbox 941 1485 1217 1552; x_wconf 76' lang='lat' dir='ltr'><strong>sexaginta</strong></span> <span class='ocrx_word' id='word_1_105' title='bbox 1241 1484 1377 1538; x_wconf 89' lang='lat' dir='ltr'><strong>duas</strong></span> <span class='ocrx_word' id='word_1_106' title='bbox 1408 1494 1532 1554; x_wconf 89' lang='lat' dir='ltr'><strong>post</strong></span> <span class='ocrx_word' id='word_1_107' title='bbox 1555 1487 1787 1540; x_wconf 86' lang='lat' dir='ltr'><strong>reditum</strong></span> 
     </span>
    </p>
   </div>
   <div class='ocr_carea' id='block_1_16' title="bbox 213 1563 1784 1644">
    <p class='ocr_par' dir='ltr' id='par_1_16' title="bbox 213 1563 1784 1644">
     <span class='ocr_line' id='line_1_16' title="bbox 213 1563 1784 1644; baseline 0.01 -28"><span class='ocrx_word' id='word_1_108' title='bbox 213 1563 535 1621; x_wconf 61' lang='lat' dir='ltr'><strong>Iudaeorum</strong></span> <span class='ocrx_word' id='word_1_109' title='bbox 569 1569 624 1623; x_wconf 92' lang='lat' dir='ltr'><strong>in</strong></span> <span class='ocrx_word' id='word_1_110' title='bbox 675 1571 905 1640; x_wconf 90' lang='lat' dir='ltr'><strong>patriam</strong></span> <span class='ocrx_word' id='word_1_111' title='bbox 939 1588 1114 1640; x_wconf 88' lang='lat' dir='ltr'><strong>suam,</strong></span> <span class='ocrx_word' id='word_1_112' title='bbox 1150 1591 1322 1644; x_wconf 91' lang='lat' dir='ltr'><strong>usque</strong></span> <span class='ocrx_word' id='word_1_113' title='bbox 1351 1577 1418 1629; x_wconf 88' lang='lat' dir='ltr'><strong>ad</strong></span> <span class='ocrx_word' id='word_1_114' title='bbox 1457 1577 1784 1632; x_wconf 73' lang='lat' dir='ltr'><strong>nativitatem</strong></span> 
     </span>
    </p>
   </div>
   <div class='ocr_carea' id='block_1_17' title="bbox 209 1653 1786 1736">
    <p class='ocr_par' dir='ltr' id='par_1_17' title="bbox 209 1653 1786 1736">
     <span class='ocr_line' id='line_1_17' title="bbox 209 1653 1786 1736; baseline 0.009 -28"><span class='ocrx_word' id='word_1_115' title='bbox 209 1653 332 1709; x_wconf 80' lang='lat' dir='ltr'><strong>Jesu</strong></span> <span class='ocrx_word' id='word_1_116' title='bbox 370 1657 610 1723; x_wconf 85' lang='lat' dir='ltr'><strong>Christi,</strong></span> <span class='ocrx_word' id='word_1_117' title='bbox 651 1671 814 1731; x_wconf 89' lang='lat' dir='ltr'><strong>atque</strong></span> <span class='ocrx_word' id='word_1_118' title='bbox 842 1663 1240 1718; x_wconf 83' lang='lat' dir='ltr'><strong>absolutionem</strong></span> <span class='ocrx_word' id='word_1_119' title='bbox 1288 1681 1384 1721; x_wconf 90' lang='lat' dir='ltr'><strong>seu</strong></span> <span class='ocrx_word' id='word_1_120' title='bbox 1425 1667 1786 1736; x_wconf 84' lang='lat' dir='ltr'><strong>expletionem</strong></span> 
     </span>
    </p>
   </div>
   <div class='ocr_carea' id='block_1_18' title="bbox 211 1751 1782 1819">
    <p class='ocr_par' dir='ltr' id='par_1_18' title="bbox 211 1751 1782 1819">
     <span class='ocr_line' id='line_1_18' title="bbox 211 1751 1782 1819; baseline 0.008 -18"><span class='ocrx_word' id='word_1_121' title='bbox 211 1751 395 1819; x_wconf 87' lang='lat' dir='ltr'><strong>rejicit</strong></span> <span class='ocrx_word' id='word_1_122' title='bbox 440 1754 766 1808; x_wconf 85' lang='lat' dir='ltr'><strong>immediate</strong></span> <span class='ocrx_word' id='word_1_123' title='bbox 825 1765 950 1811; x_wconf 90' lang='lat' dir='ltr'><strong>ante</strong></span> <span class='ocrx_word' id='word_1_124' title='bbox 997 1758 1185 1812; x_wconf 90' lang='lat' dir='ltr'><strong>mundi</strong></span> <span class='ocrx_word' id='word_1_125' title='bbox 1238 1760 1782 1814; x_wconf 87' lang='lat' dir='ltr'><strong>consummationem.</strong></span> 
     </span>
    </p>
   </div>
   <div class='ocr_carea' id='block_1_19' title="bbox 212 1842 1789 1920">
    <p class='ocr_par' dir='ltr' id='par_1_19' title="bbox 212 1842 1789 1920">
     <span class='ocr_line' id='line_1_19' title="bbox 212 1842 1789 1920; baseline 0.006 -24"><span class='ocrx_word' id='word_1_126' title='bbox 212 1842 592 1899; x_wconf 74' lang='lat' dir='ltr'><strong>(Ecumenius</strong></span> <span class='ocrx_word' id='word_1_127' title='bbox 626 1849 888 1915; x_wconf 70' lang='lat' dir='ltr'><strong>prooemio</strong></span> <span class='ocrx_word' id='word_1_128' title='bbox 933 1848 988 1902; x_wconf 91' lang='lat' dir='ltr'><strong>in</strong></span> <span class='ocrx_word' id='word_1_129' title='bbox 1015 1849 1378 1920; x_wconf 84' lang='lat' dir='ltr'><strong>Apocalypsin</strong></span> <span class='ocrx_word' id='word_1_130' title='bbox 1410 1850 1594 1906; x_wconf 88' lang='lat' dir='ltr'><strong>laudat</strong></span> <span class='ocrx_word' id='word_1_131' title='bbox 1627 1853 1789 1905; x_wconf 89' lang='lat' dir='ltr'><strong>etiam</strong></span> 
     </span>
    </p>
   </div>
   <div class='ocr_carea' id='block_1_20' title="bbox 213 1939 1787 2012">
    <p class='ocr_par' dir='ltr' id='par_1_20' title="bbox 213 1939 1787 2012">
     <span class='ocr_line' id='line_1_20' title="bbox 213 1939 1787 2012; baseline 0.005 -21"><span class='ocrx_word' id='word_1_132' title='bbox 213 1940 616 2008; x_wconf 75' lang='lat' dir='ltr'><strong>expositionem</strong></span> <span class='ocrx_word' id='word_1_133' title='bbox 643 1939 912 2011; x_wconf 82' lang='lat' dir='ltr'><strong>Hippolyti</strong></span> <span class='ocrx_word' id='word_1_134' title='bbox 941 1941 995 1995; x_wconf 91' lang='lat' dir='ltr'><strong>in</strong></span> <span class='ocrx_word' id='word_1_135' title='bbox 1021 1941 1295 1998; x_wconf 90' lang='lat' dir='ltr'><strong>Danielem</strong></span> <span class='ocrx_word' id='word_1_136' title='bbox 1327 1943 1464 2012; x_wconf 67' lang='grc'><strong>(74).</strong></span> <span class='ocrx_word' id='word_1_137' title='bbox 1499 1943 1554 1997; x_wconf 93' lang='lat' dir='ltr'><strong>ln</strong></span> <span class='ocrx_word' id='word_1_138' title='bbox 1582 1943 1787 2000; x_wconf 86' lang='lat' dir='ltr'><strong>Catena</strong></span> 
     </span>
    </p>
   </div>
   <div class='ocr_carea' id='block_1_21' title="bbox 215 2028 1789 2092">
    <p class='ocr_par' dir='ltr' id='par_1_21' title="bbox 215 2028 1789 2092">
     <span class='ocr_line' id='line_1_21' title="bbox 215 2028 1789 2092; baseline 0.006 -10"><span class='ocrx_word' id='word_1_139' title='bbox 215 2028 437 2084; x_wconf 81' lang='lat' dir='ltr'><strong>Patrum</strong></span> <span class='ocrx_word' id='word_1_140' title='bbox 505 2031 821 2087; x_wconf 76' lang='lat' dir='ltr'><strong>Graecorum</strong></span> <span class='ocrx_word' id='word_1_141' title='bbox 870 2035 924 2087; x_wconf 89' lang='lat' dir='ltr'><strong>in</strong></span> <span class='ocrx_word' id='word_1_142' title='bbox 969 2033 1218 2089; x_wconf 88' lang='lat' dir='ltr'><strong>Psalmos</strong></span> <span class='ocrx_word' id='word_1_143' title='bbox 1258 2045 1312 2091; x_wconf 89' lang='lat' dir='ltr'><strong>et</strong></span> <span class='ocrx_word' id='word_1_144' title='bbox 1359 2037 1568 2091; x_wconf 89' lang='lat' dir='ltr'><strong>cantica</strong></span> <span class='ocrx_word' id='word_1_145' title='bbox 1621 2052 1789 2092; x_wconf 70' lang='lat' dir='ltr'><strong>sacra:</strong></span> 
     </span>
    </p>
   </div>
   <div class='ocr_carea' id='block_1_22' title="bbox 218 2122 1786 2202">
    <p class='ocr_par' dir='ltr' id='par_1_22' title="bbox 218 2122 1786 2202">
     <span class='ocr_line' id='line_1_22' title="bbox 218 2122 1786 2202; baseline 0.004 -26"><span class='ocrx_word' id='word_1_146' title='bbox 218 2122 519 2192; x_wconf 69' lang='lat' dir='ltr'><strong>Scriptura:</strong></span> <span class='ocrx_word' id='word_1_147' title='bbox 565 2123 679 2192; x_wconf 83' lang='grc'><strong>(75)</strong></span> <span class='ocrx_word' id='word_1_148' title='bbox 713 2126 982 2196; x_wconf 86' lang='lat' dir='ltr'><strong>reperitur</strong></span> <span class='ocrx_word' id='word_1_149' title='bbox 1017 2125 1374 2196; x_wconf 86' lang='lat' dir='ltr'><strong>fragmentum</strong></span> <span class='ocrx_word' id='word_1_150' title='bbox 1413 2127 1470 2182; x_wconf 91' lang='lat' dir='ltr'><strong>S.</strong></span> <span class='ocrx_word' id='word_1_151' title='bbox 1515 2127 1786 2202; x_wconf 86' lang='lat' dir='ltr'><strong>Hippolyti</strong></span> 
     </span>
    </p>
   </div>
   <div class='ocr_carea' id='block_1_23' title="bbox 215 2215 1787 2286">
    <p class='ocr_par' dir='ltr' id='par_1_23' title="bbox 215 2215 1787 2286">
     <span class='ocr_line' id='line_1_23' title="bbox 215 2215 1787 2286; baseline 0.006 -20"><span class='ocrx_word' id='word_1_152' title='bbox 215 2215 258 2266; x_wconf 88' lang='lat' dir='ltr'><strong>in</strong></span> <span class='ocrx_word' id='word_1_153' title='bbox 284 2220 577 2268; x_wconf 86' lang='lat' dir='ltr'><strong>canticum</strong></span> <span class='ocrx_word' id='word_1_154' title='bbox 611 2216 774 2269; x_wconf 91' lang='lat' dir='ltr'><strong>trium</strong></span> <span class='ocrx_word' id='word_1_155' title='bbox 803 2232 1094 2286; x_wconf 90' lang='lat' dir='ltr'><strong>puerorum</strong></span> <span class='ocrx_word' id='word_1_156' title='bbox 1121 2216 1470 2273; x_wconf 68' lang='lat' dir='ltr'><strong>Hebraeorum</strong></span> <span class='ocrx_word' id='word_1_157' title='bbox 1495 2219 1549 2273; x_wconf 90' lang='lat' dir='ltr'><strong>in</strong></span> <span class='ocrx_word' id='word_1_158' title='bbox 1573 2221 1787 2276; x_wconf 88' lang='lat' dir='ltr'><strong>camino</strong></span> 
     </span>
    </p>
   </div>
   <div class='ocr_carea' id='block_1_24' title="bbox 213 2305 1785 2381">
    <p class='ocr_par' dir='ltr' id='par_1_24' title="bbox 213 2305 1785 2381">
     <span class='ocr_line' id='line_1_24' title="bbox 213 2305 1785 2381; baseline 0.007 -26"><span class='ocrx_word' id='word_1_159' title='bbox 213 2305 370 2373; x_wconf 80' lang='lat' dir='ltr'><strong>ignis,</strong></span> <span class='ocrx_word' id='word_1_160' title='bbox 405 2305 558 2375; x_wconf 92' lang='lat' dir='ltr'><strong>quod</strong></span> <span class='ocrx_word' id='word_1_161' title='bbox 589 2307 863 2361; x_wconf 90' lang='lat' dir='ltr'><strong>canticum</strong></span> <span class='ocrx_word' id='word_1_162' title='bbox 897 2309 1180 2362; x_wconf 87' lang='lat' dir='ltr'><strong>constituit</strong></span> <span class='ocrx_word' id='word_1_163' title='bbox 1212 2321 1421 2380; x_wconf 88' lang='lat' dir='ltr'><strong>partem</strong></span> <span class='ocrx_word' id='word_1_164' title='bbox 1455 2312 1646 2381; x_wconf 90' lang='lat' dir='ltr'><strong>capitis</strong></span> <span class='ocrx_word' id='word_1_165' title='bbox 1675 2329 1785 2366; x_wconf 77' lang='lat' dir='ltr'><strong>xxx</strong></span> 
     </span>
    </p>
   </div>
   <div class='ocr_carea' id='block_1_25' title="bbox 213 2387 1785 2474">
    <p class='ocr_par' dir='ltr' id='par_1_25' title="bbox 213 2387 1785 2474">
     <span class='ocr_line' id='line_1_25' title="bbox 213 2387 1785 2474; baseline 0.008 -27"><span class='ocrx_word' id='word_1_166' title='bbox 213 2395 474 2451; x_wconf 87' lang='lat' dir='ltr'><strong>Danielis.</strong></span> <span class='ocrx_word' id='word_1_167' title='bbox 525 2395 600 2452; x_wconf 91' lang='lat' dir='ltr'><strong>De</strong></span> <span class='ocrx_word' id='word_1_168' title='bbox 631 2387 821 2452; x_wconf 88' lang='lat' dir='ltr'><strong>eodem</strong></span> <span class='ocrx_word' id='word_1_169' title='bbox 877 2400 1051 2469; x_wconf 91' lang='lat' dir='ltr'><strong>capite</strong></span> <span class='ocrx_word' id='word_1_170' title='bbox 1090 2400 1254 2456; x_wconf 84' lang='lat' dir='ltr'><strong>refert</strong></span> <span class='ocrx_word' id='word_1_171' title='bbox 1296 2402 1626 2470; x_wconf 89' lang='lat' dir='ltr'><strong>Eustratius,</strong></span> <span class='ocrx_word' id='word_1_172' title='bbox 1662 2419 1785 2474; x_wconf 81' lang='lat' dir='ltr'><strong>pre-</strong></span> 
     </span>
    </p>
   </div>
   <div class='ocr_carea' id='block_1_26' title="bbox 211 2487 1785 2560">
    <p class='ocr_par' dir='ltr' id='par_1_26' title="bbox 211 2487 1785 2560">
     <span class='ocr_line' id='line_1_26' title="bbox 211 2487 1785 2560; baseline 0.006 -20"><span class='ocrx_word' id='word_1_173' title='bbox 211 2488 387 2559; x_wconf 84' lang='lat' dir='ltr'><strong>shyter</strong></span> <span class='ocrx_word' id='word_1_174' title='bbox 431 2487 1076 2560; x_wconf 67' lang='lat' dir='ltr'><strong>Constantinopolitanus</strong></span> <span class='ocrx_word' id='word_1_175' title='bbox 1115 2493 1298 2548; x_wconf 73' lang='lat' dir='ltr'><strong>steculi</strong></span> <span class='ocrx_word' id='word_1_176' title='bbox 1331 2511 1428 2559; x_wconf 82' lang='lat' dir='ltr'><strong>vn,</strong></span> <span class='ocrx_word' id='word_1_177' title='bbox 1471 2495 1636 2550; x_wconf 84' lang='lat' dir='ltr'><strong>breve</strong></span> <span class='ocrx_word' id='word_1_178' title='bbox 1673 2495 1785 2550; x_wconf 86' lang='lat' dir='ltr'><strong>fra-</strong></span> 
     </span>
    </p>
   </div>
   <div class='ocr_carea' id='block_1_27' title="bbox 211 2579 1780 2653">
    <p class='ocr_par' dir='ltr' id='par_1_27' title="bbox 211 2579 1780 2653">
     <span class='ocr_line' id='line_1_27' title="bbox 211 2579 1780 2653; baseline 0.006 -21"><span class='ocrx_word' id='word_1_179' title='bbox 211 2579 629 2649; x_wconf 43' lang='lat' dir='ltr'><strong>gmentum‘(76)</strong></span> <span class='ocrx_word' id='word_1_180' title='bbox 653 2579 706 2634; x_wconf 90' lang='lat' dir='ltr'><strong>iu</strong></span> <span class='ocrx_word' id='word_1_181' title='bbox 726 2580 890 2634; x_wconf 88' lang='lat' dir='ltr'><strong>alium</strong></span> <span class='ocrx_word' id='word_1_182' title='bbox 916 2581 1093 2636; x_wconf 92' lang='lat' dir='ltr'><strong>locum</strong></span> <span class='ocrx_word' id='word_1_183' title='bbox 1124 2585 1364 2653; x_wconf 84' lang='lat' dir='ltr'><strong>ejusdem</strong></span> <span class='ocrx_word' id='word_1_184' title='bbox 1400 2587 1595 2640; x_wconf 91' lang='lat' dir='ltr'><strong>cantici</strong></span> <span class='ocrx_word' id='word_1_185' title='bbox 1618 2587 1780 2641; x_wconf 91' lang='lat' dir='ltr'><strong>trium</strong></span> 
     </span>
    </p>
   </div>
   <div class='ocr_carea' id='block_1_28' title="bbox 209 2675 1782 2747">
    <p class='ocr_par' dir='ltr' id='par_1_28' title="bbox 209 2675 1782 2747">
     <span class='ocr_line' id='line_1_28' title="bbox 209 2675 1782 2747; baseline 0.006 -21"><span class='ocrx_word' id='word_1_186' title='bbox 209 2688 529 2741; x_wconf 84' lang='lat' dir='ltr'><strong>puerorum,</strong></span> <span class='ocrx_word' id='word_1_187' title='bbox 582 2675 853 2744; x_wconf 85' lang='lat' dir='ltr'><strong>simulque</strong></span> <span class='ocrx_word' id='word_1_188' title='bbox 886 2683 1131 2739; x_wconf 81' lang='lat' dir='ltr'><strong>testatur,</strong></span> <span class='ocrx_word' id='word_1_189' title='bbox 1183 2679 1326 2747; x_wconf 90' lang='lat' dir='ltr'><strong>quod</strong></span> <span class='ocrx_word' id='word_1_190' title='bbox 1376 2679 1506 2733; x_wconf 91' lang='lat' dir='ltr'><strong>illud</strong></span> <span class='ocrx_word' id='word_1_191' title='bbox 1544 2694 1610 2734; x_wconf 79' lang='lat' dir='ltr'><strong>ex</strong></span> <span class='ocrx_word' id='word_1_192' title='bbox 1658 2695 1782 2735; x_wconf 84' lang='lat' dir='ltr'><strong>ora-</strong></span> 
     </span>
    </p>
   </div>
   <div class='ocr_carea' id='block_1_29' title="bbox 208 2766 1778 2842">
    <p class='ocr_par' dir='ltr' id='par_1_29' title="bbox 208 2766 1778 2842">
     <span class='ocr_line' id='line_1_29' title="bbox 208 2766 1778 2842; baseline 0.007 -26"><span class='ocrx_word' id='word_1_193' title='bbox 208 2767 348 2820; x_wconf 85' lang='lat' dir='ltr'><strong>tione</strong></span> <span class='ocrx_word' id='word_1_194' title='bbox 384 2766 658 2833; x_wconf 85' lang='lat' dir='ltr'><strong>secunda,</strong></span> <span class='ocrx_word' id='word_1_195' title='bbox 692 2782 787 2821; x_wconf 91' lang='lat' dir='ltr'><strong>seu</strong></span> <span class='ocrx_word' id='word_1_196' title='bbox 821 2775 1052 2822; x_wconf 88' lang='lat' dir='ltr'><strong>tractatu</strong></span> <span class='ocrx_word' id='word_1_197' title='bbox 1099 2769 1156 2822; x_wconf 92' lang='lat' dir='ltr'><strong>S.</strong></span> <span class='ocrx_word' id='word_1_198' title='bbox 1189 2770 1457 2842; x_wconf 84' lang='lat' dir='ltr'><strong>Hippolyti</strong></span> <span class='ocrx_word' id='word_1_199' title='bbox 1492 2771 1546 2824; x_wconf 87' lang='lat' dir='ltr'><strong>in</strong></span> <span class='ocrx_word' id='word_1_200' title='bbox 1581 2770 1778 2827; x_wconf 82' lang='lat' dir='ltr'><strong>Danie-</strong></span> 
     </span>
    </p>
   </div>
   <div class='ocr_carea' id='block_1_30' title="bbox 208 2858 1777 2934">
    <p class='ocr_par' dir='ltr' id='par_1_30' title="bbox 208 2858 1777 2934">
     <span class='ocr_line' id='line_1_30' title="bbox 208 2858 1777 2934; baseline 0.002 -22"><span class='ocrx_word' id='word_1_201' title='bbox 208 2859 304 2912; x_wconf 88' lang='lat' dir='ltr'><strong>lem</strong></span> <span class='ocrx_word' id='word_1_202' title='bbox 340 2860 770 2928; x_wconf 84' lang='lat' dir='ltr'><strong>deprompserit.</strong></span> <span class='ocrx_word' id='word_1_203' title='bbox 801 2858 933 2914; x_wconf 90' lang='lat' dir='ltr'><strong>Post</strong></span> <span class='ocrx_word' id='word_1_204' title='bbox 961 2859 1271 2915; x_wconf 84' lang='lat' dir='ltr'><strong>Fabricium</strong></span> <span class='ocrx_word' id='word_1_205' title='bbox 1323 2861 1638 2916; x_wconf 88' lang='lat' dir='ltr'><strong>Gallandius</strong></span> <span class='ocrx_word' id='word_1_206' title='bbox 1668 2862 1777 2934; x_wconf 91' lang='grc'><strong>(77)</strong></span> 
     </span>
    </p>
   </div>
   <div class='ocr_carea' id='block_1_31' title="bbox 205 2949 1777 3020">
    <p class='ocr_par' dir='ltr' id='par_1_31' title="bbox 205 2949 1777 3020">
     <span class='ocr_line' id='line_1_31' title="bbox 205 2949 1777 3020; baseline 0.004 -18"><span class='ocrx_word' id='word_1_207' title='bbox 205 2965 424 3020; x_wconf 88' lang='lat' dir='ltr'><strong>quoque</strong></span> <span class='ocrx_word' id='word_1_208' title='bbox 454 2951 611 3004; x_wconf 87' lang='lat' dir='ltr'><strong>aliud</strong></span> <span class='ocrx_word' id='word_1_209' title='bbox 643 2949 1004 3020; x_wconf 78' lang='lat' dir='ltr'><strong>fragmentum</strong></span> <span class='ocrx_word' id='word_1_210' title='bbox 1040 2954 1210 3008; x_wconf 89' lang='lat' dir='ltr'><strong>nostri</strong></span> <span class='ocrx_word' id='word_1_211' title='bbox 1239 2953 1413 3008; x_wconf 89' lang='lat' dir='ltr'><strong>sancti</strong></span> <span class='ocrx_word' id='word_1_212' title='bbox 1443 2955 1496 3007; x_wconf 91' lang='lat' dir='ltr'><strong>in</strong></span> <span class='ocrx_word' id='word_1_213' title='bbox 1527 2955 1777 3010; x_wconf 82' lang='lat' dir='ltr'><strong>eumdem</strong></span> 
     </span>
    </p>
   </div>
   <div class='ocr_carea' id='block_1_32' title="bbox 205 3041 1778 3114">
    <p class='ocr_par' dir='ltr' id='par_1_32' title="bbox 205 3041 1778 3114">
     <span class='ocr_line' id='line_1_32' title="bbox 205 3041 1778 3114; baseline 0.003 -20"><span class='ocrx_word' id='word_1_214' title='bbox 205 3046 532 3111; x_wconf 80' lang='lat' dir='ltr'><strong>prophetam</strong></span> <span class='ocrx_word' id='word_1_215' title='bbox 570 3058 638 3096; x_wconf 80' lang='lat' dir='ltr'><strong>ex</strong></span> <span class='ocrx_word' id='word_1_216' title='bbox 672 3042 964 3097; x_wconf 84' lang='lat' dir='ltr'><strong>Anastasio</strong></span> <span class='ocrx_word' id='word_1_217' title='bbox 1018 3041 1222 3097; x_wconf 90' lang='lat' dir='ltr'><strong>Sinaita</strong></span> <span class='ocrx_word' id='word_1_218' title='bbox 1250 3043 1363 3114; x_wconf 88' lang='grc'><strong>(78)</strong></span> <span class='ocrx_word' id='word_1_219' title='bbox 1393 3043 1629 3098; x_wconf 89' lang='lat' dir='ltr'><strong>adducit.</strong></span> <span class='ocrx_word' id='word_1_220' title='bbox 1681 3043 1778 3099; x_wconf 87' lang='lat' dir='ltr'><strong>Ve-</strong></span> 
     </span>
    </p>
   </div>
   <div class='ocr_carea' id='block_1_33' title="bbox 207 3137 1774 3212">
    <p class='ocr_par' dir='ltr' id='par_1_33' title="bbox 207 3137 1774 3212">
     <span class='ocr_line' id='line_1_33' title="bbox 207 3137 1774 3212; baseline 0.004 -22"><span class='ocrx_word' id='word_1_221' title='bbox 207 3151 323 3191; x_wconf 87' lang='lat' dir='ltr'><strong>rum</strong></span> <span class='ocrx_word' id='word_1_222' title='bbox 355 3154 487 3192; x_wconf 90' lang='lat' dir='ltr'><strong>cum</strong></span> <span class='ocrx_word' id='word_1_223' title='bbox 522 3137 670 3191; x_wconf 90' lang='lat' dir='ltr'><strong>idem</strong></span> <span class='ocrx_word' id='word_1_224' title='bbox 701 3138 854 3194; x_wconf 90' lang='lat' dir='ltr'><strong>locus</strong></span> <span class='ocrx_word' id='word_1_225' title='bbox 887 3137 945 3194; x_wconf 89' lang='lat' dir='ltr'><strong>S.</strong></span> <span class='ocrx_word' id='word_1_226' title='bbox 977 3137 1250 3212; x_wconf 90' lang='lat' dir='ltr'><strong>Hippolyti</strong></span> <span class='ocrx_word' id='word_1_227' title='bbox 1281 3141 1470 3196; x_wconf 88' lang='lat' dir='ltr'><strong>iisdem</strong></span> <span class='ocrx_word' id='word_1_228' title='bbox 1507 3141 1684 3196; x_wconf 85' lang='lat' dir='ltr'><strong>verbis</strong></span> <span class='ocrx_word' id='word_1_229' title='bbox 1720 3143 1774 3196; x_wconf 91' lang='lat' dir='ltr'><strong>in</strong></span> 
     </span>
    </p>
   </div>
   <div class='ocr_carea' id='block_1_34' title="bbox 205 3230 1779 3290">
    <p class='ocr_par' dir='ltr' id='par_1_34' title="bbox 205 3230 1779 3290">
     <span class='ocr_line' id='line_1_34' title="bbox 205 3230 1779 3290; baseline 0.006 -10"><span class='ocrx_word' id='word_1_230' title='bbox 205 3237 434 3282; x_wconf 59' lang='lat' dir='ltr'><strong>tractatu</strong></span> <span class='ocrx_word' id='word_1_231' title='bbox 467 3245 577 3284; x_wconf 92' lang='lat' dir='ltr'><strong>suo</strong></span> <span class='ocrx_word' id='word_1_232' title='bbox 609 3230 662 3284; x_wconf 90' lang='lat' dir='ltr'><strong>in</strong></span> <span class='ocrx_word' id='word_1_233' title='bbox 699 3232 1094 3287; x_wconf 84' lang='lat' dir='ltr'><strong>Antichristum</strong></span> <span class='ocrx_word' id='word_1_234' title='bbox 1136 3234 1378 3288; x_wconf 88' lang='lat' dir='ltr'><strong>numeris</strong></span> <span class='ocrx_word' id='word_1_235' title='bbox 1410 3233 1479 3288; x_wconf 85' lang='lat'><strong>26</strong></span> <span class='ocrx_word' id='word_1_236' title='bbox 1517 3244 1571 3290; x_wconf 90' lang='lat' dir='ltr'><strong>et</strong></span> <span class='ocrx_word' id='word_1_237' title='bbox 1599 3234 1667 3289; x_wconf 73' lang='grc'><strong>45</strong></span> <span class='ocrx_word' id='word_1_238' title='bbox 1705 3235 1779 3289; x_wconf 81' lang='lat' dir='ltr'><strong>le-</strong></span> 
     </span>
    </p>
   </div>
   <div class='ocr_carea' id='block_1_35' title="bbox 210 3324 1776 3396">
    <p class='ocr_par' dir='ltr' id='par_1_35' title="bbox 210 3324 1776 3396">
     <span class='ocr_line' id='line_1_35' title="bbox 210 3324 1776 3396; baseline 0.006 -22"><span class='ocrx_word' id='word_1_239' title='bbox 210 3331 387 3390; x_wconf 84' lang='lat' dir='ltr'><strong>gatur,</strong></span> <span class='ocrx_word' id='word_1_240' title='bbox 446 3324 650 3378; x_wconf 88' lang='lat' dir='ltr'><strong>merito</strong></span> <span class='ocrx_word' id='word_1_241' title='bbox 693 3324 819 3380; x_wconf 92' lang='lat' dir='ltr'><strong>hinc</strong></span> <span class='ocrx_word' id='word_1_242' title='bbox 846 3325 1159 3394; x_wconf 82' lang='lat' dir='ltr'><strong>ambigitur,</strong></span> <span class='ocrx_word' id='word_1_243' title='bbox 1201 3341 1268 3380; x_wconf 79' lang='lat' dir='ltr'><strong>ex</strong></span> <span class='ocrx_word' id='word_1_244' title='bbox 1315 3342 1550 3396; x_wconf 87' lang='lat' dir='ltr'><strong>quonam</strong></span> <span class='ocrx_word' id='word_1_245' title='bbox 1581 3328 1776 3386; x_wconf 88' lang='lat' dir='ltr'><strong>horum</strong></span> 
     </span>
    </p>
   </div>
   <div class='ocr_carea' id='block_1_36' title="bbox 211 3415 1634 3488">
    <p class='ocr_par' dir='ltr' id='par_1_36' title="bbox 211 3415 1634 3488">
     <span class='ocr_line' id='line_1_36' title="bbox 211 3415 1634 3488; baseline 0.002 -18"><span class='ocrx_word' id='word_1_246' title='bbox 211 3431 426 3486; x_wconf 82' lang='lat' dir='ltr'><strong>operum</strong></span> <span class='ocrx_word' id='word_1_247' title='bbox 455 3417 788 3472; x_wconf 80' lang='lat' dir='ltr'><strong>Anastasius</strong></span> <span class='ocrx_word' id='word_1_248' title='bbox 821 3415 1025 3472; x_wconf 88' lang='lat' dir='ltr'><strong>Sinaita</strong></span> <span class='ocrx_word' id='word_1_249' title='bbox 1055 3419 1205 3472; x_wconf 91' lang='lat' dir='ltr'><strong>illum</strong></span> <span class='ocrx_word' id='word_1_250' title='bbox 1227 3418 1634 3488; x_wconf 88' lang='lat' dir='ltr'><strong>deprompserit.</strong></span> 
     </span>
    </p>
   </div>
   <div class='ocr_carea' id='block_1_37' title="bbox 277 3505 1774 3582">
    <p class='ocr_par' dir='ltr' id='par_1_37' title="bbox 277 3505 1774 3582">
     <span class='ocr_line' id='line_1_37' title="bbox 277 3505 1774 3582; baseline 0.005 -24"><span class='ocrx_word' id='word_1_251' title='bbox 277 3505 444 3562; x_wconf 82' lang='lat' dir='ltr'><strong>Paulo</strong></span> <span class='ocrx_word' id='word_1_252' title='bbox 480 3508 736 3576; x_wconf 87' lang='lat' dir='ltr'><strong>superius</strong></span> <span class='ocrx_word' id='word_1_253' title='bbox 773 3508 840 3563; x_wconf 93' lang='lat' dir='ltr'><strong>de</strong></span> <span class='ocrx_word' id='word_1_254' title='bbox 872 3507 1068 3579; x_wconf 83' lang='lat' dir='ltr'><strong>exiguo</strong></span> <span class='ocrx_word' id='word_1_255' title='bbox 1119 3515 1350 3563; x_wconf 89' lang='lat' dir='ltr'><strong>tractatu</strong></span> <span class='ocrx_word' id='word_1_256' title='bbox 1402 3507 1461 3562; x_wconf 90' lang='lat' dir='ltr'><strong>S.</strong></span> <span class='ocrx_word' id='word_1_257' title='bbox 1504 3508 1774 3582; x_wconf 88' lang='lat' dir='ltr'><strong>Hippolyti</strong></span> 
     </span>
    </p>
   </div>
   <div class='ocr_carea' id='block_1_38' title="bbox 219 3597 1772 3672">
    <p class='ocr_par' dir='ltr' id='par_1_38' title="bbox 219 3597 1772 3672">
     <span class='ocr_line' id='line_1_38' title="bbox 219 3597 1772 3672; baseline 0.003 -21"><span class='ocrx_word' id='word_1_258' title='bbox 219 3599 269 3652; x_wconf 89' lang='lat' dir='ltr'><strong>in</strong></span> <span class='ocrx_word' id='word_1_259' title='bbox 294 3600 587 3654; x_wconf 84' lang='lat' dir='ltr'><strong>historiam</strong></span> <span class='ocrx_word' id='word_1_260' title='bbox 621 3598 905 3664; x_wconf 63' lang='lat' dir='ltr'><strong>Susanna,</strong></span> <span class='ocrx_word' id='word_1_261' title='bbox 941 3600 1032 3670; x_wconf 91' lang='lat' dir='ltr'><strong>qui</strong></span> <span class='ocrx_word' id='word_1_262' title='bbox 1065 3597 1205 3654; x_wconf 86' lang='lat' dir='ltr'><strong>forte</strong></span> <span class='ocrx_word' id='word_1_263' title='bbox 1235 3615 1360 3669; x_wconf 90' lang='lat' dir='ltr'><strong>pars</strong></span> <span class='ocrx_word' id='word_1_264' title='bbox 1393 3599 1557 3656; x_wconf 89' lang='lat' dir='ltr'><strong>fuerit</strong></span> <span class='ocrx_word' id='word_1_265' title='bbox 1590 3602 1772 3672; x_wconf 89' lang='lat' dir='ltr'><strong>magni</strong></span> 
     </span>
    </p>
   </div>
   <div class='ocr_carea' id='block_1_39' title="bbox 226 3690 1770 3759">
    <p class='ocr_par' dir='ltr' id='par_1_39' title="bbox 226 3690 1770 3759">
     <span class='ocr_line' id='line_1_39' title="bbox 226 3690 1770 3759; baseline 0.005 -18"><span class='ocrx_word' id='word_1_266' title='bbox 226 3694 392 3759; x_wconf 84' lang='lat' dir='ltr'><strong>operis</strong></span> <span class='ocrx_word' id='word_1_267' title='bbox 433 3708 534 3746; x_wconf 88' lang='lat' dir='ltr'><strong>seu</strong></span> <span class='ocrx_word' id='word_1_268' title='bbox 567 3690 948 3746; x_wconf 85' lang='lat' dir='ltr'><strong>Commentarii</strong></span> <span class='ocrx_word' id='word_1_269' title='bbox 981 3693 1035 3745; x_wconf 87' lang='lat' dir='ltr'><strong>in</strong></span> <span class='ocrx_word' id='word_1_270' title='bbox 1066 3691 1353 3754; x_wconf 85' lang='lat' dir='ltr'><strong>Danielem,</strong></span> <span class='ocrx_word' id='word_1_271' title='bbox 1393 3694 1770 3750; x_wconf 88' lang='lat' dir='ltr'><strong>disseruimus.</strong></span> 
     </span>
    </p>
   </div>
   <div class='ocr_carea' id='block_1_40' title="bbox 227 3781 1769 3840">
    <p class='ocr_par' dir='ltr' id='par_1_40' title="bbox 227 3781 1769 3840">
     <span class='ocr_line' id='line_1_40' title="bbox 227 3781 1769 3840; baseline 0.003 -6"><span class='ocrx_word' id='word_1_272' title='bbox 227 3781 318 3837; x_wconf 86' lang='lat' dir='ltr'><strong>llic</strong></span> <span class='ocrx_word' id='word_1_273' title='bbox 347 3783 690 3838; x_wconf 87' lang='lat' dir='ltr'><strong>solummodo</strong></span> <span class='ocrx_word' id='word_1_274' title='bbox 719 3783 967 3838; x_wconf 86' lang='lat' dir='ltr'><strong>addimus</strong></span> <span class='ocrx_word' id='word_1_275' title='bbox 1020 3783 1210 3838; x_wconf 88' lang='lat' dir='ltr'><strong>testari</strong></span> <span class='ocrx_word' id='word_1_276' title='bbox 1242 3781 1419 3838; x_wconf 86' lang='lat' dir='ltr'><strong>Hebed</strong></span> <span class='ocrx_word' id='word_1_277' title='bbox 1454 3783 1578 3838; x_wconf 86' lang='lat' dir='ltr'><strong>Jesu</strong></span> <span class='ocrx_word' id='word_1_278' title='bbox 1618 3800 1769 3840; x_wconf 89' lang='lat' dir='ltr'><strong>num.</strong></span> 
     </span>
    </p>
   </div>
   <div class='ocr_carea' id='block_1_41' title="bbox 224 3874 1771 3947">
    <p class='ocr_par' dir='ltr' id='par_1_41' title="bbox 224 3874 1771 3947">
     <span class='ocr_line' id='line_1_41' title="bbox 224 3874 1771 3947; baseline 0.002 -19"><span class='ocrx_word' id='word_1_279' title='bbox 224 3874 287 3928; x_wconf 82' lang='grc'><strong>16</strong></span> <span class='ocrx_word' id='word_1_280' title='bbox 318 3875 560 3947; x_wconf 77' lang='lat' dir='ltr'><strong>Catafogi</strong></span> <span class='ocrx_word' id='word_1_281' title='bbox 593 3875 729 3946; x_wconf 89' lang='lat'><strong>(79),</strong></span> <span class='ocrx_word' id='word_1_282' title='bbox 763 3877 904 3946; x_wconf 90' lang='lat' dir='ltr'><strong>apud</strong></span> <span class='ocrx_word' id='word_1_283' title='bbox 927 3875 1206 3930; x_wconf 70' lang='lat' dir='ltr'><strong>Chaldaeos</strong></span> <span class='ocrx_word' id='word_1_284' title='bbox 1236 3891 1452 3946; x_wconf 91' lang='lat' dir='ltr'><strong>quoque</strong></span> <span class='ocrx_word' id='word_1_285' title='bbox 1485 3875 1613 3931; x_wconf 89' lang='lat' dir='ltr'><strong>ferri</strong></span> <span class='ocrx_word' id='word_1_286' title='bbox 1641 3876 1771 3947; x_wconf 65' lang='lat' dir='ltr'><strong>Hip.</strong></span> 
     </span>
    </p>
   </div>
   <div class='ocr_carea' id='block_1_42' title="bbox 214 3967 1770 4040">
    <p class='ocr_par' dir='ltr' id='par_1_42' title="bbox 214 3967 1770 4040">
     <span class='ocr_line' id='line_1_42' title="bbox 214 3967 1770 4040; baseline -0.001 -16"><span class='ocrx_word' id='word_1_287' title='bbox 214 3970 370 4040; x_wconf 81' lang='lat' dir='ltr'><strong>polyti</strong></span> <span class='ocrx_word' id='word_1_288' title='bbox 393 3971 795 4040; x_wconf 69' lang='lat' dir='ltr'><strong>expositionem</strong></span> <span class='ocrx_word' id='word_1_289' title='bbox 825 3969 879 4023; x_wconf 95' lang='lat' dir='ltr'><strong>in</strong></span> <span class='ocrx_word' id='word_1_290' title='bbox 902 3967 1174 4023; x_wconf 88' lang='lat' dir='ltr'><strong>Danielem</strong></span> <span class='ocrx_word' id='word_1_291' title='bbox 1197 3967 1461 4023; x_wconf 89' lang='lat' dir='ltr'><strong>minorem</strong></span> <span class='ocrx_word' id='word_1_292' title='bbox 1485 3975 1537 4023; x_wconf 90' lang='lat' dir='ltr'><strong>et</strong></span> <span class='ocrx_word' id='word_1_293' title='bbox 1561 3967 1770 4023; x_wconf 82' lang='lat' dir='ltr'><strong>Susan-</strong></span> 
     </span>
    </p>
   </div>
   <div class='ocr_carea' id='block_1_43' title="bbox 213 4044 1773 4134">
    <p class='ocr_par' dir='ltr' id='par_1_43' title="bbox 213 4044 1773 4134">
     <span class='ocr_line' id='line_1_43' title="bbox 213 4044 1773 4134; baseline -0.003 -16"><span class='ocrx_word' id='word_1_294' title='bbox 213 4081 352 4119; x_wconf 88' lang='lat' dir='ltr'><strong>nam.</strong></span> <span class='ocrx_word' id='word_1_295' title='bbox 385 4065 519 4121; x_wconf 89' lang='lat' dir='ltr'><strong>Post</strong></span> <span class='ocrx_word' id='word_1_296' title='bbox 547 4064 802 4134; x_wconf 85' lang='lat' dir='ltr'><strong>exiguum</strong></span> <span class='ocrx_word' id='word_1_297' title='bbox 831 4063 976 4119; x_wconf 90' lang='lat' dir='ltr'><strong>hunc</strong></span> <span class='ocrx_word' id='word_1_298' title='bbox 1001 4062 1448 4118; x_wconf 89' lang='lat' dir='ltr'><strong>commentarium</strong></span> <span class='ocrx_word' id='word_1_299' title='bbox 1489 4063 1543 4116; x_wconf 92' lang='lat' dir='ltr'><strong>in</strong></span> <span class='ocrx_word' id='word_1_300' title='bbox 1575 4044 1773 4115; x_wconf 61' lang='lat' dir='ltr'><strong>Bililio-</strong></span> 
     </span>
    </p>
   </div>
   <div class='ocr_carea' id='block_1_44' title="bbox 211 4153 1768 4226">
    <p class='ocr_par' dir='ltr' id='par_1_44' title="bbox 211 4153 1768 4226">
     <span class='ocr_line' id='line_1_44' title="bbox 211 4153 1768 4226; baseline -0.001 -17"><span class='ocrx_word' id='word_1_301' title='bbox 211 4157 352 4212; x_wconf 69' lang='lat' dir='ltr'><strong>theca</strong></span> <span class='ocrx_word' id='word_1_302' title='bbox 394 4156 631 4211; x_wconf 82' lang='lat' dir='ltr'><strong>Patrum</strong></span> <span class='ocrx_word' id='word_1_303' title='bbox 677 4155 922 4226; x_wconf 87' lang='lat' dir='ltr'><strong>sequitur</strong></span> <span class='ocrx_word' id='word_1_304' title='bbox 952 4154 1315 4226; x_wconf 75' lang='lat' dir='ltr'><strong>fragmentum</strong></span> <span class='ocrx_word' id='word_1_305' title='bbox 1362 4153 1613 4208; x_wconf 88' lang='lat' dir='ltr'><strong>Latinum</strong></span> <span class='ocrx_word' id='word_1_306' title='bbox 1655 4153 1768 4225; x_wconf 91' lang='lat'><strong>(80)</strong></span> 
     </span>
    </p>
   </div>
   <div class='ocr_carea' id='block_1_45' title="bbox 208 4245 1769 4318">
    <p class='ocr_par' dir='ltr' id='par_1_45' title="bbox 208 4245 1769 4318">
     <span class='ocr_line' id='line_1_45' title="bbox 208 4245 1769 4318; baseline -0.001 -16"><span class='ocrx_word' id='word_1_307' title='bbox 208 4250 433 4304; x_wconf 86' lang='lat' dir='ltr'><strong>alterius</strong></span> <span class='ocrx_word' id='word_1_308' title='bbox 480 4247 771 4317; x_wconf 86' lang='lat' dir='ltr'><strong>cujusdam</strong></span> <span class='ocrx_word' id='word_1_309' title='bbox 820 4245 1094 4318; x_wconf 86' lang='lat' dir='ltr'><strong>Hippolyti</strong></span> <span class='ocrx_word' id='word_1_310' title='bbox 1128 4245 1332 4316; x_wconf 86' lang='lat' dir='ltr'><strong>Operis,</strong></span> <span class='ocrx_word' id='word_1_311' title='bbox 1379 4245 1537 4315; x_wconf 91' lang='lat' dir='ltr'><strong>cujus</strong></span> <span class='ocrx_word' id='word_1_312' title='bbox 1581 4245 1769 4300; x_wconf 89' lang='lat' dir='ltr'><strong>titulus</strong></span> 
     </span>
    </p>
   </div>
   <div class='ocr_carea' id='block_1_46' title="bbox 205 4337 1771 4408">
    <p class='ocr_par' dir='ltr' id='par_1_46' title="bbox 205 4337 1771 4408">
     <span class='ocr_line' id='line_1_46' title="bbox 205 4337 1771 4408; baseline -0.003 -12"><span class='ocrx_word' id='word_1_313' title='bbox 205 4351 323 4396; x_wconf 85' lang='lat' dir='ltr'><strong>est;</strong></span> <span class='ocrx_word' id='word_1_314' title='bbox 365 4340 713 4396; x_wconf 83' lang='lat' dir='ltr'><strong>Sanctissimi</strong></span> <span class='ocrx_word' id='word_1_315' title='bbox 740 4337 921 4393; x_wconf 65' lang='lat' dir='ltr'><strong>Romae</strong></span> <span class='ocrx_word' id='word_1_316' title='bbox 958 4338 1206 4408; x_wconf 80' lang='lat' dir='ltr'><strong>episcopi.</strong></span> <span class='ocrx_word' id='word_1_317' title='bbox 1251 4337 1530 4393; x_wconf 86' lang='lat' dir='ltr'><strong>Fabricius</strong></span> <span class='ocrx_word' id='word_1_318' title='bbox 1557 4346 1611 4393; x_wconf 90' lang='lat' dir='ltr'><strong>et</strong></span> <span class='ocrx_word' id='word_1_319' title='bbox 1642 4337 1771 4392; x_wconf 87' lang='lat' dir='ltr'><strong>Gal-</strong></span> 
     </span>
    </p>
   </div>
   <div class='ocr_carea' id='block_1_47' title="bbox 207 4429 1769 4501">
    <p class='ocr_par' dir='ltr' id='par_1_47' title="bbox 207 4429 1769 4501">
     <span class='ocr_line' id='line_1_47' title="bbox 207 4429 1769 4501; baseline -0.003 -13"><span class='ocrx_word' id='word_1_320' title='bbox 207 4435 422 4488; x_wconf 80' lang='lat' dir='ltr'><strong>.andius</strong></span> <span class='ocrx_word' id='word_1_321' title='bbox 464 4432 652 4488; x_wconf 81' lang='lat' dir='ltr'><strong>Graece</strong></span> <span class='ocrx_word' id='word_1_322' title='bbox 688 4446 754 4485; x_wconf 86' lang='lat' dir='ltr'><strong>ac</strong></span> <span class='ocrx_word' id='word_1_323' title='bbox 798 4429 988 4484; x_wconf 90' lang='lat' dir='ltr'><strong>Latine</strong></span> <span class='ocrx_word' id='word_1_324' title='bbox 1036 4429 1142 4484; x_wconf 92' lang='lat' dir='ltr'><strong>hoc</strong></span> <span class='ocrx_word' id='word_1_325' title='bbox 1181 4429 1541 4501; x_wconf 79' lang='lat' dir='ltr'><strong>fragmentum</strong></span> <span class='ocrx_word' id='word_1_326' title='bbox 1585 4429 1769 4484; x_wconf 87' lang='lat' dir='ltr'><strong>edide-</strong></span> 
     </span>
    </p>
   </div>
   <div class='ocr_carea' id='block_1_48' title="bbox 205 4520 1846 4599">
    <p class='ocr_par' dir='ltr' id='par_1_48' title="bbox 205 4520 1846 4599">
     <span class='ocr_line' id='line_1_48' title="bbox 205 4520 1846 4599; baseline -0.004 -17"><span class='ocrx_word' id='word_1_327' title='bbox 205 4537 328 4582; x_wconf 85' lang='lat' dir='ltr'><strong>runt</strong></span> <span class='ocrx_word' id='word_1_328' title='bbox 358 4527 500 4599; x_wconf 91' lang='grc'><strong>(81).</strong></span> <span class='ocrx_word' id='word_1_329' title='bbox 531 4523 628 4579; x_wconf 82' lang='lat' dir='ltr'><strong>Est</strong></span> <span class='ocrx_word' id='word_1_330' title='bbox 657 4532 835 4579; x_wconf 88' lang='lat' dir='ltr'><strong>autem</strong></span> <span class='ocrx_word' id='word_1_331' title='bbox 872 4521 975 4578; x_wconf 92' lang='lat' dir='ltr'><strong>hoc</strong></span> <span class='ocrx_word' id='word_1_332' title='bbox 1007 4522 1288 4578; x_wconf 77' lang='lat' dir='ltr'><strong>exordium</strong></span> <span class='ocrx_word' id='word_1_333' title='bbox 1326 4539 1422 4578; x_wconf 89' lang='lat' dir='ltr'><strong>seu</strong></span> <span class='ocrx_word' id='word_1_334' title='bbox 1451 4523 1768 4592; x_wconf 82' lang='lat' dir='ltr'><strong>praeludium</strong></span> <span class='ocrx_word' id='word_1_335' title='bbox 1803 4520 1846 4576; x_wconf 89' lang='lat' dir='ltr'><strong>D</strong></span> 
     </span>
    </p>
   </div>
   <div class='ocr_carea' id='block_1_49' title="bbox 273 4694 1768 4777">
    <p class='ocr_par' dir='ltr' id='par_1_49' title="bbox 273 4694 1768 4777">
     <span class='ocr_line' id='line_1_49' title="bbox 273 4694 1768 4777; baseline -0.007 -16"><span class='ocrx_word' id='word_1_336' title='bbox 273 4705 388 4777; x_wconf 68' lang='grc'><strong>(74)</strong></span> <span class='ocrx_word' id='word_1_337' title='bbox 421 4704 720 4760; x_wconf 78' lang='lat' dir='ltr'><strong>(Ecumen.</strong></span> <span class='ocrx_word' id='word_1_338' title='bbox 760 4697 1110 4777; x_wconf 50' lang='lat' dir='ltr'><strong>inlijblioth.</strong></span> <span class='ocrx_word' id='word_1_339' title='bbox 1151 4695 1372 4752; x_wconf 84' lang='lat' dir='ltr'><strong>Coisfin.</strong></span> <span class='ocrx_word' id='word_1_340' title='bbox 1416 4710 1448 4750; x_wconf 90' lang='lat' dir='ltr'><strong>a</strong></span> <span class='ocrx_word' id='word_1_341' title='bbox 1482 4695 1552 4751; x_wconf 90' lang='lat' dir='ltr'><strong>cl.</strong></span> <span class='ocrx_word' id='word_1_342' title='bbox 1593 4694 1768 4751; x_wconf 81' lang='lat' dir='ltr'><strong>Mont-</strong></span> 
     </span>
    </p>
   </div>
   <div class='ocr_carea' id='block_1_50' title="bbox 205 4770 940 4844">
    <p class='ocr_par' dir='ltr' id='par_1_50' title="bbox 205 4770 940 4844">
     <span class='ocr_line' id='line_1_50' title="bbox 205 4770 940 4844; baseline -0.008 -15"><span class='ocrx_word' id='word_1_343' title='bbox 205 4770 464 4831; x_wconf 79' lang='lat' dir='ltr'><strong>faticonio</strong></span> <span class='ocrx_word' id='word_1_344' title='bbox 492 4777 651 4844; x_wconf 16' lang='lat' dir='ltr'><strong>edita,</strong></span> <span class='ocrx_word' id='word_1_345' title='bbox 666 4789 787 4844; x_wconf 86' lang='lat' dir='ltr'><strong>pag.</strong></span> <span class='ocrx_word' id='word_1_346' title='bbox 815 4770 940 4844; x_wconf 51' lang='grc' dir='ltr'><strong>278ζ</strong></span> 
     </span>
    </p>
   </div>
   <div class='ocr_carea' id='block_1_51' title="bbox 271 4836 1762 4960">
    <p class='ocr_par' dir='ltr' id='par_1_51' title="bbox 271 4836 1762 4960">
     <span class='ocr_line' id='line_1_51' title="bbox 271 4836 1762 4960; baseline -0.005 -62"><span class='ocrx_word' id='word_1_347' title='bbox 271 4847 390 4916; x_wconf 84' lang='grc'><strong>(75)</strong></span> <span class='ocrx_word' id='word_1_348' title='bbox 419 4845 580 4899; x_wconf 87' lang='lat' dir='ltr'><strong>Tom.</strong></span> <span class='ocrx_word' id='word_1_349' title='bbox 614 4836 682 4896; x_wconf 82' lang='lat' dir='ltr'><strong>Ill</strong></span> <span class='ocrx_word' id='word_1_350' title='bbox 722 4836 851 4924; x_wconf 64' lang='lat' dir='ltr'><strong>edit.</strong></span> <span class='ocrx_word' id='word_1_351' title='bbox 899 4839 1260 4901; x_wconf 71' lang='lat' dir='ltr'><strong>Corderianaa,</strong></span> <span class='ocrx_word' id='word_1_352' title='bbox 1303 4852 1425 4960; x_wconf 52' lang='grc' dir='ltr'><strong>μᾶ.</strong></span> <span class='ocrx_word' id='word_1_353' title='bbox 1457 4837 1582 4899; x_wconf 79' lang='grc'><strong>951,</strong></span> <span class='ocrx_word' id='word_1_354' title='bbox 1613 4836 1679 4891; x_wconf 90' lang='lat' dir='ltr'><strong>ad</strong></span> <span class='ocrx_word' id='word_1_355' title='bbox 1710 4853 1762 4891; x_wconf 93' lang='lat' dir='ltr'><strong>v.</strong></span> 
     </span>
     <span class='ocr_line' id='line_1_52' title="bbox 271 4906 1762 4960; baseline 0 0"><span class='ocrx_word' id='word_1_356' title='bbox 271 4920 289 4960; x_wconf 71' lang='grc' dir='ltr'><em>ἢ</em></span> <span class='ocrx_word' id='word_1_357' title='bbox 333 4927 393 4960; x_wconf 70' lang='grc' dir='ltr'><strong><em>οι</em></strong></span> <span class='ocrx_word' id='word_1_358' title='bbox 431 4917 571 4960; x_wconf 76' lang='lat' dir='ltr'><strong>amid</strong></span> <span class='ocrx_word' id='word_1_359' title='bbox 602 4913 818 4960; x_wconf 75' lang='lat' dir='ltr'><strong>Fabric.</strong></span> <span class='ocrx_word' id='word_1_360' title='bbox 871 4920 1000 4960; x_wconf 84' lang='lat' dir='ltr'><strong>tom.</strong></span> <span class='ocrx_word' id='word_1_361' title='bbox 1034 4910 1214 4960; x_wconf 83' lang='lat' dir='ltr'><strong>lOnn.</strong></span> <span class='ocrx_word' id='word_1_362' title='bbox 1254 4906 1311 4960; x_wconf 90' lang='grc'><strong>8.</strong></span> <span class='ocrx_word' id='word_1_363' title='bbox 1411 4908 1598 4960; x_wconf 75' lang='grc' dir='ltr'><strong>ιουοΙ..</strong></span> <span class='ocrx_word' id='word_1_364' title='bbox 1642 4922 1762 4960; x_wconf 68' lang='lat' dir='ltr'><strong>nae.</strong></span> 
     </span>
    </p>
   </div>
   <div class='ocr_carea' id='block_1_52' title="bbox 205 4906 1764 5030">
    <p class='ocr_par' dir='ltr' id='par_1_52' title="bbox 205 4906 1764 5030">
     <span class='ocr_line' id='line_1_53' title="bbox 205 4906 1764 5030; baseline -0.006 -60"><span class='ocrx_word' id='word_1_365' title='bbox 205 4906 295 4980; x_wconf 65' lang='lat'><strong>87,</strong></span> <span class='ocrx_word' id='word_1_366' title='bbox 333 4906 394 4971; x_wconf 72' lang='lat' dir='ltr'><strong>et</strong></span> <span class='ocrx_word' id='word_1_367' title='bbox 431 4917 572 4985; x_wconf 87' lang='lat' dir='ltr'><strong>apud</strong></span> <span class='ocrx_word' id='word_1_368' title='bbox 593 4913 818 5000; x_wconf 37' lang='lat' dir='ltr'><strong>‘Fabric.</strong></span> <span class='ocrx_word' id='word_1_369' title='bbox 871 4920 1000 4966; x_wconf 90' lang='lat' dir='ltr'><strong>tom.</strong></span> <span class='ocrx_word' id='word_1_370' title='bbox 1034 4910 1223 4991; x_wconf 31' lang='lat' dir='ltr'><strong>[Oppi</strong></span> <span class='ocrx_word' id='word_1_371' title='bbox 1254 4906 1311 4962; x_wconf 88' lang='lat' dir='ltr'><strong>S.</strong></span> <span class='ocrx_word' id='word_1_372' title='bbox 1361 4906 1598 4977; x_wconf 90' lang='lat' dir='ltr'><strong>Hippol.,</strong></span> <span class='ocrx_word' id='word_1_373' title='bbox 1641 4922 1764 5030; x_wconf 61' lang='lat' dir='ltr'><strong>pag.</strong></span> 
     </span>
     <span class='ocr_line' id='line_1_54' title="bbox 205 4976 1763 5030; baseline 0 0"><span class='ocrx_word' id='word_1_374' title='bbox 205 4987 306 5030; x_wconf 64' lang='grc'><strong>280</strong></span> <span class='ocrx_word' id='word_1_375' title='bbox 357 4999 417 5030; x_wconf 70' lang='lat' dir='ltr'><strong>pr</strong></span> <span class='ocrx_word' id='word_1_376' title='bbox 443 4983 877 5030; x_wconf 59' lang='lat' dir='ltr'><strong>mnulﬁalland“</strong></span> <span class='ocrx_word' id='word_1_377' title='bbox 915 4990 1044 5030; x_wconf 79' lang='lat' dir='ltr'><strong>tom.</strong></span> <span class='ocrx_word' id='word_1_378' title='bbox 1070 4979 1112 5030; x_wconf 84' lang='lat' dir='ltr'><strong>ll</strong></span> <span class='ocrx_word' id='word_1_379' title='bbox 1157 4977 1298 5030; x_wconf 78' lang='lat' dir='ltr'><strong>Btbl.</strong></span> <span class='ocrx_word' id='word_1_380' title='bbox 1330 4977 1466 5030; x_wconf 85' lang='grc' dir='ltr'><strong>ΡΡ..</strong></span> <span class='ocrx_word' id='word_1_381' title='bbox 1494 4992 1614 5030; x_wconf 75' lang='lat' dir='ltr'><strong>nea.</strong></span> <span class='ocrx_word' id='word_1_382' title='bbox 1638 4976 1707 5030; x_wconf 76' lang='grc'><strong>49</strong></span> <span class='ocrx_word' id='word_1_383' title='bbox 1749 5016 1763 5030; x_wconf 93' lang='grc'>.</span> 
     </span>
    </p>
   </div>
   <div class='ocr_carea' id='block_1_53' title="bbox 202 4976 1763 5058">
    <p class='ocr_par' dir='ltr' id='par_1_53' title="bbox 202 4976 1763 5058">
     <span class='ocr_line' id='line_1_55' title="bbox 202 4976 1763 5058; baseline -0.006 -17"><span class='ocrx_word' id='word_1_384' title='bbox 202 4976 326 5051; x_wconf 68' lang='grc'><strong>280,</strong></span> <span class='ocrx_word' id='word_1_385' title='bbox 347 4999 417 5058; x_wconf 30' lang='grc' dir='ltr'><strong>,ει</strong></span> <span class='ocrx_word' id='word_1_386' title='bbox 439 4976 1112 5058; x_wconf 53' lang='lat' dir='ltr'><strong>a&#39;pudealland.,_t_om._ll</strong></span> <span class='ocrx_word' id='word_1_387' title='bbox 1131 4976 1298 5058; x_wconf 53' lang='grc' dir='ltr'><strong>Ἠώς.</strong></span> <span class='ocrx_word' id='word_1_388' title='bbox 1330 4976 1466 5058; x_wconf 47' lang='lat' dir='ltr'><strong>PE,</strong></span> <span class='ocrx_word' id='word_1_389' title='bbox 1494 4992 1614 5048; x_wconf 81' lang='lat' dir='ltr'><strong>pag.</strong></span> 
     </span>
    </p>
   </div>
   <div class='ocr_carea' id='block_1_54' title="bbox 273 5046 1769 5129">
    <p class='ocr_par' dir='ltr' id='par_1_54' title="bbox 273 5046 1769 5129">
     <span class='ocr_line' id='line_1_56' title="bbox 273 5046 1769 5129; baseline -0.007 -18"><span class='ocrx_word' id='word_1_390' title='bbox 273 5046 392 5129; x_wconf 81' lang='grc'><strong>(76)</strong></span> <span class='ocrx_word' id='word_1_391' title='bbox 435 5046 702 5129; x_wconf 52' lang='grc' dir='ltr'><strong>Εῇιδιτέιη</strong></span> <span class='ocrx_word' id='word_1_392' title='bbox 729 5068 862 5129; x_wconf 74' lang='lat' dir='ltr'><strong>cap.</strong></span> <span class='ocrx_word' id='word_1_393' title='bbox 887 5053 952 5129; x_wconf 59' lang='lat' dir='ltr'><strong>lt)</strong></span> <span class='ocrx_word' id='word_1_394' title='bbox 1006 5052 1218 5129; x_wconf 79' lang='lat' dir='ltr'><strong>advers.</strong></span> <span class='ocrx_word' id='word_1_395' title='bbox 1259 5046 1769 5129; x_wconf 36' lang='lat' dir='ltr'><strong>Psyclropan‘n‘ychi-</strong></span> 
     </span>
    </p>
   </div>
   <div class='ocr_carea' id='block_1_55' title="bbox 203 5119 1769 5189">
    <p class='ocr_par' dir='ltr' id='par_1_55' title="bbox 203 5119 1769 5189">
     <span class='ocr_line' id='line_1_57' title="bbox 203 5119 1769 5189; baseline -0.006 -9"><span class='ocrx_word' id='word_1_396' title='bbox 203 5119 308 5182; x_wconf 76' lang='lat' dir='ltr'><strong>tas.</strong></span> <span class='ocrx_word' id='word_1_397' title='bbox 345 5119 428 5182; x_wconf 77' lang='lat' dir='ltr'><strong>Ex</strong></span> <span class='ocrx_word' id='word_1_398' title='bbox 467 5125 649 5180; x_wconf 88' lang='lat' dir='ltr'><strong>Leone</strong></span> <span class='ocrx_word' id='word_1_399' title='bbox 680 5119 878 5178; x_wconf 81' lang='lat' dir='ltr'><strong>Allatio</strong></span> <span class='ocrx_word' id='word_1_400' title='bbox 904 5123 970 5177; x_wconf 92' lang='lat' dir='ltr'><strong>de</strong></span> <span class='ocrx_word' id='word_1_401' title='bbox 998 5122 1280 5189; x_wconf 89' lang='lat' dir='ltr'><strong>utriusque</strong></span> <span class='ocrx_word' id='word_1_402' title='bbox 1310 5119 1574 5189; x_wconf 70' lang='lat' dir='ltr'><strong>Ecclesiae</strong></span> <span class='ocrx_word' id='word_1_403' title='bbox 1607 5119 1769 5172; x_wconf 67' lang='lat' dir='ltr'><strong>Oecio</strong></span> 
     </span>
    </p>
   </div>
   <div class='ocr_carea' id='block_1_56' title="bbox 204 5188 1767 5270">
    <p class='ocr_par' dir='ltr' id='par_1_56' title="bbox 204 5188 1767 5270">
     <span class='ocr_line' id='line_1_58' title="bbox 204 5188 1767 5270; baseline -0.004 -21"><span class='ocrx_word' id='word_1_404' title='bbox 204 5198 444 5253; x_wconf 80' lang='lat' dir='ltr'><strong>dentalis</strong></span> <span class='ocrx_word' id='word_1_405' title='bbox 474 5199 651 5270; x_wconf 12' lang='lat' dir='ltr'><strong>iatrjue</strong></span> <span class='ocrx_word' id='word_1_406' title='bbox 681 5193 970 5270; x_wconf 82' lang='lat' dir='ltr'><strong>Orientalis</strong></span> <span class='ocrx_word' id='word_1_407' title='bbox 1000 5188 1256 5270; x_wconf 48' lang='lat' dir='ltr'><strong>perpetire</strong></span> <span class='ocrx_word' id='word_1_408' title='bbox 1381 5259 1394 5270; x_wconf 36' lang='grc' dir='ltr'><strong>ε</strong></span> <span class='ocrx_word' id='word_1_409' title='bbox 1413 5191 1662 5270; x_wconf 78' lang='lat' dir='ltr'><strong>dogmate</strong></span> <span class='ocrx_word' id='word_1_410' title='bbox 1701 5189 1767 5270; x_wconf 59' lang='lat' dir='ltr'><strong>de</strong></span> 
     </span>
    </p>
   </div>
   <div class='ocr_carea' id='block_1_57' title="bbox 206 5255 1767 5340">
    <p class='ocr_par' dir='ltr' id='par_1_57' title="bbox 206 5255 1767 5340">
     <span class='ocr_line' id='line_1_59' title="bbox 206 5255 1767 5340; baseline -0.008 -20"><span class='ocrx_word' id='word_1_411' title='bbox 206 5269 526 5340; x_wconf 90' lang='lat' dir='ltr'><strong>purgatorio</strong></span> <span class='ocrx_word' id='word_1_412' title='bbox 560 5255 950 5340; x_wconf 65' lang='lat' dir='ltr'><strong>consensione,</strong></span> <span class='ocrx_word' id='word_1_413' title='bbox 987 5255 1117 5333; x_wconf 59' lang='lat' dir='ltr'><strong>pag:</strong></span> <span class='ocrx_word' id='word_1_414' title='bbox 1149 5260 1272 5316; x_wconf 67' lang='grc'><strong>492.</strong></span> <span class='ocrx_word' id='word_1_415' title='bbox 1301 5255 1539 5325; x_wconf 44' lang='lat' dir='ltr'><strong>Fabrici,</strong></span> <span class='ocrx_word' id='word_1_416' title='bbox 1568 5268 1700 5314; x_wconf 89' lang='lat' dir='ltr'><strong>tom.</strong></span> <span class='ocrx_word' id='word_1_417' title='bbox 1726 5255 1767 5309; x_wconf 94' lang='lat' dir='ltr'><strong>ll</strong></span> 
     </span>
    </p>
   </div>
   <div class='ocr_carea' id='block_1_58' title="bbox 206 5334 1022 5416">
    <p class='ocr_par' dir='ltr' id='par_1_58' title="bbox 206 5334 1022 5416">
     <span class='ocr_line' id='line_1_60' title="bbox 206 5334 1022 5416; baseline 0.026 -16"><span class='ocrx_word' id='word_1_418' title='bbox 206 5334 619 5416; x_wconf 49' lang='grc' dir='ltr'><strong>θρίξ-μιξρροῐη</strong></span> <span class='ocrx_word' id='word_1_419' title='bbox 650 5352 768 5416; x_wconf 68' lang='lat'><strong>928-</strong></span> <span class='ocrx_word' id='word_1_420' title='bbox 805 5334 895 5416; x_wconf 54' lang='grc' dir='ltr'><strong>δελ</strong></span> 
     </span>
    </p>
   </div>
   <div class='ocr_carea' id='block_1_59' title="bbox 279 5396 1764 5482">
    <p class='ocr_par' dir='ltr' id='par_1_59' title="bbox 279 5396 1764 5482">
     <span class='ocr_line' id='line_1_61' title="bbox 279 5396 1764 5482; baseline -0.008 -21"><span class='ocrx_word' id='word_1_421' title='bbox 279 5396 392 5482; x_wconf 68' lang='grc'><strong>(77)</strong></span> <span class='ocrx_word' id='word_1_422' title='bbox 421 5396 921 5482; x_wconf 42' lang='grc' dir='ltr'><strong>ιῖξὲὺτίέίοῖψκὲ</strong></span> <span class='ocrx_word' id='word_1_423' title='bbox 963 5402 1175 5474; x_wconf 86' lang='lat' dir='ltr'><strong>Hippol.</strong></span> <span class='ocrx_word' id='word_1_424' title='bbox 1221 5411 1355 5457; x_wconf 89' lang='lat' dir='ltr'><strong>tom.</strong></span> <span class='ocrx_word' id='word_1_425' title='bbox 1390 5397 1432 5466; x_wconf 88' lang='grc' dir='ltr'><strong>Ῑ,</strong></span> <span class='ocrx_word' id='word_1_426' title='bbox 1472 5414 1593 5469; x_wconf 87' lang='lat' dir='ltr'><strong>pag.</strong></span> <span class='ocrx_word' id='word_1_427' title='bbox 1629 5396 1764 5462; x_wconf 87' lang='lat'><strong>272;</strong></span> 
     </span>
    </p>
   </div>
   <div class='ocr_carea' id='block_1_60' title="bbox 209 5475 932 5547">
    <p class='ocr_par' dir='ltr' id='par_1_60' title="bbox 209 5475 932 5547">
     <span class='ocr_line' id='line_1_62' title="bbox 209 5475 932 5547; baseline -0.006 -13"><span class='ocrx_word' id='word_1_428' title='bbox 209 5475 455 5535; x_wconf 79' lang='lat' dir='ltr'><strong>Galland.</strong></span> <span class='ocrx_word' id='word_1_429' title='bbox 492 5480 532 5533; x_wconf 86' lang='grc' dir='ltr'><strong>ι.</strong></span> <span class='ocrx_word' id='word_1_430' title='bbox 561 5493 614 5532; x_wconf 86' lang='lat' dir='ltr'><strong>c.</strong></span> <span class='ocrx_word' id='word_1_431' title='bbox 649 5493 771 5547; x_wconf 81' lang='lat' dir='ltr'><strong>pag.</strong></span> <span class='ocrx_word' id='word_1_432' title='bbox 806 5475 932 5547; x_wconf 72' lang='grc'><strong>490.</strong></span> 
     </span>
    </p>
   </div>
   <div class='ocr_carea' id='block_1_61' title="bbox 276 5538 1556 5664">
    <p class='ocr_par' dir='ltr' id='par_1_61' title="bbox 276 5538 1556 5664">
     <span class='ocr_line' id='line_1_63' title="bbox 276 5538 1556 5664; baseline -0.006 -62"><span class='ocrx_word' id='word_1_433' title='bbox 276 5551 391 5622; x_wconf 88' lang='grc'><strong>(78)</strong></span> <span class='ocrx_word' id='word_1_434' title='bbox 419 5538 682 5630; x_wconf 72' lang='lat' dir='ltr'><strong>Anastas.</strong></span> <span class='ocrx_word' id='word_1_435' title='bbox 711 5538 928 5628; x_wconf 67' lang='lat' dir='ltr'><strong>Sinait.,</strong></span> <span class='ocrx_word' id='word_1_436' title='bbox 957 5541 1403 5664; x_wconf 46' lang='lat' dir='ltr'><strong>qumst.&#39;48,p:{g.</strong></span> <span class='ocrx_word' id='word_1_437' title='bbox 1432 5538 1556 5594; x_wconf 80' lang='grc'><strong>527.</strong></span> 
     </span>
     <span class='ocr_line' id='line_1_64' title="bbox 276 5615 1538 5664; baseline 0 0"><span class='ocrx_word' id='word_1_438' title='bbox 276 5621 388 5664; x_wconf 76' lang='lat' dir='ltr'><strong>nm</strong></span> <span class='ocrx_word' id='word_1_439' title='bbox 424 5621 635 5664; x_wconf 70' lang='grc' dir='ltr'><strong>Ρςιιηυιιε-</strong></span> <span class='ocrx_word' id='word_1_440' title='bbox 680 5617 929 5664; x_wconf 78' lang='grc' dir='ltr'><strong>ΒώιιυιΙι.</strong></span> <span class='ocrx_word' id='word_1_441' title='bbox 961 5619 1152 5664; x_wconf 65' lang='grc' dir='ltr'><strong>ειπερ..</strong></span> <span class='ocrx_word' id='word_1_442' title='bbox 1186 5615 1291 5664; x_wconf 89' lang='lat' dir='ltr'><strong>vol.</strong></span> <span class='ocrx_word' id='word_1_443' title='bbox 1374 5651 1389 5664; x_wconf 91' lang='lat'><strong>.</strong></span> <span class='ocrx_word' id='word_1_444' title='bbox 1420 5625 1538 5664; x_wconf 68' lang='lat' dir='ltr'><strong>nan.</strong></span> 
     </span>
    </p>
   </div>
   <div class='ocr_carea' id='block_1_62' title="bbox 275 5606 1693 5692">
    <p class='ocr_par' dir='ltr' id='par_1_62' title="bbox 275 5606 1693 5692">
     <span class='ocr_line' id='line_1_65' title="bbox 275 5606 1693 5692; baseline -0.006 -21"><span class='ocrx_word' id='word_1_445' title='bbox 275 5606 388 5691; x_wconf 67' lang='lat'><strong>(793</strong></span> <span class='ocrx_word' id='word_1_446' title='bbox 421 5620 645 5692; x_wconf 60' lang='lat' dir='ltr'><strong>Fabric._</strong></span> <span class='ocrx_word' id='word_1_447' title='bbox 675 5606 929 5692; x_wconf 50' lang='grc' dir='ltr'><strong>Βίωίυιιιέ</strong></span> <span class='ocrx_word' id='word_1_448' title='bbox 961 5606 1152 5692; x_wconf 51' lang='lat' dir='ltr'><strong>Graec&quot;</strong></span> <span class='ocrx_word' id='word_1_449' title='bbox 1186 5606 1300 5669; x_wconf 75' lang='lat' dir='ltr'><strong>vol:</strong></span> <span class='ocrx_word' id='word_1_450' title='bbox 1326 5606 1693 5692; x_wconf 49' lang='lat' dir='ltr'><strong>V,&#39;Ba‘g:_206.</strong></span> 
     </span>
    </p>
   </div>
   <div class='ocr_carea' id='block_1_63' title="bbox 276 5679 1582 5761">
    <p class='ocr_par' dir='ltr' id='par_1_63' title="bbox 276 5679 1582 5761">
     <span class='ocr_line' id='line_1_66' title="bbox 276 5679 1582 5761; baseline -0.008 -17"><span class='ocrx_word' id='word_1_451' title='bbox 276 5679 388 5761; x_wconf 61' lang='lat'><strong>(80&#39;)</strong></span> <span class='ocrx_word' id='word_1_452' title='bbox 419 5689 679 5744; x_wconf 75' lang='lat' dir='ltr'><strong>Biblioth.</strong></span> <span class='ocrx_word' id='word_1_453' title='bbox 716 5686 870 5761; x_wconf 61' lang='lat' dir='ltr'><strong>Patr.</strong></span> <span class='ocrx_word' id='word_1_454' title='bbox 904 5686 1176 5761; x_wconf 34' lang='lat' dir='ltr'><strong>fiugdun...</strong></span> <span class='ocrx_word' id='word_1_455' title='bbox 1206 5695 1337 5761; x_wconf 82' lang='lat' dir='ltr'><strong>tom.</strong></span> <span class='ocrx_word' id='word_1_456' title='bbox 1371 5679 1582 5734; x_wconf 75' lang='lat' dir='ltr'><strong>XXVII.</strong></span> 
     </span>
    </p>
   </div>
   <div class='ocr_carea' id='block_1_64' title="bbox 273 5747 1764 5834">
    <p class='ocr_par' dir='ltr' id='par_1_64' title="bbox 273 5747 1764 5834">
     <span class='ocr_line' id='line_1_67' title="bbox 273 5747 1764 5834; baseline -0.007 -18"><span class='ocrx_word' id='word_1_457' title='bbox 273 5747 386 5834; x_wconf 72' lang='grc'><strong>(81</strong></span> <span class='ocrx_word' id='word_1_458' title='bbox 416 5761 607 5834; x_wconf 62' lang='grc' dir='ltr'><strong>Ἐξηπ.</strong></span> <span class='ocrx_word' id='word_1_459' title='bbox 666 5747 1051 5834; x_wconf 65' lang='lat' dir='ltr'><strong>tom._l_0pp.</strong></span> <span class='ocrx_word' id='word_1_460' title='bbox 1094 5753 1404 5825; x_wconf 87' lang='lat' dir='ltr'><strong>Hippolyt.,</strong></span> <span class='ocrx_word' id='word_1_461' title='bbox 1454 5766 1578 5822; x_wconf 85' lang='lat' dir='ltr'><strong>pag.</strong></span> <span class='ocrx_word' id='word_1_462' title='bbox 1620 5747 1764 5815; x_wconf 84' lang='lat'><strong>278;</strong></span> 
     </span>
    </p>
   </div>
   <div class='ocr_carea' id='block_1_65' title="bbox 209 5825 941 5902">
    <p class='ocr_par' dir='ltr' id='par_1_65' title="bbox 209 5825 941 5902">
     <span class='ocr_line' id='line_1_68' title="bbox 209 5825 941 5902; baseline -0.005 -15"><span class='ocrx_word' id='word_1_463' title='bbox 209 5825 453 5888; x_wconf 77' lang='lat' dir='ltr'><strong>Galland.</strong></span> <span class='ocrx_word' id='word_1_464' title='bbox 487 5833 522 5887; x_wconf 90' lang='lat' dir='ltr'><strong>l.</strong></span> <span class='ocrx_word' id='word_1_465' title='bbox 549 5846 628 5899; x_wconf 89' lang='lat' dir='ltr'><strong>c.,</strong></span> <span class='ocrx_word' id='word_1_466' title='bbox 655 5843 779 5902; x_wconf 87' lang='lat' dir='ltr'><strong>pag.</strong></span> <span class='ocrx_word' id='word_1_467' title='bbox 809 5825 941 5901; x_wconf 38' lang='grc'><strong>446..</strong></span> 
     </span>
    </p>
   </div>
   <div class='ocr_carea' id='block_1_66' title="bbox 1897 571 3458 645">
    <p class='ocr_par' dir='ltr' id='par_1_66' title="bbox 1897 571 3458 645">
     <span class='ocr_line' id='line_1_69' title="bbox 1897 571 3458 645; baseline 0.003 -20"><span class='ocrx_word' id='word_1_468' title='bbox 1897 571 2160 642; x_wconf 72' lang='lat' dir='ltr'><strong>bylonica:</strong></span> <span class='ocrx_word' id='word_1_469' title='bbox 2188 571 2435 641; x_wconf 89' lang='lat' dir='ltr'><strong>promisit</strong></span> <span class='ocrx_word' id='word_1_470' title='bbox 2465 571 2702 627; x_wconf 87' lang='lat' dir='ltr'><strong>scribere</strong></span> <span class='ocrx_word' id='word_1_471' title='bbox 2733 583 2896 642; x_wconf 90' lang='lat' dir='ltr'><strong>atque</strong></span> <span class='ocrx_word' id='word_1_472' title='bbox 2934 573 3095 628; x_wconf 92' lang='lat' dir='ltr'><strong>simul</strong></span> <span class='ocrx_word' id='word_1_473' title='bbox 3136 575 3186 628; x_wconf 89' lang='lat' dir='ltr'><strong>in</strong></span> <span class='ocrx_word' id='word_1_474' title='bbox 3225 577 3458 645; x_wconf 83' lang='lat' dir='ltr'><strong>prophe-</strong></span> 
     </span>
    </p>
   </div>
   <div class='ocr_carea' id='block_1_67' title="bbox 1896 664 3458 736">
    <p class='ocr_par' dir='ltr' id='par_1_67' title="bbox 1896 664 3458 736">
     <span class='ocr_line' id='line_1_70' title="bbox 1896 664 3458 736; baseline 0.003 -19"><span class='ocrx_word' id='word_1_475' title='bbox 1896 671 2004 718; x_wconf 89' lang='lat' dir='ltr'><strong>tam</strong></span> <span class='ocrx_word' id='word_1_476' title='bbox 2025 664 2295 718; x_wconf 89' lang='lat' dir='ltr'><strong>Dauielem</strong></span> <span class='ocrx_word' id='word_1_477' title='bbox 2321 664 2696 719; x_wconf 89' lang='lat' dir='ltr'><strong>commentari.</strong></span> <span class='ocrx_word' id='word_1_478' title='bbox 2716 667 2891 732; x_wconf 73' lang='lat' dir='ltr'><strong>Atque</strong></span> <span class='ocrx_word' id='word_1_479' title='bbox 2916 666 3027 720; x_wconf 72' lang='lat' dir='ltr'><strong>haec</strong></span> <span class='ocrx_word' id='word_1_480' title='bbox 3045 667 3230 720; x_wconf 89' lang='lat' dir='ltr'><strong>omnia</strong></span> <span class='ocrx_word' id='word_1_481' title='bbox 3253 668 3458 736; x_wconf 88' lang='lat' dir='ltr'><strong>optime</strong></span> 
     </span>
    </p>
   </div>
   <div class='ocr_carea' id='block_1_68' title="bbox 1896 754 3456 826">
    <p class='ocr_par' dir='ltr' id='par_1_68' title="bbox 1896 754 3456 826">
     <span class='ocr_line' id='line_1_71' title="bbox 1896 754 3456 826; baseline 0.003 -18"><span class='ocrx_word' id='word_1_482' title='bbox 1896 765 2209 826; x_wconf 90' lang='lat' dir='ltr'><strong>congruunt</strong></span> <span class='ocrx_word' id='word_1_483' title='bbox 2243 754 2548 825; x_wconf 86' lang='lat' dir='ltr'><strong>Hippolyto.</strong></span> <span class='ocrx_word' id='word_1_484' title='bbox 2605 754 3050 824; x_wconf 89' lang='lat' dir='ltr'><strong>Sapientissimus</strong></span> <span class='ocrx_word' id='word_1_485' title='bbox 3089 759 3253 812; x_wconf 91' lang='lat' dir='ltr'><strong>etiam</strong></span> <span class='ocrx_word' id='word_1_486' title='bbox 3289 757 3456 812; x_wconf 88' lang='lat' dir='ltr'><strong>Tille-</strong></span> 
     </span>
    </p>
   </div>
   <div class='ocr_carea' id='block_1_69' title="bbox 1897 844 3458 916">
    <p class='ocr_par' dir='ltr' id='par_1_69' title="bbox 1897 844 3458 916">
     <span class='ocr_line' id='line_1_72' title="bbox 1897 844 3458 916; baseline 0.006 -20"><span class='ocrx_word' id='word_1_487' title='bbox 1897 844 2142 898; x_wconf 90' lang='lat' dir='ltr'><strong>montius</strong></span> <span class='ocrx_word' id='word_1_488' title='bbox 2169 844 2280 916; x_wconf 88' lang='lat'><strong>(82)</strong></span> <span class='ocrx_word' id='word_1_489' title='bbox 2296 845 2502 912; x_wconf 88' lang='lat' dir='ltr'><strong>judicat</strong></span> <span class='ocrx_word' id='word_1_490' title='bbox 2522 847 2624 898; x_wconf 88' lang='lat' dir='ltr'><strong>hoc</strong></span> <span class='ocrx_word' id='word_1_491' title='bbox 2646 845 3005 912; x_wconf 81' lang='lat' dir='ltr'><strong>fragmentum</strong></span> <span class='ocrx_word' id='word_1_492' title='bbox 3033 849 3165 902; x_wconf 87' lang='lat' dir='ltr'><strong>satis</strong></span> <span class='ocrx_word' id='word_1_493' title='bbox 3177 849 3458 906; x_wconf 76' lang='lat' dir='ltr'><strong>conformo</strong></span> 
     </span>
    </p>
   </div>
   <div class='ocr_carea' id='block_1_70' title="bbox 1893 937 3455 1007">
    <p class='ocr_par' dir='ltr' id='par_1_70' title="bbox 1893 937 3455 1007">
     <span class='ocr_line' id='line_1_73' title="bbox 1893 937 3455 1007; baseline 0.005 -17"><span class='ocrx_word' id='word_1_494' title='bbox 1893 951 2013 992; x_wconf 89' lang='lat' dir='ltr'><strong>esse</strong></span> <span class='ocrx_word' id='word_1_495' title='bbox 2055 953 2316 1004; x_wconf 65' lang='lat' dir='ltr'><strong>censura},</strong></span> <span class='ocrx_word' id='word_1_496' title='bbox 2349 954 2512 1007; x_wconf 91' lang='lat' dir='ltr'><strong>quam</strong></span> <span class='ocrx_word' id='word_1_497' title='bbox 2560 937 2787 993; x_wconf 90' lang='lat' dir='ltr'><strong>Photius</strong></span> <span class='ocrx_word' id='word_1_498' title='bbox 2819 940 2886 993; x_wconf 89' lang='lat' dir='ltr'><strong>de</strong></span> <span class='ocrx_word' id='word_1_499' title='bbox 2920 943 3314 996; x_wconf 89' lang='lat' dir='ltr'><strong>commentario</strong></span> <span class='ocrx_word' id='word_1_500' title='bbox 3357 959 3455 997; x_wconf 89' lang='lat' dir='ltr'><strong>no-</strong></span> 
     </span>
    </p>
   </div>
   <div class='ocr_carea' id='block_1_71' title="bbox 1892 1029 3453 1107">
    <p class='ocr_par' dir='ltr' id='par_1_71' title="bbox 1892 1029 3453 1107">
     <span class='ocr_line' id='line_1_74' title="bbox 1892 1029 3453 1107; baseline 0.005 -23"><span class='ocrx_word' id='word_1_501' title='bbox 1892 1029 1992 1084; x_wconf 87' lang='lat' dir='ltr'><strong>stri</strong></span> <span class='ocrx_word' id='word_1_502' title='bbox 2037 1030 2210 1084; x_wconf 81' lang='lat' dir='ltr'><strong>sancti</strong></span> <span class='ocrx_word' id='word_1_503' title='bbox 2265 1030 2320 1084; x_wconf 92' lang='lat' dir='ltr'><strong>in</strong></span> <span class='ocrx_word' id='word_1_504' title='bbox 2369 1029 2643 1086; x_wconf 87' lang='lat' dir='ltr'><strong>Danielem</strong></span> <span class='ocrx_word' id='word_1_505' title='bbox 2699 1032 2858 1087; x_wconf 85' lang='lat' dir='ltr'><strong>nobis</strong></span> <span class='ocrx_word' id='word_1_506' title='bbox 2909 1034 3149 1104; x_wconf 88' lang='lat' dir='ltr'><strong>reliquit.</strong></span> <span class='ocrx_word' id='word_1_507' title='bbox 3185 1035 3453 1107; x_wconf 84' lang='lat' dir='ltr'><strong>Dupinius</strong></span> 
     </span>
    </p>
   </div>
   <div class='ocr_carea' id='block_1_72' title="bbox 1890 1123 3454 1197">
    <p class='ocr_par' dir='ltr' id='par_1_72' title="bbox 1890 1123 3454 1197">
     <span class='ocr_line' id='line_1_75' title="bbox 1890 1123 3454 1197; baseline 0.007 -25"><span class='ocrx_word' id='word_1_508' title='bbox 1890 1136 2020 1176; x_wconf 83' lang='lat' dir='ltr'><strong>vero</strong></span> <span class='ocrx_word' id='word_1_509' title='bbox 2051 1123 2356 1177; x_wconf 90' lang='lat' dir='ltr'><strong>econtrario</strong></span> <span class='ocrx_word' id='word_1_510' title='bbox 2383 1135 2568 1178; x_wconf 90' lang='lat' dir='ltr'><strong>censet</strong></span> <span class='ocrx_word' id='word_1_511' title='bbox 2603 1141 2776 1195; x_wconf 89' lang='lat' dir='ltr'><strong>neque</strong></span> <span class='ocrx_word' id='word_1_512' title='bbox 2809 1125 2910 1180; x_wconf 94' lang='lat' dir='ltr'><strong>hoc</strong></span> <span class='ocrx_word' id='word_1_513' title='bbox 2939 1125 3322 1197; x_wconf 86' lang='lat' dir='ltr'><strong>fragmentum,</strong></span> <span class='ocrx_word' id='word_1_514' title='bbox 3356 1145 3454 1183; x_wconf 80' lang='lat' dir='ltr'><strong>ue-</strong></span> 
     </span>
    </p>
   </div>
   <div class='ocr_carea' id='block_1_73' title="bbox 1890 1213 3455 1282">
    <p class='ocr_par' dir='ltr' id='par_1_73' title="bbox 1890 1213 3455 1282">
     <span class='ocr_line' id='line_1_76' title="bbox 1890 1213 3455 1282; baseline 0.008 -18"><span class='ocrx_word' id='word_1_515' title='bbox 1890 1225 1996 1280; x_wconf 87' lang='lat' dir='ltr'><strong>que</strong></span> <span class='ocrx_word' id='word_1_516' title='bbox 2021 1213 2411 1282; x_wconf 81' lang='lat' dir='ltr'><strong>expositionem</strong></span> <span class='ocrx_word' id='word_1_517' title='bbox 2443 1217 2658 1270; x_wconf 88' lang='lat' dir='ltr'><strong>brevem</strong></span> <span class='ocrx_word' id='word_1_518' title='bbox 2693 1217 2934 1271; x_wconf 74' lang='lat' dir='ltr'><strong>historiae</strong></span> <span class='ocrx_word' id='word_1_519' title='bbox 2955 1218 3020 1272; x_wconf 91' lang='lat' dir='ltr'><strong>de</strong></span> <span class='ocrx_word' id='word_1_520' title='bbox 3046 1218 3296 1274; x_wconf 89' lang='lat' dir='ltr'><strong>Susanna</strong></span> <span class='ocrx_word' id='word_1_521' title='bbox 3319 1236 3455 1275; x_wconf 88' lang='lat' dir='ltr'><strong>con-</strong></span> 
     </span>
    </p>
   </div>
   <div class='ocr_carea' id='block_1_74' title="bbox 1890 1301 3454 1380">
    <p class='ocr_par' dir='ltr' id='par_1_74' title="bbox 1890 1301 3454 1380">
     <span class='ocr_line' id='line_1_77' title="bbox 1890 1301 3454 1380; baseline 0.008 -27"><span class='ocrx_word' id='word_1_522' title='bbox 1890 1301 2072 1355; x_wconf 87' lang='lat' dir='ltr'><strong>venire</strong></span> <span class='ocrx_word' id='word_1_523' title='bbox 2113 1303 2256 1356; x_wconf 62' lang='lat' dir='ltr'><strong>inlati</strong></span> <span class='ocrx_word' id='word_1_524' title='bbox 2303 1314 2358 1358; x_wconf 87' lang='lat' dir='ltr'><strong>et</strong></span> <span class='ocrx_word' id='word_1_525' title='bbox 2390 1304 2693 1360; x_wconf 88' lang='lat' dir='ltr'><strong>characteri</strong></span> <span class='ocrx_word' id='word_1_526' title='bbox 2729 1307 2836 1360; x_wconf 77' lang='lat' dir='ltr'><strong>divi</strong></span> <span class='ocrx_word' id='word_1_527' title='bbox 2869 1305 3138 1378; x_wconf 85' lang='lat' dir='ltr'><strong>Hippolyti</strong></span> <span class='ocrx_word' id='word_1_528' title='bbox 3180 1309 3312 1380; x_wconf 82' lang='grc'><strong>(83).</strong></span> <span class='ocrx_word' id='word_1_529' title='bbox 3350 1310 3454 1364; x_wconf 77' lang='lat' dir='ltr'><strong>Ve-</strong></span> 
     </span>
    </p>
   </div>
   <div class='ocr_carea' id='block_1_75' title="bbox 1889 1390 3452 1468">
    <p class='ocr_par' dir='ltr' id='par_1_75' title="bbox 1889 1390 3452 1468">
     <span class='ocr_line' id='line_1_78' title="bbox 1889 1390 3452 1468; baseline 0.01 -28"><span class='ocrx_word' id='word_1_530' title='bbox 1889 1403 2010 1441; x_wconf 90' lang='lat' dir='ltr'><strong>rum</strong></span> <span class='ocrx_word' id='word_1_531' title='bbox 2041 1390 2350 1461; x_wconf 88' lang='lat' dir='ltr'><strong>quicunque</strong></span> <span class='ocrx_word' id='word_1_532' title='bbox 2379 1393 2620 1447; x_wconf 87' lang='lat' dir='ltr'><strong>laborem</strong></span> <span class='ocrx_word' id='word_1_533' title='bbox 2656 1395 2709 1448; x_wconf 92' lang='lat' dir='ltr'><strong>in</strong></span> <span class='ocrx_word' id='word_1_534' title='bbox 2741 1411 2798 1450; x_wconf 92' lang='lat' dir='ltr'><strong>se</strong></span> <span class='ocrx_word' id='word_1_535' title='bbox 2842 1398 2958 1450; x_wconf 85' lang='lat' dir='ltr'><strong>vult</strong></span> <span class='ocrx_word' id='word_1_536' title='bbox 2997 1399 3270 1468; x_wconf 87' lang='lat' dir='ltr'><strong>suscipere</strong></span> <span class='ocrx_word' id='word_1_537' title='bbox 3299 1416 3452 1454; x_wconf 87' lang='lat' dir='ltr'><strong>com-</strong></span> 
     </span>
    </p>
   </div>
   <div class='ocr_carea' id='block_1_76' title="bbox 1889 1483 3453 1562">
    <p class='ocr_par' dir='ltr' id='par_1_76' title="bbox 1889 1483 3453 1562">
     <span class='ocr_line' id='line_1_79' title="bbox 1889 1483 3453 1562; baseline 0.008 -29"><span class='ocrx_word' id='word_1_538' title='bbox 1889 1483 2113 1549; x_wconf 91' lang='lat' dir='ltr'><strong>parandi</strong></span> <span class='ocrx_word' id='word_1_539' title='bbox 2159 1483 2267 1537; x_wconf 90' lang='lat' dir='ltr'><strong>hoc</strong></span> <span class='ocrx_word' id='word_1_540' title='bbox 2302 1484 2552 1539; x_wconf 93' lang='lat' dir='ltr'><strong>ultimum</strong></span> <span class='ocrx_word' id='word_1_541' title='bbox 2600 1488 2959 1556; x_wconf 85' lang='lat' dir='ltr'><strong>fragmentum</strong></span> <span class='ocrx_word' id='word_1_542' title='bbox 2993 1505 3117 1544; x_wconf 91' lang='lat' dir='ltr'><strong>cum</strong></span> <span class='ocrx_word' id='word_1_543' title='bbox 3149 1491 3256 1545; x_wconf 90' lang='lat' dir='ltr'><strong>alio</strong></span> <span class='ocrx_word' id='word_1_544' title='bbox 3291 1494 3453 1562; x_wconf 90' lang='lat' dir='ltr'><strong>paulo</strong></span> 
     </span>
    </p>
   </div>
   <div class='ocr_carea' id='block_1_77' title="bbox 1890 1573 3449 1657">
    <p class='ocr_par' dir='ltr' id='par_1_77' title="bbox 1890 1573 3449 1657">
     <span class='ocr_line' id='line_1_80' title="bbox 1890 1573 3449 1657; baseline 0.01 -31"><span class='ocrx_word' id='word_1_545' title='bbox 1890 1573 2133 1657; x_wconf 74' lang='lat' dir='ltr'><strong>longiori</strong></span> <span class='ocrx_word' id='word_1_546' title='bbox 2151 1590 2314 1644; x_wconf 90' lang='lat' dir='ltr'><strong>super</strong></span> <span class='ocrx_word' id='word_1_547' title='bbox 2343 1575 2589 1631; x_wconf 86' lang='lat' dir='ltr'><strong>lsaacum</strong></span> <span class='ocrx_word' id='word_1_548' title='bbox 2625 1588 2677 1633; x_wconf 91' lang='lat' dir='ltr'><strong>et</strong></span> <span class='ocrx_word' id='word_1_549' title='bbox 2711 1578 3008 1635; x_wconf 80' lang='lat' dir='ltr'><strong>Hebeccam</strong></span> <span class='ocrx_word' id='word_1_550' title='bbox 3041 1599 3069 1637; x_wconf 94' lang='lat' dir='ltr'><strong>a</strong></span> <span class='ocrx_word' id='word_1_551' title='bbox 3096 1582 3159 1636; x_wconf 94' lang='lat' dir='ltr'><strong>D.</strong></span> <span class='ocrx_word' id='word_1_552' title='bbox 3183 1582 3449 1657; x_wconf 85' lang='lat' dir='ltr'><strong>Hierony-</strong></span> 
     </span>
    </p>
   </div>
   <div class='ocr_carea' id='block_1_78' title="bbox 1890 1652 3448 1748">
    <p class='ocr_par' dir='ltr' id='par_1_78' title="bbox 1890 1652 3448 1748">
     <span class='ocr_line' id='line_1_81' title="bbox 1890 1652 3448 1748; baseline 0.011 -33"><span class='ocrx_word' id='word_1_553' title='bbox 1890 1678 1978 1716; x_wconf 92' lang='lat' dir='ltr'><strong>mo</strong></span> <span class='ocrx_word' id='word_1_554' title='bbox 2009 1652 2133 1735; x_wconf 39' lang='lat'><strong>(84).</strong></span> <span class='ocrx_word' id='word_1_555' title='bbox 2148 1666 2336 1732; x_wconf 88' lang='lat' dir='ltr'><strong>relato,</strong></span> <span class='ocrx_word' id='word_1_556' title='bbox 2367 1679 2512 1723; x_wconf 89' lang='lat' dir='ltr'><strong>certe</strong></span> <span class='ocrx_word' id='word_1_557' title='bbox 2542 1671 2909 1726; x_wconf 88' lang='lat' dir='ltr'><strong>omnimodam</strong></span> <span class='ocrx_word' id='word_1_558' title='bbox 2945 1684 2997 1728; x_wconf 89' lang='lat' dir='ltr'><strong>et</strong></span> <span class='ocrx_word' id='word_1_559' title='bbox 3019 1674 3220 1745; x_wconf 87' lang='lat' dir='ltr'><strong>ingenii</strong></span> <span class='ocrx_word' id='word_1_560' title='bbox 3247 1685 3300 1732; x_wconf 88' lang='lat' dir='ltr'><strong>et</strong></span> <span class='ocrx_word' id='word_1_561' title='bbox 3324 1652 3448 1748; x_wconf 81' lang='lat' dir='ltr'><strong>styli</strong></span> 
     </span>
    </p>
   </div>
   <div class='ocr_carea' id='block_1_79' title="bbox 1887 1753 2749 1822">
    <p class='ocr_par' dir='ltr' id='par_1_79' title="bbox 1887 1753 2749 1822">
     <span class='ocr_line' id='line_1_82' title="bbox 1887 1753 2749 1822; baseline 0.012 -16"><span class='ocrx_word' id='word_1_562' title='bbox 1887 1753 2250 1822; x_wconf 86' lang='lat' dir='ltr'><strong>deprehendet</strong></span> <span class='ocrx_word' id='word_1_563' title='bbox 2283 1759 2749 1816; x_wconf 89' lang='lat' dir='ltr'><strong>conformitatem.</strong></span> 
     </span>
    </p>
   </div>
   <div class='ocr_carea' id='block_1_80' title="bbox 1821 1837 3453 1914">
    <p class='ocr_par' dir='ltr' id='par_1_80' title="bbox 1821 1837 3453 1914">
     <span class='ocr_line' id='line_1_83' title="bbox 1821 1837 3453 1914; baseline 0.015 -24"><span class='ocrx_word' id='word_1_564' title='bbox 1821 1837 1863 1890; x_wconf 91' lang='lat' dir='ltr'><strong>B</strong></span> <span class='ocrx_word' id='word_1_565' title='bbox 1898 1871 1916 1892; x_wconf 68' lang='grc' dir='ltr'><strong><em>ρ</em></strong></span> <span class='ocrx_word' id='word_1_566' title='bbox 1963 1843 2320 1901; x_wconf 88' lang='lat' dir='ltr'><strong>Doctissimus</strong></span> <span class='ocrx_word' id='word_1_567' title='bbox 2348 1847 2587 1904; x_wconf 81' lang='lat' dir='ltr'><strong>Joannes</strong></span> <span class='ocrx_word' id='word_1_568' title='bbox 2615 1850 2958 1910; x_wconf 80' lang='lat' dir='ltr'><strong>Mabillonius</strong></span> <span class='ocrx_word' id='word_1_569' title='bbox 3003 1855 3056 1909; x_wconf 93' lang='lat' dir='ltr'><strong>in</strong></span> <span class='ocrx_word' id='word_1_570' title='bbox 3100 1856 3297 1912; x_wconf 85' lang='lat' dir='ltr'><strong>Itinere</strong></span> <span class='ocrx_word' id='word_1_571' title='bbox 3334 1858 3453 1914; x_wconf 83' lang='lat' dir='ltr'><strong>Ita-</strong></span> 
     </span>
    </p>
   </div>
   <div class='ocr_carea' id='block_1_81' title="bbox 1889 1933 3452 2013">
    <p class='ocr_par' dir='ltr' id='par_1_81' title="bbox 1889 1933 3452 2013">
     <span class='ocr_line' id='line_1_84' title="bbox 1889 1933 3452 2013; baseline 0.01 -27"><span class='ocrx_word' id='word_1_572' title='bbox 1889 1933 2009 1998; x_wconf 75' lang='lat' dir='ltr'><strong>lico,</strong></span> <span class='ocrx_word' id='word_1_573' title='bbox 2040 1949 2162 2004; x_wconf 85' lang='lat' dir='ltr'><strong>pag.</strong></span> <span class='ocrx_word' id='word_1_574' title='bbox 2195 1934 2282 1999; x_wconf 75' lang='grc'><strong>94,</strong></span> <span class='ocrx_word' id='word_1_575' title='bbox 2318 1935 2484 1990; x_wconf 86' lang='lat' dir='ltr'><strong>refert</strong></span> <span class='ocrx_word' id='word_1_576' title='bbox 2513 1938 2564 1990; x_wconf 91' lang='lat' dir='ltr'><strong>in</strong></span> <span class='ocrx_word' id='word_1_577' title='bbox 2599 1939 2924 1995; x_wconf 87' lang='lat' dir='ltr'><strong>bibliotheca</strong></span> <span class='ocrx_word' id='word_1_578' title='bbox 2961 1941 3225 2013; x_wconf 84' lang='lat' dir='ltr'><strong>Chigiana</strong></span> <span class='ocrx_word' id='word_1_579' title='bbox 3262 1945 3452 2003; x_wconf 66' lang='lat' dir='ltr'><strong>Romae</strong></span> 
     </span>
    </p>
   </div>
   <div class='ocr_carea' id='block_1_82' title="bbox 1888 2024 3453 2100">
    <p class='ocr_par' dir='ltr' id='par_1_82' title="bbox 1888 2024 3453 2100">
     <span class='ocr_line' id='line_1_85' title="bbox 1888 2024 3453 2100; baseline 0.008 -19"><span class='ocrx_word' id='word_1_580' title='bbox 1888 2035 2102 2081; x_wconf 64' lang='lat' dir='ltr'><strong>exstare</strong></span> <span class='ocrx_word' id='word_1_581' title='bbox 2131 2024 2375 2080; x_wconf 54' lang='lat' dir='ltr'><strong>Graecum</strong></span> <span class='ocrx_word' id='word_1_582' title='bbox 2403 2028 2646 2083; x_wconf 85' lang='lat' dir='ltr'><strong>codicem</strong></span> <span class='ocrx_word' id='word_1_583' title='bbox 2671 2031 2971 2100; x_wconf 89' lang='lat' dir='ltr'><strong>insignem,</strong></span> <span class='ocrx_word' id='word_1_584' title='bbox 2999 2035 3066 2087; x_wconf 92' lang='lat' dir='ltr'><strong>ab</strong></span> <span class='ocrx_word' id='word_1_585' title='bbox 3098 2037 3256 2092; x_wconf 89' lang='lat' dir='ltr'><strong>annis</strong></span> <span class='ocrx_word' id='word_1_586' title='bbox 3286 2039 3453 2092; x_wconf 90' lang='lat' dir='ltr'><strong>mini-</strong></span> 
     </span>
    </p>
   </div>
   <div class='ocr_carea' id='block_1_83' title="bbox 1886 2117 3452 2196">
    <p class='ocr_par' dir='ltr' id='par_1_83' title="bbox 1886 2117 3452 2196">
     <span class='ocr_line' id='line_1_86' title="bbox 1886 2117 3452 2196; baseline 0.008 -27"><span class='ocrx_word' id='word_1_587' title='bbox 1886 2132 2036 2170; x_wconf 90' lang='lat' dir='ltr'><strong>mum</strong></span> <span class='ocrx_word' id='word_1_588' title='bbox 2083 2117 2408 2187; x_wconf 80' lang='lat' dir='ltr'><strong>octingentis</strong></span> <span class='ocrx_word' id='word_1_589' title='bbox 2452 2119 2743 2187; x_wconf 86' lang='lat' dir='ltr'><strong>scriptum,</strong></span> <span class='ocrx_word' id='word_1_590' title='bbox 2797 2123 3163 2180; x_wconf 82' lang='lat' dir='ltr'><strong>continentem</strong></span> <span class='ocrx_word' id='word_1_591' title='bbox 3215 2135 3452 2196; x_wconf 88' lang='lat' dir='ltr'><strong>quatuor</strong></span> 
     </span>
    </p>
   </div>
   <div class='ocr_carea' id='block_1_84' title="bbox 1885 2209 3449 2279">
    <p class='ocr_par' dir='ltr' id='par_1_84' title="bbox 1885 2209 3449 2279">
     <span class='ocr_line' id='line_1_87' title="bbox 1885 2209 3449 2279; baseline 0.008 -18"><span class='ocrx_word' id='word_1_592' title='bbox 1885 2209 2173 2278; x_wconf 84' lang='lat' dir='ltr'><strong>prophetas</strong></span> <span class='ocrx_word' id='word_1_593' title='bbox 2200 2209 2456 2279; x_wconf 90' lang='lat' dir='ltr'><strong>majores,</strong></span> <span class='ocrx_word' id='word_1_594' title='bbox 2490 2211 2620 2265; x_wconf 91' lang='lat' dir='ltr'><strong>item</strong></span> <span class='ocrx_word' id='word_1_595' title='bbox 2657 2211 2874 2266; x_wconf 88' lang='lat' dir='ltr'><strong>brevem</strong></span> <span class='ocrx_word' id='word_1_596' title='bbox 2913 2218 3364 2272; x_wconf 89' lang='lat' dir='ltr'><strong>commentarium</strong></span> <span class='ocrx_word' id='word_1_597' title='bbox 3392 2218 3449 2274; x_wconf 90' lang='lat' dir='ltr'><strong>in</strong></span> 
     </span>
    </p>
   </div>
   <div class='ocr_carea' id='block_1_85' title="bbox 1885 2298 3450 2380">
    <p class='ocr_par' dir='ltr' id='par_1_85' title="bbox 1885 2298 3450 2380">
     <span class='ocr_line' id='line_1_88' title="bbox 1885 2298 3450 2380; baseline 0.006 -26"><span class='ocrx_word' id='word_1_598' title='bbox 1885 2299 2158 2355; x_wconf 88' lang='lat' dir='ltr'><strong>somnium</strong></span> <span class='ocrx_word' id='word_1_599' title='bbox 2177 2298 2750 2366; x_wconf 86' lang='lat' dir='ltr'><strong>Nahuchodouosoris,</strong></span> <span class='ocrx_word' id='word_1_600' title='bbox 2764 2319 2794 2356; x_wconf 89' lang='lat' dir='ltr'><strong>a</strong></span> <span class='ocrx_word' id='word_1_601' title='bbox 2812 2303 2869 2358; x_wconf 96' lang='grc'><strong>8.</strong></span> <span class='ocrx_word' id='word_1_602' title='bbox 2887 2303 3175 2377; x_wconf 89' lang='lat' dir='ltr'><strong>Hippolyto</strong></span> <span class='ocrx_word' id='word_1_603' title='bbox 3215 2319 3450 2380; x_wconf 85' lang='lat' dir='ltr'><strong>martyre</strong></span> 
     </span>
    </p>
   </div>
   <div class='ocr_carea' id='block_1_86' title="bbox 1881 2392 3448 2466">
    <p class='ocr_par' dir='ltr' id='par_1_86' title="bbox 1881 2392 3448 2466">
     <span class='ocr_line' id='line_1_89' title="bbox 1881 2392 3448 2466; baseline 0.005 -18"><span class='ocrx_word' id='word_1_604' title='bbox 1881 2401 1937 2448; x_wconf 90' lang='lat' dir='ltr'><strong>et</strong></span> <span class='ocrx_word' id='word_1_605' title='bbox 1963 2393 2213 2462; x_wconf 89' lang='lat' dir='ltr'><strong>episcopo</strong></span> <span class='ocrx_word' id='word_1_606' title='bbox 2263 2392 2452 2448; x_wconf 69' lang='lat' dir='ltr'><strong>Romae</strong></span> <span class='ocrx_word' id='word_1_607' title='bbox 2493 2395 2876 2464; x_wconf 79' lang='lat' dir='ltr'><strong>compositura,</strong></span> <span class='ocrx_word' id='word_1_608' title='bbox 2914 2398 3007 2466; x_wconf 91' lang='lat' dir='ltr'><strong>qui</strong></span> <span class='ocrx_word' id='word_1_609' title='bbox 3056 2400 3178 2454; x_wconf 90' lang='lat' dir='ltr'><strong>ideo</strong></span> <span class='ocrx_word' id='word_1_610' title='bbox 3217 2411 3448 2456; x_wconf 89' lang='lat' dir='ltr'><strong>vocatur</strong></span> 
     </span>
    </p>
   </div>
   <div class='ocr_carea' id='block_1_87' title="bbox 1884 2483 3446 2561">
    <p class='ocr_par' dir='ltr' id='par_1_87' title="bbox 1884 2483 3446 2561">
     <span class='ocr_line' id='line_1_90' title="bbox 1884 2483 3446 2561; baseline 0.006 -23"><span class='ocrx_word' id='word_1_611' title='bbox 1884 2483 2069 2539; x_wconf 69' lang='lat' dir='ltr'><strong>Roma:</strong></span> <span class='ocrx_word' id='word_1_612' title='bbox 2093 2486 2400 2555; x_wconf 90' lang='lat' dir='ltr'><strong>episcopus,</strong></span> <span class='ocrx_word' id='word_1_613' title='bbox 2427 2501 2493 2541; x_wconf 92' lang='lat' dir='ltr'><strong>eo</strong></span> <span class='ocrx_word' id='word_1_614' title='bbox 2517 2488 2660 2556; x_wconf 91' lang='lat' dir='ltr'><strong>quod</strong></span> <span class='ocrx_word' id='word_1_615' title='bbox 2686 2487 2871 2542; x_wconf 83' lang='lat' dir='ltr'><strong>Romae</strong></span> <span class='ocrx_word' id='word_1_616' title='bbox 2893 2489 3180 2561; x_wconf 90' lang='lat' dir='ltr'><strong>episcopus</strong></span> <span class='ocrx_word' id='word_1_617' title='bbox 3205 2493 3446 2556; x_wconf 80' lang='lat' dir='ltr'><strong>gentium</strong></span> 
     </span>
    </p>
   </div>
   <div class='ocr_carea' id='block_1_88' title="bbox 1881 2576 3449 2652">
    <p class='ocr_par' dir='ltr' id='par_1_88' title="bbox 1881 2576 3449 2652">
     <span class='ocr_line' id='line_1_91' title="bbox 1881 2576 3449 2652; baseline 0.006 -22"><span class='ocrx_word' id='word_1_618' title='bbox 1881 2576 2182 2641; x_wconf 89' lang='lat' dir='ltr'><strong>ordinatus,</strong></span> <span class='ocrx_word' id='word_1_619' title='bbox 2217 2585 2271 2630; x_wconf 90' lang='lat' dir='ltr'><strong>et</strong></span> <span class='ocrx_word' id='word_1_620' title='bbox 2317 2585 2505 2646; x_wconf 87' lang='lat' dir='ltr'><strong>postea</strong></span> <span class='ocrx_word' id='word_1_621' title='bbox 2551 2577 2837 2633; x_wconf 89' lang='lat' dir='ltr'><strong>Portuensi</strong></span> <span class='ocrx_word' id='word_1_622' title='bbox 2870 2579 3120 2637; x_wconf 75' lang='lat' dir='ltr'><strong>Ecclesia:</strong></span> <span class='ocrx_word' id='word_1_623' title='bbox 3162 2585 3449 2652; x_wconf 63' lang='lat' dir='ltr'><strong>praefectus</strong></span> 
     </span>
    </p>
   </div>
   <div class='ocr_carea' id='block_1_89' title="bbox 1881 2665 3448 2745">
    <p class='ocr_par' dir='ltr' id='par_1_89' title="bbox 1881 2665 3448 2745">
     <span class='ocr_line' id='line_1_92' title="bbox 1881 2665 3448 2745; baseline 0.008 -26"><span class='ocrx_word' id='word_1_624' title='bbox 1881 2665 2062 2721; x_wconf 90' lang='lat' dir='ltr'><strong>fuerit.</strong></span> <span class='ocrx_word' id='word_1_625' title='bbox 2100 2665 2159 2721; x_wconf 91' lang='lat' dir='ltr'><strong>ln</strong></span> <span class='ocrx_word' id='word_1_626' title='bbox 2191 2671 2294 2722; x_wconf 90' lang='lat' dir='ltr'><strong>hac</strong></span> <span class='ocrx_word' id='word_1_627' title='bbox 2317 2670 2678 2738; x_wconf 82' lang='lat' dir='ltr'><strong>explicatione</strong></span> <span class='ocrx_word' id='word_1_628' title='bbox 2709 2672 2862 2740; x_wconf 89' lang='lat' dir='ltr'><strong>plura</strong></span> <span class='ocrx_word' id='word_1_629' title='bbox 2893 2683 3205 2740; x_wconf 91' lang='lat' dir='ltr'><strong>occurrunt,</strong></span> <span class='ocrx_word' id='word_1_630' title='bbox 3238 2692 3358 2745; x_wconf 81' lang='lat' dir='ltr'><strong>quae</strong></span> <span class='ocrx_word' id='word_1_631' title='bbox 3379 2678 3448 2731; x_wconf 90' lang='lat' dir='ltr'><strong>de</strong></span> 
     </span>
    </p>
   </div>
   <div class='ocr_carea' id='block_1_90' title="bbox 1877 2758 3443 2835">
    <p class='ocr_par' dir='ltr' id='par_1_90' title="bbox 1877 2758 3443 2835">
     <span class='ocr_line' id='line_1_93' title="bbox 1877 2758 3443 2835; baseline 0.005 -23"><span class='ocrx_word' id='word_1_632' title='bbox 1877 2758 2062 2812; x_wconf 87' lang='lat' dir='ltr'><strong>eadem</strong></span> <span class='ocrx_word' id='word_1_633' title='bbox 2096 2759 2303 2814; x_wconf 77' lang='lat' dir='ltr'><strong>visione</strong></span> <span class='ocrx_word' id='word_1_634' title='bbox 2355 2760 2411 2813; x_wconf 87' lang='lat' dir='ltr'><strong>in</strong></span> <span class='ocrx_word' id='word_1_635' title='bbox 2464 2769 2699 2816; x_wconf 88' lang='lat' dir='ltr'><strong>tractatu</strong></span> <span class='ocrx_word' id='word_1_636' title='bbox 2739 2763 2798 2817; x_wconf 85' lang='grc'><strong>8.</strong></span> <span class='ocrx_word' id='word_1_637' title='bbox 2852 2763 3121 2835; x_wconf 87' lang='lat' dir='ltr'><strong>Hippolyti</strong></span> <span class='ocrx_word' id='word_1_638' title='bbox 3165 2765 3241 2819; x_wconf 88' lang='lat' dir='ltr'><strong>De</strong></span> <span class='ocrx_word' id='word_1_639' title='bbox 3283 2769 3443 2820; x_wconf 82' lang='lat' dir='ltr'><strong>Auti-</strong></span> 
     </span>
    </p>
   </div>
   <div class='ocr_carea' id='block_1_91' title="bbox 1877 2850 3445 2950">
    <p class='ocr_par' dir='ltr' id='par_1_91' title="bbox 1877 2850 3445 2950">
     <span class='ocr_line' id='line_1_94' title="bbox 1877 2850 3445 2950; baseline 0.008 -46"><span class='ocrx_word' id='word_1_640' title='bbox 1877 2850 2073 2906; x_wconf 86' lang='lat' dir='ltr'><strong>clm&#39;sto</strong></span> <span class='ocrx_word' id='word_1_641' title='bbox 2119 2853 2407 2920; x_wconf 88' lang='lat' dir='ltr'><strong>habentur,</strong></span> <span class='ocrx_word' id='word_1_642' title='bbox 2454 2870 2521 2910; x_wconf 82' lang='lat' dir='ltr'><strong>ex</strong></span> <span class='ocrx_word' id='word_1_643' title='bbox 2553 2871 2662 2926; x_wconf 91' lang='lat' dir='ltr'><strong>quo</strong></span> <span class='ocrx_word' id='word_1_644' title='bbox 2699 2869 2951 2929; x_wconf 82' lang='lat' dir='ltr'><strong>excerpta</strong></span> <span class='ocrx_word' id='word_1_645' title='bbox 2995 2875 3115 2915; x_wconf 88' lang='lat' dir='ltr'><strong>esse</strong></span> <span class='ocrx_word' id='word_1_646' title='bbox 3157 2861 3445 2950; x_wconf 70' lang='lat' dir='ltr'><strong>videntur;</strong></span> 
     </span>
    </p>
   </div>
   <div class='ocr_carea' id='block_1_92' title="bbox 1876 2943 3443 3022">
    <p class='ocr_par' dir='ltr' id='par_1_92' title="bbox 1876 2943 3443 3022">
     <span class='ocr_line' id='line_1_95' title="bbox 1876 2943 3443 3022; baseline 0.01 -27"><span class='ocrx_word' id='word_1_647' title='bbox 1876 2943 2123 3010; x_wconf 65' lang='lat' dir='ltr'><strong>quaedam</strong></span> <span class='ocrx_word' id='word_1_648' title='bbox 2169 2952 2350 3000; x_wconf 90' lang='lat' dir='ltr'><strong>tamen</strong></span> <span class='ocrx_word' id='word_1_649' title='bbox 2386 2948 2640 3016; x_wconf 90' lang='lat' dir='ltr'><strong>specialia</strong></span> <span class='ocrx_word' id='word_1_650' title='bbox 2683 2960 3000 3014; x_wconf 86' lang='lat' dir='ltr'><strong>occurrunt,</strong></span> <span class='ocrx_word' id='word_1_651' title='bbox 3031 2968 3153 3022; x_wconf 76' lang='lat' dir='ltr'><strong>qua:</strong></span> <span class='ocrx_word' id='word_1_652' title='bbox 3181 2954 3234 3008; x_wconf 92' lang='lat' dir='ltr'><strong>in</strong></span> <span class='ocrx_word' id='word_1_653' title='bbox 3273 2943 3443 3010; x_wconf 72' lang='lat' dir='ltr'><strong>citate</strong></span> 
     </span>
    </p>
   </div>
   <div class='ocr_carea' id='block_1_93' title="bbox 1876 3037 3445 3116">
    <p class='ocr_par' dir='ltr' id='par_1_93' title="bbox 1876 3037 3445 3116">
     <span class='ocr_line' id='line_1_96' title="bbox 1876 3037 3445 3116; baseline 0.008 -29"><span class='ocrx_word' id='word_1_654' title='bbox 1876 3041 2107 3088; x_wconf 88' lang='lat' dir='ltr'><strong>tractatu</strong></span> <span class='ocrx_word' id='word_1_655' title='bbox 2128 3051 2235 3090; x_wconf 92' lang='lat' dir='ltr'><strong>non</strong></span> <span class='ocrx_word' id='word_1_656' title='bbox 2259 3037 2528 3107; x_wconf 86' lang='lat' dir='ltr'><strong>leguntur.</strong></span> <span class='ocrx_word' id='word_1_657' title='bbox 2553 3039 2936 3111; x_wconf 89' lang='lat' dir='ltr'><strong>lnterpretatio</strong></span> <span class='ocrx_word' id='word_1_658' title='bbox 2958 3044 3072 3097; x_wconf 69' lang='lat' dir='ltr'><strong>haec</strong></span> <span class='ocrx_word' id='word_1_659' title='bbox 3093 3059 3156 3098; x_wconf 81' lang='lat' dir='ltr'><strong>ex</strong></span> <span class='ocrx_word' id='word_1_660' title='bbox 3175 3045 3445 3116; x_wconf 83' lang='lat' dir='ltr'><strong>Chigiano</strong></span> 
     </span>
    </p>
   </div>
   <div class='ocr_carea' id='block_1_94' title="bbox 1876 3125 3446 3207">
    <p class='ocr_par' dir='ltr' id='par_1_94' title="bbox 1876 3125 3446 3207">
     <span class='ocr_line' id='line_1_97' title="bbox 1876 3125 3446 3207; baseline 0.006 -25"><span class='ocrx_word' id='word_1_661' title='bbox 1876 3127 2062 3182; x_wconf 89' lang='lat' dir='ltr'><strong>codice</strong></span> <span class='ocrx_word' id='word_1_662' title='bbox 2093 3125 2280 3182; x_wconf 82' lang='lat' dir='ltr'><strong>Romae</strong></span> <span class='ocrx_word' id='word_1_663' title='bbox 2308 3145 2452 3184; x_wconf 91' lang='lat' dir='ltr'><strong>anno</strong></span> <span class='ocrx_word' id='word_1_664' title='bbox 2495 3130 2655 3198; x_wconf 87' lang='grc'><strong>1772,</strong></span> <span class='ocrx_word' id='word_1_665' title='bbox 2686 3139 2739 3186; x_wconf 88' lang='lat' dir='ltr'><strong>et</strong></span> <span class='ocrx_word' id='word_1_666' title='bbox 2772 3133 2965 3188; x_wconf 89' lang='lat' dir='ltr'><strong>deinde</strong></span> <span class='ocrx_word' id='word_1_667' title='bbox 3001 3134 3266 3207; x_wconf 64' lang='lat' dir='ltr'><strong>Gottingae</strong></span> <span class='ocrx_word' id='word_1_668' title='bbox 3300 3153 3446 3193; x_wconf 90' lang='lat' dir='ltr'><strong>anno</strong></span> 
     </span>
    </p>
   </div>
   <div class='ocr_carea' id='block_1_95' title="bbox 1881 3219 3444 3287">
    <p class='ocr_par' dir='ltr' id='par_1_95' title="bbox 1881 3219 3444 3287">
     <span class='ocr_line' id='line_1_98' title="bbox 1881 3219 3444 3287; baseline 0.008 -13"><span class='ocrx_word' id='word_1_669' title='bbox 1881 3219 2039 3285; x_wconf 72' lang='grc'><strong>1774,</strong></span> <span class='ocrx_word' id='word_1_670' title='bbox 2075 3222 2218 3276; x_wconf 90' lang='lat' dir='ltr'><strong>edita</strong></span> <span class='ocrx_word' id='word_1_671' title='bbox 2248 3221 2351 3276; x_wconf 90' lang='lat' dir='ltr'><strong>fuit</strong></span> <span class='ocrx_word' id='word_1_672' title='bbox 2380 3222 2564 3280; x_wconf 71' lang='lat' dir='ltr'><strong>Graece</strong></span> <span class='ocrx_word' id='word_1_673' title='bbox 2600 3241 2664 3280; x_wconf 90' lang='lat' dir='ltr'><strong>ac</strong></span> <span class='ocrx_word' id='word_1_674' title='bbox 2692 3225 2885 3282; x_wconf 78' lang='lat' dir='ltr'><strong>Latine</strong></span> <span class='ocrx_word' id='word_1_675' title='bbox 2930 3243 3052 3284; x_wconf 88' lang='lat' dir='ltr'><strong>cum</strong></span> <span class='ocrx_word' id='word_1_676' title='bbox 3095 3229 3314 3286; x_wconf 79' lang='lat' dir='ltr'><strong>Daniele</strong></span> <span class='ocrx_word' id='word_1_677' title='bbox 3359 3249 3444 3287; x_wconf 84' lang='lat' dir='ltr'><strong>se-</strong></span> 
     </span>
    </p>
   </div>
   <div class='ocr_carea' id='block_1_96' title="bbox 1881 3318 3440 3397">
    <p class='ocr_par' dir='ltr' id='par_1_96' title="bbox 1881 3318 3440 3397">
     <span class='ocr_line' id='line_1_99' title="bbox 1881 3318 3440 3397; baseline 0.009 -28"><span class='ocrx_word' id='word_1_678' title='bbox 1881 3319 2108 3372; x_wconf 88' lang='lat' dir='ltr'><strong>cundum</strong></span> <span class='ocrx_word' id='word_1_679' title='bbox 2130 3318 2496 3391; x_wconf 82' lang='lat' dir='ltr'><strong>Septuaginta.</strong></span> <span class='ocrx_word' id='word_1_680' title='bbox 2529 3320 2795 3393; x_wconf 87' lang='lat' dir='ltr'><strong>Georgius</strong></span> <span class='ocrx_word' id='word_1_681' title='bbox 2828 3321 3108 3394; x_wconf 88' lang='lat' dir='ltr'><strong>Syncellus</strong></span> <span class='ocrx_word' id='word_1_682' title='bbox 3131 3327 3326 3397; x_wconf 83' lang='lat' dir='ltr'><strong>allegat</strong></span> <span class='ocrx_word' id='word_1_683' title='bbox 3354 3329 3440 3382; x_wconf 90' lang='lat' dir='ltr'><strong>in-</strong></span> 
     </span>
    </p>
   </div>
   <div class='ocr_carea' id='block_1_97' title="bbox 1878 3414 3442 3489">
    <p class='ocr_par' dir='ltr' id='par_1_97' title="bbox 1878 3414 3442 3489">
     <span class='ocr_line' id='line_1_100' title="bbox 1878 3414 3442 3489; baseline 0.004 -22"><span class='ocrx_word' id='word_1_684' title='bbox 1878 3427 2045 3482; x_wconf 88' lang='lat' dir='ltr'><strong>super</strong></span> <span class='ocrx_word' id='word_1_685' title='bbox 2091 3414 2272 3468; x_wconf 89' lang='lat' dir='ltr'><strong>locum</strong></span> <span class='ocrx_word' id='word_1_686' title='bbox 2325 3415 2612 3484; x_wconf 88' lang='lat' dir='ltr'><strong>quemdam</strong></span> <span class='ocrx_word' id='word_1_687' title='bbox 2661 3414 2718 3470; x_wconf 93' lang='lat' dir='ltr'><strong>S.</strong></span> <span class='ocrx_word' id='word_1_688' title='bbox 2771 3414 3043 3489; x_wconf 84' lang='lat' dir='ltr'><strong>Hippolyti</strong></span> <span class='ocrx_word' id='word_1_689' title='bbox 3093 3419 3147 3472; x_wconf 92' lang='lat' dir='ltr'><strong>in</strong></span> <span class='ocrx_word' id='word_1_690' title='bbox 3189 3420 3442 3474; x_wconf 91' lang='lat' dir='ltr'><strong>eumdem</strong></span> 
     </span>
    </p>
   </div>
   <div class='ocr_carea' id='block_1_98' title="bbox 1876 3504 3440 3574">
    <p class='ocr_par' dir='ltr' id='par_1_98' title="bbox 1876 3504 3440 3574">
     <span class='ocr_line' id='line_1_101' title="bbox 1876 3504 3440 3574; baseline 0.005 -16"><span class='ocrx_word' id='word_1_691' title='bbox 1876 3505 2195 3574; x_wconf 89' lang='lat' dir='ltr'><strong>prophetam</strong></span> <span class='ocrx_word' id='word_1_692' title='bbox 2247 3504 2558 3572; x_wconf 89' lang='lat' dir='ltr'><strong>Danielem,</strong></span> <span class='ocrx_word' id='word_1_693' title='bbox 2610 3523 2795 3563; x_wconf 87' lang='lat' dir='ltr'><strong>verum</strong></span> <span class='ocrx_word' id='word_1_694' title='bbox 2850 3510 3265 3566; x_wconf 89' lang='lat' dir='ltr'><strong>indeterminate</strong></span> <span class='ocrx_word' id='word_1_695' title='bbox 3316 3520 3440 3566; x_wconf 79' lang='lat' dir='ltr'><strong>tau-</strong></span> 
     </span>
    </p>
   </div>
   <div class='ocr_carea' id='block_1_99' title="bbox 1875 3594 2156 3669">
    <p class='ocr_par' dir='ltr' id='par_1_99' title="bbox 1875 3594 2156 3669">
     <span class='ocr_line' id='line_1_102' title="bbox 1875 3594 2156 3669; baseline 0.004 -19"><span class='ocrx_word' id='word_1_696' title='bbox 1875 3605 1990 3651; x_wconf 89' lang='lat' dir='ltr'><strong>tum</strong></span> <span class='ocrx_word' id='word_1_697' title='bbox 2022 3594 2156 3669; x_wconf 84' lang='lat'><strong>(85).</strong></span> 
     </span>
    </p>
   </div>
   <div class='ocr_carea' id='block_1_100' title="bbox 1946 3686 3441 3760">
    <p class='ocr_par' dir='ltr' id='par_1_100' title="bbox 1946 3686 3441 3760">
     <span class='ocr_line' id='line_1_103' title="bbox 1946 3686 3441 3760; baseline 0.002 -18"><span class='ocrx_word' id='word_1_698' title='bbox 1946 3686 2003 3742; x_wconf 92' lang='lat' dir='ltr'><strong>S.</strong></span> <span class='ocrx_word' id='word_1_699' title='bbox 2038 3686 2400 3760; x_wconf 82' lang='lat' dir='ltr'><strong>Hieronymus</strong></span> <span class='ocrx_word' id='word_1_700' title='bbox 2438 3689 2616 3745; x_wconf 88' lang='lat' dir='ltr'><strong>adhuc</strong></span> <span class='ocrx_word' id='word_1_701' title='bbox 2660 3691 3108 3745; x_wconf 90' lang='lat' dir='ltr'><strong>commentarium</strong></span> <span class='ocrx_word' id='word_1_702' title='bbox 3142 3691 3196 3745; x_wconf 94' lang='lat' dir='ltr'><strong>in</strong></span> <span class='ocrx_word' id='word_1_703' title='bbox 3231 3690 3441 3746; x_wconf 81' lang='lat' dir='ltr'><strong>Zacha-</strong></span> 
     </span>
    </p>
   </div>
   <div class='ocr_carea' id='block_1_101' title="bbox 1874 3778 3439 3851">
    <p class='ocr_par' dir='ltr' id='par_1_101' title="bbox 1874 3778 3439 3851">
     <span class='ocr_line' id='line_1_104' title="bbox 1874 3778 3439 3851; baseline 0.002 -17"><span class='ocrx_word' id='word_1_704' title='bbox 1874 3780 2011 3836; x_wconf 85' lang='lat' dir='ltr'><strong>riam</strong></span> <span class='ocrx_word' id='word_1_705' title='bbox 2063 3779 2121 3834; x_wconf 92' lang='lat' dir='ltr'><strong>S.</strong></span> <span class='ocrx_word' id='word_1_706' title='bbox 2171 3778 2458 3851; x_wconf 87' lang='lat' dir='ltr'><strong>Hippolyto</strong></span> <span class='ocrx_word' id='word_1_707' title='bbox 2488 3782 2713 3836; x_wconf 89' lang='lat' dir='ltr'><strong>ascribit</strong></span> <span class='ocrx_word' id='word_1_708' title='bbox 2762 3782 2910 3850; x_wconf 82' lang='lat'><strong>(86);</strong></span> <span class='ocrx_word' id='word_1_709' title='bbox 2945 3784 3038 3837; x_wconf 87' lang='lat' dir='ltr'><strong>sed</strong></span> <span class='ocrx_word' id='word_1_710' title='bbox 3088 3782 3223 3836; x_wconf 89' lang='lat' dir='ltr'><strong>nihil</strong></span> <span class='ocrx_word' id='word_1_711' title='bbox 3260 3799 3328 3837; x_wconf 79' lang='lat' dir='ltr'><strong>ex</strong></span> <span class='ocrx_word' id='word_1_712' title='bbox 3370 3799 3439 3837; x_wconf 92' lang='lat' dir='ltr'><strong>eo</strong></span> 
     </span>
    </p>
   </div>
   <div class='ocr_carea' id='block_1_102' title="bbox 1872 3872 3434 3928">
    <p class='ocr_par' dir='ltr' id='par_1_102' title="bbox 1872 3872 3434 3928">
     <span class='ocr_line' id='line_1_105' title="bbox 1872 3872 3434 3928; baseline 0 -2"><span class='ocrx_word' id='word_1_713' title='bbox 1872 3872 2031 3927; x_wconf 89' lang='lat' dir='ltr'><strong>nobis</strong></span> <span class='ocrx_word' id='word_1_714' title='bbox 2088 3874 2442 3927; x_wconf 85' lang='lat' dir='ltr'><strong>conservavit.</strong></span> <span class='ocrx_word' id='word_1_715' title='bbox 2496 3872 2750 3928; x_wconf 76' lang='lat' dir='ltr'><strong>Scriberis</strong></span> <span class='ocrx_word' id='word_1_716' title='bbox 2798 3883 2977 3928; x_wconf 89' lang='lat' dir='ltr'><strong>autem</strong></span> <span class='ocrx_word' id='word_1_717' title='bbox 3019 3874 3207 3928; x_wconf 90' lang='lat' dir='ltr'><strong>doctor</strong></span> <span class='ocrx_word' id='word_1_718' title='bbox 3257 3875 3434 3927; x_wconf 84' lang='lat' dir='ltr'><strong>maxi-</strong></span> 
     </span>
    </p>
   </div>
   <div class='ocr_carea' id='block_1_103' title="bbox 1871 3964 3439 4036">
    <p class='ocr_par' dir='ltr' id='par_1_103' title="bbox 1871 3964 3439 4036">
     <span class='ocr_line' id='line_1_106' title="bbox 1871 3964 3439 4036; baseline 0.004 -17"><span class='ocrx_word' id='word_1_719' title='bbox 1871 3981 1995 4020; x_wconf 90' lang='lat' dir='ltr'><strong>mus</strong></span> <span class='ocrx_word' id='word_1_720' title='bbox 2038 3965 2092 4020; x_wconf 92' lang='lat' dir='ltr'><strong>in</strong></span> <span class='ocrx_word' id='word_1_721' title='bbox 2131 3964 2471 4029; x_wconf 84' lang='lat' dir='ltr'><strong>Zachariam,</strong></span> <span class='ocrx_word' id='word_1_722' title='bbox 2504 3981 2674 4036; x_wconf 90' lang='lat' dir='ltr'><strong>eaque</strong></span> <span class='ocrx_word' id='word_1_723' title='bbox 2707 3967 2996 4021; x_wconf 87' lang='lat' dir='ltr'><strong>occasione</strong></span> <span class='ocrx_word' id='word_1_724' title='bbox 3025 3967 3092 4022; x_wconf 89' lang='lat' dir='ltr'><strong>de</strong></span> <span class='ocrx_word' id='word_1_725' title='bbox 3142 3968 3247 4023; x_wconf 90' lang='lat' dir='ltr'><strong>hoc</strong></span> <span class='ocrx_word' id='word_1_726' title='bbox 3284 3984 3439 4024; x_wconf 84' lang='lat' dir='ltr'><strong>com-</strong></span> 
     </span>
    </p>
   </div>
   <div class='ocr_carea' id='block_1_104' title="bbox 1871 4055 3432 4128">
    <p class='ocr_par' dir='ltr' id='par_1_104' title="bbox 1871 4055 3432 4128">
     <span class='ocr_line' id='line_1_107' title="bbox 1871 4055 3432 4128; baseline 0.002 -17"><span class='ocrx_word' id='word_1_727' title='bbox 1871 4058 2138 4112; x_wconf 89' lang='lat' dir='ltr'><strong>mentario</strong></span> <span class='ocrx_word' id='word_1_728' title='bbox 2177 4065 2339 4126; x_wconf 87' lang='lat' dir='ltr'><strong>atque</strong></span> <span class='ocrx_word' id='word_1_729' title='bbox 2371 4058 2492 4111; x_wconf 90' lang='lat' dir='ltr'><strong>aliis</strong></span> <span class='ocrx_word' id='word_1_730' title='bbox 2517 4055 2780 4128; x_wconf 87' lang='lat' dir='ltr'><strong>_Origenis</strong></span> <span class='ocrx_word' id='word_1_731' title='bbox 2820 4066 2874 4110; x_wconf 87' lang='lat' dir='ltr'><strong>et</strong></span> <span class='ocrx_word' id='word_1_732' title='bbox 2920 4057 3128 4128; x_wconf 83' lang='lat' dir='ltr'><strong>Didymi</strong></span> <span class='ocrx_word' id='word_1_733' title='bbox 3166 4058 3432 4128; x_wconf 89' lang='lat' dir='ltr'><strong>loquens,</strong></span> 
     </span>
    </p>
   </div>
   <div class='ocr_carea' id='block_1_105' title="bbox 1871 4147 3434 4219">
    <p class='ocr_par' dir='ltr' id='par_1_105' title="bbox 1871 4147 3434 4219">
     <span class='ocr_line' id='line_1_108' title="bbox 1871 4147 3434 4219; baseline 0.003 -17"><span class='ocrx_word' id='word_1_734' title='bbox 1871 4147 2122 4202; x_wconf 88' lang='lat' dir='ltr'><strong>observat</strong></span> <span class='ocrx_word' id='word_1_735' title='bbox 2150 4149 2252 4202; x_wconf 93' lang='lat' dir='ltr'><strong>hos</strong></span> <span class='ocrx_word' id='word_1_736' title='bbox 2282 4163 2471 4204; x_wconf 89' lang='lat' dir='ltr'><strong>omnes</strong></span> <span class='ocrx_word' id='word_1_737' title='bbox 2521 4149 2642 4218; x_wconf 89' lang='lat' dir='ltr'><strong>plus</strong></span> <span class='ocrx_word' id='word_1_738' title='bbox 2676 4163 2853 4218; x_wconf 69' lang='lat' dir='ltr'><strong>opera:</strong></span> <span class='ocrx_word' id='word_1_739' title='bbox 2885 4148 3214 4219; x_wconf 76' lang='lat' dir='ltr'><strong>impendisse</strong></span> <span class='ocrx_word' id='word_1_740' title='bbox 3245 4151 3434 4206; x_wconf 86' lang='lat' dir='ltr'><strong>sensui</strong></span> 
     </span>
    </p>
   </div>
   <div class='ocr_carea' id='block_1_106' title="bbox 1870 4239 3429 4318">
    <p class='ocr_par' dir='ltr' id='par_1_106' title="bbox 1870 4239 3429 4318">
     <span class='ocr_line' id='line_1_109' title="bbox 1870 4239 3429 4318; baseline 0.004 -24"><span class='ocrx_word' id='word_1_741' title='bbox 1870 4239 2162 4309; x_wconf 87' lang='lat' dir='ltr'><strong>allegorico</strong></span> <span class='ocrx_word' id='word_1_742' title='bbox 2183 4242 2444 4307; x_wconf 90' lang='lat' dir='ltr'><strong>eruendo,</strong></span> <span class='ocrx_word' id='word_1_743' title='bbox 2473 4256 2637 4311; x_wconf 90' lang='lat' dir='ltr'><strong>quam</strong></span> <span class='ocrx_word' id='word_1_744' title='bbox 2668 4241 2883 4295; x_wconf 90' lang='lat' dir='ltr'><strong>litterali</strong></span> <span class='ocrx_word' id='word_1_745' title='bbox 2913 4257 2977 4296; x_wconf 90' lang='lat' dir='ltr'><strong>ac</strong></span> <span class='ocrx_word' id='word_1_746' title='bbox 3007 4243 3267 4299; x_wconf 89' lang='lat' dir='ltr'><strong>historico</strong></span> <span class='ocrx_word' id='word_1_747' title='bbox 3291 4245 3429 4318; x_wconf 92' lang='lat'><strong>(87).</strong></span> 
     </span>
    </p>
   </div>
   <div class='ocr_carea' id='block_1_107' title="bbox 1869 4331 3436 4405">
    <p class='ocr_par' dir='ltr' id='par_1_107' title="bbox 1869 4331 3436 4405">
     <span class='ocr_line' id='line_1_110' title="bbox 1869 4331 3436 4405; baseline 0.001 -14"><span class='ocrx_word' id='word_1_748' title='bbox 1869 4335 1996 4391; x_wconf 76' lang='lat' dir='ltr'><strong>Haec</strong></span> <span class='ocrx_word' id='word_1_749' title='bbox 2025 4335 2243 4389; x_wconf 88' lang='lat' dir='ltr'><strong>fuerunt</strong></span> <span class='ocrx_word' id='word_1_750' title='bbox 2270 4348 2430 4404; x_wconf 74' lang='lat' dir='ltr'><strong>opera</strong></span> <span class='ocrx_word' id='word_1_751' title='bbox 2463 4333 2524 4387; x_wconf 92' lang='lat' dir='ltr'><strong>D.</strong></span> <span class='ocrx_word' id='word_1_752' title='bbox 2555 4331 2826 4405; x_wconf 89' lang='lat' dir='ltr'><strong>Hippolyti</strong></span> <span class='ocrx_word' id='word_1_753' title='bbox 2850 4347 2948 4403; x_wconf 87' lang='lat' dir='ltr'><strong>pro</strong></span> <span class='ocrx_word' id='word_1_754' title='bbox 2978 4333 3074 4388; x_wconf 88' lang='lat' dir='ltr'><strong>illu</strong></span> <span class='ocrx_word' id='word_1_755' title='bbox 3087 4337 3310 4392; x_wconf 90' lang='lat' dir='ltr'><strong>strando</strong></span> <span class='ocrx_word' id='word_1_756' title='bbox 3334 4335 3436 4393; x_wconf 75' lang='lat' dir='ltr'><strong>Ve-</strong></span> 
     </span>
    </p>
   </div>
   <div class='ocr_carea' id='block_1_108' title="bbox 1869 4429 2658 4488">
    <p class='ocr_par' dir='ltr' id='par_1_108' title="bbox 1869 4429 2658 4488">
     <span class='ocr_line' id='line_1_111' title="bbox 1869 4429 2658 4488; baseline -0.008 0"><span class='ocrx_word' id='word_1_757' title='bbox 1869 4431 1972 4488; x_wconf 90' lang='lat' dir='ltr'><strong>teri</strong></span> <span class='ocrx_word' id='word_1_758' title='bbox 2001 4429 2348 4486; x_wconf 88' lang='lat' dir='ltr'><strong>Testamento</strong></span> <span class='ocrx_word' id='word_1_759' title='bbox 2378 4429 2658 4484; x_wconf 88' lang='lat' dir='ltr'><strong>adornata.</strong></span> 
     </span>
    </p>
   </div>
   <div class='ocr_carea' id='block_1_109' title="bbox 1937 4743 3426 4820">
    <p class='ocr_par' dir='ltr' id='par_1_109' title="bbox 1937 4743 3426 4820">
     <span class='ocr_line' id='line_1_112' title="bbox 1937 4743 3426 4820; baseline -0.005 -14"><span class='ocrx_word' id='word_1_760' title='bbox 1937 4743 2048 4820; x_wconf 76' lang='grc'><strong>(85)</strong></span> <span class='ocrx_word' id='word_1_761' title='bbox 2083 4745 2580 4820; x_wconf 76' lang='lat' dir='ltr'><strong>Dupiu.,_Biblioth.</strong></span> <span class='ocrx_word' id='word_1_762' title='bbox 2634 4753 2864 4811; x_wconf 88' lang='lat' dir='ltr'><strong>auctor.,</strong></span> <span class='ocrx_word' id='word_1_763' title='bbox 2903 4743 3051 4799; x_wconf 82' lang='lat' dir='ltr'><strong>tom.</strong></span> <span class='ocrx_word' id='word_1_764' title='bbox 3080 4743 3128 4807; x_wconf 77' lang='grc'><strong>1,</strong></span> <span class='ocrx_word' id='word_1_765' title='bbox 3164 4760 3284 4815; x_wconf 88' lang='lat' dir='ltr'><strong>pag.</strong></span> <span class='ocrx_word' id='word_1_766' title='bbox 3321 4745 3426 4799; x_wconf 87' lang='grc'><strong>177</strong></span> 
     </span>
    </p>
   </div>
   <div class='ocr_carea' id='block_1_110' title="bbox 1868 4818 2428 4881">
    <p class='ocr_par' dir='ltr' id='par_1_110' title="bbox 1868 4818 2428 4881">
     <span class='ocr_line' id='line_1_113' title="bbox 1868 4818 2428 4881; baseline -0.014 -1"><span class='ocrx_word' id='word_1_767' title='bbox 1868 4818 1999 4881; x_wconf 82' lang='lat' dir='ltr'><strong>edit.</strong></span> <span class='ocrx_word' id='word_1_768' title='bbox 2030 4818 2207 4875; x_wconf 86' lang='lat' dir='ltr'><strong>Latin.</strong></span> <span class='ocrx_word' id='word_1_769' title='bbox 2239 4818 2428 4874; x_wconf 81' lang='lat' dir='ltr'><strong>Colon.</strong></span> 
     </span>
    </p>
   </div>
   <div class='ocr_carea' id='block_1_111' title="bbox 1939 4883 3423 4966">
    <p class='ocr_par' dir='ltr' id='par_1_111' title="bbox 1939 4883 3423 4966">
     <span class='ocr_line' id='line_1_114' title="bbox 1939 4883 3423 4966; baseline -0.004 -19"><span class='ocrx_word' id='word_1_770' title='bbox 1939 4893 2060 4966; x_wconf 70' lang='lat'><strong>(84)_</strong></span> <span class='ocrx_word' id='word_1_771' title='bbox 2090 4891 2426 4966; x_wconf 71' lang='lat' dir='ltr'><strong>Hieronym.,</strong></span> <span class='ocrx_word' id='word_1_772' title='bbox 2468 4887 2643 4958; x_wconf 86' lang='lat' dir='ltr'><strong>Epist.</strong></span> <span class='ocrx_word' id='word_1_773' title='bbox 2667 4887 2861 4950; x_wconf 88' lang='lat' dir='ltr'><strong>critic.,</strong></span> <span class='ocrx_word' id='word_1_774' title='bbox 2894 4899 3016 4956; x_wconf 88' lang='lat' dir='ltr'><strong>pag.</strong></span> <span class='ocrx_word' id='word_1_775' title='bbox 3049 4884 3150 4940; x_wconf 81' lang='lat'><strong>569</strong></span> <span class='ocrx_word' id='word_1_776' title='bbox 3178 4885 3304 4940; x_wconf 89' lang='lat' dir='ltr'><strong>edit.</strong></span> <span class='ocrx_word' id='word_1_777' title='bbox 3321 4883 3423 4941; x_wconf 84' lang='lat' dir='ltr'><strong>Be—</strong></span> 
     </span>
    </p>
   </div>
   <div class='ocr_carea' id='block_1_112' title="bbox 1938 4959 2331 5019">
    <p class='ocr_par' dir='ltr' id='par_1_112' title="bbox 1938 4959 2331 5019">
     <span class='ocr_line' id='line_1_115' title="bbox 1938 4959 2331 5019; baseline -0.008 -1"><span class='ocrx_word' id='word_1_778' title='bbox 1938 4959 2122 5019; x_wconf 83' lang='lat' dir='ltr'><strong>dictin.</strong></span> <span class='ocrx_word' id='word_1_779' title='bbox 2157 4959 2331 5015; x_wconf 86' lang='lat' dir='ltr'><strong>Paris.</strong></span> 
     </span>
    </p>
   </div>
   <div class='ocr_carea' id='block_1_113' title="bbox 1868 4983 3424 5104">
    <p class='ocr_par' dir='ltr' id='par_1_113' title="bbox 1868 4983 3424 5104">
     <span class='ocr_line' id='line_1_116' title="bbox 1868 4983 3424 5104; baseline -0.003 -18"><span class='ocrx_word' id='word_1_780' title='bbox 1868 4983 2581 5104; x_wconf 26' lang='grc' dir='ltr'><strong>ῃεῗὲέἳᾼῗάθᾌῗὲῗ8γηοειί.,</strong></span> <span class='ocrx_word' id='word_1_781' title='bbox 2612 5042 2733 5097; x_wconf 89' lang='lat' dir='ltr'><strong>pag.</strong></span> <span class='ocrx_word' id='word_1_782' title='bbox 2932 5035 2986 5082; x_wconf 91' lang='lat' dir='ltr'><strong>et</strong></span> <span class='ocrx_word' id='word_1_783' title='bbox 3029 5026 3171 5098; x_wconf 90' lang='lat' dir='ltr'><strong>apud</strong></span> <span class='ocrx_word' id='word_1_784' title='bbox 3204 5023 3424 5082; x_wconf 84' lang='lat' dir='ltr'><strong>Fabric.</strong></span> 
     </span>
    </p>
   </div>
   <div class='ocr_carea' id='block_1_114' title="bbox 1865 5097 2876 5176">
    <p class='ocr_par' dir='ltr' id='par_1_114' title="bbox 1865 5097 2876 5176">
     <span class='ocr_line' id='line_1_117' title="bbox 1865 5097 2876 5176; baseline -0.01 -14"><span class='ocrx_word' id='word_1_785' title='bbox 1865 5097 2323 5176; x_wconf 29' lang='lat' dir='ltr'><strong>Op‘ptHippolyt“</strong></span> <span class='ocrx_word' id='word_1_786' title='bbox 2355 5097 2486 5176; x_wconf 77' lang='lat' dir='ltr'><strong>tum.</strong></span> <span class='ocrx_word' id='word_1_787' title='bbox 2518 5097 2561 5176; x_wconf 80' lang='lat' dir='ltr'><strong>_I_,</strong></span> <span class='ocrx_word' id='word_1_788' title='bbox 2594 5113 2713 5176; x_wconf 79' lang='lat' dir='ltr'><strong>pag.</strong></span> <span class='ocrx_word' id='word_1_789' title='bbox 2750 5097 2876 5152; x_wconf 88' lang='lat'><strong>272.</strong></span> 
     </span>
    </p>
   </div>
   <div class='ocr_carea' id='block_1_115' title="bbox 1937 5166 3299 5247">
    <p class='ocr_par' dir='ltr' id='par_1_115' title="bbox 1937 5166 3299 5247">
     <span class='ocr_line' id='line_1_118' title="bbox 1937 5166 3299 5247; baseline -0.004 -22"><span class='ocrx_word' id='word_1_790' title='bbox 1937 5166 2047 5247; x_wconf 66' lang='lat'><strong>(&#39;86)</strong></span> <span class='ocrx_word' id='word_1_791' title='bbox 2078 5166 2478 5247; x_wconf 71' lang='lat' dir='ltr'><strong>Hierdnym._in</strong></span> <span class='ocrx_word' id='word_1_792' title='bbox 2510 5166 2770 5247; x_wconf 43' lang='lat' dir='ltr'><strong>putatogq</strong></span> <span class='ocrx_word' id='word_1_793' title='bbox 2805 5183 2922 5247; x_wconf 76' lang='lat' dir='ltr'><strong>cap.</strong></span> <span class='ocrx_word' id='word_1_794' title='bbox 2949 5166 3036 5220; x_wconf 75' lang='lat' dir='ltr'><strong>(il.</strong></span> <span class='ocrx_word' id='word_1_795' title='bbox 3059 5237 3112 5247; x_wconf 73' lang='lat'><em>_</em></span> <span class='ocrx_word' id='word_1_796' title='bbox 3182 5235 3196 5247; x_wconf 48' lang='lat'><strong><em>‘</em></strong></span> <span class='ocrx_word' id='word_1_797' title='bbox 3287 5235 3299 5247; x_wconf 45' lang='lat'><strong><em>.</em></strong></span> 
     </span>
    </p>
   </div>
   <div class='ocr_carea' id='block_1_116' title="bbox 1937 5234 3418 5317">
    <p class='ocr_par' dir='ltr' id='par_1_116' title="bbox 1937 5234 3418 5317">
     <span class='ocr_line' id='line_1_119' title="bbox 1937 5234 3418 5317; baseline -0.006 -18"><span class='ocrx_word' id='word_1_798' title='bbox 1937 5234 2047 5317; x_wconf 77' lang='lat'><strong>(87)</strong></span> <span class='ocrx_word' id='word_1_799' title='bbox 2091 5263 2108 5294; x_wconf 85' lang='grc'><em>‹</em></span> <span class='ocrx_word' id='word_1_800' title='bbox 2149 5234 2379 5317; x_wconf 78' lang='lat' dir='ltr'><strong>Scripsit</strong></span> <span class='ocrx_word' id='word_1_801' title='bbox 2406 5239 2653 5317; x_wconf 84' lang='lat' dir='ltr'><strong>in_hunc</strong></span> <span class='ocrx_word' id='word_1_802' title='bbox 2697 5234 3011 5317; x_wconf 78' lang='lat' dir='ltr'><strong>prophetam</strong></span> <span class='ocrx_word' id='word_1_803' title='bbox 3053 5234 3418 5317; x_wconf 77' lang='lat' dir='ltr'><strong>(Zachariam)</strong></span> 
     </span>
    </p>
   </div>
   <div class='ocr_carea' id='block_1_117' title="bbox 1866 5307 3422 5387">
    <p class='ocr_par' dir='ltr' id='par_1_117' title="bbox 1866 5307 3422 5387">
     <span class='ocr_line' id='line_1_120' title="bbox 1866 5307 3422 5387; baseline -0.012 -12"><span class='ocrx_word' id='word_1_804' title='bbox 1866 5307 2126 5387; x_wconf 76' lang='lat' dir='ltr'><strong>Origenes</strong></span> <span class='ocrx_word' id='word_1_805' title='bbox 2153 5307 2567 5387; x_wconf 32' lang='lat' dir='ltr'><strong>duo—volumina</strong></span> <span class='ocrx_word' id='word_1_806' title='bbox 2597 5324 2766 5377; x_wconf 90' lang='lat' dir='ltr'><strong>usque</strong></span> <span class='ocrx_word' id='word_1_807' title='bbox 2799 5309 2862 5362; x_wconf 90' lang='lat' dir='ltr'><strong>ad</strong></span> <span class='ocrx_word' id='word_1_808' title='bbox 2893 5311 3103 5387; x_wconf 68' lang='lat' dir='ltr'><strong>tertiam</strong></span> <span class='ocrx_word' id='word_1_809' title='bbox 3127 5316 3330 5376; x_wconf 87' lang='lat' dir='ltr'><strong>partem</strong></span> <span class='ocrx_word' id='word_1_810' title='bbox 3358 5307 3422 5358; x_wconf 91' lang='lat' dir='ltr'><strong>li-</strong></span> 
     </span>
    </p>
   </div>
   <div class='ocr_carea' id='block_1_118' title="bbox 1866 5378 3421 5455">
    <p class='ocr_par' dir='ltr' id='par_1_118' title="bbox 1866 5378 3421 5455">
     <span class='ocr_line' id='line_1_121' title="bbox 1866 5378 3421 5455; baseline -0.01 -13"><span class='ocrx_word' id='word_1_811' title='bbox 1866 5378 2008 5442; x_wconf 47' lang='lat' dir='ltr'><strong>bri&#39;a</strong></span> <span class='ocrx_word' id='word_1_812' title='bbox 2039 5383 2320 5455; x_wconf 74' lang='lat' dir='ltr'><strong>principio.</strong></span> <span class='ocrx_word' id='word_1_813' title='bbox 2356 5380 2674 5450; x_wconf 87' lang='lat' dir='ltr'><strong>Hippolytus</strong></span> <span class='ocrx_word' id='word_1_814' title='bbox 2701 5393 2919 5455; x_wconf 80' lang='lat' dir='ltr'><strong>quoque</strong></span> <span class='ocrx_word' id='word_1_815' title='bbox 2943 5378 3110 5455; x_wconf 85' lang='lat' dir='ltr'><strong>edidit</strong></span> <span class='ocrx_word' id='word_1_816' title='bbox 3143 5390 3421 5455; x_wconf 76' lang='lat' dir='ltr'><strong>commen-</strong></span> 
     </span>
    </p>
   </div>
   <div class='ocr_carea' id='block_1_119' title="bbox 1867 5446 3414 5526">
    <p class='ocr_par' dir='ltr' id='par_1_119' title="bbox 1867 5446 3414 5526">
     <span class='ocr_line' id='line_1_122' title="bbox 1867 5446 3414 5526; baseline -0.01 -13"><span class='ocrx_word' id='word_1_817' title='bbox 1867 5446 2056 5522; x_wconf 66' lang='lat' dir='ltr'><strong>tarios,</strong></span> <span class='ocrx_word' id='word_1_818' title='bbox 2101 5465 2154 5509; x_wconf 92' lang='lat' dir='ltr'><strong>et</strong></span> <span class='ocrx_word' id='word_1_819' title='bbox 2186 5446 2443 5526; x_wconf 77' lang='lat' dir='ltr'><strong>Didymus</strong></span> <span class='ocrx_word' id='word_1_820' title='bbox 2462 5446 3175 5526; x_wconf 44' lang='lat' dir='ltr'><strong>&#39;quutque&#39;explanatiouum</strong></span> <span class='ocrx_word' id='word_1_821' title='bbox 3200 5446 3414 5526; x_wconf 44' lang='grc' dir='ltr'><strong>ψῦχος,</strong></span> 
     </span>
    </p>
   </div>
   <div class='ocr_carea' id='block_1_120' title="bbox 1867 5511 3420 5597">
    <p class='ocr_par' dir='ltr' id='par_1_120' title="bbox 1867 5511 3420 5597">
     <span class='ocr_line' id='line_1_123' title="bbox 1867 5511 3420 5597; baseline -0.012 -14"><span class='ocrx_word' id='word_1_822' title='bbox 1867 5511 1956 5583; x_wconf 76' lang='lat' dir='ltr'><strong>me</strong></span> <span class='ocrx_word' id='word_1_823' title='bbox 1983 5511 2227 5597; x_wconf 75' lang='lat' dir='ltr'><strong>rogante,</strong></span> <span class='ocrx_word' id='word_1_824' title='bbox 2256 5511 2507 5597; x_wconf 63' lang='lat' dir='ltr'><strong>dictavit;</strong></span> <span class='ocrx_word' id='word_1_825' title='bbox 2527 5511 2664 5597; x_wconf 53' lang='lat' dir='ltr'><strong>quo}</strong></span> <span class='ocrx_word' id='word_1_826' title='bbox 2693 5511 2822 5597; x_wconf 70' lang='lat' dir='ltr'><strong>cuni</strong></span> <span class='ocrx_word' id='word_1_827' title='bbox 2851 5519 2972 5597; x_wconf 70' lang='lat' dir='ltr'><strong>aliis</strong></span> <span class='ocrx_word' id='word_1_828' title='bbox 3002 5517 3178 5597; x_wconf 79' lang='lat' dir='ltr'><strong>tribus</strong></span> <span class='ocrx_word' id='word_1_829' title='bbox 3197 5515 3251 5597; x_wconf 70' lang='lat' dir='ltr'><strong>in</strong></span> <span class='ocrx_word' id='word_1_830' title='bbox 3280 5511 3420 5566; x_wconf 87' lang='lat' dir='ltr'><strong>Osee</strong></span> 
     </span>
    </p>
   </div>
   <div class='ocr_carea' id='block_1_121' title="bbox 1867 5584 3420 5666">
    <p class='ocr_par' dir='ltr' id='par_1_121' title="bbox 1867 5584 3420 5666">
     <span class='ocr_line' id='line_1_124' title="bbox 1867 5584 3420 5666; baseline -0.014 -13"><span class='ocrx_word' id='word_1_831' title='bbox 1867 5609 1922 5653; x_wconf 89' lang='lat' dir='ltr'><strong>et</strong></span> <span class='ocrx_word' id='word_1_832' title='bbox 1971 5584 2102 5652; x_wconf 72' lang='lat' dir='ltr'><strong>mihi</strong></span> <span class='ocrx_word' id='word_1_833' title='bbox 2135 5584 2566 5666; x_wconf 67' lang='grc' dir='ltr'><strong>πρὸσεφώνηᾳενῖ</strong></span> <span class='ocrx_word' id='word_1_834' title='bbox 2606 5589 2753 5666; x_wconf 82' lang='lat' dir='ltr'><strong>_Sed_</strong></span> <span class='ocrx_word' id='word_1_835' title='bbox 2775 5599 2885 5642; x_wconf 89' lang='lat' dir='ltr'><strong>tota</strong></span> <span class='ocrx_word' id='word_1_836' title='bbox 2921 5588 3140 5666; x_wconf 41' lang='lat' dir='ltr'><strong>illorum.</strong></span> <span class='ocrx_word' id='word_1_837' title='bbox 3162 5584 3420 5666; x_wconf 69' lang='grc' dir='ltr'><strong>ἐξήγησις</strong></span> 
     </span>
    </p>
   </div>
   <div class='ocr_carea' id='block_1_122' title="bbox 1869 5660 3412 5739">
    <p class='ocr_par' dir='ltr' id='par_1_122' title="bbox 1869 5660 3412 5739">
     <span class='ocr_line' id='line_1_125' title="bbox 1869 5660 3412 5739; baseline -0.013 -16"><span class='ocrx_word' id='word_1_838' title='bbox 1869 5669 2154 5739; x_wconf 83' lang='lat' dir='ltr'><strong>allegorica</strong></span> <span class='ocrx_word' id='word_1_839' title='bbox 2180 5660 2304 5739; x_wconf 70' lang='lat' dir='ltr'><strong>fuit,</strong></span> <span class='ocrx_word' id='word_1_840' title='bbox 2337 5675 2389 5739; x_wconf 80' lang='lat' dir='ltr'><strong>et</strong></span> <span class='ocrx_word' id='word_1_841' title='bbox 2430 5660 2668 5739; x_wconf 69' lang='lat' dir='ltr'><strong>historiae</strong></span> <span class='ocrx_word' id='word_1_842' title='bbox 2705 5660 2802 5739; x_wconf 77' lang='lat' dir='ltr'><strong>vix_</strong></span> <span class='ocrx_word' id='word_1_843' title='bbox 2836 5672 3007 5739; x_wconf 65' lang='lat' dir='ltr'><strong>pauca</strong></span> <span class='ocrx_word' id='word_1_844' title='bbox 3053 5660 3412 5739; x_wconf 46' lang='lat' dir='ltr'><strong>tetigerunt.)</strong></span> 
     </span>
    </p>
   </div>
   <div class='ocr_carea' id='block_1_123' title="bbox 1869 5725 3412 5808">
    <p class='ocr_par' dir='ltr' id='par_1_123' title="bbox 1869 5725 3412 5808">
     <span class='ocr_line' id='line_1_126' title="bbox 1869 5725 3412 5808; baseline -0.01 -16"><span class='ocrx_word' id='word_1_845' title='bbox 1869 5725 2204 5808; x_wconf 67' lang='lat' dir='ltr'><strong>HieFonym.,</strong></span> <span class='ocrx_word' id='word_1_846' title='bbox 2234 5725 2448 5788; x_wconf 68' lang='lat' dir='ltr'><strong>Praal&#39;at.</strong></span> <span class='ocrx_word' id='word_1_847' title='bbox 2478 5733 2550 5808; x_wconf 60' lang='lat' dir='ltr'><strong>in</strong></span> <span class='ocrx_word' id='word_1_848' title='bbox 2578 5746 2706 5787; x_wconf 89' lang='lat' dir='ltr'><strong>suos</strong></span> <span class='ocrx_word' id='word_1_849' title='bbox 2740 5729 2808 5786; x_wconf 87' lang='lat' dir='ltr'><strong>ad</strong></span> <span class='ocrx_word' id='word_1_850' title='bbox 2837 5725 3076 5782; x_wconf 31' lang='lat' dir='ltr'><strong>’Zachar.</strong></span> <span class='ocrx_word' id='word_1_851' title='bbox 3120 5725 3412 5781; x_wconf 70' lang='lat' dir='ltr'><strong>Comment.</strong></span> 
     </span>
    </p>
   </div>
   <div class='ocr_carea' id='block_1_124' title="bbox 1869 5801 2534 5877">
    <p class='ocr_par' dir='ltr' id='par_1_124' title="bbox 1869 5801 2534 5877">
     <span class='ocr_line' id='line_1_127' title="bbox 1869 5801 2534 5877; baseline -0.015 -11"><span class='ocrx_word' id='word_1_852' title='bbox 1869 5819 1924 5866; x_wconf 77' lang='lat' dir='ltr'><strong>et</strong></span> <span class='ocrx_word' id='word_1_853' title='bbox 1947 5811 2004 5864; x_wconf 88' lang='lat' dir='ltr'><strong>in</strong></span> <span class='ocrx_word' id='word_1_854' title='bbox 2029 5801 2292 5877; x_wconf 67' lang='lat' dir='ltr'><strong>Cbtalog.,</strong></span> <span class='ocrx_word' id='word_1_855' title='bbox 2324 5819 2441 5874; x_wconf 90' lang='lat' dir='ltr'><strong>cap.</strong></span> <span class='ocrx_word' id='word_1_856' title='bbox 2472 5801 2534 5856; x_wconf 81' lang='grc'><strong>61</strong></span> 
     </span>
    </p>
   </div>
   <div class='ocr_carea' id='block_1_125' title="bbox 1939 4672 3316 4875">
    <p class='ocr_par' dir='ltr' id='par_1_125' title="bbox 1939 4672 3316 4875">
     <span class='ocr_line' id='line_1_128' title="bbox 1939 4672 3316 4753; baseline -0.005 -17"><span class='ocrx_word' id='word_1_857' title='bbox 1939 4681 2028 4753; x_wconf 86' lang='grc'><strong>(82</strong></span> <span class='ocrx_word' id='word_1_858' title='bbox 2082 4677 2391 4742; x_wconf 86' lang='lat' dir='ltr'><strong>Tillemout,</strong></span> <span class='ocrx_word' id='word_1_859' title='bbox 2423 4673 2726 4740; x_wconf 76' lang='lat' dir='ltr'><strong>Mémoires,</strong></span> <span class='ocrx_word' id='word_1_860' title='bbox 2755 4682 2886 4729; x_wconf 87' lang='lat' dir='ltr'><strong>tom.</strong></span> <span class='ocrx_word' id='word_1_861' title='bbox 2927 4672 3014 4737; x_wconf 91' lang='lat' dir='ltr'><strong>lll,</strong></span> <span class='ocrx_word' id='word_1_862' title='bbox 3041 4688 3163 4744; x_wconf 88' lang='lat' dir='ltr'><strong>pag.</strong></span> <span class='ocrx_word' id='word_1_863' title='bbox 3194 4673 3316 4730; x_wconf 88' lang='grc'><strong>108.</strong></span> 
     </span>
     <span class='ocr_line' id='line_1_129' title="bbox 1939 4680 3284 4875; baseline -0.004 -70"><span class='ocrx_word' id='word_1_864' title='bbox 1939 4680 2580 4875; x_wconf 42' lang='grc' dir='ltr'><strong>(ἒὸξὰξίἒιῃςῖἰιὲὂξξξιίοιή.</strong></span> <span class='ocrx_word' id='word_1_865' title='bbox 2634 4753 2864 4811; x_wconf 88' lang='lat' dir='ltr'><strong>auctor.,</strong></span> <span class='ocrx_word' id='word_1_866' title='bbox 2903 4752 3035 4799; x_wconf 88' lang='lat' dir='ltr'><strong>tom.</strong></span> <span class='ocrx_word' id='word_1_867' title='bbox 3080 4743 3122 4807; x_wconf 91' lang='lat' dir='ltr'><strong>l,</strong></span> <span class='ocrx_word' id='word_1_868' title='bbox 3164 4760 3284 4815; x_wconf 90' lang='lat' dir='ltr'><strong>pag.</strong></span> 
     </span>
    </p>
   </div>
  </div>
