  <div class='ocr_page' id='page_1' title='image "/cluster/home/n/w/nwhite01/storage/ocr_20150623/10/hvd.32044073501348/169.png"; bbox 0 0 3986 6358; ppageno 0'>
   <div class='ocr_carea' id='block_1_1' title="bbox 542 337 648 394">
    <p class='ocr_par' dir='ltr' id='par_1_1' title="bbox 542 337 648 394">
     <span class='ocr_line' id='line_1_1' title="bbox 542 337 648 394; baseline -0.057 0"><span class='ocrx_word' id='word_1_1' title='bbox 542 337 648 394; x_wconf 66' lang='lat'><strong>527</strong></span> 
     </span>
    </p>
   </div>
   <div class='ocr_carea' id='block_1_2' title="bbox 619 453 2033 529">
    <p class='ocr_par' dir='ltr' id='par_1_2' title="bbox 619 453 2033 529">
     <span class='ocr_line' id='line_1_2' title="bbox 619 453 2033 529; baseline 0.002 -19"><span class='ocrx_word' id='word_1_2' title='bbox 619 458 644 529; x_wconf 60' lang='grc' dir='ltr'>ᾗ</span> <span class='ocrx_word' id='word_1_3' title='bbox 686 455 776 511; x_wconf 81' lang='lat' dir='ltr'><strong>IX.</strong></span> <span class='ocrx_word' id='word_1_4' title='bbox 819 454 1196 529; x_wconf 57' lang='lat' dir='ltr'><strong>Commentarii</strong></span> <span class='ocrx_word' id='word_1_5' title='bbox 1238 453 1295 511; x_wconf 91' lang='lat' dir='ltr'><strong>S.</strong></span> <span class='ocrx_word' id='word_1_6' title='bbox 1324 455 1596 529; x_wconf 80' lang='lat' dir='ltr'><strong>Hippolyti</strong></span> <span class='ocrx_word' id='word_1_7' title='bbox 1655 461 1710 512; x_wconf 89' lang='lat' dir='ltr'><strong>in</strong></span> <span class='ocrx_word' id='word_1_8' title='bbox 1743 458 1815 514; x_wconf 89' lang='grc' dir='ltr'>Ν.</span> <span class='ocrx_word' id='word_1_9' title='bbox 1842 460 1928 525; x_wconf 86' lang='grc' dir='ltr'><strong>Τ.,</strong></span> <span class='ocrx_word' id='word_1_10' title='bbox 1957 476 2033 513; x_wconf 85' lang='lat' dir='ltr'><strong>sc.</strong></span> 
     </span>
    </p>
   </div>
   <div class='ocr_carea' id='block_1_3' title="bbox 938 473 1729 592">
    <p class='ocr_par' dir='ltr' id='par_1_3' title="bbox 938 473 1729 592">
     <span class='ocr_line' id='line_1_3' title="bbox 938 473 1710 579; baseline 0.004 -70"><span class='ocrx_word' id='word_1_11' title='bbox 938 473 1195 509; x_wconf 71' lang='lat' dir='ltr'><strong>intentam</strong></span> <span class='ocrx_word' id='word_1_12' title='bbox 1238 473 1295 511; x_wconf 70' lang='grc' dir='ltr'>δ.</span> <span class='ocrx_word' id='word_1_13' title='bbox 1324 473 1595 579; x_wconf 60' lang='grc' dir='ltr'><strong>ηιῖροινιι</strong></span> <span class='ocrx_word' id='word_1_14' title='bbox 1655 475 1710 512; x_wconf 80' lang='grc' dir='ltr'><strong>ιη</strong></span> 
     </span>
     <span class='ocr_line' id='line_1_4' title="bbox 938 525 1729 592; baseline 0 -10"><span class='ocrx_word' id='word_1_15' title='bbox 938 525 998 582; x_wconf 90' lang='lat' dir='ltr'><strong>S.</strong></span> <span class='ocrx_word' id='word_1_16' title='bbox 1023 527 1358 592; x_wconf 78' lang='lat' dir='ltr'><strong>Matthwum,</strong></span> <span class='ocrx_word' id='word_1_17' title='bbox 1434 544 1607 588; x_wconf 89' lang='lat' dir='ltr'><strong>ucam.</strong></span> <span class='ocrx_word' id='word_1_18' title='bbox 1626 539 1729 582; x_wconf 91' lang='lat' dir='ltr'><strong>etc.</strong></span> 
     </span>
    </p>
   </div>
   <div class='ocr_carea' id='block_1_4' title="bbox 618 640 2105 711">
    <p class='ocr_par' dir='ltr' id='par_1_4' title="bbox 618 640 2105 711">
     <span class='ocr_line' id='line_1_5' title="bbox 618 640 2105 711; baseline -0.001 -13"><span class='ocrx_word' id='word_1_19' title='bbox 618 641 892 710; x_wconf 84' lang='lat' dir='ltr'><strong>Quantum</strong></span> <span class='ocrx_word' id='word_1_20' title='bbox 938 643 1004 695; x_wconf 92' lang='lat' dir='ltr'><strong>ad</strong></span> <span class='ocrx_word' id='word_1_21' title='bbox 1043 642 1242 711; x_wconf 89' lang='lat' dir='ltr'><strong>scripta</strong></span> <span class='ocrx_word' id='word_1_22' title='bbox 1285 641 1402 710; x_wconf 87' lang='lat' dir='ltr'><strong>ejus</strong></span> <span class='ocrx_word' id='word_1_23' title='bbox 1447 642 1500 696; x_wconf 93' lang='lat' dir='ltr'><strong>in</strong></span> <span class='ocrx_word' id='word_1_24' title='bbox 1544 640 1752 696; x_wconf 87' lang='lat' dir='ltr'><strong>Novum</strong></span> <span class='ocrx_word' id='word_1_25' title='bbox 1789 642 2105 697; x_wconf 84' lang='lat' dir='ltr'><strong>Testamen-</strong></span> 
     </span>
    </p>
   </div>
   <div class='ocr_carea' id='block_1_5' title="bbox 548 734 2108 802">
    <p class='ocr_par' dir='ltr' id='par_1_5' title="bbox 548 734 2108 802">
     <span class='ocr_line' id='line_1_6' title="bbox 548 734 2108 802; baseline 0 -11"><span class='ocrx_word' id='word_1_26' title='bbox 548 748 686 799; x_wconf 88' lang='lat' dir='ltr'><strong>ttun,</strong></span> <span class='ocrx_word' id='word_1_27' title='bbox 722 735 985 789; x_wconf 82' lang='lat' dir='ltr'><strong>Eusebius</strong></span> <span class='ocrx_word' id='word_1_28' title='bbox 1012 750 1080 788; x_wconf 90' lang='lat' dir='ltr'><strong>ne</strong></span> <span class='ocrx_word' id='word_1_29' title='bbox 1114 748 1281 788; x_wconf 92' lang='lat' dir='ltr'><strong>unum</strong></span> <span class='ocrx_word' id='word_1_30' title='bbox 1311 734 1526 802; x_wconf 98' lang='lat' dir='ltr'><strong>quidem</strong></span> <span class='ocrx_word' id='word_1_31' title='bbox 1563 745 1855 800; x_wconf 87' lang='lat' dir='ltr'><strong>memorat;</strong></span> <span class='ocrx_word' id='word_1_32' title='bbox 1889 746 2108 791; x_wconf 88' lang='lat' dir='ltr'><strong>sanctus</strong></span> 
     </span>
    </p>
   </div>
   <div class='ocr_carea' id='block_1_6' title="bbox 546 825 2106 898">
    <p class='ocr_par' dir='ltr' id='par_1_6' title="bbox 546 825 2106 898">
     <span class='ocr_line' id='line_1_7' title="bbox 546 825 2106 898; baseline -0.003 -16"><span class='ocrx_word' id='word_1_33' title='bbox 546 843 676 884; x_wconf 84' lang='lat' dir='ltr'><strong>vero</strong></span> <span class='ocrx_word' id='word_1_34' title='bbox 701 826 1062 898; x_wconf 88' lang='lat' dir='ltr'><strong>Hieronymus</strong></span> <span class='ocrx_word' id='word_1_35' title='bbox 1088 827 1155 880; x_wconf 91' lang='lat' dir='ltr'><strong>de</strong></span> <span class='ocrx_word' id='word_1_36' title='bbox 1184 826 1300 879; x_wconf 92' lang='lat' dir='ltr'><strong>solo</strong></span> <span class='ocrx_word' id='word_1_37' title='bbox 1331 825 1476 880; x_wconf 91' lang='lat' dir='ltr'><strong>illius</strong></span> <span class='ocrx_word' id='word_1_38' title='bbox 1502 826 1555 878; x_wconf 90' lang='lat' dir='ltr'><strong>in</strong></span> <span class='ocrx_word' id='word_1_39' title='bbox 1577 825 1928 894; x_wconf 76' lang='lat' dir='ltr'><strong>Apocalypsin</strong></span> <span class='ocrx_word' id='word_1_40' title='bbox 1949 826 2106 880; x_wconf 90' lang='lat' dir='ltr'><strong>Com-</strong></span> 
     </span>
    </p>
   </div>
   <div class='ocr_carea' id='block_1_7' title="bbox 546 916 2106 981">
    <p class='ocr_par' dir='ltr' id='par_1_7' title="bbox 546 916 2106 981">
     <span class='ocr_line' id='line_1_8' title="bbox 546 916 2106 981; baseline -0.003 -7"><span class='ocrx_word' id='word_1_41' title='bbox 546 919 804 974; x_wconf 80' lang='lat' dir='ltr'><strong>mentario</strong></span> <span class='ocrx_word' id='word_1_42' title='bbox 839 917 1164 972; x_wconf 70' lang='lat' dir='ltr'><strong>mentionem</strong></span> <span class='ocrx_word' id='word_1_43' title='bbox 1194 916 1343 981; x_wconf 74' lang='lat' dir='ltr'><strong>facit,</strong></span> <span class='ocrx_word' id='word_1_44' title='bbox 1374 917 1502 971; x_wconf 93' lang='lat' dir='ltr'><strong>dum</strong></span> <span class='ocrx_word' id='word_1_45' title='bbox 1532 917 1584 970; x_wconf 92' lang='lat' dir='ltr'><strong>in</strong></span> <span class='ocrx_word' id='word_1_46' title='bbox 1615 925 1846 972; x_wconf 90' lang='lat' dir='ltr'><strong>tractatu</strong></span> <span class='ocrx_word' id='word_1_47' title='bbox 1878 919 1952 972; x_wconf 87' lang='lat' dir='ltr'><strong>De</strong></span> <span class='ocrx_word' id='word_1_48' title='bbox 1981 919 2106 972; x_wconf 78' lang='lat' dir='ltr'><strong>viris</strong></span> 
     </span>
    </p>
   </div>
   <div class='ocr_carea' id='block_1_8' title="bbox 547 1003 2106 1076">
    <p class='ocr_par' dir='ltr' id='par_1_8' title="bbox 547 1003 2106 1076">
     <span class='ocr_line' id='line_1_9' title="bbox 547 1003 2106 1076; baseline 0 -15"><span class='ocrx_word' id='word_1_49' title='bbox 547 1005 844 1062; x_wconf 75' lang='lat' dir='ltr'><strong>illustribus</strong></span> <span class='ocrx_word' id='word_1_50' title='bbox 891 1019 1053 1074; x_wconf 90' lang='lat' dir='ltr'><strong>opera</strong></span> <span class='ocrx_word' id='word_1_51' title='bbox 1114 1004 1172 1059; x_wconf 90' lang='lat' dir='ltr'><strong>S.</strong></span> <span class='ocrx_word' id='word_1_52' title='bbox 1214 1003 1483 1076; x_wconf 90' lang='lat' dir='ltr'><strong>Hippolyti</strong></span> <span class='ocrx_word' id='word_1_53' title='bbox 1537 1013 1782 1060; x_wconf 89' lang='lat' dir='ltr'><strong>recenset</strong></span> <span class='ocrx_word' id='word_1_54' title='bbox 1810 1007 1945 1076; x_wconf 88' lang='grc'>(88).</span> <span class='ocrx_word' id='word_1_55' title='bbox 2001 1007 2106 1062; x_wconf 86' lang='lat' dir='ltr'><strong>Sed</strong></span> 
     </span>
    </p>
   </div>
   <div class='ocr_carea' id='block_1_9' title="bbox 545 1094 2109 1168">
    <p class='ocr_par' dir='ltr' id='par_1_9' title="bbox 545 1094 2109 1168">
     <span class='ocr_line' id='line_1_10' title="bbox 545 1094 2109 1168; baseline 0.001 -17"><span class='ocrx_word' id='word_1_56' title='bbox 545 1097 841 1153; x_wconf 81' lang='lat' dir='ltr'><strong>verisimile</strong></span> <span class='ocrx_word' id='word_1_57' title='bbox 883 1103 986 1159; x_wconf 91' lang='lat' dir='ltr'><strong>est,</strong></span> <span class='ocrx_word' id='word_1_58' title='bbox 1033 1095 1174 1164; x_wconf 89' lang='lat' dir='ltr'><strong>quod</strong></span> <span class='ocrx_word' id='word_1_59' title='bbox 1225 1094 1281 1149; x_wconf 98' lang='grc'><strong>8.</strong></span> <span class='ocrx_word' id='word_1_60' title='bbox 1316 1094 1673 1166; x_wconf 80' lang='lat' dir='ltr'><strong>Hieronymus</strong></span> <span class='ocrx_word' id='word_1_61' title='bbox 1726 1097 1818 1152; x_wconf 90' lang='lat' dir='ltr'><strong>illo</strong></span> <span class='ocrx_word' id='word_1_62' title='bbox 1869 1107 2109 1168; x_wconf 89' lang='lat' dir='ltr'><strong>tempore</strong></span> 
     </span>
    </p>
   </div>
   <div class='ocr_carea' id='block_1_10' title="bbox 547 1185 2106 1258">
    <p class='ocr_par' dir='ltr' id='par_1_10' title="bbox 547 1185 2106 1258">
     <span class='ocr_line' id='line_1_11' title="bbox 547 1185 2106 1258; baseline 0.001 -15"><span class='ocrx_word' id='word_1_63' title='bbox 547 1204 610 1243; x_wconf 91' lang='lat' dir='ltr'><strong>ea</strong></span> <span class='ocrx_word' id='word_1_64' title='bbox 649 1189 704 1242; x_wconf 88' lang='lat' dir='ltr'><strong>S.</strong></span> <span class='ocrx_word' id='word_1_65' title='bbox 744 1187 1012 1258; x_wconf 76' lang='lat' dir='ltr'><strong>Hippolyti</strong></span> <span class='ocrx_word' id='word_1_66' title='bbox 1059 1187 1259 1254; x_wconf 89' lang='lat' dir='ltr'><strong>scripta</strong></span> <span class='ocrx_word' id='word_1_67' title='bbox 1310 1186 1363 1240; x_wconf 90' lang='lat' dir='ltr'><strong>in</strong></span> <span class='ocrx_word' id='word_1_68' title='bbox 1414 1185 1473 1240; x_wconf 90' lang='lat' dir='ltr'><strong>S.</strong></span> <span class='ocrx_word' id='word_1_69' title='bbox 1508 1187 1818 1243; x_wconf 73' lang='lat' dir='ltr'><strong>Mattbazum</strong></span> <span class='ocrx_word' id='word_1_70' title='bbox 1868 1191 2106 1245; x_wconf 92' lang='lat' dir='ltr'><strong>nondum</strong></span> 
     </span>
    </p>
   </div>
   <div class='ocr_carea' id='block_1_11' title="bbox 549 1277 2140 1350">
    <p class='ocr_par' dir='ltr' id='par_1_11' title="bbox 549 1277 2140 1350">
     <span class='ocr_line' id='line_1_12' title="bbox 549 1277 2140 1350; baseline 0.003 -19"><span class='ocrx_word' id='word_1_71' title='bbox 549 1279 764 1342; x_wconf 87' lang='lat' dir='ltr'><strong>viderit,</strong></span> <span class='ocrx_word' id='word_1_72' title='bbox 795 1279 859 1332; x_wconf 91' lang='lat' dir='ltr'><strong>de</strong></span> <span class='ocrx_word' id='word_1_73' title='bbox 887 1277 1086 1346; x_wconf 86' lang='lat' dir='ltr'><strong>quibus</strong></span> <span class='ocrx_word' id='word_1_74' title='bbox 1122 1277 1174 1330; x_wconf 93' lang='lat' dir='ltr'><strong>in</strong></span> <span class='ocrx_word' id='word_1_75' title='bbox 1213 1293 1372 1345; x_wconf 90' lang='lat' dir='ltr'><strong>opere</strong></span> <span class='ocrx_word' id='word_1_76' title='bbox 1414 1279 1698 1346; x_wconf 85' lang='lat' dir='ltr'><strong>posteriori</strong></span> <span class='ocrx_word' id='word_1_77' title='bbox 1726 1280 1839 1350; x_wconf 88' lang='lat'><strong>(89)</strong></span> <span class='ocrx_word' id='word_1_78' title='bbox 1873 1284 2108 1335; x_wconf 89' lang='lat' dir='ltr'><strong>mentio-</strong></span> <span class='ocrx_word' id='word_1_79' title='bbox 2137 1289 2140 1292; x_wconf 86' lang='lat'>&#39;</span> 
     </span>
    </p>
   </div>
   <div class='ocr_carea' id='block_1_12' title="bbox 1518 335 2789 395">
    <p class='ocr_par' dir='ltr' id='par_1_12' title="bbox 1518 335 2789 395">
     <span class='ocr_line' id='line_1_13' title="bbox 1518 335 2789 395; baseline -0.002 -3"><span class='ocrx_word' id='word_1_80' title='bbox 1518 337 1604 392; x_wconf 87' lang='lat' dir='ltr'><strong>DE</strong></span> <span class='ocrx_word' id='word_1_81' title='bbox 1642 337 1800 393; x_wconf 80' lang='lat' dir='ltr'><strong>VITA</strong></span> <span class='ocrx_word' id='word_1_82' title='bbox 1839 338 1927 394; x_wconf 84' lang='lat' dir='ltr'><strong>ET</strong></span> <span class='ocrx_word' id='word_1_83' title='bbox 1965 336 2275 395; x_wconf 81' lang='lat' dir='ltr'><strong>SCRIPTIS</strong></span> <span class='ocrx_word' id='word_1_84' title='bbox 2312 336 2370 395; x_wconf 90' lang='lat' dir='ltr'><strong>S.</strong></span> <span class='ocrx_word' id='word_1_85' title='bbox 2407 335 2789 392; x_wconf 74' lang='lat' dir='ltr'><strong>HIPPOLYTL</strong></span> 
     </span>
    </p>
   </div>
   <div class='ocr_carea' id='block_1_13' title="bbox 3661 336 3777 392">
    <p class='ocr_par' dir='ltr' id='par_1_13' title="bbox 3661 336 3777 392">
     <span class='ocr_line' id='line_1_14' title="bbox 3661 336 3777 392; baseline 0 -1"><span class='ocrx_word' id='word_1_86' title='bbox 3661 336 3777 392; x_wconf 69' lang='lat'><strong>5‘28</strong></span> 
     </span>
    </p>
   </div>
   <div class='ocr_carea' id='block_1_14' title="bbox 2134 453 3780 527">
    <p class='ocr_par' dir='ltr' id='par_1_14' title="bbox 2134 453 3780 527">
     <span class='ocr_line' id='line_1_15' title="bbox 2134 453 3780 527; baseline -0.001 -15"><span class='ocrx_word' id='word_1_87' title='bbox 2134 466 2181 520; x_wconf 75' lang='grc' dir='ltr'>Α</span> <span class='ocrx_word' id='word_1_88' title='bbox 2209 473 2392 514; x_wconf 88' lang='lat' dir='ltr'><strong>reseos</strong></span> <span class='ocrx_word' id='word_1_89' title='bbox 2417 457 2721 516; x_wconf 90' lang='lat' dir='ltr'><strong>consultum</strong></span> <span class='ocrx_word' id='word_1_90' title='bbox 2753 456 2816 509; x_wconf 90' lang='lat' dir='ltr'><strong>iri</strong></span> <span class='ocrx_word' id='word_1_91' title='bbox 2845 453 3313 519; x_wconf 76' lang='lat' dir='ltr'><strong>existimaverunt,</strong></span> <span class='ocrx_word' id='word_1_92' title='bbox 3339 469 3501 524; x_wconf 89' lang='lat' dir='ltr'><strong>quam</strong></span> <span class='ocrx_word' id='word_1_93' title='bbox 3529 457 3780 527; x_wconf 87' lang='lat' dir='ltr'><strong>negando</strong></span> 
     </span>
    </p>
   </div>
   <div class='ocr_carea' id='block_1_15' title="bbox 2209 545 3783 618">
    <p class='ocr_par' dir='ltr' id='par_1_15' title="bbox 2209 545 3783 618">
     <span class='ocr_line' id='line_1_16' title="bbox 2209 545 3783 618; baseline -0.001 -14"><span class='ocrx_word' id='word_1_94' title='bbox 2209 549 2615 615; x_wconf 81' lang='lat' dir='ltr'><strong>auctoritatem,</strong></span> <span class='ocrx_word' id='word_1_95' title='bbox 2673 557 2729 602; x_wconf 92' lang='lat' dir='ltr'><strong>et</strong></span> <span class='ocrx_word' id='word_1_96' title='bbox 2777 545 3091 615; x_wconf 87' lang='lat' dir='ltr'><strong>Evangelii,</strong></span> <span class='ocrx_word' id='word_1_97' title='bbox 3148 555 3204 600; x_wconf 92' lang='lat' dir='ltr'><strong>et</strong></span> <span class='ocrx_word' id='word_1_98' title='bbox 3251 546 3675 618; x_wconf 85' lang='lat' dir='ltr'><strong>Apocalypseos,</strong></span> <span class='ocrx_word' id='word_1_99' title='bbox 3721 557 3783 602; x_wconf 89' lang='lat' dir='ltr'><strong>et</strong></span> 
     </span>
    </p>
   </div>
   <div class='ocr_carea' id='block_1_16' title="bbox 2210 635 3786 709">
    <p class='ocr_par' dir='ltr' id='par_1_16' title="bbox 2210 635 3786 709">
     <span class='ocr_line' id='line_1_17' title="bbox 2210 635 3786 709; baseline 0.001 -17"><span class='ocrx_word' id='word_1_100' title='bbox 2210 639 2572 709; x_wconf 83' lang='lat' dir='ltr'><strong>Epistolarum</strong></span> <span class='ocrx_word' id='word_1_101' title='bbox 2645 638 2708 692; x_wconf 89' lang='lat' dir='ltr'><strong>D.</strong></span> <span class='ocrx_word' id='word_1_102' title='bbox 2736 635 2983 692; x_wconf 87' lang='lat' dir='ltr'><strong>Joannis.</strong></span> <span class='ocrx_word' id='word_1_103' title='bbox 3053 636 3206 702; x_wconf 89' lang='lat' dir='ltr'><strong>Quod</strong></span> <span class='ocrx_word' id='word_1_104' title='bbox 3250 647 3401 691; x_wconf 89' lang='lat' dir='ltr'><strong>tanta</strong></span> <span class='ocrx_word' id='word_1_105' title='bbox 3457 654 3580 694; x_wconf 88' lang='lat' dir='ltr'><strong>cum</strong></span> <span class='ocrx_word' id='word_1_106' title='bbox 3631 639 3786 694; x_wconf 80' lang='lat' dir='ltr'><strong>inve-</strong></span> 
     </span>
    </p>
   </div>
   <div class='ocr_carea' id='block_1_17' title="bbox 2205 727 3786 793">
    <p class='ocr_par' dir='ltr' id='par_1_17' title="bbox 2205 727 3786 793">
     <span class='ocr_line' id='line_1_18' title="bbox 2205 727 3786 793; baseline -0.001 -10"><span class='ocrx_word' id='word_1_107' title='bbox 2205 731 2460 784; x_wconf 76' lang='lat' dir='ltr'><strong>recundis</strong></span> <span class='ocrx_word' id='word_1_108' title='bbox 2509 729 2879 785; x_wconf 80' lang='lat' dir='ltr'><strong>lecerunt‘isti</strong></span> <span class='ocrx_word' id='word_1_109' title='bbox 2929 727 3184 793; x_wconf 75' lang='lat' dir='ltr'><strong>bteretici,</strong></span> <span class='ocrx_word' id='word_1_110' title='bbox 3221 737 3276 782; x_wconf 92' lang='lat' dir='ltr'><strong>et</strong></span> <span class='ocrx_word' id='word_1_111' title='bbox 3303 739 3453 784; x_wconf 90' lang='lat' dir='ltr'><strong>tanto</strong></span> <span class='ocrx_word' id='word_1_112' title='bbox 3484 745 3609 784; x_wconf 91' lang='lat' dir='ltr'><strong>cum</strong></span> <span class='ocrx_word' id='word_1_113' title='bbox 3641 730 3786 784; x_wconf 52' lang='lat' dir='ltr'><strong>divi;</strong></span> 
     </span>
    </p>
   </div>
   <div class='ocr_carea' id='block_1_18' title="bbox 2208 818 3784 887">
    <p class='ocr_par' dir='ltr' id='par_1_18' title="bbox 2208 818 3784 887">
     <span class='ocr_line' id='line_1_19' title="bbox 2208 818 3784 887; baseline 0.002 -15"><span class='ocrx_word' id='word_1_114' title='bbox 2208 819 2394 874; x_wconf 86' lang='lat' dir='ltr'><strong>uitatis</strong></span> <span class='ocrx_word' id='word_1_115' title='bbox 2414 820 2582 887; x_wconf 80' lang='grc' dir='ltr'><strong>Λόγου</strong></span> <span class='ocrx_word' id='word_1_116' title='bbox 2606 820 2752 881; x_wconf 88' lang='lat' dir='ltr'><strong>odio,</strong></span> <span class='ocrx_word' id='word_1_117' title='bbox 2781 828 2839 872; x_wconf 93' lang='lat' dir='ltr'><strong>ut</strong></span> <span class='ocrx_word' id='word_1_118' title='bbox 2860 818 3246 887; x_wconf 88' lang='lat' dir='ltr'><strong>quamplurimi</strong></span> <span class='ocrx_word' id='word_1_119' title='bbox 3280 820 3417 874; x_wconf 90' lang='lat' dir='ltr'><strong>inter</strong></span> <span class='ocrx_word' id='word_1_120' title='bbox 3445 821 3784 876; x_wconf 77' lang='lat' dir='ltr'><strong>orthodoxos</strong></span> 
     </span>
    </p>
   </div>
   <div class='ocr_carea' id='block_1_19' title="bbox 2207 910 3785 988">
    <p class='ocr_par' dir='ltr' id='par_1_19' title="bbox 2207 910 3785 988">
     <span class='ocr_line' id='line_1_20' title="bbox 2207 910 3785 988; baseline 0.001 -24"><span class='ocrx_word' id='word_1_121' title='bbox 2207 911 2534 976; x_wconf 77' lang='lat' dir='ltr'><strong>exstiterint,</strong></span> <span class='ocrx_word' id='word_1_122' title='bbox 2579 911 2695 988; x_wconf 22' lang='lat' dir='ltr'><strong>qui.</strong></span> <span class='ocrx_word' id='word_1_123' title='bbox 2723 910 2986 964; x_wconf 86' lang='lat' dir='ltr'><strong>vi’ndicias</strong></span> <span class='ocrx_word' id='word_1_124' title='bbox 3035 911 3175 964; x_wconf 67' lang='lat' dir='ltr'><strong>laesa:</strong></span> <span class='ocrx_word' id='word_1_125' title='bbox 3224 911 3527 965; x_wconf 81' lang='lat' dir='ltr'><strong>divinitatis</strong></span> <span class='ocrx_word' id='word_1_126' title='bbox 3573 911 3785 968; x_wconf 82' lang='lat' dir='ltr'><strong>Christi</strong></span> 
     </span>
    </p>
   </div>
   <div class='ocr_carea' id='block_1_20' title="bbox 2209 1001 3784 1072">
    <p class='ocr_par' dir='ltr' id='par_1_20' title="bbox 2209 1001 3784 1072">
     <span class='ocr_line' id='line_1_21' title="bbox 2209 1001 3784 1072; baseline 0.003 -17"><span class='ocrx_word' id='word_1_127' title='bbox 2209 1003 2461 1056; x_wconf 87' lang='lat' dir='ltr'><strong>alacriter</strong></span> <span class='ocrx_word' id='word_1_128' title='bbox 2518 1004 2858 1072; x_wconf 90' lang='lat' dir='ltr'><strong>paraverint,</strong></span> <span class='ocrx_word' id='word_1_129' title='bbox 2924 1013 2975 1055; x_wconf 90' lang='lat' dir='ltr'><strong>et</strong></span> <span class='ocrx_word' id='word_1_130' title='bbox 3030 1001 3420 1071; x_wconf 83' lang='lat' dir='ltr'><strong>Evangelium,</strong></span> <span class='ocrx_word' id='word_1_131' title='bbox 3481 1003 3784 1072; x_wconf 80' lang='lat' dir='ltr'><strong>Epistolas,</strong></span> 
     </span>
    </p>
   </div>
   <div class='ocr_carea' id='block_1_21' title="bbox 2208 1091 3788 1162">
    <p class='ocr_par' dir='ltr' id='par_1_21' title="bbox 2208 1091 3788 1162">
     <span class='ocr_line' id='line_1_22' title="bbox 2208 1091 3788 1162; baseline 0.003 -17"><span class='ocrx_word' id='word_1_132' title='bbox 2208 1092 2566 1162; x_wconf 89' lang='lat' dir='ltr'><strong>Apocalypsin</strong></span> <span class='ocrx_word' id='word_1_133' title='bbox 2600 1091 2792 1146; x_wconf 80' lang='lat' dir='ltr'><strong>Joanni</strong></span> <span class='ocrx_word' id='word_1_134' title='bbox 2842 1093 3184 1161; x_wconf 67' lang='lat' dir='ltr'><strong>evangelista:</strong></span> <span class='ocrx_word' id='word_1_135' title='bbox 3225 1097 3561 1148; x_wconf 86' lang='lat' dir='ltr'><strong>asseruerint</strong></span> <span class='ocrx_word' id='word_1_136' title='bbox 3585 1137 3601 1159; x_wconf 93' lang='lat'><strong>,</strong></span> <span class='ocrx_word' id='word_1_137' title='bbox 3639 1096 3788 1150; x_wconf 89' lang='lat' dir='ltr'><strong>inter</strong></span> 
     </span>
    </p>
   </div>
   <div class='ocr_carea' id='block_1_22' title="bbox 2207 1184 3784 1257">
    <p class='ocr_par' dir='ltr' id='par_1_22' title="bbox 2207 1184 3784 1257">
     <span class='ocr_line' id='line_1_23' title="bbox 2207 1184 3784 1257; baseline 0.003 -19"><span class='ocrx_word' id='word_1_138' title='bbox 2207 1202 2346 1253; x_wconf 86' lang='lat' dir='ltr'><strong>quos</strong></span> <span class='ocrx_word' id='word_1_139' title='bbox 2391 1186 2739 1240; x_wconf 87' lang='lat' dir='ltr'><strong>eminuerunt</strong></span> <span class='ocrx_word' id='word_1_140' title='bbox 2792 1184 2849 1240; x_wconf 93' lang='lat' dir='ltr'><strong>S.</strong></span> <span class='ocrx_word' id='word_1_141' title='bbox 2875 1185 3123 1240; x_wconf 86' lang='lat' dir='ltr'><strong>Justinus</strong></span> <span class='ocrx_word' id='word_1_142' title='bbox 3168 1198 3392 1257; x_wconf 78' lang='lat' dir='ltr'><strong>martyr,</strong></span> <span class='ocrx_word' id='word_1_143' title='bbox 3431 1185 3488 1240; x_wconf 93' lang='lat' dir='ltr'><strong>S.</strong></span> <span class='ocrx_word' id='word_1_144' title='bbox 3517 1188 3784 1251; x_wconf 68' lang='lat' dir='ltr'><strong>lrenaaus,</strong></span> 
     </span>
    </p>
   </div>
   <div class='ocr_carea' id='block_1_23' title="bbox 2214 1276 3785 1346">
    <p class='ocr_par' dir='ltr' id='par_1_23' title="bbox 2214 1276 3785 1346">
     <span class='ocr_line' id='line_1_24' title="bbox 2214 1276 3785 1346; baseline 0.003 -16"><span class='ocrx_word' id='word_1_145' title='bbox 2214 1277 2546 1346; x_wconf 85' lang='lat' dir='ltr'><strong>Theophilus</strong></span> <span class='ocrx_word' id='word_1_146' title='bbox 2599 1276 2987 1340; x_wconf 89' lang='lat' dir='ltr'><strong>Antiochenus,</strong></span> <span class='ocrx_word' id='word_1_147' title='bbox 3045 1276 3294 1332; x_wconf 82' lang='lat' dir='ltr'><strong>Clemens</strong></span> <span class='ocrx_word' id='word_1_148' title='bbox 3354 1277 3785 1344; x_wconf 82' lang='lat' dir='ltr'><strong>Alexandrinus,</strong></span> 
     </span>
    </p>
   </div>
   <div class='ocr_carea' id='block_1_24' title="bbox 550 1366 3788 1442">
    <p class='ocr_par' dir='ltr' id='par_1_24' title="bbox 550 1366 3788 1442">
     <span class='ocr_line' id='line_1_25' title="bbox 550 1366 3788 1442; baseline 0.001 -18"><span class='ocrx_word' id='word_1_149' title='bbox 550 1386 673 1425; x_wconf 87' lang='lat' dir='ltr'><strong>nem</strong></span> <span class='ocrx_word' id='word_1_150' title='bbox 719 1369 861 1423; x_wconf 80' lang='lat' dir='ltr'><strong>fecit.</strong></span> <span class='ocrx_word' id='word_1_151' title='bbox 890 1367 1259 1421; x_wconf 89' lang='lat' dir='ltr'><strong>Theodoretus</strong></span> <span class='ocrx_word' id='word_1_152' title='bbox 1314 1369 1442 1423; x_wconf 88' lang='lat' dir='ltr'><strong>citat</strong></span> <span class='ocrx_word' id='word_1_153' title='bbox 1493 1369 1656 1423; x_wconf 88' lang='lat' dir='ltr'><strong>etiam</strong></span> <span class='ocrx_word' id='word_1_154' title='bbox 1707 1380 1968 1427; x_wconf 89' lang='lat' dir='ltr'><strong>tractatus</strong></span> <span class='ocrx_word' id='word_1_155' title='bbox 2013 1388 2106 1427; x_wconf 91' lang='lat' dir='ltr'><strong>seu</strong></span> <span class='ocrx_word' id='word_1_156' title='bbox 2213 1367 2270 1423; x_wconf 91' lang='lat' dir='ltr'><strong>S.</strong></span> <span class='ocrx_word' id='word_1_157' title='bbox 2297 1367 2476 1422; x_wconf 84' lang='lat' dir='ltr'><strong>Melito</strong></span> <span class='ocrx_word' id='word_1_158' title='bbox 2519 1366 2836 1431; x_wconf 87' lang='lat' dir='ltr'><strong>Sardeusis,</strong></span> <span class='ocrx_word' id='word_1_159' title='bbox 2886 1378 2940 1422; x_wconf 93' lang='lat' dir='ltr'><strong>et</strong></span> <span class='ocrx_word' id='word_1_160' title='bbox 2990 1369 3046 1423; x_wconf 89' lang='lat' dir='ltr'><strong>S.</strong></span> <span class='ocrx_word' id='word_1_161' title='bbox 3082 1367 3422 1442; x_wconf 85' lang='lat' dir='ltr'><strong>Hippolytus.</strong></span> <span class='ocrx_word' id='word_1_162' title='bbox 3463 1368 3586 1426; x_wconf 71' lang='lat' dir='ltr'><strong>Haec</strong></span> <span class='ocrx_word' id='word_1_163' title='bbox 3629 1373 3701 1426; x_wconf 88' lang='lat' dir='ltr'><strong>cl.</strong></span> <span class='ocrx_word' id='word_1_164' title='bbox 3739 1373 3788 1426; x_wconf 92' lang='lat' dir='ltr'><strong>le</strong></span> 
     </span>
    </p>
   </div>
   <div class='ocr_carea' id='block_1_25' title="bbox 551 1458 3788 1532">
    <p class='ocr_par' dir='ltr' id='par_1_25' title="bbox 551 1458 3788 1532">
     <span class='ocr_line' id='line_1_26' title="bbox 551 1458 3788 1532; baseline 0 -16"><span class='ocrx_word' id='word_1_165' title='bbox 551 1475 831 1516; x_wconf 86' lang='lat' dir='ltr'><strong>sermones</strong></span> <span class='ocrx_word' id='word_1_166' title='bbox 873 1459 927 1514; x_wconf 94' lang='lat' dir='ltr'><strong>S.</strong></span> <span class='ocrx_word' id='word_1_167' title='bbox 951 1458 1216 1530; x_wconf 89' lang='lat' dir='ltr'><strong>Hippolyti</strong></span> <span class='ocrx_word' id='word_1_168' title='bbox 1269 1459 1344 1512; x_wconf 82' lang='lat' dir='ltr'><strong>De</strong></span> <span class='ocrx_word' id='word_1_169' title='bbox 1381 1458 1750 1515; x_wconf 78' lang='lat' dir='ltr'><strong>distributione</strong></span> <span class='ocrx_word' id='word_1_170' title='bbox 1793 1461 2109 1516; x_wconf 83' lang='lat' dir='ltr'><strong>talentorum</strong></span> <span class='ocrx_word' id='word_1_171' title='bbox 2211 1459 2459 1531; x_wconf 90' lang='lat' dir='ltr'><strong>Moynius</strong></span> <span class='ocrx_word' id='word_1_172' title='bbox 2493 1459 2630 1529; x_wconf 77' lang='lat'>(95),</span> <span class='ocrx_word' id='word_1_173' title='bbox 2657 1460 2749 1528; x_wconf 92' lang='lat' dir='ltr'><strong>qui</strong></span> <span class='ocrx_word' id='word_1_174' title='bbox 2780 1460 2974 1515; x_wconf 90' lang='lat' dir='ltr'><strong>deinde</strong></span> <span class='ocrx_word' id='word_1_175' title='bbox 3013 1462 3309 1525; x_wconf 85' lang='lat' dir='ltr'><strong>concludit,</strong></span> <span class='ocrx_word' id='word_1_176' title='bbox 3351 1464 3496 1532; x_wconf 91' lang='lat' dir='ltr'><strong>quod</strong></span> <span class='ocrx_word' id='word_1_177' title='bbox 3542 1465 3665 1518; x_wconf 87' lang='lat' dir='ltr'><strong>ideo</strong></span> <span class='ocrx_word' id='word_1_178' title='bbox 3700 1465 3788 1518; x_wconf 89' lang='lat' dir='ltr'><strong>di-</strong></span> 
     </span>
    </p>
   </div>
   <div class='ocr_carea' id='block_1_26' title="bbox 549 1548 3786 1622">
    <p class='ocr_par' dir='ltr' id='par_1_26' title="bbox 549 1548 3786 1622">
     <span class='ocr_line' id='line_1_27' title="bbox 549 1548 3786 1622; baseline 0 -16"><span class='ocrx_word' id='word_1_179' title='bbox 549 1561 604 1606; x_wconf 90' lang='lat' dir='ltr'><strong>et</strong></span> <span class='ocrx_word' id='word_1_180' title='bbox 633 1551 708 1605; x_wconf 86' lang='lat' dir='ltr'><strong>De</strong></span> <span class='ocrx_word' id='word_1_181' title='bbox 735 1551 935 1604; x_wconf 83' lang='lat' dir='ltr'><strong>duobus</strong></span> <span class='ocrx_word' id='word_1_182' title='bbox 964 1550 1254 1604; x_wconf 80' lang='lat' dir='ltr'><strong>latronibus</strong></span> <span class='ocrx_word' id='word_1_183' title='bbox 1283 1549 1416 1620; x_wconf 89' lang='lat'><strong>(90).</strong></span> <span class='ocrx_word' id='word_1_184' title='bbox 1444 1549 1580 1605; x_wconf 89' lang='lat' dir='ltr'><strong>Hinc</strong></span> <span class='ocrx_word' id='word_1_185' title='bbox 1607 1552 1897 1606; x_wconf 80' lang='lat' dir='ltr'><strong>verisimile</strong></span> <span class='ocrx_word' id='word_1_186' title='bbox 1923 1563 2111 1622; x_wconf 91' lang='lat' dir='ltr'><strong>putant</strong></span> <span class='ocrx_word' id='word_1_187' title='bbox 2211 1563 2367 1605; x_wconf 90' lang='lat' dir='ltr'><strong>catur</strong></span> <span class='ocrx_word' id='word_1_188' title='bbox 2396 1551 2486 1605; x_wconf 93' lang='lat' dir='ltr'><strong>hic</strong></span> <span class='ocrx_word' id='word_1_189' title='bbox 2517 1550 2616 1620; x_wconf 92' lang='lat' dir='ltr'><strong>(sc.</strong></span> <span class='ocrx_word' id='word_1_190' title='bbox 2641 1548 2984 1620; x_wconf 86' lang='lat' dir='ltr'><strong>Hippolytus)</strong></span> <span class='ocrx_word' id='word_1_191' title='bbox 3013 1552 3298 1621; x_wconf 87' lang='lat' dir='ltr'><strong>scripsisse</strong></span> <span class='ocrx_word' id='word_1_192' title='bbox 3339 1553 3393 1606; x_wconf 91' lang='lat' dir='ltr'><strong>in</strong></span> <span class='ocrx_word' id='word_1_193' title='bbox 3424 1552 3786 1622; x_wconf 85' lang='lat' dir='ltr'><strong>Evangelium</strong></span> 
     </span>
    </p>
   </div>
   <div class='ocr_carea' id='block_1_27' title="bbox 548 1639 3787 1712">
    <p class='ocr_par' dir='ltr' id='par_1_27' title="bbox 548 1639 3787 1712">
     <span class='ocr_line' id='line_1_28' title="bbox 548 1639 3787 1712; baseline 0.001 -16"><span class='ocrx_word' id='word_1_194' title='bbox 548 1642 654 1696; x_wconf 85' lang='lat' dir='ltr'><strong>viri</strong></span> <span class='ocrx_word' id='word_1_195' title='bbox 679 1644 821 1696; x_wconf 86' lang='lat' dir='ltr'><strong>docti</strong></span> <span class='ocrx_word' id='word_1_196' title='bbox 850 1643 960 1712; x_wconf 97' lang='grc'>(91)</span> <span class='ocrx_word' id='word_1_197' title='bbox 989 1651 1239 1696; x_wconf 91' lang='lat' dir='ltr'><strong>sanctum</strong></span> <span class='ocrx_word' id='word_1_198' title='bbox 1269 1651 1513 1695; x_wconf 90' lang='lat' dir='ltr'><strong>nostrum</strong></span> <span class='ocrx_word' id='word_1_199' title='bbox 1543 1642 1596 1695; x_wconf 92' lang='lat' dir='ltr'><strong>in</strong></span> <span class='ocrx_word' id='word_1_200' title='bbox 1627 1643 1889 1711; x_wconf 90' lang='lat' dir='ltr'><strong>quasdam</strong></span> <span class='ocrx_word' id='word_1_201' title='bbox 1919 1645 2107 1698; x_wconf 86' lang='lat' dir='ltr'><strong>saltem</strong></span> <span class='ocrx_word' id='word_1_202' title='bbox 2211 1652 2264 1696; x_wconf 85' lang='lat' dir='ltr'><strong>et</strong></span> <span class='ocrx_word' id='word_1_203' title='bbox 2284 1640 2663 1712; x_wconf 79' lang='lat' dir='ltr'><strong>Apocalypsin,</strong></span> <span class='ocrx_word' id='word_1_204' title='bbox 2697 1643 2760 1693; x_wconf 90' lang='lat' dir='ltr'><strong>ut‘</strong></span> <span class='ocrx_word' id='word_1_205' title='bbox 2787 1639 2888 1692; x_wconf 82' lang='lat' dir='ltr'><strong>ista</strong></span> <span class='ocrx_word' id='word_1_206' title='bbox 2923 1654 3086 1709; x_wconf 82' lang='lat' dir='ltr'><strong>Opera</strong></span> <span class='ocrx_word' id='word_1_207' title='bbox 3115 1655 3234 1696; x_wconf 89' lang='lat' dir='ltr'><strong>esse</strong></span> <span class='ocrx_word' id='word_1_208' title='bbox 3264 1640 3506 1709; x_wconf 88' lang='lat' dir='ltr'><strong>ejusdem</strong></span> <span class='ocrx_word' id='word_1_209' title='bbox 3535 1643 3787 1698; x_wconf 84' lang='lat' dir='ltr'><strong>auctoris</strong></span> 
     </span>
    </p>
   </div>
   <div class='ocr_carea' id='block_1_28' title="bbox 551 1731 3789 1805">
    <p class='ocr_par' dir='ltr' id='par_1_28' title="bbox 551 1731 3789 1805">
     <span class='ocr_line' id='line_1_29' title="bbox 551 1731 3789 1805; baseline 0.001 -18"><span class='ocrx_word' id='word_1_210' title='bbox 551 1743 731 1804; x_wconf 89' lang='lat' dir='ltr'><strong>partes</strong></span> <span class='ocrx_word' id='word_1_211' title='bbox 755 1732 1028 1802; x_wconf 76' lang='lat' dir='ltr'><strong>Evangelii</strong></span> <span class='ocrx_word' id='word_1_212' title='bbox 1073 1731 1129 1785; x_wconf 94' lang='lat' dir='ltr'><strong>S.</strong></span> <span class='ocrx_word' id='word_1_213' title='bbox 1155 1731 1408 1797; x_wconf 75' lang='lat' dir='ltr'><strong>Mattlnei,</strong></span> <span class='ocrx_word' id='word_1_214' title='bbox 1459 1742 1621 1803; x_wconf 88' lang='lat' dir='ltr'><strong>atque</strong></span> <span class='ocrx_word' id='word_1_215' title='bbox 1674 1736 1791 1790; x_wconf 91' lang='lat' dir='ltr'><strong>sine</strong></span> <span class='ocrx_word' id='word_1_216' title='bbox 1841 1737 2006 1792; x_wconf 90' lang='lat' dir='ltr'><strong>dubio</strong></span> <span class='ocrx_word' id='word_1_217' title='bbox 2055 1739 2110 1792; x_wconf 93' lang='lat' dir='ltr'><strong>in</strong></span> <span class='ocrx_word' id='word_1_218' title='bbox 2149 1787 2185 1805; x_wconf 59' lang='grc' dir='ltr'>η</span> <span class='ocrx_word' id='word_1_219' title='bbox 2214 1733 2561 1803; x_wconf 89' lang='lat' dir='ltr'><strong>persuaderet</strong></span> <span class='ocrx_word' id='word_1_220' title='bbox 2590 1741 2643 1786; x_wconf 93' lang='lat' dir='ltr'><strong>et</strong></span> <span class='ocrx_word' id='word_1_221' title='bbox 2670 1731 3033 1787; x_wconf 82' lang='lat' dir='ltr'><strong>conﬁrmaret.</strong></span> <span class='ocrx_word' id='word_1_222' title='bbox 3069 1733 3267 1786; x_wconf 77' lang='lat' dir='ltr'><strong>Verum</strong></span> <span class='ocrx_word' id='word_1_223' title='bbox 3297 1734 3609 1804; x_wconf 85' lang='lat' dir='ltr'><strong>quicunque</strong></span> <span class='ocrx_word' id='word_1_224' title='bbox 3643 1751 3789 1805; x_wconf 70' lang='lat' dir='ltr'><strong>prte-</strong></span> 
     </span>
    </p>
   </div>
   <div class='ocr_carea' id='block_1_29' title="bbox 553 1822 2111 1896">
    <p class='ocr_par' dir='ltr' id='par_1_29' title="bbox 553 1822 2111 1896">
     <span class='ocr_line' id='line_1_30' title="bbox 553 1822 2111 1896; baseline 0.006 -20"><span class='ocrx_word' id='word_1_225' title='bbox 553 1825 794 1894; x_wconf 64' lang='lat' dir='ltr'><strong>quaedam</strong></span> <span class='ocrx_word' id='word_1_226' title='bbox 847 1824 963 1878; x_wconf 89' lang='lat' dir='ltr'><strong>loca</strong></span> <span class='ocrx_word' id='word_1_227' title='bbox 1007 1822 1277 1891; x_wconf 70' lang='lat' dir='ltr'><strong>Evangelii</strong></span> <span class='ocrx_word' id='word_1_228' title='bbox 1338 1824 1395 1879; x_wconf 92' lang='lat' dir='ltr'><strong>S.</strong></span> <span class='ocrx_word' id='word_1_229' title='bbox 1423 1824 1603 1890; x_wconf 64' lang='lat' dir='ltr'><strong>Lucae,</strong></span> <span class='ocrx_word' id='word_1_230' title='bbox 1653 1827 1706 1880; x_wconf 92' lang='lat' dir='ltr'><strong>in</strong></span> <span class='ocrx_word' id='word_1_231' title='bbox 1738 1843 1846 1896; x_wconf 90' lang='lat' dir='ltr'><strong>quo</strong></span> <span class='ocrx_word' id='word_1_232' title='bbox 1886 1830 2111 1885; x_wconf 88' lang='lat' dir='ltr'><strong>historia</strong></span> 
     </span>
    </p>
   </div>
   <div class='ocr_carea' id='block_1_30' title="bbox 552 1915 2115 1986">
    <p class='ocr_par' dir='ltr' id='par_1_30' title="bbox 552 1915 2115 1986">
     <span class='ocr_line' id='line_1_31' title="bbox 552 1915 2115 1986; baseline 0.004 -15"><span class='ocrx_word' id='word_1_233' title='bbox 552 1918 621 1971; x_wconf 87' lang='lat' dir='ltr'><strong>de</strong></span> <span class='ocrx_word' id='word_1_234' title='bbox 652 1917 864 1970; x_wconf 90' lang='lat' dir='ltr'><strong>duobus</strong></span> <span class='ocrx_word' id='word_1_235' title='bbox 892 1915 1192 1986; x_wconf 87' lang='lat' dir='ltr'><strong>latronibus</strong></span> <span class='ocrx_word' id='word_1_236' title='bbox 1223 1917 1446 1972; x_wconf 87' lang='lat' dir='ltr'><strong>uberius</strong></span> <span class='ocrx_word' id='word_1_237' title='bbox 1497 1928 1802 1984; x_wconf 87' lang='lat' dir='ltr'><strong>enarratur,</strong></span> <span class='ocrx_word' id='word_1_238' title='bbox 1840 1935 2115 1977; x_wconf 90' lang='lat' dir='ltr'><strong>commen-</strong></span> 
     </span>
    </p>
   </div>
   <div class='ocr_carea' id='block_1_31' title="bbox 552 2006 2112 2078">
    <p class='ocr_par' dir='ltr' id='par_1_31' title="bbox 552 2006 2112 2078">
     <span class='ocr_line' id='line_1_32' title="bbox 552 2006 2112 2078; baseline 0.005 -18"><span class='ocrx_word' id='word_1_239' title='bbox 552 2009 721 2061; x_wconf 89' lang='lat' dir='ltr'><strong>tarios</strong></span> <span class='ocrx_word' id='word_1_240' title='bbox 765 2023 1037 2062; x_wconf 76' lang='lat' dir='ltr'><strong>exarasse.</strong></span> <span class='ocrx_word' id='word_1_241' title='bbox 1089 2006 1409 2078; x_wconf 87' lang='lat' dir='ltr'><strong>Quanquam</strong></span> <span class='ocrx_word' id='word_1_242' title='bbox 1462 2018 1644 2063; x_wconf 91' lang='lat' dir='ltr'><strong>autem</strong></span> <span class='ocrx_word' id='word_1_243' title='bbox 1701 2010 1788 2064; x_wconf 91' lang='lat' dir='ltr'><strong>hic</strong></span> <span class='ocrx_word' id='word_1_244' title='bbox 1826 2015 2112 2078; x_wconf 86' lang='lat' dir='ltr'><strong>terminus,</strong></span> 
     </span>
    </p>
   </div>
   <div class='ocr_carea' id='block_1_32' title="bbox 552 2096 2114 2170">
    <p class='ocr_par' dir='ltr' id='par_1_32' title="bbox 552 2096 2114 2170">
     <span class='ocr_line' id='line_1_33' title="bbox 552 2096 2114 2170; baseline 0.006 -21"><span class='ocrx_word' id='word_1_245' title='bbox 552 2096 763 2165; x_wconf 75' lang='grc' dir='ltr'><strong>λόγους,</strong></span> <span class='ocrx_word' id='word_1_246' title='bbox 783 2106 961 2165; x_wconf 88' lang='lat' dir='ltr'><strong>posset</strong></span> <span class='ocrx_word' id='word_1_247' title='bbox 984 2097 1240 2152; x_wconf 89' lang='lat' dir='ltr'><strong>denotare</strong></span> <span class='ocrx_word' id='word_1_248' title='bbox 1267 2098 1404 2167; x_wconf 91' lang='lat' dir='ltr'><strong>apud</strong></span> <span class='ocrx_word' id='word_1_249' title='bbox 1430 2097 1825 2156; x_wconf 89' lang='lat' dir='ltr'><strong>Theodoretum</strong></span> <span class='ocrx_word' id='word_1_250' title='bbox 1843 2103 2114 2170; x_wconf 89' lang='lat' dir='ltr'><strong>homilias,</strong></span> 
     </span>
    </p>
   </div>
   <div class='ocr_carea' id='block_1_33' title="bbox 553 2187 2116 2261">
    <p class='ocr_par' dir='ltr' id='par_1_33' title="bbox 553 2187 2116 2261">
     <span class='ocr_line' id='line_1_34' title="bbox 553 2187 2116 2261; baseline 0.006 -19"><span class='ocrx_word' id='word_1_251' title='bbox 553 2189 906 2242; x_wconf 89' lang='lat' dir='ltr'><strong>nihilominus</strong></span> <span class='ocrx_word' id='word_1_252' title='bbox 938 2197 1114 2242; x_wconf 89' lang='lat' dir='ltr'><strong>tamen</strong></span> <span class='ocrx_word' id='word_1_253' title='bbox 1152 2187 1216 2242; x_wconf 93' lang='lat' dir='ltr'><strong>D.</strong></span> <span class='ocrx_word' id='word_1_254' title='bbox 1252 2187 1612 2261; x_wconf 86' lang='lat' dir='ltr'><strong>Hieronymus</strong></span> <span class='ocrx_word' id='word_1_255' title='bbox 1665 2193 1806 2248; x_wconf 90' lang='lat' dir='ltr'><strong>inter</strong></span> <span class='ocrx_word' id='word_1_256' title='bbox 1835 2209 2116 2251; x_wconf 91' lang='lat' dir='ltr'><strong>commen-</strong></span> 
     </span>
    </p>
   </div>
   <div class='ocr_carea' id='block_1_34' title="bbox 556 2275 2114 2349">
    <p class='ocr_par' dir='ltr' id='par_1_34' title="bbox 556 2275 2114 2349">
     <span class='ocr_line' id='line_1_35' title="bbox 556 2275 2114 2349; baseline 0.003 -17"><span class='ocrx_word' id='word_1_257' title='bbox 556 2279 724 2333; x_wconf 90' lang='lat' dir='ltr'><strong>tarios</strong></span> <span class='ocrx_word' id='word_1_258' title='bbox 774 2277 826 2331; x_wconf 91' lang='lat' dir='ltr'><strong>in</strong></span> <span class='ocrx_word' id='word_1_259' title='bbox 872 2276 930 2332; x_wconf 89' lang='grc'><strong>8.</strong></span> <span class='ocrx_word' id='word_1_260' title='bbox 957 2275 1291 2346; x_wconf 88' lang='lat' dir='ltr'><strong>Scripturam</strong></span> <span class='ocrx_word' id='word_1_261' title='bbox 1343 2287 1591 2333; x_wconf 88' lang='lat' dir='ltr'><strong>recenset</strong></span> <span class='ocrx_word' id='word_1_262' title='bbox 1639 2279 1873 2349; x_wconf 86' lang='lat' dir='ltr'><strong>aliquem</strong></span> <span class='ocrx_word' id='word_1_263' title='bbox 1923 2277 2114 2336; x_wconf 82' lang='lat' dir='ltr'><strong>horum</strong></span> 
     </span>
    </p>
   </div>
   <div class='ocr_carea' id='block_1_35' title="bbox 554 2359 2115 2444">
    <p class='ocr_par' dir='ltr' id='par_1_35' title="bbox 554 2359 2115 2444">
     <span class='ocr_line' id='line_1_36' title="bbox 554 2359 2115 2444; baseline 0.004 -22"><span class='ocrx_word' id='word_1_264' title='bbox 554 2368 726 2436; x_wconf 69' lang='grc' dir='ltr'>λόγων</span> <span class='ocrx_word' id='word_1_265' title='bbox 756 2385 848 2423; x_wconf 90' lang='lat' dir='ltr'><strong>seu</strong></span> <span class='ocrx_word' id='word_1_266' title='bbox 878 2359 1189 2422; x_wconf 84' lang='lat' dir='ltr'><strong>sermonum</strong></span> <span class='ocrx_word' id='word_1_267' title='bbox 1233 2384 1263 2422; x_wconf 91' lang='lat' dir='ltr'><strong>a</strong></span> <span class='ocrx_word' id='word_1_268' title='bbox 1293 2367 1634 2424; x_wconf 87' lang='lat' dir='ltr'><strong>Theodoreto</strong></span> <span class='ocrx_word' id='word_1_269' title='bbox 1667 2371 1956 2428; x_wconf 88' lang='lat' dir='ltr'><strong>citatorum</strong></span> <span class='ocrx_word' id='word_1_270' title='bbox 1983 2374 2115 2444; x_wconf 73' lang='grc'>(92).</span> 
     </span>
    </p>
   </div>
   <div class='ocr_carea' id='block_1_36' title="bbox 556 2459 2120 2536">
    <p class='ocr_par' dir='ltr' id='par_1_36' title="bbox 556 2459 2120 2536">
     <span class='ocr_line' id='line_1_37' title="bbox 556 2459 2120 2536; baseline 0.004 -22"><span class='ocrx_word' id='word_1_271' title='bbox 556 2461 612 2516; x_wconf 91' lang='lat' dir='ltr'><strong>In</strong></span> <span class='ocrx_word' id='word_1_272' title='bbox 638 2463 838 2516; x_wconf 88' lang='lat' dir='ltr'><strong>Catena</strong></span> <span class='ocrx_word' id='word_1_273' title='bbox 864 2459 1080 2515; x_wconf 85' lang='lat' dir='ltr'><strong>Patrum</strong></span> <span class='ocrx_word' id='word_1_274' title='bbox 1105 2461 1415 2516; x_wconf 72' lang='lat' dir='ltr'><strong>Crtecorutn</strong></span> <span class='ocrx_word' id='word_1_275' title='bbox 1441 2477 1604 2534; x_wconf 80' lang='lat' dir='ltr'><strong>super</strong></span> <span class='ocrx_word' id='word_1_276' title='bbox 1628 2462 1828 2520; x_wconf 84' lang='lat' dir='ltr'><strong>Lucam</strong></span> <span class='ocrx_word' id='word_1_277' title='bbox 1858 2467 2120 2536; x_wconf 87' lang='lat' dir='ltr'><strong>reperitur</strong></span> 
     </span>
    </p>
   </div>
   <div class='ocr_carea' id='block_1_37' title="bbox 555 2551 1678 2625">
    <p class='ocr_par' dir='ltr' id='par_1_37' title="bbox 555 2551 1678 2625">
     <span class='ocr_line' id='line_1_38' title="bbox 555 2551 1678 2625; baseline -0.001 -16"><span class='ocrx_word' id='word_1_278' title='bbox 555 2553 718 2609; x_wconf 87' lang='lat' dir='ltr'><strong>etiam</strong></span> <span class='ocrx_word' id='word_1_279' title='bbox 746 2553 942 2623; x_wconf 85' lang='lat' dir='ltr'><strong>aliquis</strong></span> <span class='ocrx_word' id='word_1_280' title='bbox 971 2552 1028 2607; x_wconf 95' lang='lat' dir='ltr'><strong>S.</strong></span> <span class='ocrx_word' id='word_1_281' title='bbox 1054 2551 1323 2625; x_wconf 86' lang='lat' dir='ltr'><strong>Hippolyti</strong></span> <span class='ocrx_word' id='word_1_282' title='bbox 1362 2553 1514 2610; x_wconf 91' lang='lat' dir='ltr'><strong>locus</strong></span> <span class='ocrx_word' id='word_1_283' title='bbox 1541 2555 1678 2623; x_wconf 81' lang='grc'>(95).</span> 
     </span>
    </p>
   </div>
   <div class='ocr_carea' id='block_1_38' title="bbox 558 2665 2121 2740">
    <p class='ocr_par' dir='ltr' id='par_1_38' title="bbox 558 2665 2121 2740">
     <span class='ocr_line' id='line_1_39' title="bbox 558 2665 2121 2740; baseline 0.001 -18"><span class='ocrx_word' id='word_1_284' title='bbox 558 2665 589 2736; x_wconf 73' lang='grc'><strong>5</strong></span> <span class='ocrx_word' id='word_1_285' title='bbox 626 2666 695 2721; x_wconf 81' lang='lat' dir='ltr'><strong>X.</strong></span> <span class='ocrx_word' id='word_1_286' title='bbox 737 2667 1114 2740; x_wconf 78' lang='lat' dir='ltr'><strong>Commentarii</strong></span> <span class='ocrx_word' id='word_1_287' title='bbox 1155 2665 1210 2720; x_wconf 91' lang='lat' dir='ltr'><strong>S.</strong></span> <span class='ocrx_word' id='word_1_288' title='bbox 1243 2667 1514 2736; x_wconf 81' lang='lat' dir='ltr'><strong>Hippolyti</strong></span> <span class='ocrx_word' id='word_1_289' title='bbox 1553 2668 1606 2720; x_wconf 88' lang='lat' dir='ltr'><strong>in</strong></span> <span class='ocrx_word' id='word_1_290' title='bbox 1627 2666 1853 2722; x_wconf 79' lang='lat' dir='ltr'><strong>Joannis</strong></span> <span class='ocrx_word' id='word_1_291' title='bbox 1881 2667 2121 2740; x_wconf 82' lang='lat' dir='ltr'><strong>Evange—</strong></span> 
     </span>
    </p>
   </div>
   <div class='ocr_carea' id='block_1_39' title="bbox 1026 2737 1637 2807">
    <p class='ocr_par' dir='ltr' id='par_1_39' title="bbox 1026 2737 1637 2807">
     <span class='ocr_line' id='line_1_40' title="bbox 1026 2737 1637 2807; baseline 0.003 -18"><span class='ocrx_word' id='word_1_292' title='bbox 1026 2737 1155 2790; x_wconf 88' lang='lat' dir='ltr'><strong>lium</strong></span> <span class='ocrx_word' id='word_1_293' title='bbox 1191 2748 1240 2791; x_wconf 87' lang='lat' dir='ltr'><strong>et</strong></span> <span class='ocrx_word' id='word_1_294' title='bbox 1266 2739 1637 2807; x_wconf 75' lang='lat' dir='ltr'><strong>Apocalypsin.</strong></span> 
     </span>
    </p>
   </div>
   <div class='ocr_carea' id='block_1_40' title="bbox 625 2826 2122 2899">
    <p class='ocr_par' dir='ltr' id='par_1_40' title="bbox 625 2826 2122 2899">
     <span class='ocr_line' id='line_1_41' title="bbox 625 2826 2122 2899; baseline 0.001 -17"><span class='ocrx_word' id='word_1_295' title='bbox 625 2827 683 2882; x_wconf 84' lang='lat' dir='ltr'><strong>In</strong></span> <span class='ocrx_word' id='word_1_296' title='bbox 734 2827 913 2882; x_wconf 87' lang='lat' dir='ltr'><strong>tabula</strong></span> <span class='ocrx_word' id='word_1_297' title='bbox 961 2826 1145 2882; x_wconf 65' lang='lat' dir='ltr'><strong>Graaca</strong></span> <span class='ocrx_word' id='word_1_298' title='bbox 1201 2843 1344 2897; x_wconf 69' lang='lat' dir='ltr'><strong>smpe</strong></span> <span class='ocrx_word' id='word_1_299' title='bbox 1383 2829 1496 2898; x_wconf 89' lang='lat' dir='ltr'><strong>jam</strong></span> <span class='ocrx_word' id='word_1_300' title='bbox 1544 2829 1759 2883; x_wconf 86' lang='lat' dir='ltr'><strong>laudata</strong></span> <span class='ocrx_word' id='word_1_301' title='bbox 1811 2844 1932 2884; x_wconf 91' lang='lat' dir='ltr'><strong>cum</strong></span> <span class='ocrx_word' id='word_1_302' title='bbox 1963 2827 2122 2899; x_wconf 81' lang='lat' dir='ltr'><strong>Cyclo</strong></span> 
     </span>
    </p>
   </div>
   <div class='ocr_carea' id='block_1_41' title="bbox 555 2919 2122 2992">
    <p class='ocr_par' dir='ltr' id='par_1_41' title="bbox 555 2919 2122 2992">
     <span class='ocr_line' id='line_1_42' title="bbox 555 2919 2122 2992; baseline 0 -18"><span class='ocrx_word' id='word_1_303' title='bbox 555 2919 794 2990; x_wconf 82' lang='lat' dir='ltr'><strong>paschali</strong></span> <span class='ocrx_word' id='word_1_304' title='bbox 833 2920 1030 2976; x_wconf 73' lang='lat' dir='ltr'><strong>ell‘ossa</strong></span> <span class='ocrx_word' id='word_1_305' title='bbox 1069 2920 1352 2990; x_wconf 87' lang='lat' dir='ltr'><strong>perspicue</strong></span> <span class='ocrx_word' id='word_1_306' title='bbox 1396 2930 1634 2985; x_wconf 89' lang='lat' dir='ltr'><strong>notatur,</strong></span> <span class='ocrx_word' id='word_1_307' title='bbox 1667 2922 1809 2991; x_wconf 89' lang='lat' dir='ltr'><strong>quod</strong></span> <span class='ocrx_word' id='word_1_308' title='bbox 1840 2919 1897 2976; x_wconf 91' lang='lat' dir='ltr'><strong>S.</strong></span> <span class='ocrx_word' id='word_1_309' title='bbox 1923 2921 2122 2992; x_wconf 88' lang='lat' dir='ltr'><strong>Hippo-</strong></span> 
     </span>
    </p>
   </div>
   <div class='ocr_carea' id='block_1_42' title="bbox 558 3011 2123 3084">
    <p class='ocr_par' dir='ltr' id='par_1_42' title="bbox 558 3011 2123 3084">
     <span class='ocr_line' id='line_1_43' title="bbox 558 3011 2123 3084; baseline 0.001 -19"><span class='ocrx_word' id='word_1_310' title='bbox 558 3013 700 3084; x_wconf 87' lang='lat' dir='ltr'><strong>lytus</strong></span> <span class='ocrx_word' id='word_1_311' title='bbox 737 3011 1017 3081; x_wconf 89' lang='lat' dir='ltr'><strong>scripserit</strong></span> <span class='ocrx_word' id='word_1_312' title='bbox 1063 3013 1117 3065; x_wconf 91' lang='lat' dir='ltr'><strong>in</strong></span> <span class='ocrx_word' id='word_1_313' title='bbox 1151 3011 1495 3081; x_wconf 85' lang='lat' dir='ltr'><strong>Evangelium</strong></span> <span class='ocrx_word' id='word_1_314' title='bbox 1537 3013 1832 3066; x_wconf 89' lang='lat' dir='ltr'><strong>secundum</strong></span> <span class='ocrx_word' id='word_1_315' title='bbox 1879 3012 2123 3067; x_wconf 87' lang='lat' dir='ltr'><strong>S.Joan-</strong></span> 
     </span>
    </p>
   </div>
   <div class='ocr_carea' id='block_1_43' title="bbox 2217 1822 3786 1896">
    <p class='ocr_par' dir='ltr' id='par_1_43' title="bbox 2217 1822 3786 1896">
     <span class='ocr_line' id='line_1_44' title="bbox 2217 1822 3786 1896; baseline 0.002 -20"><span class='ocrx_word' id='word_1_316' title='bbox 2217 1823 2434 1876; x_wconf 87' lang='lat' dir='ltr'><strong>tendere</strong></span> <span class='ocrx_word' id='word_1_317' title='bbox 2459 1822 2636 1884; x_wconf 87' lang='lat' dir='ltr'><strong>vellet,</strong></span> <span class='ocrx_word' id='word_1_318' title='bbox 2662 1829 2722 1875; x_wconf 90' lang='lat' dir='ltr'><strong>ut</strong></span> <span class='ocrx_word' id='word_1_319' title='bbox 2748 1823 3017 1890; x_wconf 85' lang='lat' dir='ltr'><strong>sapienter</strong></span> <span class='ocrx_word' id='word_1_320' title='bbox 3043 1823 3293 1877; x_wconf 85' lang='lat' dir='ltr'><strong>observat</strong></span> <span class='ocrx_word' id='word_1_321' title='bbox 3316 1823 3616 1894; x_wconf 85' lang='lat' dir='ltr'><strong>Basnagius</strong></span> <span class='ocrx_word' id='word_1_322' title='bbox 3643 1825 3786 1896; x_wconf 88' lang='lat'><strong>(96),</strong></span> 
     </span>
    </p>
   </div>
   <div class='ocr_carea' id='block_1_44' title="bbox 2219 1913 3786 1986">
    <p class='ocr_par' dir='ltr' id='par_1_44' title="bbox 2219 1913 3786 1986">
     <span class='ocr_line' id='line_1_45' title="bbox 2219 1913 3786 1986; baseline 0.003 -18"><span class='ocrx_word' id='word_1_323' title='bbox 2219 1915 2320 1969; x_wconf 91' lang='lat' dir='ltr'><strong>hoc</strong></span> <span class='ocrx_word' id='word_1_324' title='bbox 2377 1929 2444 1968; x_wconf 80' lang='lat' dir='ltr'><strong>ex</strong></span> <span class='ocrx_word' id='word_1_325' title='bbox 2503 1913 2708 1967; x_wconf 92' lang='lat' dir='ltr'><strong>motivo</strong></span> <span class='ocrx_word' id='word_1_326' title='bbox 2792 1922 3040 1968; x_wconf 91' lang='lat' dir='ltr'><strong>sanctum</strong></span> <span class='ocrx_word' id='word_1_327' title='bbox 3107 1913 3452 1986; x_wconf 87' lang='lat' dir='ltr'><strong>Hippolytum</strong></span> <span class='ocrx_word' id='word_1_328' title='bbox 3531 1926 3786 1972; x_wconf 90' lang='lat' dir='ltr'><strong>nostrum</strong></span> 
     </span>
    </p>
   </div>
   <div class='ocr_carea' id='block_1_45' title="bbox 2214 2005 3789 2077">
    <p class='ocr_par' dir='ltr' id='par_1_45' title="bbox 2214 2005 3789 2077">
     <span class='ocr_line' id='line_1_46' title="bbox 2214 2005 3789 2077; baseline 0.003 -17"><span class='ocrx_word' id='word_1_329' title='bbox 2214 2021 2434 2075; x_wconf 90' lang='lat' dir='ltr'><strong>operam</strong></span> <span class='ocrx_word' id='word_1_330' title='bbox 2493 2005 2824 2074; x_wconf 88' lang='lat' dir='ltr'><strong>impendisse</strong></span> <span class='ocrx_word' id='word_1_331' title='bbox 2869 2006 2934 2061; x_wconf 90' lang='lat' dir='ltr'><strong>ad</strong></span> <span class='ocrx_word' id='word_1_332' title='bbox 2964 2007 3306 2062; x_wconf 86' lang='lat' dir='ltr'><strong>scribendum</strong></span> <span class='ocrx_word' id='word_1_333' title='bbox 3346 2024 3506 2077; x_wconf 91' lang='lat' dir='ltr'><strong>super</strong></span> <span class='ocrx_word' id='word_1_334' title='bbox 3540 2009 3688 2065; x_wconf 90' lang='lat' dir='ltr'><strong>hune</strong></span> <span class='ocrx_word' id='word_1_335' title='bbox 3722 2011 3789 2064; x_wconf 88' lang='lat' dir='ltr'><strong>li—</strong></span> 
     </span>
    </p>
   </div>
   <div class='ocr_carea' id='block_1_46' title="bbox 2216 2098 3790 2172">
    <p class='ocr_par' dir='ltr' id='par_1_46' title="bbox 2216 2098 3790 2172">
     <span class='ocr_line' id='line_1_47' title="bbox 2216 2098 3790 2172; baseline 0.004 -20"><span class='ocrx_word' id='word_1_336' title='bbox 2216 2099 2396 2161; x_wconf 87' lang='lat' dir='ltr'><strong>brum,</strong></span> <span class='ocrx_word' id='word_1_337' title='bbox 2439 2098 2486 2153; x_wconf 92' lang='lat' dir='ltr'><strong>is</strong></span> <span class='ocrx_word' id='word_1_338' title='bbox 2530 2115 2717 2154; x_wconf 87' lang='lat' dir='ltr'><strong>revera</strong></span> <span class='ocrx_word' id='word_1_339' title='bbox 2761 2099 3116 2155; x_wconf 82' lang='lat' dir='ltr'><strong>divinaretur.</strong></span> <span class='ocrx_word' id='word_1_340' title='bbox 3155 2102 3394 2172; x_wconf 78' lang='lat' dir='ltr'><strong>Scaliger</strong></span> <span class='ocrx_word' id='word_1_341' title='bbox 3428 2103 3790 2159; x_wconf 86' lang='lat' dir='ltr'><strong>nihilominus</strong></span> 
     </span>
    </p>
   </div>
   <div class='ocr_carea' id='block_1_47' title="bbox 2191 2189 3790 2263">
    <p class='ocr_par' dir='ltr' id='par_1_47' title="bbox 2191 2189 3790 2263">
     <span class='ocr_line' id='line_1_48' title="bbox 2191 2189 3790 2263; baseline 0.004 -20"><span class='ocrx_word' id='word_1_342' title='bbox 2191 2189 2426 2244; x_wconf 69' lang='lat' dir='ltr'><strong>‘videtur</strong></span> <span class='ocrx_word' id='word_1_343' title='bbox 2474 2190 2637 2259; x_wconf 88' lang='lat' dir='ltr'><strong>hujus</strong></span> <span class='ocrx_word' id='word_1_344' title='bbox 2707 2193 2986 2246; x_wconf 76' lang='lat' dir='ltr'><strong>sententize</strong></span> <span class='ocrx_word' id='word_1_345' title='bbox 3051 2192 3214 2248; x_wconf 81' lang='lat' dir='ltr'><strong>fuisse</strong></span> <span class='ocrx_word' id='word_1_346' title='bbox 3261 2193 3404 2263; x_wconf 80' lang='lat'>(97),</span> <span class='ocrx_word' id='word_1_347' title='bbox 3467 2195 3595 2248; x_wconf 88' lang='lat' dir='ltr'><strong>dutn</strong></span> <span class='ocrx_word' id='word_1_348' title='bbox 3643 2197 3790 2250; x_wconf 86' lang='lat' dir='ltr'><strong>scri-</strong></span> 
     </span>
    </p>
   </div>
   <div class='ocr_carea' id='block_1_48' title="bbox 2215 2282 3791 2357">
    <p class='ocr_par' dir='ltr' id='par_1_48' title="bbox 2215 2282 3791 2357">
     <span class='ocr_line' id='line_1_49' title="bbox 2215 2282 3791 2357; baseline 0.004 -21"><span class='ocrx_word' id='word_1_349' title='bbox 2215 2282 2294 2337; x_wconf 76' lang='lat' dir='ltr'><strong>bit</strong></span> <span class='ocrx_word' id='word_1_350' title='bbox 2351 2297 2489 2352; x_wconf 89' lang='lat' dir='ltr'><strong>opus</strong></span> <span class='ocrx_word' id='word_1_351' title='bbox 2551 2283 2724 2338; x_wconf 92' lang='lat' dir='ltr'><strong>sancti</strong></span> <span class='ocrx_word' id='word_1_352' title='bbox 2775 2282 3042 2355; x_wconf 81' lang='lat' dir='ltr'><strong>Hippolyti</strong></span> <span class='ocrx_word' id='word_1_353' title='bbox 3103 2285 3156 2339; x_wconf 90' lang='lat' dir='ltr'><strong>in</strong></span> <span class='ocrx_word' id='word_1_354' title='bbox 3214 2286 3570 2357; x_wconf 89' lang='lat' dir='ltr'><strong>Apocalypsin</strong></span> <span class='ocrx_word' id='word_1_355' title='bbox 3650 2287 3791 2342; x_wconf 89' lang='lat' dir='ltr'><strong>nihil</strong></span> 
     </span>
    </p>
   </div>
   <div class='ocr_carea' id='block_1_49' title="bbox 2217 2374 3796 2446">
    <p class='ocr_par' dir='ltr' id='par_1_49' title="bbox 2217 2374 3796 2446">
     <span class='ocr_line' id='line_1_50' title="bbox 2217 2374 3796 2446; baseline 0.004 -18"><span class='ocrx_word' id='word_1_356' title='bbox 2217 2374 2364 2428; x_wconf 86' lang='lat' dir='ltr'><strong>aliud</strong></span> <span class='ocrx_word' id='word_1_357' title='bbox 2406 2374 2573 2428; x_wconf 81' lang='lat' dir='ltr'><strong>fuisse</strong></span> <span class='ocrx_word' id='word_1_358' title='bbox 2601 2389 2764 2443; x_wconf 92' lang='lat' dir='ltr'><strong>quam</strong></span> <span class='ocrx_word' id='word_1_359' title='bbox 2798 2376 3099 2446; x_wconf 87' lang='lat' dir='ltr'><strong>apologiam</strong></span> <span class='ocrx_word' id='word_1_360' title='bbox 3144 2392 3241 2446; x_wconf 92' lang='lat' dir='ltr'><strong>pro</strong></span> <span class='ocrx_word' id='word_1_361' title='bbox 3279 2378 3424 2432; x_wconf 90' lang='lat' dir='ltr'><strong>illius</strong></span> <span class='ocrx_word' id='word_1_362' title='bbox 3463 2380 3796 2435; x_wconf 82' lang='lat' dir='ltr'><strong>auctoritate</strong></span> 
     </span>
    </p>
   </div>
   <div class='ocr_carea' id='block_1_50' title="bbox 2217 2465 3791 2539">
    <p class='ocr_par' dir='ltr' id='par_1_50' title="bbox 2217 2465 3791 2539">
     <span class='ocr_line' id='line_1_51' title="bbox 2217 2465 3791 2539; baseline 0.003 -19"><span class='ocrx_word' id='word_1_363' title='bbox 2217 2465 2550 2520; x_wconf 78' lang='lat' dir='ltr'><strong>defendenda</strong></span> <span class='ocrx_word' id='word_1_364' title='bbox 2601 2477 2795 2521; x_wconf 87' lang='lat' dir='ltr'><strong>contra</strong></span> <span class='ocrx_word' id='word_1_365' title='bbox 2830 2467 3053 2536; x_wconf 87' lang='lat' dir='ltr'><strong>A&#39;logos.</strong></span> <span class='ocrx_word' id='word_1_366' title='bbox 3105 2465 3286 2521; x_wconf 87' lang='lat' dir='ltr'><strong>Hebed</strong></span> <span class='ocrx_word' id='word_1_367' title='bbox 3331 2466 3457 2522; x_wconf 81' lang='lat' dir='ltr'><strong>Jesu</strong></span> <span class='ocrx_word' id='word_1_368' title='bbox 3489 2467 3602 2539; x_wconf 91' lang='lat'><strong>(98)</strong></span> <span class='ocrx_word' id='word_1_369' title='bbox 3655 2485 3791 2525; x_wconf 85' lang='lat' dir='ltr'><strong>sane</strong></span> 
     </span>
    </p>
   </div>
   <div class='ocr_carea' id='block_1_51' title="bbox 2219 2554 3791 2625">
    <p class='ocr_par' dir='ltr' id='par_1_51' title="bbox 2219 2554 3791 2625">
     <span class='ocr_line' id='line_1_52' title="bbox 2219 2554 3791 2625; baseline 0.001 -15"><span class='ocrx_word' id='word_1_370' title='bbox 2219 2564 2470 2619; x_wconf 88' lang='lat' dir='ltr'><strong>testatur,</strong></span> <span class='ocrx_word' id='word_1_371' title='bbox 2505 2555 2960 2625; x_wconf 81' lang='lat' dir='ltr'><strong>quemadmodum</strong></span> <span class='ocrx_word' id='word_1_372' title='bbox 3008 2554 3307 2624; x_wconf 87' lang='lat' dir='ltr'><strong>Basuagius</strong></span> <span class='ocrx_word' id='word_1_373' title='bbox 3354 2557 3466 2625; x_wconf 85' lang='lat'>(99)</span> <span class='ocrx_word' id='word_1_374' title='bbox 3515 2567 3568 2611; x_wconf 87' lang='lat' dir='ltr'><strong>et</strong></span> <span class='ocrx_word' id='word_1_375' title='bbox 3596 2556 3791 2612; x_wconf 85' lang='lat' dir='ltr'><strong>Fabri—</strong></span> 
     </span>
    </p>
   </div>
   <div class='ocr_carea' id='block_1_52' title="bbox 2217 2646 3789 2720">
    <p class='ocr_par' dir='ltr' id='par_1_52' title="bbox 2217 2646 3789 2720">
     <span class='ocr_line' id='line_1_53' title="bbox 2217 2646 3789 2720; baseline 0.001 -17"><span class='ocrx_word' id='word_1_376' title='bbox 2217 2649 2336 2704; x_wconf 88' lang='lat' dir='ltr'><strong>cius</strong></span> <span class='ocrx_word' id='word_1_377' title='bbox 2354 2648 2426 2718; x_wconf 87' lang='grc'><strong>(1)</strong></span> <span class='ocrx_word' id='word_1_378' title='bbox 2446 2647 2705 2713; x_wconf 86' lang='lat' dir='ltr'><strong>referunt,</strong></span> <span class='ocrx_word' id='word_1_379' title='bbox 2724 2646 3128 2716; x_wconf 64' lang='lat' dir='ltr'><strong>quod-Chaldaei</strong></span> <span class='ocrx_word' id='word_1_380' title='bbox 3157 2647 3448 2702; x_wconf 88' lang='lat' dir='ltr'><strong>ostendant</strong></span> <span class='ocrx_word' id='word_1_381' title='bbox 3470 2649 3789 2720; x_wconf 67' lang='lat' dir='ltr'><strong>Apologia»:</strong></span> 
     </span>
    </p>
   </div>
   <div class='ocr_carea' id='block_1_53' title="bbox 2221 2736 3784 2809">
    <p class='ocr_par' dir='ltr' id='par_1_53' title="bbox 2221 2736 3784 2809">
     <span class='ocr_line' id='line_1_54' title="bbox 2221 2736 3784 2809; baseline 0.002 -17"><span class='ocrx_word' id='word_1_382' title='bbox 2221 2737 2278 2792; x_wconf 94' lang='lat' dir='ltr'><strong>S.</strong></span> <span class='ocrx_word' id='word_1_383' title='bbox 2306 2737 2570 2809; x_wconf 84' lang='lat' dir='ltr'><strong>Hippolyti</strong></span> <span class='ocrx_word' id='word_1_384' title='bbox 2605 2753 2701 2808; x_wconf 91' lang='lat' dir='ltr'><strong>pro</strong></span> <span class='ocrx_word' id='word_1_385' title='bbox 2729 2737 3051 2808; x_wconf 78' lang='lat' dir='ltr'><strong>Apocalypsi</strong></span> <span class='ocrx_word' id='word_1_386' title='bbox 3085 2747 3138 2791; x_wconf 85' lang='lat' dir='ltr'><strong>et</strong></span> <span class='ocrx_word' id='word_1_387' title='bbox 3167 2736 3455 2808; x_wconf 81' lang='lat' dir='ltr'><strong>Evangelio</strong></span> <span class='ocrx_word' id='word_1_388' title='bbox 3483 2741 3660 2794; x_wconf 90' lang='lat' dir='ltr'><strong>sancti</strong></span> <span class='ocrx_word' id='word_1_389' title='bbox 3689 2739 3784 2795; x_wconf 83' lang='lat' dir='ltr'><strong>Jo-</strong></span> 
     </span>
    </p>
   </div>
   <div class='ocr_carea' id='block_1_54' title="bbox 2220 2827 3790 2897">
    <p class='ocr_par' dir='ltr' id='par_1_54' title="bbox 2220 2827 3790 2897">
     <span class='ocr_line' id='line_1_55' title="bbox 2220 2827 3790 2897; baseline 0.004 -17"><span class='ocrx_word' id='word_1_390' title='bbox 2220 2827 2395 2881; x_wconf 91' lang='lat' dir='ltr'><strong>annis.</strong></span> <span class='ocrx_word' id='word_1_391' title='bbox 2451 2827 2554 2882; x_wconf 89' lang='lat' dir='ltr'><strong>Sed</strong></span> <span class='ocrx_word' id='word_1_392' title='bbox 2589 2843 2729 2897; x_wconf 64' lang='lat' dir='ltr'><strong>quae.</strong></span> <span class='ocrx_word' id='word_1_393' title='bbox 2763 2827 2989 2881; x_wconf 85' lang='lat' dir='ltr'><strong>amabo!</strong></span> <span class='ocrx_word' id='word_1_394' title='bbox 3017 2827 3148 2882; x_wconf 81' lang='lat' dir='ltr'><strong>lides</strong></span> <span class='ocrx_word' id='word_1_395' title='bbox 3181 2827 3424 2882; x_wconf 87' lang='lat' dir='ltr'><strong>habenda</strong></span> <span class='ocrx_word' id='word_1_396' title='bbox 3472 2831 3790 2886; x_wconf 88' lang='lat' dir='ltr'><strong>testimonio</strong></span> 
     </span>
    </p>
   </div>
   <div class='ocr_carea' id='block_1_55' title="bbox 2219 2918 3790 2977">
    <p class='ocr_par' dir='ltr' id='par_1_55' title="bbox 2219 2918 3790 2977">
     <span class='ocr_line' id='line_1_56' title="bbox 2219 2918 3790 2977; baseline 0.002 -3"><span class='ocrx_word' id='word_1_397' title='bbox 2219 2919 2475 2974; x_wconf 83' lang='lat' dir='ltr'><strong>rabbini?</strong></span> <span class='ocrx_word' id='word_1_398' title='bbox 2548 2918 2604 2972; x_wconf 91' lang='lat' dir='ltr'><strong>ln</strong></span> <span class='ocrx_word' id='word_1_399' title='bbox 2653 2919 2980 2974; x_wconf 87' lang='lat' dir='ltr'><strong>bibliotheca</strong></span> <span class='ocrx_word' id='word_1_400' title='bbox 3042 2918 3333 2974; x_wconf 87' lang='lat' dir='ltr'><strong>Bodleiaua</strong></span> <span class='ocrx_word' id='word_1_401' title='bbox 3409 2920 3549 2976; x_wconf 88' lang='lat' dir='ltr'><strong>inter</strong></span> <span class='ocrx_word' id='word_1_402' title='bbox 3619 2922 3790 2977; x_wconf 86' lang='lat' dir='ltr'><strong>libros</strong></span> 
     </span>
    </p>
   </div>
   <div class='ocr_carea' id='block_1_56' title="bbox 2221 3011 3788 3086">
    <p class='ocr_par' dir='ltr' id='par_1_56' title="bbox 2221 3011 3788 3086">
     <span class='ocr_line' id='line_1_57' title="bbox 2221 3011 3788 3086; baseline 0 -21"><span class='ocrx_word' id='word_1_403' title='bbox 2221 3011 2710 3082; x_wconf 87' lang='lat' dir='ltr'><strong>Huntingtonianos</strong></span> <span class='ocrx_word' id='word_1_404' title='bbox 2736 3021 2911 3066; x_wconf 79' lang='lat' dir='ltr'><strong>exstat</strong></span> <span class='ocrx_word' id='word_1_405' title='bbox 2941 3011 3167 3066; x_wconf 87' lang='lat' dir='ltr'><strong>Arabice</strong></span> <span class='ocrx_word' id='word_1_406' title='bbox 3194 3013 3492 3082; x_wconf 87' lang='lat' dir='ltr'><strong>exploratio</strong></span> <span class='ocrx_word' id='word_1_407' title='bbox 3520 3014 3788 3086; x_wconf 82' lang='lat' dir='ltr'><strong>Apocaly-</strong></span> 
     </span>
    </p>
   </div>
   <div class='ocr_carea' id='block_1_57' title="bbox 559 3102 2119 3191">
    <p class='ocr_par' dir='ltr' id='par_1_57' title="bbox 559 3104 2119 3178">
     <span class='ocr_line' id='line_1_58' title="bbox 559 3104 2119 3178; baseline 0 -20"><span class='ocrx_word' id='word_1_408' title='bbox 559 3121 680 3159; x_wconf 88' lang='lat' dir='ltr'><strong>nem</strong></span> <span class='ocrx_word' id='word_1_409' title='bbox 723 3114 777 3160; x_wconf 88' lang='lat' dir='ltr'><strong>et</strong></span> <span class='ocrx_word' id='word_1_410' title='bbox 822 3107 875 3160; x_wconf 92' lang='lat' dir='ltr'><strong>in</strong></span> <span class='ocrx_word' id='word_1_411' title='bbox 898 3104 1254 3174; x_wconf 88' lang='lat' dir='ltr'><strong>Apocalypsin</strong></span> <span class='ocrx_word' id='word_1_412' title='bbox 1288 3123 1300 3157; x_wconf 90' lang='lat'><strong>:</strong></span> <span class='ocrx_word' id='word_1_413' title='bbox 1339 3104 1507 3176; x_wconf 80' lang='grc' dir='ltr'><strong>’Υπὲρ</strong></span> <span class='ocrx_word' id='word_1_414' title='bbox 1542 3105 1636 3158; x_wconf 82' lang='grc' dir='ltr'><strong>τοῦ</strong></span> <span class='ocrx_word' id='word_1_415' title='bbox 1687 3105 1827 3159; x_wconf 78' lang='grc' dir='ltr'><strong>κατὰ</strong></span> <span class='ocrx_word' id='word_1_416' title='bbox 1870 3106 2119 3178; x_wconf 83' lang='grc' dir='ltr'><strong>Ἰωάννην</strong></span> 
     </span>
    </p>
   </div>
   <div class='ocr_carea' id='block_1_58' title="bbox 2215 3102 3790 3191">
    <p class='ocr_par' dir='ltr' id='par_1_58' title="bbox 2221 3102 3790 3175">
     <span class='ocr_line' id='line_1_59' title="bbox 2221 3102 3790 3175; baseline 0.001 -15"><span class='ocrx_word' id='word_1_417' title='bbox 2221 3119 2380 3175; x_wconf 88' lang='lat' dir='ltr'><strong>pseos</strong></span> <span class='ocrx_word' id='word_1_418' title='bbox 2421 3118 2486 3158; x_wconf 81' lang='lat' dir='ltr'><strong>ex</strong></span> <span class='ocrx_word' id='word_1_419' title='bbox 2517 3102 2735 3166; x_wconf 89' lang='lat' dir='ltr'><strong>Severo,</strong></span> <span class='ocrx_word' id='word_1_420' title='bbox 2769 3102 3055 3172; x_wconf 89' lang='lat' dir='ltr'><strong>Hippolyto</strong></span> <span class='ocrx_word' id='word_1_421' title='bbox 3106 3113 3160 3156; x_wconf 91' lang='lat' dir='ltr'><strong>et</strong></span> <span class='ocrx_word' id='word_1_422' title='bbox 3201 3103 3343 3168; x_wconf 90' lang='lat' dir='ltr'><strong>aliis,</strong></span> <span class='ocrx_word' id='word_1_423' title='bbox 3393 3120 3555 3174; x_wconf 91' lang='lat' dir='ltr'><strong>quam</strong></span> <span class='ocrx_word' id='word_1_424' title='bbox 3597 3105 3790 3162; x_wconf 72' lang='lat' dir='ltr'><strong>Latine</strong></span> 
     </span>
    </p>
   </div>
   <div class='ocr_carea' id='block_1_59' title="bbox 557 3188 2119 3266">
    <p class='ocr_par' dir='ltr' id='par_1_59' title="bbox 557 3188 2119 3266">
     <span class='ocr_line' id='line_1_60' title="bbox 557 3188 2119 3266; baseline 0.003 -18"><span class='ocrx_word' id='word_1_425' title='bbox 557 3195 886 3265; x_wconf 80' lang='grc' dir='ltr'><strong>Εὑαγγελίου</strong></span> <span class='ocrx_word' id='word_1_426' title='bbox 936 3188 1028 3250; x_wconf 57' lang='lat' dir='ltr'><strong>ut</strong></span> <span class='ocrx_word' id='word_1_427' title='bbox 1065 3193 1498 3263; x_wconf 78' lang='grc' dir='ltr'><strong>Ἀποκαλύψεως.</strong></span> <span class='ocrx_word' id='word_1_428' title='bbox 1549 3194 1785 3266; x_wconf 89' lang='lat' dir='ltr'><strong>ldipsum</strong></span> <span class='ocrx_word' id='word_1_429' title='bbox 1835 3199 2119 3252; x_wconf 77' lang='lat' dir='ltr'><strong>conﬁrmat</strong></span> 
     </span>
    </p>
   </div>
   <div class='ocr_carea' id='block_1_60' title="bbox 2215 3188 3790 3266">
    <p class='ocr_par' dir='ltr' id='par_1_60' title="bbox 2221 3191 3790 3264">
     <span class='ocr_line' id='line_1_61' title="bbox 2221 3191 3790 3264; baseline 0.001 -16"><span class='ocrx_word' id='word_1_430' title='bbox 2221 3210 2431 3250; x_wconf 87' lang='lat' dir='ltr'><strong>versam</strong></span> <span class='ocrx_word' id='word_1_431' title='bbox 2485 3194 2928 3263; x_wconf 71' lang='lat' dir='ltr'><strong>praestantissimo</strong></span> <span class='ocrx_word' id='word_1_432' title='bbox 2962 3194 3079 3246; x_wconf 89' lang='lat' dir='ltr'><strong>viro</strong></span> <span class='ocrx_word' id='word_1_433' title='bbox 3109 3191 3302 3247; x_wconf 85' lang='lat' dir='ltr'><strong>Joanni</strong></span> <span class='ocrx_word' id='word_1_434' title='bbox 3336 3194 3625 3264; x_wconf 90' lang='lat' dir='ltr'><strong>Gagnierio</strong></span> <span class='ocrx_word' id='word_1_435' title='bbox 3669 3196 3790 3252; x_wconf 82' lang='lat' dir='ltr'><strong>for-</strong></span> 
     </span>
    </p>
   </div>
   <div class='ocr_carea' id='block_1_61' title="bbox 563 3287 2119 3360">
    <p class='ocr_par' dir='ltr' id='par_1_61' title="bbox 563 3287 2119 3360">
     <span class='ocr_line' id='line_1_62' title="bbox 563 3287 2119 3360; baseline 0.001 -19"><span class='ocrx_word' id='word_1_436' title='bbox 563 3288 619 3343; x_wconf 94' lang='lat' dir='ltr'><strong>S.</strong></span> <span class='ocrx_word' id='word_1_437' title='bbox 646 3287 1004 3358; x_wconf 88' lang='lat' dir='ltr'><strong>Hieronymus</strong></span> <span class='ocrx_word' id='word_1_438' title='bbox 1035 3295 1296 3357; x_wconf 88' lang='lat' dir='ltr'><strong>quantum</strong></span> <span class='ocrx_word' id='word_1_439' title='bbox 1332 3289 1397 3341; x_wconf 88' lang='lat' dir='ltr'><strong>ad</strong></span> <span class='ocrx_word' id='word_1_440' title='bbox 1424 3287 1784 3360; x_wconf 90' lang='lat' dir='ltr'><strong>Apocalypsin</strong></span> <span class='ocrx_word' id='word_1_441' title='bbox 1823 3291 1956 3360; x_wconf 70' lang='grc'>(94).</span> <span class='ocrx_word' id='word_1_442' title='bbox 2007 3289 2119 3343; x_wconf 85' lang='lat' dir='ltr'><strong>No-</strong></span> 
     </span>
    </p>
   </div>
   <div class='ocr_carea' id='block_1_62' title="bbox 559 3381 2122 3451">
    <p class='ocr_par' dir='ltr' id='par_1_62' title="bbox 559 3381 2122 3451">
     <span class='ocr_line' id='line_1_63' title="bbox 559 3381 2122 3451; baseline 0.002 -15"><span class='ocrx_word' id='word_1_443' title='bbox 559 3392 675 3438; x_wconf 87' lang='lat' dir='ltr'><strong>tum</strong></span> <span class='ocrx_word' id='word_1_444' title='bbox 714 3391 795 3436; x_wconf 92' lang='lat' dir='ltr'><strong>est</strong></span> <span class='ocrx_word' id='word_1_445' title='bbox 835 3381 1109 3448; x_wconf 76' lang='lat' dir='ltr'><strong>erunibus,</strong></span> <span class='ocrx_word' id='word_1_446' title='bbox 1144 3381 1320 3449; x_wconf 88' lang='lat' dir='ltr'><strong>qualis</strong></span> <span class='ocrx_word' id='word_1_447' title='bbox 1354 3391 1662 3451; x_wconf 86' lang='lat' dir='ltr'><strong>quantaque</strong></span> <span class='ocrx_word' id='word_1_448' title='bbox 1705 3383 1770 3436; x_wconf 93' lang='lat' dir='ltr'><strong>de</strong></span> <span class='ocrx_word' id='word_1_449' title='bbox 1813 3383 1934 3438; x_wconf 92' lang='lat' dir='ltr'><strong>istis</strong></span> <span class='ocrx_word' id='word_1_450' title='bbox 1968 3384 2122 3439; x_wconf 89' lang='lat' dir='ltr'><strong>libris</strong></span> 
     </span>
    </p>
   </div>
   <div class='ocr_carea' id='block_1_63' title="bbox 560 3471 2121 3545">
    <p class='ocr_par' dir='ltr' id='par_1_63' title="bbox 560 3471 2121 3545">
     <span class='ocr_line' id='line_1_64' title="bbox 560 3471 2121 3545; baseline 0.001 -17"><span class='ocrx_word' id='word_1_451' title='bbox 560 3476 758 3545; x_wconf 87' lang='lat' dir='ltr'><strong>agitata</strong></span> <span class='ocrx_word' id='word_1_452' title='bbox 799 3471 960 3528; x_wconf 79' lang='lat' dir='ltr'><strong>fuerit</strong></span> <span class='ocrx_word' id='word_1_453' title='bbox 988 3472 1352 3528; x_wconf 90' lang='lat' dir='ltr'><strong>controversia</strong></span> <span class='ocrx_word' id='word_1_454' title='bbox 1384 3481 1614 3528; x_wconf 84' lang='lat' dir='ltr'><strong>exeunte</strong></span> <span class='ocrx_word' id='word_1_455' title='bbox 1657 3475 1855 3529; x_wconf 71' lang='lat' dir='ltr'><strong>szeculo</strong></span> <span class='ocrx_word' id='word_1_456' title='bbox 1886 3477 2121 3530; x_wconf 89' lang='lat' dir='ltr'><strong>secundo</strong></span> 
     </span>
    </p>
   </div>
   <div class='ocr_carea' id='block_1_64' title="bbox 562 3566 2118 3635">
    <p class='ocr_par' dir='ltr' id='par_1_64' title="bbox 562 3566 2118 3635">
     <span class='ocr_line' id='line_1_65' title="bbox 562 3566 2118 3635; baseline 0 -14"><span class='ocrx_word' id='word_1_457' title='bbox 562 3577 614 3621; x_wconf 93' lang='lat' dir='ltr'><strong>et</strong></span> <span class='ocrx_word' id='word_1_458' title='bbox 652 3567 871 3620; x_wconf 91' lang='lat' dir='ltr'><strong>ineunte</strong></span> <span class='ocrx_word' id='word_1_459' title='bbox 912 3566 1104 3631; x_wconf 88' lang='lat' dir='ltr'><strong>tertio,</strong></span> <span class='ocrx_word' id='word_1_460' title='bbox 1141 3581 1249 3620; x_wconf 89' lang='lat' dir='ltr'><strong>non</strong></span> <span class='ocrx_word' id='word_1_461' title='bbox 1293 3573 1498 3618; x_wconf 90' lang='lat' dir='ltr'><strong>tantum</strong></span> <span class='ocrx_word' id='word_1_462' title='bbox 1535 3575 1754 3635; x_wconf 90' lang='lat' dir='ltr'><strong>propter</strong></span> <span class='ocrx_word' id='word_1_463' title='bbox 1778 3566 2118 3630; x_wconf 87' lang='lat' dir='ltr'><strong>Cerinthum,</strong></span> 
     </span>
    </p>
   </div>
   <div class='ocr_carea' id='block_1_65' title="bbox 561 3657 2122 3715">
    <p class='ocr_par' dir='ltr' id='par_1_65' title="bbox 561 3657 2122 3715">
     <span class='ocr_line' id='line_1_66' title="bbox 561 3657 2122 3715; baseline -0.002 0"><span class='ocrx_word' id='word_1_464' title='bbox 561 3659 654 3715; x_wconf 88' lang='lat' dir='ltr'><strong>sed</strong></span> <span class='ocrx_word' id='word_1_465' title='bbox 702 3673 825 3713; x_wconf 92' lang='lat' dir='ltr'><strong>cum</strong></span> <span class='ocrx_word' id='word_1_466' title='bbox 852 3657 1107 3712; x_wconf 88' lang='lat' dir='ltr'><strong>Artemon</strong></span> <span class='ocrx_word' id='word_1_467' title='bbox 1163 3666 1215 3710; x_wconf 90' lang='lat' dir='ltr'><strong>et</strong></span> <span class='ocrx_word' id='word_1_468' title='bbox 1247 3657 1348 3710; x_wconf 90' lang='lat' dir='ltr'><strong>sibi</strong></span> <span class='ocrx_word' id='word_1_469' title='bbox 1392 3657 1596 3711; x_wconf 85' lang='lat' dir='ltr'><strong>similes</strong></span> <span class='ocrx_word' id='word_1_470' title='bbox 1627 3657 1960 3712; x_wconf 88' lang='lat' dir='ltr'><strong>divinitatem</strong></span> <span class='ocrx_word' id='word_1_471' title='bbox 1995 3657 2122 3713; x_wconf 83' lang='lat' dir='ltr'><strong>Jesu</strong></span> 
     </span>
    </p>
   </div>
   <div class='ocr_carea' id='block_1_66' title="bbox 560 3748 2121 3818">
    <p class='ocr_par' dir='ltr' id='par_1_66' title="bbox 560 3748 2121 3818">
     <span class='ocr_line' id='line_1_67' title="bbox 560 3748 2121 3818; baseline -0.001 -12"><span class='ocrx_word' id='word_1_472' title='bbox 560 3748 764 3806; x_wconf 88' lang='lat' dir='ltr'><strong>Christi</strong></span> <span class='ocrx_word' id='word_1_473' title='bbox 799 3758 1084 3818; x_wconf 81' lang='lat' dir='ltr'><strong>negarent,</strong></span> <span class='ocrx_word' id='word_1_474' title='bbox 1119 3759 1172 3804; x_wconf 91' lang='lat' dir='ltr'><strong>et</strong></span> <span class='ocrx_word' id='word_1_475' title='bbox 1205 3765 1353 3803; x_wconf 89' lang='lat' dir='ltr'><strong>arma</strong></span> <span class='ocrx_word' id='word_1_476' title='bbox 1399 3749 1598 3818; x_wconf 87' lang='lat' dir='ltr'><strong>quibus</strong></span> <span class='ocrx_word' id='word_1_477' title='bbox 1639 3749 1925 3804; x_wconf 78' lang='lat' dir='ltr'><strong>orthodoxi</strong></span> <span class='ocrx_word' id='word_1_478' title='bbox 1975 3750 2121 3804; x_wconf 90' lang='lat' dir='ltr'><strong>illam</strong></span> 
     </span>
    </p>
   </div>
   <div class='ocr_carea' id='block_1_67' title="bbox 565 3839 2118 3910">
    <p class='ocr_par' dir='ltr' id='par_1_67' title="bbox 565 3839 2118 3910">
     <span class='ocr_line' id='line_1_68' title="bbox 565 3839 2118 3910; baseline -0.003 -12"><span class='ocrx_word' id='word_1_479' title='bbox 565 3841 908 3906; x_wconf 88' lang='lat' dir='ltr'><strong>asserebant,</strong></span> <span class='ocrx_word' id='word_1_480' title='bbox 957 3841 1060 3895; x_wconf 90' lang='lat' dir='ltr'><strong>illis</strong></span> <span class='ocrx_word' id='word_1_481' title='bbox 1099 3841 1306 3910; x_wconf 89' lang='lat' dir='ltr'><strong>eripere</strong></span> <span class='ocrx_word' id='word_1_482' title='bbox 1349 3849 1699 3901; x_wconf 84' lang='lat' dir='ltr'><strong>conarentur,</strong></span> <span class='ocrx_word' id='word_1_483' title='bbox 1741 3841 1917 3910; x_wconf 92' lang='lat' dir='ltr'><strong>primo</strong></span> <span class='ocrx_word' id='word_1_484' title='bbox 1943 3839 2118 3894; x_wconf 78' lang='lat' dir='ltr'><strong>Evan-</strong></span> 
     </span>
    </p>
   </div>
   <div class='ocr_carea' id='block_1_68' title="bbox 561 3931 2122 4005">
    <p class='ocr_par' dir='ltr' id='par_1_68' title="bbox 561 3931 2122 4005">
     <span class='ocr_line' id='line_1_69' title="bbox 561 3931 2122 4005; baseline -0.001 -16"><span class='ocrx_word' id='word_1_485' title='bbox 561 3932 998 4005; x_wconf 76' lang='lat' dir='ltr'><strong>geliumloannis</strong></span> <span class='ocrx_word' id='word_1_486' title='bbox 1031 3941 1084 3987; x_wconf 93' lang='lat' dir='ltr'><strong>et</strong></span> <span class='ocrx_word' id='word_1_487' title='bbox 1112 3933 1252 3986; x_wconf 90' lang='lat' dir='ltr'><strong>illius</strong></span> <span class='ocrx_word' id='word_1_488' title='bbox 1277 3931 1633 4003; x_wconf 86' lang='lat' dir='ltr'><strong>Apocalypsin</strong></span> <span class='ocrx_word' id='word_1_489' title='bbox 1664 3931 1876 4001; x_wconf 80' lang='lat' dir='ltr'><strong>profani</strong></span> <span class='ocrx_word' id='word_1_490' title='bbox 1903 3932 2122 3987; x_wconf 83' lang='lat' dir='ltr'><strong>invase-</strong></span> 
     </span>
    </p>
   </div>
   <div class='ocr_carea' id='block_1_69' title="bbox 565 4022 2121 4094">
    <p class='ocr_par' dir='ltr' id='par_1_69' title="bbox 565 4022 2121 4094">
     <span class='ocr_line' id='line_1_70' title="bbox 565 4022 2121 4094; baseline -0.003 -13"><span class='ocrx_word' id='word_1_491' title='bbox 565 4035 712 4090; x_wconf 87' lang='lat' dir='ltr'><strong>runt,</strong></span> <span class='ocrx_word' id='word_1_492' title='bbox 740 4037 794 4081; x_wconf 89' lang='lat' dir='ltr'><strong>et</strong></span> <span class='ocrx_word' id='word_1_493' title='bbox 825 4041 948 4080; x_wconf 90' lang='lat' dir='ltr'><strong>cum</strong></span> <span class='ocrx_word' id='word_1_494' title='bbox 982 4024 1148 4079; x_wconf 88' lang='lat' dir='ltr'><strong>variis</strong></span> <span class='ocrx_word' id='word_1_495' title='bbox 1187 4023 1324 4079; x_wconf 90' lang='lat' dir='ltr'><strong>locis</strong></span> <span class='ocrx_word' id='word_1_496' title='bbox 1356 4039 1418 4078; x_wconf 76' lang='lat' dir='ltr'><strong>ex</strong></span> <span class='ocrx_word' id='word_1_497' title='bbox 1456 4023 1741 4094; x_wconf 87' lang='lat' dir='ltr'><strong>Evangelio</strong></span> <span class='ocrx_word' id='word_1_498' title='bbox 1774 4031 1829 4078; x_wconf 90' lang='lat' dir='ltr'><strong>et</strong></span> <span class='ocrx_word' id='word_1_499' title='bbox 1855 4022 2121 4093; x_wconf 89' lang='lat' dir='ltr'><strong>Apocaly-</strong></span> 
     </span>
    </p>
   </div>
   <div class='ocr_carea' id='block_1_70' title="bbox 563 4113 2122 4186">
    <p class='ocr_par' dir='ltr' id='par_1_70' title="bbox 563 4113 2122 4186">
     <span class='ocr_line' id='line_1_71' title="bbox 563 4113 2122 4186; baseline -0.001 -18"><span class='ocrx_word' id='word_1_500' title='bbox 563 4117 645 4186; x_wconf 79' lang='lat' dir='ltr'><strong>psi</strong></span> <span class='ocrx_word' id='word_1_501' title='bbox 681 4115 859 4185; x_wconf 79' lang='lat' dir='ltr'><strong>petitis</strong></span> <span class='ocrx_word' id='word_1_502' title='bbox 892 4114 956 4169; x_wconf 91' lang='lat' dir='ltr'><strong>ad</strong></span> <span class='ocrx_word' id='word_1_503' title='bbox 987 4115 1158 4182; x_wconf 76' lang='grc' dir='ltr'><strong>Λόγου</strong></span> <span class='ocrx_word' id='word_1_504' title='bbox 1191 4113 1525 4168; x_wconf 89' lang='lat' dir='ltr'><strong>divinitatem</strong></span> <span class='ocrx_word' id='word_1_505' title='bbox 1564 4113 1988 4169; x_wconf 80' lang='lat' dir='ltr'><strong>conﬁrmandam</strong></span> <span class='ocrx_word' id='word_1_506' title='bbox 2015 4129 2122 4168; x_wconf 92' lang='lat' dir='ltr'><strong>uon</strong></span> 
     </span>
    </p>
   </div>
   <div class='ocr_carea' id='block_1_71' title="bbox 561 4205 2125 4278">
    <p class='ocr_par' dir='ltr' id='par_1_71' title="bbox 561 4205 2125 4278">
     <span class='ocr_line' id='line_1_72' title="bbox 561 4205 2125 4278; baseline 0.001 -21"><span class='ocrx_word' id='word_1_507' title='bbox 561 4215 789 4278; x_wconf 84' lang='lat' dir='ltr'><strong>possent</strong></span> <span class='ocrx_word' id='word_1_508' title='bbox 833 4207 1179 4274; x_wconf 86' lang='lat' dir='ltr'><strong>respondere,</strong></span> <span class='ocrx_word' id='word_1_509' title='bbox 1229 4215 1282 4260; x_wconf 91' lang='lat' dir='ltr'><strong>et</strong></span> <span class='ocrx_word' id='word_1_510' title='bbox 1320 4207 1483 4260; x_wconf 85' lang='lat' dir='ltr'><strong>verba</strong></span> <span class='ocrx_word' id='word_1_511' title='bbox 1525 4205 1866 4274; x_wconf 70' lang='lat' dir='ltr'><strong>evangelista:</strong></span> <span class='ocrx_word' id='word_1_512' title='bbox 1907 4214 1960 4259; x_wconf 91' lang='lat' dir='ltr'><strong>et</strong></span> <span class='ocrx_word' id='word_1_513' title='bbox 1992 4219 2125 4274; x_wconf 60' lang='lat' dir='ltr'><strong>apoc-</strong></span> 
     </span>
    </p>
   </div>
   <div class='ocr_carea' id='block_1_72' title="bbox 564 4296 2128 4367">
    <p class='ocr_par' dir='ltr' id='par_1_72' title="bbox 564 4296 2128 4367">
     <span class='ocr_line' id='line_1_73' title="bbox 564 4296 2128 4367; baseline -0.003 -12"><span class='ocrx_word' id='word_1_514' title='bbox 564 4299 689 4355; x_wconf 86' lang='lat' dir='ltr'><strong>stoli</strong></span> <span class='ocrx_word' id='word_1_515' title='bbox 735 4299 804 4351; x_wconf 90' lang='lat' dir='ltr'><strong>ita</strong></span> <span class='ocrx_word' id='word_1_516' title='bbox 851 4298 1114 4367; x_wconf 83' lang='lat' dir='ltr'><strong>stringere</strong></span> <span class='ocrx_word' id='word_1_517' title='bbox 1160 4296 1671 4358; x_wconf 87' lang='lat' dir='ltr'><strong>animadverterent,</strong></span> <span class='ocrx_word' id='word_1_518' title='bbox 1718 4305 1778 4350; x_wconf 89' lang='lat' dir='ltr'><strong>ut</strong></span> <span class='ocrx_word' id='word_1_519' title='bbox 1822 4297 1969 4352; x_wconf 89' lang='lat' dir='ltr'><strong>nulla</strong></span> <span class='ocrx_word' id='word_1_520' title='bbox 2013 4307 2128 4351; x_wconf 89' lang='lat' dir='ltr'><strong>arte</strong></span> 
     </span>
    </p>
   </div>
   <div class='ocr_carea' id='block_1_73' title="bbox 566 4387 2127 4458">
    <p class='ocr_par' dir='ltr' id='par_1_73' title="bbox 566 4387 2127 4458">
     <span class='ocr_line' id='line_1_74' title="bbox 566 4387 2127 4458; baseline -0.001 -15"><span class='ocrx_word' id='word_1_521' title='bbox 566 4390 836 4458; x_wconf 87' lang='lat' dir='ltr'><strong>nullisque</strong></span> <span class='ocrx_word' id='word_1_522' title='bbox 867 4387 1397 4455; x_wconf 86' lang='lat' dir='ltr'><strong>interpretationibus</strong></span> <span class='ocrx_word' id='word_1_523' title='bbox 1428 4388 1608 4457; x_wconf 89' lang='lat' dir='ltr'><strong>pravis</strong></span> <span class='ocrx_word' id='word_1_524' title='bbox 1637 4387 1716 4441; x_wconf 87' lang='lat' dir='ltr'><strong>vis</strong></span> <span class='ocrx_word' id='word_1_525' title='bbox 1749 4388 1966 4443; x_wconf 88' lang='lat' dir='ltr'><strong>illorum</strong></span> <span class='ocrx_word' id='word_1_526' title='bbox 2001 4403 2127 4456; x_wconf 85' lang='lat' dir='ltr'><strong>pos-</strong></span> 
     </span>
    </p>
   </div>
   <div class='ocr_carea' id='block_1_74' title="bbox 2219 3286 3786 3360">
    <p class='ocr_par' dir='ltr' id='par_1_74' title="bbox 2219 3286 3786 3360">
     <span class='ocr_line' id='line_1_75' title="bbox 2219 3286 3786 3360; baseline -0.001 -17"><span class='ocrx_word' id='word_1_527' title='bbox 2219 3298 2364 3344; x_wconf 89' lang='lat' dir='ltr'><strong>tasse</strong></span> <span class='ocrx_word' id='word_1_528' title='bbox 2420 3287 2692 3342; x_wconf 91' lang='lat' dir='ltr'><strong>debebunt</strong></span> <span class='ocrx_word' id='word_1_529' title='bbox 2741 3287 2959 3349; x_wconf 90' lang='lat' dir='ltr'><strong>eruditi,</strong></span> <span class='ocrx_word' id='word_1_530' title='bbox 3011 3287 3200 3341; x_wconf 90' lang='lat' dir='ltr'><strong>scribit</strong></span> <span class='ocrx_word' id='word_1_531' title='bbox 3247 3287 3315 3341; x_wconf 90' lang='lat' dir='ltr'><strong>cl.</strong></span> <span class='ocrx_word' id='word_1_532' title='bbox 3373 3286 3653 3343; x_wconf 88' lang='lat' dir='ltr'><strong>Fabricius</strong></span> <span class='ocrx_word' id='word_1_533' title='bbox 3683 3289 3786 3360; x_wconf 74' lang='grc' dir='ltr'>(Ξ).</span> 
     </span>
    </p>
   </div>
   <div class='ocr_carea' id='block_1_75' title="bbox 2221 3377 3788 3448">
    <p class='ocr_par' dir='ltr' id='par_1_75' title="bbox 2221 3377 3788 3448">
     <span class='ocr_line' id='line_1_76' title="bbox 2221 3377 3788 3448; baseline 0.001 -16"><span class='ocrx_word' id='word_1_534' title='bbox 2221 3377 2324 3432; x_wconf 88' lang='lat' dir='ltr'><strong>Sed</strong></span> <span class='ocrx_word' id='word_1_535' title='bbox 2360 3386 2622 3448; x_wconf 90' lang='lat' dir='ltr'><strong>quantum</strong></span> <span class='ocrx_word' id='word_1_536' title='bbox 2673 3391 2774 3446; x_wconf 77' lang='lat' dir='ltr'><strong>ego</strong></span> <span class='ocrx_word' id='word_1_537' title='bbox 2817 3377 2963 3440; x_wconf 83' lang='lat' dir='ltr'><strong>scio,</strong></span> <span class='ocrx_word' id='word_1_538' title='bbox 3017 3377 3188 3432; x_wconf 91' lang='lat' dir='ltr'><strong>lucem</strong></span> <span class='ocrx_word' id='word_1_539' title='bbox 3231 3377 3496 3446; x_wconf 88' lang='lat' dir='ltr'><strong>publicam</strong></span> <span class='ocrx_word' id='word_1_540' title='bbox 3545 3379 3788 3433; x_wconf 91' lang='lat' dir='ltr'><strong>nondum</strong></span> 
     </span>
    </p>
   </div>
   <div class='ocr_carea' id='block_1_76' title="bbox 2217 3469 3787 3541">
    <p class='ocr_par' dir='ltr' id='par_1_76' title="bbox 2217 3469 3787 3541">
     <span class='ocr_line' id='line_1_77' title="bbox 2217 3469 3787 3541; baseline 0.001 -17"><span class='ocrx_word' id='word_1_541' title='bbox 2217 3471 2369 3526; x_wconf 87' lang='lat' dir='ltr'><strong>vidit.</strong></span> <span class='ocrx_word' id='word_1_542' title='bbox 2419 3469 2678 3524; x_wconf 84' lang='lat' dir='ltr'><strong>Caeterum</strong></span> <span class='ocrx_word' id='word_1_543' title='bbox 2709 3484 2799 3538; x_wconf 88' lang='lat' dir='ltr'><strong>per</strong></span> <span class='ocrx_word' id='word_1_544' title='bbox 2831 3469 3249 3523; x_wconf 85' lang='lat' dir='ltr'><strong>commentarios</strong></span> <span class='ocrx_word' id='word_1_545' title='bbox 3300 3470 3354 3522; x_wconf 94' lang='lat' dir='ltr'><strong>in</strong></span> <span class='ocrx_word' id='word_1_546' title='bbox 3388 3470 3787 3541; x_wconf 88' lang='lat' dir='ltr'><strong>Apocalypsin,</strong></span> 
     </span>
    </p>
   </div>
   <div class='ocr_carea' id='block_1_77' title="bbox 2221 3559 3792 3630">
    <p class='ocr_par' dir='ltr' id='par_1_77' title="bbox 2221 3559 3792 3630">
     <span class='ocr_line' id='line_1_78' title="bbox 2221 3559 3792 3630; baseline -0.001 -13"><span class='ocrx_word' id='word_1_547' title='bbox 2221 3563 2375 3618; x_wconf 79' lang='lat' dir='ltr'><strong>Sixto</strong></span> <span class='ocrx_word' id='word_1_548' title='bbox 2402 3561 2625 3616; x_wconf 88' lang='lat' dir='ltr'><strong>Senensi</strong></span> <span class='ocrx_word' id='word_1_549' title='bbox 2651 3565 2810 3616; x_wconf 88' lang='lat' dir='ltr'><strong>etiam</strong></span> <span class='ocrx_word' id='word_1_550' title='bbox 2849 3569 3199 3625; x_wconf 89' lang='lat' dir='ltr'><strong>memoratos,</strong></span> <span class='ocrx_word' id='word_1_551' title='bbox 3231 3559 3451 3614; x_wconf 80' lang='lat' dir='ltr'><strong>Rivetus</strong></span> <span class='ocrx_word' id='word_1_552' title='bbox 3479 3562 3554 3630; x_wconf 77' lang='grc' dir='ltr'>(ὅ)</span> <span class='ocrx_word' id='word_1_553' title='bbox 3590 3563 3792 3616; x_wconf 88' lang='lat' dir='ltr'><strong>intelli-</strong></span> 
     </span>
    </p>
   </div>
   <div class='ocr_carea' id='block_1_78' title="bbox 2219 3651 3790 3726">
    <p class='ocr_par' dir='ltr' id='par_1_78' title="bbox 2219 3651 3790 3726">
     <span class='ocr_line' id='line_1_79' title="bbox 2219 3651 3790 3726; baseline 0 -17"><span class='ocrx_word' id='word_1_554' title='bbox 2219 3657 2296 3726; x_wconf 86' lang='lat' dir='ltr'><strong>git</strong></span> <span class='ocrx_word' id='word_1_555' title='bbox 2327 3655 2523 3708; x_wconf 89' lang='lat' dir='ltr'><strong>librutn</strong></span> <span class='ocrx_word' id='word_1_556' title='bbox 2556 3654 2621 3708; x_wconf 90' lang='lat' dir='ltr'><strong>de</strong></span> <span class='ocrx_word' id='word_1_557' title='bbox 2655 3653 3007 3708; x_wconf 86' lang='lat' dir='ltr'><strong>Autiehristo.</strong></span> <span class='ocrx_word' id='word_1_558' title='bbox 3042 3651 3320 3706; x_wconf 87' lang='lat' dir='ltr'><strong>Fabricius</strong></span> <span class='ocrx_word' id='word_1_559' title='bbox 3358 3653 3598 3722; x_wconf 88' lang='lat' dir='ltr'><strong>imprimi</strong></span> <span class='ocrx_word' id='word_1_560' title='bbox 3623 3672 3790 3710; x_wconf 87' lang='lat' dir='ltr'><strong>cura-</strong></span> 
     </span>
    </p>
   </div>
   <div class='ocr_carea' id='block_1_79' title="bbox 2223 3743 3792 3818">
    <p class='ocr_par' dir='ltr' id='par_1_79' title="bbox 2223 3743 3792 3818">
     <span class='ocr_line' id='line_1_80' title="bbox 2223 3743 3792 3818; baseline 0.003 -19"><span class='ocrx_word' id='word_1_561' title='bbox 2223 3748 2298 3802; x_wconf 90' lang='lat' dir='ltr'><strong>vit</strong></span> <span class='ocrx_word' id='word_1_562' title='bbox 2350 3746 2711 3818; x_wconf 76' lang='lat' dir='ltr'><strong>fragmentum</strong></span> <span class='ocrx_word' id='word_1_563' title='bbox 2769 3745 2913 3800; x_wconf 88' lang='lat' dir='ltr'><strong>haud</strong></span> <span class='ocrx_word' id='word_1_564' title='bbox 2963 3743 3250 3814; x_wconf 78' lang='lat' dir='ltr'><strong>exiguum,</strong></span> <span class='ocrx_word' id='word_1_565' title='bbox 3309 3745 3360 3798; x_wconf 93' lang='lat' dir='ltr'><strong>in</strong></span> <span class='ocrx_word' id='word_1_566' title='bbox 3413 3762 3520 3816; x_wconf 89' lang='lat' dir='ltr'><strong>quo</strong></span> <span class='ocrx_word' id='word_1_567' title='bbox 3564 3757 3792 3804; x_wconf 86' lang='lat' dir='ltr'><strong>sanctus</strong></span> 
     </span>
    </p>
   </div>
   <div class='ocr_carea' id='block_1_80' title="bbox 2223 3835 3791 3910">
    <p class='ocr_par' dir='ltr' id='par_1_80' title="bbox 2223 3835 3791 3910">
     <span class='ocr_line' id='line_1_81' title="bbox 2223 3835 3791 3910; baseline 0.001 -18"><span class='ocrx_word' id='word_1_568' title='bbox 2223 3839 2541 3910; x_wconf 89' lang='lat' dir='ltr'><strong>Hippolytus</strong></span> <span class='ocrx_word' id='word_1_569' title='bbox 2596 3837 2818 3907; x_wconf 80' lang='lat' dir='ltr'><strong>exponit</strong></span> <span class='ocrx_word' id='word_1_570' title='bbox 2881 3837 2995 3892; x_wconf 66' lang='lat' dir='ltr'><strong>bmc</strong></span> <span class='ocrx_word' id='word_1_571' title='bbox 3080 3835 3495 3890; x_wconf 88' lang='lat' dir='ltr'><strong>Proverbiorum</strong></span> <span class='ocrx_word' id='word_1_572' title='bbox 3567 3854 3688 3907; x_wconf 87' lang='lat' dir='ltr'><strong>cap.</strong></span> <span class='ocrx_word' id='word_1_573' title='bbox 3737 3856 3791 3893; x_wconf 79' lang='lat' dir='ltr'><strong>Ix</strong></span> 
     </span>
    </p>
   </div>
   <div class='ocr_carea' id='block_1_81' title="bbox 2221 3924 3792 3996">
    <p class='ocr_par' dir='ltr' id='par_1_81' title="bbox 2221 3924 3792 3996">
     <span class='ocr_line' id='line_1_82' title="bbox 2221 3924 3792 3996; baseline 0.003 -17"><span class='ocrx_word' id='word_1_574' title='bbox 2221 3926 2384 3980; x_wconf 82' lang='lat' dir='ltr'><strong>verba</strong></span> <span class='ocrx_word' id='word_1_575' title='bbox 2429 3943 2451 3977; x_wconf 73' lang='grc' dir='ltr'><strong>ε·</strong></span> <span class='ocrx_word' id='word_1_576' title='bbox 2493 3924 2763 3992; x_wconf 82' lang='lat' dir='ltr'><strong>Sapientia</strong></span> <span class='ocrx_word' id='word_1_577' title='bbox 2812 3925 3093 3993; x_wconf 71' lang='lat' dir='ltr'><strong>mdiﬁcavit</strong></span> <span class='ocrx_word' id='word_1_578' title='bbox 3137 3925 3239 3978; x_wconf 83' lang='lat' dir='ltr'><strong>sibi</strong></span> <span class='ocrx_word' id='word_1_579' title='bbox 3286 3926 3533 3990; x_wconf 86' lang='lat' dir='ltr'><strong>domum;</strong></span> <span class='ocrx_word' id='word_1_580' title='bbox 3576 3929 3792 3996; x_wconf 82' lang='lat' dir='ltr'><strong>sibique</strong></span> 
     </span>
    </p>
   </div>
   <div class='ocr_carea' id='block_1_82' title="bbox 2225 4013 3791 4086">
    <p class='ocr_par' dir='ltr' id='par_1_82' title="bbox 2225 4013 3791 4086">
     <span class='ocr_line' id='line_1_83' title="bbox 2225 4013 3791 4086; baseline 0.001 -16"><span class='ocrx_word' id='word_1_581' title='bbox 2225 4015 2513 4084; x_wconf 79' lang='lat' dir='ltr'><strong>persuasit,</strong></span> <span class='ocrx_word' id='word_1_582' title='bbox 2561 4016 2611 4068; x_wconf 92' lang='lat' dir='ltr'><strong>in</strong></span> <span class='ocrx_word' id='word_1_583' title='bbox 2640 4013 2864 4068; x_wconf 83' lang='lat' dir='ltr'><strong>Joannis</strong></span> <span class='ocrx_word' id='word_1_584' title='bbox 2899 4013 3249 4084; x_wconf 74' lang='lat' dir='ltr'><strong>Evangelistae</strong></span> <span class='ocrx_word' id='word_1_585' title='bbox 3290 4016 3466 4070; x_wconf 91' lang='lat' dir='ltr'><strong>locum</strong></span> <span class='ocrx_word' id='word_1_586' title='bbox 3497 4020 3791 4086; x_wconf 90' lang='lat' dir='ltr'><strong>quemdam</strong></span> 
     </span>
    </p>
   </div>
   <div class='ocr_carea' id='block_1_83' title="bbox 2225 4105 3791 4178">
    <p class='ocr_par' dir='ltr' id='par_1_83' title="bbox 2225 4105 3791 4178">
     <span class='ocr_line' id='line_1_84' title="bbox 2225 4105 3791 4178; baseline 0.002 -19"><span class='ocrx_word' id='word_1_587' title='bbox 2225 4105 2339 4160; x_wconf 65' lang='lat' dir='ltr'><strong>haec</strong></span> <span class='ocrx_word' id='word_1_588' title='bbox 2388 4107 2456 4160; x_wconf 93' lang='lat' dir='ltr'><strong>ab</strong></span> <span class='ocrx_word' id='word_1_589' title='bbox 2487 4105 2772 4176; x_wconf 87' lang='lat' dir='ltr'><strong>Hippolyto</strong></span> <span class='ocrx_word' id='word_1_590' title='bbox 2839 4107 3019 4175; x_wconf 92' lang='lat' dir='ltr'><strong>potius</strong></span> <span class='ocrx_word' id='word_1_591' title='bbox 3066 4107 3266 4175; x_wconf 91' lang='lat' dir='ltr'><strong>scripta</strong></span> <span class='ocrx_word' id='word_1_592' title='bbox 3316 4122 3466 4171; x_wconf 88' lang='lat' dir='ltr'><strong>esse,</strong></span> <span class='ocrx_word' id='word_1_593' title='bbox 3516 4124 3681 4178; x_wconf 88' lang='lat' dir='ltr'><strong>quam</strong></span> <span class='ocrx_word' id='word_1_594' title='bbox 3738 4111 3791 4162; x_wconf 91' lang='lat' dir='ltr'><strong>in</strong></span> 
     </span>
    </p>
   </div>
   <div class='ocr_carea' id='block_1_84' title="bbox 2224 4195 3793 4256">
    <p class='ocr_par' dir='ltr' id='par_1_84' title="bbox 2224 4195 3793 4256">
     <span class='ocr_line' id='line_1_85' title="bbox 2224 4195 3793 4256; baseline 0.002 -7"><span class='ocrx_word' id='word_1_595' title='bbox 2224 4195 2637 4250; x_wconf 88' lang='lat' dir='ltr'><strong>Proverbiorum</strong></span> <span class='ocrx_word' id='word_1_596' title='bbox 2667 4197 2808 4256; x_wconf 90' lang='lat' dir='ltr'><strong>loca.</strong></span> <span class='ocrx_word' id='word_1_597' title='bbox 2837 4196 2962 4251; x_wconf 92' lang='lat' dir='ltr'><strong>licet</strong></span> <span class='ocrx_word' id='word_1_598' title='bbox 2992 4205 3046 4252; x_wconf 92' lang='lat' dir='ltr'><strong>et</strong></span> <span class='ocrx_word' id='word_1_599' title='bbox 3087 4197 3140 4251; x_wconf 93' lang='lat' dir='ltr'><strong>in</strong></span> <span class='ocrx_word' id='word_1_600' title='bbox 3170 4197 3282 4252; x_wconf 65' lang='lat' dir='ltr'><strong>haec</strong></span> <span class='ocrx_word' id='word_1_601' title='bbox 3313 4199 3476 4252; x_wconf 91' lang='lat' dir='ltr'><strong>etiam</strong></span> <span class='ocrx_word' id='word_1_602' title='bbox 3510 4214 3793 4254; x_wconf 88' lang='lat' dir='ltr'><strong>commen—</strong></span> 
     </span>
    </p>
   </div>
   <div class='ocr_carea' id='block_1_85' title="bbox 2232 4286 3791 4362">
    <p class='ocr_par' dir='ltr' id='par_1_85' title="bbox 2232 4286 3791 4362">
     <span class='ocr_line' id='line_1_86' title="bbox 2232 4286 3791 4362; baseline 0.003 -20"><span class='ocrx_word' id='word_1_603' title='bbox 2232 4296 2376 4342; x_wconf 88' lang='lat' dir='ltr'><strong>tatus</strong></span> <span class='ocrx_word' id='word_1_604' title='bbox 2432 4287 2593 4342; x_wconf 85' lang='lat' dir='ltr'><strong>fuerit</strong></span> <span class='ocrx_word' id='word_1_605' title='bbox 2635 4288 2733 4356; x_wconf 80' lang='grc'>(4).</span> <span class='ocrx_word' id='word_1_606' title='bbox 2799 4286 2856 4341; x_wconf 85' lang='grc' dir='ltr'>1η</span> <span class='ocrx_word' id='word_1_607' title='bbox 2912 4289 3096 4344; x_wconf 89' lang='lat' dir='ltr'><strong>tabula</strong></span> <span class='ocrx_word' id='word_1_608' title='bbox 3146 4305 3370 4358; x_wconf 91' lang='lat' dir='ltr'><strong>operum</strong></span> <span class='ocrx_word' id='word_1_609' title='bbox 3425 4288 3480 4344; x_wconf 91' lang='lat' dir='ltr'><strong>S.</strong></span> <span class='ocrx_word' id='word_1_610' title='bbox 3517 4289 3791 4362; x_wconf 87' lang='lat' dir='ltr'><strong>Hippolyti</strong></span> 
     </span>
    </p>
   </div>
   <div class='ocr_carea' id='block_1_86' title="bbox 2229 4377 3793 4451">
    <p class='ocr_par' dir='ltr' id='par_1_86' title="bbox 2229 4377 3793 4451">
     <span class='ocr_line' id='line_1_87' title="bbox 2229 4377 3793 4451; baseline 0.002 -18"><span class='ocrx_word' id='word_1_611' title='bbox 2229 4379 2422 4448; x_wconf 81' lang='lat' dir='ltr'><strong>legitur</strong></span> <span class='ocrx_word' id='word_1_612' title='bbox 2469 4379 2689 4449; x_wconf 88' lang='lat' dir='ltr'><strong>insuper</strong></span> <span class='ocrx_word' id='word_1_613' title='bbox 2717 4377 3060 4451; x_wconf 86' lang='lat' dir='ltr'><strong>Hippolytum</strong></span> <span class='ocrx_word' id='word_1_614' title='bbox 3109 4391 3352 4435; x_wconf 90' lang='lat' dir='ltr'><strong>nostrum</strong></span> <span class='ocrx_word' id='word_1_615' title='bbox 3384 4380 3526 4436; x_wconf 59' lang='lat' dir='ltr'><strong>Otlas</strong></span> <span class='ocrx_word' id='word_1_616' title='bbox 3568 4391 3624 4435; x_wconf 92' lang='lat' dir='ltr'><strong>et</strong></span> <span class='ocrx_word' id='word_1_617' title='bbox 3655 4382 3793 4436; x_wconf 87' lang='lat' dir='ltr'><strong>Car-</strong></span> 
     </span>
    </p>
   </div>
   <div class='ocr_carea' id='block_1_87' title="bbox 565 4469 3720 4546">
    <p class='ocr_par' dir='ltr' id='par_1_87' title="bbox 565 4469 3720 4546">
     <span class='ocr_line' id='line_1_88' title="bbox 565 4469 3720 4546; baseline -0.002 -11"><span class='ocrx_word' id='word_1_618' title='bbox 565 4491 649 4536; x_wconf 88' lang='lat' dir='ltr'><strong>set</strong></span> <span class='ocrx_word' id='word_1_619' title='bbox 683 4478 970 4545; x_wconf 88' lang='lat' dir='ltr'><strong>declinari;</strong></span> <span class='ocrx_word' id='word_1_620' title='bbox 1009 4492 1116 4532; x_wconf 91' lang='lat' dir='ltr'><strong>non</strong></span> <span class='ocrx_word' id='word_1_621' title='bbox 1144 4478 1298 4532; x_wconf 89' lang='lat' dir='ltr'><strong>aliter</strong></span> <span class='ocrx_word' id='word_1_622' title='bbox 1329 4479 1451 4542; x_wconf 86' lang='lat' dir='ltr'><strong>sibi,</strong></span> <span class='ocrx_word' id='word_1_623' title='bbox 1488 4487 1542 4532; x_wconf 90' lang='lat' dir='ltr'><strong>et</strong></span> <span class='ocrx_word' id='word_1_624' title='bbox 1571 4478 1821 4546; x_wconf 88' lang='lat' dir='ltr'><strong>pravitati</strong></span> <span class='ocrx_word' id='word_1_625' title='bbox 1868 4495 1980 4533; x_wconf 63' lang='lat' dir='ltr'><strong>sua</strong></span> <span class='ocrx_word' id='word_1_626' title='bbox 2010 4478 2118 4533; x_wconf 69' lang='lat' dir='ltr'><strong>haa-</strong></span> <span class='ocrx_word' id='word_1_627' title='bbox 2155 4480 2196 4534; x_wconf 94' lang='lat' dir='ltr'><strong>D</strong></span> <span class='ocrx_word' id='word_1_628' title='bbox 2223 4471 2369 4524; x_wconf 72' lang='lat' dir='ltr'><strong>milia</strong></span> <span class='ocrx_word' id='word_1_629' title='bbox 2401 4470 2683 4539; x_wconf 75' lang='lat' dir='ltr'><strong>Scl‘iPSisse</strong></span> <span class='ocrx_word' id='word_1_630' title='bbox 2717 4471 2773 4525; x_wconf 81' lang='lat' dir='ltr'><strong>in</strong></span> <span class='ocrx_word' id='word_1_631' title='bbox 2797 4486 2985 4528; x_wconf 81' lang='lat' dir='ltr'><strong>omnes</strong></span> <span class='ocrx_word' id='word_1_632' title='bbox 3013 4469 3070 4526; x_wconf 75' lang='lat' dir='ltr'><strong>S-</strong></span> <span class='ocrx_word' id='word_1_633' title='bbox 3101 4471 3396 4543; x_wconf 70' lang='lat' dir='ltr'><strong>Scriptum</strong></span> <span class='ocrx_word' id='word_1_634' title='bbox 3420 4473 3588 4528; x_wconf 85' lang='lat' dir='ltr'><strong>libros</strong></span> <span class='ocrx_word' id='word_1_635' title='bbox 3621 4473 3720 4544; x_wconf 82' lang='lat'><strong>(5).</strong></span> 
     </span>
    </p>
   </div>
   <div class='ocr_carea' id='block_1_88' title="bbox 636 4644 1764 4720">
    <p class='ocr_par' dir='ltr' id='par_1_88' title="bbox 636 4644 1764 4720">
     <span class='ocr_line' id='line_1_89' title="bbox 636 4644 1764 4720; baseline -0.003 -17"><span class='ocrx_word' id='word_1_636' title='bbox 636 4649 748 4720; x_wconf 87' lang='lat'>(88)</span> <span class='ocrx_word' id='word_1_637' title='bbox 789 4647 1098 4720; x_wconf 83' lang='lat' dir='ltr'><strong>Hieronym.</strong></span> <span class='ocrx_word' id='word_1_638' title='bbox 1132 4647 1186 4700; x_wconf 90' lang='lat' dir='ltr'><strong>in</strong></span> <span class='ocrx_word' id='word_1_639' title='bbox 1212 4644 1484 4720; x_wconf 83' lang='lat' dir='ltr'><strong>_Catalog.,</strong></span> <span class='ocrx_word' id='word_1_640' title='bbox 1518 4662 1636 4716; x_wconf 88' lang='lat' dir='ltr'><strong>cap.</strong></span> <span class='ocrx_word' id='word_1_641' title='bbox 1674 4647 1764 4700; x_wconf 89' lang='lat'><strong>6|.</strong></span> 
     </span>
    </p>
   </div>
   <div class='ocr_carea' id='block_1_89' title="bbox 638 4716 2125 4788">
    <p class='ocr_par' dir='ltr' id='par_1_89' title="bbox 638 4716 2125 4788">
     <span class='ocr_line' id='line_1_90' title="bbox 638 4716 2125 4788; baseline 0.001 -17"><span class='ocrx_word' id='word_1_642' title='bbox 638 4716 750 4786; x_wconf 85' lang='lat'>(89)</span> <span class='ocrx_word' id='word_1_643' title='bbox 791 4738 807 4770; x_wconf 81' lang='grc' dir='ltr'><strong>ι</strong></span> <span class='ocrx_word' id='word_1_644' title='bbox 837 4716 1055 4788; x_wconf 76' lang='lat' dir='ltr'><strong>Legisse</strong></span> <span class='ocrx_word' id='word_1_645' title='bbox 1091 4733 1177 4771; x_wconf 90' lang='lat' dir='ltr'><strong>mc</strong></span> <span class='ocrx_word' id='word_1_646' title='bbox 1206 4716 1374 4770; x_wconf 81' lang='lat' dir='ltr'><strong>fateor</strong></span> <span class='ocrx_word' id='word_1_647' title='bbox 1407 4729 1531 4770; x_wconf 91' lang='lat' dir='ltr'><strong>ante</strong></span> <span class='ocrx_word' id='word_1_648' title='bbox 1571 4734 1744 4772; x_wconf 91' lang='lat' dir='ltr'><strong>annos</strong></span> <span class='ocrx_word' id='word_1_649' title='bbox 1775 4716 2042 4786; x_wconf 91' lang='lat' dir='ltr'><strong>plurimos</strong></span> <span class='ocrx_word' id='word_1_650' title='bbox 2072 4718 2125 4772; x_wconf 91' lang='lat' dir='ltr'><strong>in</strong></span> 
     </span>
    </p>
   </div>
   <div class='ocr_carea' id='block_1_90' title="bbox 566 4785 2127 4858">
    <p class='ocr_par' dir='ltr' id='par_1_90' title="bbox 566 4785 2127 4858">
     <span class='ocr_line' id='line_1_91' title="bbox 566 4785 2127 4858; baseline 0 -17"><span class='ocrx_word' id='word_1_651' title='bbox 566 4785 944 4842; x_wconf 58' lang='lat' dir='ltr'><strong>Matthreum..&#39;.</strong></span> <span class='ocrx_word' id='word_1_652' title='bbox 975 4787 1243 4858; x_wconf 89' lang='lat' dir='ltr'><strong>Hippolyti</strong></span> <span class='ocrx_word' id='word_1_653' title='bbox 1269 4788 1520 4857; x_wconf 88' lang='lat' dir='ltr'><strong>martyris</strong></span> <span class='ocrx_word' id='word_1_654' title='bbox 1566 4785 1823 4858; x_wconf 82' lang='lat' dir='ltr'><strong>opuscula</strong></span> <span class='ocrx_word' id='word_1_655' title='bbox 1949 4802 1979 4841; x_wconf 92' lang='lat' dir='ltr'><strong>e</strong></span> <span class='ocrx_word' id='word_1_656' title='bbox 2006 4789 2127 4857; x_wconf 87' lang='lat' dir='ltr'><strong>qui-</strong></span> 
     </span>
    </p>
   </div>
   <div class='ocr_carea' id='block_1_91' title="bbox 569 4857 2128 4927">
    <p class='ocr_par' dir='ltr' id='par_1_91' title="bbox 569 4857 2128 4927">
     <span class='ocr_line' id='line_1_92' title="bbox 569 4857 2128 4927; baseline 0.001 -16"><span class='ocrx_word' id='word_1_657' title='bbox 569 4858 671 4911; x_wconf 89' lang='lat' dir='ltr'><strong>bus</strong></span> <span class='ocrx_word' id='word_1_658' title='bbox 713 4859 925 4912; x_wconf 67' lang='lat' dir='ltr'><strong>etiamsi</strong></span> <span class='ocrx_word' id='word_1_659' title='bbox 978 4874 1148 4927; x_wconf 88' lang='lat' dir='ltr'><strong>pauca</strong></span> <span class='ocrx_word' id='word_1_660' title='bbox 1177 4857 1484 4927; x_wconf 73' lang='lat' dir='ltr'><strong>carperent,</strong></span> <span class='ocrx_word' id='word_1_661' title='bbox 1517 4857 1738 4927; x_wconf 86' lang='lat' dir='ltr'><strong>dignum</strong></span> <span class='ocrx_word' id='word_1_662' title='bbox 1778 4857 1981 4927; x_wconf 85' lang='lat' dir='ltr'><strong>aliquid</strong></span> <span class='ocrx_word' id='word_1_663' title='bbox 2016 4874 2128 4912; x_wconf 91' lang='lat' dir='ltr'><strong>me-</strong></span> 
     </span>
    </p>
   </div>
   <div class='ocr_carea' id='block_1_92' title="bbox 569 4926 2128 5050">
    <p class='ocr_par' dir='ltr' id='par_1_92' title="bbox 569 4926 2128 5050">
     <span class='ocr_line' id='line_1_93' title="bbox 569 4926 2128 5050; baseline 0.003 -72"><span class='ocrx_word' id='word_1_664' title='bbox 569 4932 740 5050; x_wconf 49' lang='lat' dir='ltr'><strong>int‘torila</strong></span> <span class='ocrx_word' id='word_1_665' title='bbox 813 4926 1158 4982; x_wconf 83' lang='lat' dir='ltr'><strong>scriberetur.</strong></span> <span class='ocrx_word' id='word_1_666' title='bbox 1218 4947 1237 4980; x_wconf 78' lang='grc' dir='ltr'><strong>ι</strong></span> <span class='ocrx_word' id='word_1_667' title='bbox 1335 4926 1694 4998; x_wconf 83' lang='lat' dir='ltr'><strong>Hieronym.,</strong></span> <span class='ocrx_word' id='word_1_668' title='bbox 1789 4926 2005 4982; x_wconf 66' lang='lat' dir='ltr'><strong>Praefat.</strong></span> <span class='ocrx_word' id='word_1_669' title='bbox 2074 4930 2128 4982; x_wconf 88' lang='lat' dir='ltr'><strong>in</strong></span> 
     </span>
     <span class='ocr_line' id='line_1_94' title="bbox 625 5007 761 5050; baseline 0.007 -1"><span class='ocrx_word' id='word_1_670' title='bbox 625 5007 698 5049; x_wconf 89' lang='lat' dir='ltr'><strong>att</strong></span> <span class='ocrx_word' id='word_1_671' title='bbox 723 5013 761 5050; x_wconf 87' lang='grc' dir='ltr'><strong>ι.</strong></span> 
     </span>
    </p>
   </div>
   <div class='ocr_carea' id='block_1_93' title="bbox 625 5007 761 5050">
    <p class='ocr_par' dir='ltr' id='par_1_93' title="bbox 625 5007 761 5050">
     <span class='ocr_line' id='line_1_95' title="bbox 625 5007 761 5050; baseline 0.007 -1"><span class='ocrx_word' id='word_1_672' title='bbox 625 5007 761 5050; x_wconf 87' lang='lat' dir='ltr'><strong>atth.</strong></span> 
     </span>
    </p>
   </div>
   <div class='ocr_carea' id='block_1_94' title="bbox 645 5064 2124 5139">
    <p class='ocr_par' dir='ltr' id='par_1_94' title="bbox 645 5064 2124 5139">
     <span class='ocr_line' id='line_1_96' title="bbox 645 5064 2124 5139; baseline 0.003 -21"><span class='ocrx_word' id='word_1_673' title='bbox 645 5065 754 5135; x_wconf 85' lang='lat'>(90)</span> <span class='ocrx_word' id='word_1_674' title='bbox 790 5064 1084 5139; x_wconf 62' lang='lat' dir='ltr'><strong>Theodon,</strong></span> <span class='ocrx_word' id='word_1_675' title='bbox 1118 5067 1317 5139; x_wconf 71' lang='lat' dir='ltr'><strong>dialog.</strong></span> <span class='ocrx_word' id='word_1_676' title='bbox 1347 5067 1401 5131; x_wconf 77' lang='lat'><strong>2,</strong></span> <span class='ocrx_word' id='word_1_677' title='bbox 1435 5083 1556 5139; x_wconf 87' lang='lat' dir='ltr'><strong>pag.</strong></span> <span class='ocrx_word' id='word_1_678' title='bbox 1577 5068 1623 5139; x_wconf 61' lang='lat' dir='ltr'><strong>fl.</strong></span> <span class='ocrx_word' id='word_1_679' title='bbox 1651 5076 1700 5121; x_wconf 90' lang='lat' dir='ltr'><strong>et</strong></span> <span class='ocrx_word' id='word_1_680' title='bbox 1729 5067 1816 5139; x_wconf 84' lang='lat'><strong>&#39;_7_9,</strong></span> <span class='ocrx_word' id='word_1_681' title='bbox 1847 5076 1900 5122; x_wconf 87' lang='lat' dir='ltr'><strong>ct.</strong></span> <span class='ocrx_word' id='word_1_682' title='bbox 1924 5065 2124 5139; x_wconf 90' lang='lat' dir='ltr'><strong>dialog.</strong></span> 
     </span>
    </p>
   </div>
   <div class='ocr_carea' id='block_1_95' title="bbox 571 5084 2124 5208">
    <p class='ocr_par' dir='ltr' id='par_1_95' title="bbox 571 5084 2124 5208">
     <span class='ocr_line' id='line_1_97' title="bbox 645 5084 2124 5189; baseline 0.003 -71"><span class='ocrx_word' id='word_1_683' title='bbox 645 5084 754 5135; x_wconf 70' lang='lat' dir='ltr'><strong>(an)</strong></span> <span class='ocrx_word' id='word_1_684' title='bbox 800 5084 1084 5143; x_wconf 61' lang='lat' dir='ltr'><strong>ineooor&quot;</strong></span> <span class='ocrx_word' id='word_1_685' title='bbox 1118 5084 1317 5135; x_wconf 81' lang='lat' dir='ltr'><strong>atatog.</strong></span> <span class='ocrx_word' id='word_1_686' title='bbox 1347 5084 1401 5131; x_wconf 82' lang='lat' dir='ltr'><strong>z,</strong></span> <span class='ocrx_word' id='word_1_687' title='bbox 1435 5084 1556 5189; x_wconf 66' lang='lat' dir='ltr'><strong>pag.</strong></span> <span class='ocrx_word' id='word_1_688' title='bbox 1588 5084 1623 5121; x_wconf 61' lang='grc' dir='ltr'><strong><em>*Δ</em></strong></span> <span class='ocrx_word' id='word_1_689' title='bbox 1651 5084 1700 5121; x_wconf 84' lang='lat' dir='ltr'><strong>et</strong></span> <span class='ocrx_word' id='word_1_690' title='bbox 1740 5084 1816 5131; x_wconf 71' lang='lat' dir='ltr'><strong>tu,</strong></span> <span class='ocrx_word' id='word_1_691' title='bbox 1847 5084 1900 5122; x_wconf 90' lang='lat' dir='ltr'><strong>ct</strong></span> <span class='ocrx_word' id='word_1_692' title='bbox 1924 5084 2124 5139; x_wconf 84' lang='lat' dir='ltr'><strong>atatog.</strong></span> 
     </span>
     <span class='ocr_line' id='line_1_98' title="bbox 571 5135 2124 5208; baseline 0.001 -19"><span class='ocrx_word' id='word_1_693' title='bbox 571 5137 635 5208; x_wconf 56' lang='grc' dir='ltr'><strong>1⁷).Δ</strong></span> <span class='ocrx_word' id='word_1_694' title='bbox 658 5151 787 5208; x_wconf 85' lang='lat' dir='ltr'><strong>pag.</strong></span> <span class='ocrx_word' id='word_1_695' title='bbox 812 5135 946 5208; x_wconf 60' lang='grc'>156.</span> <span class='ocrx_word' id='word_1_696' title='bbox 977 5135 1110 5208; x_wconf 81' lang='lat' dir='ltr'><strong>Vide</strong></span> <span class='ocrx_word' id='word_1_697' title='bbox 1165 5136 1332 5208; x_wconf 63' lang='lat' dir='ltr'><strong>Fabr1</strong></span> <span class='ocrx_word' id='word_1_698' title='bbox 1355 5148 1483 5190; x_wconf 87' lang='lat' dir='ltr'><strong>tom.</strong></span> <span class='ocrx_word' id='word_1_699' title='bbox 1564 5136 1698 5208; x_wconf 86' lang='lat' dir='ltr'><strong>Opp.</strong></span> <span class='ocrx_word' id='word_1_700' title='bbox 1732 5136 1968 5208; x_wconf 87' lang='lat' dir='ltr'><strong>Hippol.,</strong></span> <span class='ocrx_word' id='word_1_701' title='bbox 2005 5153 2124 5207; x_wconf 90' lang='lat' dir='ltr'><strong>pag.</strong></span> 
     </span>
    </p>
   </div>
   <div class='ocr_carea' id='block_1_96' title="bbox 571 5204 2020 5280">
    <p class='ocr_par' dir='ltr' id='par_1_96' title="bbox 571 5204 2020 5280">
     <span class='ocr_line' id='line_1_99' title="bbox 571 5204 2020 5280; baseline 0 -20"><span class='ocrx_word' id='word_1_702' title='bbox 571 5205 698 5280; x_wconf 50' lang='grc'>281,</span> <span class='ocrx_word' id='word_1_703' title='bbox 712 5204 780 5280; x_wconf 73' lang='lat' dir='ltr'><strong>et</strong></span> <span class='ocrx_word' id='word_1_704' title='bbox 798 5204 1041 5280; x_wconf 52' lang='lat' dir='ltr'><strong>Callani].</strong></span> <span class='ocrx_word' id='word_1_705' title='bbox 1073 5215 1211 5280; x_wconf 63' lang='lat' dir='ltr'><strong>tom.</strong></span> <span class='ocrx_word' id='word_1_706' title='bbox 1231 5206 1551 5280; x_wconf 75' lang='lat' dir='ltr'><strong>ll_Bi_blioth.</strong></span> <span class='ocrx_word' id='word_1_707' title='bbox 1580 5204 1718 5272; x_wconf 56' lang='lat'><strong>151).,</strong></span> <span class='ocrx_word' id='word_1_708' title='bbox 1747 5204 1867 5280; x_wconf 70' lang='lat' dir='ltr'><strong>pag.</strong></span> <span class='ocrx_word' id='word_1_709' title='bbox 1896 5204 2020 5280; x_wconf 58' lang='lat'><strong>498;</strong></span> 
     </span>
    </p>
   </div>
   <div class='ocr_carea' id='block_1_97' title="bbox 643 5275 2124 5347">
    <p class='ocr_par' dir='ltr' id='par_1_97' title="bbox 643 5275 2124 5347">
     <span class='ocr_line' id='line_1_100' title="bbox 643 5275 2124 5347; baseline 0.001 -17"><span class='ocrx_word' id='word_1_710' title='bbox 643 5276 756 5347; x_wconf 83' lang='grc'>(91)</span> <span class='ocrx_word' id='word_1_711' title='bbox 796 5276 938 5347; x_wconf 72' lang='lat' dir='ltr'><strong>Hist.</strong></span> <span class='ocrx_word' id='word_1_712' title='bbox 973 5275 1138 5329; x_wconf 80' lang='lat' dir='ltr'><strong>littér.</strong></span> <span class='ocrx_word' id='word_1_713' title='bbox 1177 5277 1240 5330; x_wconf 83' lang='lat' dir='ltr'><strong>de</strong></span> <span class='ocrx_word' id='word_1_714' title='bbox 1271 5277 1323 5328; x_wconf 91' lang='lat' dir='ltr'><strong>la</strong></span> <span class='ocrx_word' id='word_1_715' title='bbox 1353 5277 1575 5344; x_wconf 79' lang='lat' dir='ltr'><strong>France,</strong></span> <span class='ocrx_word' id='word_1_716' title='bbox 1613 5275 1838 5341; x_wconf 41' lang='lat' dir='ltr'><strong>tomIl,‘</strong></span> <span class='ocrx_word' id='word_1_717' title='bbox 1853 5294 1971 5346; x_wconf 87' lang='lat' dir='ltr'><strong>pag.</strong></span> <span class='ocrx_word' id='word_1_718' title='bbox 1995 5275 2124 5347; x_wconf 58' lang='lat'><strong>579.</strong></span> 
     </span>
    </p>
   </div>
   <div class='ocr_carea' id='block_1_98' title="bbox 645 5345 2128 5416">
    <p class='ocr_par' dir='ltr' id='par_1_98' title="bbox 645 5345 2128 5416">
     <span class='ocr_line' id='line_1_101' title="bbox 645 5345 2128 5416; baseline -0.001 -16"><span class='ocrx_word' id='word_1_719' title='bbox 645 5345 754 5416; x_wconf 73' lang='lat'>(92)</span> <span class='ocrx_word' id='word_1_720' title='bbox 795 5365 813 5397; x_wconf 76' lang='grc' dir='ltr'><strong>ι</strong></span> <span class='ocrx_word' id='word_1_721' title='bbox 855 5345 1261 5415; x_wconf 87' lang='lat' dir='ltr'><strong>Hippolytus....</strong></span> <span class='ocrx_word' id='word_1_722' title='bbox 1300 5349 1518 5415; x_wconf 85' lang='lat' dir='ltr'><strong>scripsit</strong></span> <span class='ocrx_word' id='word_1_723' title='bbox 1567 5345 1865 5401; x_wconf 83' lang='lat' dir='ltr'><strong>nonnullos</strong></span> <span class='ocrx_word' id='word_1_724' title='bbox 1901 5345 1951 5401; x_wconf 87' lang='lat' dir='ltr'><strong>in</strong></span> <span class='ocrx_word' id='word_1_725' title='bbox 1982 5346 2128 5416; x_wconf 79' lang='lat' dir='ltr'><strong>Scri-</strong></span> 
     </span>
    </p>
   </div>
   <div class='ocr_carea' id='block_1_99' title="bbox 574 5415 2131 5486">
    <p class='ocr_par' dir='ltr' id='par_1_99' title="bbox 574 5415 2131 5486">
     <span class='ocr_line' id='line_1_102' title="bbox 574 5415 2131 5486; baseline -0.001 -16"><span class='ocrx_word' id='word_1_726' title='bbox 574 5415 761 5486; x_wconf 85' lang='lat' dir='ltr'><strong>pturas</strong></span> <span class='ocrx_word' id='word_1_727' title='bbox 805 5417 1244 5486; x_wconf 82' lang='lat' dir='ltr'><strong>commentarios,</strong></span> <span class='ocrx_word' id='word_1_728' title='bbox 1284 5431 1314 5470; x_wconf 90' lang='lat' dir='ltr'><strong>e</strong></span> <span class='ocrx_word' id='word_1_729' title='bbox 1339 5421 1538 5484; x_wconf 80' lang='lat' dir='ltr'><strong>quibus</strong></span> <span class='ocrx_word' id='word_1_730' title='bbox 1578 5419 1674 5471; x_wconf 89' lang='lat' dir='ltr'><strong>hos</strong></span> <span class='ocrx_word' id='word_1_731' title='bbox 1702 5418 1910 5486; x_wconf 89' lang='lat' dir='ltr'><strong>reperi:</strong></span> <span class='ocrx_word' id='word_1_732' title='bbox 1945 5417 1997 5486; x_wconf 89' lang='lat' dir='ltr'><strong>in</strong></span> <span class='ocrx_word' id='word_1_733' title='bbox 2033 5415 2131 5468; x_wconf 88' lang='lat' dir='ltr'><strong>lle-</strong></span> 
     </span>
    </p>
   </div>
   <div class='ocr_carea' id='block_1_100' title="bbox 575 5485 2126 5557">
    <p class='ocr_par' dir='ltr' id='par_1_100' title="bbox 575 5485 2126 5557">
     <span class='ocr_line' id='line_1_103' title="bbox 575 5485 2126 5557; baseline 0 -17"><span class='ocrx_word' id='word_1_734' title='bbox 575 5485 930 5540; x_wconf 66' lang='lat' dir='ltr'><strong>iaemerou...</strong></span> <span class='ocrx_word' id='word_1_735' title='bbox 963 5487 1017 5557; x_wconf 84' lang='lat' dir='ltr'><strong>in</strong></span> <span class='ocrx_word' id='word_1_736' title='bbox 1045 5485 1260 5557; x_wconf 77' lang='lat' dir='ltr'><strong>Isaiam,</strong></span> <span class='ocrx_word' id='word_1_737' title='bbox 1298 5503 1490 5540; x_wconf 65' lang='grc' dir='ltr'><strong>χχχιιι.</strong></span> <span class='ocrx_word' id='word_1_738' title='bbox 1516 5507 1534 5539; x_wconf 81' lang='grc' dir='ltr'><strong>ι</strong></span> <span class='ocrx_word' id='word_1_739' title='bbox 1571 5485 1904 5557; x_wconf 83' lang='lat' dir='ltr'><strong>Hierouytu.,</strong></span> <span class='ocrx_word' id='word_1_740' title='bbox 1939 5485 2013 5538; x_wconf 84' lang='lat' dir='ltr'><strong>De</strong></span> <span class='ocrx_word' id='word_1_741' title='bbox 2030 5487 2126 5540; x_wconf 88' lang='lat' dir='ltr'><strong>vir.</strong></span> 
     </span>
    </p>
   </div>
   <div class='ocr_carea' id='block_1_101' title="bbox 574 5553 2124 5627">
    <p class='ocr_par' dir='ltr' id='par_1_101' title="bbox 574 5553 2124 5627">
     <span class='ocr_line' id='line_1_104' title="bbox 574 5553 2124 5627; baseline 0 -19"><span class='ocrx_word' id='word_1_742' title='bbox 574 5557 796 5627; x_wconf 79' lang='lat' dir='ltr'><strong>illustr.,</strong></span> <span class='ocrx_word' id='word_1_743' title='bbox 825 5572 944 5624; x_wconf 90' lang='lat' dir='ltr'><strong>cap.</strong></span> <span class='ocrx_word' id='word_1_744' title='bbox 968 5553 1055 5610; x_wconf 81' lang='grc'><strong>61.</strong></span> <span class='ocrx_word' id='word_1_745' title='bbox 1087 5557 1168 5627; x_wconf 71' lang='lat' dir='ltr'><strong>_l_5t</strong></span> <span class='ocrx_word' id='word_1_746' title='bbox 1194 5555 1564 5611; x_wconf 85' lang='lat' dir='ltr'><strong>Theodoretus</strong></span> <span class='ocrx_word' id='word_1_747' title='bbox 1606 5559 1659 5611; x_wconf 91' lang='lat' dir='ltr'><strong>in</strong></span> <span class='ocrx_word' id='word_1_748' title='bbox 1690 5553 1888 5627; x_wconf 38' lang='lat' dir='ltr'><strong>dia-leg.</strong></span> <span class='ocrx_word' id='word_1_749' title='bbox 1923 5557 2124 5624; x_wconf 77' lang='lat' dir='ltr'><strong>i,-pag.</strong></span> 
     </span>
    </p>
   </div>
   <div class='ocr_carea' id='block_1_102' title="bbox 575 5625 2128 5750">
    <p class='ocr_par' dir='ltr' id='par_1_102' title="bbox 575 5625 2128 5750">
     <span class='ocr_line' id='line_1_105' title="bbox 575 5625 2128 5750; baseline -0.001 -71"><span class='ocrx_word' id='word_1_750' title='bbox 575 5626 676 5750; x_wconf 53' lang='lat'><strong>1:36,</strong></span> <span class='ocrx_word' id='word_1_751' title='bbox 701 5628 774 5680; x_wconf 90' lang='lat' dir='ltr'><strong>ait</strong></span> <span class='ocrx_word' id='word_1_752' title='bbox 793 5646 807 5682; x_wconf 83' lang='lat'><strong>:</strong></span> <span class='ocrx_word' id='word_1_753' title='bbox 827 5644 846 5678; x_wconf 80' lang='grc' dir='ltr'><strong>ι</strong></span> <span class='ocrx_word' id='word_1_754' title='bbox 871 5627 1054 5681; x_wconf 87' lang='lat' dir='ltr'><strong>Sancti</strong></span> <span class='ocrx_word' id='word_1_755' title='bbox 1086 5625 1357 5697; x_wconf 87' lang='lat' dir='ltr'><strong>Hippolyti</strong></span> <span class='ocrx_word' id='word_1_756' title='bbox 1383 5642 1452 5682; x_wconf 74' lang='lat' dir='ltr'><strong>ex</strong></span> <span class='ocrx_word' id='word_1_757' title='bbox 1479 5641 1730 5683; x_wconf 86' lang='lat' dir='ltr'><strong>sermone</strong></span> <span class='ocrx_word' id='word_1_758' title='bbox 1758 5629 1814 5682; x_wconf 91' lang='lat' dir='ltr'><strong>in</strong></span> <span class='ocrx_word' id='word_1_759' title='bbox 1842 5625 2128 5682; x_wconf 76' lang='lat' dir='ltr'><strong>exordium</strong></span> 
     </span>
     <span class='ocr_line' id='line_1_106' title="bbox 603 5711 1962 5750; baseline -0.003 -1"><span class='ocrx_word' id='word_1_760' title='bbox 603 5711 746 5750; x_wconf 65' lang='lat' dir='ltr'><strong>satae.</strong></span> <span class='ocrx_word' id='word_1_761' title='bbox 779 5714 799 5748; x_wconf 71' lang='grc' dir='ltr'><strong>ι</strong></span> <span class='ocrx_word' id='word_1_762' title='bbox 1958 5741 1962 5745; x_wconf 85' lang='grc'><strong>.</strong></span> 
     </span>
    </p>
   </div>
   <div class='ocr_carea' id='block_1_103' title="bbox 603 5711 1962 5750">
    <p class='ocr_par' dir='ltr' id='par_1_103' title="bbox 603 5711 1962 5750">
     <span class='ocr_line' id='line_1_107' title="bbox 603 5711 1962 5750; baseline -0.003 -1"><span class='ocrx_word' id='word_1_763' title='bbox 603 5713 658 5749; x_wconf 82' lang='lat' dir='ltr'><strong>sa</strong></span> <span class='ocrx_word' id='word_1_764' title='bbox 667 5711 746 5750; x_wconf 60' lang='grc'>18.</span> <span class='ocrx_word' id='word_1_765' title='bbox 779 5714 799 5748; x_wconf 71' lang='grc' dir='ltr'><strong>ι</strong></span> <span class='ocrx_word' id='word_1_766' title='bbox 1958 5741 1962 5745; x_wconf 86' lang='grc'><strong>.</strong></span> 
     </span>
    </p>
   </div>
   <div class='ocr_carea' id='block_1_104' title="bbox 644 5765 2125 5841">
    <p class='ocr_par' dir='ltr' id='par_1_104' title="bbox 644 5765 2125 5841">
     <span class='ocr_line' id='line_1_108' title="bbox 644 5765 2125 5841; baseline 0 -21"><span class='ocrx_word' id='word_1_767' title='bbox 644 5766 756 5835; x_wconf 76' lang='grc'>(95)</span> <span class='ocrx_word' id='word_1_768' title='bbox 795 5766 1021 5841; x_wconf 43' lang='lat' dir='ltr'><strong>Catena-</strong></span> <span class='ocrx_word' id='word_1_769' title='bbox 1041 5765 1188 5822; x_wconf 88' lang='lat' dir='ltr'><strong>Patr.</strong></span> <span class='ocrx_word' id='word_1_770' title='bbox 1230 5765 1572 5824; x_wconf 73' lang='lat' dir='ltr'><strong>Corderiante</strong></span> <span class='ocrx_word' id='word_1_771' title='bbox 1623 5767 1692 5824; x_wconf 87' lang='lat' dir='ltr'><strong>ad</strong></span> <span class='ocrx_word' id='word_1_772' title='bbox 1742 5765 1903 5824; x_wconf 75' lang='lat' dir='ltr'><strong>Luca:</strong></span> <span class='ocrx_word' id='word_1_773' title='bbox 1951 5781 2012 5835; x_wconf 86' lang='grc' dir='ltr'><strong>ιι,</strong></span> <span class='ocrx_word' id='word_1_774' title='bbox 2035 5765 2125 5834; x_wconf 80' lang='grc'><strong>15,</strong></span> 
     </span>
    </p>
   </div>
   <div class='ocr_carea' id='block_1_105' title="bbox 2228 4647 3427 4787">
    <p class='ocr_par' dir='ltr' id='par_1_105' title="bbox 2228 4647 3427 4787">
     <span class='ocr_line' id='line_1_109' title="bbox 2228 4647 3427 4787; baseline -0.006 -11"><span class='ocrx_word' id='word_1_775' title='bbox 2228 4647 2760 4787; x_wconf 39' lang='lat' dir='ltr'><strong>patgélgsilieronym.</strong></span> <span class='ocrx_word' id='word_1_776' title='bbox 2796 4715 3146 4787; x_wconf 72' lang='lat' dir='ltr'><strong>iu_Catalog.,</strong></span> <span class='ocrx_word' id='word_1_777' title='bbox 3183 4733 3304 4786; x_wconf 91' lang='lat' dir='ltr'><strong>cap.</strong></span> <span class='ocrx_word' id='word_1_778' title='bbox 3337 4717 3427 4771; x_wconf 85' lang='grc'><strong>61.</strong></span> 
     </span>
    </p>
   </div>
   <div class='ocr_carea' id='block_1_106' title="bbox 2299 4785 3792 4860">
    <p class='ocr_par' dir='ltr' id='par_1_106' title="bbox 2299 4785 3792 4860">
     <span class='ocr_line' id='line_1_110' title="bbox 2299 4785 3792 4860; baseline 0.003 -20"><span class='ocrx_word' id='word_1_779' title='bbox 2299 4785 2526 4860; x_wconf 10' lang='lat' dir='ltr'><strong>(95)7Le</strong></span> <span class='ocrx_word' id='word_1_780' title='bbox 2574 4785 2783 4859; x_wconf 80' lang='lat' dir='ltr'><strong>Moyne,</strong></span> <span class='ocrx_word' id='word_1_781' title='bbox 2846 4785 2970 4840; x_wconf 84' lang='lat' dir='ltr'><strong>Var.</strong></span> <span class='ocrx_word' id='word_1_782' title='bbox 3030 4785 3164 4853; x_wconf 57' lang='lat' dir='ltr'><strong>sam,</strong></span> <span class='ocrx_word' id='word_1_783' title='bbox 3219 4785 3340 4859; x_wconf 81' lang='lat' dir='ltr'><strong>pag.</strong></span> <span class='ocrx_word' id='word_1_784' title='bbox 3388 4786 3525 4841; x_wconf 84' lang='grc'>1010</span> <span class='ocrx_word' id='word_1_785' title='bbox 3554 4796 3608 4842; x_wconf 89' lang='lat' dir='ltr'><strong>et</strong></span> <span class='ocrx_word' id='word_1_786' title='bbox 3649 4805 3792 4860; x_wconf 89' lang='lat' dir='ltr'><strong>seq.,</strong></span> 
     </span>
    </p>
   </div>
   <div class='ocr_carea' id='block_1_107' title="bbox 2234 4859 3534 4997">
    <p class='ocr_par' dir='ltr' id='par_1_107' title="bbox 2234 4859 3534 4997">
     <span class='ocr_line' id='line_1_111' title="bbox 2234 4859 3534 4997; baseline 0.001 -16"><span class='ocrx_word' id='word_1_787' title='bbox 2234 4859 2662 4994; x_wconf 51' lang='grc' dir='ltr'><strong>ιοῗέὶδξιῖἶιιηίεη</strong></span> <span class='ocrx_word' id='word_1_788' title='bbox 2691 4922 2836 4981; x_wconf 89' lang='lat' dir='ltr'><strong>Lect.</strong></span> <span class='ocrx_word' id='word_1_789' title='bbox 2867 4926 3057 4996; x_wconf 90' lang='lat' dir='ltr'><strong>antiq.,</strong></span> <span class='ocrx_word' id='word_1_790' title='bbox 3087 4936 3216 4981; x_wconf 93' lang='lat' dir='ltr'><strong>tom.</strong></span> <span class='ocrx_word' id='word_1_791' title='bbox 3246 4926 3288 4993; x_wconf 88' lang='lat' dir='ltr'><strong>l,</strong></span> <span class='ocrx_word' id='word_1_792' title='bbox 3327 4943 3448 4997; x_wconf 89' lang='lat' dir='ltr'><strong>pag.</strong></span> <span class='ocrx_word' id='word_1_793' title='bbox 3482 4927 3534 4982; x_wconf 87' lang='lat'><strong>7.</strong></span> 
     </span>
    </p>
   </div>
   <div class='ocr_carea' id='block_1_108' title="bbox 2300 4996 3790 5104">
    <p class='ocr_par' dir='ltr' id='par_1_108' title="bbox 2300 4996 3790 5104">
     <span class='ocr_line' id='line_1_112' title="bbox 2300 4996 3790 5104; baseline 0.003 -55"><span class='ocrx_word' id='word_1_794' title='bbox 2300 4997 2411 5066; x_wconf 76' lang='lat'>(97)</span> <span class='ocrx_word' id='word_1_795' title='bbox 2449 4996 2730 5104; x_wconf 46' lang='lat' dir='ltr'><strong>Egaligerq</strong></span> <span class='ocrx_word' id='word_1_796' title='bbox 2753 4997 2904 5061; x_wconf 85' lang='lat' dir='ltr'><strong>ibid.,</strong></span> <span class='ocrx_word' id='word_1_797' title='bbox 2925 5013 3044 5067; x_wconf 89' lang='lat' dir='ltr'><strong>pag.</strong></span> <span class='ocrx_word' id='word_1_798' title='bbox 3063 4997 3148 5062; x_wconf 74' lang='grc'><strong>14,</strong></span> <span class='ocrx_word' id='word_1_799' title='bbox 3174 5007 3228 5052; x_wconf 92' lang='lat' dir='ltr'><strong>et</strong></span> <span class='ocrx_word' id='word_1_800' title='bbox 3246 4996 3385 5068; x_wconf 87' lang='lat' dir='ltr'><strong>apud</strong></span> <span class='ocrx_word' id='word_1_801' title='bbox 3405 4996 3630 5053; x_wconf 78' lang='lat' dir='ltr'><strong>Fabric.</strong></span> <span class='ocrx_word' id='word_1_802' title='bbox 3657 4997 3790 5053; x_wconf 86' lang='lat' dir='ltr'><strong>t&#39;bm.</strong></span> 
     </span>
    </p>
   </div>
   <div class='ocr_carea' id='block_1_109' title="bbox 2229 5066 3790 5208">
    <p class='ocr_par' dir='ltr' id='par_1_109' title="bbox 2229 5066 3790 5208">
     <span class='ocr_line' id='line_1_113' title="bbox 2229 5066 3790 5208; baseline 0.001 -18"><span class='ocrx_word' id='word_1_803' title='bbox 2229 5067 2270 5133; x_wconf 56' lang='lat' dir='ltr'><strong>l’</strong></span> <span class='ocrx_word' id='word_1_804' title='bbox 2299 5082 2424 5208; x_wconf 45' lang='grc' dir='ltr'><strong>ἓξὲξ.</strong></span> <span class='ocrx_word' id='word_1_805' title='bbox 2448 5066 2629 5208; x_wconf 51' lang='grc' dir='ltr'><strong>ῗίῗξιιθό</strong></span> <span class='ocrx_word' id='word_1_806' title='bbox 2661 5133 2788 5189; x_wconf 74' lang='lat' dir='ltr'><strong>Jesu</strong></span> <span class='ocrx_word' id='word_1_807' title='bbox 2835 5136 2887 5190; x_wconf 90' lang='lat' dir='ltr'><strong>in</strong></span> <span class='ocrx_word' id='word_1_808' title='bbox 2914 5135 3454 5208; x_wconf 86' lang='lat' dir='ltr'><strong>Catalog._librorum</strong></span> <span class='ocrx_word' id='word_1_809' title='bbox 3485 5137 3790 5193; x_wconf 74' lang='lat' dir='ltr'><strong>Cltaldwor.</strong></span> 
     </span>
    </p>
   </div>
   <div class='ocr_carea' id='block_1_110' title="bbox 2299 5141 3790 5277">
    <p class='ocr_par' dir='ltr' id='par_1_110' title="bbox 2299 5141 3790 5277">
     <span class='ocr_line' id='line_1_114' title="bbox 2321 5141 3790 5208; baseline 0.001 -18"><span class='ocrx_word' id='word_1_810' title='bbox 2321 5141 2408 5206; x_wconf 87' lang='lat'><strong>98)</strong></span> <span class='ocrx_word' id='word_1_811' title='bbox 2453 5141 2629 5190; x_wconf 83' lang='lat' dir='ltr'><strong>llehed</strong></span> <span class='ocrx_word' id='word_1_812' title='bbox 2661 5141 2788 5189; x_wconf 77' lang='lat' dir='ltr'><strong>Jesu</strong></span> <span class='ocrx_word' id='word_1_813' title='bbox 2835 5141 2887 5190; x_wconf 91' lang='lat' dir='ltr'><strong>in</strong></span> <span class='ocrx_word' id='word_1_814' title='bbox 2914 5141 3158 5208; x_wconf 87' lang='lat' dir='ltr'><strong>Catalog.</strong></span> <span class='ocrx_word' id='word_1_815' title='bbox 3199 5141 3454 5190; x_wconf 87' lang='lat' dir='ltr'><strong>librorum</strong></span> <span class='ocrx_word' id='word_1_816' title='bbox 3485 5141 3790 5193; x_wconf 68' lang='lat' dir='ltr'><strong>Chaldazor.</strong></span> 
     </span>
     <span class='ocr_line' id='line_1_115' title="bbox 2299 5141 3790 5277; baseline 0.001 -17"><span class='ocrx_word' id='word_1_817' title='bbox 2299 5141 2410 5276; x_wconf 64' lang='lat' dir='ltr'><strong>i99)</strong></span> <span class='ocrx_word' id='word_1_818' title='bbox 2449 5205 2690 5276; x_wconf 80' lang='lat' dir='ltr'><strong>Basuage</strong></span> <span class='ocrx_word' id='word_1_819' title='bbox 2737 5208 2879 5276; x_wconf 87' lang='lat' dir='ltr'><strong>apud</strong></span> <span class='ocrx_word' id='word_1_820' title='bbox 2929 5208 3107 5264; x_wconf 84' lang='lat' dir='ltr'><strong>Canis.</strong></span> <span class='ocrx_word' id='word_1_821' title='bbox 3160 5206 3305 5262; x_wconf 85' lang='lat' dir='ltr'><strong>Lect.</strong></span> <span class='ocrx_word' id='word_1_822' title='bbox 3339 5209 3532 5277; x_wconf 86' lang='lat' dir='ltr'><strong>antiq.,</strong></span> <span class='ocrx_word' id='word_1_823' title='bbox 3583 5217 3720 5264; x_wconf 89' lang='lat' dir='ltr'><strong>tom.</strong></span> <span class='ocrx_word' id='word_1_824' title='bbox 3750 5208 3790 5271; x_wconf 90' lang='grc' dir='ltr'><strong>Ι,</strong></span> 
     </span>
    </p>
   </div>
   <div class='ocr_carea' id='block_1_111' title="bbox 2228 5277 3613 5420">
    <p class='ocr_par' dir='ltr' id='par_1_111' title="bbox 2228 5277 3613 5420">
     <span class='ocr_line' id='line_1_116' title="bbox 2228 5277 3613 5420; baseline 0.004 -22"><span class='ocrx_word' id='word_1_825' title='bbox 2228 5277 2660 5420; x_wconf 41' lang='grc' dir='ltr'><strong>Ρθῗίΐέειὶπίς..</strong></span> <span class='ocrx_word' id='word_1_826' title='bbox 2685 5345 2897 5420; x_wconf 83' lang='lat' dir='ltr'><strong>Hippol.</strong></span> <span class='ocrx_word' id='word_1_827' title='bbox 2927 5345 3062 5420; x_wconf 91' lang='lat' dir='ltr'><strong>Opp.</strong></span> <span class='ocrx_word' id='word_1_828' title='bbox 3097 5356 3229 5402; x_wconf 92' lang='lat' dir='ltr'><strong>tom.</strong></span> <span class='ocrx_word' id='word_1_829' title='bbox 3263 5347 3304 5416; x_wconf 91' lang='lat' dir='ltr'><strong>l,</strong></span> <span class='ocrx_word' id='word_1_830' title='bbox 3335 5363 3458 5418; x_wconf 90' lang='lat' dir='ltr'><strong>pag.</strong></span> <span class='ocrx_word' id='word_1_831' title='bbox 3484 5347 3613 5403; x_wconf 72' lang='lat'><strong>280.</strong></span> 
     </span>
    </p>
   </div>
   <div class='ocr_carea' id='block_1_112' title="bbox 2302 5416 2722 5484">
    <p class='ocr_par' dir='ltr' id='par_1_112' title="bbox 2302 5416 2722 5484">
     <span class='ocr_line' id='line_1_117' title="bbox 2302 5416 2722 5484; baseline 0.005 -15"><span class='ocrx_word' id='word_1_832' title='bbox 2302 5416 2378 5484; x_wconf 72' lang='lat'>(2)</span> <span class='ocrx_word' id='word_1_833' title='bbox 2420 5417 2564 5469; x_wconf 85' lang='lat' dir='ltr'><strong>Idem</strong></span> <span class='ocrx_word' id='word_1_834' title='bbox 2596 5417 2722 5471; x_wconf 88' lang='lat' dir='ltr'><strong>ibid.</strong></span> 
     </span>
    </p>
   </div>
   <div class='ocr_carea' id='block_1_113' title="bbox 2322 5485 3223 5549">
    <p class='ocr_par' dir='ltr' id='par_1_113' title="bbox 2322 5485 3223 5549">
     <span class='ocr_line' id='line_1_118' title="bbox 2322 5485 3223 5549; baseline 0.004 -9"><span class='ocrx_word' id='word_1_835' title='bbox 2322 5485 2375 5549; x_wconf 80' lang='grc'>5)</span> <span class='ocrx_word' id='word_1_836' title='bbox 2416 5485 2798 5546; x_wconf 80' lang='lat' dir='ltr'><strong>Rivet..Critic.</strong></span> <span class='ocrx_word' id='word_1_837' title='bbox 2839 5487 2896 5542; x_wconf 87' lang='lat' dir='ltr'><strong>S.</strong></span> <span class='ocrx_word' id='word_1_838' title='bbox 2923 5489 3016 5543; x_wconf 84' lang='lat' dir='ltr'><strong>lih.</strong></span> <span class='ocrx_word' id='word_1_839' title='bbox 3051 5503 3112 5549; x_wconf 89' lang='lat' dir='ltr'><strong>ll,</strong></span> <span class='ocrx_word' id='word_1_840' title='bbox 3138 5489 3223 5544; x_wconf 89' lang='grc'><strong>11.</strong></span> 
     </span>
    </p>
   </div>
   <div class='ocr_carea' id='block_1_114' title="bbox 2299 5495 3742 5696">
    <p class='ocr_par' dir='ltr' id='par_1_114' title="bbox 2299 5495 3742 5696">
     <span class='ocr_line' id='line_1_119' title="bbox 2322 5495 3223 5555; baseline 0.004 -15"><span class='ocrx_word' id='word_1_841' title='bbox 2322 5495 2375 5555; x_wconf 72' lang='grc' dir='ltr'>ὃ)</span> <span class='ocrx_word' id='word_1_842' title='bbox 2417 5495 2798 5546; x_wconf 73' lang='lat' dir='ltr'><strong>ttivet..t;rnic.</strong></span> <span class='ocrx_word' id='word_1_843' title='bbox 2839 5495 3016 5543; x_wconf 69' lang='lat' dir='ltr'><strong>5.1m.</strong></span> <span class='ocrx_word' id='word_1_844' title='bbox 3051 5503 3112 5549; x_wconf 82' lang='grc' dir='ltr'><strong>ιι.</strong></span> <span class='ocrx_word' id='word_1_845' title='bbox 3138 5495 3223 5544; x_wconf 86' lang='grc' dir='ltr'><strong>ιι.</strong></span> 
     </span>
     <span class='ocr_line' id='line_1_120' title="bbox 2299 5495 3742 5696; baseline 0.001 -88"><span class='ocrx_word' id='word_1_846' title='bbox 2299 5495 2373 5696; x_wconf 47' lang='lat'><strong>34)</strong></span> <span class='ocrx_word' id='word_1_847' title='bbox 2400 5557 2652 5656; x_wconf 44' lang='lat' dir='ltr'><strong>’Fab‘ric?</strong></span> <span class='ocrx_word' id='word_1_848' title='bbox 2683 5569 2811 5644; x_wconf 78' lang='lat' dir='ltr'><strong>tom.</strong></span> <span class='ocrx_word' id='word_1_849' title='bbox 2845 5558 3033 5660; x_wconf 47' lang='grc' dir='ltr'><strong>Ιροβρζ</strong></span> <span class='ocrx_word' id='word_1_850' title='bbox 3064 5557 3355 5628; x_wconf 88' lang='lat' dir='ltr'><strong>Hippolyt.,</strong></span> <span class='ocrx_word' id='word_1_851' title='bbox 3371 5574 3509 5681; x_wconf 53' lang='grc' dir='ltr'><strong>ἕεις.</strong></span> <span class='ocrx_word' id='word_1_852' title='bbox 3535 5557 3664 5612; x_wconf 71' lang='grc'>282.</span> <span class='ocrx_word' id='word_1_853' title='bbox 3729 5629 3742 5639; x_wconf 36' lang='grc'>⁸</span> 
     </span>
     <span class='ocr_line' id='line_1_121' title="bbox 2321 5626 3742 5696; baseline 0.003 -17"><span class='ocrx_word' id='word_1_854' title='bbox 2321 5626 2374 5696; x_wconf 85' lang='grc'><strong>5)</strong></span> <span class='ocrx_word' id='word_1_855' title='bbox 2416 5627 2642 5696; x_wconf 17' lang='grc' dir='ltr'><strong>ῼδαικει,</strong></span> <span class='ocrx_word' id='word_1_856' title='bbox 2672 5645 2851 5692; x_wconf 74' lang='grc' dir='ltr'><strong>πασας</strong></span> <span class='ocrx_word' id='word_1_857' title='bbox 2887 5628 2971 5692; x_wconf 65' lang='lat' dir='ltr'><strong>ta;</strong></span> <span class='ocrx_word' id='word_1_858' title='bbox 2996 5630 3016 5680; x_wconf 89' lang='grc' dir='ltr'>Ι</span> <span class='ocrx_word' id='word_1_859' title='bbox 3041 5632 3236 5696; x_wconf 70' lang='grc' dir='ltr'>ραφάς.</span> <span class='ocrx_word' id='word_1_860' title='bbox 3265 5631 3341 5682; x_wconf 91' lang='lat' dir='ltr'><strong>lta</strong></span> <span class='ocrx_word' id='word_1_861' title='bbox 3413 5630 3611 5696; x_wconf 81' lang='lat' dir='ltr'><strong>caltger</strong></span> <span class='ocrx_word' id='word_1_862' title='bbox 3644 5630 3742 5696; x_wconf 86' lang='lat' dir='ltr'><strong>Iegt</strong></span> 
     </span>
    </p>
   </div>
   <div class='ocr_carea' id='block_1_115' title="bbox 2321 5626 3787 5700">
    <p class='ocr_par' dir='ltr' id='par_1_115' title="bbox 2321 5626 3787 5700">
     <span class='ocr_line' id='line_1_122' title="bbox 2321 5626 3787 5700; baseline 0.001 -21"><span class='ocrx_word' id='word_1_863' title='bbox 2321 5626 2374 5696; x_wconf 86' lang='lat'><strong>5)</strong></span> <span class='ocrx_word' id='word_1_864' title='bbox 2400 5626 2540 5700; x_wconf 74' lang='grc' dir='ltr'><strong>’ῼδαὶ</strong></span> <span class='ocrx_word' id='word_1_865' title='bbox 2557 5630 2645 5700; x_wconf 59' lang='grc' dir='ltr'><strong>εἰς</strong></span> <span class='ocrx_word' id='word_1_866' title='bbox 2672 5629 2851 5692; x_wconf 74' lang='grc' dir='ltr'>πάσας</span> <span class='ocrx_word' id='word_1_867' title='bbox 2875 5626 2971 5692; x_wconf 61' lang='grc' dir='ltr'><strong>τὰς</strong></span> <span class='ocrx_word' id='word_1_868' title='bbox 2996 5626 3236 5700; x_wconf 58' lang='grc' dir='ltr'>Γραφάς.</span> <span class='ocrx_word' id='word_1_869' title='bbox 3262 5626 3341 5682; x_wconf 78' lang='lat' dir='ltr'><strong>Ita</strong></span> <span class='ocrx_word' id='word_1_870' title='bbox 3371 5626 3611 5700; x_wconf 78' lang='lat' dir='ltr'><strong>Scaliger</strong></span> <span class='ocrx_word' id='word_1_871' title='bbox 3644 5629 3787 5700; x_wconf 88' lang='lat' dir='ltr'><strong>legit.</strong></span> 
     </span>
    </p>
   </div>
   <div class='ocr_carea' id='block_1_116' title="bbox 2231 5694 3792 5769">
    <p class='ocr_par' dir='ltr' id='par_1_116' title="bbox 2231 5694 3792 5769">
     <span class='ocr_line' id='line_1_123' title="bbox 2231 5694 3792 5769; baseline 0.001 -18"><span class='ocrx_word' id='word_1_872' title='bbox 2231 5694 2498 5769; x_wconf 73' lang='lat' dir='ltr'><strong>Edmund.</strong></span> <span class='ocrx_word' id='word_1_873' title='bbox 2533 5694 2857 5769; x_wconf 66' lang='lat' dir='ltr'><strong>Bernardus</strong></span> <span class='ocrx_word' id='word_1_874' title='bbox 2905 5694 3480 5754; x_wconf 45' lang='lat' dir='ltr'><strong>etnit&#39;tit&#39;vocabulum</strong></span> <span class='ocrx_word' id='word_1_875' title='bbox 3523 5694 3718 5769; x_wconf 72' lang='grc' dir='ltr'><strong>ᾯδαί,’</strong></span> <span class='ocrx_word' id='word_1_876' title='bbox 3736 5706 3792 5769; x_wconf 76' lang='lat' dir='ltr'><strong>et</strong></span> 
     </span>
    </p>
   </div>
   <div class='ocr_carea' id='block_1_117' title="bbox 2231 5766 3791 5838">
    <p class='ocr_par' dir='ltr' id='par_1_117' title="bbox 2231 5766 3791 5838">
     <span class='ocr_line' id='line_1_124' title="bbox 2231 5766 3791 5838; baseline -0.001 -17"><span class='ocrx_word' id='word_1_877' title='bbox 2231 5766 2357 5838; x_wconf 82' lang='lat' dir='ltr'><strong>legit</strong></span> <span class='ocrx_word' id='word_1_878' title='bbox 2402 5768 2481 5830; x_wconf 78' lang='grc' dir='ltr'><strong>εἰς</strong></span> <span class='ocrx_word' id='word_1_879' title='bbox 2519 5767 2735 5833; x_wconf 78' lang='grc' dir='ltr'><strong>ἁπάσας</strong></span> <span class='ocrx_word' id='word_1_880' title='bbox 2783 5769 2880 5832; x_wconf 81' lang='grc' dir='ltr'><strong>τὰς</strong></span> <span class='ocrx_word' id='word_1_881' title='bbox 2923 5768 3175 5838; x_wconf 79' lang='grc' dir='ltr'><strong>Γραφάς,</strong></span> <span class='ocrx_word' id='word_1_882' title='bbox 3224 5771 3307 5824; x_wconf 77' lang='lat' dir='ltr'><strong>vel</strong></span> <span class='ocrx_word' id='word_1_883' title='bbox 3353 5771 3430 5833; x_wconf 74' lang='grc' dir='ltr'><strong>εἰς</strong></span> <span class='ocrx_word' id='word_1_884' title='bbox 3461 5766 3664 5837; x_wconf 73' lang='grc' dir='ltr'><strong>Δανιὴλ</strong></span> <span class='ocrx_word' id='word_1_885' title='bbox 3694 5766 3791 5823; x_wconf 71' lang='grc' dir='ltr'><strong>καὶ</strong></span> 
     </span>
    </p>
   </div>
  </div>
