3986 6358
250 273 349 332 5:9

802 391 1200 448 ARTlCULllS
1247 392 1312 447 ll.

341 503 418 542 νε
456 502 597 542 Αιιιδ
635 502 974 542 FMGIEN'I'IS
1019 503 1088 542 ετ
1129 503 1383 543 OPEBIBUS
1419 503 1738 544 DEPERDI'I‘IS

845 572 895 613 8.
925 572 1231 612 HIPPOLYTI.

307 666 340 742 ἦ
377 666 426 722 l.
463 667 593 723 Alia
625 668 731 722 duo
773 668 1029 739 opuscula
1055 667 1114 723 S.
1137 666 1414 739 Hippolyti
1456 668 1521 721 de
1552 667 1780 721 Pascha.

310 758 527 815 Praeter
547 758 768 830 Cyclum
800 759 1121 831 paschalem,
1149 759 1216 814 de
1245 775 1356 830 quo
1380 761 1543 829 paulo
1575 758 1829 828 superius

245 850 654 919 disseruimus,
685 851 953 908 Eusebius
1002 861 1057 907 et
1103 852 1160 906 S.
1187 849 1550 923 Hieronymus
1598 849 1676 922 (6)
1723 849 1829 906 alia

243 946 414 1001 etiam
462 946 577 1000 duo
629 945 893 1015 opuscula
942 953 1133 1000 sancto
1174 941 1466 1014 Hippolyto
1524 943 1591 998 de
1643 930 1830 997 eadem

243 1039 484 1092 materia
516 1036 820 1092 ascribunt.
841 1033 1306 1102 Quemadmodum
1333 1034 1390 1088 hi
1419 1035 1712 1104 scriptores
1740 1033 1830 1088 illa

247 1131 318 1185 ab
350 1129 595 1184 invicem
641 1128 819 1198 palam
854 1127 1216 1197 distinguunt,
1251 1126 1328 1181 ita
1369 1135 1424 1182 et
1451 1141 1552 1181 nos
1578 1135 1701 1196 post
1727 1142 1826 1182 eos

243 1223 593 1293 distinguere
609 1222 887 1277 debemus.
906 1219 961 1274 In
977 1221 1150 1290 primo
1166 1220 1358 1275 borum
1378 1233 1599 1289 operum
1613 1229 1834 1274 sanctus

246 1309 583 1381 Hippolytus
605 1311 836 1366 adnrnat
857 1310 1286 1380 cbronologiam,
1313 1325 1475 1378 quam
1503 1309 1570 1364 ad
1598 1309 1830 1380 primum

244 1418 422 1472 usque
460 1403 678 1472 imperii
705 1402 992 1457 Alexandri
1023 1401 1207 1456 Severi
1245 1416 1447 1457 annum
1505 1401 1744 1466 deducit,
1778 1401 1831 1455 id

242 1503 322 1547 est
363 1509 549 1564 usque
585 1493 652 1548 ad
703 1509 906 1549 annum
951 1494 1054 1547 222
1100 1508 1221 1548 εει-ω
1259 1493 1606 1549 Christianae.
1670 1492 1830 1548 Juxta

246 1584 550 1640 Eusebium
584 1584 871 1639 constituit
904 1583 957 1636 in
983 1599 1049 1638 eo
1073 1583 1384 1638 describere
1411 1583 1486 1652 (7)
1522 1591 1827 1653 temporum

244 1678 468 1742 seriem,
521 1677 710 1730 habito
755 1686 940 1730 tamen
985 1691 1200 1745 semper
1245 1683 1491 1745 respectu
1531 1675 1598 1730 ad
1623 1673 1832 1732 Pascha

1230 273 1318 329 DE
1357 271 1518 329 VITA
1553 271 1641 327 ET
1677 271 1985 328 SCRIPTIS
2019 272 2079 328 S.
2121 269 2502 327 HIPPOLYTI.

3387 277 3490 330 550

1867 393 2125 456 Acilium
2176 393 2229 447 in
2267 391 2536 447 Laterano
2580 408 2724 446 anno
2775 392 2879 447 649
2928 392 3259 447 celebratum
3312 393 3508 457 allegat

1938 483 2226 552 quemdam
2264 482 2442 537 locum
2466 483 2707 537 homiliie
2736 482 2909 539 sancti
2939 481 3211 554 Hippolyti
3243 483 3297 538 in
3328 482 3514 539 Domi-

1940 574 2118 629 nicam
2141 573 2364 629 Pascha:
2391 574 2522 643 (10).

2039 682 2067 750 §
2110 683 2170 738 ll.
2193 683 2266 738 De
2297 686 2697 747 resurrectione,
2733 683 3084 756 S.Hippolyti
3115 696 3400 743 tractatus.

2005 773 2240 830 Sanctus
2272 774 2636 847 Hieronymus
2671 776 2782 844 (11)
2842 779 3306 834 enumerationem
3368 781 3508 835 seri-

1934 876 2151 937 ptorum
2201 866 2260 922 S.
2287 866 2560 938 Hippolyti
2599 867 2910 934 instituens,
2957 867 3130 924 eidem
3162 870 3386 925 ascribit
3438 872 3508 925 li-

1932 960 2094 1015 brum
2146 960 2224 1014 De
2257 969 2661 1014 resurrectione.
2733 956 2848 1014 Hoc
2880 961 3200 1028 opusculum
3239 962 3293 1016 in
3323 963 3508 1019 tabula

1932 1051 2119 1105 Graeca
2177 1039 2425 1105 notatum
2487 1049 2762 1116 reperitur
2816 1049 2923 1103 hoc
2979 1049 3081 1104 sub
3131 1049 3309 1113 titulo,
3363 1054 3508 1110 unde

1935 1139 2155 1194 uberior
2189 1138 2378 1193 notitia
2408 1137 2613 1192 hauriri
2644 1144 2859 1207 potest:
2893 1136 3027 1208 Περὶ
3060 1120 3152 1190 ὂῨ
3181 1139 3274 1191 καὶ
3306 1139 3508 1210 σαρκὸς

1935 1230 2302 1294 ἀναστάσεως,
2336 1229 2415 1284 De
2440 1229 2547 1283 Deo
2581 1239 2628 1282 et
2657 1228 2833 1282 carnis
2883 1230 3278 1283 resurrectione.
3315 1223 3504 1284 Fabri?-

1935 1321 2054 1375 cius
2077 1319 2189 1391 (12)
2223 1328 2276 1374 et
2305 1318 2622 1375 Gallaudius
2656 1316 2897 1372 referunt
2940 1316 3303 1387 fragmentum
3332 1319 3508 1374 sancti

1934 1410 2211 1481 Hippolyti
2251 1410 2318 1464 de
2360 1409 2466 1463 hac
2522 1406 2771 1472 materia,
2817 1406 2964 1476 quod
3007 1422 3074 1461 ex
3104 1407 3391 1462 Anastasio
3422 1406 3510 1462 Si-

1933 1503 2081 1556 naita
2123 1502 2575 1571 desumpserunt,
2608 1497 2701 1568 qui
2749 1499 2880 1553 illud
2922 1498 3026 1554 sub
3053 1499 3157 1552 hoc
3187 1499 3342 1553 titulo
3374 1499 3506 1555 alle-

1934 1591 2082 1661 gavit
2126 1610 2138 1645 :
2173 1589 2250 1644 De
2268 1589 2643 1643 resurrectione
2667 1599 2715 1642 et
2739 1589 3124 1658 incorruptione
3167 1589 3300 1659 (1'5).
3350 1588 3509 1644 llunc

1936 1693 2228 1739 tractatum
2253 1681 2328 1736 De
2352 1682 2461 1735 Deo
2489 1691 2536 1735 et
2569 1681 2743 1735 carnis
2777 1681 3153 1736 resurrectione
3180 1695 3369 1737 contra
3404 1681 3507 1737 Be-
3575 1701 3594 1714 ι

247 1784 344 1841 pro
414 1768 747 1823 inveniendo
816 1769 1074 1824 nimirum
1136 1768 1497 1823 delcrmillalo
1561 1777 1822 1839 tempore.
1863 1747 1905 1806 Β
1933 1776 2114 1831 rillum
2145 1785 2198 1830 et
2227 1774 2439 1828 Arabas
2475 1773 2836 1843 compositum
2885 1773 3060 1843 primo
3098 1773 3400 1828 crediderat
3435 1774 3503 1828 cl.

247 1876 354 1929 quo
401 1859 540 1914 illud
591 1860 975 1915 celebrandum
1021 1869 1185 1926 esset.
1237 1860 1412 1931 Atque
1451 1871 1735 1931 preplerea
1768 1861 1822 1915 in

249 1953 440 2006 eodem
478 1966 649 2021 opere
681 1952 964 2022 proposuit
991 1952 1200 2024 cyclum
1227 1952 1499 2007 sexdecim
1531 1967 1818 2007 annorum.

252 2042 374 2098 Haec
411 2042 560 2098 forte
589 2041 946 2114 Clironologia
979 2044 1108 2098 illud
1153 2043 1414 2114 scriptum
1447 2052 1558 2110 est,
1591 2043 1734 2114 quod
1771 2045 1825 2098 in

251 2136 432 2190 tabula
489 2134 680 2190 Graeca
735 2135 824 2190 his
879 2134 1125 2190 terminis
1184 2146 1403 2190 notatur
1452 2155 1465 2189 :
1529 2136 1825 2203 Ἀπόδειξις

248 2227 457 2298 χρόνων
490 2224 587 2279 τοῦ
614 2226 827 2296 Πάσχα,
856 2225 1242 2280 Demonstratio
1273 2235 1560 2296 temporum
1585 2225 1819 2281 Pascluv.

315 2317 786 2388 Sapientissimus
818 2315 1194 2373 Tillemontius
1229 2317 1304 2389 (8)
1348 2319 1490 2373 hanc
1534 2317 1823 2373 Chronolo-

249 2411 394 2480 giam
419 2408 492 2462 ab
519 2407 629 2462 alio
662 2407 867 2478 scripto
895 2407 962 2462 de
985 2408 1174 2462 eadem
1210 2409 1433 2463 materia
1465 2407 1825 2480 distinguens,

247 2503 334 2556 cui
366 2510 423 2556 et
454 2500 656 2556 indidit
689 2514 887 2555 nomen
901 2499 1169 2567 Cltronici,
1203 2499 1381 2571 inquit
1433 2502 1576 2571 quod
1607 2509 1828 2558 sanctus

250 2590 582 2664 Hippolytus
625 2591 869 2661 designet
915 2592 1019 2646 hoc
1059 2591 1114 2644 in
1160 2606 1321 2661 opere
1354 2590 1621 2648 Paschata
1673 2592 1828 2662 juxta

248 2684 476 2754 regulas
523 2683 662 2754 cyeli
712 2682 836 2746 sui;
890 2682 1072 2737 subdit
1121 2698 1339 2752 quoque
1397 2684 1542 2753 quod
1608 2696 1828 2740 sanctus

247 2781 441 2827 noster
485 2772 733 2843 posuerit
761 2772 828 2826 ad
859 2773 1017 2826 linem
1059 2773 1294 2826 tabulam
1336 2773 1580 2839 dierum,
1631 2775 1830 2845 quibus

248 2865 516 2921 credebat
557 2865 916 2934 imposterum
965 2863 1232 2934 agendum
1283 2879 1404 2919 esse
1431 2863 1658 2932 Pascha,
1704 2879 1800 2935 per

249 2957 486 3012 durante
537 2956 765 3011 deﬁnito
823 2969 1088 3010 annorum
1143 2970 1392 3009 numero.
1477 2953 1592 3011 [loc
1636 2955 1830 3026 ipsum

250 3049 395 3104 forte
447 3047 510 3103 S-
556 3046 922 3120 Hieronymus
977 3046 1055 3118 (9)
1112 3047 1470 3117 sequentibus
1542 3048 1831 3119 indigitare

249 3145 426 3197 Voluit
462 3141 649 3196 verbis
683 3157 697 3192 :
746 3117 1024 3194 [lationem
1046 3139 1271 3195 Pascha:
1312 3117 1701 3211 temporumque
1733 3157 1827 3193 ca-
1854 3117 1902 3179 ο

251 3251 415 3289 nam
442 3234 657 3302 scripsit
689 3233 792 3302 (sc.
823 3231 1201 3303 Hippolytus);
1237 3221 1340 3287 hcc
1369 3232 1550 3302 itaque
1574 3248 1712 3302 opus
1739 3232 1827 3286 in-

256 3339 474 3395 tegrum
520 3324 908 3382 verosimiliter
956 3324 1415 3394 complectebatur
1461 3337 1600 3393 opus
1629 3323 1696 3377 de
1723 3321 1827 3377 Pa-

261 3423 407 3477 seba.

331 3531 626 3601 Postquam
674 3528 938 3584 Eusebius
983 3536 1038 3582 et
1083 3535 1306 3583 sanctus
1355 3525 1717 3596 Hieronymus
1763 3525 1830 3581 de

271 3623 447 3678 labore
496 3622 553 3677 S.
587 3620 862 3691 Hippolyti
908 3620 960 3673 in
1004 3619 1322 3674 adornanda
1373 3619 1582 3672 calculo
1627 3627 1832 3686 tempo—

276 3729 390 3767 rum
418 3714 578 3768 relate
609 3714 676 3766 ad
703 3711 910 3766 Pascha
959 3711 1125 3765 locuti
1175 3708 1344 3775 fuere,
1391 3718 1553 3779 atque
1594 3710 1832 3780 plurium

273 3805 494 3858 aliorum
531 3819 762 3874 operum
815 3801 988 3857 sancti
1038 3803 1209 3855 nostri
1273 3801 1458 3856 titulos
1511 3803 1830 3869 retulerunt,

265 3897 548 3950 observant
612 3894 792 3948 adhuc
837 3894 981 3948 aliud
1033 3893 1277 3962 ejusdem
1320 3893 1582 3963 scriptum
1635 3893 1704 3948 de
1732 3891 1836 3948 Pa-

264 3993 422 4056 scha;
461 4005 530 4044 an
571 4003 703 4044 vero
749 3989 852 4041 hoc
899 3986 1040 4041 idem
1089 3986 1162 4043 sit
1207 4001 1332 4042 cum
1361 3986 1640 4052 Chronico,
1691 3989 1836 4057 quod

262 4083 644 4140 Tillemontius
697 4095 727 4134 a
757 4078 1111 4149 Chronologia
1157 4078 1478 4148 distinguit?
1535 4079 1614 4133 vel
1655 4081 1838 4149 potius

261 4184 528 4232 tractatus
591 4171 788 4242 aliquis
847 4171 1071 4226 moralis
1129 4171 1196 4226 de
1239 4169 1550 4226 Pascbate'.‘
1612 4172 1839 4227 historia

258 4269 394 4323 nihil
425 4266 598 4322 nobis
630 4262 902 4334 peculiare
924 4261 992 4317 de
1025 4261 1128 4317 hoc
1166 4261 1634 4327 subministrante,
1659 4263 1838 4319 deter-

259 4359 460 4416 minari
490 4357 699 4427 nequit.
727 4353 840 4410 Iloe
863 4353 1208 4410 solummodo
1244 4352 1470 4414 scimus,
1501 4353 1646 4420 quod
1701 4368 1837 4407 con-

1925 1867 1976 1922 le
2005 1865 2260 1936 Moynius
2301 1864 2416 1936 (14)
2448 1902 2465 1929 ,
2512 1879 2575 1918 ea
2628 1863 2918 1918 admodum
2975 1864 3181 1919 incerta
3251 1847 3508 1919 inductus

1934 1959 2211 2029 Opinione,
2247 1957 2389 2026 quod
2425 1966 2648 2012 sanctus
2679 1965 2866 2012 noster
2889 1955 3179 2025 episcopus
3225 1955 3280 2010 in
3308 1955 3508 2011 Arabia

1933 2050 2305 2120 episcopatum
2335 2046 2581 2118 gesserit,
2608 2046 2790 2117 ibique
2814 2047 2903 2103 diu
2937 2046 3146 2101 vixerit.
3204 2046 3310 2101 Sed
3339 2048 3504 2116 paulo

1925 2142 2066 2196 infra
2110 2141 2223 2210 (15)
2273 2147 2479 2193 mutata
2513 2137 2798 2204 sententia,
2835 2137 3045 2193 censuit
3089 2153 3183 2207 per
3209 2147 3503 2192 tractatum

1926 2229 2194 2302 Hippolyti
2219 2229 2353 2300 Περὶ
2383 2227 2515 2281 Θεοῦ
2551 2228 2645 2282 καὶ
2675 2228 3020 2292 ἀναστάσεως
3051 2227 3273 2299 σαρκός,
3306 2227 3506 2282 intelli-

1927 2323 2159 2394 gendum
2206 2337 2328 2377 esse
2375 2319 2522 2375 illius
2575 2335 2713 2389 opus
2769 2319 2906 2390 πρὸς
2950 2319 3272 2390 Μαρκίωνα,
3323 2334 3508 2374 contra

1931 2412 2279 2468 Marcionem.
2359 2410 2602 2481 Scaliger
2663 2420 2886 2465 econtra
2938 2409 3194 2480 Opinatur
3247 2425 3346 2480 per
3403 2411 3508 2465 hoc

1931 2517 2073 2572 opus
2118 2501 2389 2572 indigitari
2437 2502 2638 2556 librum
2676 2500 2752 2554 De
2794 2501 2998 2554 duabus
3045 2503 3248 2556 naturis
3284 2501 3506 2566 Christi,

1931 2608 2093 2664 quem
2141 2591 2210 2646 ab
2241 2589 2530 2662 Hippolyto
2556 2586 2946 2658 'conscriptum
2991 2585 3161 2643 fuisse
3193 2597 3384 2642 auctor
3418 2600 3504 2642 cst

1932 2683 2312 2740 'l‘heodoretus
2343 2682 2475 2753 (16).
2511 2679 2713 2736 Verum
2745 2681 2888 2735 haud
2941 2679 3073 2736 satis
3120 2681 3504 2750 perspicimus,

1930 2791 2167 2847 quanam
2236 2775 2560 2844 cegnatione
2627 2772 2814 2843 opinio
2882 2771 3141 2843 Scaligeri
3212 2780 3267 2826 et
3317 2771 3507 2826 titulus

1932 2867 2097 2938 hujus
2123 2866 2327 2937 operis,
2351 2865 2417 2920 de
2448 2881 2557 2935 quo
2598 2863 2830 2935 agimus,
2883 2863 3288 2919 contineantur.
3319 2861 3506 2918 Potius

1936 2957 2246 3013 verosimile
2292 2956 2448 3010 nobis
2481 2954 2696 3009 videtur
2744 2954 2812 3010 cl.
2849 2955 3174 3024 Basnagium
3226 2953 3504 3010 laudatum

1932 3065 2071 3120 Opus
2102 3064 2224 3106 cum
2253 3049 2360 3103 alio
2388 3049 2455 3104 de
2483 3049 2859 3103 incarnatione
2887 3046 3222 3103 confudisse.

2147 3162 2175 3234 ς
2216 3162 2303 3218 111.
2347 3163 2630 3218 Tractatus
2665 3171 2849 3216 contra
2882 3177 3058 3215 omnes
3087 3161 3328 3216 Imrcses.

1947 3267 1953 3275 ’
2000 3275 2292 3332 Testantur
2346 3275 2617 3332 Eusebius
2651 3275 2762 3345 (17)
2791 3285 2957 3344 atque
3001 3273 3362 3346 Hieronymus
3393 3275 3506 3346 (18)

1929 3364 2211 3434 scripsisse
2256 3363 2315 3420 S.
2339 3363 2694 3435 Hippolytum
2756 3372 3049 3418 tractatum
3097 3375 3283 3418 contra
3329 3382 3507 3418 onum

1935 3457 2178 3521 hereses,
2217 3457 2322 3512 hoc
2364 3465 2447 3511 est
2484 3457 2603 3512 sine
2640 3455 2828 3518 dubio,
2861 3466 2920 3510 ut
2961 3456 3253 3511 observant
3277 3455 3506 3511 Maurini

1930 3549 2100 3602 nostri
2137 3547 2272 3617 (19),
2320 3555 2509 3602 contra
2561 3562 2750 3602 omnes
2800 3548 3034 3604 biereses
3088 3563 3211 3618 quae
3243 3562 3310 3601 ex
3367 3543 3510 3602 Orco

1932 3641 2253 3710 prodierunt
2305 3654 2336 3693 a
2382 3648 2622 3709 tempore
2671 3637 2945 3693 S.lrenaei
3005 3653 3176 3707 usque
3232 3639 3299 3694 ad
3349 3653 3507 3694 suam

1935 3738 2166 3783 aetatem.
2201 3733 2247 3782 Α
2275 3729 2458 3784 multis
2488 3729 2609 3783 aliis
2634 3729 2872 3798 antiquis
2903 3729 3221 3784 auctoribus
3245 3727 3359 3798 (20)
3397 3729 3503 3783 hoc

1934 3833 2070 3886 opus
2108 3818 2210 3872 sub
2250 3817 2470 3872 nomine
2525 3816 2581 3871 S.
2611 3816 2881 3888 Hippolyti
2933 3819 3159 3873 citatum
3211 3818 3506 3887 reperitur,

1933 3906 2222 3976 Photiique
2263 3914 2422 3960 aetate
2454 3905 2632 3961 adhuc
2668 3920 2884 3974 quoque
2929 3905 3198 3969 exstabat,
3237 3903 3330 3974 qui
3363 3903 3509 3960 istud

1937 3998 2131 4068 legisse
2159 3997 2513 4066 eomperitur.
2548 3996 2622 4052 De
2666 3996 2758 4051 illo
2786 3995 2934 4050 enim
2971 4009 3069 4066 pro
3099 4010 3249 4050 more
3290 4010 3392 4049 suo
3415 3995 3507 4064 ju-

1938 4089 2139 4142 dicium
2185 4103 2343 4143 suum
2389 4087 2510 4142 tulit
2543 4087 2628 4143 his
2659 4087 2840 4142 verbis
2866 4085 2978 4157 (21)
3003 4101 3018 4139 :
3046 4085 3232 4141 lectus
3264 4095 3341 4139 est
3375 4085 3512 4154 Hip-

1941 4181 2102 4251 polyti
2137 4180 2366 4246 libellus,
2407 4180 2498 4250 qui
2527 4177 2720 4232 Irenwi
2763 4176 3058 4247 discipulus
3105 4177 3226 4246 fuit.
3276 4176 3373 4230 Est
3415 4177 3512 4230 hoc

1943 4270 2182 4322 volumen
2216 4268 2461 4322 adversus
2499 4270 2718 4323 hrcrescs
2756 4268 2888 4321 duas
2925 4276 2976 4321 et
3015 4267 3267 4337 triginta,
3311 4267 3512 4337 faciens

1948 4358 2163 4411 initium
2205 4374 2238 4410 a
2265 4356 2624 4424 Desit/tennis,
2653 4366 2702 4411 et
2741 4359 2797 4410 in
2822 4355 2992 4412 Noeto
3027 4373 3090 4410 ac
3113 4354 3394 4411 Noetianis
3421 4356 3514 4411 de-

260 4498 441 4560 πὰσας
475 4496 576 4560 τὰς
601 4495 843 4566 Γραφάς.
877 4493 1116 4548 Thomas
1145 4492 1343 4546 Galeus
1377 4491 1688 4566 [erudiat
1735 4508 1820 4566 am

2018 4492 2097 4566 (8)
2133 4489 2446 4566 Iillemont,
2475 4488 2746 4566 M_émoir.,
2785 4498 2917 4543 tom.
2947 4487 3035 4552 lll,
3068 4503 3189 4558 pag.
3222 4487 3343 4540 105.

261 4570 539 4640 plectitur,
589 4561 944 4640 intelligitque
993 4573 1048 4640 c_t
1090 4566 1206 4640 ipse
1244 4561 1668 4640 cuiiiScaligei-o
1700 4565 1830 4640 edas

259 4631 312 4694 et
350 4637 606 4693 carmina
664 4636 716 4689 in
762 4631 950 4688 omnes
1005 4633 1060 4686 S.
1090 4632 1383 4702 Scriptura:
1431 4631 1619 4702 libros.
1651 4634 1830 4702 qualia

261 4710 436 4764 multa
470 4721 620 4761 nunc
651 4713 866 4760 exstant
892 4704 1076 4759 Graece
1123 4701 1392 4772 prabeipue
1438 4703 1492 4756 in
1521 4701 1831 4772 Evangelia,

257 4789 313 4834 et
340 4777 641 4848 Epistolas,
674 4785 728 4830 et
751 4773 1016 4848 Psalmos.
1068 4773 1418 4848 LeMoynius
1463 4781 1620 4842 putat
1663 4772 1836 4842 legen-

257 4843 404 4904 dum.
441 4861 566 4902 esse
598 4847 680 4908 ei;
715 4845 895 4907 πάσας
925 4844 1023 4907 τὰς
1051 4843 1319 4914 αἱρέσεις,
1362 4863 1379 4894 ι
1412 4853 1599 4914 contra
1643 4857 1836 4914 eximes

261 4920 521 4974 haereses.
560 4935 580 4967 ι
613 4915 739 4978 Sed,
768 4915 949 4983 judice
981 4911 1178 4977 Cavea,
1220 4913 1292 4967 ita
1327 4913 1536 4966 ratione
1572 4911 1838 4980 quidlibet

259 5005 324 5043 ex
355 4987 606 5058 quolibet
641 4986 789 5058 nullo
825 4984 1042 5058 negotio
1069 4984 1335 5051 exsculpi,
1364 4991 1420 5038 et
1447 4983 1714 5054 quadrata
1742 4997 1834 5037 ro-

261 5054 452 5114 tundis
479 5056 776 5121 permutari
818 5054 1074 5108 facillime
1105 5063 1329 5121 queunt.

333 5129 414 5196 (6)
451 5122 698 5180 «Eodem
731 5135 971 5194 tempore
1003 5133 1057 5178 et
1087 5122 1405 5196 Hippolytus
1434 5123 1574 5196 inter
1604 5124 1837 5196 plurima

263 5193 404 5253 alia'
436 5195 638 5264 ingenii
690 5196 776 5251 sui
824 5193 1176 5249 monumenta
1204 5231 1219 5255 ,
1272 5194 1470 5264 librum
1521 5193 1597 5247 De
1625 5194 1838 5249 Pascha

265 5263 602 5338 composuit,
637 5266 690 5319 in
723 5281 833 5335 quo
865 5273 1171 5338 temporum
1211 5267 1407 5318 seriem
1439 5263 1754 5338 describens
1786 5275 1839 5320 et

265 5333 536 5396 candncm
567 5333 859 5404 quemdam
894 5333 1201 5404 paschalem
1237 5349 1332 5402 per
1360 5334 1634 5390 sexdecim
1661 5349 1837 5389 anno-

267 5425 390 5463 rum
437 5408 707 5462 circulum
754 5405 1040 5467 exhibens,
1089 5417 1235 5458 anno
1281 5404 1459 5472 primo
1495 5404 1839 5474 imperatoris

269 5478 564 5534 Alexandri
613 5475 1074 5544 computationem
1126 5482 1431 5542 temporum
1485 5475 1838 5531 circumscri-

273 5549 372 5604 bit.
425 5547 506 5603 Ex
533 5547 760 5616 reliquis
789 5553 982 5616 autem
1008 5544 1174 5616 itﬁus
1195 5544 1414 5613 scriptis
1449 5544 1838 5616 haeserit"...

275 5619 341 5673 de
369 5617 602 5674 Pascha.
640 5613 668 5668 ι’
699 5615 898 5670 Euseb.
936 5613 1006 5668 Η.
1041 5613 1103 5669 Ε.
1143 5614 1237 5668 lib.
1264 5629 1339 5679 vn,
1376 5629 1492 5683 cap.
1520 5615 1612 5681 22;
1647 5613 1841 5672 Hiero-

278 5704 494 5758 nymus,
529 5687 825 5758 Descript.
875 5685 1082 5750 eccles.,
1113 5684 1166 5738 in
1197 5683 1460 5754 Catalog.,
1495 5701 1614 5756 cap.
1645 5685 1735 5740 61.

349 5758 428 5819 171
464 5757 666 5814 Euseb.
701 5756 742 5809 l.
774 5769 824 5808 c.

592 5853 865 5912 Parnm.
917 5847 1030 5909 Gn.
1079 5847 1158 5922 Χ.

2012 4563 2090 4631 (9)
2132 4561 2473 4631 Hieronym.,
2515 4561 2552 4613 1.
2586 4576 2637 4631 c_._

2015 4626 2126 4712 €19)
2167 4626 2406 4712 Eebﬁéu
2439 4629 2576 4712 Opp-
2606 4627 2878 4712 !!ipp9|yt-
2917 4638 3052 4682 tom.
3073 4626 3128 4712 II,-
3158 4642 3279 4696 pag.
3307 4627 3406 4681 εει

2037 4699 2122 4771 11)
2166 4699 2573 4771 11ἱθινοιιγιηίὶη
2608 4699 2877 4771 (Σαιαιρςν
2918 4713 3042 4771 c_ap_._
3071 4699 3159 4771 61.

2037 4704 2122 4771 11)
2166 4704 2482 4770 llieronym.
2520 4704 2573 4754 in
2608 4704 2877 4822 CataloZ"
2918 4713 3038 4766 cap.
3071 4704 3159 4751 61.

1935 4704 2121 4896 49ἓ12)
2162 4770 2402 4837 Fabrie.,
2439 4771 2476 4826 l.
2506 4785 2580 4837 c.,
2614 4769 2784 4839 pag.2
2825 4769 2888 4834 4;
2928 4767 3202 4832 Gallaud.,
3234 4768 3270 4822 1.
3301 4780 3354 4822 c.
3386 4785 3508 4840 pag.

2008 4864 2060 4899 ἱ).

2027 4911 2140 4982 (15)
2164 4911 2430 4982 _Anastas.
2464 4907 2692 4982 Siuaita,
2736 4908 2788 4961 in
2816 4905 3073 4982 Hodego_,_
3090 4922 3211 4978 pag.
3245 4909 3369 4982 550.

2010 4976 2130 5049 (14)
2161 4980 2235 5035 Le
2270 4980 2482 5049 Moyue,
2511 4977 2633 5031 Var.
2664 4994 2839 5049 sacra,
2870 4976 3001 5033 toni.
3032 4976 3104 5045 ll,’
3129 4976 3250 5049 pag.
3282 4976 3439 5034 1112.

2010 5048 2123 5121 (15)
2163 5051 2311 5121 idem
2341 5048 2496 5112 ibid.,
2530 5063 2654 5121 pag;
2685 5048 2846 5121 1115.

2010 5056 2100 5121 (15
2163 5056 2311 5104 Idem
2342 5056 2496 5112 ibid.,
2530 5063 2648 5117 pag.
2685 5056 2846 5102 1115.

2010 5056 2123 5191 (16;
2163 5119 2409 5191 Scaliger
2443 5119 2587 5191 apud
2616 5116 2830 5191 Fabric.
2865 5115 3070 5191 tom._l_,
3098 5133 3220 5189 pag.
3251 5119 3340 5173 88.

2011 5186 2124 5259 (17)
2165 5186 2401 5251 Euseb.,
2435 5186 2606 5259 11.73.
2625 5188 2737 5259 _lib.
2759 5203 2816 5259 y,
2849 5203 2969 5256 cap.
2997 5187 3088 5243 22.

2010 5257 2124 5328 (18)
2160 5259 2474 5331 Hieronym.
2520 5258 2575 5312 in
2608 5257 3026 5331 Catalog.,_cap.
3053 5259 3143 5313 6|.

2010 5326 2125 5400 (19)
2166 5326 2405 5387 Histoire
2428 5329 2688 5382 littéraire
2713 5328 2778 5382 de
2804 5329 2859 5382 la
2881 5326 3108 5390 France,
3145 5338 3279 5383 tom.
3307 5326 3348 5389 Ι,
3383 5340 3506 5394 pag.

1939 5404 2066 5460 585.

1995 5472 2126 5543 "(20)
2153 5470 2588 5543 Βιωφελέσταῖσν
2609 5467 3148 5543 σιξγτᾳγιὲα-ςψιτρῐίειι
3174 5466 3514 5543 Nicephorus

1947 5537 2027 5599 Il.
2055 5537 2120 5597 ΕΖ
2163 5537 2368 5608 111).ἰν,
2420 5556 2469 5594 c.
2506 5540 2596 5594 51.
2657 5539 2778 5593 V'id.
2831 5537 3114 5608 Tillemout
3142 5579 3156 5601 ,
3211 5538 3512 5608 Memoires,

1942 5606 2501 5736 ang.0ltllg,ap‘iag.'107,
2538 5620 2591 5665 et
2622 5609 2835 5664 Fabric.
2868 5606 3085 5681 llippul.
3143 5619 3276 5663 tom.
3306 5607 3354 5680 1⁹
3387 5622 3509 5681 pag.

1983 5685 2047 5736 25
2080 5692 2134 5736 et
2157 5682 2284 5735 2‘25.

2016 5753 2130 5808 (21)
2170 5751 2356 5821 Pbot.,
2390 5750 2510 5808 cod.
2550 5764 2674 5804 cxxr
2702 5747 2950 5803 Bibliotii.

3129 5846 3197 5900 ιι
