3942 6346
479 269 585 326 535

1453 271 1537 324 DE
1575 271 1733 326 VITA
1767 270 1856 324 ET
1897 271 2206 327 SCRIPTIS
2264 274 2323 328 S.
2358 271 2738 333 HlPPOl.YTl.

3615 291 3711 348 3'50

477 387 744 457 polytum.
808 383 913 442 Sed
964 387 1156 451 nobis,
1211 387 1388 456 inquit
1437 387 1508 441 cl.
1568 385 1789 443 Samuel
1839 386 2040 442 Basna-
2079 394 2272 448 Aearn
2325 405 2652 460 personam,
2701 396 2790 449 cui
2830 395 3062 465 epistola
3113 397 3209 452 illa
3258 398 3555 470 perscripta
3606 403 3718 462 fuit.

479 476 602 547 gius
636 476 773 545 (55),
809 486 990 530 tamen
1021 490 1131 530 non
1163 477 1339 546 placet
1365 477 1544 532 audax
1578 477 1668 531 illa
1691 477 1872 542 crisis,
1906 492 2048 547 quae,

477 565 625 620 nulla
645 572 870 635 cogente
885 565 1442 632 necessitate,veteres
1457 575 1633 622 mutat
1650 568 2048 637 inscriptiones.

480 653 807 721 Severinum,
841 669 952 709 non
1005 653 1250 709 Severum
1281 655 1444 710 habet
1471 671 1714 712 marmor
1756 655 2047 728 Hippolyti.

478 745 672 804 Severa
696 762 971 815 vero,non
995 745 1265 813 Seuerino,
1280 745 1532 818 Philippo
1556 763 1697 804 uxor
1723 747 1844 803 fuit.
1865 747 2052 819 Neque

477 837 532 892 in
557 853 833 894 marmore
863 837 1074 909 vestigii
1102 846 1186 893 est
1211 838 1558 908 aliquid,quo
1572 837 1847 911 Augustea
1869 840 2050 910 digni-

475 938 588 985 tate
623 938 875 984 ornatam
899 928 1070 984 fuisse
1099 927 1400 985 Severinum
1431 929 1771 1000 colligamus,
1795 933 1939 1003 quod
1969 942 2050 987 ta-

476 1037 599 1078 men
614 1021 1072 1078 oblivionidatum
1100 1037 1209 1077 non
1233 1021 1444 1078 fuisset.
1468 1021 1738 1080 Incertum
1759 1026 1946 1090 etiam,
1979 1041 2048 1081 an

474 1115 542 1169 ad
567 1113 801 1185 Philippi
821 1114 1106 1184 imperium
1131 1128 1327 1183 usque,
1361 1129 1538 1172 annos
1567 1113 1889 1188 Hippolytus
1919 1135 2050 1176 suos

472 1207 793 1262 extenderit.
850 1207 1071 1261 Addunt
1122 1205 1346 1277 insuper
1399 1206 1628 1263 Maurini
1688 1210 1863 1265 nostri
1912 1211 2047 1281 (56),

472 1299 693 1356 etiamsi
726 1299 1101 1355 Theodoretus
1133 1299 1263 1355 citet
1290 1300 1600 1370 epiStolam,
1631 1302 1729 1358 abs
1757 1301 2048 1375 Hippolyto

472 1390 538 1444 ad
571 1390 810 1460 reginam
839 1391 1131 1460 quamdam
1172 1392 1551 1463 perscriptam,
1579 1408 1648 1448 ex
1681 1394 1786 1450 hoc
1814 1407 1923 1450 non
1955 1411 2048 1451 sev

469 1483 583 1552 qui,
629 1485 772 1553 quod
821 1497 918 1553 per
947 1498 1065 1538 eam
1097 1483 1384 1554 epistolam
1414 1485 1509 1540 illa
1556 1486 1904 1556 intelligenda
1952 1489 2043 1554 sit,

468 1593 590 1650 quae
620 1577 688 1632 ad
729 1575 1044 1632 Severinam
1073 1584 1296 1631 exarata
1329 1575 1449 1633 fuit.
1488 1576 1723 1634 Sanctus
1755 1579 1899 1633 enim
1931 1581 2047 1650 epi-

468 1684 670 1738 scopus
700 1678 890 1722 noster
917 1665 982 1720 ad
1013 1665 1199 1736 plures
1224 1681 1509 1736 personas,
1532 1668 1646 1724 sive
1668 1668 1904 1737 reginas,
1931 1670 2045 1725 sive

2155 480 2443 536 Annalium
2485 499 2684 554 parens
2711 485 2894 542 Caesar
2935 486 3206 544 Baronius
3244 489 3362 561 (60)
3391 490 3588 547 Juliam
3613 494 3716 552 Ma-

2154 587 2344 628 maaam
2387 574 2791 646 intelligendam
2825 592 2947 634 esse
2984 579 3306 635 arbitratur.
3356 579 3451 637 Hae
3491 585 3716 645 virorum

2152 665 2438 722 doctorum
2471 670 2753 724 sententiae
2786 671 2933 725 circa
2967 671 3395 742 inscriptionem
3426 675 3586 745 hujus
3612 682 3716 750 epi-

2151 753 2327 809 stolae.
2357 752 2625 812 Caeterum
2671 772 2738 813 ex
2766 757 2870 814 hac
2908 759 3161 830 epistola,
3201 777 3330 832 quae
3368 765 3571 834 pariter
3598 782 3719 826 aeta-

2152 852 2260 898 tem
2289 852 2532 901 nostram
2565 863 2674 903 non
2706 849 2849 914 tulit,
2882 850 2993 906 duo
3021 852 3184 910 nobis
3212 851 3526 925 fragmenta
3555 857 3720 915 Theo-

2149 936 2374 994 doretus
2397 939 2613 1011 dialogo
2635 942 2876 998 secundo
2898 952 2952 999 et
2973 946 3134 1000 tertio
3155 949 3488 1016 asservavit,
3512 949 3720 1024 legenda

2149 1028 2293 1098 apud
2322 1028 2667 1086 Gallandium
2697 1031 2835 1104 (6i).

2505 1123 2533 1194 §
2583 1122 2645 1178 ll.
2676 1122 2933 1195 Epistolte
2981 1125 3043 1182 S.
3074 1125 3384 1197 Hippolyti.

2222 1213 2492 1269 Eusebius
2531 1212 2644 1286 (62)
2672 1223 2905 1271 testatur
2936 1231 2996 1272 se
3028 1219 3235 1274 multas
3266 1219 3469 1285 legisse
3511 1221 3569 1278 S.
3603 1221 3718 1296 [lip-

2150 1305 2319 1376 polyti
2346 1305 2557 1362 litteras
2583 1306 2637 1360 in
2673 1305 3009 1364 Bibliotheca
3038 1309 3106 1364 ab
3131 1311 3450 1366 Alexandro
3484 1312 3721 1373 Hieroso-

2150 1397 2419 1466 lymorum
2449 1397 2707 1468 episcopo
2751 1399 2954 1454 ibidem
2986 1400 3276 1456 adornata.
3308 1402 3418 1457 Sed
3445 1413 3632 1472 praeter
3654 1409 3719 1462 il-

2150 1491 2256 1545 lam
2284 1490 2351 1545 ad
2385 1490 2692 1546 Severinum
2723 1492 2777 1546 in
2809 1493 3072 1549 laterculo
3101 1504 3379 1560 notatam,
3415 1505 3470 1552 et
3501 1512 3532 1552 a
3557 1497 3716 1555 Theo-

2148 1584 2338 1639 doreto
2380 1584 2684 1650 laudatam,
2721 1586 2871 1641 velut
2902 1587 2967 1640 ad
3003 1587 3250 1656 reginam
3279 1589 3576 1658 quamdam
3604 1609 3714 1662 per-

2148 1670 2426 1740 scriptam,
2449 1671 2516 1725 de
2542 1687 2648 1741 qua
2671 1673 2834 1742 paulo
2857 1683 2981 1728 ante
3001 1675 3395 1740 disseruimus,
3420 1679 3488 1732 de
3509 1680 3715 1750 reliquis

470 1763 628 1828 alias,
649 1758 894 1817 exaravit
923 1758 1150 1814 litteras.
1181 1759 1459 1830 Siquidem
1500 1761 1640 1816 inter
1661 1761 1782 1832 ejus
1818 1763 2040 1833 scripta,
2078 1743 2118 1796 Β
2148 1763 2318 1818 altum
2346 1764 2489 1834 apud
2517 1765 2775 1835 antiquos
2793 1767 3088 1836 scriptores
3116 1768 3430 1825 silentium.
3449 1743 3714 1828 Fabricius

467 1869 588 1924 quae
614 1863 840 1908 sanctus
861 1851 1167 1908 Alexander
1196 1849 1728 1923 Hierosolymitanus
1754 1853 2041 1923 episc0pus

466 1945 739 2001 indefessa
792 1959 923 2001 cura
975 1959 1076 2016 pro
1126 1945 1506 2016 locupletanda
1552 1961 1652 2000 sua
1708 1945 2038 2002 bibliotheca

467 2039 779 2110 collegerat,
809 2039 1015 2094 mentio
1064 2038 1122 2092 Iit
1153 2038 1219 2093 de
1260 2037 1456 2093 litteris
1501 2037 1558 2092 S.
1593 2037 1888 2111 Hippolyti,
1922 2049 2041 2094 tan-

467 2145 630 2200 quam
655 2129 708 2183 in
735 2127 1056 2184 fasciculum
1079 2129 1322 2185 collectis
1341 2129 1475 2202 (57).
1492 2129 1642 2186 Adde
1659 2132 1806 2201 quod
1832 2132 2036 2187 nullum

466 2229 848 2289 argumentum
875 2219 1161 2285 habeatur,
1177 2235 1242 2274 ex
1266 2234 1376 2290 quo
1393 2221 1572 2290 colligi
1595 2223 1768 2290 possit
1789 2231 2037 2278 sanctum

406 2327 408 2330 '
465 2320 710 2366 nostrum
757 2311 898 2365 ultra
953 2311 1243 2380 imperium
1296 2310 1481 2366 Severi
1530 2313 1823 2368 Alexandri
1869 2316 2034 2369 vitam

463 2403 821 2475 protendissc.
839 2400 1177 2472 Quapropter
1202 2403 1272 2458 cl.
1299 2401 1509 2458 Caveus
1535 2404 1646 2474 (58)
1674 2405 1750 2459 ait
1776 2405 1872 2462 :Si
1903 2407 2036 2474 Hip-

463 2499 628 2568 polyti
679 2508 890 2552 wtutem
933 2512 1158 2563 eousque
1201 2497 1508 2564 protrahere
1554 2495 1741 2550 durius
1775 2498 2034 2563 videatur,

461 2593 531 2646 ad
567 2591 859 2646 Alexandri
910 2588 1087 2645 Severi
1132 2605 1385 2655 sororem,
1419 2587 1513 2642 aut
1561 2603 1625 2642 ea:
1669 2588 1782 2658 ejus
1826 2591 2036 2658 familia

462 2682 698 2758 atll‘juam
725 2685 949 2756 epistola
970 2685 1079 2740 [nec
1101 2701 1204 2738 non
1237 2683 1374 2738 male
1402 2685 1591 2755 referri
1611 2693 1800 2755 potest.
1827 2684 2036 2743 Doctis-

459 2779 633 2833 simus
657 2776 896 2834 Jacobus
925 2776 1226 2847 Basnagius
1267 2775 1405 2846 (59),
1439 2777 1532 2847 qui
1565 2776 1707 2832 hanc
1751 2777 2036 2833 dimculta-

461 2879 566 2924 tem
599 2869 823 2926 uberius
851 2868 1230 2940 explicandam
1276 2868 1539 2939 suscepit,
1579 2869 1739 2939 longe
1769 2867 1945 2924 abfuit
1977 2881 2036 2925 ut

458 2975 577 3015 eam
614 2959 870 3021 solveret,
901 2957 996 3013 sed
1030 2957 1215 3027 potius
1244 2958 1419 3022 auxit,
1457 2957 1588 3012 dum
1616 2958 1810 3013 statuit
1835 2959 1902 3013 ad
1931 2958 2032 3015 Ze-

459 3053 676 3107 nobiam
735 3053 976 3123 reginam
1033 3050 1299 3121 Palmyrre
1343 3065 1486 3116 eam,
1522 3051 1589 3106 de
1637 3067 1746 3122 qua
1798 3052 2031 3122 agimus,

462 3145 729 3201 direxisse
750 3145 1060 3214 epistolam.
1088 3143 1219 3209 Quae
1242 3144 1484 3214 profecto
1511 3143 1694 3213 opinio
1717 3159 1822 3198 non
1855 3144 2033 3200 solum

461 3238 606 3294 nullo
653 3236 845 3292 nititur
873 3244 1214 3306 argumento,
1251 3236 1345 3290 sed
1384 3236 1534 3289 omni
1565 3235 1729 3290 etiam
1765 3236 2036 3291 verisimi-

459 3331 684 3387 litudine
704 3339 872 3387 caret.
909 3331 980 3386 Ut
1001 3329 1146 3384 enim
1179 3327 1574 3398 probabilitatis
1605 3329 1836 3398 speciem
1866 3329 2033 3385 habe-

457 3433 561 3491 ret,
591 3439 812 3480 necesse
834 3422 972 3477 foret
1005 3431 1064 3477 ut
1091 3421 1147 3475 S.
1181 3419 1522 3492 Hippolytus,
1556 3419 1619 3476 D.
1655 3419 1853 3476 lrentei
1886 3437 2033 3477 anno

387 3543 399 3560 ι
457 3518 564 3572 202
618 3515 860 3573 defuncti
901 3515 1226 3584 discipulus,
1260 3514 1423 3566 vitam
1459 3513 1816 3582 protraxisset
1860 3529 2033 3585 usque

351 3597 358 3603 ’
460 3613 525 3668 ad
558 3610 846 3681 imperium
886 3609 1162 3663 Aureliani
1201 3606 1571 3676 imperatoris,
1607 3621 1738 3661 ann.
1787 3622 1864 3662 sc.
1903 3607 2029 3674 ςΞἹΟ,

459 3722 568 3773 quo
618 3703 877 3758 nimirum
941 3711 1181 3772 tempore
1248 3699 1486 3754 Zenobia
1548 3716 1776 3771 regnare
1840 3702 2027 3772 erepit.

455 3790 712 3861 Quinimo
740 3791 822 3845 vel
847 3790 1260 3859 supponendum
1305 3800 1468 3854 esset,
1499 3789 1791 3844 Zenobiam
1825 3806 2025 3845 nomen

454 3884 618 3938 etiam
655 3881 929 3937 Severinae
957 3881 1213 3952 gessisse,
1246 3881 1328 3935 vel
1368 3879 1596 3935 omnino
1631 3880 1922 3950 rejicienda
1949 3881 2029 3937 fo-

457 3986 537 4032 ret
585 3975 887 4045 inscriptio,
916 3980 976 4028 ut
1020 3973 1177 4040 falsa,
1209 3988 1332 4044 qua:
1383 3973 1486 4027 hoc
1536 3974 1754 4029 nomine
1797 3975 2030 4044 appellat

529 4135 645 4206 (55)
664 4133 897 4206 Samuel
921 4132 1186 4206 BasnAaAg‘e,
1211 4130 1408 4186 Annal.
1422 4130 1575 4201 polit.
1599 4132 1806 4197 eccles.,
1827 4131 2026 4201 tom.ll,

461 4202 582 4275 pag.
601 4205 746 4275 7289,
783 4204 848 4256 ad
865 4218 1017 4275 ann.
1048 4202 1174 4256 222.

529 4265 641 4343 (‘36)
696 4272 931 4326 Histoire
979 4272 1241 4326 litte’raire
1297 4271 1360 4326 de
1393 4271 1447 4324 la
1521 4270 1750 4334 France,
1804 4279 1935 4328 tum.
1985 4265 2042 4339 l,‘

461 4361 515 4415 p.
549 4345 654 4399 589
690 4353 744 4415 et
777 4357 892 4415 seq.

539 4414 652 4485 (57)
679 4409 919 4485 Cusebll
933 4415 1004 4467 Η.
1038 4409 1104 4485 ξ.
1141 4411 1235 4464 lib.
1258 4426 1330 4476 vi,
1358 4411 1602 4485 (ηιμ-20.

528 4479 642 4554 (58)
673 4483 836 4550 Cave,
871 4481 1018 4536 Hist.
1045 4481 1300 4542 litterar.,
1331 4479 1463 4536 tom.
1490 4480 1530 4563 l',
1557 4497 1678 4604 pag.
1714 4479 1835 4536 105.

528 4556 639 4604 (339)
699 4553 815 4604 Jac.
877 4553 1143 4604 Basnaae.
1194 4552 1335 4604 anud
1389 4552 1569 4604 Canis.
1670 4561 1769 4604 ect.
1826 4573 1835 4604 ι

528 4551 653 4677 (39)¹
699 4553 815 4608 Jac.
870 4553 1143 4678 E[gasnagm
1194 4552 1335 4621 apud
1389 4552 1569 4607 Canis.
1624 4551 1769 4605 Lect.
1826 4551 2026 4621 antiq.,

528 4643 595 4678 ιιι.
664 4641 836 4678 .nae.
910 4663 923 4676 .

463 4635 595 4680 tom.
635 4635 675 4678 Ι.
713 4641 836 4680 ωε.
870 4635 923 4678 ὅ.

529 4643 595 4679 In.
635 4641 675 4678 ι.
713 4641 836 4694 pug.
870 4641 923 4678 δ.

529 4698 640 4762 ((50)
674 4695 870 4748 Baron.
907 4695 972 4748 ad
1009 4708 1137 4747 ann.
1165 4692 1292 4753 2°29,
1328 4706 1478 4747 num.
1515 4690 1605 4745 10.

431 4815 445 4832 ,
528 4761 638 4836 (lii)
667 4764 1097 4836 Gallltllqulﬂlllf
1127 4764 1168 4836 ll
1197 4763 1332 4816 Bibl.
1361 4762 1505 4828 ΡΡ.,
1541 4778 1660 4836 pag.
1688 4761 1816 4817 499.

527 4833 640 4906 (6‘2)
676 4835 900 4906 Euseb"
931 4833 1003 4906 ll.
1148 4835 1241 4886 lib.
1280 4847 1490 4906 \'I,_rnp
1518 4833 1603 4885 ‘20.

536 4902 913 4985 a_bric.,
949 4905 1010 4985 S2
1032 4903 1318 4985 llippolyt.
1349 4902 1650 4985 Qppntom.
1688 4902 1749 4964 ΙΙ,
1778 4919 1902 4985 pag.
1936 4902 2024 4955 52.

526 4972 640 5045 (64)
658 4974 726 5031 Ut
740 4976 973 5045 lectores
985 4972 1199 5030 facilius
1205 4972 1469 5044 judicium
1485 4972 1625 5045 ferre
1645 4972 1876 5045 possint,
1900 4988 2027 5038 num

457 5043 574 5104 loca
605 5043 703 5102 abs
728 5044 937 5101 Joanne
969 5043 1312 5100 Antiocheno
1345 5045 1471 5099 divo
1504 5043 1797 5114 Hippolyto
1833 5053 2025 5098 nostro

455 5119 716 5188 ascripta,
753 5116 880 5188 huic
921 5129 1120 5188 magno
1150 5115 1422 5188 episcopo
1443 5115 1552 5188 sint
1592 5117 1780 5188 digna,
1803 5115 1897 5188 vel
1929 5127 2026 5183 po-

457 5200 564 5244 tius
601 5183 631 5241 Ξι
664 5187 898 5242 sectario
943 5183 1212 5240 haereseos
1239 5183 1586 5255 Eutychianae
1608 5183 1717 5239 sint
1742 5183 2026 5255 fabricata,

457 5261 558 5313 tria
604 5257 752 5312 illius
803 5257 920 5311 loca
966 5257 1055 5310 hic
1095 5256 1284 5309 afferre
1317 5254 1524 5324 integra
1573 5270 1750 5324 opera:
1793 5254 2027 5324 pretium

456 5344 578 5383 esse
609 5328 890 5387 duximus.
927 5345 945 5378 ι
983 5325 1040 5380 S.
1071 5324 1712 5396 l-lippolytusgllomanus
1741 5327 2027 5393 episcopus

459 5400 510 5452 in
544 5408 776 5455 tractatu
813 5401 1078 5452 adversus
1124 5394 1219 5451 eos
1262 5394 1357 5464 qui
1407 5394 1726 5464 impugnant
1775 5398 2030 5450 incaruao

458 5472 662 5523 tionem
689 5467 848 5524 Verbi
883 5467 976 5521 Dei
1022 5467 1093 5521 ob
1114 5466 1732 5521 consubstantialitatem
1758 5465 1876 5532 ejus
1901 5479 2027 5519 cum

459 5538 618 5594 Patre
662 5557 677 5594 :
713 5559 732 5591 ι
779 5537 957 5609 Virgo,
1000 5538 1094 5601 ait,
1127 5536 1497 5609 cumpeperit
1529 5551 1748 5609 corpus,
1791 5534 2024 5609 Verbum

465 5629 482 5658 ς
531 5624 748 5679 quoque
803 5603 1028 5677 peperit,
1072 5616 1127 5663 et
1177 5603 1378 5662 idcirco
1421 5614 1504 5660 est
1555 5603 1820 5679 Deipara;
1854 5603 2024 5658 Judazi

467 5699 485 5730 ι
531 5677 768 5748 quoque,
802 5696 923 5732 cum
956 5679 1342 5748 crucilixerunt
1377 5677 2027 5748 _corpus,rcrucilixcrunt

466 5770 485 5802 ι
531 5745 701 5805 Deum
759 5750 1022 5816 Verbum;
1059 5762 1234 5820 neque
1263 5746 1540 5804 distinetio
1572 5747 1678 5801 ulla
1715 5748 1851 5802 inter
1898 5745 2024 5800 Vero

2151 1854 2314 1910 refert
2340 1855 2454 1927 (65)
2491 1857 2727 1927 aliquem
2764 1858 2945 1913 locum
2977 1859 3226 1930 epistolae
3253 1862 3535 1932 synodalis
3564 1862 3713 1918 Joan-

2147 1947 2234 2002 nis
2279 1947 2603 2003 Antioeheni
2660 1949 2729 2004 ad
2785 1949 3038 2006 Mennam
3093 1952 3532 2008 Alexandrinum
3581 1971 3710 2011 anno

2146 2037 2348 2092 Christi
2375 2037 2479 2093 968
2505 2040 2742 2110 scriptae,
2777 2040 2870 2095 ubi
2900 2041 3101 2098 citatur
3120 2043 3360 2113 epistola
3394 2045 3566 2100 sancti
3593 2044 3710 2115 Hip-

2146 2129 2313 2200 polyti
2350 2130 2416 2185 ad
2465 2139 2716 2186 sanctum
2765 2133 3080 2204 Dionysium
3124 2135 3346 2206 Cypriae
3382 2137 3706 2208 episcopum;

2144 2236 2208 2274 ex
2241 2237 2350 2290 qua
2381 2219 2620 2278 Joannes
2642 2222 3019 2281 Antiochenus
3039 2226 3267 2282 adducit
3295 2227 3478 2282 locum
3513 2229 3578 2283 ad
3597 2243 3710 2297 pro-

2147 2313 2380 2387 bandam
2429 2313 2644 2368 unicam
2679 2314 2732 2368 in
2760 2315 2978 2370 Christo
3023 2325 3283 2371 naturam
3315 2330 3444 2386 post
3470 2318 3706 2373 incarna-

2144 2402 2368 2456 tionem.
2397 2400 2600 2458 Verum
2639 2402 2878 2460 Joannes
2919 2407 3300 2463 Antiochenus
3334 2424 3517 2479 parva:
3544 2410 3608 2464 ad
3635 2410 3708 2464 fa-

2142 2495 2386 2549 ciendam
2439 2496 2598 2550 ﬁdem
2651 2497 2993 2553 auctoritatis
3043 2508 3126 2553 est
3184 2499 3314 2564 vir;
3367 2515 3468 2556 nec
3523 2500 3702 2556 desunt

2143 2595 2481 2656 argumenta,
2515 2601 2580 2641 ex
2608 2589 2810 2657 quibus
2843 2588 3100 2644 credibile
3133 2590 3213 2656 lit,
3248 2590 3429 2659 ipsum
3459 2589 3704 2645 Joannem

2144 2681 2305 2751 hujus
2353 2681 2618 2750 epistolae,
2649 2690 2814 2751 atque
2861 2682 2986 2748 loci,
3017 2683 3071 2736 i-n
3120 2699 3234 2753 quo
3270 2694 3459 2755 aperte
3502 2685 3704 2741 heresis

2143 2772 2482 2844 Eutychiana
2510 2774 2843 2842 continetur,
2875 2784 3154 2831 auctorem
3205 2792 3330 2833 esse
3383 2787 3543 2848 atque
3589 2793 3705 2832 con-

2153 2867 2544 2922 sarcinatorem
2595 2867 2727 2938 (64).
2759 2866 2894 2923 Nam
2923 2863 3291 2941 praeterquam
3323 2873 3471 2942 quod
3513 2872 3703 2940 cpisco-

2145 2974 2250 3028 pus
2279 2956 2489 3029 Cypria:
2515 2959 2736 3014 nomine
2763 2959 3058 3031 Dionysius
3084 2963 3289 3017 saeculo
3306 2963 3496 3018 sancti
3521 2960 3701 3031 [lippo-

2142 3052 2235 3121 lyti
2262 3051 2452 3106 nullibi
2481 3046 3068 3122 reperiatur,’doctrina
3083 3054 3251 3109 etiam
3268 3071 3337 3111 ex
3360 3055 3462 3110 hac
3483 3055 3700 3124 epistol:

2140 3144 2372 3214 allegata
2398 3143 2682 3200 sententiis
2709 3143 2876 3214 hujus
2900 3145 3076 3201 sancti
3109 3147 3374 3218 martyris
3402 3162 3434 3203 e
3457 3147 3704 3201 diametro

2137 3234 2388 3304 opposita
2438 3235 2730 3290 invenitur.
2766 3231 2868 3290 Hic
2908 3236 3055 3290 enim
3102 3235 3158 3290 in
3187 3236 3452 3306 pluribus
3497 3249 3703 3305 operum

2136 3341 2362 3380 suorum
2391 3326 2529 3382 locis
2567 3326 2730 3397 paulo
2754 3326 2984 3384 inferius
3015 3327 3369 3400 proferendis
3394 3329 3530 3385 duas
3563 3336 3705 3382 natu-

2136 3435 2226 3474 ras
2287 3419 2342 3472 in
2386 3417 2515 3474 Jesu
2571 3419 2791 3476 Christo
2850 3429 2975 3490 post
3025 3421 3472 3478 incarnationem
3517 3421 3704 3476 diserte

2134 3508 2402 3577 agnoscit.
2440 3508 2581 3576 Quid
2607 3510 2754 3581 quod
2785 3510 2927 3565 mala
2956 3509 3092 3565 ﬁdes
3130 3511 3368 3568 Joannis
3391 3508 3700 3566 Antiocheni

2135 3602 2424 3658 manifeste
2473 3590 2847 3673 appareat'ex
2901 3604 3092 3658 eodem
3148 3604 3296 3671 loco,
3350 3604 3478 3660 dum
3525 3603 3702 3671 allegat

2133 3693 2421 3762 quemdam
2443 3708 2509 3749 ex
2533 3692 2590 3748 S.
2611 3692 2893 3749 Athanasii
2923 3695 2987 3750 ad
3013 3697 3404 3766 imperatorem
3425 3695 3697 3750 Jovianum

2132 3785 2360 3854 epistola
2388 3785 2592 3851 locum,
2619 3785 2714 3856 qui
2747 3793 2925 3840 tamen
2956 3787 3150 3842 nullibi
3177 3789 3324 3858 apud
3347 3785 3690 3843 Athanasium

2129 3879 2401 3948 reperitur
2432 3878 2569 3950 (65).
2597 3879 2794 3933 Annon
2840 3879 2946 3935 hoc
2975 3878 3177 3934 factum
3211 3881 3466 3935 eumdem
3497 3879 3547 3931 in
3587 3876 3697 3930 aliis

2134 3968 2234 4026 SS.
2283 3971 2632 4040 antiquorum
2680 3972 2901 4028 Patrum
2935 3971 3071 4028 locis
3102 3972 3442 4043 allegandis,
3476 3981 3696 4041 quorum

2132 4145 2156 4181 ι
2203 4127 2330 4180 bum
2362 4135 2416 4181 et
2455 4141 2656 4196 corpus
2689 4129 2928 4182 hominis
2960 4129 3199 4181 occurrit
3232 4128 3284 4181 in
3317 4127 3516 4183 divinis
3559 4120 3692 4177 Seri-

2137 4216 2154 4249 ι
2202 4197 2394 4265 pturis,
2443 4198 2538 4252 sed
2583 4199 2699 4267 ipse
2739 4206 2823 4251 est
2872 4211 3065 4252 natura
3127 4215 3252 4262 una,
3302 4207 3691 4267 per50na_una.

2136 4287 2154 4320 ι
2201 4263 2542 4342 suppositum
2574 4263 2765 4328 unum,
2805 4270 3220 4342 oper_atio_una;
3265 4263 3501 4342 Verbum
3543 4263 3690 4342 Deus.

2134 4355 2152 4388 ι
2202 4335 2438 4391 Verbum
2492 4338 2675 4404 homo,
2713 4335 3172 4407 quemadmodum
3221 4349 3360 4394 erat.
3401 4357 3419 4389 ι
3476 4335 3610 4407 lte_m_
3636 4335 3684 4384 in

2058 4445 2102 4499 Β
2132 4415 2366 4499 tractatu
2391 4407 2457 4462 de
2485 4407 2688 4499 unione
2713 4404 2963 4489 corporis
2991 4409 3194 4463 Christi
3222 4419 3274 4490 et
3309 4404 3692 4499 ejus-divinita:

2134 4480 2204 4533 tis
2233 4476 2518 4548 proﬁtetur
2552 4495 2570 4529 ε
2609 4479 2785 4544 illum,
2815 4476 2919 4548 qui
2970 4489 3208 4544 creatus,
3247 4476 3544 4534 increatum
3577 4485 3690 4548 esse

2140 4567 2158 4600 ι
2203 4543 2298 4618 per
2335 4547 2628 4614 unionem;
2660 4558 2712 4604 et
2763 4543 2914 4603 illum
2964 4543 3264 4604 inet-catum
3311 4564 3406 4618 per
3455 4543 3690 4602 eamdem

2139 4639 2156 4670 ι
2205 4619 2468 4690 unionem
2521 4627 2765 4690 creatum
2819 4619 2972 4684 ﬁeri,
3021 4620 3460 4690 quandoquidem
3505 4623 3686 4670 natura

2139 4709 2155 4741 ι
2205 4704 2313 4742 una
2341 4703 2409 4742 ex
2439 4687 2652 4745 duabus
2693 4691 2803 4746 illis
2840 4687 3063 4760 integris
3105 4687 3352 4760 partibus
3395 4693 3618 4760 constat.
3663 4700 3682 4733 ι

2134 4760 2287 4832 Idem
2303 4775 2523 4832 quoque
2571 4760 2623 4816 in
2650 4761 2890 4832 epistola
2923 4758 2990 4814 ad
3025 4758 3343 4832 Didnysium
3386 4758 3686 4832 episcopum

2130 4830 2289 4902 Cypri
2325 4835 2403 4884 sic
2433 4831 2509 4882 ait
2543 4846 2557 4882 :
2589 4848 2608 4881 ι
2647 4829 2784 4884 Dum
2814 4834 3139 4886 confitentur
3169 4829 3393 4885 naturas
3419 4829 3568 4902 duas,
3599 4835 3686 4902 ce-

2138 4921 2154 4950 ι
2178 4895 2405 4968 ’έςυηιωδ
2433 4915 2600 4952 unum
2637 4903 2886 4968 adorare,
2921 4914 2973 4956 et
3006 4902 3236 4955 alterum
3278 4917 3384 4954 non
3432 4895 3682 4969 adorant;

2138 4991 2154 5021 ε
2202 4974 2256 5044 in
2314 4985 2378 5024 eo
2424 4971 2516 5040 qui
2556 4972 2774 5044 divinus
2801 4983 2903 5044 est
2951 4973 3312 5044 baptizantur,
3359 4970 3421 5044 in
3485 4981 3547 5020 eo
3597 4975 3682 5044 qui

2137 5061 2154 5091 ι
2205 5041 2365 5093 homo
2392 5049 2476 5093 est
2535 5055 2643 5094 non
2671 5040 3034 5110 baptizantur.
3068 5041 3238 5096 Porro
3261 5057 3382 5096 cum
3407 5040 3684 5110 inunonune

2137 5131 2154 5162 ι
2200 5110 2403 5164 Clu-isti
2438 5108 2792 5179 baptizemur,
2845 5121 3096 5166 naturam
3145 5128 3308 5166 unam
3352 5108 3679 5179 confitentur,

2135 5202 2152 5230 ι
2199 5175 2536 5253 divinitatem
2573 5181 2983 5253 impassibilern,
3014 5193 3066 5237 et
3099 5197 3298 5252 corpus
3334 5175 3679 5253 passibus»,ut

2137 5273 2153 5301 ‹
2201 5251 2505 5320 baptismus
2531 5246 2714 5306 noster
2735 5252 2882 5320 sitin
2908 5250 3040 5315 Deo,
3072 5263 3125 5306 et
3148 5246 3671 5320 iii—mortellominia
3696 5283 3702 5320 ι

2127 5317 2342 5394 Joann._
2371 5319 2948 5394 Alitiochcri.,_Epist.
2998 5325 3253 5394 synodic.
3297 5323 3363 5376 ad
3408 5317 3677 5394 Merulam.

2129 5390 2503 5516 apudsl‘étaseb.
2539 5384 2872 5460 Renaudoti,
2905 5393 2959 5447 in
2989 5384 3134 5448 Hist.
3179 5389 3466 5462 patriarch.
3511 5384 3677 5444 Alcm,

2129 5478 2250 5516 una.
2396 5501 2409 5514 .

2165 5482 2250 5516 λιιι.
2284 5482 2409 5516 Ουυ.

2128 5478 2529 5604 Ρδῗέὸῗῖῗέτυῐη
2547 5531 2709 5586 etiam
2729 5548 2793 5587 ex
2817 5533 3044 5603 epistola
3071 5533 3136 5588 ad
3158 5533 3441 5604 Jovianum
3459 5527 3677 5594 impera-

2129 5603 2298 5658 torem
2325 5604 2378 5657 in
2404 5618 2513 5673 qua
2537 5604 2668 5657 dicit
2687 5605 3020 5659 Athanasius
3045 5622 3058 5658 :
3084 5624 3101 5656 ι
3131 5603 3306 5658 Unum
3337 5603 3511 5658 dicere
3531 5604 3676 5673 οροτέ

2129 5685 2222 5743 tet,
2256 5685 2308 5728 et
2334 5674 2580 5728 conl-itcri
2622 5683 2872 5728 naturam
2906 5691 3091 5736 unam,
3126 5686 3179 5729 et
3213 5683 3496 5743 personam
3525 5672 3673 5743 unam

2132 5742 2290 5801 Verbi
2320 5743 2608 5812 incarnati,
2633 5750 2724 5816 qui
2752 5746 2914 5802 homo
2940 5745 3134 5815 factus,
3157 5741 3540 5802 humanitatem
3569 5741 3684 5802 per“
