3986 6358
306 472 419 530 537

1281 473 1369 529 DE
1410 473 1573 531 VITA
1619 474 1706 529 ET
1746 472 2058 529 SCRIPTIS
2091 473 2149 530 S.
2194 471 2574 528 IIIPPOLY'I'I.

3453 474 3554 529 538

303 597 477 654 opera
519 582 802 654 deperdita
845 581 1016 652 fuere,
1058 593 1370 656 suspectum
1419 585 1645 642 reddere
1691 587 1888 642 debet?
1914 591 1960 647 Δ
1987 588 2090 643 cile
2120 597 2239 664 est”
2277 586 2368 642 Sic
2407 587 2571 641 etiam
2618 584 2958 656 antiquitatis
2992 592 3344 641 monumenta
3398 587 3555 642 nobis

299 670 505 731 Iisdem
544 680 821 732 rationum
850 676 1146 732 momentis
1188 677 1425 733 convicti
1473 679 1577 734 alia
1613 679 1722 734 duo
1765 679 1884 735 loca

299 770 373 826 ab
399 769 598 824 eodem
623 769 857 826 adducta
886 770 1186 840 rejicimus.
1220 771 1441 828 Primus
1464 772 1618 827 locus
1649 788 1715 826 ex
1744 788 1884 843 quo—

298 860 426 915 dam
463 869 729 928 tractatu,
762 861 959 932 inquo
996 862 1154 932 juxta
1190 860 1456 918 Joannem
1484 862 1883 919 Antiochenum

296 960 534 1007 sanctus
566 949 886 1022 Hippolytus
911 966 1006 1008 eos
1033 951 1405 1022 impugnabat,
1432 954 1527 1024 qui
1549 953 1622 1009 ob
1647 954 1886 1010 consub-

298 1041 724 1097 stantialitatem
753 1040 914 1098 Verbi
946 1042 1117 1097 divini
1149 1059 1275 1098 cum
1320 1043 1481 1101 Patre
1510 1059 1634 1113 suo,
1681 1055 1885 1117 myste-

295 1138 439 1186 rium
472 1131 878 1188 Incarnationis
902 1133 1304 1202 inliciabantur,
1337 1132 1658 1206 desumptus
1681 1147 1799 1203 est;
1831 1148 1884 1193 et

294 1223 611 1278 secundum
643 1238 712 1278 ex
753 1224 862 1278 alio
907 1239 1072 1295 opere
1101 1225 1458 1296 deprompsit,
1488 1229 1631 1297 quod
1669 1229 1759 1284 ille
1806 1229 1882 1284 ei-

293 1315 416 1371 dem
445 1325 650 1371 sancto
672 1314 819 1371 Patri
848 1317 1102 1387 ascripsit
1125 1319 1227 1372 hoc
1252 1318 1355 1373 sub
1381 1319 1569 1374 titulo:
1594 1319 1672 1374 De
1692 1322 1884 1375 unione

292 1407 543 1476 corporis
573 1405 708 1462 Jesu
744 1406 944 1464 Christi
975 1425 1092 1463 cum
1131 1409 1245 1478 ejus
1285 1409 1580 1466 divinitate.
1617 1411 1735 1468 Duo
1770 1413 1884 1468 haec

292 1499 414 1554 loca
462 1498 620 1554 haud
664 1500 846 1555 minus
882 1501 1116 1555 haeresin
1164 1500 1557 1573 Eutychianam
1601 1505 1880 1570 redolent;

291 1589 420 1647 libri
449 1606 709 1662 quoque,
735 1593 879 1647 unde
899 1592 1065 1662 petita
1088 1607 1211 1649 esse
1235 1595 1574 1664 supponitur,
1596 1597 1697 1650 toti
1717 1597 1879 1651 etiam

297 1681 633 1753 antiquitati
689 1683 915 1736 omnino
961 1683 1131 1754 ignoti
1181 1693 1326 1739 sunt.
1381 1683 1688 1742 Notandum
1747 1703 1883 1758 pra:-

291 1779 467 1840 terea,
509 1774 661 1844 quod
684 1789 746 1829 ea
773 1774 912 1840 loca,
943 1789 1065 1844 quas
1088 1773 1187 1830 abs
1222 1774 1432 1832 Joanne
1453 1779 1790 1836 Antiocheno
1817 1795 1880 1834 ex

292 1862 349 1916 S.
370 1863 667 1935 Hippolyti
691 1866 863 1920 nostri
885 1867 1115 1935 epistola
1139 1868 1206 1923 ad
1230 1868 1548 1941 Dionysium
1564 1872 1878 1941 episcopum

1988 689 2072 735 sat
2111 679 2336 734 luminis
2383 694 2492 734 non
2544 677 2984 747 subministrant,
3021 693 3089 733 ex
3145 692 3256 748 quo
3305 677 3558 750 colligere

1984 781 2134 827 certo
2186 771 2416 835 liceret,
2470 778 2653 826 utrum
2711 780 2933 825 sanctus
2996 767 3317 842 Hippolytus
3373 771 3557 826 dedita

1985 874 2150 932 opera
2186 860 2264 915 De
2293 876 2508 915 numero
2530 860 2722 930 impari
2746 859 3044 928 scripserit,
3067 863 3151 916 vel
3174 861 3556 931 perlractando

1985 953 2161 1008 solum
2192 952 2339 1008 aliud
2370 959 2773 1022 argumentum,
2801 950 2868 1007 de
2895 951 2989 1008 illo
3013 953 3161 1008 velut
3184 969 3280 1024 per
3307 961 3558 1008 transen-

1985 1061 2111 1100 nam
2168 1046 2508 1101 disseruerit.
2566 1044 2698 1101 Utut
2766 1046 2859 1112 sit,
2911 1055 3134 1102 sanctus
3192 1045 3554 1118 Hieronymus

1985 1146 2230 1192 nostrum
2282 1144 2532 1192 sanctum
2587 1136 2906 1207 episcopum
2956 1145 3013 1192 et
3068 1147 3359 1208 martyrem
3415 1138 3555 1192 inter

1985 1237 2290 1284 assertores
2338 1229 2550 1284 numeri
2602 1228 2833 1298 imparis
2877 1238 3126 1284 recenset
3173 1229 3274 1284 hoc
3321 1230 3486 1283 modo
3533 1249 3549 1286 :

1990 1337 2008 1369 ι
2032 1317 2190 1374 Nunc
2219 1319 2647 1375 enumerandum
2678 1319 2811 1373 mihi
2829 1329 2930 1384 est,
2950 1319 3553 1390 quiecclesiasticorum

1985 1410 2053 1466 de
2087 1410 2281 1480 impari
2315 1425 2546 1465 numero
2580 1409 2934 1480 disputarint,
2982 1409 3254 1474 Clemens,
3295 1407 3553 1480 Hippoly-

1984 1507 2096 1562 tus,
2127 1497 2411 1568 Origenes,
2444 1498 2760 1571 Dionysius,
2795 1497 3089 1564 Eusebius,
3130 1496 3412 1569 Didymus,
3455 1513 3556 1551 no-

1985 1600 2334 1662 strorumque
2382 1589 2787 1654 Tertullianus,
2838 1590 3166 1661 Cyprianus.
3218 1589 3534 1643 Victorinus

1987 1681 2324 1749 Lactantius,
2357 1681 2596 1753 Hilarius
2630 1681 2766 1753 (68).
2795 1701 2814 1735 ο

2051 1772 2310 1830 Leontius
2323 1774 2651 1846 Byzantinus
2663 1774 2775 1844 (69)
2788 1773 2982 1844 allegat
2996 1773 3099 1827 sub
3117 1771 3336 1826 nomine
3353 1770 3410 1824 S.
3427 1768 3556 1840 Hip-

1996 1868 2164 1940 polyti
2207 1876 2496 1923 tractatum
2551 1866 2627 1921 De
2673 1867 3114 1921 benedictionibus
3155 1864 3380 1918 Balaam
3419 1863 3553 1934 ('70).

289 1955 456 2025 Cypri
525 1957 850 2024 aﬂ‘eruntur,
882 1957 1067 2014 Grazce
1110 1969 1326 2016 exstent
1367 1936 1422 2017 in
1464 1936 1693 2033 cpistola
1737 1936 1882 2019 Julio
1914 1936 1954 1992 Β
1987 1936 2183 2014 Verum
2239 1959 2327 2015 hic
2355 1968 2546 2014 auctor
2578 1960 2630 2014 in
2669 1957 2968 2014 referendis
3003 1958 3352 2029 antiquorum
3394 1957 3550 2011 testi-

290 2043 552 2102 Bomano
593 2049 836 2117 pontifici
865 2049 1064 2104 tributa
1094 2052 1162 2107 ad
1208 2053 1524 2127 Dionysium
1561 2055 1880 2111 Alexandri-

289 2153 446 2204 num,
484 2139 638 2195 edita
674 2157 704 2196 a
741 2144 1100 2202 celeberrimo
1146 2146 1445 2205 Muratorio
1491 2149 1545 2203 in
1599 2149 1879 2204 Anecdotis

290 2227 524 2296 Grecis,
559 2248 687 2304 pag.
720 2235 846 2290 545.
878 2235 1035 2294 Unde
1071 2239 1142 2294 cl.
1168 2239 1452 2297 Fabricius
1481 2240 1592 2311 (66)
1622 2255 1732 2297 non
1763 2243 1880 2296 sine

289 2319 659 2380 fundamento
682 2327 999 2397 arbitratur,
1020 2330 1074 2386 in
1105 2331 1262 2398 locis,
1281 2347 1402 2402 qua:
1418 2346 1538 2403 pag.
1564 2332 1637 2388 5‘2
1675 2341 1810 2388 tom.
1839 2332 1877 2386 ll

288 2415 427 2486 Opp.
474 2413 753 2488 Hippolyti
786 2418 979 2477 Latine
998 2437 1066 2477 ex
1111 2421 1174 2476 V.
1207 2425 1269 2478 C.
1307 2408 1525 2478 Eusebii
1547 2422 1878 2481 Renaudotii

290 2507 549 2563 Historia
577 2512 1010 2579 patriarcharum
1052 2515 1533 2569 Alexandrinorum
1570 2517 1878 2588 exscripsit,

289 2616 387 2671 pro
419 2601 723 2674 Hippolyto
768 2604 1009 2660 Romano
1049 2607 1335 2678 legendum
1377 2623 1500 2663 esse
1543 2607 1722 2663 Julius
1773 2609 1878 2663 Ro-

289 2710 511 2747 manus.

289 2799 314 2872 §
348 2801 444 2856 III.
478 2802 768 2881 Tractatus
899 2807 1173 2880 Hippolyti
1204 2812 1268 2864 de
1287 2811 1496 2881 jejunio
1539 2781 1779 2876 Subbali,
1818 2815 1880 2868 (le

357 2879 735 3002 :zrrtmunione
790 2877 1182 2946 Eucharistite,
1225 2877 1390 2937 et'de
1443 2885 1641 2954 virgine
1689 2883 1881 2939 Corin-

425 2961 570 3002 taca.
614 2963 644 3002 e
671 2964 720 3002 c.

425 2961 570 3011 raca,
614 2961 720 3004 etc.

358 3061 736 3136 Hieronymus
787 3067 843 3122 in
882 3068 1111 3139 epistola
1144 3070 1211 3126 ad
1248 3070 1536 3127 Lucinium
1567 3073 1681 3144 (67)
1711 3083 1880 3131 testa—

293 3164 381 3210 tur
438 3166 699 3213 sanctum
764 3160 1109 3234 Hippolytum
1175 3173 1424 3220 nostrum
1479 3167 1542 3220 de
1605 3165 1875 3233 Sabbato,

294 3255 473 3299 utrum
510 3247 874 3316 jejunandum
916 3253 1008 3319 sit,
1041 3263 1090 3308 et
1120 3253 1186 3307 de
1216 3253 1579 3322 Eucharistia,
1619 3275 1688 3312 an
1737 3261 1879 3314 acci-
1904 3275 1946 3332 ο

293 3337 481 3405 pianda
517 3341 784 3409 quotidie,
829 3342 1194 3400 disertissime
1231 3347 1549 3417 Scripsisse.
1582 3347 1640 3402 In
1687 3350 1878 3407 codice

299 3445 426 3486 mss.
472 3430 674 3488 Graeco
716 3434 820 3490 195
867 3436 1213 3494 bibliothecae
1258 3438 1877 3498 Coislinianae-rcfertur

303 3521 665 3594 fragmentum
697 3526 756 3582 S.
789 3526 1060 3602 Hippolyti
1098 3543 1280 3588 contra
1323 3535 1491 3605 fatum
1534 3546 1674 3592 teste
1701 3535 1879 3592 Montr-

309 3612 552 3671 l'auconio
583 3632 710 3687 pag.
739 3617 868 3674 245.
906 3618 1100 3676 Verum
1129 3633 1310 3678 utrum
1336 3635 1560 3682 sanctus
1589 3627 1877 3698 episcopus

315 3708 561 3774 speciales
585 3712 873 3779 {tractatus
913 3713 1055 3770 circa
1091 3715 1180 3770 illa
1219 3717 1521 3788 disciplina:
1565 3727 1790 3788 puncta,
1823 3728 1878 3773 et

317 3794 376 3850 de
412 3797 513 3856 fato
545 3803 943 3871 composuerit.
971 3807 1054 3860 vel
1097 3807 1151 3861 in
1183 3808 1305 3864 aliis
1357 3809 1472 3864 suis
1505 3809 1780 3880 operibus,
1815 3825 1868 3863 ν.

310 3900 416 3955 gr.,
462 3891 520 3944 in
574 3899 810 3948 tractatu
859 3894 936 3948 De
985 3897 1270 3952 traditione
1326 3898 1709 3967 apostolorum,
1759 3899 1875 3955 haec

305 3980 558 4040 duntaxat
578 3987 987 4056 perstrinxerit,
1031 3991 1388 4048 determinatu
1419 3993 1713 4048 admodum
1737 3993 1874 4047 dilli-

1986 2054 2184 2110 moniis
2207 2053 2349 2108 adeo
2383 2051 2620 2107 infidelis
2652 2061 2757 2117 est,
2789 2060 2850 2106 ut
2870 2066 3065 2122 parum
3098 2050 3220 2105 fidei
3252 2063 3558 2120 promerea-

1983 2157 2092 2201 tur.
2113 2143 2257 2200 Fieri
2287 2143 2646 2198 nibilominus
2672 2142 2867 2213 potuit,
2895 2152 2955 2197 ut
2988 2149 3210 2197 sanctus
3237 2139 3554 2212 Hippolytus

1983 2249 2081 2304 pro
2112 2235 2340 2290 materia
2367 2250 2462 2289 seu
2491 2245 2814 2304 argumento
2835 2232 3068 2303 alicujus
3098 2246 3323 2287 suorum
3359 2239 3557 2285 tracta-

1983 2337 2136 2382 tuum
2187 2343 2282 2384 seu
2327 2327 2676 2382 bomiliarum
2709 2326 2865 2398 juxta
2914 2325 3361 2381 consuetudinem
3394 2338 3549 2378 suam

1984 2423 2080 2477 has
2112 2421 2516 2477 benedictiones
2544 2422 2814 2492 selegerit,
2853 2435 2917 2476 ex
2954 2420 3154 2490 quibus
3181 2418 3440 2474 Leontius
3465 2433 3550 2480 ea,

1981 2531 2101 2583 quae
2143 2513 2417 2584 allegavit,
2454 2514 2886 2582 deprompserat.

2052 2606 2295 2674 Denique
2343 2603 2616 2658 Palladius
2667 2605 2722 2657 in
2783 2601 3028 2656 Historia
3080 2618 3179 2657 sua
3240 2601 3506 2656 Lausiaca
3536 2643 3550 2664 ,

1981 2713 2100 2768 cap.
2138 2697 2240 2751 148
2266 2738 2280 2761 ,
2306 2712 2369 2750 ex
2401 2704 2592 2751 sancto
2630 2694 2916 2766 Hippolyto
2936 2735 2952 2760 ,
2986 2709 3147 2764 quem
3183 2695 3553 2765 apostolorum

1981 2795 2316 2845 coaetaneum
2363 2795 2557 2851 vocat,
2608 2785 2774 2842 refert
2825 2787 3192 2842 narrationem
3234 2787 3300 2841 de
3349 2786 3556 2855 virgine

1979 2881 2214 2951 quadam
2261 2879 2638 2944 Corinthiaca,
2690 2894 2721 2934 a
2769 2878 2953 2948 judice
2996 2879 3184 2949 gentili
3223 2879 3277 2932 in
3329 2879 3556 2948 lupanar

1982 2972 2178 3028 tradita
2211 2981 2271 3027 ut
2298 2981 2765 3040 corrumperetur,
2798 2986 2961 3041 quam
2995 2969 3378 3041 Magistrianus
3421 2971 3554 3024 ado-

1982 3064 2192 3119 le$cens
2221 3062 2567 3118 Christianus
2618 3062 2885 3117 simulans
2930 3077 2990 3116 se
3037 3062 3175 3118 velle
3212 3076 3337 3116 cum
3378 3077 3440 3115 ea
3474 3061 3557 3114 in-

1980 3164 2130 3212 caste
2165 3155 2412 3219 versari,
2443 3169 2474 3210 e
2520 3154 2770 3225 lupanari
2820 3155 3043 3212 mutatis
3081 3154 3354 3223 vestibus,
3390 3165 3444 3209 et
3487 3154 3560 3210 ab

1979 3249 2131 3304 omni
2156 3249 2506 3318 corruptione
2531 3247 2618 3318 pia
2649 3247 2840 3302 fraude
2873 3247 3143 3312 liberavit,
3173 3247 3422 3317 sequenti
3453 3261 3554 3301 au-

1985 3353 2091 3397 tem
2123 3341 2212 3397 die
2256 3357 2316 3396 re
2345 3342 2562 3410 cognita
2609 3340 2678 3396 ad
2727 3339 2931 3395 bestias
2963 3355 2993 3394 a
3036 3339 3222 3409 judice
3267 3337 3560 3393 damnatus

1982 3433 2368 3505 Magistrianus
2397 3433 2659 3504 martyrio
2687 3439 2984 3486 coronatus
3022 3429 3143 3484 fuit.
3177 3429 3423 3486 Meminit
3451 3430 3556 3484 hu-

1979 3528 2072 3598 jus
2104 3525 2332 3596 virginis
2368 3533 2422 3580 et
2471 3521 2812 3594 Nicephorus
2845 3521 2916 3578 Η.
2950 3521 3015 3575 E.
3046 3522 3141 3576 lib.
3168 3538 3275 3588 vu,
3309 3537 3430 3592 cap.
3467 3521 3556 3587 l5,

1983 3618 2078 3673 sed
2109 3618 2332 3688 paucis;
2374 3631 2550 3686 neque
2575 3614 2789 3685 uspiam
2833 3629 2953 3668 cam
2998 3613 3404 3670 Corinthiacam
3435 3630 3557 3669 esse

1983 3712 2229 3778 dictitat;
2275 3711 2557 3765 historiam
2607 3709 2748 3764 idem
2782 3709 2848 3763 de
2879 3707 3232 3780 Magistriano
3276 3708 3557 3778 persequi-

1981 3812 2071 3859 tur
2101 3802 2243 3858 idem
2277 3800 2649 3870 Nicephorius:
2688 3813 2980 3870 utramque
3003 3801 3378 3857 narrationem
3411 3799 3558 3868 apud

1980 3897 2290 3954 Fabricium
2327 3897 2442 3968 (7i)
2481 3906 2537 3953 et
2575 3896 2918 3952 Gallandium
2966 3893 3080 3966 (72)
3127 3893 3449 3964 impressam
3480 3891 3560 3946 le.

1983 4005 2107 4062 gere
2134 3991 2360 4061 poteris.

1905 4158 1972 4174 ua

1603 4289 1989 4381 LAPUT
2068 4291 2235 4384 IV.

1052 4466 1186 4527 ‘DE
1246 4465 1632 4530 OPEBIBUS
1683 4471 1744 4531 S.
1801 4469 2266 4534 HIPPOLYTO
2319 4467 2792 4532 SUPPOSITIS.

843 4584 1238 4643 ABTICULUS
1274 4585 1317 4642 Ι.

302 4715 362 4755 »ε
399 4715 577 4754 ορειιε
618 4716 662 4754 S.
703 4714 997 4756 IliI'POLY'I'O
1036 4716 1202 4756 FALSO
1259 4717 1517 4756 ASCIIIP'I'O

365 4857 539 4896 CUNDO
579 4857 794 4898 CHRISTI
839 4858 1102 4896 ADVENTU.
1144 4863 1163 4894 ι

367 4951 464 5006 llic
494 4953 755 5007 uolumus
782 4964 1022 5022 repetere
1042 4993 1058 5020 ,
1091 4967 1213 5023 qua:
1251 4953 1414 5024 paulo
1445 4968 1610 5024 supra
1637 4955 1705 5010 de
1738 4955 1878 5011 duo-

303 5152 501 5236 feetarn.
537 5169 645 5236 pro
678 5153 848 5236 .nobis
875 5153 1196 5236 assumpsit;
1221 5153 1317 5236 qui
1341 5161 1532 5236 contra
1578 5155 1794 5218 sentiet,
1825 5155 1869 5210 is

301 5234 378 5298 est
411 5224 503 5279 Dei
537 5223 814 5298 inimicus,
865 5233 920 5277 et
971 5225 1176 5298 sanctis
1222 5223 1803 5298 Patrihusdrepugnat.
1842 5246 1861 5278 ι

301 5293 534 5350 Joannes
557 5295 930 5349 Antiochcnus
962 5293 1053 5364 ubi
1068 5310 1272 5364 supra,
1303 5310 1426 5364 pag.
1457 5296 1582 5352 559.

368 5366 480 5438 (66)
524 5364 767 5430 Fabric.,
791 5365 927 5434 Opp.
964 5363 1021 5419 S.
1063 5363 1357 5438 Hippolyti,
1378 5363 1521 5420 tom.
1558 5365 1624 5433 Il,
1648 5364 1864 5422 Praefat.

302 5436 500 5628 Ρ.
532 5504 850 5586 Hieronvm.
879 5546 895 5568 ,
938 5507 1098 5574 epist.
1148 5507 1214 5560 ad
1261 5505 1548 5562 Lucinium
1599 5507 1734 5562 alias
1775 5507 1869 5570 28,

303 5592 442 5628 nunc
507 5577 530 5628 1
564 5577 698 5628 edit.
731 5565 919 5628 Venet.
950 5577 1104 5628 ἰπὶ-4⁸³.
1129 5588 1262 5628 tom.
1291 5579 1332 5628 Ι.
1358 5593 1480 5628 [κιρ.
1503 5577 1785 5628 454Αιιιιη.
1814 5578 1869 5628 6.

303 5565 442 5631 nunc
466 5565 530 5630 Ἦ
564 5577 698 5630 edit.
731 5565 919 5647 Venet.
950 5565 1104 5639 iii-4°,
1129 5588 1262 5631 tom.
1291 5579 1332 5642 Ι,
1358 5593 1480 5647 pag.
1503 5577 1785 5640 454,nurn.
1814 5565 1869 5642 6,

304 5649 389 5701 ubi
419 5648 500 5702 sic
523 5650 603 5701 ait
645 5666 660 5702 :
700 5666 719 5700 ι
762 5646 838 5701 De
872 5648 1112 5718 Sabbato
1145 5648 1288 5718 quod
1324 5646 1546 5718 quaéris,
1580 5659 1759 5703 utrum
1789 5650 1873 5718 jc-

1570 4724 1588 4754 t
1629 4720 1694 4758 DE
1749 4719 1877 4760 CON-

374 4787 730 4825 SUIIIATIONB
772 4786 971 4834 IUNDI,
1014 4787 1079 4826 DE
1121 4787 1510 4838 ANTICIIRISTO,
1563 4790 1626 4830 AC
1674 4791 1739 4828 DE
1789 4791 1876 4831 εε-

1987 4591 2089 4646 bus
2119 4589 2466 4655 tractatibus;
2496 4595 2552 4643 et
2578 4587 2646 4641 de
2679 4585 2905 4655 cpistola
2933 4581 3036 4637 sub
3067 4580 3286 4635 nomine
3327 4579 3386 4636 S.
3427 4576 3532 4650 Hip

1986 4684 2152 4755 polyti
2200 4698 2230 4736 a
2273 4680 2482 4736 Joanne
2533 4677 2873 4733 Antiocheno
2907 4673 3132 4744 allegata
3161 4671 3555 4736 disseruimus";

1985 4775 2079 4832 sed
2112 4772 2284 4830 crisin
2313 4784 2542 4843 operum
2573 4768 2746 4822 eidem
2783 4762 3189 4834 suppositorum
3221 4759 3365 4814 illico
3398 4758 3467 4813 ab
3491 4773 3559 4814 eo

1983 4881 2146 4937 opere
2171 4865 2518 4926 inchoamus,
2543 4859 2702 4930 cujus
2735 4857 2924 4913 titulus
2951 4871 2964 4906 :
3005 4855 3080 4909 De
3109 4853 3559 4908 consummatione

1983 4957 2190 5025 mundi,
2207 4957 2272 5010 de
2292 4953 2641 5017 Antichristo,
2665 4959 2714 5006 et
2737 4950 2801 5004 de
2823 4946 3049 5003 secundo
3074 4945 3275 5002 Christi
3306 4943 3554 5000 adventu.

2049 5151 2536 5226 (68)_Hieronym_.,
2569 5148 2736 5226 epist.
2777 5146 2847 5201 48
2873 5147 3010 5226 edit.
3034 5142 3250 5205 Venet.,
3283 5157 3434 5226 num:
3465 5141 3554 5206 i9,

1977 5212 2100 5296 pag.
2144 5212 2446 5296 952,_alia's
2473 5212 2562 5286 50,
2602 5212 2677 5296 ad
2701 5217 3133 5296 Parnmachiuru,
3169 5229 3265 5270 seu
3297 5212 3556 5282 Apologe-

1976 5288 2111 5350 licus
2136 5311 2230 5362 pro
2255 5293 2403 5346 libris
2431 5301 2615 5363 contra
2643 5288 3042 5363 ,ζοινξτιὶιι-ηιιηξ..Δ
3293 5350 3358 5363 m
3471 5352 3504 5363 __

2048 5350 2162 5436 (69')
2202 5363 2394 5436 Leout.
2426 5362 2604 5436 _Byr..,
2639 5359 2922 5436 Biblioth._
2952 5357 3067 5411 PP.
3111 5366 3244 5436 tom.
3293 5350 3387 5436 IX,
3419 5352 3554 5436 edit.

1979 5423 2223 5506 Lu‘gdfp.
2246 5433 2386 5500 682;
2417 5423 2602 5506 Ca'nis.
2628 5430 2780 5506 ιφ.
2809 5423 3227 5506 ontig.,_torr_i.l_,
3246 5423 3396 5506 prtef.
3420 5438 3472 5506 ρἶ
3500 5425 3555 5477 9.

2051 5453 2149 5557 ιξσ.
2169 5453 2223 5506 p.
2246 5453 2386 5500 onz;
2417 5453 2602 5487 uanis.
2637 5453 2780 5484 necs.
2809 5453 3002 5498 onuq.,
3038 5453 3168 5508 tnui.
3186 5453 3227 5487 ι,
3246 5453 3396 5494 proci.
3421 5453 3472 5490 μ.
3503 5453 3555 5477 υ.

2051 5510 2069 5575 (
2109 5507 2162 5578 0)
2189 5505 2365 5578 Graec.
2385 5519 2520 5578 mss.
2543 5503 2595 5557 in
2621 5501 2860 5556 biblioth.
2893 5498 3099 5554 Bodlet.
3127 5497 3288 5550 habet
3317 5511 3336 5544 ι
3357 5491 3433 5548 De
3457 5493 3560 5548 be-

1983 5575 2387 5632 nedictionibus
2421 5575 2679 5630 Abraam.
2720 5593 2741 5625 ι

2054 5648 2165 5718 (71)
2206 5646 2419 5701 Fabric.
2441 5687 2457 5713 ,
2483 5643 2622 5716 Opp.
2654 5643 2714 5699 S.
2743 5639 3013 5712 Hippolyt.
3047 5648 3180 5718 tom.
3207 5635 3227 5692 I
3250 5677 3265 5702 ,
3291 5650 3417 5706 pag.
3448 5633 3562 5690 285

302 5718 602 5787 junandum
650 5719 846 5788 sinet
901 5719 967 5773 de
1014 5717 1378 5781 Eucharistia,
1434 5734 1500 5772 an
1557 5719 1874 5788 accipienda
1979 5729 2031 5773 et
2058 5717 2183 5772 286.

302 5786 563 5857 quotidie,
611 5791 758 5858 quod
802 5786 1045 5843 Romana
1097 5789 1338 5844 Ecclesia
1383 5799 1434 5843 et
1480 5786 1748 5857 llispaniu-
1777 5791 1875 5842 Ol)-

2051 5790 2166 5859 (72)
2207 5786 2482 5850 Galland.,
2522 5782 2775 5840 Biblioth.
2804 5780 2915 5836 PP.
2946 5788 3058 5836 tom
3118 5776 3181 5845 II,
3211 5791 3335 5850 pag.
3367 5775 3474 5834 513
3501 5782 3559 5830 et

306 5875 519 5932 servare
552 5860 929 5932 perhibentur,
961 5862 1179 5932 scripsit
1211 5860 1426 5930 quidem
1465 5870 1519 5914 et
1551 5861 1876 5932 Hippolytus
1977 5861 2100 5915 5H.

309 5931 387 5985 vir
406 5931 828 5986 disertissimus.
868 5949 887 5980 ι
