3986 6358
405 434 513 490 339

1382 434 1470 490 DE
1510 434 1672 492 VITA
1703 432 1793 489 ET
1835 428 2146 489 SCRIPTIS
2182 427 2239 483 S.
2286 426 2671 483 HlPPOLYTl.

3543 425 3647 479 541)

409 541 568 601 Hune
599 553 888 600 tractatum
926 544 1030 600 sub
1061 544 1281 600 nomine
1309 543 1582 618 Hippolyti
1612 544 1848 601 Joannes
1888 541 1982 596 Pi-
2009 549 2053 604 Α
2084 555 2200 592 nem
2242 539 2355 608 fore
2398 538 2631 592 humana
2667 537 2841 607 ﬁgura
2886 538 3167 601 prtcditum
3210 537 3463 607 affirmat,
3498 551 3651 606 quem

407 651 511 693 cus
544 636 658 706 (75)
691 636 903 706 primus
936 635 1120 692 Graece
1147 653 1213 691 ae
1248 635 1443 693 Latine
1466 636 1696 692 Parisiis
1727 631 1820 690 a'n.
1843 635 1981 689 1557

408 727 465 782 in
509 730 687 783 lucem
735 727 886 782 dedit
926 743 1051 783 cum
1100 727 1326 798 prazfato
1368 729 1560 794 titulo,
1594 727 1688 798 qui
1720 727 1774 781 in
1807 727 1982 796 capite

407 832 543 874 mss.
576 816 748 874 Graeci
782 817 1051 886 Venetiis,
1098 821 1243 876 unde
1271 822 1340 876 cl.
1373 821 1550 876 editor
1575 820 1788 892 copiam
1822 836 1980 875 acce-

405 907 518 974 pit,
562 917 760 964 exstat.
814 909 1055 966 lnsertus
1099 920 1184 967 est
1215 914 1560 981 postmodum
1596 913 1691 981 hic,
1719 922 1981 968 tractatus

407 995 751 1061 Bibliotheca:
779 1001 1000 1057 Patrum
1028 1002 1356 1061 Parisiensis
1379 1006 1695 1076 posterioris
1723 1004 1981 1061 editionis

408 1100 559 1145 tomo
585 1092 704 1148 XII.
733 1093 943 1151 Recusa
977 1097 1137 1151 etiam
1172 1096 1283 1153 Pici
1310 1098 1489 1153 versio
1517 1097 1707 1153 Latina
1741 1098 1981 1154 Coloniae

411 1182 570 1247 1563,
596 1185 740 1252 in-8,
773 1188 913 1256 apud
937 1187 1236 1244 Maternum
1258 1190 1571 1255 Cholinum,
1596 1200 1650 1244 et
1678 1190 1745 1244 ad
1776 1190 1978 1245 calcem

404 1271 605 1331 Justiui
638 1277 708 1332 Μ.
742 1276 914 1335 Paris.
966 1281 1125 1336 1575.
1171 1280 1237 1336 Ει
1269 1282 1323 1335 in
1355 1280 1706 1338 Bibliotltecis
1759 1282 1981 1337 Patrum

406 1369 782 1442 cujuscunque
814 1373 1073 1428 editionis
1101 1373 1246 1442 (74);
1293 1374 1458 1428 etiam
1490 1373 1674 1428 Graece
1700 1389 1764 1428 ac
1793 1372 1982 1428 Latine

407 1459 462 1515 in
507 1461 803 1516 Auctuario
849 1463 1196 1518 Bibliotheca:
1228 1461 1451 1517 Patrum
1506 1463 1774 1519 Ducaeano
1803 1462 1978 1519 Paris.

407 1549 747 1618 i621,tom.
792 1553 855 1608 ll.
896 1554 1100 1609 Gallice
1144 1554 1533 1623 interpretatus
1578 1554 1680 1609 fuit
1726 1553 1982 1610 Nicolans

406 1645 458 1701 le
488 1645 665 1709 Clerc,
690 1645 915 1702 Parisiis
967 1646 1104 1701 1566
1133 1658 1188 1702 et
1218 1647 1374 1702 1579.
1414 1648 1492 1701 Ad
1527 1650 1729 1703 calcem
1749 1649 1983 1717 'insupcr

408 1737 543 1792 torni
573 1738 591 1792 ι
627 1737 865 1807 Operam
911 1739 1084 1795 sancti
1128 1739 1302 1793 nostri
1345 1754 1376 1793 a
1420 1738 1673 1794 Fabricio
1709 1736 1981 1795 editorum

407 1827 548 1883 idem
604 1838 868 1884 tractatus
918 1830 1217 1899 impressus
1270 1831 1463 1901 legitur
1509 1831 1646 1903 (75).
1712 1831 1981 1886 Observat

2083 638 2267 682 contra
2298 627 2501 684 Paulus
2528 636 2673 695 vocat
2703 626 2965 680 hominem
2992 627 3215 698 peccati.
3250 625 3534 689 Joannem,
3563 626 3654 697 qui

2082 723 2276 776 librum
2308 721 2709 791 Apocalypseos
2741 720 2988 789 scripsit,
3033 736 3148 772 cum
3188 718 3311 772 Elia
3350 728 3400 772 et
3438 717 3655 772 Enocho

2082 814 2253 869 denuo
2281 813 2574 882 a/futurum
2600 814 2752 883 lingit
2774 852 2788 877 ,
2819 822 2875 866 ut
2921 811 3302 865 Antichristum
3346 811 3653 880 redarguat,

2089 930 2107 961 ι
2136 910 2221 962 cui
2244 909 2546 972 sententiae,
2582 909 2658 960 ait
2691 906 3003 960 Possevinus
3024 946 3039 966 ,
3078 923 3180 958 non
3213 915 3289 959 est
3322 905 3658 975 acquiescan-

2082 1002 2274 1056 dum.»
2326 999 2550 1054 Joannis
2597 1000 2976 1070 Apocalypsim
3028 999 3211 1052 inscite
3270 1015 3364 1067 pro
3425 994 3659 1051 Daniele

2082 1092 2597 1160 usurpathAnimas
2640 1091 2907 1144 hominum
2964 1106 2995 1143 a
3045 1088 3252 1143 sreculis
3298 1089 3462 1159 fuisse
3516 1088 3663 1158 afﬁr-

2082 1194 2228 1249 mat,
2262 1185 2400 1254 quod
2444 1184 2547 1253 fuit
2599 1183 3025 1253 Origeuistarum
3069 1180 3662 1252 figmentumsaliaque

2081 1286 2205 1331 sunt
2267 1277 2381 1347 ejus
2450 1275 2636 1331 crebra
2702 1276 2965 1329 insomnia
3022 1286 3178 1344 atque
3251 1273 3445 1326 deliria
3506 1270 3659 1342 (80),

2081 1368 2268 1440 quibus
2303 1370 2567 1438 perpensis
2622 1356 2723 1421 non
2767 1384 3042 1437 possumus
3091 1366 3321 1426 adduci,
3380 1374 3437 1418 ut
3473 1364 3666 1417 creda-

2083 1477 2197 1514 mus
2233 1460 2471 1515 libellqu
2517 1463 2654 1514 hunc
2692 1477 2802 1514 esse
2826 1461 3016 1515 ‘reteris
3059 1459 3206 1512 illius
3241 1459 3510 1528 episcopi,
3550 1464 3661 1512 etc.

2083 1551 2356 1607 Hactenus
2390 1551 2634 1608 Itivctus.
2681 1550 2844 1607 Ellics
2898 1551 3070 1620 Dupin
3104 1550 3294 1605 Riveto
3334 1549 3665 1619 sumagatus

2034 1630 2039 1637 ⁸
2084 1643 2273 1697 iisdem
2302 1641 2414 1698 fere
2443 1644 2747 1698 rationibus
2778 1644 2947 1698 utitur
2975 1634 3112 1712 (81).
3149 1640 3255 1696 Sed
3288 1649 3342 1695 et
3370 1658 3399 1695 a
3430 1641 3665 1696 Combe-

2082 1735 2204 1790 tisio
2240 1735 2585 1790 observatum
2626 1746 2711 1793 est
2744 1737 2796 1790 in
2848 1734 3051 1791 Catena
3097 1733 3321 1789 Patrum
3360 1735 3550 1789 Graeca
3593 1732 3665 1789 ad

2082 1825 2368 1884 Jeremiam
2422 1828 2585 1882 verba
2634 1828 2880 1897 quaedam
2933 1843 3000 1882 ex
3066 1825 3356 1898 Hippolyto
3406 1825 3660 1895 allegari,

407 1916 759 1973 doctissimus
786 1917 1163 1975 Tillemontius
1195 1920 1306 1989 (76)
1336 1921 1518 1990 plures
1550 1922 1700 1976 viros
1732 1922 1979 1978 eruditos
2014 1919 2054 1973 Β
2085 1935 2208 1989 quae
2250 1921 2302 1974 in
2333 1919 2584 1975 Gudiano
2614 1918 2900 1990 Hippolyto
2920 1961 2935 1985 ,
2963 1934 3074 1973 non
3105 1930 3285 1974 autem
3318 1918 3373 1971 in
3411 1918 3515 1972 hoc
3547 1915 3662 1969 Pici

407 2009 477 2063 ab
524 2010 680 2065 initio
723 2012 870 2065 hunc
915 2013 1157 2067 libellum
1202 2016 1347 2068 velut
1389 2014 1683 2083 genuinum
1717 2015 1980 2084 scriptum

406 2100 676 2169 recepisse
722 2101 867 2172 (77),
900 2103 993 2172 qui
1028 2113 1203 2158 tamen
1240 2104 1344 2158 sibi
1397 2106 1667 2174 imperare
1725 2121 1833 2159 non
1883 2121 1982 2174 po-

407 2201 578 2257 tuere,
602 2195 895 2263 quominus
929 2195 1376 2261 condemnarent,
1408 2197 1550 2266 quod
1584 2197 1636 2250 in
1666 2212 1730 2252 eo
1765 2197 1980 2269 legitur,

405 2281 665 2339 Joannem
690 2286 1076 2355 evangelistam
1101 2287 1330 2342 necdum
1363 2303 1485 2342 esse
1513 2297 1810 2354 mortuum,
1836 2289 1984 2360 quod

412 2390 602 2430 revera
632 2377 796 2431 etiam
830 2394 1020 2447 parum
1049 2380 1274 2448 dignum
1309 2394 1430 2434 esse
1458 2380 1673 2434 videtur
1706 2389 1855 2435 tanto
1886 2380 1985 2436 do-

406 2475 557 2522 ctore
606 2466 893 2532 Ecclesiae,
940 2477 1163 2538 tamque
1181 2469 1433 2531 celebri,
1466 2469 1559 2539 qui
1591 2471 1750 2525 tertio
1783 2471 1984 2526 saeculo

406 2560 562 2624 vixit,
586 2569 747 2630 atque
778 2560 830 2614 in
865 2561 1264 2631 genuino‘libro
1301 2561 1378 2615 De
1408 2561 1734 2616 Antichristo
1761 2570 1985 2617 contra-

408 2651 549 2706 rium
580 2652 741 2708 etiam
775 2653 976 2709 diserte
1017 2664 1247 2709 testatus
1282 2664 1365 2710 est
1399 2654 1548 2725 (78);
1576 2665 1905 2726 quapropter
1931 2664 1987 2711 et

408 2746 593 2814 prius,
644 2762 807 2817 quam
844 2763 1023 2823 ‘verus
1076 2748 1165 2802 ille
1210 2747 1288 2802 De
1338 2746 1669 2801 Antichristo
1720 2732 1996 2803 tractatus

407 2836 601 2893 fuisset
630 2847 896 2908 repertus,
925 2854 1030 2893 non
1062 2840 1219 2909 pauci
1248 2855 1371 2895 eum
1398 2849 1659 2908 tanquam
1696 2836 1893 2894 falsum
1922 2854 1988 2894 ac

350 2982 355 2989 ,
407 2928 745 2984 subdititium
773 2930 1109 2999 rcjcecrunt,
1145 2947 1209 2986 ac
1238 2931 1397 2999 longe
1424 2932 1664 3000 junioris
1702 2931 1987 3001 scriptoris

409 3020 561 3077 illum
601 3036 721 3077 esse
750 3032 1094 3091 putaverunt.
1130 3025 1278 3076 Inter
1324 3023 1425 3077 hos
1454 3038 1649 3094 agmen
1680 3023 1831 3077 ducit
1872 3021 1987 3077 An-

409 3113 570 3168 dreas
595 3111 822 3167 Rivetus
860 3112 971 3185 (79)
1000 3114 1093 3183 qui
1138 3114 1213 3168 ita
1252 3114 1318 3169 de
1360 3114 1466 3169 hoc
1510 3115 1694 3170 libello
1719 3114 1932 3184 judicat
1970 3132 1984 3169 :

413 3202 651 3272 Exiguus
680 3204 907 3270 libellus,
931 3206 1089 3271 pretii
1119 3204 1244 3274 pene
1273 3204 1495 3272 nullius,
1522 3222 1613 3260 nec
1638 3206 1759 3275 ﬁdei
1780 3204 1987 3275 quidem

410 3296 655 3365 majoris.
699 3297 984 3351 Auctorem
1033 3298 1197 3365 fuisse
1248 3298 1584 3353 illitteratum
1638 3307 1794 3368 atque
1835 3297 1989 3352 indo-
2017 3281 2062 3344 (ἶ

411 3396 553 3440 ctum
578 3429 593 3453 ,
640 3404 759 3441 cum
810 3402 874 3441 ea:
923 3389 1033 3456 ipso
1071 3387 1270 3443 (ira-ere
1320 3389 1565 3443 dictionis
1600 3404 1815 3459 genere,
1848 3387 1986 3457 quod

410 3478 714 3549 plerumque
760 3480 964 3549 puerile
1008 3490 1118 3546 est,
1174 3491 1283 3535 tum
1337 3497 1403 3535 ea:
1450 3483 1525 3537 rei
1568 3483 1788 3537 veritate
1835 3492 1989 3552 atque

412 3571 632 3636 pondere
657 3582 893 3641 apparet.
930 3571 1170 3626 Primam
1198 3573 1324 3628 libri
1356 3577 1672 3648 sententiam
1707 3574 1989 3628 exorditur

411 3661 476 3715 ub
503 3662 670 3726 cnim,
699 3663 827 3734 γάρ,
850 3662 988 3733 quod
1012 3679 1073 3717 ne
1098 3678 1224 3731 puer
1243 3664 1451 3734 quidem
1478 3665 1532 3717 in
1561 3663 1740 3718 schola
1770 3664 1984 3734 faceret.

331 3804 338 3817 ,
413 3752 615 3807 Multas
647 3754 799 3808 habet
827 3752 890 3807 de
923 3754 1192 3808 natalibus
1225 3764 1274 3807 et
1302 3755 1411 3808 vita
1456 3755 1773 3809 Antichristi
1805 3756 1988 3810 inanes

412 3847 766 3918 conjecturas.
795 3846 1183 3915 Antichristum
1214 3863 1317 3899 non
1349 3847 1633 3913 hominem,
1669 3846 1759 3901 sed
1788 3847 1987 3900 tltemo-

487 4000 599 4070 (75)
638 3999 763 4054 Fuit
787 3999 833 4053 is
871 3999 1129 4054 classium
1163 4000 1633 4069 iuquisitoriarum
1663 4000 1990 4059 Parisiensis

412 4082 637 4128 senatus
657 4074 905 4140 primum
944 4072 1262 4139 praefectus,
1294 4082 1477 4140 postea
1507 4073 1806 4127 eanonicus
1839 4072 1991 4127 Pari-

414 4139 859 4199 sicnsis.Nomeu
888 4141 1007 4208 ejus
1028 4140 1277 4193 Latinum
1297 4139 1385 4194 est
1412 4141 1595 4205 Picus,
1621 4144 1765 4211 quod
1789 4142 1993 4199 Gallice

413 4213 636 4284 quidam
665 4212 864 4284 eruditi
893 4210 1245 4284 designarunt
1268 4223 1368 4279 per
1395 4211 1507 4265 Pic.
1542 4210 1691 4266 Unde
1714 4211 1989 4284 cl.l)upin

414 4278 644 4337 érronee
688 4281 872 4334 Picum
908 4278 1344 4334 Mirandulanuut
1381 4286 1644 4336 editmem
1678 4278 1992 4338 arbitratus

415 4362 499 4407 est
541 4351 795 4407 Biblioth.
829 4361 1034 4403 auctor.
1066 4360 1199 4403 tom.
1240 4352 1289 4415 Ι,
1324 4368 1443 4420 pag.
1470 4352 1569 4404 177
1619 4351 1764 4417 Lat,
1795 4353 1989 4408 Colon.

418 4421 522 4477 Sed
561 4437 747 4477 verum
778 4423 898 4489 ejus
928 4435 1125 4473 nomen
1174 4420 1439 4475 Gallicum
1472 4430 1555 4476 est
1585 4420 1768 4486 Picot,
1796 4438 1991 4492 quem-

417 4493 710 4548 admodum
760 4494 990 4546 hahetur
1038 4492 1091 4543 in
1143 4492 1420 4563 privilegio
1471 4507 1567 4561 pro
1615 4492 1993 4562 imprimendis

417 4565 539 4635 ejus
570 4563 849 4635 operibus.

2088 2011 2453 2081 reperiuntur.
2502 2010 2702 2066 Eodem
2746 2010 3074 2066 Combclisio
3117 2011 3297 2079 judice
3328 2008 3439 2080 (82)
3493 2010 3663 2077 illud,

2086 2102 2232 2172 quod
2264 2100 2532 2173 Hippolyti
2561 2102 2780 2157 nomine
2818 2117 2957 2171 Opus
2999 2099 3074 2154 De
3104 2101 3431 2156 Autichristo
3474 2100 3664 2155 hacte-

2088 2209 2193 2249 nus
2220 2193 2431 2263 pluteos
2476 2203 2832 2257 oneraverat,
2883 2195 3155 2263 sequioris
3200 2193 3424 2249 Grte‘ciie
3473 2209 3670 2247 monu-

2089 2300 2331 2343 mentum
2362 2296 2481 2353 est,
2512 2303 2577 2342 ac
2602 2289 2764 2358 plane
2791 2288 3148 2342 stramincum
3174 2327 3190 2349 ,
3217 2287 3353 2341 nihil
3377 2287 3477 2341 :evi
3519 2287 3668 2342 illius

2090 2379 2454 2436 sinceritatem
2484 2379 2765 2446 redoleas,
2811 2389 2904 2433 aut
2934 2394 3125 2433 venam
3158 2379 3340 2449 magni
3376 2394 3501 2434 cum
3534 2379 3669 2434 sim-

2090 2471 2330 2542 plicitate
2362 2472 2637 2542 theologi,
2687 2473 2930 2541 satisque
2974 2472 3029 2525 in
3083 2470 3380 2540 Scripturis
3425 2470 3665 2537 versati;

2091 2565 2249 2635 cujus
2275 2581 2472 2636 parens
2497 2581 2562 2619 eo
2607 2565 2726 2635 ipso
2771 2580 3067 2635 persuasus
3108 2564 3302 2628 fuerit,
3346 2564 3494 2635 quod
3526 2567 3669 2620 scri-

2091 2658 2267 2728 psisse
2309 2656 2655 2729 Hippolytum
2711 2658 2783 2713 De
2832 2659 3161 2712 Antichrislo
3214 2658 3354 2727 apud
3407 2658 3673 2728 antiquos

2091 2750 2463 2820 pervulgatum
2488 2751 2577 2805 sit.
2604 2748 2799 2804 Mirum
2827 2749 3253 2820 prefectoquod,
3285 2759 3363 2804 tot
3392 2751 3674 2820 tantisque

2034 2884 2069 2901 .-
2094 2853 2281 2899 contra
2307 2844 2642 2897 autltenliam
2678 2843 2841 2915 hujus
2866 2844 3054 2914 scripti
3089 2844 3360 2899 stantibus
3390 2844 3671 2899 rationum

2094 2936 2408 2997 momentis,
2437 2935 2565 2989 illud
2603 2947 2778 2990 tamen
2818 2944 2875 2990 ut
2907 2936 3278 2991 authenticum
3309 2935 3367 2991 S.
3393 2934 3673 3008 Hippolyti

2094 3039 2232 3095 opus
2301 3023 2588 3094 perdoctus
2653 3024 2862 3082 Natalis
2906 3026 3214 3081 Alexander
3265 3026 3559 3083 defendere
3605 3040 3673 3084 ac

2098 3117 2241 3172 tueri
2272 3125 2502 3173 conatus
2537 3117 2702 3173 fuerit
2732 3118 2865 3189 (83).

2625 3270 3019 3329 ARTICULUS
3064 3272 3129 3329 ll.

2091 3426 2158 3466 DE
2191 3424 2575 3465 COHMENTARIO
2615 3428 2634 3459 ι
2668 3426 2719 3464 IN
2750 3423 3135 3473 ΑιιοοΑιγιιςιιι,
3167 3428 3184 3459 ι
3225 3424 3517 3464 τΒΛΕτλτῢ
3552 3426 3571 3459 ι
3604 3426 3673 3464 DE

2157 3497 2424 3537 Βιτουιῖεηι
2462 3496 2768 3541 ΑΡΟδΤΟῐΛὸ,
2800 3503 2815 3530 t
2852 3496 2920 3534 ΕΤ
2967 3496 3092 3535 Αιιο
3129 3498 3146 3530 ι
3177 3496 3243 3533 οε
3285 3497 3387 3533 LXX
3428 3495 3675 3535 DISCIPU-

2160 3568 2263 3619 LIS,
2297 3571 2314 3601 ι
2352 3567 2553 3607 δειδίξτο
2584 3567 2877 3605 IIEPPOLYTO
2908 3566 3113 3606 NOSTRO
3149 3566 3313 3607 FALSO
3341 3566 3634 3606 ASCIUI’TIS.

2125 3695 2154 3767 ς
2184 3693 2224 3748 1.
2267 3694 2344 3748 De
2374 3694 2754 3767 commentario
2785 3694 2838 3746 in
2860 3693 3215 3767 Apocalypsin
3241 3692 3380 3762 [also
3400 3660 3466 3746 VS.
3501 3691 3641 3761 Ilip-

2661 3766 2841 3833 polyto
2874 3764 3090 3818 tributo.

2167 3850 2353 3908 Sixlus
2388 3851 2647 3908 Senensis
2677 3853 2895 3922 scripsit
2924 3854 3061 3923 (Si),
3105 3852 3252 3922 quod
3306 3852 3508 3922 reperti
3557 3853 3677 3907 fue-

2093 4021 2385 4061 consumm.
2427 4006 2648 4070 mundi,
2696 4023 2849 4060 num.
2898 4004 3046 4075 21),
3081 4007 3133 4060 in
3185 4021 3295 4074 quo
3336 4005 3404 4059 de
3439 4005 3693 4061 falsitate

2093 4080 2437 4149 redarguitur
2465 4095 2493 4130 a
2521 4076 2800 4146 Scriptum
2824 4077 3011 4148 (Apoc.
3037 4094 3112 4139 xu,
3140 4077 3226 4149 15)
3245 4094 3259 4142 ;
3277 4078 3678 4149 Antichristutn

2094 4147 2392 4217 dwmnnem
2427 4149 2686 4217 esseisuh
2720 4150 2899 4212 specie
2933 4151 3169 4202 humana
3205 4147 3585 4217 apparentem.
3621 4148 3676 4203 in

2093 4232 2204 4289 quo
2234 4226 2289 4289 et
2320 4216 2595 4289 Panlo_(ll
2634 4218 2700 4271 ad
2732 4217 2981 4272 Thessal.
3013 4235 3050 4271 tt
3076 4218 3126 4287 ),
3156 4227 3212 4272 et
3240 4216 3341 4286 ipsi
3381 4216 3676 4289 Hippolyto

2094 4288 2189 4341 lih.
2218 4286 2293 4339 De
2325 4286 2561 4350 Autich.,
2587 4302 2737 4343 num.
2770 4289 2804 4343 5
2830 4297 2883 4340 et
2906 4291 2960 4350 ti,
2990 4286 3333 4353 ροιιιιιιιιιεει,
3364 4286 3461 4357 qui
3486 4286 3677 4342 verum

2096 4358 2372 4429 hominem
2400 4358 2800 4429 (Antichristum
2828 4367 3090 4412 statuunt.
3129 4359 3201 4413 Ea
3249 4374 3467 4429 quoque
3491 4399 3507 4415 .
3552 4374 3681 4427 qua:

2094 4428 2163 4481 de
2197 4428 2482 4482 monachis
2511 4430 2701 4481 scribit
2733 4445 2882 4483 nunt.
2919 4430 2967 4494 7,
2992 4439 3044 4482 et
3074 4429 3141 4482 de
3166 4431 3389 4483 incenso
3419 4430 3470 4481 in
3500 4430 3680 4483 eccle-

2097 4500 2195 4552 siis
2223 4498 2468 4552 adhihito
2517 4513 2669 4551 num.
2704 4500 2804 4560 54,
2852 4502 2999 4553 clare
3048 4502 3343 4553 ostendunt
3394 4509 3677 4552 auctorem

2097 4583 2220 4622 esse
2248 4568 2447 4622 sacculo
2482 4569 2642 4621 tertio
2673 4572 3028 4637 posteriorem
3052 4609 3066 4634 ,
3107 4574 3157 4622 in
3190 4588 3300 4639 quo
3345 4577 3522 4623 status
3554 4584 3677 4623 mo-

450 4630 618 4709 [(74)
642 4634 901 4688 Biblioth.
936 4632 1055 4687 PP.
1100 4631 1352 4704 Lngdun.
1403 4642 1535 4687 tom.
1579 4630 1682 4699 Ill,
1712 4648 1835 4704 pag.
1861 4633 1996 4687 255-
2028 4635 2070 4690 D
2102 4639 2343 4709 nastiens
2378 4642 2618 4692 nondum
2649 4630 2811 4692 notus
2857 4630 3253 4709 fuel-at,tteqtic
3299 4639 3506 4693 incensi
3542 4655 3678 4693 usus

494 4775 605 4847 (75)
643 4771 923 4847 llippolyt.
956 4772 1091 4847 Opp.
1130 4783 1258 4827 tom.
1291 4772 1348 4836 l,
1395 4772 1638 4847 Append.
1684 4786 1805 4847 pag.
1840 4772 1993 4847 ἀίεις).

487 4845 601 4913 (7o)
643 4843 935 4898 'ftlicmtint
963 4886 977 4911 ,
1006 4844 1249 4897 Memoir.
1280 4857 1409 4898 tom.
1441 4845 1527 4901 tll.
1554 4854 1665 4897 not.
1698 4845 1753 4907 6,
1784 4859 1837 4912 p.
1867 4845 1992 4898 512.

486 4916 601 4988 (77)
617 4913 1083 4988 bellarminusme
1107 4917 1386 4988 scriptun;
1408 4913 1604 4988 Baron.
1626 4914 1691 4988 ad
1713 4930 1842 4988 ann.
1866 4915 1992 4979 2'29,

420 4980 448 5048 ᾗ
478 4980 807 5044 1υ;’1ιιὼ1›.,
849 4984 1044 5054 Script.
1085 4980 1294 5046 εωιέε..
1329 5002 1451 5055 pag.
1485 4984 1620 5049 471;
1652 4983 1859 5049 Bullus,
1896 4988 1997 5037 De-

418 5056 551 5125 fens.
578 5057 684 5126 ﬁd.
707 5055 856 5121 Nic.,
884 5056 976 5109 lib.
1003 5072 1084 5117 Ill,
1113 5073 1235 5126 pag.
1268 5058 1320 5110 8.

489 5121 604 5199 (78)
645 5125 773 5199 Haec
805 5127 935 5199 sola
969 5121 1380 5199 circumstantia
1403 5166 1417 5188 ,
1449 5123 1632 5195 judice
1675 5121 1828 5199 Betui
1858 5125 1997 5199 Ccil—

419 5196 519 5251 lier
553 5196 685 5251 tum.
714 5197 758 5251 ll
794 5196 940 5249 Ilist.
970 5199 1144 5266 génér.
1172 5197 1262 5250 des
1296 5206 1531 5261 autrurs,
1564 5212 1686 5265 pag.
1721 5196 1846 5259 560,
1882 5197 1997 5249 suf-

419 5267 532 5322 ficit
558 5270 624 5322 ad
657 5268 1144 5322 demonstrandum
1202 5267 1485 5336 praefatum
1535 5266 1610 5318 De
1662 5282 1997 5321 consumma-

418 5341 560 5391 tione
592 5339 775 5391 mumli
810 5347 907 5391 ιιιιί
931 5347 1121 5402 tatutn,
1145 5337 1353 5391 domini
1384 5339 1449 5390 de
1470 5337 1621 5391 Picot
1644 5342 1993 5405 impressum,

422 5424 531 5462 non
563 5424 681 5463 esse
714 5410 888 5463 sancti
922 5406 1225 5479 Hippolyti;
1277 5407 1368 5462 sed
1397 5408 1682 5471 habemus,
1722 5408 1891 5476 pergit
1922 5409 1994 5461 cl.

419 5480 638 5549 getllier
660 5520 676 5545 ,
711 5482 816 5533 alia
841 5493 1058 5549 queque
1100 5481 1255 5545 loitge
1286 5480 1622 5531 evidentiora
1653 5485 1992 5549 argumenta.

422 5546 492 5603 Ut
519 5550 663 5603 enim
690 5551 825 5620 nihil
857 5546 1035 5604 dicam
1062 5549 1128 5603 de
1156 5553 1294 5620 style
1322 5549 1508 5601 humili
1545 5563 1608 5600 ac
1636 5547 1995 5620 puerili,cum

418 5629 641 5674 econtra
686 5619 960 5690 Hippolyti
1008 5620 1184 5690 slylus
1209 5618 1405 5690 gravis
1451 5625 1597 5672 esset
1628 5628 1683 5671 ct
1721 5618 1992 5690 sublimis,

417 5699 613 5744 luctor
672 5687 814 5744 facta
874 5687 1114 5745 defendit
1160 5687 1248 5744 ac_
1271 5688 1468 5753 refert,
1514 5702 1748 5756 quorum
1782 5687 1994 5741 falsitas

421 5758 710 5815 mattil‘esta
736 5771 820 5815 est
846 5761 1123 5816 omnibus.
1169 5761 1289 5822 Sic,
1320 5759 1554 5827 exempli
1594 5759 1797 5826 gratia,
1834 5768 1913 5811 tta
1936 5760 1999 5811 iit

419 5827 683 5886 Joannem
715 5847 839 5885 cum
886 5829 1000 5885 Elia
1034 5841 1091 5885 et
1130 5832 1350 5886 Enneho
1396 5839 1685 5884 \‘Cllllll'lllll
1740 5832 1807 5880 ad
1842 5828 1998 5883 lBSli'

419 5902 667 5958 monium
704 5902 1096 5973 perhibendum
1124 5914 1313 5959 contra
1340 5901 1737 5957 Antichristum
1771 5899 1888 5972 (lib.
1917 5896 1996 5953 De

2103 4707 2411 4779 stabilitus,
2443 4709 2545 4762 nisi
2584 4711 2762 4778 quoad
2798 4711 3126 4779 sepulturam
3165 4707 3520 4764 utortuorum
3545 4750 3559 4773 ,
3598 4710 3674 4762 uti

2101 4794 2169 4832 ex
2218 4777 2537 4849 Tertulliani
2585 4777 3206 4834 discimustractatibus
3272 4780 3349 4833 De
3411 4791 3675 4849 spectata,

2102 4863 2150 4902 c.
2187 4849 2278 4921 ii;
2307 4848 2381 4921 De
2406 4865 2622 4921 corona,
2651 4866 2700 4902 (ο.
2738 4850 2842 4915 i0;
2874 4851 3173 4921 Apologct.,
3208 4867 3257 4906 c.
3294 4851 3363 4904 50
3393 4848 3447 4904 et
3480 4850 3570 4904 42.

2174 4919 2289 4989 (7h)
2332 4918 2534 4992 liivet.,
2566 4919 2701 4975 Crit.
2739 4921 2831 4976 lib.
2871 4918 2932 4987 tt,
2963 4938 3011 4975 c.
3048 4918 3137 4985 ti,
3164 4938 3219 4992 ρ.
3251 4921 3376 4976 215.

2173 4988 2289 5060 (80)
2333 4990 2533 5059 Excipe
2587 5000 2764 5043 tamen
2831 5006 2951 5059 qua:
2977 4988 3355 5045 auctor'doect
3402 4991 3469 5043 de
3514 4988 3677 5045 Verbi

2101 5062 2402 5131 tetcruitate
2428 5099 2444 5126 ,
2486 5063 2753 5114 sacriﬁcio
2784 5067 3026 5129 corporis
3058 5072 3112 5115 et
3143 5062 3425 5131 sanguinis
3461 5062 3677 5116 Domini

2103 5131 2274 5184 nostri
2306 5129 2434 5185 .lesu
2477 5133 2678 5184 Christi
2706 5171 2721 5193 ,
2755 5141 2941 5200 utpote
2973 5144 3160 5187 sancto
3193 5129 3483 5203 Hippolyto
3526 5148 3680 5186 sum-

2103 5215 2323 5269 mopcre
2358 5203 2731 5271 congruentia.

2175 5273 2288 5344 (8|)
2330 5271 2585 5344 Biblioth.
2636 5280 2840 5327 auctor.
2890 5283 3023 5326 tom.
3059 5271 3112 5337 l,
3160 5273 3378 5344 Dupin.,
3415 5288 3539 5343 pag.
3570 5272 3677 5328 179

2102 5344 2232 5396 edit.
2267 5342 2380 5394 Lat.
2410 5341 2601 5396 Colon.

2177 5412 2288 5481 (82)
2313 5412 2603 5467 Combelis.
2626 5451 2641 5471 ,
2672 5409 2829 5464 Ptmf.
2860 5420 3111 5469 notarum
3144 5414 3196 5469 in
3221 5414 3419 5468 librum
3455 5412 3512 5467 S.
3547 5412 3682 5482 Hip-

2101 5485 2270 5552 polyti
2304 5485 2596 5551 genuinum
2656 5482 2727 5535 De
2758 5483 3084 5553 Antichristo
3109 5525 3124 5548 ,
3176 5495 3230 5539 et
3272 5486 3413 5553 apud
3459 5486 3677 5539 r'aiiiic.

2103 5551 2348 5626 υιψεξὶ.Δ
2362 5553 2741 5626 11ιρρυΙηιυιιι.
2764 5551 2810 5626 pl.
2846 5556 3087 5626 Append.
3117 5573 3233 5626 pag.
3269 5551 3322 5607 ti.

2177 5624 2288 5746 (83;)
2331 5621 2503 5747 Νειῒὲ
2532 5623 2820 5693 Alesaud.,
2860 5621 3004 5679 Hist.
3032 5621 3395 5691 ecc'l.,'saecul.
3424 5638 3508 5690 ιιι,
3533 5640 3584 5679 c.
3622 5624 3678 5691 ι.

2196 5733 2210 5747 .
2280 5735 2294 5747 .
2332 5708 2382 5747 n.
2496 5734 2511 5747 .

2104 5703 2210 5748 art.
2244 5698 2294 5758 1,
2331 5708 2382 5758 p.
2421 5698 2511 5749 62.

2331 5708 2520 5821 Isidi;
2571 5763 2849 5829 Senensis,
2902 5766 2992 5822 lib.
3054 5783 3107 5824 tv
3143 5765 3401 5826 Biblioth.
3444 5778 3676 5833 sanctte,

2102 5849 2225 5907 μθ
