3986 6358
484 380 593 438 εδδ

1448 380 1535 434 DE
1574 380 1736 436 VITA
1780 380 1870 435 ΕΤ
1908 379 2219 436 SCRIP'I'IS
2261 381 2316 435 S.
2373 380 2752 436 HIPPOLYTI.

3637 377 3738 434 3M

483 494 650 558 bane,
689 495 954 566 scriptore
985 496 1170 552 saeculi
1200 496 1474 552 undecimi
1519 496 1587 552 ad
1632 496 1792 552 ﬁnem
1832 513 2061 569 vergcn-
2089 508 2136 561 Α
2166 508 2442 554 auctorem
2495 500 2661 568 hujus
2722 498 3011 570 fragmenti
3058 505 3187 552 ante
3219 496 3500 558 ~saxulum
3535 511 3592 549 xt
3631 511 3738 549 non

481 589 578 654 tis,
613 598 710 644 aut
743 590 942 645 saeculo
979 590 1304 646 duodecimo
1349 589 1571 645 ineunte
1612 589 1894 656 ﬂorentis;
1927 590 2066 646 vixit

481 679 626 734 enim
663 691 784 751 post
817 679 1126 737 Simeonem
1157 679 1558 754 Metaphrasten
1590 679 1727 752 (96).
1781 680 2063 752 Siquidem

481 774 585 828 hoe
637 772 1001 843 fragmentum
1059 789 1248 830 revera
1301 775 1482 846 quoad
1535 788 1726 830 omnes
1775 785 1958 845 partes
2007 775 2062 828 in

480 861 741 919 Chronico
783 863 1054 938 Hippolyti
1089 864 1332 921 Thebani
1383 865 1569 922 Graece
1617 882 1682 922 ac
1729 865 1920 922 Latine
1967 867 2064 922 abs

479 952 836 1014 Emmanuele
884 957 1222 1015 Schelstrate
1275 975 1420 1014 anno
1459 957 1593 1014 I692
1638 959 1693 1014 in
1738 958 1911 1014 lucem
1951 959 2066 1015 edi-

481 1059 540 1103 to
570 1048 683 1121 (97)
712 1058 768 1106 et
808 1059 1001 1121 postea
1055 1067 1086 1107 a
1137 1051 1206 1108 cl.
1232 1049 1486 1106 Fabricio
1545 1052 1830 1122 appendici
1877 1053 2062 1108 tomil

481 1139 721 1211 Operum
768 1139 827 1200 S.
859 1140 1139 1215 Hippolyti
1184 1143 1426 1214 episcopi
1466 1157 1530 1197 ac
1566 1144 1822 1216 martyris
1855 1145 2063 1201 inserto

476 1233 745 1302 reperitur
770 1233 910 1304 (98).
948 1233 1218 1290 Czeterum
1250 1248 1314 1289 ea
1362 1249 1485 1304 qua:
1533 1232 1843 1289 referuntur
1872 1235 1926 1288 in
1958 1236 2065 1291 hoc

483 1322 746 1379 Chronico
777 1325 847 1381 de
879 1325 1192 1397 genealogia
1223 1325 1397 1380 sancti
1426 1323 1646 1397 Iosephi
1685 1327 1912 1398 ejusque
1953 1337 2064 1382 tota

479 1415 709 1482 familia,
746 1417 1122 1474 om‘nimodam
1158 1418 1393 1474 ﬁctionis
1419 1419 1832 1476 similitudinem
1865 1436 1976 1491 prie
2007 1436 2064 1476 se

477 1505 697 1575 ferunt;
733 1509 982 1580 quinimo
1025 1525 1149 1565 cum
1183 1511 1502 1568 doctissimo
1536 1511 1784 1583 Remigio
1813 1513 2065 1570 Ceilliero

475 1616 724 1657 asserere
777 1618 886 1658 non
942 1603 1258 1660 dubitamus
1303 1605 1416 1675 (99)
1459 1606 1727 1676 integrum
1786 1620 1927 1676 opus
1987 1605 2066 1661 nil

477 1693 626 1748 aliud
677 1708 802 1750 esse
851 1711 1016 1766 quam
1071 1696 1368 1757 falsitatum
1415 1708 1708 1754 texturam.
1739 1697 1938 1755 Nescio
1968 1716 2061 1754 au-

475 1793 610 1850 tem,
637 1783 814 1855 inquit
837 1785 1090 1844 laudatus
1115 1789 1200 1843 vir
1224 1789 1418 1845 doetus
1449 1790 1550 1861 (l),
1584 1791 1726 1845 unde
1755 1799 1951 1846 auctor
1978 1790 2063 1844 di-

477 1875 671 1930 dicerit
717 1875 908 1934 Patres
955 1878 1008 1933 in
1058 1877 1276 1935 Nicaeus
1309 1882 1520 1953 synodo
1553 1880 1831 1948 statuisse,
1870 1894 1927 1935 ut
1960 1899 2060 1936 non

477 1967 851 2023 ordinarentur
876 1971 1165 2041 presbyteri
1201 1982 1323 2026 ante
1352 1973 1572 2044 triginta
1603 1989 1792 2040 annos,
1836 1974 2064 2029 dixisse-

476 2075 595 2123 que,
627 2061 858 2130 sufﬁcere
884 2061 1147 2133 discipulo
1173 2072 1229 2118 ut
1254 2065 1325 2118 sit
1357 2065 1494 2118 sicut
1517 2066 1800 2136 magister,
1824 2077 1873 2120 et
1895 2083 2060 2134 servo,

475 2158 536 2204 ut
559 2152 628 2206 sit
656 2153 794 2207 sicut
827 2153 1070 2210 dominus
1115 2156 1252 2222 eius.
1285 2157 1476 2212 Credit
1501 2172 1722 2228 quoque
1753 2158 1840 2214 hic
1869 2168 2063 2214 auctor

476 2253 729 2299 sanctum
781 2239 1090 2316 Iosephuni
1126 2247 1457 2304 beatissima:
1504 2246 1747 2319 Virginis
1799 2265 2061 2320 sponsum

475 2339 613 2394 duas
634 2352 836 2394 uxores
859 2339 1138 2403 habuisse,
1167 2347 1332 2410 atque
1359 2355 1424 2394 cx
1451 2339 1624 2410 prima
1653 2337 1871 2394 Salome
1893 2341 2058 2404 dicta,

475 2445 597 2499 qua:
627 2429 730 2486 fuit
750 2431 860 2486 ﬁlia
885 2431 1067 2502 Aggaai
1098 2430 1282 2487 fratris
1309 2430 1610 2498 Zachariae,
1637 2432 1810 2502 patris
1830 2430 2061 2488 Joannis

473 2520 750 2591 Baptistae,
800 2533 1037 2594 quatuor
1083 2524 1246 2588 ﬁlios,
1299 2524 1586 2588 Iacobum,
1633 2523 1934 2591 Simonem,
1965 2524 2063 2580 Iu-

471 2614 598 2669 dam
646 2624 700 2670 et
743 2613 966 2685 Ioseph,
999 2628 1052 2672 et
1095 2617 1234 2674 duas
1285 2617 1422 2672 ﬁlias
1466 2616 1661 2672 Esther
1697 2628 1752 2672 et
1793 2615 2059 2673 Martham

480 2709 796 2781 suscepisse
827 2709 931 2783 (2).

543 2801 932 2875 Fragmentum
1002 2821 1072 2860 ex
1133 2805 1394 2862 Chronico
1464 2805 1738 2879 Hippolyti
1808 2805 2057 2863 Thebani

470 2901 648 2948 exstat
685 2893 892 2948 editum
931 2909 962 2948 a
991 2893 1203 2951 Joanne
1229 2894 1505 2950 Sambuco
1529 2895 1734 2951 Patavii
1755 2895 1918 2962 1556,
1950 2895 2060 2950 La-

471 2987 584 3041 tine
607 2985 747 3052 in—8,
778 2986 919 3058 typis
939 2985 1178 3043 Gratiosi
1203 2985 1524 3042 Perchacini
1553 2987 1656 3042 sub
1682 2987 1838 3042 titulo
1867 2987 2059 3044 Libelli

477 3078 543 3131 de
572 3091 692 3130 ortu
722 3086 772 3131 et
805 3080 1116 3148 cognatione
1158 3078 1389 3150 Virginis
1435 3078 1646 3147 Mariae,
1671 3089 1725 3134 et
1749 3092 2060 3136 asservatur

472 3185 574 3223 ms.
624 3171 678 3223 in
712 3168 1040 3226 bibliotheca
1082 3171 1352 3238 Caesarea,
1396 3171 1490 3227 sed
1538 3172 1921 3228 brevissimum
1954 3175 2054 3245 (5).
2084 3195 2130 3258 C

473 3257 716 3329 Longius
753 3267 935 3313 exstat
979 3259 1033 3314 in
1071 3258 1407 3315 Lectionibus
1439 3262 1670 3332 antiquis
1704 3261 1923 3319 llenrici
1954 3263 2059 3318 Ca-

469 3349 624 3414 nisii,
653 3357 787 3416 tom.
812 3349 905 3416 lll,
926 3366 1048 3420 pag.
1085 3351 1176 3415 55,
1201 3350 1388 3407 Grasce
1411 3367 1476 3408 ac
1502 3351 1716 3408 Latine.
1745 3353 1862 3410 Non
1893 3357 2054 3426 pauci

467 3439 786 3510 scriptores,
833 3441 927 3513 qui
975 3456 1264 3512 personas,
1306 3458 1505 3500 nomen
1543 3442 1814 3518 Hippolyti
1852 3463 1962 3516 pra:
1999 3463 2058 3503 se

439 3525 442 3528 ’
472 3530 732 3600 ferentes,
772 3547 883 3587 non
929 3533 1064 3589 satis
1095 3533 1484 3600 distinxerunt,
1516 3552 1694 3608 neque
1730 3551 1973 3608 tempora
2003 3541 2056 3596 in

468 3621 671 3691 quibus
700 3621 807 3676 illa:
827 3623 1100 3689 vixerunt,
1127 3623 1232 3679 hoc
1255 3621 1621 3694 fragmentum
1653 3637 1844 3684 sancto
1870 3643 2058 3684 nostro

471 3711 758 3786 Hippolyto
792 3713 1049 3785 episcopo
1071 3729 1136 3770 ae
1158 3716 1385 3787 martyri
1408 3717 1804 3787 attribuerunt;
1835 3736 2060 3791 persua-

466 3805 748 3862 sissimum
771 3807 1034 3864 habentes
1061 3807 1324 3864 Chronica
1350 3809 1468 3866 haec
1498 3811 1553 3866 in
1576 3812 1838 3868 laterculo
1862 3815 2057 3870 tabulae

466 3893 669 3952 Gratum
692 3897 973 3968 designata
1005 3911 1146 3953 esse.
1171 3895 1391 3952 Interim
1425 3907 1606 3974 tamen
1638 3915 1794 3955 error
1825 3900 1914 3956 hie
1943 3910 2053 3956 tam

467 3989 688 4059 grandis
717 3998 821 4057 est,
861 3998 916 4043 ιιι
945 4005 1041 4059 per
1067 4004 1128 4044 se
1160 3998 1426 4060 patescat,
1457 3992 1881 4062 mirandumquc
1905 4008 2057 4063 pror-

468 4087 564 4136 su's
589 4081 736 4152 quod
768 4096 878 4135 non
908 4081 1058 4136 illico
1091 4081 1338 4138 detectus
1372 4081 1560 4139 fuerit.
1595 4082 1945 4140 Manifestum
1973 4099 2058 4144 est

537 4192 764 4265 (96)”Le
799 4193 1010 4265 Moyne,
1051 4191 1213 4265 Ygria
1251 4210 1428 4260 sacra,
1459 4205 1593 4248 tom.
1627 4193 1692 4255 ll,
1743 4211 1796 4262 p.
1835 4197 1967 4251 lOSl
2001 4208 2056 4254 et

468 4261 857 4344 seq.;rCanis.,
889 4261 1028 4318 tum.
1064 4261 1136 4346 Ill
1180 4263 1326 4344 Lect.
1356 4267 1549 4346 antiq.,
1596 4280 1648 4332 p.
1681 4261 1771 4326 55’.
1813 4268 1902 4332 46,
1939 4269 2049 4349 49;

471 4331 652 4396 νεεδ..
706 4332 850 4388 Hist.
882 4333 1077 4400 Crazc.,
1103 4333 1197 4388 ιιι).
1219 4349 1280 4399 ιι,
1303 4350 1352 4390 c.
1380 4334 1471 4398 25,
1499 4351 1551 4404 p.
1577 4336 1716 4400 295;
1742 4335 2049 4404 Posscvm.,

615 4375 652 4396 ο,
706 4370 750 4386 ιι
764 4370 850 4388 suo.
883 4370 1077 4400 UIWVI,
1103 4370 1197 4388 ιιυο
1219 4370 1280 4399 ιι,
1303 4370 1352 4390 uo
1384 4370 1471 4398 tu,
1499 4370 1551 4404 llo
1581 4370 1682 4389 ἀ-υυ
1702 4379 1716 4400 ,
1742 4370 1763 4390 ι
1787 4370 2049 4406 uaauvul.,

466 4406 750 4472 zlpparat.,
787 4419 841 4473 p,
883 4404 1004 4460 765.

539 4476 650 4542 (97)
693 4474 986 4545 Schelestr.
1024 4475 1078 4528 in
1112 4474 1366 4545 (Antiquit
1403 4476 1584 4530 eccles.
1631 4475 1853 4533 dissert.
1912 4478 2040 4534 illu-

463 4555 657 4617 strata,
692 4555 848 4617 t_om.i
873 4543 912 4612 l,
940 4561 992 4617 p.
1026 4544 1131 4617 510
1165 4555 1220 4601 ει
1257 4543 1407 4616 seqq.

537 4615 650 4682 (98)
691 4615 1024 4685 Fabrie.,'p.
1056 4616 1124 4671 46
1147 4625 1202 4671 ει
1229 4630 1338 4683 seq.

535 4687 672 4758 (99)_
693 4684 1114 4758 RemiCeillier,
1142 4696 1275 4758 tom.
1297 4684 1351 4758 ΔΙΙ
1382 4684 1524 4744 Hist.
1557 4687 1699 4757 θέω,
1727 4703 1780 4758 p.
1811 4689 1934 4745 562.

535 4755 802 4840 ξιΙεηι
839 4757 970 4840 ibid.
1002 4765 1058 4813 et
1090 4773 1216 4840 pag.
1247 4756 1371 4840 565.

535 4826 613 4900 (ξς)
645 4826 893 4900 ξἐιὶιτιεη
912 4826 1188 4900 Ιοεεεῖιη⁷
1203 4843 1328 4900 pag.
1351 4826 1443 4882 47.

536 4895 614 4969 (5)
644 4895 969 4969 Lambecius
1008 4895 1253 4955 Graeee'e
1279 4895 1480 4969 codice
1502 4895 1761 4967 Vindob.,
1789 4909 1921 4958 tom.
1952 4900 2039 4965 Ill,

461 4967 724 5040 pag.7746.
779 4967 919 5040 Vide
960 4971 1210 5025 eumdem
1251 4985 1376 5039 pag.
1426 4968 1496 5024 98
1531 4985 1663 5040 seq.
1684 4979 1739 5025 et
1783 4981 1916 5026 tom.
1971 4971 2042 5026 ιν

461 5038 516 5112 p.
549 5039 841 5112 159,_tom.
875 5038 920 5095 ν
945 5056 1082 5112 pag.
1119 5041 1220 5112 l09
1251 5038 1393 5112 seq.,
1437 5049 1567 5112 tom.
1610 5038 1712 5095 ’Vll
1762 5057 1884 5110 pag.
1910 5043 2039 5107 5M,

462 5108 596 5166 inin.
624 5108 738 5163 Vlll
781 5126 903 5179 pag.
932 5108 1119 5176 (ἰδίει
1150 5108 1408 5164 Allatiutn
1441 5110 1519 5164 De
1546 5120 1701 5165 aetate
1728 5108 2042 5168 ei’intersti-

462 5184 552 5236 tiis
583 5183 639 5252 in
659 5179 952 5252 collatione
985 5181 1125 5250 apud
1153 5179 1386 5252 Greecos,
1421 5196 1544 5250 pag.
1574 5181 1668 5252 .50.
1703 5180 1878 5235 Etiam
1911 5182 2041 5252 Hip-

459 5251 624 5324 polyti
655 5250 902 5324 historici
934 5249 1325 5324 fragmentum1
1345 5250 1396 5324 in
1425 5249 1536 5324 quo
1568 5249 1784 5324 salenie
1804 5249 2029 5323 Iosephi

463 5319 688 5394 βιώτικὴ
720 5322 856 5394 vovi)
886 5319 1207 5394 appellatur,
1230 5337 1261 5376 a
1293 5319 1564 5375 Salmasio
1590 5323 1694 5394 sibi
1729 5319 2037 5378 communi-

461 5391 640 5446 catum
672 5391 851 5463 refer_t
873 5391 1116 5447 Andreas
1143 5391 1371 5463 ARivetus
1401 5401 1533 5446 tom.
1562 5392 1631 5445 lll
1661 5391 1797 5463 Opp.
1829 5411 1880 5463 p.
1909 5397 2033 5450 640.

461 5463 759 5534 Allegatct
796 5461 1100 5534 Turrianns
1139 5461 1194 5534 in
1215 5463 1472 5534 Apologia
1509 5480 1603 5532 pro
1641 5461 1796 5518 donio
1829 5461 2038 5519 Laure-

459 5544 583 5602 rana
636 5532 898 5587 adversus
937 5530 1274 5602 Vergerium,
1312 5530 1400 5588 et'
1423 5535 1480 5588 in
1510 5530 1731 5590 SCIlOlllS
1773 5535 1842 5591 ad
1874 5536 1969 5592 lib.
1995 5551 2034 5590 ιι

459 5601 744 5672 Constitut.
774 5603 999 5672 apostol.

528 5673 603 5743 (ζ.)
641 5671 858 5728 Henric.
887 5673 1165 5738 Canisius,
1192 5672 1655 5730 Bavaricocodice
1673 5691 1826 5742 usus,
1848 5676 2034 5732 Graece

452 5741 924 5816 ac'Latinejotno
955 5743 1018 5796 Ill
1053 5746 1234 5816 Antig.
1267 5745 1412 5812 lect.,
1433 5743 1726 5816 lngolstad.
1755 5748 1912 5814 1605,
1949 5748 2032 5801 in-

453 5815 507 5886 d,
540 5831 589 5881 p.
625 5813 714 5869 40.
750 5814 825 5868 Ex
855 5815 1061 5886 Canisii
1091 5813 1331 5871 editione
1367 5813 1558 5872 Latine
1587 5832 1709 5870 cum
1737 5813 2029 5886 ejus-notis

456 5885 650 5954 legitur
680 5888 732 5942 in
765 5885 907 5946 Bibl.
957 5884 1070 5959 ΡΡ.
1101 5887 1292 5943 Colon.
1325 5899 1456 5944 tom.
1495 5886 1584 5954 IX,
1619 5884 1950 5954 anno—16l8,
1977 5897 2032 5943 et

2165 591 2399 656 vixisse;
2443 605 2621 661 neque
2666 592 2755 646 hic
2792 591 2964 646 ullum
3007 591 3226 646 errandi
3258 587 3584 660 periculum,
3617 601 3742 642 cum

2165 682 2293 738 citet
2319 680 2517 751 saepius
2549 680 2948 752 Metaphrasten
2996 681 3317 752 scriptorem
3346 677 3640 734 saeculi-xl.

2343 770 2372 843 ᾖ
2403 768 2469 826 ll.
2497 767 2793 826 Chronicon
2817 769 2876 826 S.
2906 769 3192 841 Hippolyto
3218 769 3566 840 suppositum.

2233 861 2543 934 Aseribitur
2582 871 2773 918 sancto
2811 871 3003 917 nostro
3041 861 3332 932 Hippolyto
3361 860 3530 916 etiam
3565 858 3747 930 prima

2164 969 2293 1026 pars
2318 953 2542 1010 alterius
2567 954 2852 1025 cujusdam
2883 953 3154 1016 Chronici,
3179 967 3210 1006 a
3234 951 3460 1008 Canisio
3483 951 3563 1021 (4)
3594 949 3749 1006 evul-

2165 1046 2298 1118 gati,
2335 1053 2392 1100 et
2429 1060 2462 1099 a
2487 1043 2740 1100 Fabricio
2767 1044 2846 1116 (5)
2873 1043 3273 1114 aliquantulum
3310 1041 3628 1098 accuratius
3660 1057 3751 1097 re-

2165 1139 2439 1211 impressi,
2481 1151 2645 1211 atque
2687 1148 2875 1210 postea
2922 1153 2952 1192 a
2995 1135 3198 1192 Iacobo
3237 1134 3508 1206 Basnagio
3537 1135 3750 1204 integre

2165 1232 2391 1287 omnino
2413 1230 2565 1287 editi.
2620 1229 2736 1286 Hoc
2762 1229 3059 1286 Chronicon
3091 1243 3266 1300 usque
3294 1229 3360 1283 ad
3386 1228 3571 1284 Caroli
3601 1226 3746 1298 Mag.

2167 1334 2409 1394 tempora
2441 1323 2805 1395 progreditur.
2829 1321 3029 1377 Verum
3058 1323 3146 1377 hic
3168 1336 3276 1376 non
3311 1321 3512 1392 agitur,
3540 1321 3654 1376 nisi
3681 1320 3750 1376 de

2165 1415 2338 1485 prima
2375 1415 2495 1485 ejus
2526 1424 2700 1484 parte,
2737 1414 2790 1468 in
2823 1429 2928 1484 qua
2967 1413 3111 1468 leves
3147 1413 3395 1482 quaedam
3427 1411 3751 1468 diﬁ'erentia:

2165 1509 2531 1564 observantur
2563 1508 2701 1563 duas
2725 1508 2869 1562 inter
2897 1506 3165 1562 editiones
3188 1504 3438 1576 Basnagii
3460 1521 3525 1560 ac
3555 1505 3751 1560 Fabri-

2165 1599 2255 1654 cii.
2303 1599 2650 1655 Conveniunt
2691 1609 2874 1654 autem
2916 1597 3136 1663 eruditi,
3186 1596 3334 1666 quod
3371 1596 3475 1652 sub
3517 1595 3750 1666 imperio

2165 1691 2462 1747 Alexandri
2499 1690 2684 1746 Severi
2734 1689 3132 1760 compositum;
3185 1698 3307 1744 utut
3346 1687 3504 1759 longe
3543 1688 3750 1744 certius

2167 1781 2258 1847 sit,
2284 1790 2345 1836 ut
2371 1795 2561 1837 verum
2593 1779 2784 1847 fatear,
2817 1780 2946 1834 illud
2971 1794 3079 1833 non
3113 1778 3285 1848 prius,
3316 1793 3480 1850 quam
3505 1779 3610 1834 sub
3627 1779 3751 1849 ejus

2165 1888 2484 1929 successore
2508 1871 2805 1927 Maximino
2830 1873 2848 1926 1
2881 1870 3175 1942 perfectum
3204 1870 3406 1927 fuisse:
3433 1884 3560 1926 cum
3588 1870 3749 1941 juxta

2164 1964 2440 2034 exemplar
2480 1963 2717 2020 Fabricii
2761 1979 2923 2018 omne
2968 1949 3180 2033 imperii
3221 1963 3514 2018 Alexandri
3556 1962 3748 2018 Severi

2165 2064 2378 2125 tempus
2405 2055 2492 2110 his
2516 2054 2765 2110 terminis
2789 2054 3100 2124 designetur
3126 2053 3202 2126 (6)
3228 2072 3242 2110 :
3266 2054 3570 2110 Alexander
3591 2055 3750 2110 annis

2166 2147 2434 2212 tredecim,
2472 2148 2655 2202 diebus
2689 2163 2888 2202 novem.
2913 2145 3032 2201 Iam
3067 2162 3199 2202 vero
3228 2147 3318 2202 hic
3346 2148 3614 2203 terminus
3644 2165 3751 2204 nos

2164 2238 2382 2294 deducit
2418 2255 2593 2309 usque
2624 2239 2690 2294 ad
2725 2255 2930 2294 annum
2954 2239 3062 2294 235
3085 2239 3370 2305 inclusive,
3409 2241 3550 2295 ultra
3580 2258 3746 2311 quem

2165 2338 2412 2383 sanctum
2444 2328 2788 2400 Hippolytum
2811 2329 3015 2385 vixisse
3049 2344 3158 2386 non
3185 2340 3269 2386 est
3293 2340 3527 2387 eertum.
3557 2331 3751 2403 Neque

2163 2421 2383 2476 aliunde
2423 2421 2805 2491 perspicimus,
2849 2437 2959 2492 quo
2991 2421 3117 2492 jure
3151 2437 3215 2478 ae
3241 2421 3598 2481 fundamento
3631 2426 3752 2482 haec

2162 2513 2311 2583 prior
2347 2510 2597 2567 Chronici
2641 2529 2769 2584 pars
2811 2513 2989 2570 eidem
3039 2514 3265 2570 attribui
3312 2517 3508 2586 possit.
3542 2514 3748 2572 Verum

2161 2605 2382 2676 quidem
2408 2615 2513 2671 est,
2545 2606 2623 2661 uti
2656 2622 2722 2661 ex
2748 2605 2983 2662 Eusebio
3009 2615 3174 2677 atque
3203 2616 3389 2663 sancto
3415 2605 3750 2681 Hieronymo

2127 2697 2449 2765 .discimus,
2487 2707 2736 2754 nostrum
2769 2697 3119 2771 Hippolytum
3156 2699 3478 2754 Chronicum
3515 2717 3748 2772 compo-

2162 2789 2360 2853 Suissc,
2411 2791 2504 2845 sed
2546 2791 2713 2845 relate
2756 2792 2822 2845 ad
2862 2791 3006 2846 diem
3047 2783 3351 2848 PaSchatis.
3401 2791 3532 2848 Sine
3576 2795 3750 2850 dubio

2161 2887 2342 2936 autem
2385 2881 2517 2936 illud
2545 2897 2652 2937 non
2677 2890 2761 2937 est
2779 2882 2905 2948 hoc,
2933 2883 3000 2937 de
3028 2900 3138 2954 quo
3165 2884 3254 2939 hic
3277 2885 3744 2952 controvertitur;

2161 2983 2337 3038 neque
2359 2969 2448 3023 hic
2474 2970 2798 3027 observatur
2832 2971 3056 3027 minima
3094 2983 3220 3028 nota
3256 2974 3323 3028 dc
3361 2975 3546 3045 aliquo
3580 2991 3748 3045 opere

2160 3059 2325 3129 hujus
2361 3061 2598 3131 generis.
2635 3061 2837 3118 Verum
2872 3079 3092 3134 quoque
3128 3064 3306 3119 adhuc
3339 3072 3443 3128 est,
3484 3065 3631 3136 quod
3657 3075 3739 3122 ta-

2159 3153 2310 3217 bula,
2353 3169 2475 3224 qu'.e
2519 3156 2702 3225 plures
2748 3171 2972 3228 operum
3015 3158 3192 3214 sancti
3236 3157 3513 3229 Hippolyti
3548 3161 3747 3218 titulos

2160 3245 2556 3315 complectitur,
2593 3247 2766 3302 eidem
2816 3248 3055 3306 ascribat
3079 3250 3339 3306 chronica
3371 3261 3560 3307 contra
3590 3251 3748 3308 Grie-

2159 3351 2255 3392 cos
2285 3346 2338 3391 et
2361 3348 2550 3393 contra
2597 3337 2909 3407 Platonem;
2957 3349 3014 3396 at
3054 3357 3185 3397 vero
3227 3342 3547 3411 Chronicon,
3591 3348 3748 3416 quod

2159 3428 2325 3498 hujus
2352 3432 2741 3486 controversia
2783 3433 3061 3502 objectum
3105 3444 3208 3496 est.
3237 3435 3370 3490 nihil
3403 3437 3563 3492 habet
3594 3439 3747 3495 unde

2158 3521 2336 3593 colligi
2363 3523 2548 3578 liceret
2580 3523 2711 3578 illud
2735 3539 2858 3580 esse
2884 3525 3024 3581 idem
3047 3527 3402 3596 ipsissimum.
3423 3528 3745 3586 Vcrosimil-

2158 3615 2348 3670 limum
2382 3617 2566 3685 itaque
2605 3625 2690 3672 est
2725 3626 2890 3687 atque
2934 3618 3148 3673 creditu
3187 3620 3350 3692 longe
3399 3620 3636 3687 facilius,
3689 3625 3742 3679 si

2157 3723 2280 3763 eum
2316 3706 2586 3779 Basnagio
2613 3708 2688 3780 (7)
2721 3709 2969 3764 dicamus
2998 3710 3140 3766 hanc
3181 3712 3419 3781 priorem
3480 3712 3737 3770 Chronici

2158 3810 2365 3871 partem
2396 3810 2642 3872 Spectare
2664 3802 2731 3857 ad
2765 3801 2968 3857 Iulium
3009 3804 3352 3870 Africanum,
3380 3809 3471 3877 qui
3498 3809 3602 3864 sub
3629 3809 3740 3863 im-

2159 3894 2312 3964 perio
2338 3895 2633 3951 Alexandri
2656 3894 2864 3951 ﬂoruit.
2893 3895 2969 3952 En
2998 3898 3273 3967 quomodo
3298 3915 3488 3954 omnes
3514 3900 3742 3955 difﬁcul-

2158 3998 2330 4042 tatum
2379 3989 2507 4043 nodi
2559 3988 2660 4044 hac
2705 3989 2919 4044 ratione
2960 3991 3202 4060 expediri
3250 3993 3482 4060 possint.
3531 3990 3740 4050 Omnes

2158 4079 2345 4134 sciunt
2399 4080 2698 4150 generatim
2759 4090 3007 4135 sanctum
3071 4091 3321 4136 nostrum
3383 4082 3738 4153 Hippolytum

2155 4191 2212 4245 in
2240 4190 2618 4262 supplemento
2633 4189 2774 4262 Bibl.
2815 4189 2927 4243 PP.
2946 4189 3120 4262 Paris.
3141 4191 3299 4262 1659,
3316 4197 3463 4262 (apud
3495 4193 3735 4262 Morell.,

2161 4259 2412 4336 tomfAll,
2439 4277 2559 4336 pag.
2598 4259 2724 4336 80_6,
2757 4271 2976 4336 et_tom.
3008 4260 3276 4336 XVﬁibl.
3303 4259 3417 4317 PP.
3454 4259 3734 4336 Lugdun.,

2177 4347 2286 4405 3133‘.
2314 4332 2453 4396 240;
2491 4332 2619 4405 item
2645 4331 2921 4405 Canisius,
2946 4342 3080 4388 tom.
3119 4331 3162 4405 ll
3183 4331 3331 4405 Lect.
3352 4331 3562 4405 entia;
3585 4352 3734 4392 anno

2191 4401 2315 4467 602,
2353 4417 2476 4471 pag.
2514 4400 2638 4465 579,
2682 4417 2749 4456 ex
2781 4403 2999 4458 duobus
3045 4403 3326 4459 codicibus
3380 4400 3490 4460 hoc'
3533 4400 3730 4462 titulo:

2157 4471 2409 4549 (Io/lectio
2438 4472 2694 4549 historica
2739 4473 3189 4549 chronographica
3215 4489 3293 4549 etc
3311 4491 3593 4549 anonymo,
3639 4481 3733 4549 qui

2075 4567 2119 4622 ι)
2152 4543 2598 4622 ραι-Λιπαρατο
2631 4541 2818 4622 Severo
2869 4541 3184 4622 imperatore
3244 4545 3398 4622 vigit,
3450 4541 3732 4622 collectam

2149 4612 2304 4688 Gallo
2349 4613 2581 4688 quadarn
2629 4612 3053 4688 Caroli_Magni
3091 4616 3433 4688 temporibus.
3493 4615 3732 4688 Incipit:

2145 4683 2306 4740 Liber
2342 4685 2738 4755 generationum
2766 4683 2992 4754 primus.
3023 4683 3472 4744 Addit—Canisius
3503 4689 3556 4741 in
3583 4683 3730 4744 mar-

2148 4757 2302 4824 gine:
2335 4753 2459 4827 iln
2489 4771 2592 4827 ms.
2628 4753 2818 4811 codice
2845 4758 3086 4821 minore,
3119 4772 3242 4811 nam
3279 4757 3334 4810 in
3367 4757 3573 4827 majore
3613 4775 3722 4815 ms.

2146 4834 2291 4898 totus
2332 4825 2468 4898 liber
2490 4825 2700 4898 primus
2720 4827 2893 4888 abest,
2927 4843 3032 4880 non
3060 4837 3180 4898 erat
3199 4836 3393 4898 praeter
3417 4825 3562 4882 hunc
3583 4829 3729 4886 alius

2146 4896 2338 4950 titulus
2377 4897 2504 4951 huic
2533 4896 2673 4951 libro
2710 4899 2984 4966 pranixus.
3022 4916 3039 4948 ι
3070 4896 3272 4952 Deinde
3320 4899 3461 4953 idem
3500 4899 3729 4953 Chroni-o

2144 4983 2241 5020 con
2267 4967 2612 5038 emendatius
2634 4967 2914 5037 aliquanto
2944 4967 3105 5038 (licet
3126 4977 3178 5022 et
3205 4969 3384 5037 ipsum
3419 4970 3626 5037 passim
3664 4971 3724 5024 in

2143 5037 2456 5093 nominibus
2476 5039 2778 5110 praesertim
2809 5037 3044 5108 propriis
3066 5039 3424 5110 castigatione
3449 5039 3722 5110 indigens)

2143 5117 2307 5188 atque
2331 5107 2507 5178 capite
2536 5108 2604 5163 de
2637 5107 3060 5189 imperatoribus
3093 5109 3306 5163 auctius
3333 5109 3537 5163 editum
3567 5107 3659 5193 ᾔδει
3687 5107 3720 5165 a

2141 5176 2279 5232 Phil.
2313 5177 2529 5234 Labbeo
2562 5178 2619 5233 S.
2649 5176 2700 5234 I.
2735 5177 3058 5234 Paris.1657
3080 5217 3096 5234 .
3129 5178 3252 5234 fol..
3291 5187 3422 5233 tom.
3461 5181 3481 5232 Ι
3510 5179 3720 5233 Biblio-

2205 5195 2279 5232 ΙΙΙ.
2313 5195 2529 5234 ιιευυεο
2563 5195 2619 5233 δ.
2649 5195 2700 5234 J.
2735 5195 3055 5234 l’al‘lS.‘lUDl
3080 5217 3096 5242 ς
3129 5195 3252 5243 ΙΟΙο,
3291 5195 3422 5233 ιοῐη.
3461 5195 3479 5232 Ι
3510 5195 3721 5233 ὕιοιιο-

2144 5195 2279 5232 ιίιιι.
2313 5195 2529 5234 Labbeo
2563 5195 2619 5233 δ.
2649 5195 2700 5234 δ.
2735 5195 3055 5234 γενιδΑυοι
3080 5217 3096 5242 ,
3129 5195 3252 5243 ιοι.,
3291 5195 3422 5233 tom.
3461 5195 3479 5232 ι
3510 5195 3721 5233 motio-

2144 5251 2304 5304 theca:
2326 5266 2472 5305 nocte
2503 5266 2604 5305 ms.
2637 5265 2761 5320 pag.
2797 5250 2924 5313 9.98,
2959 5265 3025 5304 ex
3051 5250 3160 5320 alio
3193 5249 3382 5303 codice
3410 5266 3515 5304 ms.
3552 5251 3724 5304 colle-

2139 5323 2212 5390 gii
2237 5317 2653 5377 Claromontani
2682 5320 3009 5376 Parisiensis
3032 5321 3089 5373 S.
3117 5317 3168 5373 I.
3191 5320 3292 5375 hoc
3330 5321 3521 5376 titulo:
3558 5321 3724 5376 Chro-

2138 5392 2315 5463 nologi
2345 5392 2593 5463 anongmi
2613 5431 2627 5456 ,
2661 5392 2758 5463 qui
2783 5395 2885 5463 sub
2933 5391 3244 5463 Alexandro
3291 5392 3612 5463 imperatore
3641 5393 3719 5444 vi-

2136 5461 2279 5517 xisse
2310 5480 2446 5516 anno
2468 5461 2678 5522 Christi
2697 5461 2803 5515 256
2833 5462 3051 5527 dicitur,
3075 5461 3282 5514 libellus
3315 5478 3406 5515 seu
3433 5461 3720 5516 chronicon

2135 5535 2198 5587 de
2214 5534 2558 5590 divisionibus
2583 5545 2630 5593 et
2654 5532 3074 5602 generationibus
3091 5535 3342 5602 gentium.
3367 5531 3715 5588 Labbeanam

2134 5605 2427 5661 editionem
2459 5601 2683 5659 secutus
2703 5612 2786 5656 est
2827 5601 2902 5655 Du
2934 5601 3175 5672 Caugius
3223 5605 3274 5656 in
3317 5605 3617 5672 appendiee
3646 5604 3714 5660 ad

2136 5675 2430 5734 Chronicon
2463 5675 2737 5741 paschale,
2770 5672 2945 5728 Paris.
2967 5671 3132 5743 716878,
3153 5671 3271 5736 τοι,
3293 5671 3414 5743 pagi.
3440 5675 3566 5728 “5.

2203 5747 2280 5816 (ὅ)
2323 5744 2560 5816 Fabric,
2598 5743 2927 5816 tom.lOpp.
2955 5742 3012 5797 S.
3035 5743 3326 5816 Hippolyti,
3372 5742 3496 5815 pag.
3525 5742 3710 5800 49-59.

2321 5815 2642 5893 ldeniibich,
2675 5829 2796 5893 pag.
2833 5813 2920 5869 59.
3033 5887 3040 5893 θ

2203 5832 2280 5881 (ω
2321 5832 2461 5868 mem
2487 5832 2642 5879 ιυιιι.,
2675 5832 2739 5884 pa
2785 5857 2796 5869 .
2833 5832 2920 5869 au.

2203 5885 2278 5954 (7)
2317 5886 2468 5956 Apud
2495 5886 2705 5950 Canis.,
2739 5832 2884 5940 ﬁert.
2929 5887 3118 5959 antiq.,
3155 5896 3284 5942 tom.
3317 5883 3379 5951 ll,
3424 5899 3477 5956 p.
3512 5885 3637 5940 H8.
