  <div class='ocr_page' id='page_1' title='image "/cluster/home/n/w/nwhite01/storage/ocr_20150623/10/hvd.32044073501348/178.png"; bbox 0 0 3942 6346; ppageno 0'>
   <div class='ocr_carea' id='block_1_1' title="bbox 163 401 1637 512">
    <p class='ocr_par' dir='ltr' id='par_1_1' title="bbox 163 430 1637 492">
     <span class='ocr_line' id='line_1_1' title="bbox 163 430 1637 492; baseline 0.004 -8"><span class='ocrx_word' id='word_1_1' title='bbox 163 430 234 484; x_wconf 64' lang='lat'><strong>315</strong></span> <span class='ocrx_word' id='word_1_2' title='bbox 1046 431 1136 490; x_wconf 85' lang='lat' dir='ltr'><strong>DE</strong></span> <span class='ocrx_word' id='word_1_3' title='bbox 1166 431 1330 490; x_wconf 78' lang='lat' dir='ltr'><strong>VlTA</strong></span> <span class='ocrx_word' id='word_1_4' title='bbox 1383 433 1472 490; x_wconf 80' lang='lat' dir='ltr'><strong>ET</strong></span> <span class='ocrx_word' id='word_1_5' title='bbox 1514 434 1637 492; x_wconf 82' lang='lat' dir='ltr'><strong>SCH</strong></span> 
     </span>
    </p>
   </div>
   <div class='ocr_carea' id='block_1_2' title="bbox 1735 401 3316 512">
    <p class='ocr_par' dir='ltr' id='par_1_2' title="bbox 1735 401 3316 512">
     <span class='ocr_line' id='line_1_2' title="bbox 1735 401 3316 512; baseline 0.013 -21"><span class='ocrx_word' id='word_1_6' title='bbox 1735 435 1828 493; x_wconf 79' lang='lat' dir='ltr'><strong>ris</strong></span> <span class='ocrx_word' id='word_1_7' title='bbox 1860 437 1918 492; x_wconf 85' lang='lat' dir='ltr'><strong>s.</strong></span> <span class='ocrx_word' id='word_1_8' title='bbox 1960 401 2361 498; x_wconf 76' lang='lat' dir='ltr'><strong>iilPPOLYTl.</strong></span> <span class='ocrx_word' id='word_1_9' title='bbox 2421 403 2436 420; x_wconf 81' lang='grc'><em>’</em></span> <span class='ocrx_word' id='word_1_10' title='bbox 3171 445 3316 512; x_wconf 74' lang='grc'><strong>’546</strong></span> 
     </span>
    </p>
   </div>
   <div class='ocr_carea' id='block_1_3' title="bbox 159 541 3330 632">
    <p class='ocr_par' dir='ltr' id='par_1_3' title="bbox 159 541 3330 632">
     <span class='ocr_line' id='line_1_3' title="bbox 159 541 3330 632; baseline 0.012 -37"><span class='ocrx_word' id='word_1_11' title='bbox 159 541 466 614; x_wconf 73' lang='lat' dir='ltr'><strong>mposuisse</strong></span> <span class='ocrx_word' id='word_1_12' title='bbox 508 543 806 603; x_wconf 69' lang='lat' dir='ltr'><strong>Chronicon</strong></span> <span class='ocrx_word' id='word_1_13' title='bbox 825 563 846 604; x_wconf 91' lang='lat'><strong><em>:</em></strong></span> <span class='ocrx_word' id='word_1_14' title='bbox 874 549 1098 622; x_wconf 84' lang='lat' dir='ltr'><strong>aliquod</strong></span> <span class='ocrx_word' id='word_1_15' title='bbox 1154 551 1322 625; x_wconf 93' lang='lat' dir='ltr'><strong>igitur</strong></span> <span class='ocrx_word' id='word_1_16' title='bbox 1373 554 1654 627; x_wconf 90' lang='lat' dir='ltr'><strong>inquiren-</strong></span> <span class='ocrx_word' id='word_1_17' title='bbox 1681 563 1730 621; x_wconf 77' lang='grc' dir='ltr'>Α</span> <span class='ocrx_word' id='word_1_18' title='bbox 1753 573 1876 632; x_wconf 89' lang='lat' dir='ltr'><strong>pag.</strong></span> <span class='ocrx_word' id='word_1_19' title='bbox 1909 560 1999 628; x_wconf 85' lang='lat'><strong>15,</strong></span> <span class='ocrx_word' id='word_1_20' title='bbox 2030 561 2213 618; x_wconf 86' lang='lat' dir='ltr'><strong>videre</strong></span> <span class='ocrx_word' id='word_1_21' title='bbox 2237 571 2344 630; x_wconf 88' lang='lat' dir='ltr'><strong>est,</strong></span> <span class='ocrx_word' id='word_1_22' title='bbox 2377 565 2470 620; x_wconf 90' lang='lat' dir='ltr'><strong>ubi</strong></span> <span class='ocrx_word' id='word_1_23' title='bbox 2509 567 2916 627; x_wconf 77' lang='lat' dir='ltr'><strong>eruditissimus</strong></span> <span class='ocrx_word' id='word_1_24' title='bbox 2947 569 3330 632; x_wconf 80' lang='lat' dir='ltr'><strong>Assemannus</strong></span> 
     </span>
    </p>
   </div>
   <div class='ocr_carea' id='block_1_4' title="bbox 152 635 3329 734">
    <p class='ocr_par' dir='ltr' id='par_1_4' title="bbox 152 635 3329 734">
     <span class='ocr_line' id='line_1_4' title="bbox 152 635 3329 734; baseline 0.011 -49"><span class='ocrx_word' id='word_1_25' title='bbox 152 636 262 734; x_wconf 55' lang='lat' dir='ltr'><strong>dum,</strong></span> <span class='ocrx_word' id='word_1_26' title='bbox 287 635 536 734; x_wconf 48' lang='lat' dir='ltr'><strong>quod-ei</strong></span> <span class='ocrx_word' id='word_1_27' title='bbox 593 639 1060 734; x_wconf 33' lang='lat' dir='ltr'><strong>attribui-possit.</strong></span> <span class='ocrx_word' id='word_1_28' title='bbox 1106 641 1301 700; x_wconf 91' lang='lat' dir='ltr'><strong>Statim</strong></span> <span class='ocrx_word' id='word_1_29' title='bbox 1349 660 1470 703; x_wconf 90' lang='lat' dir='ltr'><strong>sese</strong></span> <span class='ocrx_word' id='word_1_30' title='bbox 1501 647 1660 704; x_wconf 81' lang='lat' dir='ltr'><strong>offert</strong></span> <span class='ocrx_word' id='word_1_31' title='bbox 1755 669 1824 709; x_wconf 80' lang='lat' dir='ltr'><strong>ex</strong></span> <span class='ocrx_word' id='word_1_32' title='bbox 1855 651 2079 726; x_wconf 92' lang='lat' dir='ltr'><strong>Syriaco</strong></span> <span class='ocrx_word' id='word_1_33' title='bbox 2118 653 2268 710; x_wconf 84' lang='lat' dir='ltr'><strong>Ebed</strong></span> <span class='ocrx_word' id='word_1_34' title='bbox 2303 654 2436 711; x_wconf 84' lang='lat' dir='ltr'><strong>Jesu</strong></span> <span class='ocrx_word' id='word_1_35' title='bbox 2485 657 2726 728; x_wconf 85' lang='lat' dir='ltr'><strong>episcopi</strong></span> <span class='ocrx_word' id='word_1_36' title='bbox 2773 660 3033 717; x_wconf 87' lang='lat' dir='ltr'><strong>Sobensis</strong></span> <span class='ocrx_word' id='word_1_37' title='bbox 3081 662 3329 734; x_wconf 74' lang='lat' dir='ltr'><strong>catalogo</strong></span> 
     </span>
    </p>
   </div>
   <div class='ocr_carea' id='block_1_5' title="bbox 149 723 3324 815">
    <p class='ocr_par' dir='ltr' id='par_1_5' title="bbox 149 723 3324 815">
     <span class='ocr_line' id='line_1_5' title="bbox 149 723 3324 815; baseline 0.009 -33"><span class='ocrx_word' id='word_1_38' title='bbox 149 724 387 782; x_wconf 67' lang='lat' dir='ltr'><strong>Circnieon</strong></span> <span class='ocrx_word' id='word_1_39' title='bbox 410 723 687 800; x_wconf 87' lang='lat' dir='ltr'><strong>Hippolyti</strong></span> <span class='ocrx_word' id='word_1_40' title='bbox 713 727 987 801; x_wconf 86' lang='lat' dir='ltr'><strong>Thebani;</strong></span> <span class='ocrx_word' id='word_1_41' title='bbox 1012 741 1177 804; x_wconf 91' lang='lat' dir='ltr'><strong>atque</strong></span> <span class='ocrx_word' id='word_1_42' title='bbox 1203 745 1492 807; x_wconf 71' lang='lat' dir='ltr'><strong>propterea</strong></span> <span class='ocrx_word' id='word_1_43' title='bbox 1518 737 1658 795; x_wconf 80' lang='lat' dir='ltr'><strong>falso</strong></span> <span class='ocrx_word' id='word_1_44' title='bbox 1755 723 2021 815; x_wconf 79' lang='lat' dir='ltr'><strong>quosdam</strong></span> <span class='ocrx_word' id='word_1_45' title='bbox 2055 745 2322 800; x_wconf 90' lang='lat' dir='ltr'><strong>librorum</strong></span> <span class='ocrx_word' id='word_1_46' title='bbox 2359 723 2547 802; x_wconf 80' lang='lat' dir='ltr'><strong>titulos</strong></span> <span class='ocrx_word' id='word_1_47' title='bbox 2571 723 2763 804; x_wconf 81' lang='lat' dir='ltr'><strong>Latine</strong></span> <span class='ocrx_word' id='word_1_48' title='bbox 2788 751 2964 806; x_wconf 78' lang='lat' dir='ltr'><strong>reddit</strong></span> <span class='ocrx_word' id='word_1_49' title='bbox 2988 751 3075 808; x_wconf 88' lang='lat' dir='ltr'><strong>his</strong></span> <span class='ocrx_word' id='word_1_50' title='bbox 3098 723 3290 811; x_wconf 64' lang='lat' dir='ltr'><strong>verbis</strong></span> <span class='ocrx_word' id='word_1_51' title='bbox 3308 774 3324 811; x_wconf 92' lang='lat'><strong>:</strong></span> 
     </span>
    </p>
   </div>
   <div class='ocr_carea' id='block_1_6' title="bbox 142 817 1652 903">
    <p class='ocr_par' dir='ltr' id='par_1_6' title="bbox 142 817 1652 903">
     <span class='ocr_line' id='line_1_6' title="bbox 142 817 1652 903; baseline 0.009 -29"><span class='ocrx_word' id='word_1_52' title='bbox 142 819 384 889; x_wconf 75' lang='lat' dir='ltr'><strong>ascriptum</strong></span> <span class='ocrx_word' id='word_1_53' title='bbox 413 817 519 874; x_wconf 81' lang='lat' dir='ltr'><strong>fuit</strong></span> <span class='ocrx_word' id='word_1_54' title='bbox 546 831 741 878; x_wconf 88' lang='lat' dir='ltr'><strong>sancto</strong></span> <span class='ocrx_word' id='word_1_55' title='bbox 762 836 950 880; x_wconf 89' lang='lat' dir='ltr'><strong>nostro</strong></span> <span class='ocrx_word' id='word_1_56' title='bbox 988 828 1244 900; x_wconf 89' lang='lat' dir='ltr'><strong>episcopo</strong></span> <span class='ocrx_word' id='word_1_57' title='bbox 1293 845 1359 884; x_wconf 90' lang='lat' dir='ltr'><strong>ac</strong></span> <span class='ocrx_word' id='word_1_58' title='bbox 1395 831 1652 903; x_wconf 81' lang='lat' dir='ltr'><strong>martyri;</strong></span> 
     </span>
    </p>
   </div>
   <div class='ocr_carea' id='block_1_7' title="bbox 140 909 1653 989">
    <p class='ocr_par' dir='ltr' id='par_1_7' title="bbox 140 909 1653 989">
     <span class='ocr_line' id='line_1_7' title="bbox 140 909 1653 989; baseline 0.009 -25"><span class='ocrx_word' id='word_1_59' title='bbox 140 920 282 979; x_wconf 82' lang='lat' dir='ltr'><strong>postea</strong></span> <span class='ocrx_word' id='word_1_60' title='bbox 304 909 593 980; x_wconf 71' lang='lat' dir='ltr'><strong>detegitur,</strong></span> <span class='ocrx_word' id='word_1_61' title='bbox 638 914 784 984; x_wconf 91' lang='lat' dir='ltr'><strong>quod</strong></span> <span class='ocrx_word' id='word_1_62' title='bbox 819 914 965 970; x_wconf 89' lang='lat' dir='ltr'><strong>istud</strong></span> <span class='ocrx_word' id='word_1_63' title='bbox 992 932 1105 972; x_wconf 86' lang='lat' dir='ltr'><strong>non</strong></span> <span class='ocrx_word' id='word_1_64' title='bbox 1125 918 1304 989; x_wconf 82' lang='lat' dir='ltr'><strong>possit</strong></span> <span class='ocrx_word' id='word_1_65' title='bbox 1330 919 1476 977; x_wconf 87' lang='lat' dir='ltr'><strong>illius</strong></span> <span class='ocrx_word' id='word_1_66' title='bbox 1500 925 1653 989; x_wconf 82' lang='lat' dir='ltr'><strong>esse;</strong></span> 
     </span>
    </p>
   </div>
   <div class='ocr_carea' id='block_1_8' title="bbox 139 1001 1656 1071">
    <p class='ocr_par' dir='ltr' id='par_1_8' title="bbox 139 1001 1656 1071">
     <span class='ocr_line' id='line_1_8' title="bbox 139 1001 1656 1071; baseline 0.011 -17"><span class='ocrx_word' id='word_1_67' title='bbox 139 1014 261 1071; x_wconf 78' lang='lat' dir='ltr'><strong>atque</strong></span> <span class='ocrx_word' id='word_1_68' title='bbox 281 1001 486 1057; x_wconf 83' lang='lat' dir='ltr'><strong>tandem</strong></span> <span class='ocrx_word' id='word_1_69' title='bbox 512 1003 644 1059; x_wconf 87' lang='lat' dir='ltr'><strong>aliis</strong></span> <span class='ocrx_word' id='word_1_70' title='bbox 667 1006 816 1061; x_wconf 88' lang='lat' dir='ltr'><strong>venit</strong></span> <span class='ocrx_word' id='word_1_71' title='bbox 845 1007 900 1062; x_wconf 90' lang='lat' dir='ltr'><strong>in</strong></span> <span class='ocrx_word' id='word_1_72' title='bbox 929 1018 1166 1065; x_wconf 89' lang='lat' dir='ltr'><strong>mentem</strong></span> <span class='ocrx_word' id='word_1_73' title='bbox 1198 1009 1329 1067; x_wconf 89' lang='lat' dir='ltr'><strong>illud</strong></span> <span class='ocrx_word' id='word_1_74' title='bbox 1355 1011 1484 1068; x_wconf 81' lang='lat' dir='ltr'><strong>Julii</strong></span> <span class='ocrx_word' id='word_1_75' title='bbox 1511 1013 1656 1070; x_wconf 81' lang='lat' dir='ltr'><strong>Afri-</strong></span> 
     </span>
    </p>
   </div>
   <div class='ocr_carea' id='block_1_9' title="bbox 137 1094 1654 1178">
    <p class='ocr_par' dir='ltr' id='par_1_9' title="bbox 137 1094 1654 1178">
     <span class='ocr_line' id='line_1_9' title="bbox 137 1094 1654 1178; baseline 0.013 -32"><span class='ocrx_word' id='word_1_76' title='bbox 137 1094 227 1147; x_wconf 84' lang='lat' dir='ltr'><strong>cani</strong></span> <span class='ocrx_word' id='word_1_77' title='bbox 243 1094 397 1148; x_wconf 88' lang='lat' dir='ltr'><strong>eidem</strong></span> <span class='ocrx_word' id='word_1_78' title='bbox 418 1095 765 1166; x_wconf 84' lang='lat' dir='ltr'><strong>adjudicare.</strong></span> <span class='ocrx_word' id='word_1_79' title='bbox 793 1097 917 1155; x_wconf 67' lang='lat' dir='ltr'><strong>Haec</strong></span> <span class='ocrx_word' id='word_1_80' title='bbox 937 1098 1178 1160; x_wconf 74' lang='lat' dir='ltr'><strong>Iacobus</strong></span> <span class='ocrx_word' id='word_1_81' title='bbox 1197 1103 1522 1178; x_wconf 83' lang='lat' dir='ltr'><strong>Basnagius.</strong></span> <span class='ocrx_word' id='word_1_82' title='bbox 1542 1106 1654 1166; x_wconf 88' lang='lat' dir='ltr'><strong>Nos</strong></span> 
     </span>
    </p>
   </div>
   <div class='ocr_carea' id='block_1_10' title="bbox 137 1182 1652 1264">
    <p class='ocr_par' dir='ltr' id='par_1_10' title="bbox 137 1182 1652 1264">
     <span class='ocr_line' id='line_1_10' title="bbox 137 1182 1652 1264; baseline 0.007 -25"><span class='ocrx_word' id='word_1_83' title='bbox 137 1200 225 1239; x_wconf 82' lang='lat' dir='ltr'><strong>cum</strong></span> <span class='ocrx_word' id='word_1_84' title='bbox 243 1182 393 1239; x_wconf 81' lang='lat' dir='ltr'><strong>altero</strong></span> <span class='ocrx_word' id='word_1_85' title='bbox 415 1183 716 1256; x_wconf 81' lang='lat' dir='ltr'><strong>Basnagio,</strong></span> <span class='ocrx_word' id='word_1_86' title='bbox 741 1187 991 1246; x_wconf 85' lang='lat' dir='ltr'><strong>Samuele</strong></span> <span class='ocrx_word' id='word_1_87' title='bbox 1021 1191 1280 1247; x_wconf 87' lang='lat' dir='ltr'><strong>nimirum</strong></span> <span class='ocrx_word' id='word_1_88' title='bbox 1296 1192 1396 1264; x_wconf 90' lang='lat'><strong>(8),</strong></span> <span class='ocrx_word' id='word_1_89' title='bbox 1418 1193 1652 1250; x_wconf 89' lang='lat' dir='ltr'><strong>arbitra-</strong></span> 
     </span>
    </p>
   </div>
   <div class='ocr_carea' id='block_1_11' title="bbox 138 1275 1653 1351">
    <p class='ocr_par' dir='ltr' id='par_1_11' title="bbox 138 1275 1653 1351">
     <span class='ocr_line' id='line_1_11' title="bbox 138 1275 1653 1351; baseline 0.009 -23"><span class='ocrx_word' id='word_1_90' title='bbox 138 1293 238 1340; x_wconf 81' lang='lat' dir='ltr'><strong>mur,</strong></span> <span class='ocrx_word' id='word_1_91' title='bbox 265 1275 455 1331; x_wconf 79' lang='lat' dir='ltr'><strong>editum</strong></span> <span class='ocrx_word' id='word_1_92' title='bbox 501 1276 576 1332; x_wconf 90' lang='lat' dir='ltr'><strong>ab</strong></span> <span class='ocrx_word' id='word_1_93' title='bbox 604 1276 841 1336; x_wconf 79' lang='lat' dir='ltr'><strong>Henrico</strong></span> <span class='ocrx_word' id='word_1_94' title='bbox 871 1281 1112 1351; x_wconf 89' lang='lat' dir='ltr'><strong>Canisio,</strong></span> <span class='ocrx_word' id='word_1_95' title='bbox 1145 1283 1244 1340; x_wconf 90' lang='lat' dir='ltr'><strong>SS.</strong></span> <span class='ocrx_word' id='word_1_96' title='bbox 1269 1299 1540 1340; x_wconf 90' lang='lat' dir='ltr'><strong>canonum</strong></span> <span class='ocrx_word' id='word_1_97' title='bbox 1563 1284 1653 1341; x_wconf 83' lang='lat' dir='ltr'><strong>ln-</strong></span> 
     </span>
    </p>
   </div>
   <div class='ocr_carea' id='block_1_12' title="bbox 140 1365 1649 1447">
    <p class='ocr_par' dir='ltr' id='par_1_12' title="bbox 140 1365 1649 1447">
     <span class='ocr_line' id='line_1_12' title="bbox 140 1365 1649 1447; baseline 0.009 -28"><span class='ocrx_word' id='word_1_98' title='bbox 140 1365 324 1437; x_wconf 71' lang='lat' dir='ltr'><strong>golstadii</strong></span> <span class='ocrx_word' id='word_1_99' title='bbox 340 1366 680 1437; x_wconf 82' lang='lat' dir='ltr'><strong>prolessore,</strong></span> <span class='ocrx_word' id='word_1_100' title='bbox 698 1369 1015 1428; x_wconf 81' lang='lat' dir='ltr'><strong>Chronieum</strong></span> <span class='ocrx_word' id='word_1_101' title='bbox 1031 1376 1187 1447; x_wconf 88' lang='lat' dir='ltr'><strong>longe</strong></span> <span class='ocrx_word' id='word_1_102' title='bbox 1206 1377 1274 1430; x_wconf 90' lang='lat' dir='ltr'><strong>ab</strong></span> <span class='ocrx_word' id='word_1_103' title='bbox 1297 1391 1362 1432; x_wconf 90' lang='lat' dir='ltr'><strong>eo</strong></span> <span class='ocrx_word' id='word_1_104' title='bbox 1376 1376 1649 1432; x_wconf 87' lang='lat' dir='ltr'><strong>diversum</strong></span> 
     </span>
    </p>
   </div>
   <div class='ocr_carea' id='block_1_13' title="bbox 140 1457 1649 1536">
    <p class='ocr_par' dir='ltr' id='par_1_13' title="bbox 140 1457 1649 1536">
     <span class='ocr_line' id='line_1_13' title="bbox 140 1457 1649 1536; baseline 0.007 -26"><span class='ocrx_word' id='word_1_105' title='bbox 140 1473 234 1522; x_wconf 74' lang='lat' dir='ltr'><strong>esse,</strong></span> <span class='ocrx_word' id='word_1_106' title='bbox 275 1460 406 1528; x_wconf 87' lang='lat' dir='ltr'><strong>quod</strong></span> <span class='ocrx_word' id='word_1_107' title='bbox 447 1457 750 1534; x_wconf 88' lang='lat' dir='ltr'><strong>Hippolyto</strong></span> <span class='ocrx_word' id='word_1_108' title='bbox 787 1463 1045 1536; x_wconf 85' lang='lat' dir='ltr'><strong>episc0po</strong></span> <span class='ocrx_word' id='word_1_109' title='bbox 1089 1465 1289 1522; x_wconf 89' lang='lat' dir='ltr'><strong>Portus</strong></span> <span class='ocrx_word' id='word_1_110' title='bbox 1322 1464 1554 1522; x_wconf 85' lang='lat' dir='ltr'><strong>Romani</strong></span> <span class='ocrx_word' id='word_1_111' title='bbox 1594 1466 1649 1521; x_wconf 92' lang='lat' dir='ltr'><strong>in</strong></span> 
     </span>
    </p>
   </div>
   <div class='ocr_carea' id='block_1_14' title="bbox 141 1549 1648 1627">
    <p class='ocr_par' dir='ltr' id='par_1_14' title="bbox 141 1549 1648 1627">
     <span class='ocr_line' id='line_1_14' title="bbox 141 1549 1648 1627; baseline 0.007 -26"><span class='ocrx_word' id='word_1_112' title='bbox 141 1563 346 1603; x_wconf 79' lang='lat' dir='ltr'><strong>marore</strong></span> <span class='ocrx_word' id='word_1_113' title='bbox 369 1549 709 1609; x_wconf 79' lang='lat' dir='ltr'><strong>vindicatur.</strong></span> <span class='ocrx_word' id='word_1_114' title='bbox 741 1553 952 1626; x_wconf 86' lang='lat' dir='ltr'><strong>Quippe</strong></span> <span class='ocrx_word' id='word_1_115' title='bbox 977 1557 1032 1610; x_wconf 90' lang='lat' dir='ltr'><strong>in</strong></span> <span class='ocrx_word' id='word_1_116' title='bbox 1075 1571 1140 1612; x_wconf 94' lang='lat' dir='ltr'><strong>eo</strong></span> <span class='ocrx_word' id='word_1_117' title='bbox 1171 1557 1521 1627; x_wconf 83' lang='lat' dir='ltr'><strong>reperiuntur</strong></span> <span class='ocrx_word' id='word_1_118' title='bbox 1544 1572 1648 1612; x_wconf 91' lang='lat' dir='ltr'><strong>no-</strong></span> 
     </span>
    </p>
   </div>
   <div class='ocr_carea' id='block_1_15' title="bbox 137 1638 1648 1717">
    <p class='ocr_par' dir='ltr' id='par_1_15' title="bbox 137 1638 1648 1717">
     <span class='ocr_line' id='line_1_15' title="bbox 137 1638 1648 1717; baseline 0.009 -26"><span class='ocrx_word' id='word_1_119' title='bbox 137 1641 239 1692; x_wconf 78' lang='lat' dir='ltr'><strong>nius</strong></span> <span class='ocrx_word' id='word_1_120' title='bbox 262 1638 600 1700; x_wconf 82' lang='lat' dir='ltr'><strong>Constantini</strong></span> <span class='ocrx_word' id='word_1_121' title='bbox 625 1644 830 1717; x_wconf 82' lang='lat' dir='ltr'><strong>Magni,</strong></span> <span class='ocrx_word' id='word_1_122' title='bbox 865 1645 1104 1713; x_wconf 87' lang='lat' dir='ltr'><strong>Eusebii,</strong></span> <span class='ocrx_word' id='word_1_123' title='bbox 1133 1647 1272 1716; x_wconf 80' lang='lat' dir='ltr'><strong>Arii,</strong></span> <span class='ocrx_word' id='word_1_124' title='bbox 1316 1647 1503 1704; x_wconf 81' lang='lat' dir='ltr'><strong>Basilii</strong></span> <span class='ocrx_word' id='word_1_125' title='bbox 1530 1649 1648 1704; x_wconf 84' lang='lat' dir='ltr'><strong>Ma-</strong></span> 
     </span>
    </p>
   </div>
   <div class='ocr_carea' id='block_1_16' title="bbox 137 1729 956 1806">
    <p class='ocr_par' dir='ltr' id='par_1_16' title="bbox 137 1729 956 1806">
     <span class='ocr_line' id='line_1_16' title="bbox 137 1729 956 1806; baseline 0.016 -25"><span class='ocrx_word' id='word_1_126' title='bbox 137 1729 214 1799; x_wconf 71' lang='lat' dir='ltr'><strong>gni,</strong></span> <span class='ocrx_word' id='word_1_127' title='bbox 238 1730 329 1785; x_wconf 87' lang='lat' dir='ltr'><strong>imo</strong></span> <span class='ocrx_word' id='word_1_128' title='bbox 353 1730 749 1805; x_wconf 75' lang='lat' dir='ltr'><strong>Metaphrastis</strong></span> <span class='ocrx_word' id='word_1_129' title='bbox 771 1739 956 1806; x_wconf 85' lang='lat' dir='ltr'><strong>etiam.</strong></span> 
     </span>
    </p>
   </div>
   <div class='ocr_carea' id='block_1_17' title="bbox 185 1841 1574 1919">
    <p class='ocr_par' dir='ltr' id='par_1_17' title="bbox 185 1841 1574 1919">
     <span class='ocr_line' id='line_1_17' title="bbox 185 1841 1574 1919; baseline 0.011 -23"><span class='ocrx_word' id='word_1_130' title='bbox 185 1841 301 1914; x_wconf 55' lang='lat' dir='ltr'><strong>illi.</strong></span> <span class='ocrx_word' id='word_1_131' title='bbox 343 1845 682 1919; x_wconf 77' lang='lat' dir='ltr'><strong>Fragmenta</strong></span> <span class='ocrx_word' id='word_1_132' title='bbox 714 1867 779 1906; x_wconf 75' lang='lat' dir='ltr'><strong>ea:</strong></span> <span class='ocrx_word' id='word_1_133' title='bbox 811 1851 1012 1907; x_wconf 80' lang='lat' dir='ltr'><strong>Catena</strong></span> <span class='ocrx_word' id='word_1_134' title='bbox 1044 1855 1271 1910; x_wconf 87' lang='lat' dir='ltr'><strong>Arabica</strong></span> <span class='ocrx_word' id='word_1_135' title='bbox 1310 1873 1416 1911; x_wconf 87' lang='lat' dir='ltr'><strong>non</strong></span> <span class='ocrx_word' id='word_1_136' title='bbox 1451 1867 1574 1913; x_wconf 84' lang='lat' dir='ltr'><strong>sunt</strong></span> 
     </span>
    </p>
   </div>
   <div class='ocr_carea' id='block_1_18' title="bbox 252 1919 1048 1994">
    <p class='ocr_par' dir='ltr' id='par_1_18' title="bbox 252 1919 1048 1994">
     <span class='ocr_line' id='line_1_18' title="bbox 252 1919 1048 1994; baseline 0.008 -21"><span class='ocrx_word' id='word_1_137' title='bbox 252 1932 261 1954; x_wconf 76' lang='grc' dir='ltr'>ι</span> <span class='ocrx_word' id='word_1_138' title='bbox 656 1919 718 1977; x_wconf 92' lang='lat' dir='ltr'><strong>S.</strong></span> <span class='ocrx_word' id='word_1_139' title='bbox 750 1922 1048 1994; x_wconf 74' lang='lat' dir='ltr'><strong>Hippolyti.</strong></span> 
     </span>
    </p>
   </div>
   <div class='ocr_carea' id='block_1_19' title="bbox 187 2005 1636 2090">
    <p class='ocr_par' dir='ltr' id='par_1_19' title="bbox 187 2005 1636 2090">
     <span class='ocr_line' id='line_1_19' title="bbox 187 2005 1636 2090; baseline 0.012 -32"><span class='ocrx_word' id='word_1_140' title='bbox 187 2005 389 2063; x_wconf 71' lang='lat' dir='ltr'><strong>libertus</strong></span> <span class='ocrx_word' id='word_1_141' title='bbox 421 2008 724 2069; x_wconf 84' lang='lat' dir='ltr'><strong>Fabricius</strong></span> <span class='ocrx_word' id='word_1_142' title='bbox 758 2015 1036 2071; x_wconf 82' lang='lat' dir='ltr'><strong>volumine</strong></span> <span class='ocrx_word' id='word_1_143' title='bbox 1080 2018 1365 2087; x_wconf 88' lang='lat' dir='ltr'><strong>posteriori</strong></span> <span class='ocrx_word' id='word_1_144' title='bbox 1398 2017 1636 2090; x_wconf 89' lang='lat' dir='ltr'><strong>Operum</strong></span> 
     </span>
    </p>
   </div>
   <div class='ocr_carea' id='block_1_20' title="bbox 145 2093 1639 2178">
    <p class='ocr_par' dir='ltr' id='par_1_20' title="bbox 145 2093 1639 2178">
     <span class='ocr_line' id='line_1_20' title="bbox 145 2093 1639 2178; baseline 0.013 -30"><span class='ocrx_word' id='word_1_145' title='bbox 145 2093 179 2148; x_wconf 89' lang='lat' dir='ltr'><strong>S.</strong></span> <span class='ocrx_word' id='word_1_146' title='bbox 199 2094 424 2170; x_wconf 77' lang='lat' dir='ltr'><strong>Hippolyti</strong></span> <span class='ocrx_word' id='word_1_147' title='bbox 449 2099 785 2173; x_wconf 81' lang='lat' dir='ltr'><strong>fragmenta,</strong></span> <span class='ocrx_word' id='word_1_148' title='bbox 809 2121 906 2161; x_wconf 89' lang='lat' dir='ltr'><strong>seu</strong></span> <span class='ocrx_word' id='word_1_149' title='bbox 933 2117 1186 2178; x_wconf 79' lang='lat' dir='ltr'><strong>excerpta</strong></span> <span class='ocrx_word' id='word_1_150' title='bbox 1217 2125 1284 2166; x_wconf 80' lang='lat' dir='ltr'><strong>ex</strong></span> <span class='ocrx_word' id='word_1_151' title='bbox 1308 2126 1411 2167; x_wconf 84' lang='lat' dir='ltr'><strong>ms.</strong></span> <span class='ocrx_word' id='word_1_152' title='bbox 1435 2111 1639 2168; x_wconf 81' lang='lat' dir='ltr'><strong>Catena</strong></span> 
     </span>
    </p>
   </div>
   <div class='ocr_carea' id='block_1_21' title="bbox 144 2188 1638 2273">
    <p class='ocr_par' dir='ltr' id='par_1_21' title="bbox 144 2188 1638 2273">
     <span class='ocr_line' id='line_1_21' title="bbox 144 2188 1638 2273; baseline 0.013 -34"><span class='ocrx_word' id='word_1_153' title='bbox 144 2188 300 2244; x_wconf 71' lang='lat' dir='ltr'><strong>Arabica</strong></span> <span class='ocrx_word' id='word_1_154' title='bbox 341 2189 780 2251; x_wconf 87' lang='lat' dir='ltr'><strong>Pentateucbum</strong></span> <span class='ocrx_word' id='word_1_155' title='bbox 834 2197 1123 2265; x_wconf 87' lang='lat' dir='ltr'><strong>referente,</strong></span> <span class='ocrx_word' id='word_1_156' title='bbox 1149 2201 1342 2258; x_wconf 85' lang='lat' dir='ltr'><strong>litteris</strong></span> <span class='ocrx_word' id='word_1_157' title='bbox 1369 2203 1638 2273; x_wconf 89' lang='lat' dir='ltr'><strong>descripta</strong></span> 
     </span>
    </p>
   </div>
   <div class='ocr_carea' id='block_1_22' title="bbox 143 2278 1636 2367">
    <p class='ocr_par' dir='ltr' id='par_1_22' title="bbox 143 2278 1636 2367">
     <span class='ocr_line' id='line_1_22' title="bbox 143 2278 1636 2367; baseline 0.015 -37"><span class='ocrx_word' id='word_1_158' title='bbox 143 2278 307 2349; x_wconf 73' lang='lat' dir='ltr'><strong>Syriacis</strong></span> <span class='ocrx_word' id='word_1_159' title='bbox 340 2298 370 2338; x_wconf 88' lang='lat' dir='ltr'><strong>e</strong></span> <span class='ocrx_word' id='word_1_160' title='bbox 408 2286 607 2343; x_wconf 90' lang='lat' dir='ltr'><strong>codice</strong></span> <span class='ocrx_word' id='word_1_161' title='bbox 657 2288 998 2347; x_wconf 66' lang='lat' dir='ltr'><strong>bibliotheca:</strong></span> <span class='ocrx_word' id='word_1_162' title='bbox 1023 2292 1357 2362; x_wconf 60' lang='lat' dir='ltr'><strong>:Bodleiana:</strong></span> <span class='ocrx_word' id='word_1_163' title='bbox 1403 2297 1636 2367; x_wconf 91' lang='lat' dir='ltr'><strong>primum</strong></span> 
     </span>
    </p>
   </div>
   <div class='ocr_carea' id='block_1_23' title="bbox 143 2371 1638 2458">
    <p class='ocr_par' dir='ltr' id='par_1_23' title="bbox 143 2371 1638 2458">
     <span class='ocr_line' id='line_1_23' title="bbox 143 2371 1638 2458; baseline 0.015 -35"><span class='ocrx_word' id='word_1_164' title='bbox 143 2371 232 2426; x_wconf 77' lang='lat' dir='ltr'><strong>edita</strong></span> <span class='ocrx_word' id='word_1_165' title='bbox 257 2389 362 2428; x_wconf 87' lang='lat' dir='ltr'><strong>cum</strong></span> <span class='ocrx_word' id='word_1_166' title='bbox 402 2378 668 2436; x_wconf 77' lang='lat' dir='ltr'><strong>versione</strong></span> <span class='ocrx_word' id='word_1_167' title='bbox 706 2379 931 2439; x_wconf 79' lang='lat' dir='ltr'><strong>Joannis</strong></span> <span class='ocrx_word' id='word_1_168' title='bbox 954 2383 1249 2455; x_wconf 88' lang='lat' dir='ltr'><strong>Gagnierii,</strong></span> <span class='ocrx_word' id='word_1_169' title='bbox 1276 2387 1513 2458; x_wconf 89' lang='lat' dir='ltr'><strong>imprimi</strong></span> <span class='ocrx_word' id='word_1_170' title='bbox 1542 2405 1638 2445; x_wconf 89' lang='lat' dir='ltr'><strong>cu-</strong></span> 
     </span>
    </p>
   </div>
   <div class='ocr_carea' id='block_1_24' title="bbox 139 2460 1637 2545">
    <p class='ocr_par' dir='ltr' id='par_1_24' title="bbox 139 2460 1637 2545">
     <span class='ocr_line' id='line_1_24' title="bbox 139 2460 1637 2545; baseline 0.016 -34"><span class='ocrx_word' id='word_1_171' title='bbox 139 2461 226 2513; x_wconf 83' lang='lat' dir='ltr'><strong>mit</strong></span> <span class='ocrx_word' id='word_1_172' title='bbox 243 2460 324 2533; x_wconf 88' lang='lat'><strong>(9).</strong></span> <span class='ocrx_word' id='word_1_173' title='bbox 345 2463 559 2521; x_wconf 88' lang='lat' dir='ltr'><strong>Nomen</strong></span> <span class='ocrx_word' id='word_1_174' title='bbox 589 2470 773 2525; x_wconf 88' lang='lat' dir='ltr'><strong>sancti</strong></span> <span class='ocrx_word' id='word_1_175' title='bbox 794 2469 1066 2545; x_wconf 85' lang='lat' dir='ltr'><strong>Hippolyti</strong></span> <span class='ocrx_word' id='word_1_176' title='bbox 1087 2475 1226 2531; x_wconf 88' lang='lat' dir='ltr'><strong>inter</strong></span> <span class='ocrx_word' id='word_1_177' title='bbox 1249 2477 1477 2544; x_wconf 79' lang='lat' dir='ltr'><strong>aliorum</strong></span> <span class='ocrx_word' id='word_1_178' title='bbox 1509 2494 1637 2534; x_wconf 80' lang='lat' dir='ltr'><strong>san-</strong></span> 
     </span>
    </p>
   </div>
   <div class='ocr_carea' id='block_1_25' title="bbox 139 2553 1637 2626">
    <p class='ocr_par' dir='ltr' id='par_1_25' title="bbox 139 2553 1637 2626">
     <span class='ocr_line' id='line_1_25' title="bbox 139 2553 1637 2626; baseline 0.014 -21"><span class='ocrx_word' id='word_1_179' title='bbox 139 2562 283 2608; x_wconf 69' lang='lat' dir='ltr'><strong>ctoriam</strong></span> <span class='ocrx_word' id='word_1_180' title='bbox 317 2553 533 2613; x_wconf 80' lang='lat' dir='ltr'><strong>Patrum</strong></span> <span class='ocrx_word' id='word_1_181' title='bbox 560 2575 654 2625; x_wconf 85' lang='lat' dir='ltr'><strong>Ill,</strong></span> <span class='ocrx_word' id='word_1_182' title='bbox 691 2577 744 2616; x_wconf 82' lang='lat' dir='ltr'><strong>tv</strong></span> <span class='ocrx_word' id='word_1_183' title='bbox 767 2572 823 2619; x_wconf 90' lang='lat' dir='ltr'><strong>et</strong></span> <span class='ocrx_word' id='word_1_184' title='bbox 852 2581 887 2619; x_wconf 92' lang='lat' dir='ltr'><strong>v</strong></span> <span class='ocrx_word' id='word_1_185' title='bbox 923 2566 1108 2621; x_wconf 59' lang='lat' dir='ltr'><strong>saeculi</strong></span> <span class='ocrx_word' id='word_1_186' title='bbox 1141 2568 1362 2624; x_wconf 88' lang='lat' dir='ltr'><strong>nomina</strong></span> <span class='ocrx_word' id='word_1_187' title='bbox 1397 2571 1637 2626; x_wconf 90' lang='lat' dir='ltr'><strong>occurrit</strong></span> 
     </span>
    </p>
   </div>
   <div class='ocr_carea' id='block_1_26' title="bbox 135 2643 1635 2731">
    <p class='ocr_par' dir='ltr' id='par_1_26' title="bbox 135 2643 1635 2731">
     <span class='ocr_line' id='line_1_26' title="bbox 135 2643 1635 2731; baseline 0.017 -35"><span class='ocrx_word' id='word_1_188' title='bbox 135 2643 233 2699; x_wconf 73' lang='lat' dir='ltr'><strong>hisce</strong></span> <span class='ocrx_word' id='word_1_189' title='bbox 249 2645 291 2699; x_wconf 90' lang='lat' dir='ltr'><strong>in</strong></span> <span class='ocrx_word' id='word_1_190' title='bbox 315 2651 610 2720; x_wconf 82' lang='lat' dir='ltr'><strong>excerptis,</strong></span> <span class='ocrx_word' id='word_1_191' title='bbox 641 2663 804 2725; x_wconf 88' lang='lat' dir='ltr'><strong>atque</strong></span> <span class='ocrx_word' id='word_1_192' title='bbox 839 2654 1161 2731; x_wconf 85' lang='lat' dir='ltr'><strong>Hippolytus</strong></span> <span class='ocrx_word' id='word_1_193' title='bbox 1200 2670 1389 2717; x_wconf 89' lang='lat' dir='ltr'><strong>noster</strong></span> <span class='ocrx_word' id='word_1_194' title='bbox 1419 2663 1635 2720; x_wconf 87' lang='lat' dir='ltr'><strong>circiter</strong></span> 
     </span>
    </p>
   </div>
   <div class='ocr_carea' id='block_1_27' title="bbox 134 2737 1630 2826">
    <p class='ocr_par' dir='ltr' id='par_1_27' title="bbox 134 2737 1630 2826">
     <span class='ocr_line' id='line_1_27' title="bbox 134 2737 1630 2826; baseline 0.015 -37"><span class='ocrx_word' id='word_1_195' title='bbox 134 2737 411 2826; x_wconf 72' lang='lat' dir='ltr'><strong>quadraginta</strong></span> <span class='ocrx_word' id='word_1_196' title='bbox 461 2742 598 2799; x_wconf 83' lang='lat' dir='ltr'><strong>loca</strong></span> <span class='ocrx_word' id='word_1_197' title='bbox 649 2760 1046 2806; x_wconf 88' lang='lat' dir='ltr'><strong>commentatus</strong></span> <span class='ocrx_word' id='word_1_198' title='bbox 1087 2762 1170 2808; x_wconf 92' lang='lat' dir='ltr'><strong>est</strong></span> <span class='ocrx_word' id='word_1_199' title='bbox 1212 2752 1266 2807; x_wconf 93' lang='lat' dir='ltr'><strong>in</strong></span> <span class='ocrx_word' id='word_1_200' title='bbox 1320 2753 1424 2810; x_wconf 86' lang='lat' dir='ltr'><strong>hoc</strong></span> <span class='ocrx_word' id='word_1_201' title='bbox 1449 2769 1630 2826; x_wconf 86' lang='lat' dir='ltr'><strong>opere.</strong></span> 
     </span>
    </p>
   </div>
   <div class='ocr_carea' id='block_1_28' title="bbox 130 2824 1633 2918">
    <p class='ocr_par' dir='ltr' id='par_1_28' title="bbox 130 2824 1633 2918">
     <span class='ocr_line' id='line_1_28' title="bbox 130 2824 1633 2918; baseline 0.016 -37"><span class='ocrx_word' id='word_1_202' title='bbox 130 2824 284 2918; x_wconf 65' lang='lat' dir='ltr'><strong>l‘rimus</strong></span> <span class='ocrx_word' id='word_1_203' title='bbox 305 2831 468 2899; x_wconf 89' lang='lat' dir='ltr'><strong>locus,</strong></span> <span class='ocrx_word' id='word_1_204' title='bbox 504 2836 611 2891; x_wconf 84' lang='lat' dir='ltr'><strong>ubi</strong></span> <span class='ocrx_word' id='word_1_205' title='bbox 643 2841 882 2896; x_wconf 90' lang='lat' dir='ltr'><strong>occurrit</strong></span> <span class='ocrx_word' id='word_1_206' title='bbox 911 2858 1110 2899; x_wconf 91' lang='lat' dir='ltr'><strong>nomen</strong></span> <span class='ocrx_word' id='word_1_207' title='bbox 1144 2843 1438 2918; x_wconf 82' lang='lat' dir='ltr'><strong>Hippolyti,</strong></span> <span class='ocrx_word' id='word_1_208' title='bbox 1469 2824 1633 2904; x_wconf 78' lang='lat' dir='ltr'><strong>estin</strong></span> 
     </span>
    </p>
   </div>
   <div class='ocr_carea' id='block_1_29' title="bbox 131 2917 666 2996">
    <p class='ocr_par' dir='ltr' id='par_1_29' title="bbox 131 2917 666 2996">
     <span class='ocr_line' id='line_1_29' title="bbox 131 2917 666 2996; baseline 0.022 -23"><span class='ocrx_word' id='word_1_209' title='bbox 131 2917 294 2978; x_wconf 77' lang='lat' dir='ltr'><strong>Genesis</strong></span> <span class='ocrx_word' id='word_1_210' title='bbox 311 2940 420 2996; x_wconf 84' lang='lat' dir='ltr'><strong>cap.</strong></span> <span class='ocrx_word' id='word_1_211' title='bbox 451 2944 532 2994; x_wconf 81' lang='lat' dir='ltr'><strong>vx,</strong></span> <span class='ocrx_word' id='word_1_212' title='bbox 571 2929 666 2986; x_wconf 85' lang='lat'><strong>17.</strong></span> 
     </span>
    </p>
   </div>
   <div class='ocr_carea' id='block_1_30' title="bbox 175 3008 1634 3104">
    <p class='ocr_par' dir='ltr' id='par_1_30' title="bbox 175 3008 1634 3104">
     <span class='ocr_line' id='line_1_30' title="bbox 175 3008 1634 3104; baseline 0.019 -41"><span class='ocrx_word' id='word_1_213' title='bbox 175 3008 331 3069; x_wconf 72' lang='lat' dir='ltr'><strong>Verum</strong></span> <span class='ocrx_word' id='word_1_214' title='bbox 353 3016 464 3073; x_wconf 69' lang='lat' dir='ltr'><strong>haec</strong></span> <span class='ocrx_word' id='word_1_215' title='bbox 493 3017 822 3094; x_wconf 85' lang='lat' dir='ltr'><strong>Hippolytea</strong></span> <span class='ocrx_word' id='word_1_216' title='bbox 848 3023 1169 3084; x_wconf 80' lang='lat' dir='ltr'><strong>Fabriciana</strong></span> <span class='ocrx_word' id='word_1_217' title='bbox 1204 3039 1462 3103; x_wconf 85' lang='lat' dir='ltr'><strong>excerpta</strong></span> <span class='ocrx_word' id='word_1_218' title='bbox 1504 3048 1634 3104; x_wconf 86' lang='lat' dir='ltr'><strong>sup-</strong></span> 
     </span>
    </p>
   </div>
   <div class='ocr_carea' id='block_1_31' title="bbox 130 3104 1633 3199">
    <p class='ocr_par' dir='ltr' id='par_1_31' title="bbox 130 3104 1633 3199">
     <span class='ocr_line' id='line_1_31' title="bbox 130 3104 1633 3199; baseline 0.02 -44"><span class='ocrx_word' id='word_1_219' title='bbox 130 3104 307 3169; x_wconf 82' lang='lat' dir='ltr'><strong>posititia</strong></span> <span class='ocrx_word' id='word_1_220' title='bbox 331 3124 445 3166; x_wconf 87' lang='lat' dir='ltr'><strong>esse</strong></span> <span class='ocrx_word' id='word_1_221' title='bbox 466 3123 801 3170; x_wconf 87' lang='lat' dir='ltr'><strong>noscuntur.</strong></span> <span class='ocrx_word' id='word_1_222' title='bbox 826 3115 904 3172; x_wconf 90' lang='lat' dir='ltr'><strong>lbi</strong></span> <span class='ocrx_word' id='word_1_223' title='bbox 926 3121 1069 3174; x_wconf 92' lang='lat' dir='ltr'><strong>enim</strong></span> <span class='ocrx_word' id='word_1_224' title='bbox 1094 3123 1296 3181; x_wconf 88' lang='lat' dir='ltr'><strong>nothus</strong></span> <span class='ocrx_word' id='word_1_225' title='bbox 1317 3124 1633 3199; x_wconf 87' lang='lat' dir='ltr'><strong>Hippolytus</strong></span> 
     </span>
    </p>
   </div>
   <div class='ocr_carea' id='block_1_32' title="bbox 132 3195 1632 3287">
    <p class='ocr_par' dir='ltr' id='par_1_32' title="bbox 132 3195 1632 3287">
     <span class='ocr_line' id='line_1_32' title="bbox 132 3195 1632 3287; baseline 0.019 -41"><span class='ocrx_word' id='word_1_226' title='bbox 132 3195 275 3287; x_wconf 80' lang='lat' dir='ltr'><strong>ubique</strong></span> <span class='ocrx_word' id='word_1_227' title='bbox 296 3203 588 3270; x_wconf 85' lang='lat' dir='ltr'><strong>appellatur</strong></span> <span class='ocrx_word' id='word_1_228' title='bbox 627 3205 918 3276; x_wconf 69' lang='lat' dir='ltr'><strong>Expositor</strong></span> <span class='ocrx_word' id='word_1_229' title='bbox 949 3209 1198 3284; x_wconf 85' lang='lat' dir='ltr'><strong>Targum,</strong></span> <span class='ocrx_word' id='word_1_230' title='bbox 1231 3195 1482 3287; x_wconf 72' lang='lat' dir='ltr'><strong>nuspiam</strong></span> <span class='ocrx_word' id='word_1_231' title='bbox 1505 3195 1632 3275; x_wconf 76' lang='lat' dir='ltr'><strong>vero</strong></span> 
     </span>
    </p>
   </div>
   <div class='ocr_carea' id='block_1_33' title="bbox 1757 835 3326 914">
    <p class='ocr_par' dir='ltr' id='par_1_33' title="bbox 1757 835 3326 914">
     <span class='ocr_line' id='line_1_33' title="bbox 1757 835 3326 914; baseline 0.005 -22"><span class='ocrx_word' id='word_1_232' title='bbox 1757 835 1985 892; x_wconf 87' lang='lat' dir='ltr'><strong>Sanctus</strong></span> <span class='ocrx_word' id='word_1_233' title='bbox 2038 835 2358 907; x_wconf 81' lang='lat' dir='ltr'><strong>Hippolytus</strong></span> <span class='ocrx_word' id='word_1_234' title='bbox 2404 848 2609 908; x_wconf 80' lang='lat' dir='ltr'><strong>martyr</strong></span> <span class='ocrx_word' id='word_1_235' title='bbox 2634 849 2684 893; x_wconf 90' lang='lat' dir='ltr'><strong>et</strong></span> <span class='ocrx_word' id='word_1_236' title='bbox 2717 841 2988 912; x_wconf 86' lang='lat' dir='ltr'><strong>episcopus</strong></span> <span class='ocrx_word' id='word_1_237' title='bbox 3033 847 3326 914; x_wconf 76' lang='lat' dir='ltr'><strong>composuit</strong></span> 
     </span>
    </p>
   </div>
   <div class='ocr_carea' id='block_1_34' title="bbox 1754 928 3322 1002">
    <p class='ocr_par' dir='ltr' id='par_1_34' title="bbox 1754 928 3322 1002">
     <span class='ocr_line' id='line_1_34' title="bbox 1754 928 3322 1002; baseline 0.006 -19"><span class='ocrx_word' id='word_1_238' title='bbox 1754 928 1950 983; x_wconf 82' lang='lat' dir='ltr'><strong>librum</strong></span> <span class='ocrx_word' id='word_1_239' title='bbox 1990 929 2054 983; x_wconf 86' lang='lat' dir='ltr'><strong>de</strong></span> <span class='ocrx_word' id='word_1_240' title='bbox 2097 930 2509 999; x_wconf 77' lang='lat' dir='ltr'><strong>dispensatione,</strong></span> <span class='ocrx_word' id='word_1_241' title='bbox 2555 941 2606 985; x_wconf 89' lang='lat' dir='ltr'><strong>et</strong></span> <span class='ocrx_word' id='word_1_242' title='bbox 2649 933 3029 1002; x_wconf 77' lang='lat' dir='ltr'><strong>expositionem</strong></span> <span class='ocrx_word' id='word_1_243' title='bbox 3081 935 3322 992; x_wconf 78' lang='lat' dir='ltr'><strong>Danielis</strong></span> 
     </span>
    </p>
   </div>
   <div class='ocr_carea' id='block_1_35' title="bbox 1753 1020 3322 1097">
    <p class='ocr_par' dir='ltr' id='par_1_35' title="bbox 1753 1020 3322 1097">
     <span class='ocr_line' id='line_1_35' title="bbox 1753 1020 3322 1097; baseline 0.008 -23"><span class='ocrx_word' id='word_1_244' title='bbox 1753 1021 1974 1075; x_wconf 86' lang='lat' dir='ltr'><strong>minoris</strong></span> <span class='ocrx_word' id='word_1_245' title='bbox 2016 1029 2068 1075; x_wconf 84' lang='lat' dir='ltr'><strong>et</strong></span> <span class='ocrx_word' id='word_1_246' title='bbox 2116 1020 2398 1088; x_wconf 83' lang='lat' dir='ltr'><strong>Susannte,</strong></span> <span class='ocrx_word' id='word_1_247' title='bbox 2436 1031 2487 1076; x_wconf 81' lang='lat' dir='ltr'><strong>et</strong></span> <span class='ocrx_word' id='word_1_248' title='bbox 2519 1024 2696 1092; x_wconf 89' lang='lat' dir='ltr'><strong>capita</strong></span> <span class='ocrx_word' id='word_1_249' title='bbox 2742 1025 2990 1081; x_wconf 84' lang='lat' dir='ltr'><strong>adversus</strong></span> <span class='ocrx_word' id='word_1_250' title='bbox 3030 1027 3241 1097; x_wconf 90' lang='lat' dir='ltr'><strong>Caium,</strong></span> <span class='ocrx_word' id='word_1_251' title='bbox 3269 1041 3322 1086; x_wconf 89' lang='lat' dir='ltr'><strong>et</strong></span> 
     </span>
    </p>
   </div>
   <div class='ocr_carea' id='block_1_36' title="bbox 1751 1115 3322 1195">
    <p class='ocr_par' dir='ltr' id='par_1_36' title="bbox 1751 1115 3322 1195">
     <span class='ocr_line' id='line_1_36' title="bbox 1751 1115 3322 1195; baseline 0.007 -27"><span class='ocrx_word' id='word_1_252' title='bbox 1751 1115 2065 1186; x_wconf 78' lang='lat' dir='ltr'><strong>Apologiam</strong></span> <span class='ocrx_word' id='word_1_253' title='bbox 2093 1116 2536 1188; x_wconf 29' lang='lat' dir='ltr'><strong>prolApocalypsi</strong></span> <span class='ocrx_word' id='word_1_254' title='bbox 2554 1128 2605 1173; x_wconf 86' lang='lat' dir='ltr'><strong>et</strong></span> <span class='ocrx_word' id='word_1_255' title='bbox 2629 1117 2914 1190; x_wconf 79' lang='lat' dir='ltr'><strong>Evangelia</strong></span> <span class='ocrx_word' id='word_1_256' title='bbox 2939 1119 3161 1178; x_wconf 75' lang='lat' dir='ltr'><strong>Joannis</strong></span> <span class='ocrx_word' id='word_1_257' title='bbox 3191 1140 3322 1195; x_wconf 80' lang='lat' dir='ltr'><strong>apo—</strong></span> 
     </span>
    </p>
   </div>
   <div class='ocr_carea' id='block_1_37' title="bbox 1749 1208 2334 1277">
    <p class='ocr_par' dir='ltr' id='par_1_37' title="bbox 1749 1208 2334 1277">
     <span class='ocr_line' id='line_1_37' title="bbox 1749 1208 2334 1277; baseline 0 -15"><span class='ocrx_word' id='word_1_258' title='bbox 1749 1208 1876 1262; x_wconf 84' lang='lat' dir='ltr'><strong>stoli</strong></span> <span class='ocrx_word' id='word_1_259' title='bbox 1905 1216 1956 1262; x_wconf 90' lang='lat' dir='ltr'><strong>et</strong></span> <span class='ocrx_word' id='word_1_260' title='bbox 1983 1208 2334 1277; x_wconf 66' lang='lat' dir='ltr'><strong>evangelista.</strong></span> 
     </span>
    </p>
   </div>
   <div class='ocr_carea' id='block_1_38' title="bbox 1819 1299 3317 1376">
    <p class='ocr_par' dir='ltr' id='par_1_38' title="bbox 1819 1299 3317 1376">
     <span class='ocr_line' id='line_1_38' title="bbox 1819 1299 3317 1376; baseline 0.005 -22"><span class='ocrx_word' id='word_1_261' title='bbox 1819 1301 2028 1356; x_wconf 87' lang='lat' dir='ltr'><strong>Arabes</strong></span> <span class='ocrx_word' id='word_1_262' title='bbox 2049 1299 2212 1354; x_wconf 90' lang='lat' dir='ltr'><strong>etiam</strong></span> <span class='ocrx_word' id='word_1_263' title='bbox 2239 1300 2297 1355; x_wconf 91' lang='lat' dir='ltr'><strong>S.</strong></span> <span class='ocrx_word' id='word_1_264' title='bbox 2331 1299 2620 1372; x_wconf 87' lang='lat' dir='ltr'><strong>Hippolyto</strong></span> <span class='ocrx_word' id='word_1_265' title='bbox 2650 1304 2900 1359; x_wconf 87' lang='lat' dir='ltr'><strong>tribuunt</strong></span> <span class='ocrx_word' id='word_1_266' title='bbox 2943 1304 3162 1376; x_wconf 85' lang='lat' dir='ltr'><strong>triginta</strong></span> <span class='ocrx_word' id='word_1_267' title='bbox 3193 1317 3317 1362; x_wconf 86' lang='lat' dir='ltr'><strong>octo</strong></span> 
     </span>
    </p>
   </div>
   <div class='ocr_carea' id='block_1_39' title="bbox 1748 1391 3310 1462">
    <p class='ocr_par' dir='ltr' id='par_1_39' title="bbox 1748 1391 3310 1462">
     <span class='ocr_line' id='line_1_39' title="bbox 1748 1391 3310 1462; baseline 0.005 -15"><span class='ocrx_word' id='word_1_268' title='bbox 1748 1391 2047 1462; x_wconf 82' lang='lat' dir='ltr'><strong>disciplinae</strong></span> <span class='ocrx_word' id='word_1_269' title='bbox 2072 1391 2452 1448; x_wconf 69' lang='lat' dir='ltr'><strong>ecclesiasticae</strong></span> <span class='ocrx_word' id='word_1_270' title='bbox 2474 1393 2739 1460; x_wconf 73' lang='lat' dir='ltr'><strong>canones,</strong></span> <span class='ocrx_word' id='word_1_271' title='bbox 2763 1405 2822 1451; x_wconf 89' lang='lat' dir='ltr'><strong>ut</strong></span> <span class='ocrx_word' id='word_1_272' title='bbox 2859 1397 3112 1454; x_wconf 89' lang='lat' dir='ltr'><strong>laudatus</strong></span> <span class='ocrx_word' id='word_1_273' title='bbox 3141 1399 3310 1455; x_wconf 90' lang='lat' dir='ltr'><strong>Asse-</strong></span> 
     </span>
    </p>
   </div>
   <div class='ocr_carea' id='block_1_40' title="bbox 1749 1481 3311 1545">
    <p class='ocr_par' dir='ltr' id='par_1_40' title="bbox 1749 1481 3311 1545">
     <span class='ocr_line' id='line_1_40' title="bbox 1749 1481 3311 1545; baseline 0.006 -9"><span class='ocrx_word' id='word_1_274' title='bbox 1749 1498 1982 1538; x_wconf 90' lang='lat' dir='ltr'><strong>mannus</strong></span> <span class='ocrx_word' id='word_1_275' title='bbox 2008 1481 2206 1538; x_wconf 89' lang='lat' dir='ltr'><strong>ibidem</strong></span> <span class='ocrx_word' id='word_1_276' title='bbox 2250 1491 2481 1539; x_wconf 89' lang='lat' dir='ltr'><strong>testatur</strong></span> <span class='ocrx_word' id='word_1_277' title='bbox 2524 1485 2610 1540; x_wconf 89' lang='lat' dir='ltr'><strong>his</strong></span> <span class='ocrx_word' id='word_1_278' title='bbox 2640 1487 2854 1542; x_wconf 83' lang='lat' dir='ltr'><strong>verbis:</strong></span> <span class='ocrx_word' id='word_1_279' title='bbox 2887 1487 3124 1544; x_wconf 84' lang='lat' dir='ltr'><strong>Canones</strong></span> <span class='ocrx_word' id='word_1_280' title='bbox 3164 1491 3311 1545; x_wconf 85' lang='lat' dir='ltr'><strong>Ara-</strong></span> 
     </span>
    </p>
   </div>
   <div class='ocr_carea' id='block_1_41' title="bbox 1748 1573 3315 1651">
    <p class='ocr_par' dir='ltr' id='par_1_41' title="bbox 1748 1573 3315 1651">
     <span class='ocr_line' id='line_1_41' title="bbox 1748 1573 3315 1651; baseline 0.003 -19"><span class='ocrx_word' id='word_1_281' title='bbox 1748 1578 1889 1632; x_wconf 83' lang='lat' dir='ltr'><strong>bicos</strong></span> <span class='ocrx_word' id='word_1_282' title='bbox 1916 1573 2445 1648; x_wconf 86' lang='lat' dir='ltr'><strong>duodequadraginta</strong></span> <span class='ocrx_word' id='word_1_283' title='bbox 2471 1577 2566 1630; x_wconf 86' lang='lat' dir='ltr'><strong>sub</strong></span> <span class='ocrx_word' id='word_1_284' title='bbox 2594 1577 2708 1645; x_wconf 87' lang='lat' dir='ltr'><strong>ejus</strong></span> <span class='ocrx_word' id='word_1_285' title='bbox 2730 1579 2940 1633; x_wconf 86' lang='lat' dir='ltr'><strong>nomine</strong></span> <span class='ocrx_word' id='word_1_286' title='bbox 2965 1579 3192 1651; x_wconf 83' lang='lat' dir='ltr'><strong>collegit,</strong></span> <span class='ocrx_word' id='word_1_287' title='bbox 3230 1590 3315 1636; x_wconf 89' lang='lat' dir='ltr'><strong>to-</strong></span> 
     </span>
    </p>
   </div>
   <div class='ocr_carea' id='block_1_42' title="bbox 1745 1667 3304 1741">
    <p class='ocr_par' dir='ltr' id='par_1_42' title="bbox 1745 1667 3304 1741">
     <span class='ocr_line' id='line_1_42' title="bbox 1745 1667 3304 1741; baseline 0.004 -18"><span class='ocrx_word' id='word_1_288' title='bbox 1745 1686 1929 1741; x_wconf 82' lang='lat' dir='ltr'><strong>moque</strong></span> <span class='ocrx_word' id='word_1_289' title='bbox 1960 1671 2131 1739; x_wconf 84' lang='lat' dir='ltr'><strong>primo</strong></span> <span class='ocrx_word' id='word_1_290' title='bbox 2171 1667 2444 1725; x_wconf 89' lang='lat' dir='ltr'><strong>Canonum</strong></span> <span class='ocrx_word' id='word_1_291' title='bbox 2470 1667 2722 1724; x_wconf 75' lang='lat' dir='ltr'><strong>Ecclesia:</strong></span> <span class='ocrx_word' id='word_1_292' title='bbox 2748 1669 3123 1728; x_wconf 64' lang='lat' dir='ltr'><strong>Alexandrinis:</strong></span> <span class='ocrx_word' id='word_1_293' title='bbox 3169 1676 3304 1730; x_wconf 86' lang='lat' dir='ltr'><strong>inse-</strong></span> 
     </span>
    </p>
   </div>
   <div class='ocr_carea' id='block_1_43' title="bbox 1745 1755 3308 1826">
    <p class='ocr_par' dir='ltr' id='par_1_43' title="bbox 1745 1755 3308 1826">
     <span class='ocr_line' id='line_1_43' title="bbox 1745 1755 3308 1826; baseline 0.006 -17"><span class='ocrx_word' id='word_1_294' title='bbox 1745 1757 1853 1810; x_wconf 84' lang='lat' dir='ltr'><strong>ruit</strong></span> <span class='ocrx_word' id='word_1_295' title='bbox 1908 1755 2178 1810; x_wconf 80' lang='lat' dir='ltr'><strong>Macarius</strong></span> <span class='ocrx_word' id='word_1_296' title='bbox 2231 1755 2500 1826; x_wconf 83' lang='lat' dir='ltr'><strong>presbyter</strong></span> <span class='ocrx_word' id='word_1_297' title='bbox 2549 1773 2613 1810; x_wconf 92' lang='lat' dir='ltr'><strong>ac</strong></span> <span class='ocrx_word' id='word_1_298' title='bbox 2660 1763 2947 1814; x_wconf 84' lang='lat' dir='ltr'><strong>monachus</strong></span> <span class='ocrx_word' id='word_1_299' title='bbox 2998 1765 3308 1818; x_wconf 85' lang='lat' dir='ltr'><strong>monasterii</strong></span> 
     </span>
    </p>
   </div>
   <div class='ocr_carea' id='block_1_44' title="bbox 1746 1843 3311 1921">
    <p class='ocr_par' dir='ltr' id='par_1_44' title="bbox 1746 1843 3311 1921">
     <span class='ocr_line' id='line_1_44' title="bbox 1746 1843 3311 1921; baseline 0.005 -21"><span class='ocrx_word' id='word_1_300' title='bbox 1746 1843 1932 1901; x_wconf 88' lang='lat' dir='ltr'><strong>Sancti</strong></span> <span class='ocrx_word' id='word_1_301' title='bbox 1967 1845 2220 1913; x_wconf 79' lang='lat' dir='ltr'><strong>Macarii,</strong></span> <span class='ocrx_word' id='word_1_302' title='bbox 2247 1847 2303 1900; x_wconf 88' lang='lat' dir='ltr'><strong>in</strong></span> <span class='ocrx_word' id='word_1_303' title='bbox 2329 1847 2506 1901; x_wconf 77' lang='lat' dir='ltr'><strong>codice</strong></span> <span class='ocrx_word' id='word_1_304' title='bbox 2532 1848 2757 1903; x_wconf 81' lang='lat' dir='ltr'><strong>Arabico</strong></span> <span class='ocrx_word' id='word_1_305' title='bbox 2777 1853 2974 1921; x_wconf 81' lang='lat' dir='ltr'><strong>scripto</strong></span> <span class='ocrx_word' id='word_1_306' title='bbox 2996 1869 3133 1907; x_wconf 89' lang='lat' dir='ltr'><strong>anno</strong></span> <span class='ocrx_word' id='word_1_307' title='bbox 3156 1852 3311 1908; x_wconf 85' lang='lat' dir='ltr'><strong>Chri-</strong></span> 
     </span>
    </p>
   </div>
   <div class='ocr_carea' id='block_1_45' title="bbox 1670 1937 3309 2003">
    <p class='ocr_par' dir='ltr' id='par_1_45' title="bbox 1670 1937 3309 2003">
     <span class='ocr_line' id='line_1_45' title="bbox 1670 1937 3309 2003; baseline 0.006 -11"><span class='ocrx_word' id='word_1_308' title='bbox 1670 1947 1714 2002; x_wconf 86' lang='lat' dir='ltr'><strong>B</strong></span> <span class='ocrx_word' id='word_1_309' title='bbox 1741 1937 1813 1992; x_wconf 87' lang='lat' dir='ltr'><strong>sti</strong></span> <span class='ocrx_word' id='word_1_310' title='bbox 1850 1937 2002 1992; x_wconf 79' lang='lat'><strong>1372.</strong></span> <span class='ocrx_word' id='word_1_311' title='bbox 2025 1937 2263 1994; x_wconf 76' lang='lat' dir='ltr'><strong>Joannes</strong></span> <span class='ocrx_word' id='word_1_312' title='bbox 2287 1938 2514 1994; x_wconf 88' lang='lat' dir='ltr'><strong>Michael</strong></span> <span class='ocrx_word' id='word_1_313' title='bbox 2533 1938 2883 1997; x_wconf 85' lang='lat' dir='ltr'><strong>Wanslebius</strong></span> <span class='ocrx_word' id='word_1_314' title='bbox 2919 1943 3309 2003; x_wconf 89' lang='lat' dir='ltr'><strong>Dominicanus</strong></span> 
     </span>
    </p>
   </div>
   <div class='ocr_carea' id='block_1_46' title="bbox 1740 2029 3305 2109">
    <p class='ocr_par' dir='ltr' id='par_1_46' title="bbox 1740 2029 3305 2109">
     <span class='ocr_line' id='line_1_46' title="bbox 1740 2029 3305 2109; baseline 0.006 -25"><span class='ocrx_word' id='word_1_315' title='bbox 1740 2030 1797 2085; x_wconf 89' lang='lat' dir='ltr'><strong>in</strong></span> <span class='ocrx_word' id='word_1_316' title='bbox 1822 2029 2062 2085; x_wconf 87' lang='lat' dir='ltr'><strong>Historia</strong></span> <span class='ocrx_word' id='word_1_317' title='bbox 2107 2030 2362 2086; x_wconf 78' lang='lat' dir='ltr'><strong>Ecclesia:</strong></span> <span class='ocrx_word' id='word_1_318' title='bbox 2390 2033 2770 2088; x_wconf 69' lang='lat' dir='ltr'><strong>Alexandriam</strong></span> <span class='ocrx_word' id='word_1_319' title='bbox 2800 2030 2952 2104; x_wconf 85' lang='lat' dir='ltr'><strong>parte</strong></span> <span class='ocrx_word' id='word_1_320' title='bbox 2985 2053 3018 2092; x_wconf 89' lang='lat' dir='ltr'><strong>v</strong></span> <span class='ocrx_word' id='word_1_321' title='bbox 3041 2075 3057 2102; x_wconf 90' lang='lat'><strong>,</strong></span> <span class='ocrx_word' id='word_1_322' title='bbox 3094 2054 3213 2109; x_wconf 88' lang='lat' dir='ltr'><strong>cap.</strong></span> <span class='ocrx_word' id='word_1_323' title='bbox 3250 2041 3305 2106; x_wconf 88' lang='grc'><strong>5,</strong></span> 
     </span>
    </p>
   </div>
   <div class='ocr_carea' id='block_1_47' title="bbox 1737 2122 3308 2198">
    <p class='ocr_par' dir='ltr' id='par_1_47' title="bbox 1737 2122 3308 2198">
     <span class='ocr_line' id='line_1_47' title="bbox 1737 2122 3308 2198; baseline 0.007 -21"><span class='ocrx_word' id='word_1_324' title='bbox 1737 2137 1834 2178; x_wconf 88' lang='lat' dir='ltr'><strong>seu</strong></span> <span class='ocrx_word' id='word_1_325' title='bbox 1865 2138 1985 2194; x_wconf 88' lang='lat' dir='ltr'><strong>pag.</strong></span> <span class='ocrx_word' id='word_1_326' title='bbox 2019 2122 2126 2179; x_wconf 88' lang='lat'><strong>280</strong></span> <span class='ocrx_word' id='word_1_327' title='bbox 2160 2132 2216 2179; x_wconf 91' lang='lat' dir='ltr'><strong>et</strong></span> <span class='ocrx_word' id='word_1_328' title='bbox 2242 2126 2616 2194; x_wconf 88' lang='lat' dir='ltr'><strong>sequentibus,</strong></span> <span class='ocrx_word' id='word_1_329' title='bbox 2663 2128 2762 2182; x_wconf 89' lang='lat' dir='ltr'><strong>hos</strong></span> <span class='ocrx_word' id='word_1_330' title='bbox 2793 2127 3010 2198; x_wconf 76' lang='lat' dir='ltr'><strong>triginta</strong></span> <span class='ocrx_word' id='word_1_331' title='bbox 3048 2139 3173 2187; x_wconf 91' lang='lat' dir='ltr'><strong>octo</strong></span> <span class='ocrx_word' id='word_1_332' title='bbox 3211 2147 3308 2187; x_wconf 88' lang='lat' dir='ltr'><strong>ca-</strong></span> 
     </span>
    </p>
   </div>
   <div class='ocr_carea' id='block_1_48' title="bbox 1737 2213 3306 2286">
    <p class='ocr_par' dir='ltr' id='par_1_48' title="bbox 1737 2213 3306 2286">
     <span class='ocr_line' id='line_1_48' title="bbox 1737 2213 3306 2286; baseline 0.005 -18"><span class='ocrx_word' id='word_1_333' title='bbox 1737 2228 1908 2270; x_wconf 89' lang='lat' dir='ltr'><strong>nones</strong></span> <span class='ocrx_word' id='word_1_334' title='bbox 1940 2213 2041 2270; x_wconf 92' lang='lat' dir='ltr'><strong>sub</strong></span> <span class='ocrx_word' id='word_1_335' title='bbox 2063 2214 2284 2270; x_wconf 89' lang='lat' dir='ltr'><strong>nomine</strong></span> <span class='ocrx_word' id='word_1_336' title='bbox 2306 2215 2558 2271; x_wconf 86' lang='lat' dir='ltr'><strong>Abulidis</strong></span> <span class='ocrx_word' id='word_1_337' title='bbox 2579 2215 2782 2273; x_wconf 86' lang='lat' dir='ltr'><strong>Gallice</strong></span> <span class='ocrx_word' id='word_1_338' title='bbox 2805 2220 2995 2286; x_wconf 84' lang='lat' dir='ltr'><strong>edidit,</strong></span> <span class='ocrx_word' id='word_1_339' title='bbox 3026 2229 3080 2276; x_wconf 89' lang='lat' dir='ltr'><strong>et</strong></span> <span class='ocrx_word' id='word_1_340' title='bbox 3108 2221 3306 2276; x_wconf 89' lang='lat' dir='ltr'><strong>ibidem</strong></span> 
     </span>
    </p>
   </div>
   <div class='ocr_carea' id='block_1_49' title="bbox 1735 2305 3305 2385">
    <p class='ocr_par' dir='ltr' id='par_1_49' title="bbox 1735 2305 3305 2385">
     <span class='ocr_line' id='line_1_49' title="bbox 1735 2305 3305 2385; baseline 0.006 -26"><span class='ocrx_word' id='word_1_341' title='bbox 1735 2305 1792 2360; x_wconf 92' lang='lat' dir='ltr'><strong>in</strong></span> <span class='ocrx_word' id='word_1_342' title='bbox 1824 2307 2067 2378; x_wconf 81' lang='lat' dir='ltr'><strong>margine</strong></span> <span class='ocrx_word' id='word_1_343' title='bbox 2095 2307 2352 2363; x_wconf 89' lang='lat' dir='ltr'><strong>lectorem</strong></span> <span class='ocrx_word' id='word_1_344' title='bbox 2389 2319 2575 2365; x_wconf 90' lang='lat' dir='ltr'><strong>monet</strong></span> <span class='ocrx_word' id='word_1_345' title='bbox 2607 2324 2665 2366; x_wconf 90' lang='lat' dir='ltr'><strong>se</strong></span> <span class='ocrx_word' id='word_1_346' title='bbox 2693 2326 2761 2366; x_wconf 93' lang='lat' dir='ltr'><strong>ne</strong></span> <span class='ocrx_word' id='word_1_347' title='bbox 2807 2313 3125 2380; x_wconf 89' lang='lat' dir='ltr'><strong>conjectura</strong></span> <span class='ocrx_word' id='word_1_348' title='bbox 3177 2313 3305 2385; x_wconf 89' lang='lat' dir='ltr'><strong>qui-</strong></span> 
     </span>
    </p>
   </div>
   <div class='ocr_carea' id='block_1_50' title="bbox 1735 2396 3306 2470">
    <p class='ocr_par' dir='ltr' id='par_1_50' title="bbox 1735 2396 3306 2470">
     <span class='ocr_line' id='line_1_50' title="bbox 1735 2396 3306 2470; baseline 0.005 -19"><span class='ocrx_word' id='word_1_349' title='bbox 1735 2396 1859 2453; x_wconf 90' lang='lat' dir='ltr'><strong>dem</strong></span> <span class='ocrx_word' id='word_1_350' title='bbox 1879 2398 2096 2468; x_wconf 90' lang='lat' dir='ltr'><strong>assequi</strong></span> <span class='ocrx_word' id='word_1_351' title='bbox 2129 2399 2372 2470; x_wconf 83' lang='lat' dir='ltr'><strong>potuisse</strong></span> <span class='ocrx_word' id='word_1_352' title='bbox 2397 2400 2522 2470; x_wconf 89' lang='lat' dir='ltr'><strong>quis</strong></span> <span class='ocrx_word' id='word_1_353' title='bbox 2561 2401 2724 2456; x_wconf 82' lang='lat' dir='ltr'><strong>fuerit</strong></span> <span class='ocrx_word' id='word_1_354' title='bbox 2754 2401 2846 2456; x_wconf 89' lang='lat' dir='ltr'><strong>ille</strong></span> <span class='ocrx_word' id='word_1_355' title='bbox 2883 2402 3306 2459; x_wconf 55' lang='lat' dir='ltr'><strong>Abulides.‘-Ve-</strong></span> 
     </span>
    </p>
   </div>
   <div class='ocr_carea' id='block_1_51' title="bbox 1736 2487 3306 2565">
    <p class='ocr_par' dir='ltr' id='par_1_51' title="bbox 1736 2487 3306 2565">
     <span class='ocr_line' id='line_1_51' title="bbox 1736 2487 3306 2565; baseline 0.006 -23"><span class='ocrx_word' id='word_1_356' title='bbox 1736 2503 1857 2543; x_wconf 89' lang='lat' dir='ltr'><strong>rum</strong></span> <span class='ocrx_word' id='word_1_357' title='bbox 1886 2487 2056 2545; x_wconf 82' lang='lat' dir='ltr'><strong>Jobus</strong></span> <span class='ocrx_word' id='word_1_358' title='bbox 2084 2488 2349 2546; x_wconf 82' lang='lat' dir='ltr'><strong>Ludoll&#39;us</strong></span> <span class='ocrx_word' id='word_1_359' title='bbox 2375 2491 2429 2546; x_wconf 92' lang='lat' dir='ltr'><strong>in</strong></span> <span class='ocrx_word' id='word_1_360' title='bbox 2461 2490 2702 2547; x_wconf 83' lang='lat' dir='ltr'><strong>Historia</strong></span> <span class='ocrx_word' id='word_1_361' title='bbox 2731 2493 3077 2564; x_wconf 64' lang='lat' dir='ltr'><strong>Ethiopica,</strong></span> <span class='ocrx_word' id='word_1_362' title='bbox 3109 2510 3166 2565; x_wconf 92' lang='lat' dir='ltr'><strong>p.</strong></span> <span class='ocrx_word' id='word_1_363' title='bbox 3197 2495 3306 2550; x_wconf 81' lang='grc'><strong>555</strong></span> 
     </span>
    </p>
   </div>
   <div class='ocr_carea' id='block_1_52' title="bbox 1735 2583 3308 2657">
    <p class='ocr_par' dir='ltr' id='par_1_52' title="bbox 1735 2583 3308 2657">
     <span class='ocr_line' id='line_1_52' title="bbox 1735 2583 3308 2657; baseline 0.006 -23"><span class='ocrx_word' id='word_1_364' title='bbox 1735 2587 1790 2634; x_wconf 91' lang='lat' dir='ltr'><strong>et</strong></span> <span class='ocrx_word' id='word_1_365' title='bbox 1826 2590 2108 2651; x_wconf 87' lang='lat' dir='ltr'><strong>sequente,</strong></span> <span class='ocrx_word' id='word_1_366' title='bbox 2163 2583 2386 2638; x_wconf 90' lang='lat' dir='ltr'><strong>eosdem</strong></span> <span class='ocrx_word' id='word_1_367' title='bbox 2428 2583 2486 2638; x_wconf 92' lang='lat' dir='ltr'><strong>S.</strong></span> <span class='ocrx_word' id='word_1_368' title='bbox 2522 2583 2796 2657; x_wconf 80' lang='lat' dir='ltr'><strong>Hippolyti</strong></span> <span class='ocrx_word' id='word_1_369' title='bbox 2836 2601 3072 2642; x_wconf 87' lang='lat' dir='ltr'><strong>canones</strong></span> <span class='ocrx_word' id='word_1_370' title='bbox 3115 2587 3308 2644; x_wconf 88' lang='lat' dir='ltr'><strong>Latine</strong></span> 
     </span>
    </p>
   </div>
   <div class='ocr_carea' id='block_1_53' title="bbox 1735 2672 3300 2750">
    <p class='ocr_par' dir='ltr' id='par_1_53' title="bbox 1735 2672 3300 2750">
     <span class='ocr_line' id='line_1_53' title="bbox 1735 2672 3300 2750; baseline 0.006 -24"><span class='ocrx_word' id='word_1_371' title='bbox 1735 2672 2118 2742; x_wconf 89' lang='lat' dir='ltr'><strong>interpretatus</strong></span> <span class='ocrx_word' id='word_1_372' title='bbox 2141 2686 2256 2742; x_wconf 89' lang='lat' dir='ltr'><strong>est,</strong></span> <span class='ocrx_word' id='word_1_373' title='bbox 2280 2675 2464 2746; x_wconf 85' lang='lat' dir='ltr'><strong>ibique</strong></span> <span class='ocrx_word' id='word_1_374' title='bbox 2485 2676 2861 2734; x_wconf 86' lang='lat' dir='ltr'><strong>Wanslebium</strong></span> <span class='ocrx_word' id='word_1_375' title='bbox 2897 2680 3075 2746; x_wconf 90' lang='lat' dir='ltr'><strong>docet,</strong></span> <span class='ocrx_word' id='word_1_376' title='bbox 3103 2679 3300 2750; x_wconf 85' lang='lat' dir='ltr'><strong>Hippo-</strong></span> 
     </span>
    </p>
   </div>
   <div class='ocr_carea' id='block_1_54' title="bbox 1733 2764 3310 2840">
    <p class='ocr_par' dir='ltr' id='par_1_54' title="bbox 1733 2764 3310 2840">
     <span class='ocr_line' id='line_1_54' title="bbox 1733 2764 3310 2840; baseline 0.004 -22"><span class='ocrx_word' id='word_1_377' title='bbox 1733 2764 1902 2835; x_wconf 87' lang='lat' dir='ltr'><strong>lytum</strong></span> <span class='ocrx_word' id='word_1_378' title='bbox 1933 2766 2002 2819; x_wconf 86' lang='lat' dir='ltr'><strong>ah</strong></span> <span class='ocrx_word' id='word_1_379' title='bbox 2023 2764 2374 2836; x_wconf 64' lang='lat' dir='ltr'><strong>Ethiopibus</strong></span> <span class='ocrx_word' id='word_1_380' title='bbox 2397 2768 2684 2823; x_wconf 83' lang='lat' dir='ltr'><strong>Abulidem</strong></span> <span class='ocrx_word' id='word_1_381' title='bbox 2713 2770 2926 2836; x_wconf 87' lang='lat' dir='ltr'><strong>vocari,</strong></span> <span class='ocrx_word' id='word_1_382' title='bbox 2974 2784 3040 2824; x_wconf 92' lang='lat' dir='ltr'><strong>ac</strong></span> <span class='ocrx_word' id='word_1_383' title='bbox 3068 2770 3310 2840; x_wconf 86' lang='lat' dir='ltr'><strong>denique</strong></span> 
     </span>
    </p>
   </div>
   <div class='ocr_carea' id='block_1_55' title="bbox 1732 2854 3300 2925">
    <p class='ocr_par' dir='ltr' id='par_1_55' title="bbox 1732 2854 3300 2925">
     <span class='ocr_line' id='line_1_55' title="bbox 1732 2854 3300 2925; baseline 0.005 -19"><span class='ocrx_word' id='word_1_384' title='bbox 1732 2861 1850 2923; x_wconf 91' lang='lat' dir='ltr'><strong>post</strong></span> <span class='ocrx_word' id='word_1_385' title='bbox 1878 2854 2151 2910; x_wconf 78' lang='lat' dir='ltr'><strong>exhibitas</strong></span> <span class='ocrx_word' id='word_1_386' title='bbox 2171 2855 2308 2912; x_wconf 90' lang='lat' dir='ltr'><strong>istos</strong></span> <span class='ocrx_word' id='word_1_387' title='bbox 2334 2855 2555 2925; x_wconf 88' lang='lat' dir='ltr'><strong>triginta</strong></span> <span class='ocrx_word' id='word_1_388' title='bbox 2576 2866 2698 2914; x_wconf 90' lang='lat' dir='ltr'><strong>octo</strong></span> <span class='ocrx_word' id='word_1_389' title='bbox 2720 2873 2961 2914; x_wconf 87' lang='lat' dir='ltr'><strong>canones</strong></span> <span class='ocrx_word' id='word_1_390' title='bbox 2982 2859 3098 2914; x_wconf 71' lang='lat' dir='ltr'><strong>haec</strong></span> <span class='ocrx_word' id='word_1_391' title='bbox 3127 2859 3300 2914; x_wconf 84' lang='lat' dir='ltr'><strong>addit:</strong></span> 
     </span>
    </p>
   </div>
   <div class='ocr_carea' id='block_1_56' title="bbox 1739 2943 3300 3021">
    <p class='ocr_par' dir='ltr' id='par_1_56' title="bbox 1739 2943 3300 3021">
     <span class='ocr_line' id='line_1_56' title="bbox 1739 2943 3300 3021; baseline 0.006 -25"><span class='ocrx_word' id='word_1_392' title='bbox 1739 2962 1758 2996; x_wconf 73' lang='grc' dir='ltr'>ι</span> <span class='ocrx_word' id='word_1_393' title='bbox 1779 2943 2008 3016; x_wconf 89' lang='lat' dir='ltr'><strong>Propter</strong></span> <span class='ocrx_word' id='word_1_394' title='bbox 2030 2945 2132 3002; x_wconf 86' lang='lat' dir='ltr'><strong>hos</strong></span> <span class='ocrx_word' id='word_1_395' title='bbox 2146 2961 2384 3003; x_wconf 88' lang='lat' dir='ltr'><strong>canones</strong></span> <span class='ocrx_word' id='word_1_396' title='bbox 2413 2945 2730 3021; x_wconf 86' lang='lat' dir='ltr'><strong>Hippolytus</strong></span> <span class='ocrx_word' id='word_1_397' title='bbox 2747 2959 2976 3006; x_wconf 82' lang='lat' dir='ltr'><strong>vocatur</strong></span> <span class='ocrx_word' id='word_1_398' title='bbox 2988 2950 3176 3005; x_wconf 90' lang='lat' dir='ltr'><strong>doctor</strong></span> <span class='ocrx_word' id='word_1_399' title='bbox 3192 2948 3300 3006; x_wconf 76' lang='lat' dir='ltr'><strong>Ec-</strong></span> 
     </span>
    </p>
   </div>
   <div class='ocr_carea' id='block_1_57' title="bbox 1733 3036 3301 3112">
    <p class='ocr_par' dir='ltr' id='par_1_57' title="bbox 1733 3036 3301 3112">
     <span class='ocr_line' id='line_1_57' title="bbox 1733 3036 3301 3112; baseline 0.004 -21"><span class='ocrx_word' id='word_1_400' title='bbox 1733 3036 1912 3092; x_wconf 74' lang='lat' dir='ltr'><strong>etesiae</strong></span> <span class='ocrx_word' id='word_1_401' title='bbox 1941 3038 2011 3094; x_wconf 91' lang='lat' dir='ltr'><strong>ab</strong></span> <span class='ocrx_word' id='word_1_402' title='bbox 2041 3037 2394 3110; x_wconf 66' lang='lat' dir='ltr'><strong>jEthiopibus</strong></span> <span class='ocrx_word' id='word_1_403' title='bbox 2419 3057 2434 3108; x_wconf 92' lang='lat'><strong>;</strong></span> <span class='ocrx_word' id='word_1_404' title='bbox 2470 3049 2524 3095; x_wconf 91' lang='lat' dir='ltr'><strong>et</strong></span> <span class='ocrx_word' id='word_1_405' title='bbox 2555 3049 2663 3095; x_wconf 91' lang='lat' dir='ltr'><strong>tam</strong></span> <span class='ocrx_word' id='word_1_406' title='bbox 2695 3041 2764 3097; x_wconf 90' lang='lat' dir='ltr'><strong>ab</strong></span> <span class='ocrx_word' id='word_1_407' title='bbox 2786 3036 2941 3111; x_wconf 88' lang='lat' dir='ltr'><strong>ipsis,</strong></span> <span class='ocrx_word' id='word_1_408' title='bbox 2968 3057 3132 3112; x_wconf 89' lang='lat' dir='ltr'><strong>quam</strong></span> <span class='ocrx_word' id='word_1_409' title='bbox 3165 3057 3196 3097; x_wconf 88' lang='lat' dir='ltr'><strong>a</strong></span> <span class='ocrx_word' id='word_1_410' title='bbox 3215 3058 3301 3097; x_wconf 88' lang='lat' dir='ltr'><strong>re-</strong></span> 
     </span>
    </p>
   </div>
   <div class='ocr_carea' id='block_1_58' title="bbox 1733 3126 3299 3204">
    <p class='ocr_par' dir='ltr' id='par_1_58' title="bbox 1733 3126 3299 3204">
     <span class='ocr_line' id='line_1_58' title="bbox 1733 3126 3299 3204; baseline 0.005 -23"><span class='ocrx_word' id='word_1_411' title='bbox 1733 3127 1896 3199; x_wconf 90' lang='lat' dir='ltr'><strong>liquis</strong></span> <span class='ocrx_word' id='word_1_412' title='bbox 1922 3126 2312 3196; x_wconf 86' lang='lat' dir='ltr'><strong>Orientalibus,</strong></span> <span class='ocrx_word' id='word_1_413' title='bbox 2336 3132 2638 3201; x_wconf 85' lang='lat' dir='ltr'><strong>appellatur</strong></span> <span class='ocrx_word' id='word_1_414' title='bbox 2672 3148 2809 3204; x_wconf 85' lang='lat' dir='ltr'><strong>papa</strong></span> <span class='ocrx_word' id='word_1_415' title='bbox 2838 3131 3144 3201; x_wconf 81' lang='lat' dir='ltr'><strong>Romanus,</strong></span> <span class='ocrx_word' id='word_1_416' title='bbox 3168 3149 3299 3189; x_wconf 88' lang='lat' dir='ltr'><strong>cum</strong></span> 
     </span>
    </p>
   </div>
   <div class='ocr_carea' id='block_1_59' title="bbox 1734 3218 3301 3293">
    <p class='ocr_par' dir='ltr' id='par_1_59' title="bbox 1734 3218 3301 3293">
     <span class='ocr_line' id='line_1_59' title="bbox 1734 3218 3301 3293; baseline 0.006 -22"><span class='ocrx_word' id='word_1_417' title='bbox 1734 3227 1915 3274; x_wconf 90' lang='lat' dir='ltr'><strong>tamen</strong></span> <span class='ocrx_word' id='word_1_418' title='bbox 1943 3220 2000 3274; x_wconf 89' lang='lat' dir='ltr'><strong>in</strong></span> <span class='ocrx_word' id='word_1_419' title='bbox 2031 3218 2292 3292; x_wconf 88' lang='lat' dir='ltr'><strong>Catalogo</strong></span> <span class='ocrx_word' id='word_1_420' title='bbox 2315 3223 2628 3291; x_wconf 80' lang='lat' dir='ltr'><strong>pontiﬁcum</strong></span> <span class='ocrx_word' id='word_1_421' title='bbox 2651 3239 2759 3279; x_wconf 89' lang='lat' dir='ltr'><strong>non</strong></span> <span class='ocrx_word' id='word_1_422' title='bbox 2788 3225 3106 3293; x_wconf 84' lang='lat' dir='ltr'><strong>reperiatur.</strong></span> <span class='ocrx_word' id='word_1_423' title='bbox 3145 3227 3301 3280; x_wconf 85' lang='lat' dir='ltr'><strong>Atta-</strong></span> 
     </span>
    </p>
   </div>
   <div class='ocr_carea' id='block_1_60' title="bbox 131 3286 3296 3389">
    <p class='ocr_par' dir='ltr' id='par_1_60' title="bbox 131 3286 3296 3389">
     <span class='ocr_line' id='line_1_60' title="bbox 131 3286 3296 3389; baseline 0.009 -45"><span class='ocrx_word' id='word_1_424' title='bbox 131 3286 347 3389; x_wconf 55' lang='lat' dir='ltr'><strong>?isoopus</strong></span> <span class='ocrx_word' id='word_1_425' title='bbox 377 3303 468 3349; x_wconf 89' lang='lat' dir='ltr'><strong>aut</strong></span> <span class='ocrx_word' id='word_1_426' title='bbox 515 3307 760 3369; x_wconf 88' lang='lat' dir='ltr'><strong>martyr;</strong></span> <span class='ocrx_word' id='word_1_427' title='bbox 816 3316 940 3358; x_wconf 90' lang='lat' dir='ltr'><strong>cum</strong></span> <span class='ocrx_word' id='word_1_428' title='bbox 981 3311 1163 3360; x_wconf 89' lang='lat' dir='ltr'><strong>tamen</strong></span> <span class='ocrx_word' id='word_1_429' title='bbox 1205 3307 1404 3389; x_wconf 77' lang='lat' dir='ltr'><strong>ibidem</strong></span> <span class='ocrx_word' id='word_1_430' title='bbox 1430 3311 1627 3382; x_wconf 89' lang='lat' dir='ltr'><strong>reliqui</strong></span> <span class='ocrx_word' id='word_1_431' title='bbox 1656 3302 1698 3358; x_wconf 87' lang='lat' dir='ltr'><strong>C</strong></span> <span class='ocrx_word' id='word_1_432' title='bbox 1732 3325 1854 3366; x_wconf 87' lang='lat' dir='ltr'><strong>men</strong></span> <span class='ocrx_word' id='word_1_433' title='bbox 1877 3311 2151 3369; x_wconf 87' lang='lat' dir='ltr'><strong>invenitur</strong></span> <span class='ocrx_word' id='word_1_434' title='bbox 2181 3315 2234 3368; x_wconf 93' lang='lat' dir='ltr'><strong>in</strong></span> <span class='ocrx_word' id='word_1_435' title='bbox 2270 3316 2576 3386; x_wconf 87' lang='lat' dir='ltr'><strong>synaxarils</strong></span> <span class='ocrx_word' id='word_1_436' title='bbox 2605 3315 2916 3370; x_wconf 69' lang='lat' dir='ltr'><strong>Graecorum</strong></span> <span class='ocrx_word' id='word_1_437' title='bbox 2953 3334 3061 3371; x_wconf 77' lang='lat' dir='ltr'><strong>xxx</strong></span> <span class='ocrx_word' id='word_1_438' title='bbox 3086 3315 3296 3373; x_wconf 84' lang='lat' dir='ltr'><strong>Janua-</strong></span> 
     </span>
    </p>
   </div>
   <div class='ocr_carea' id='block_1_61' title="bbox 133 3371 1624 3471">
    <p class='ocr_par' dir='ltr' id='par_1_61' title="bbox 133 3371 1624 3471">
     <span class='ocr_line' id='line_1_61' title="bbox 133 3371 1624 3471; baseline 0.021 -42"><span class='ocrx_word' id='word_1_439' title='bbox 133 3371 264 3471; x_wconf 28' lang='lat' dir='ltr'><strong>P‘atrcs</strong></span> <span class='ocrx_word' id='word_1_440' title='bbox 294 3386 502 3454; x_wconf 87' lang='lat' dir='ltr'><strong>proprio</strong></span> <span class='ocrx_word' id='word_1_441' title='bbox 561 3389 884 3452; x_wconf 84' lang='lat' dir='ltr'><strong>charactere</strong></span> <span class='ocrx_word' id='word_1_442' title='bbox 933 3395 1176 3468; x_wconf 85' lang='lat' dir='ltr'><strong>insigniti</strong></span> <span class='ocrx_word' id='word_1_443' title='bbox 1208 3371 1624 3471; x_wconf 40' lang='lat' dir='ltr'><strong>&#39;compareanlt:</strong></span> 
     </span>
    </p>
   </div>
   <div class='ocr_carea' id='block_1_62' title="bbox 132 3467 1628 3562">
    <p class='ocr_par' dir='ltr' id='par_1_62' title="bbox 132 3467 1628 3562">
     <span class='ocr_line' id='line_1_62' title="bbox 132 3467 1628 3562; baseline 0.02 -40"><span class='ocrx_word' id='word_1_444' title='bbox 132 3467 315 3562; x_wconf 37' lang='lat' dir='ltr'><strong>{implicet</strong></span> <span class='ocrx_word' id='word_1_445' title='bbox 348 3474 400 3529; x_wconf 90' lang='lat' dir='ltr'><strong>S.</strong></span> <span class='ocrx_word' id='word_1_446' title='bbox 431 3479 794 3549; x_wconf 84' lang='lat' dir='ltr'><strong>Athanasius,</strong></span> <span class='ocrx_word' id='word_1_447' title='bbox 849 3467 1158 3556; x_wconf 83' lang='lat' dir='ltr'><strong>patriarcha</strong></span> <span class='ocrx_word' id='word_1_448' title='bbox 1199 3467 1628 3562; x_wconf 74' lang='lat' dir='ltr'><strong>Alexandrinus;</strong></span> 
     </span>
    </p>
   </div>
   <div class='ocr_carea' id='block_1_63' title="bbox 133 3555 1629 3658">
    <p class='ocr_par' dir='ltr' id='par_1_63' title="bbox 133 3555 1629 3658">
     <span class='ocr_line' id='line_1_63' title="bbox 133 3555 1629 3658; baseline 0.019 -43"><span class='ocrx_word' id='word_1_449' title='bbox 133 3555 169 3609; x_wconf 84' lang='lat' dir='ltr'><strong>S.</strong></span> <span class='ocrx_word' id='word_1_450' title='bbox 193 3560 406 3658; x_wconf 78' lang='lat' dir='ltr'><strong>Basilius,</strong></span> <span class='ocrx_word' id='word_1_451' title='bbox 430 3573 705 3643; x_wconf 83' lang='lat' dir='ltr'><strong>episcopus</strong></span> <span class='ocrx_word' id='word_1_452' title='bbox 738 3555 994 3636; x_wconf 73' lang='lat' dir='ltr'><strong>Casaretc</strong></span> <span class='ocrx_word' id='word_1_453' title='bbox 1007 3598 1028 3645; x_wconf 87' lang='lat'><strong><em>;</em></strong></span> <span class='ocrx_word' id='word_1_454' title='bbox 1061 3580 1119 3636; x_wconf 93' lang='lat' dir='ltr'><strong>S.</strong></span> <span class='ocrx_word' id='word_1_455' title='bbox 1143 3582 1496 3655; x_wconf 87' lang='lat' dir='ltr'><strong>Epiphanius,</strong></span> <span class='ocrx_word' id='word_1_456' title='bbox 1519 3555 1629 3658; x_wconf 53' lang='lat' dir='ltr'><strong>cpi:-</strong></span> 
     </span>
    </p>
   </div>
   <div class='ocr_carea' id='block_1_64' title="bbox 131 3656 1628 3750">
    <p class='ocr_par' dir='ltr' id='par_1_64' title="bbox 131 3656 1628 3750">
     <span class='ocr_line' id='line_1_64' title="bbox 131 3656 1628 3750; baseline 0.017 -46"><span class='ocrx_word' id='word_1_457' title='bbox 131 3667 260 3750; x_wconf 70' lang='lat' dir='ltr'><strong>tropus</strong></span> <span class='ocrx_word' id='word_1_458' title='bbox 281 3656 445 3729; x_wconf 82' lang='lat' dir='ltr'><strong>Cypri,</strong></span> <span class='ocrx_word' id='word_1_459' title='bbox 475 3675 598 3750; x_wconf 34' lang='lat' dir='ltr'><strong>etc.‘</strong></span> <span class='ocrx_word' id='word_1_460' title='bbox 617 3668 838 3724; x_wconf 85' lang='lat' dir='ltr'><strong>Accedit</strong></span> <span class='ocrx_word' id='word_1_461' title='bbox 858 3670 1128 3747; x_wconf 87' lang='lat' dir='ltr'><strong>Hippolyti</strong></span> <span class='ocrx_word' id='word_1_462' title='bbox 1153 3675 1317 3746; x_wconf 88' lang='lat' dir='ltr'><strong>hujus</strong></span> <span class='ocrx_word' id='word_1_463' title='bbox 1342 3656 1628 3750; x_wconf 83' lang='lat' dir='ltr'><strong>Targumi-</strong></span> 
     </span>
    </p>
   </div>
   <div class='ocr_carea' id='block_1_65' title="bbox 131 3741 1624 3841">
    <p class='ocr_par' dir='ltr' id='par_1_65' title="bbox 131 3741 1624 3841">
     <span class='ocr_line' id='line_1_65' title="bbox 131 3741 1624 3841; baseline 0.02 -43"><span class='ocrx_word' id='word_1_464' title='bbox 131 3755 194 3841; x_wconf 64' lang='lat' dir='ltr'><strong>tu:</strong></span> <span class='ocrx_word' id='word_1_465' title='bbox 226 3741 675 3822; x_wconf 77' lang='lat' dir='ltr'><strong>interpretationes</strong></span> <span class='ocrx_word' id='word_1_466' title='bbox 710 3777 902 3834; x_wconf 88' lang='lat' dir='ltr'><strong>sapere</strong></span> <span class='ocrx_word' id='word_1_467' title='bbox 927 3741 1248 3841; x_wconf 78' lang='lat' dir='ltr'><strong>plerumque</strong></span> <span class='ocrx_word' id='word_1_468' title='bbox 1272 3741 1624 3828; x_wconf 45' lang='lat' dir='ltr'><strong>rabbinvorum</strong></span> 
     </span>
    </p>
   </div>
   <div class='ocr_carea' id='block_1_66' title="bbox 131 3834 1626 3934">
    <p class='ocr_par' dir='ltr' id='par_1_66' title="bbox 131 3834 1626 3934">
     <span class='ocr_line' id='line_1_66' title="bbox 131 3834 1626 3934; baseline 0.017 -37"><span class='ocrx_word' id='word_1_469' title='bbox 333 3846 584 3919; x_wconf 84' lang='lat' dir='ltr'><strong>indignas</strong></span> <span class='ocrx_word' id='word_1_470' title='bbox 607 3853 766 3922; x_wconf 89' lang='lat' dir='ltr'><strong>plane</strong></span> <span class='ocrx_word' id='word_1_471' title='bbox 790 3834 946 3914; x_wconf 78' lang='lat' dir='ltr'><strong>tanto</strong></span> <span class='ocrx_word' id='word_1_472' title='bbox 970 3834 1424 3934; x_wconf 49' lang='lat' dir='ltr'><strong>Patre,-quantus</strong></span> <span class='ocrx_word' id='word_1_473' title='bbox 1455 3864 1626 3922; x_wconf 84' lang='lat' dir='ltr'><strong>fuisse</strong></span> 
     </span>
    </p>
   </div>
   <div class='ocr_carea' id='block_1_67' title="bbox 131 3931 1625 4026">
    <p class='ocr_par' dir='ltr' id='par_1_67' title="bbox 131 3931 1625 4026">
     <span class='ocr_line' id='line_1_67' title="bbox 131 3931 1625 4026; baseline 0.014 -34"><span class='ocrx_word' id='word_1_474' title='bbox 131 3931 366 4026; x_wconf 49' lang='lat' dir='ltr'><strong>inhibetur</strong></span> <span class='ocrx_word' id='word_1_475' title='bbox 397 3939 450 3994; x_wconf 90' lang='lat' dir='ltr'><strong>in</strong></span> <span class='ocrx_word' id='word_1_476' title='bbox 473 3944 654 4000; x_wconf 85' lang='lat' dir='ltr'><strong>sacris</strong></span> <span class='ocrx_word' id='word_1_477' title='bbox 677 3945 872 4004; x_wconf 89' lang='lat' dir='ltr'><strong>litteris</strong></span> <span class='ocrx_word' id='word_1_478' title='bbox 898 3931 1240 4020; x_wconf 83' lang='lat' dir='ltr'><strong>potissimum</strong></span> <span class='ocrx_word' id='word_1_479' title='bbox 1270 3955 1625 4026; x_wconf 81' lang='lat' dir='ltr'><strong>explanandis</strong></span> 
     </span>
    </p>
   </div>
   <div class='ocr_carea' id='block_1_68' title="bbox 131 4021 592 4100">
    <p class='ocr_par' dir='ltr' id='par_1_68' title="bbox 131 4021 592 4100">
     <span class='ocr_line' id='line_1_68' title="bbox 131 4021 592 4100; baseline 0.03 -25"><span class='ocrx_word' id='word_1_480' title='bbox 131 4029 239 4076; x_wconf 64' lang='lat' dir='ltr'><strong>teras</strong></span> <span class='ocrx_word' id='word_1_481' title='bbox 260 4021 592 4100; x_wconf 88' lang='lat' dir='ltr'><strong>Hippolytus.</strong></span> 
     </span>
    </p>
   </div>
   <div class='ocr_carea' id='block_1_69' title="bbox 135 4125 1621 4228">
    <p class='ocr_par' dir='ltr' id='par_1_69' title="bbox 135 4125 1621 4228">
     <span class='ocr_line' id='line_1_69' title="bbox 135 4125 1621 4228; baseline 0.012 -33"><span class='ocrx_word' id='word_1_482' title='bbox 135 4125 226 4195; x_wconf 57' lang='grc' dir='ltr'><strong>ἐκ.</strong></span> <span class='ocrx_word' id='word_1_483' title='bbox 244 4133 432 4209; x_wconf 77' lang='lat' dir='ltr'><strong>Scripta</strong></span> <span class='ocrx_word' id='word_1_484' title='bbox 458 4141 520 4200; x_wconf 88' lang='lat' dir='ltr'><strong>s.</strong></span> <span class='ocrx_word' id='word_1_485' title='bbox 565 4131 1141 4228; x_wconf 69' lang='lat' dir='ltr'><strong>Hippolytoattributa</strong></span> <span class='ocrx_word' id='word_1_486' title='bbox 1180 4156 1244 4208; x_wconf 82' lang='lat' dir='ltr'><strong>ab</strong></span> <span class='ocrx_word' id='word_1_487' title='bbox 1278 4154 1621 4228; x_wconf 69' lang='lat' dir='ltr'><strong>.Ettiopibus</strong></span> 
     </span>
    </p>
   </div>
   <div class='ocr_carea' id='block_1_70' title="bbox 645 4221 1022 4277">
    <p class='ocr_par' dir='ltr' id='par_1_70' title="bbox 645 4221 1022 4277">
     <span class='ocr_line' id='line_1_70' title="bbox 645 4221 1022 4277; baseline 0.016 -6"><span class='ocrx_word' id='word_1_488' title='bbox 645 4229 695 4271; x_wconf 89' lang='lat' dir='ltr'><strong>et</strong></span> <span class='ocrx_word' id='word_1_489' title='bbox 738 4221 1022 4277; x_wconf 75' lang='lat' dir='ltr'><strong>Chaldteis.</strong></span> 
     </span>
    </p>
   </div>
   <div class='ocr_carea' id='block_1_71' title="bbox 177 4290 1620 4392">
    <p class='ocr_par' dir='ltr' id='par_1_71' title="bbox 177 4290 1620 4392">
     <span class='ocr_line' id='line_1_71' title="bbox 177 4290 1620 4392; baseline 0.021 -45"><span class='ocrx_word' id='word_1_490' title='bbox 177 4290 352 4392; x_wconf 54' lang='lat' dir='ltr'><strong>iilentio</strong></span> <span class='ocrx_word' id='word_1_491' title='bbox 362 4303 599 4392; x_wconf 88' lang='lat' dir='ltr'><strong>denique</strong></span> <span class='ocrx_word' id='word_1_492' title='bbox 621 4313 962 4378; x_wconf 69' lang='lat' dir='ltr'><strong>praeterimus</strong></span> <span class='ocrx_word' id='word_1_493' title='bbox 985 4315 1392 4376; x_wconf 89' lang='lat' dir='ltr'><strong>lucubrationes</strong></span> <span class='ocrx_word' id='word_1_494' title='bbox 1410 4319 1467 4377; x_wconf 90' lang='lat' dir='ltr'><strong>S.</strong></span> <span class='ocrx_word' id='word_1_495' title='bbox 1487 4319 1620 4392; x_wconf 85' lang='lat' dir='ltr'><strong>Hip-</strong></span> 
     </span>
    </p>
   </div>
   <div class='ocr_carea' id='block_1_72' title="bbox 135 4383 1619 4479">
    <p class='ocr_par' dir='ltr' id='par_1_72' title="bbox 135 4383 1619 4479">
     <span class='ocr_line' id='line_1_72' title="bbox 135 4383 1619 4479; baseline 0.018 -38"><span class='ocrx_word' id='word_1_496' title='bbox 135 4383 318 4479; x_wconf 39' lang='grc' dir='ltr'><strong>[ηιξ-ιο)</strong></span> <span class='ocrx_word' id='word_1_497' title='bbox 354 4391 788 4464; x_wconf 70' lang='lat' dir='ltr'><strong>Syro-Chaldaeis</strong></span> <span class='ocrx_word' id='word_1_498' title='bbox 837 4405 1089 4472; x_wconf 84' lang='lat' dir='ltr'><strong>tributas,</strong></span> <span class='ocrx_word' id='word_1_499' title='bbox 1139 4425 1276 4479; x_wconf 89' lang='lat' dir='ltr'><strong>quas</strong></span> <span class='ocrx_word' id='word_1_500' title='bbox 1327 4411 1380 4465; x_wconf 94' lang='lat' dir='ltr'><strong>in</strong></span> <span class='ocrx_word' id='word_1_501' title='bbox 1426 4383 1619 4466; x_wconf 60' lang='lat' dir='ltr'><strong>biblioc</strong></span> 
     </span>
    </p>
   </div>
   <div class='ocr_carea' id='block_1_73' title="bbox 138 4471 1614 4574">
    <p class='ocr_par' dir='ltr' id='par_1_73' title="bbox 138 4471 1614 4574">
     <span class='ocr_line' id='line_1_73' title="bbox 138 4471 1614 4574; baseline 0.017 -42"><span class='ocrx_word' id='word_1_502' title='bbox 138 4471 230 4528; x_wconf 62' lang='grc' dir='ltr'><strong>ίέιω</strong></span> <span class='ocrx_word' id='word_1_503' title='bbox 246 4477 482 4543; x_wconf 87' lang='lat' dir='ltr'><strong>Orientali</strong></span> <span class='ocrx_word' id='word_1_504' title='bbox 499 4489 849 4550; x_wconf 85' lang='lat' dir='ltr'><strong>Clementino-</strong></span> <span class='ocrx_word' id='word_1_505' title='bbox 863 4494 1120 4553; x_wconf 84' lang='lat' dir='ltr'><strong>Vaticana</strong></span> <span class='ocrx_word' id='word_1_506' title='bbox 1137 4471 1287 4558; x_wconf 79' lang='lat' dir='ltr'><strong>tonio</strong></span> <span class='ocrx_word' id='word_1_507' title='bbox 1302 4501 1394 4568; x_wconf 88' lang='lat' dir='ltr'><strong>Ill,</strong></span> <span class='ocrx_word' id='word_1_508' title='bbox 1415 4511 1557 4574; x_wconf 89' lang='lat' dir='ltr'><strong>part.</strong></span> <span class='ocrx_word' id='word_1_509' title='bbox 1578 4519 1614 4567; x_wconf 84' lang='grc' dir='ltr'><strong>ι,</strong></span> 
     </span>
    </p>
   </div>
   <div class='ocr_carea' id='block_1_74' title="bbox 1731 3401 3300 3476">
    <p class='ocr_par' dir='ltr' id='par_1_74' title="bbox 1731 3401 3300 3476">
     <span class='ocr_line' id='line_1_74' title="bbox 1731 3401 3300 3476; baseline 0.004 -20"><span class='ocrx_word' id='word_1_510' title='bbox 1731 3401 1818 3467; x_wconf 91' lang='lat' dir='ltr'><strong>rii,</strong></span> <span class='ocrx_word' id='word_1_511' title='bbox 1840 3401 1932 3471; x_wconf 91' lang='lat' dir='ltr'><strong>qui</strong></span> <span class='ocrx_word' id='word_1_512' title='bbox 1965 3409 2048 3458; x_wconf 90' lang='lat' dir='ltr'><strong>est</strong></span> <span class='ocrx_word' id='word_1_513' title='bbox 2082 3419 2116 3456; x_wconf 93' lang='lat' dir='ltr'><strong>v</strong></span> <span class='ocrx_word' id='word_1_514' title='bbox 2156 3402 2436 3458; x_wconf 89' lang='lat' dir='ltr'><strong>Februarii</strong></span> <span class='ocrx_word' id='word_1_515' title='bbox 2477 3404 2616 3474; x_wconf 88' lang='lat' dir='ltr'><strong>apud</strong></span> <span class='ocrx_word' id='word_1_516' title='bbox 2641 3404 2945 3476; x_wconf 70' lang='lat' dir='ltr'><strong>Ethiopes.</strong></span> <span class='ocrx_word' id='word_1_517' title='bbox 2990 3406 3300 3463; x_wconf 69' lang='lat' dir='ltr'><strong>iCaeterum</strong></span> 
     </span>
    </p>
   </div>
   <div class='ocr_carea' id='block_1_75' title="bbox 1729 3491 3294 3567">
    <p class='ocr_par' dir='ltr' id='par_1_75' title="bbox 1729 3491 3294 3567">
     <span class='ocr_line' id='line_1_75' title="bbox 1729 3491 3294 3567; baseline 0.004 -23"><span class='ocrx_word' id='word_1_518' title='bbox 1729 3491 1922 3545; x_wconf 88' lang='lat' dir='ltr'><strong>horum</strong></span> <span class='ocrx_word' id='word_1_519' title='bbox 1949 3506 2219 3547; x_wconf 88' lang='lat' dir='ltr'><strong>canonum</strong></span> <span class='ocrx_word' id='word_1_520' title='bbox 2255 3493 2434 3563; x_wconf 89' lang='lat' dir='ltr'><strong>capita</strong></span> <span class='ocrx_word' id='word_1_521' title='bbox 2461 3494 2671 3564; x_wconf 90' lang='lat' dir='ltr'><strong>primus</strong></span> <span class='ocrx_word' id='word_1_522' title='bbox 2697 3493 2900 3550; x_wconf 87' lang='lat' dir='ltr'><strong>Gallice</strong></span> <span class='ocrx_word' id='word_1_523' title='bbox 2937 3496 3178 3567; x_wconf 85' lang='lat' dir='ltr'><strong>vulgavit</strong></span> <span class='ocrx_word' id='word_1_524' title='bbox 3204 3495 3294 3552; x_wconf 84' lang='lat' dir='ltr'><strong>Jo.</strong></span> 
     </span>
    </p>
   </div>
   <div class='ocr_carea' id='block_1_76' title="bbox 1728 3579 3294 3643">
    <p class='ocr_par' dir='ltr' id='par_1_76' title="bbox 1728 3579 3294 3643">
     <span class='ocr_line' id='line_1_76' title="bbox 1728 3579 3294 3643; baseline 0.006 -9"><span class='ocrx_word' id='word_1_525' title='bbox 1728 3579 1957 3637; x_wconf 83' lang='lat' dir='ltr'><strong>Michael</strong></span> <span class='ocrx_word' id='word_1_526' title='bbox 1987 3582 2336 3640; x_wconf 88' lang='lat' dir='ltr'><strong>Wanslebius</strong></span> <span class='ocrx_word' id='word_1_527' title='bbox 2384 3586 2439 3640; x_wconf 90' lang='lat' dir='ltr'><strong>in</strong></span> <span class='ocrx_word' id='word_1_528' title='bbox 2471 3586 2610 3641; x_wconf 92' lang='lat' dir='ltr'><strong>libro</strong></span> <span class='ocrx_word' id='word_1_529' title='bbox 2643 3585 2720 3641; x_wconf 89' lang='lat' dir='ltr'><strong>De</strong></span> <span class='ocrx_word' id='word_1_530' title='bbox 2767 3585 3008 3641; x_wconf 82' lang='lat' dir='ltr'><strong>Ecclesia</strong></span> <span class='ocrx_word' id='word_1_531' title='bbox 3057 3588 3294 3643; x_wconf 70' lang='lat' dir='ltr'><strong>Alexan-</strong></span> 
     </span>
    </p>
   </div>
   <div class='ocr_carea' id='block_1_77' title="bbox 1726 3674 3294 3741">
    <p class='ocr_par' dir='ltr' id='par_1_77' title="bbox 1726 3674 3294 3741">
     <span class='ocr_line' id='line_1_77' title="bbox 1726 3674 3294 3741; baseline 0.007 -14"><span class='ocrx_word' id='word_1_532' title='bbox 1726 3674 1903 3738; x_wconf 85' lang='lat' dir='ltr'><strong>drina,</strong></span> <span class='ocrx_word' id='word_1_533' title='bbox 1935 3674 2158 3730; x_wconf 91' lang='lat' dir='ltr'><strong>Parisiis</strong></span> <span class='ocrx_word' id='word_1_534' title='bbox 2183 3675 2341 3741; x_wconf 86' lang='lat'><strong>1677,</strong></span> <span class='ocrx_word' id='word_1_535' title='bbox 2373 3677 2546 3731; x_wconf 85' lang='lat' dir='ltr'><strong>in-12.</strong></span> <span class='ocrx_word' id='word_1_536' title='bbox 2598 3677 2790 3734; x_wconf 89' lang='lat' dir='ltr'><strong>Latine</strong></span> <span class='ocrx_word' id='word_1_537' title='bbox 2828 3677 3000 3735; x_wconf 80' lang='lat' dir='ltr'><strong>Johns</strong></span> <span class='ocrx_word' id='word_1_538' title='bbox 3027 3679 3294 3738; x_wconf 78' lang='lat' dir='ltr'><strong>Ludolt‘us</strong></span> 
     </span>
    </p>
   </div>
   <div class='ocr_carea' id='block_1_78' title="bbox 1727 3765 3294 3838">
    <p class='ocr_par' dir='ltr' id='par_1_78' title="bbox 1727 3765 3294 3838">
     <span class='ocr_line' id='line_1_78' title="bbox 1727 3765 3294 3838; baseline 0.005 -19"><span class='ocrx_word' id='word_1_539' title='bbox 1727 3765 1779 3819; x_wconf 89' lang='lat' dir='ltr'><strong>in</strong></span> <span class='ocrx_word' id='word_1_540' title='bbox 1811 3765 2200 3821; x_wconf 85' lang='lat' dir='ltr'><strong>Commentario</strong></span> <span class='ocrx_word' id='word_1_541' title='bbox 2231 3769 2301 3821; x_wconf 85' lang='lat' dir='ltr'><strong>ad</strong></span> <span class='ocrx_word' id='word_1_542' title='bbox 2329 3768 2607 3822; x_wconf 81' lang='lat' dir='ltr'><strong>historiam</strong></span> <span class='ocrx_word' id='word_1_543' title='bbox 2622 3769 3010 3838; x_wconf 65' lang='lat' dir='ltr'><strong>zEthiopicam,</strong></span> <span class='ocrx_word' id='word_1_544' title='bbox 3053 3771 3294 3827; x_wconf 88' lang='lat' dir='ltr'><strong>Franco-</strong></span> 
     </span>
    </p>
   </div>
   <div class='ocr_carea' id='block_1_79' title="bbox 1724 3855 3293 3930">
    <p class='ocr_par' dir='ltr' id='par_1_79' title="bbox 1724 3855 3293 3930">
     <span class='ocr_line' id='line_1_79' title="bbox 1724 3855 3293 3930; baseline 0.006 -21"><span class='ocrx_word' id='word_1_545' title='bbox 1724 3855 1854 3910; x_wconf 81' lang='lat' dir='ltr'><strong>furti</strong></span> <span class='ocrx_word' id='word_1_546' title='bbox 1888 3857 2047 3920; x_wconf 83' lang='lat'><strong>1691,</strong></span> <span class='ocrx_word' id='word_1_547' title='bbox 2070 3856 2190 3921; x_wconf 85' lang='lat' dir='ltr'><strong>fol.,</strong></span> <span class='ocrx_word' id='word_1_548' title='bbox 2215 3873 2341 3930; x_wconf 88' lang='lat' dir='ltr'><strong>pag.</strong></span> <span class='ocrx_word' id='word_1_549' title='bbox 2369 3859 2494 3925; x_wconf 85' lang='grc'><strong>555,</strong></span> <span class='ocrx_word' id='word_1_550' title='bbox 2525 3872 2579 3915; x_wconf 93' lang='lat' dir='ltr'><strong>et</strong></span> <span class='ocrx_word' id='word_1_551' title='bbox 2595 3862 2890 3918; x_wconf 88' lang='lat' dir='ltr'><strong>novissime</strong></span> <span class='ocrx_word' id='word_1_552' title='bbox 2909 3863 3057 3918; x_wconf 88' lang='lat' dir='ltr'><strong>Guil.</strong></span> <span class='ocrx_word' id='word_1_553' title='bbox 3091 3863 3293 3918; x_wconf 71' lang='lat' dir='ltr'><strong>Wisto~</strong></span> 
     </span>
    </p>
   </div>
   <div class='ocr_carea' id='block_1_80' title="bbox 1725 3950 3294 4024">
    <p class='ocr_par' dir='ltr' id='par_1_80' title="bbox 1725 3950 3294 4024">
     <span class='ocr_line' id='line_1_80' title="bbox 1725 3950 3294 4024; baseline 0.004 -20"><span class='ocrx_word' id='word_1_554' title='bbox 1725 3965 1828 4005; x_wconf 90' lang='lat' dir='ltr'><strong>nus</strong></span> <span class='ocrx_word' id='word_1_555' title='bbox 1859 3950 1912 4005; x_wconf 91' lang='lat' dir='ltr'><strong>in</strong></span> <span class='ocrx_word' id='word_1_556' title='bbox 1939 3951 2214 4007; x_wconf 88' lang='lat' dir='ltr'><strong>volumine</strong></span> <span class='ocrx_word' id='word_1_557' title='bbox 2243 3952 2311 4006; x_wconf 86' lang='lat' dir='ltr'><strong>Ill</strong></span> <span class='ocrx_word' id='word_1_558' title='bbox 2337 3955 2540 4024; x_wconf 86' lang='lat' dir='ltr'><strong>operis,</strong></span> <span class='ocrx_word' id='word_1_559' title='bbox 2569 3955 2714 4024; x_wconf 71' lang='lat' dir='ltr'><strong>quod</strong></span> <span class='ocrx_word' id='word_1_560' title='bbox 2741 3954 3080 4010; x_wconf 84' lang='lat' dir='ltr'><strong>Primitivum</strong></span> <span class='ocrx_word' id='word_1_561' title='bbox 3136 3956 3294 4011; x_wconf 82' lang='lat' dir='ltr'><strong>Chri-</strong></span> 
     </span>
    </p>
   </div>
   <div class='ocr_carea' id='block_1_81' title="bbox 1722 4041 3292 4115">
    <p class='ocr_par' dir='ltr' id='par_1_81' title="bbox 1722 4041 3292 4115">
     <span class='ocr_line' id='line_1_81' title="bbox 1722 4041 3292 4115; baseline 0.005 -23"><span class='ocrx_word' id='word_1_562' title='bbox 1722 4041 2059 4094; x_wconf 84' lang='lat' dir='ltr'><strong>stianismum</strong></span> <span class='ocrx_word' id='word_1_563' title='bbox 2083 4053 2326 4096; x_wconf 88' lang='lat' dir='ltr'><strong>renatum</strong></span> <span class='ocrx_word' id='word_1_564' title='bbox 2347 4043 2690 4114; x_wconf 87' lang='lat' dir='ltr'><strong>inscripsitet</strong></span> <span class='ocrx_word' id='word_1_565' title='bbox 2705 4044 2929 4115; x_wconf 88' lang='lat' dir='ltr'><strong>Anglice</strong></span> <span class='ocrx_word' id='word_1_566' title='bbox 2952 4046 3121 4102; x_wconf 89' lang='lat' dir='ltr'><strong>edidit</strong></span> <span class='ocrx_word' id='word_1_567' title='bbox 3147 4045 3292 4102; x_wconf 87' lang='lat' dir='ltr'><strong>Lon-</strong></span> 
     </span>
    </p>
   </div>
   <div class='ocr_carea' id='block_1_82' title="bbox 1721 4132 3291 4205">
    <p class='ocr_par' dir='ltr' id='par_1_82' title="bbox 1721 4132 3291 4205">
     <span class='ocr_line' id='line_1_82' title="bbox 1721 4132 3291 4205; baseline 0.004 -20"><span class='ocrx_word' id='word_1_568' title='bbox 1721 4132 1834 4186; x_wconf 91' lang='lat' dir='ltr'><strong>dini</strong></span> <span class='ocrx_word' id='word_1_569' title='bbox 1871 4132 2032 4197; x_wconf 83' lang='lat'><strong>1711,</strong></span> <span class='ocrx_word' id='word_1_570' title='bbox 2066 4133 2142 4200; x_wconf 90' lang='lat'><strong>8°,</strong></span> <span class='ocrx_word' id='word_1_571' title='bbox 2172 4151 2225 4205; x_wconf 89' lang='lat' dir='ltr'><strong>p.</strong></span> <span class='ocrx_word' id='word_1_572' title='bbox 2251 4135 2376 4190; x_wconf 70' lang='grc'><strong>545.</strong></span> <span class='ocrx_word' id='word_1_573' title='bbox 2413 4137 2561 4192; x_wconf 89' lang='lat' dir='ltr'><strong>Idem</strong></span> <span class='ocrx_word' id='word_1_574' title='bbox 2594 4137 2758 4192; x_wconf 87' lang='lat' dir='ltr'><strong>etiam</strong></span> <span class='ocrx_word' id='word_1_575' title='bbox 2797 4139 2919 4193; x_wconf 88' lang='lat' dir='ltr'><strong>loca</strong></span> <span class='ocrx_word' id='word_1_576' title='bbox 2939 4137 3291 4193; x_wconf 85' lang='lat' dir='ltr'><strong>Constitutio-</strong></span> 
     </span>
    </p>
   </div>
   <div class='ocr_carea' id='block_1_83' title="bbox 1721 4225 3289 4299">
    <p class='ocr_par' dir='ltr' id='par_1_83' title="bbox 1721 4225 3289 4299">
     <span class='ocr_line' id='line_1_83' title="bbox 1721 4225 3289 4299; baseline 0.004 -23"><span class='ocrx_word' id='word_1_577' title='bbox 1721 4239 1846 4276; x_wconf 86' lang='lat' dir='ltr'><strong>num</strong></span> <span class='ocrx_word' id='word_1_578' title='bbox 1872 4225 2286 4294; x_wconf 86' lang='lat' dir='ltr'><strong>apostolicarum</strong></span> <span class='ocrx_word' id='word_1_579' title='bbox 2315 4227 2591 4283; x_wconf 83' lang='lat' dir='ltr'><strong>adnotavit</strong></span> <span class='ocrx_word' id='word_1_580' title='bbox 2619 4228 2687 4283; x_wconf 90' lang='lat' dir='ltr'><strong>de</strong></span> <span class='ocrx_word' id='word_1_581' title='bbox 2720 4228 2912 4284; x_wconf 85' lang='lat' dir='ltr'><strong>iisdem</strong></span> <span class='ocrx_word' id='word_1_582' title='bbox 2949 4229 3289 4299; x_wconf 83' lang='lat' dir='ltr'><strong>argumentis</strong></span> 
     </span>
    </p>
   </div>
   <div class='ocr_carea' id='block_1_84' title="bbox 1721 4318 3286 4392">
    <p class='ocr_par' dir='ltr' id='par_1_84' title="bbox 1721 4318 3286 4392">
     <span class='ocr_line' id='line_1_84' title="bbox 1721 4318 3286 4392; baseline 0.003 -21"><span class='ocrx_word' id='word_1_583' title='bbox 1721 4318 2028 4374; x_wconf 88' lang='lat' dir='ltr'><strong>tractantia.</strong></span> <span class='ocrx_word' id='word_1_584' title='bbox 2062 4318 2345 4376; x_wconf 86' lang='lat' dir='ltr'><strong>Fabricius</strong></span> <span class='ocrx_word' id='word_1_585' title='bbox 2372 4322 2589 4376; x_wconf 88' lang='lat' dir='ltr'><strong>tandem</strong></span> <span class='ocrx_word' id='word_1_586' title='bbox 2613 4321 2679 4376; x_wconf 92' lang='lat' dir='ltr'><strong>ad</strong></span> <span class='ocrx_word' id='word_1_587' title='bbox 2699 4322 2904 4378; x_wconf 84' lang='lat' dir='ltr'><strong>calcem</strong></span> <span class='ocrx_word' id='word_1_588' title='bbox 2931 4320 3286 4392; x_wconf 80' lang='lat' dir='ltr'><strong>praefationis.</strong></span> 
     </span>
    </p>
   </div>
   <div class='ocr_carea' id='block_1_85' title="bbox 1721 4407 3288 4484">
    <p class='ocr_par' dir='ltr' id='par_1_85' title="bbox 1721 4407 3288 4484">
     <span class='ocr_line' id='line_1_85' title="bbox 1721 4407 3288 4484; baseline 0.004 -24"><span class='ocrx_word' id='word_1_589' title='bbox 1721 4423 1873 4461; x_wconf 88' lang='lat' dir='ltr'><strong>num.</strong></span> <span class='ocrx_word' id='word_1_590' title='bbox 1901 4407 1993 4474; x_wconf 89' lang='lat'><strong>22,</strong></span> <span class='ocrx_word' id='word_1_591' title='bbox 2021 4409 2086 4463; x_wconf 90' lang='lat' dir='ltr'><strong>ad</strong></span> <span class='ocrx_word' id='word_1_592' title='bbox 2122 4411 2369 4465; x_wconf 91' lang='lat' dir='ltr'><strong>tomuml</strong></span> <span class='ocrx_word' id='word_1_593' title='bbox 2405 4409 2542 4481; x_wconf 85' lang='lat' dir='ltr'><strong>Opp.</strong></span> <span class='ocrx_word' id='word_1_594' title='bbox 2579 4411 2852 4484; x_wconf 85' lang='lat' dir='ltr'><strong>Hippolyti</strong></span> <span class='ocrx_word' id='word_1_595' title='bbox 2875 4411 3176 4482; x_wconf 85' lang='lat' dir='ltr'><strong>subjunxit.</strong></span> <span class='ocrx_word' id='word_1_596' title='bbox 3209 4412 3288 4466; x_wconf 82' lang='lat' dir='ltr'><strong>in-</strong></span> 
     </span>
    </p>
   </div>
   <div class='ocr_carea' id='block_1_86' title="bbox 1720 4501 2594 4577">
    <p class='ocr_par' dir='ltr' id='par_1_86' title="bbox 1720 4501 2594 4577">
     <span class='ocr_line' id='line_1_86' title="bbox 1720 4501 2594 4577; baseline 0.008 -23"><span class='ocrx_word' id='word_1_597' title='bbox 1720 4501 1948 4556; x_wconf 89' lang='lat' dir='ltr'><strong>serenda</strong></span> <span class='ocrx_word' id='word_1_598' title='bbox 1981 4501 2116 4558; x_wconf 88' lang='lat' dir='ltr'><strong>alias</strong></span> <span class='ocrx_word' id='word_1_599' title='bbox 2137 4503 2278 4558; x_wconf 81' lang='lat' dir='ltr'><strong>infra</strong></span> <span class='ocrx_word' id='word_1_600' title='bbox 2317 4520 2439 4577; x_wconf 83' lang='lat' dir='ltr'><strong>pag.</strong></span> <span class='ocrx_word' id='word_1_601' title='bbox 2467 4505 2594 4561; x_wconf 87' lang='lat'><strong>261.</strong></span> 
     </span>
    </p>
   </div>
   <div class='ocr_carea' id='block_1_87' title="bbox 598 4771 2710 4908">
    <p class='ocr_par' dir='ltr' id='par_1_87' title="bbox 598 4771 2710 4908">
     <span class='ocr_line' id='line_1_87' title="bbox 598 4771 2710 4908; baseline 0.011 -26"><span class='ocrx_word' id='word_1_602' title='bbox 598 4771 778 4885; x_wconf 92' lang='lat' dir='ltr'><strong>DE</strong></span> <span class='ocrx_word' id='word_1_603' title='bbox 857 4777 1590 4901; x_wconf 84' lang='lat' dir='ltr'><strong>DOCTRINA</strong></span> <span class='ocrx_word' id='word_1_604' title='bbox 1677 4786 1792 4904; x_wconf 90' lang='lat' dir='ltr'><strong>S.</strong></span> <span class='ocrx_word' id='word_1_605' title='bbox 1883 4790 2710 4908; x_wconf 87' lang='lat' dir='ltr'><strong>HIPPOLYTI.</strong></span> 
     </span>
    </p>
   </div>
   <div class='ocr_carea' id='block_1_88' title="bbox 1152 5072 2146 5171">
    <p class='ocr_par' dir='ltr' id='par_1_88' title="bbox 1152 5072 2146 5171">
     <span class='ocr_line' id='line_1_88' title="bbox 1152 5072 2146 5171; baseline 0.005 -9"><span class='ocrx_word' id='word_1_606' title='bbox 1152 5072 1536 5167; x_wconf 85' lang='lat' dir='ltr'><strong>CAPUT</strong></span> <span class='ocrx_word' id='word_1_607' title='bbox 1613 5080 2146 5171; x_wconf 84' lang='lat' dir='ltr'><strong>PRIMUM.</strong></span> 
     </span>
    </p>
   </div>
   <div class='ocr_carea' id='block_1_89' title="bbox 1031 5229 2266 5301">
    <p class='ocr_par' dir='ltr' id='par_1_89' title="bbox 1031 5229 2266 5301">
     <span class='ocr_line' id='line_1_89' title="bbox 1031 5229 2266 5301; baseline 0.007 -9"><span class='ocrx_word' id='word_1_608' title='bbox 1031 5229 1698 5301; x_wconf 83' lang='lat' dir='ltr'><strong>OBSERVATIONES</strong></span> <span class='ocrx_word' id='word_1_609' title='bbox 1745 5229 2266 5301; x_wconf 72' lang='lat' dir='ltr'><strong>DOGMATICE.</strong></span> 
     </span>
    </p>
   </div>
   <div class='ocr_carea' id='block_1_90' title="bbox 569 5338 1059 5405">
    <p class='ocr_par' dir='ltr' id='par_1_90' title="bbox 569 5338 1059 5405">
     <span class='ocr_line' id='line_1_90' title="bbox 569 5338 1059 5405; baseline 0.016 -10"><span class='ocrx_word' id='word_1_610' title='bbox 569 5338 972 5401; x_wconf 78' lang='lat' dir='ltr'><strong>ARTICULUS</strong></span> <span class='ocrx_word' id='word_1_611' title='bbox 1016 5345 1059 5405; x_wconf 85' lang='grc'><strong>1.</strong></span> 
     </span>
    </p>
   </div>
   <div class='ocr_carea' id='block_1_91' title="bbox 175 5426 1528 5505">
    <p class='ocr_par' dir='ltr' id='par_1_91' title="bbox 175 5426 1528 5505">
     <span class='ocr_line' id='line_1_91' title="bbox 175 5426 1528 5505; baseline 0.022 -30"><span class='ocrx_word' id='word_1_612' title='bbox 175 5426 224 5470; x_wconf 71' lang='lat' dir='ltr'><strong>lt</strong></span> <span class='ocrx_word' id='word_1_613' title='bbox 249 5434 289 5474; x_wconf 85' lang='lat' dir='ltr'><strong>s.</strong></span> <span class='ocrx_word' id='word_1_614' title='bbox 318 5437 593 5486; x_wconf 70' lang='grc' dir='ltr'><strong>εειιντυειΑ</strong></span> <span class='ocrx_word' id='word_1_615' title='bbox 621 5449 897 5500; x_wconf 77' lang='lat' dir='ltr'><strong>LIBRISQUE</strong></span> <span class='ocrx_word' id='word_1_616' title='bbox 934 5456 1213 5505; x_wconf 63' lang='lat' dir='ltr'><strong>Augurinus</strong></span> <span class='ocrx_word' id='word_1_617' title='bbox 1246 5461 1528 5504; x_wconf 73' lang='lat' dir='ltr'><strong>nsursno-</strong></span> 
     </span>
    </p>
   </div>
   <div class='ocr_carea' id='block_1_92' title="bbox 661 5541 951 5587">
    <p class='ocr_par' dir='ltr' id='par_1_92' title="bbox 661 5541 951 5587">
     <span class='ocr_line' id='line_1_92' title="bbox 661 5541 951 5587; baseline 0.014 -7"><span class='ocrx_word' id='word_1_618' title='bbox 661 5541 951 5587; x_wconf 74' lang='lat' dir='ltr'><strong>CANONICIS.</strong></span> 
     </span>
    </p>
   </div>
   <div class='ocr_carea' id='block_1_93' title="bbox 180 5593 1599 5689">
    <p class='ocr_par' dir='ltr' id='par_1_93' title="bbox 180 5593 1599 5689">
     <span class='ocr_line' id='line_1_93' title="bbox 180 5593 1599 5689; baseline 0.025 -37"><span class='ocrx_word' id='word_1_619' title='bbox 180 5593 407 5670; x_wconf 77' lang='lat' dir='ltr'><strong>lupiratio</strong></span> <span class='ocrx_word' id='word_1_620' title='bbox 432 5612 606 5670; x_wconf 73' lang='lat' dir='ltr'><strong>diuina</strong></span> <span class='ocrx_word' id='word_1_621' title='bbox 636 5634 805 5674; x_wconf 79' lang='lat' dir='ltr'><strong>sacrte</strong></span> <span class='ocrx_word' id='word_1_622' title='bbox 833 5619 1149 5687; x_wconf 77' lang='lat' dir='ltr'><strong>Scriptum.</strong></span> <span class='ocrx_word' id='word_1_623' title='bbox 1181 5658 1251 5668; x_wconf 94' lang='lat'>—</span> <span class='ocrx_word' id='word_1_624' title='bbox 1274 5626 1599 5689; x_wconf 83' lang='lat' dir='ltr'><strong>Innumeros</strong></span> 
     </span>
    </p>
   </div>
   <div class='ocr_carea' id='block_1_94' title="bbox 137 5685 1601 5792">
    <p class='ocr_par' dir='ltr' id='par_1_94' title="bbox 137 5685 1601 5792">
     <span class='ocr_line' id='line_1_94' title="bbox 137 5685 1601 5792; baseline 0.023 -45"><span class='ocrx_word' id='word_1_625' title='bbox 137 5685 325 5752; x_wconf 64' lang='lat' dir='ltr'><strong>habemus</strong></span> <span class='ocrx_word' id='word_1_626' title='bbox 345 5699 393 5754; x_wconf 90' lang='lat' dir='ltr'><strong>in</strong></span> <span class='ocrx_word' id='word_1_627' title='bbox 419 5703 535 5761; x_wconf 81' lang='lat' dir='ltr'><strong>divo</strong></span> <span class='ocrx_word' id='word_1_628' title='bbox 559 5705 843 5782; x_wconf 83' lang='lat' dir='ltr'><strong>Hippolyto</strong></span> <span class='ocrx_word' id='word_1_629' title='bbox 867 5685 1126 5774; x_wconf 86' lang='lat' dir='ltr'><strong>articulos</strong></span> <span class='ocrx_word' id='word_1_630' title='bbox 1150 5719 1294 5776; x_wconf 84' lang='lat' dir='ltr'><strong>circa</strong></span> <span class='ocrx_word' id='word_1_631' title='bbox 1314 5685 1601 5792; x_wconf 65' lang='lat' dir='ltr'><strong>primarius</strong></span> 
     </span>
    </p>
   </div>
   <div class='ocr_carea' id='block_1_95' title="bbox 1629 5356 3279 5430">
    <p class='ocr_par' dir='ltr' id='par_1_95' title="bbox 1629 5356 3279 5430">
     <span class='ocr_line' id='line_1_95' title="bbox 1629 5356 3279 5430; baseline 0.003 -15"><span class='ocrx_word' id='word_1_632' title='bbox 1629 5371 1676 5426; x_wconf 84' lang='lat'><strong>1)</strong></span> <span class='ocrx_word' id='word_1_633' title='bbox 1701 5359 1962 5416; x_wconf 87' lang='lat' dir='ltr'><strong>veritates</strong></span> <span class='ocrx_word' id='word_1_634' title='bbox 1999 5357 2282 5430; x_wconf 85' lang='lat' dir='ltr'><strong>religionis</strong></span> <span class='ocrx_word' id='word_1_635' title='bbox 2312 5356 2659 5417; x_wconf 69' lang='lat' dir='ltr'><strong>Christianae.</strong></span> <span class='ocrx_word' id='word_1_636' title='bbox 2719 5359 2793 5416; x_wconf 89' lang='lat' dir='ltr'><strong>Ut</strong></span> <span class='ocrx_word' id='word_1_637' title='bbox 2830 5369 3013 5418; x_wconf 87' lang='lat' dir='ltr'><strong>autem</strong></span> <span class='ocrx_word' id='word_1_638' title='bbox 3058 5376 3090 5417; x_wconf 90' lang='lat' dir='ltr'><strong>a</strong></span> <span class='ocrx_word' id='word_1_639' title='bbox 3123 5375 3279 5420; x_wconf 80' lang='lat' dir='ltr'><strong>sacra</strong></span> 
     </span>
    </p>
   </div>
   <div class='ocr_carea' id='block_1_96' title="bbox 1712 5451 3278 5530">
    <p class='ocr_par' dir='ltr' id='par_1_96' title="bbox 1712 5451 3278 5530">
     <span class='ocr_line' id='line_1_96' title="bbox 1712 5451 3278 5530; baseline 0.003 -22"><span class='ocrx_word' id='word_1_640' title='bbox 1712 5451 1992 5522; x_wconf 89' lang='lat' dir='ltr'><strong>Scriptura</strong></span> <span class='ocrx_word' id='word_1_641' title='bbox 2033 5451 2336 5517; x_wconf 89' lang='lat' dir='ltr'><strong>ordiamur,</strong></span> <span class='ocrx_word' id='word_1_642' title='bbox 2371 5451 2424 5508; x_wconf 92' lang='lat' dir='ltr'><strong>id</strong></span> <span class='ocrx_word' id='word_1_643' title='bbox 2453 5453 2632 5523; x_wconf 91' lang='lat' dir='ltr'><strong>primo</strong></span> <span class='ocrx_word' id='word_1_644' title='bbox 2661 5454 2782 5530; x_wconf 81' lang='lat' dir='ltr'><strong>loco</strong></span> <span class='ocrx_word' id='word_1_645' title='bbox 2824 5456 3125 5511; x_wconf 90' lang='lat' dir='ltr'><strong>notandum</strong></span> <span class='ocrx_word' id='word_1_646' title='bbox 3172 5465 3278 5521; x_wconf 88' lang='lat' dir='ltr'><strong>est,</strong></span> 
     </span>
    </p>
   </div>
   <div class='ocr_carea' id='block_1_97' title="bbox 1707 5531 3281 5618">
    <p class='ocr_par' dir='ltr' id='par_1_97' title="bbox 1707 5531 3281 5618">
     <span class='ocr_line' id='line_1_97' title="bbox 1707 5531 3281 5618; baseline 0.003 -19"><span class='ocrx_word' id='word_1_647' title='bbox 1707 5553 1981 5600; x_wconf 88' lang='lat' dir='ltr'><strong>vetustum</strong></span> <span class='ocrx_word' id='word_1_648' title='bbox 2023 5544 2169 5599; x_wconf 90' lang='lat' dir='ltr'><strong>hunc</strong></span> <span class='ocrx_word' id='word_1_649' title='bbox 2208 5544 2526 5615; x_wconf 87' lang='lat' dir='ltr'><strong>episcopum</strong></span> <span class='ocrx_word' id='word_1_650' title='bbox 2569 5531 2869 5618; x_wconf 88' lang='lat' dir='ltr'><strong>agnoscere</strong></span> <span class='ocrx_word' id='word_1_651' title='bbox 2906 5547 3144 5602; x_wconf 89' lang='lat' dir='ltr'><strong>divinam</strong></span> <span class='ocrx_word' id='word_1_652' title='bbox 3189 5562 3281 5604; x_wconf 77' lang='lat' dir='ltr'><strong>sa-</strong></span> 
     </span>
    </p>
   </div>
   <div class='ocr_carea' id='block_1_98' title="bbox 1708 5636 3281 5710">
    <p class='ocr_par' dir='ltr' id='par_1_98' title="bbox 1708 5636 3281 5710">
     <span class='ocr_line' id='line_1_98' title="bbox 1708 5636 3281 5710; baseline 0.003 -19"><span class='ocrx_word' id='word_1_653' title='bbox 1708 5651 1930 5692; x_wconf 90' lang='lat' dir='ltr'><strong>crorum</strong></span> <span class='ocrx_word' id='word_1_654' title='bbox 1963 5637 2228 5692; x_wconf 90' lang='lat' dir='ltr'><strong>librorum</strong></span> <span class='ocrx_word' id='word_1_655' title='bbox 2272 5636 2728 5708; x_wconf 88' lang='lat' dir='ltr'><strong>inspirationem;</strong></span> <span class='ocrx_word' id='word_1_656' title='bbox 2771 5639 2931 5696; x_wconf 89' lang='lat' dir='ltr'><strong>docet</strong></span> <span class='ocrx_word' id='word_1_657' title='bbox 2975 5638 3122 5694; x_wconf 91' lang='lat' dir='ltr'><strong>enim</strong></span> <span class='ocrx_word' id='word_1_658' title='bbox 3150 5653 3281 5710; x_wconf 87' lang='lat' dir='ltr'><strong>pro-</strong></span> 
     </span>
    </p>
   </div>
   <div class='ocr_carea' id='block_1_99' title="bbox 1707 5729 3278 5807">
    <p class='ocr_par' dir='ltr' id='par_1_99' title="bbox 1707 5729 3278 5807">
     <span class='ocr_line' id='line_1_99' title="bbox 1707 5729 3278 5807; baseline 0.006 -24"><span class='ocrx_word' id='word_1_659' title='bbox 1707 5729 1920 5799; x_wconf 85' lang='lat' dir='ltr'><strong>phetas,</strong></span> <span class='ocrx_word' id='word_1_660' title='bbox 1971 5729 2073 5787; x_wconf 88' lang='lat' dir='ltr'><strong>hoc</strong></span> <span class='ocrx_word' id='word_1_661' title='bbox 2125 5739 2211 5786; x_wconf 88' lang='lat' dir='ltr'><strong>est</strong></span> <span class='ocrx_word' id='word_1_662' title='bbox 2255 5745 2444 5788; x_wconf 85' lang='lat' dir='ltr'><strong>sacros</strong></span> <span class='ocrx_word' id='word_1_663' title='bbox 2474 5733 2792 5804; x_wconf 87' lang='lat' dir='ltr'><strong>scriptorcs,</strong></span> <span class='ocrx_word' id='word_1_664' title='bbox 2827 5733 2923 5805; x_wconf 90' lang='lat' dir='ltr'><strong>qui</strong></span> <span class='ocrx_word' id='word_1_665' title='bbox 2971 5732 3278 5807; x_wconf 72' lang='lat' dir='ltr'><strong>antiquitus</strong></span> 
     </span>
    </p>
   </div>
   <div class='ocr_carea' id='block_1_100' title="bbox 181 5796 1838 5909">
    <p class='ocr_par' dir='ltr' id='par_1_100' title="bbox 181 5796 1838 5909">
     <span class='ocr_line' id='line_1_100' title="bbox 181 5796 1838 5909; baseline 0.016 -41"><span class='ocrx_word' id='word_1_666' title='bbox 264 5804 976 5909; x_wconf 47' lang='lat' dir='ltr'><strong>gfﬂyel.gasna§e,...1nnal.</strong></span> <span class='ocrx_word' id='word_1_667' title='bbox 1011 5831 1333 5909; x_wconf 70' lang='lat' dir='ltr'><strong>polit.eccl.,</strong></span> <span class='ocrx_word' id='word_1_668' title='bbox 1362 5846 1491 5909; x_wconf 85' lang='lat' dir='ltr'><strong>tom.</strong></span> <span class='ocrx_word' id='word_1_669' title='bbox 1520 5837 1584 5900; x_wconf 86' lang='lat' dir='ltr'><strong>ll,</strong></span> <span class='ocrx_word' id='word_1_670' title='bbox 1628 5855 1681 5909; x_wconf 90' lang='lat' dir='ltr'><strong>p.</strong></span> <span class='ocrx_word' id='word_1_671' title='bbox 1708 5796 1838 5898; x_wconf 71' lang='lat'><strong>290.</strong></span> 
     </span>
    </p>
   </div>
   <div class='ocr_carea' id='block_1_101' title="bbox 180 5871 1594 5972">
    <p class='ocr_par' dir='ltr' id='par_1_101' title="bbox 180 5871 1594 5972">
     <span class='ocr_line' id='line_1_101' title="bbox 180 5871 1594 5972; baseline -0.03 15"><span class='ocrx_word' id='word_1_672' title='bbox 180 5871 238 5940; x_wconf 54' lang='grc' dir='ltr'><strong>θ’)</strong></span> <span class='ocrx_word' id='word_1_673' title='bbox 267 5875 466 5953; x_wconf 50' lang='lat' dir='ltr'><strong>“me.</strong></span> <span class='ocrx_word' id='word_1_674' title='bbox 491 5871 1501 5972; x_wconf 54' lang='lat' dir='ltr'><strong>091i7§71|315i531331513:1}f‘iil&quot;pf&quot;é§:</strong></span> <span class='ocrx_word' id='word_1_675' title='bbox 1508 5871 1594 5962; x_wconf 58' lang='grc' dir='ltr'><strong>ῃ,</strong></span> 
     </span>
    </p>
   </div>
  </div>
