3986 6358
140 316 247 371 355

1143 321 1231 377 DE
1272 322 1431 378 VlTA
1471 325 1559 381 ET
1598 326 1913 385 SCRIPTIS
1947 330 2006 386 S.
2048 330 2433 391 HIPPOLYTI.

3291 353 3396 409 354

134 449 253 489 vere
278 430 471 499 Patri,
490 444 547 489 et
569 434 727 502 Filio,
746 445 799 491 et
823 434 1044 507 Spiritui
1070 446 1261 494 sancto
1282 440 1568 498 credamus
1587 441 1721 513 (40).
1752 450 1798 506 Α
1827 453 1951 501 ctus
1978 448 2177 504 dicitur
2206 453 2398 508 tertius
2432 457 2668 525 gradus,
2703 458 2812 515 dici
2837 462 3002 517 etiam
3035 473 3215 534 potest
3246 471 3404 525 tertia

139 526 356 582 Etenim
392 525 570 583 Judaei
602 527 816 584 Patrem
846 529 1304 601 gloriﬁcaverunt,
1339 534 1433 588 sed
1465 548 1574 588 non
1607 550 1727 605 ege-

135 625 259 671 runt
311 619 574 688 gratias;
626 620 894 691 siquidem
953 636 1061 677 non
1110 633 1449 692 agnoverunt
1500 622 1719 680 Filium.

130 709 408 779 Discipuli
465 722 810 781 agnoverunt
845 711 1077 779 Filium,
1124 714 1219 769 sed
1265 729 1375 770 non
1413 715 1481 772 in.
1515 714 1721 787 Spiritu

123 811 359 867 sancto;
422 804 632 857 idcirco
672 812 1026 874 negaverunt.
1059 803 1251 862 Sciens
1283 807 1449 877 igitur
1479 805 1721 864 Verbum

118 891 301 947 Patris
355 895 733 949 (economiam
764 904 819 950 et
841 895 1174 950 voluntatem
1206 895 1404 963 Patris,
1437 900 1580 969 quod
1610 913 1721 955 non

118 982 234 1036 vult
261 983 443 1037 aliter
472 982 637 1037 Pater
669 984 986 1055 gloriﬁcari,
1026 986 1130 1041 nisi
1166 986 1275 1053 sic;
1311 1003 1436 1043 cum
1470 1004 1718 1045 resurre-

118 1074 215 1135 xit,
250 1074 500 1130 tradidit
534 1075 641 1131 hoc
673 1076 958 1146 discipulis
994 1093 1009 1129 :
1058 1096 1077 1129 ι
1115 1077 1341 1144 Euntes,
1384 1080 1581 1151 inquit,
1621 1082 1719 1137 do-

122 1184 142 1216 c
180 1175 302 1220 cete
339 1180 553 1221 omnes
598 1177 818 1236 gentes,
867 1169 1203 1239 baptizantes
1246 1186 1341 1226 eos
1393 1171 1448 1225 in
1496 1173 1719 1229 nomine

122 1277 141 1309 ι
176 1257 399 1325 Patris,
435 1267 491 1314 et
523 1259 680 1325 Filii,
718 1269 774 1315 et
813 1260 1047 1331 Spiritus
1080 1263 1275 1317 sancti.
1317 1283 1336 1316 ι
1374 1262 1571 1320 Docuit
1602 1265 1712 1330 hic,

117 1349 254 1418 quod
304 1350 645 1419 quicunque
695 1367 867 1406 unum
915 1352 1047 1423 quid
1094 1353 1292 1408 horum
1349 1355 1634 1421 omiserit,
1666 1356 1715 1411 is

120 1440 360 1508 perlecte
422 1440 600 1497 Deum
654 1460 761 1497 nou
819 1444 1161 1514 gloriﬁcavit.
1214 1446 1317 1501 Per
1369 1447 1511 1503 hanc
1566 1449 1711 1502 enim

122 1528 479 1597 Trinitatem,
499 1532 590 1585 διὰ
613 1533 712 1603 τῆς
729 1534 976 1613 Τριᾲδος,
998 1534 1155 1591 Pater
1180 1538 1530 1607 gloriﬁcatur.
1555 1536 1711 1595 Pater

118 1624 252 1677 enim
284 1624 506 1686 voluit,
541 1623 713 1681 Filius
753 1616 913 1692 fecit,
948 1626 1183 1696 Spiritus
1224 1638 1447 1685 sanctus
1487 1631 1713 1687 manife-

114 1724 250 1768 stum
282 1713 452 1769 fecit.
480 1711 719 1770 Necesse
740 1730 871 1786 ergo
899 1726 1003 1783 est,
1034 1718 1111 1771 ait
1142 1727 1363 1774 sanctus
1390 1720 1479 1775 hic
1498 1723 1709 1792 episco-

1824 540 2111 609 dispositio
2132 582 2147 607 ,
2192 545 2304 599 sive
2349 551 2675 607 (economia.
2714 551 2893 610 Minus
2920 568 3179 615 accurate
3210 560 3266 616 in
3296 561 3403 619 La-

1824 630 1938 686 tina
1983 632 2430 704 interpretatione
2471 638 2776 698 incarnatio
2808 664 2827 697 ι
2875 651 3197 706 oeconomiae
3246 670 3267 705 ι
3301 670 3400 709 no-

1822 723 1969 778 mine
1994 725 2333 796 designatur,
2368 730 2424 785 in
2458 732 2545 787 his
2578 736 2779 801 verbis,
2804 752 2929 809 quae
2955 740 3211 810 leguntur
3232 761 3283 801 c.
3316 748 3351 802 5
3380 764 3393 800 :

1822 816 1919 879 Τίς
1950 816 2061 889 γὰρ
2087 818 2188 872 οὐκ
2225 821 2342 892 ἐρεῖ
2372 822 2466 877 ἕνα
2504 825 2636 879 Θεὸν
2664 823 2835 894 srvat;
2872 831 2985 884 ἀλλ’
3016 835 3078 887 οὐ
3110 836 3211 907 τὴν
3250 840 3397 893 οἰκο-

1820 908 2013 979 νομίαν
2044 911 2350 984 ἀναιρήσει.
2386 935 2405 967 ι
2434 916 2568 983 Quis
2597 920 2742 975 enim
2771 938 2878 977 non
2908 925 3049 981 dicet
3076 931 3243 984 unum
3274 946 3399 989 esse

1821 996 2031 1054 Deum?
2060 1018 2166 1057 non
2199 1012 2377 1060 tamen
2412 1010 2673 1065 continuo
2701 1015 3063 1070 (economiam
3093 1018 3166 1089 (id
3208 1031 3290 1077 est
3313 1023 3396 1077 in-

1819 1093 2215 1165 carnationem)
2269 1098 2506 1167 negabit.
2546 1119 2566 1153 ι
2601 1100 2719 1157 Νοη
2783 1105 3242 1176 incarnationem,
3295 1114 3392 1169 sed

1820 1197 2109 1239 numerum
2138 1195 2192 1241 et
2219 1188 2632 1258 dispositionem
2674 1194 2956 1253 Trinitatis
2992 1202 3303 1261 considerat
3330 1206 3387 1262 S.

1818 1274 2139 1350 Hippolytus
2168 1281 2274 1337 hoc
2301 1282 2356 1335 in
2386 1284 2527 1352 loco,
2557 1293 2612 1341 et
2643 1288 2893 1357 pluribus
2923 1290 2977 1348 in
3011 1294 3155 1350 aliis.

2338 1442 2737 1502 ARTICULUS
2775 1447 2864 1507 IV.

1906 1590 1971 1628 DE
2009 1591 2326 1635 DlVlNlTATB
2363 1597 2491 1638 PlLll
2529 1600 2600 1638 ΕΤ
2651 1601 3287 1648 CONSUBSTANTIALITATB

2500 1670 2679 1712 VEBBI.

111 1823 210 1875 pus
256 1807 422 1876 (ﬂ),
457 1816 555 1875 ut,
597 1780 850 1877 quamvis
894 1780 1057 1877 nam,
1093 1810 1418 1866 conﬁtemur
1461 1780 1705 1884 (Νὸθωε)
1740 1793 1781 1847 Β
1851 1780 2332 1884 ‘Dirinitas-Fitii.
2357 1818 2426 1828 --
2456 1788 2581 1846 Pari
2618 1794 2938 1863 przecisione
2974 1798 3218 1869 loquitur
3257 1817 3385 1858 san-

116 1896 333 1953 Patrem
386 1897 569 1953 Deum
616 1900 1068 1969 omnipotentem,
1113 1911 1168 1956 et
1200 1903 1478 1959 Christum
1517 1904 1704 1961 Jesum

118 1991 306 2045 Filium
360 1989 505 2054 Dei,
564 1990 737 2045 Deum
788 1991 994 2047 factum
1048 1993 1347 2060 hominem,
1388 1997 1474 2051 cui
1524 2000 1705 2053 omnia

121 2082 273 2139 Pater
304 2084 550 2154 subjicit
582 2093 781 2154 praeter
811 2100 869 2140 se
889 2126 905 2151 ,
939 2094 995 2140 et
1038 2084 1300 2153 Spiritum
1347 2098 1617 2156 sanctum,
1651 2101 1706 2147 et

124 2176 215 2230 hos
253 2193 391 2231 vere
437 2192 569 2231 esse
612 2186 739 2232 tres.
772 2176 928 2243 Quod
974 2177 1021 2232 si
1075 2180 1190 2233 vult
1241 2179 1382 2235 scire
1428 2183 1705 2252 quomodo

123 2283 253 2322 unus
285 2267 442 2323 Deus
477 2269 907 2335 demonstretur,
942 2269 1077 2325 sciat
1111 2286 1273 2325 unam
1302 2287 1422 2327 esse
1447 2273 1701 2329 virtutem

120 2361 223 2414 sive
260 2361 584 2431 potentiam
632 2360 817 2431 hujus.
857 2379 877 2412 ι

192 2447 337 2503 Sane
374 2464 548 2504 nemo
572 2449 974 2520 possetnostris
991 2450 1139 2505 hisce
1166 2454 1502 2524 temporibus
1529 2456 1701 2527 magis

116 2550 365 2595 accurate
398 2541 558 2611 loqui
596 2539 665 2596 de
697 2541 957 2611 mysterio
988 2543 1349 2600 sanctissima:
1392 2544 1696 2613 Trinitatis,

112 2648 267 2700 quam
290 2634 644 2702 loquebatur
674 2632 731 2687 S.
754 2631 1093 2705 Hippolytus,
1127 2636 1409 2706 quitertio
1441 2638 1699 2698 Ecclesiae

109 2726 301 2782 aemulo
322 2725 539 2779 ﬂoruit.
571 2723 865 2795 Perspicue
888 2742 1074 2781 revera
1091 2729 1365 2786 adorabile
1380 2732 1482 2789 hoc
1498 2743 1699 2805 myste-

112 2820 237 2871 rium
257 2828 667 2889 pertractatur,
685 2804 807 2872 cum
824 2817 1022 2873 dicitur
1036 2818 1251 2877 Patrem
1268 2838 1389 2879 esse
1406 2804 1596 2893 Deum,
1616 2825 1698 2882 Fi-

112 2916 229 2968 lium
247 2931 378 2970 esse
397 2914 605 2982 Deum,
627 2913 887 2984 Spiritum
901 2924 1146 2970 sanctum
1165 2933 1285 2973 esse
1304 2918 1473 2974 Deum
1494 2940 1508 2986 ;
1535 2931 1588 2977 et
1605 2924 1693 2976 ni-

109 3004 408 3061 hilominus
428 3021 611 3059 unum
630 3007 807 3061 solum
822 3022 942 3063 esse
958 3005 1150 3071 Deum,
1169 3010 1295 3079 quia
1311 3020 1422 3068 tres
1438 3013 1555 3069 ista:
1570 3012 1694 3069 Per-

104 3110 269 3167 Sonae,
284 3099 395 3155 etsi
410 3113 547 3154 vere
564 3098 636 3152 ab
653 3099 880 3154 invicem
904 3098 1191 3166 distinctae,
1211 3109 1339 3156 sunt
1356 3119 1462 3158 una
1478 3089 1693 3160 eadem-

1814 1879 1935 1927 ctus
1958 1873 2061 1928 iste
2084 1876 2376 1947 episcopus
2406 1895 2470 1934 ac
2495 1892 2698 1954 martyr
2728 1884 2795 1939 de
2830 1886 3115 1943 divinitate
3148 1905 3213 1945 ac
3253 1907 3385 1947 con-

1811 1964 2273 2044 substantialitate
2322 1967 2485 2025 Verbi
2544 1972 2599 2027 in
2647 1976 3001 2044 particulari;
3054 1988 3108 2033 et
3156 1995 3222 2035 ex
3288 1982 3382 2037 illo

1811 2043 2094 2114 innumera
2120 2071 2389 2118 eruuntur
2420 2065 2729 2121 testimonia
2752 2109 2769 2134 ,
2803 2084 2925 2139 qua:
2954 2070 3281 2127 Arianorum
3317 2090 3383 2129 ac

1812 2147 2230 2209 Sociuianorum
2253 2170 2316 2211 os
2356 2156 2645 2214 obstruere
2669 2160 2870 2215 valent.
2910 2159 3060 2217 Habe
3089 2165 3251 2220 modo
3283 2182 3382 2220 no-

1786 2242 2078 2298 -tabiliora.
2098 2243 2156 2299 ln
2188 2246 2328 2302 libro
2355 2261 2536 2304 contra
2560 2249 2791 2306 Noetum
2819 2253 3018 2310 Christi
3044 2255 3379 2312 divinitatem

1806 2331 2008 2389 diserte
2039 2334 2347 2404 proﬁtetur,
2382 2339 2510 2393 dum
2547 2340 2617 2397 ad
2652 2342 2787 2398 illud
2830 2343 3075 2414 Apostoli
3110 2344 3271 2401 Rom.
3300 2364 3378 2414 ιχ,

1807 2418 1904 2475 15ε
1935 2440 1953 2473 ι
1978 2421 2224 2489 Quorum
2254 2436 2459 2497 patres,
2483 2444 2549 2484 ex
2580 2432 2780 2501 quibus
2805 2431 3057 2491 Christus
3079 2438 3376 2493 secundum

1804 2526 2047 2579 carnem,
2075 2534 2094 2567 ι
2123 2525 2228 2573 etc.
2249 2560 2265 2585 ,
2302 2518 2375 2574 ita
2411 2522 2686 2591 eloquitur
2708 2525 2855 2597 (44):
2896 2547 2914 2579 ί
2942 2526 3176 2586 Pulchre
3214 2548 3377 2587 enar-

1804 2614 1907 2672 rat,
1938 2615 1993 2661 et
2024 2607 2259 2665 dilucide
2298 2614 2618 2683 mysterium
2660 2618 2928 2676 veritatis.
3004 2621 3123 2686 llic,
3164 2626 3258 2694 qui
3297 2636 3380 2682 est

1802 2711 1967 2766 super
2012 2701 2231 2763 omnia,
2282 2700 2427 2759 Deus
2475 2714 2555 2760 est
2598 2706 2699 2777 (sic
2743 2710 2887 2764 enim
2955 2714 3117 2769 audet
3154 2715 3374 2771 dicere:

1798 2787 2018 2859 (Omnia
2046 2792 2176 2847 mihi
2220 2795 2419 2849 tradita
2451 2808 2573 2851 sunt
2613 2817 2645 2852 a
2685 2798 2905 2873 Patre).
2947 2803 3050 2871 Qui
3097 2815 3181 2862 est
3214 2824 3377 2878 super

1799 2883 1982 2938 omnia
1998 2882 2140 2940 Deus
2156 2885 2494 2955 benedictus,
2518 2891 2730 2961 genitus
2750 2904 2864 2963 est;
2891 2906 2945 2951 et
2966 2896 3151 2955 lfactus
3184 2902 3373 2967 homo,

1799 2972 1941 3066 Deus
1966 2985 2049 3031 est
2066 2979 2118 3032 in
2142 2981 2361 3035 sarcula.
2384 3000 2403 3034 ι
2427 2984 2584 3055 (Sic.)
2600 2984 2662 3040 Et
2679 3003 2871 3045 rursus
2888 2992 3051 3059 paulo
3068 2990 3368 3066 infra(45):

1804 3084 1822 3117 ι
1847 3064 2079 3125 Necesse
2093 3086 2222 3142 ergo
2237 3082 2338 3141 est,
2359 3083 2416 3129 ut
2429 3078 2679 3146 quamvis
2695 3081 2848 3144 nolit,
2867 3084 3005 3138 conti
3015 3094 3188 3141 teatur
3200 3064 3370 3144 Deum

108 3208 205 3261 que
224 3150 429 3258 virtus,
458 3193 580 3246 sive
599 3192 862 3261 potentia,
883 3193 1114 3263 ideoque
1130 3210 1273 3250 unus
1288 3204 1342 3249 et
1357 3197 1497 3251 idem
1528 3197 1691 3254 Deus.
1721 3150 1763 3205 Ο
1795 3170 2260 3263 2mn'p°fe“‘emt
2321 3173 2390 3263 et-
2420 3166 2701 3224 Chriswm
2738 3170 2937 3263 ,Jesum
2996 3174 3090 3230 Dei
3127 3176 3322 3232 Filium
3350 3216 3369 3244 ’

111 3280 217 3339 Hoc
243 3300 359 3339 uno
408 3282 474 3337 S.
522 3282 799 3353 Hippolyti
836 3284 1203 3352 pulcherrimo
1232 3286 1542 3342 testimonio
1580 3301 1692 3344 tum

109 3380 235 3445 Arii,
252 3390 367 3435 tum
389 3381 625 3436 Sabellii
646 3382 894 3450 impietas
910 3382 1245 3454 proﬂigatur.
1266 3384 1398 3442 Tres
1414 3396 1540 3442 sunt
1557 3388 1693 3442 divi-

112 3488 189 3523 n2
203 3471 480 3536 Persona,
498 3472 601 3527 sed
621 3489 763 3529 unus
780 3473 922 3530 Deus
938 3484 1067 3530 sunt
1091 3494 1104 3530 :
1129 3491 1194 3531 en
1217 3486 1388 3532 totum
1408 3480 1694 3535 sanctissi-

116 3564 513 3622 mze'l'r'mitatis
535 3566 1127 3637 mysterium.Notante
1145 3568 1366 3639 insuper
1380 3571 1449 3625 cl.
1470 3570 1692 3627 Marano

124 3654 231 3723 (42)
271 3658 432 3725 paulo
472 3668 629 3723 ante,
681 3672 800 3727 cap.
832 3659 1090 3714 nimirum
1129 3661 1198 3727 8,
1229 3672 1453 3718 sanctus
1486 3662 1692 3735 Hippo-

126 3747 265 3819 lytus
289 3752 495 3805 dixerat
526 3767 705 3806 unum
734 3750 901 3806 Deum
931 3768 1053 3807 esse
1079 3754 1377 3809 secundum
1408 3756 1687 3824 virtutem,

122 3844 233 3897 sive
272 3845 571 3899 secundum
616 3843 910 3899 essentiam
954 3845 1214 3911 divinam,
1246 3862 1367 3915 quae
1399 3863 1505 3902 una
1532 3864 1691 3917 pror-

117 3952 207 3990 sus
234 3946 314 3990 est
358 3937 413 3990 in
456 3937 639 3990 tribus
677 3934 971 4003 Personis;
1002 3938 1299 3992 secundum
1326 3947 1507 3993 autem
1542 3954 1689 3994 (eco-

112 4030 340 4082 nomiam
388 4039 505 4084 tres
557 4027 827 4084 Personas
874 4029 1082 4084 ostendi
1114 4031 1402 4101 :intelligit
1449 4046 1599 4103 ergo,
1628 4046 1687 4087 ut

109 4118 478 4175 Tertullianus
511 4120 627 4191 (£3)
650 4163 665 4188 ,
701 4122 1022 4177 oeconomia:
1060 4123 1312 4188 nomine,
1346 4142 1364 4175 ι
1398 4139 1682 4179 numerum

108 4226 155 4265 et
182 4213 611 4283 dispositionem
649 4211 946 4269 Trinitatis.
992 4232 1012 4266 ι
1057 4212 1174 4269 Hoc
1196 4226 1377 4269 autem
1403 4216 1523 4271 loco
1559 4232 1684 4287 gra-

107 4304 227 4356 tiam
254 4302 506 4374 Spiritus
534 4303 709 4359 sancti
730 4303 997 4374 appellat:
1020 4305 1231 4359 tertiam
1256 4306 1677 4374 (economiamp

107 4397 191 4450 sed
242 4398 446 4451 eodem
498 4412 663 4453 sensu
713 4412 778 4451 ac
826 4395 1226 4464 Tertullianus,
1272 4398 1367 4469 qui
1419 4397 1680 4468 Spiritum

1796 3249 1964 3305 Deum
2012 3253 2215 3309 factum
2246 3256 2591 3316 hominem...
2636 3271 2689 3317 et
2730 3262 2987 3333 Spiritum
3009 3278 3285 3335 sanctum;
3316 3280 3372 3328 et

1796 3342 1897 3397 bos
1929 3359 2049 3399 esse
2081 3362 2210 3402 vere
2239 3357 2369 3415 tres,
2419 3352 2513 3405 καὶ
2546 3352 2766 3419 τούτους
2802 3352 2943 3412 εἶναι
2972 3358 3143 3424 οὕτως
3168 3362 3313 3433 τρία.
3340 3382 3361 3417 a
3436 3432 3441 3435 ν

1862 3462 2166 3518 Cowternus
2199 3464 2354 3521 Patri
2376 3478 2455 3521 est
2479 3467 3179 3531 Filius.—Generationem
3206 3488 3366 3533 teter-

1791 3570 1917 3609 nam
1938 3566 1994 3611 et
2011 3559 2627 3617 consubstantialitatem
2654 3562 2775 3618 Filii
2797 3582 2920 3629 cum
2944 3566 3104 3624 Patre
3130 3585 3366 3640 sequen-

1790 3649 1866 3703 tia
1897 3650 2190 3706 ostendunt
2238 3657 2410 3709 sancti
2454 3654 2726 3728 Hippolyti
2762 3659 2924 3714 verba
2954 3659 3063 3731 (46)
3097 3680 3110 3716 :
3142 3682 3160 3714 ι
3194 3662 3361 3729 Deus,

1790 3740 1941 3796 solus
1983 3760 2107 3798 cum
2162 3756 2309 3800 esset
2354 3746 2513 3815 (ante
2560 3750 2927 3822 creationem)
2966 3753 3213 3825 nihilque
3255 3756 3363 3812 sibi

1788 3847 2027 3889 comvum
2057 3834 2301 3904 haberet,
2331 3838 2507 3894 voluit
2539 3842 2801 3896 mundum
2835 3842 3067 3911 ellicere,
3107 3861 3172 3901 ac
3195 3862 3359 3903 mun-

1787 3926 1915 3981 dum
1948 3928 2193 3999 cogitans
2234 3944 2299 3985 ac
2344 3930 2554 3999 volens,
2594 3940 2648 3988 et
2696 3933 2884 3992 dicens
2918 3935 3131 4005 eﬂecit;
3183 3941 3360 3995 conti-

1787 4034 2006 4090 nuoque
2062 4021 2269 4077 exstitit
2308 4023 2358 4078 ei
2411 4022 2619 4093 factus,
2670 4026 2813 4082 sicut
2865 4029 3078 4097 voluit,
3118 4040 3175 4085 et
3214 4031 3357 4087 sicut

1786 4112 1976 4177 voluit,
2002 4114 2251 4184 perfecit.
2281 4115 2427 4173 Satis
2467 4119 2634 4189 igitur
2666 4119 2828 4175 nobis
2866 4131 2951 4177 est
2981 4123 3125 4179 scire
3150 4124 3353 4193 solum,

1784 4206 1920 4261 nihil
1952 4222 2077 4263 esse
2106 4207 2218 4265 Deo
2252 4224 2518 4266 coaevum.
2559 4209 2706 4266 Nihil
2744 4222 2865 4269 erat
2905 4226 3099 4284 praeter
3134 4216 3352 4286 ipsum;

1783 4298 1899 4368 ipse
1924 4300 2096 4363 solus,
2130 4301 2335 4358 multus
2355 4312 2493 4358 erat.
2510 4301 2623 4359 Nec
2653 4305 2800 4360 enim
2829 4316 2948 4362 erat
2976 4306 3094 4363 sine
3117 4309 3353 4376 ratione,

1783 4391 1903 4446 siue
1934 4392 2223 4461 sapientia,
2255 4394 2376 4450 sine
2400 4395 2664 4465 potentia,
2703 4397 2823 4453 sine
2856 4398 3108 4455 consilio.
3154 4398 3351 4456 Omnia

106 4498 352 4543 sanctum
388 4489 629 4559 appellat
661 4508 679 4541 ι
711 4491 927 4545 tertium
956 4490 1206 4562 gradum,
1238 4508 1259 4543 ι
1288 4488 1422 4546 Nam
1452 4492 1676 4562 gradus,
1705 4502 1756 4562 ο
1780 4493 1937 4539 erant
1967 4485 2021 4538 in
2073 4501 2173 4540 eo:
2225 4486 2339 4557 ipse
2391 4497 2510 4543 erat
2546 4490 2751 4545 omnia.
2783 4489 3013 4557 Quando
3058 4492 3265 4556 voluit,
3296 4502 3353 4548 et

105 4578 315 4642 forma,
365 4580 623 4650 species,
666 4581 949 4650 dispositio
989 4582 1105 4640 sive
1149 4583 1483 4651 teconomia,
1532 4582 1675 4639 idem

102 4682 302 4725 sonant
336 4672 487 4742 apud
533 4671 947 4730 Tertullianum.
980 4674 1161 4741 Quare
1208 4675 1254 4729 si
1288 4672 1524 4745 Spiritus
1550 4693 1677 4733 san-

95 4860 147 4902 et
192 4865 301 4903 nos
349 4849 503 4919 loqui
550 4850 864 4905 docuerunt.
907 4869 925 4902 ι
953 4850 1041 4904 Fr.
1080 4850 1384 4905 Turriauus
1428 4853 1481 4905 in
1530 4852 1674 4906 hunc

91 4919 439 5061 Ιθῗὶἓῖοὲἷρο
463 4999 658 5061 potest,
682 4998 905 5061 notante
931 4989 997 5045 cl.
1039 4989 1258 5045 Marano
1280 4990 1372 5045 lib.
1402 5007 1453 5045 IV
1482 4990 1557 5045 De
1588 4993 1671 5045 di-

93 5059 320 5115 rbuilate
364 5059 427 5115 Ι.
466 5060 563 5126 C.,
614 5075 675 5131 pa
718 5101 732 5114 .
776 5060 902 5125 458,
948 5061 1258 5116 accuratius
1280 5062 1475 5132 dogma
1511 5061 1669 5116 Chri-

95 5135 412 5183 stianorum
440 5132 655 5183 exponi.
682 5076 801 5183 gon
842 5130 1016 5183 solum
1044 5133 1187 5183 enim
1226 5147 1512 5183 numerum
1538 5130 1669 5183 Per-

95 5135 412 5186 stranorum
440 5132 655 5200 exponi.
685 5130 801 5184 Non
842 5130 1016 5185 solum
1044 5133 1187 5185 enim
1226 5130 1512 5185 numerum
1538 5130 1669 5186 Per-

95 5218 363 5281 sonarum
415 5202 548 5283 pihil
589 5201 658 5283 de
694 5200 803 5265 Dei,
828 5202 1511 5283 singularitatedetraherc
1538 5217 1669 5283 con-

91 5274 300 5341 tendit;
329 5271 429 5326 sed
457 5273 618 5325 etiam
644 5274 815 5341 ipsam
841 5270 937 5325 Dei
962 5272 1390 5341 singularitatem
1418 5271 1534 5326 sine
1564 5274 1667 5327 hoc

90 5339 463 5413 Personarum
497 5339 727 5397 numero
754 5358 854 5398 nec
886 5339 1202 5407 consistere,
1232 5358 1334 5398 nec
1374 5342 1476 5397 coli
1507 5357 1667 5413 posse

93 5412 270 5467 docet.

158 5485 273 5551 (tl)
304 5481 581 5553 Hippolyt.
606 5480 715 5553 loc.
746 5483 862 5546 cit.,
884 5499 1042 5553 fnum.
1074 5483 1128 5537 8.

304 5551 570 5609 Prudent.
600 5551 835 5615 Maran.,
862 5552 936 5606 De
964 5555 1241 5608 divinitate
1265 5552 1318 5607 J.
1344 5552 1429 5622 C.,
1460 5553 1552 5611 lib.
1578 5570 1655 5623 Iv,

90 5624 544 5764 p.'l‘ertull.
577 5693 701 5747 adv.
729 5691 1009 5757 Praxeam,
1035 5709 1154 5762 cap.
1180 5695 1233 5749 5.

158 5765 265 5835 (ﬂ)
304 5766 427 5822 Lib.
453 5765 661 5821 Contra
694 5764 874 5832 Noet.,
904 5782 1051 5819 num.
1076 5765 1127 5817 6.

1783 4578 2059 4647 quomodo
2084 4579 2275 4645 voluit,
2298 4580 2786 4637 ostenditVerbum
2818 4600 2979 4640 suum
3012 4586 3351 4659 temporibus

1781 4669 1920 4737 apud
1954 4684 2080 4724 eum
2120 4669 2392 4737 definitis;
2428 4688 2525 4742 per
2568 4674 2715 4744 quod
2750 4675 2931 4730 omnia
2973 4674 3099 4733 fecit
3137 4679 3346 4749 (ιη...

1851 4849 1963 4918 (45)
2001 4848 2145 4911 ldem
2183 4850 2339 4912 ihid.,
2374 4866 2526 4905 num.
2554 4851 2608 4906 8.

1850 4919 1964 4991 (46)
2001 4918 2063 4991 _S_.
2099 4918 2395 4991 Hippolyt.,
2422 4922 2523 4976 loc.
2553 4923 2671 4988 cit.,
2702 4937 2853 4977 num.
2884 4922 2973 4980 10.

1848 4990 1961 5067 (47)
2000 4988 2127 5045 Haec
2145 4988 2502 5060 et’sequentia
2535 4994 2732 5046 mirum
2754 4994 2812 5067 _in
2840 4995 3059 5067 modum
3088 4998 3347 5067 explanat

1777 5060 1941 5114 simul
1972 5069 2027 5115 et
2060 5069 2280 5115 strenue
2313 5071 2494 5115 tuetur
2521 5074 2710 5116 contra
2743 5062 2955 5117 Jurium
2987 5060 3344 5128 doctissimus

1776 5130 2072 5212 Hossuetus
2120 5129 2410 5212 Meldensis
2444 5134 2763 5212 episcopus,
2794 5134 3157 5212 Avertiss.__vt,
3186 5140 3214 5212 §
3239 5141 3342 5212 βε,

1776 5200 1883 5255 Snr
1908 5199 1981 5254 les
2013 5203 2188 5275 lettres
2231 5200 2294 5275 de
2338 5201 2548 5275 Jurjett.
2593 5199 2838 5258 (Euvres
2875 5215 3006 5260 tom.
3035 5199 3214 5275 vap:
3237 5199 3344 5265 373

1772 5285 1826 5349 et
1853 5286 1969 5340 seq.
2002 5270 2093 5325 Ait
2121 5270 2378 5326 nimirum
2400 5273 2469 5349 cl.
2505 5271 2804 5349 Bossuetus
2847 5270 3340 5349 sanctum'ﬂippo-

1772 5342 1941 5411 lytum
1976 5356 2086 5413 non
2120 5350 2330 5396 tantum
2365 5342 2605 5413 seipsum
2637 5343 2941 5401 luculenter
2982 5348 3037 5401 in
3071 5342 3341 5403 catholico

1770 5412 2415 5488 sensuudeclarareused
2441 5412 2632 5488 ;etiam
2688 5416 2910 5488 modum
2963 5418 3335 5488 suppeditare,

1770 5499 1880 5551 quo
1902 5484 2012 5557 alia
2046 5483 2243 5537 similia
2290 5480 2658 5557 SS._Patrum
2692 5485 3004 5541 testimonia
3020 5480 3048 5553 ,’
3068 5480 3206 5557 ’τινε
3238 5480 3339 5542 ob?

1769 5554 2016 5607 seuriora
2042 5562 2324 5623 apparent,
2360 5554 2598 5608 dilucide
2620 5566 2982 5623 exportantur.
3013 5554 3150 5612 Cum
3190 5559 3337 5613 enim

1769 5625 1821 5676 iu
1852 5625 1974 5678 loco
2004 5626 2169 5678 citato
2210 5624 2388 5678 dicat:
2442 5645 2459 5676 ι
2493 5624 2648 5691 Quod
2676 5625 2912 5681 Verbum
2937 5670 2953 5694 ,
3012 5644 3135 5682 cum
3190 5628 3243 5681 in
3275 5644 3337 5685 se

1768 5695 2032 5768 haberet,
2086 5703 2339 5768 essetque
2396 5696 2599 5750 mundo
2655 5705 2837 5751 creato
2903 5698 3334 5768 inaspeclabile,

1766 5766 2020 5823 emittens
2050 5765 2284 5835 priorem
2327 5780 2514 5823 vocem
2540 5808 2555 5835 ,
2589 5777 2641 5822 et
2674 5767 2855 5825 lumen
2887 5782 2952 5824 ex
2993 5765 3201 5825 lumine
3238 5765 3333 5841 ge;
