3928 6336
590 335 698 394 359

1556 339 1643 394 DE
1678 337 1843 394 VITA
1883 339 1971 394 ET
2012 337 2328 394 SCRIPTIS
2360 338 2417 395 S.
2463 337 2850 398 HIPPOLYTI.

3731 343 3850 400 560

590 451 762 506 Deum
793 449 930 522 (60),
956 465 1192 521 eumque
1217 449 1363 507 Patri
1395 461 1722 507 coaeternum
1745 454 1992 508 nominat
2023 452 2158 524 (6l).
2189 460 2235 515 Α
2265 452 2626 520 pretationem
2683 450 3019 522 suppeditat.
3085 449 3351 509 Observat
3402 455 3549 511 enim
3599 453 3855 516 Verbum

589 539 658 594 Et
683 539 739 594 in
781 538 1186 594 Commentario
1211 540 1326 610 jam
1359 541 1577 597 laudato
1609 543 1665 596 in
1705 540 1938 599 Genesin
1966 543 2156 598 eadem

585 627 705 686 fere
751 628 821 685 de
864 629 1236 684 coaeternitate
1269 629 1394 685 Filii
1438 631 1622 686 habet.
1661 649 1681 683 ι
1734 633 1922 703 Itaque
1959 632 2055 702 qui
2101 641 2160 687 ut

585 720 776 786 homo,
829 719 1009 790 inquit
1059 717 1120 774 S.
1170 717 1516 792 Hippolytus,
1557 723 1858 792 periculum
1893 723 2156 788 subierat,

583 827 616 866 a
677 809 839 868 Patre
907 813 1150 870 salvatus
1206 828 1328 870 esse
1395 813 1736 881 afﬁrmatur,
1803 830 2116 885 quanquam

584 910 782 957 natura
827 917 928 960 sua
980 903 1252 960 exsistens
1298 903 1464 971 Deus,
1509 904 1650 958 κατὰ
1693 903 1852 974 φύσιν
1899 906 2158 978 ὑπάρχων

583 994 717 1058 Θεός
743 1034 760 1061 ,
795 1003 851 1050 et
887 996 1200 1052 universam
1253 997 1424 1066 ipsam
1462 998 1730 1053 visibilem
1765 1009 2069 1055 creaturam
2102 1002 2155 1056 in

584 1084 732 1140 bono
752 1093 902 1142 statu
935 1101 1334 1143 conservans...
1365 1101 1580 1158 semper
1602 1089 1746 1144 enim
1777 1089 1875 1144 fuit
1908 1090 1961 1144 in
1983 1091 2153 1161 gloria

585 1177 792 1243 divina,
840 1178 936 1250 qui
968 1189 1093 1234 ante
1132 1195 1296 1236 omne
1329 1195 1534 1246 aevum,
1576 1191 1631 1236 ct
1670 1190 1905 1252 tempus,
1950 1191 2005 1237 et
2031 1192 2156 1238 ante

584 1268 774 1322 mundi
786 1267 933 1338 jacta
960 1267 1311 1325 fundamenta
1333 1270 1554 1342 proprio
1574 1271 1722 1326 Patri
1744 1272 2043 1340 coexsistit,
2075 1271 2152 1342 τῷ

587 1359 706 1432 ἰδίῳ
742 1361 1101 1434 συνυπάρχων
1146 1365 1428 1436 γεννήτορι
1457 1363 1592 1445 (62)ἶ
1641 1363 1784 1420 Sane
1812 1365 2024 1430 Ariani,
2058 1364 2152 1435 qui

580 1453 763 1508 adhuc
795 1463 1089 1524 supersunt
1111 1495 1126 1519 ,
1158 1455 1351 1510 harum
1379 1455 1766 1512 auctoritatum
1792 1457 1903 1511 vim
1935 1455 2153 1510 eludere

583 1560 693 1614 quo
722 1554 880 1614 pacto
903 1548 1133 1610 valeant,
1163 1562 1273 1601 non
1301 1547 1637 1615 video.,Quis
1667 1548 1812 1602 enim
1849 1562 1958 1603 non
1987 1562 2152 1618 agno-

583 1646 697 1692 scet
738 1637 816 1693 uti
843 1653 1029 1693 verum
1075 1639 1266 1704 Deum,
1312 1641 1387 1695 uti
1423 1639 1570 1695 Patri
1603 1640 2147 1705 consubstantialem,

579 1743 728 1793 eum,
754 1729 849 1799 qui
873 1731 942 1784 ab
985 1740 1189 1785 aeterno
1217 1731 1320 1786 fuit
1345 1732 1398 1785 in
1430 1731 1540 1786 Deo
1577 1730 1768 1798 Patre;
1799 1747 1960 1802 quem
1991 1730 2152 1787 Pater

2265 551 2391 597 ante
2415 541 2848 597 incarnationem
2870 551 3124 598 vocatum
3152 543 3320 600 fuisse
3336 544 3531 601 Filium
3565 549 3858 620 hominis;

2265 633 2409 688 unde
2429 633 2634 703 colligit
2650 631 2950 703 perfectum
2972 631 3169 688 Filium
3195 649 3302 688 non
3331 634 3520 700 fuisse,
3538 651 3669 692 cum
3701 655 3858 695 non-

2263 721 2395 778 dum
2438 730 2586 778 esset
2627 722 2815 776 homo.
2863 720 2961 779 His
2989 723 3132 777 enim
3177 723 3360 780 verbis
3392 743 3407 780 :
3438 744 3459 777 ι
3494 727 3541 780 Δ
3571 728 3858 800 principio

2270 831 2288 862 ι
2319 811 2514 867 Filium
2552 813 2784 879 vocavit,
2810 828 3098 869 commune
3112 829 3308 871 nomen
3341 817 3546 874 amoris
3581 834 3712 890 erga
3744 822 3852 876 ho-

2270 923 2290 956 ι
2323 905 2496 960 mines
2521 905 2712 970 sumit,
2750 923 2770 958 ›
2815 905 2990 961 Filius
3029 907 3268 963 hominis
3309 909 3456 966 clare
3498 911 3853 983 designatur.

2267 993 2438 1066 quue
2481 998 2792 1051 confirmari
2839 1006 3018 1067 potest
3049 1013 3113 1052 ex
3147 1013 3267 1068 cap.
3299 1000 3334 1054 4
3365 1001 3455 1056 ubi
3492 1003 3573 1058 sic
3597 1003 3856 1074 loquitur

2262 1084 2630 1158 Hippolytus:
2668 1105 2687 1139 ι
2730 1086 2970 1143 Verbum
3020 1089 3165 1144 enim
3221 1091 3352 1145 caro
3403 1101 3540 1162 erat,
3600 1094 3857 1165 Spiritus

2268 1197 2286 1228 ι
2318 1185 2462 1245 erat,
2483 1176 2666 1233 Virtus
2680 1189 2814 1234 erat.
2847 1177 2996 1234 Unus
3019 1193 3308 1234 commune
3336 1195 3531 1236 nomen
3568 1193 3622 1238 et
3653 1184 3706 1237 in
3737 1200 3851 1238 usu

2268 1286 2288 1319 ‹
2321 1268 2466 1337 apud
2494 1268 2863 1324 homines'sibi
2887 1269 3141 1339 sumpsit,
3159 1279 3384 1326 vocatus
3410 1287 3441 1325 a
3468 1273 3736 1344 principio
3753 1273 3849 1328 Fi°

2268 1378 2290 1411 ε
2310 1360 2421 1416 lius
2435 1359 2670 1415 hominis
2688 1369 2907 1431 propter
2931 1359 3198 1427 futurum,
3215 1363 3464 1431 quamvis
3484 1364 3728 1418 nondum
3754 1380 3848 1420 es-

2265 1468 2282 1502 ι
2307 1465 2386 1506 sct
2408 1453 2591 1519 homo,
2609 1451 2752 1508 sicut
2779 1451 2966 1508 Daniel
2992 1462 3238 1519 testatur,
3262 1453 3513 1524 inquiens
3547 1473 3563 1511 :
3613 1455 3759 1519 Vidi,
3791 1469 3847 1510 et

2257 1560 2372 1598 ecce
2395 1561 2511 1598 cum
2533 1543 2754 1598 nubibus
2768 1543 2882 1598 cali
2909 1545 3063 1616 quasi
3087 1545 3234 1614 ﬁlius
3249 1546 3474 1601 hominis
3501 1548 3739 1601 veniebat
3755 1547 3801 1602 ³.
3818 1566 3840 1600 ι

2255 1633 2390 1689 Cum
2413 1633 2620 1691 Noetus
2648 1636 2995 1706 metaphoras
3033 1637 3088 1690 in
3119 1636 3240 1692 Filii
3275 1652 3409 1693 voce
3433 1649 3754 1705 venaretur,
3783 1650 3844 1694 et

2257 1726 2472 1782 Patrem
2509 1736 2564 1784 et
2599 1727 2796 1784 Filium
2827 1744 2991 1784 unam
3025 1739 3079 1785 et
3099 1730 3344 1786 eamdem
3384 1729 3679 1786 Personam
3709 1747 3845 1787 esse

575 1820 775 1884 emisit,
810 1832 867 1876 ut
893 1841 910 1872 ε
936 1821 1119 1876 lumen
1142 1837 1209 1877 ex
1230 1822 1458 1886 lumine,
1487 1841 1506 1874 ο
1536 1832 1597 1878 ut
1623 1841 1642 1874 ι
1681 1819 1893 1877 radium
1915 1838 1945 1876 a
1969 1822 2106 1886 sole,
2129 1841 2148 1874 ι
2186 1815 2228 1871 Β
2256 1825 2557 1886 statueret;
2607 1828 2862 1890 suscepta
2894 1822 3160 1877 adversus
3190 1823 3338 1878 hunc
3365 1823 3678 1878 liwreticum
3712 1826 3842 1879 dis-

575 1920 635 1966 ut
670 1930 689 1964 ι
711 1927 906 1980 aquam
929 1928 995 1967 ex
1022 1911 1172 1968 fonte
1205 1913 1351 1985 (65);
1379 1933 1397 1966 ο
1427 1928 1575 1979 eum,
1600 1914 1693 1984 qui
1719 1913 1963 1968 eamdem
1989 1912 2152 1969 habet

573 2022 699 2063 cum
741 2007 900 2062 Patre
944 2009 1199 2064 virtutem
1241 2025 1308 2064 ac
1356 2009 1693 2080 potentiam;
1737 2009 1832 2080 qui
1876 2017 1962 2065 est
2005 2009 2148 2065 idem

573 2100 720 2157 Deus
760 2117 886 2157 cum
935 2104 1175 2158 universi
1219 2105 1529 2173 conditore;
1566 2103 1660 2175 qui
1690 2103 1745 2159 in
1779 2118 1876 2159 sua
1910 2102 2150 2160 Persona

570 2195 866 2264 potentiam
891 2194 1069 2250 Patris
1094 2197 1363 2264 ostendit;
1396 2197 1490 2266 qui
1519 2205 1603 2251 est
1632 2195 1773 2252 Deus
1801 2204 1856 2251 et
1885 2195 2150 2252 Dominus

569 2287 848 2353 omnium;
883 2288 978 2358 qui
1004 2298 1088 2344 est
1113 2304 1242 2344 vera
1272 2287 1452 2344 Patris
1482 2281 1702 2358 imago;
1737 2289 1792 2342 in
1824 2303 1936 2358 quo
1969 2296 2025 2342 et
2052 2301 2148 2358 per

573 2391 736 2447 quem
765 2375 922 2433 Pater
950 2379 1189 2448 seipsum
1231 2379 1579 2447 manifestat;
1608 2394 1731 2434 eum
1758 2380 1972 2434 tandem
1999 2419 2015 2446 ,
2052 2379 2147 2450 qui

568 2479 652 2525 est
691 2471 958 2535 infinitus,
988 2456 1585 2542 incomprehensibilis,
1620 2472 1987 2542 omnipotens,
2016 2471 2148 2526 sub-

568 2561 768 2616 sistens
803 2571 858 2616 et
900 2578 1132 2632 operans
1183 2579 1279 2634 per
1328 2565 1597 2634 seipsum,
1649 2573 1705 2618 et
1753 2572 1836 2618 est
1875 2562 2146 2633 perfectus

566 2648 732 2714 Deus.
761 2651 921 2707 sicuti
951 2663 1033 2708 est
1059 2653 1334 2729 perfectus
1352 2654 1551 2708 homo?
1579 2653 1636 2708 Si
1662 2653 1864 2708 Ariaua
1893 2653 2146 2723 impietas

566 2753 758 2800 contra
790 2746 904 2801 haec
938 2745 1094 2800 firma
1121 2748 1302 2803 adhuc
1323 2756 1379 2802 et
1399 2747 1505 2802 sibi
1526 2758 1784 2803 constans
1812 2757 2142 2818 perseverat,

566 2839 718 2893 nullo
745 2839 854 2895 alio
885 2849 1045 2910 pacto
1076 2842 1276 2910 poterit
1307 2856 1548 2912 unquam
1573 2840 1765 2896 everti.

641 2953 792 3012 Unus
817 2966 996 3012 tamen
1019 2958 1171 3011 locus
1197 2956 1379 3011 adhuc
1407 2965 1679 3024 superest,
1701 2956 1936 3012 eximius
1961 2956 2140 3027 plane,

563 3064 724 3120 quem
756 3049 1032 3118 praeterire
1081 3049 1272 3117 religio
1325 3058 1426 3103 est.
1468 3046 1560 3102 Sic
1601 3061 1782 3102 autem
1825 3062 1885 3104 se
1925 3047 2086 3104 habet
2123 3067 2137 3102 :

568 3157 592 3196 ι
642 3139 865 3206 Qualem
926 3133 1092 3209 igitur
1130 3139 1328 3193 Filium
1379 3154 1538 3194 suum
1589 3137 1735 3195 Deus
1779 3155 1874 3210 per
1919 3155 2135 3196 carnem

563 3233 732 3296 misit.
764 3232 868 3286 nisi
901 3230 1163 3292 Verbum,
1188 3231 1332 3300 quod
1365 3245 1395 3284 a
1417 3230 1686 3300 principio
1713 3230 1920 3286 scilicet
1942 3230 2137 3286 Filium

559 3323 795 3386 vocavit.
843 3325 970 3392 quia
1003 3323 1249 3377 futurum
1277 3332 1415 3388 erat,
1463 3330 1526 3376 ut
1566 3332 1747 3378 ortum
1793 3324 2048 3394 caperet?
2075 3321 2139 3378 Et

565 3431 691 3472 cum
724 3415 894 3471 Filius
927 3427 1155 3470 vocatur
1176 3457 1190 3482 ,
1223 3431 1514 3471 commune
1543 3431 1742 3470 nomen
1774 3415 1980 3472 amoris
2008 3429 2134 3486 erga

559 3508 810 3564 homines
853 3510 1043 3564 sumit.
1088 3509 1198 3564 Nec
1221 3511 1366 3564 enim
1396 3507 1636 3565 Verbum
1684 3524 1781 3579 per
1824 3523 1885 3565 se
1921 3516 1976 3564 et
2017 3508 2136 3564 sine

554 3615 752 3666 carne,
786 3600 1053 3669 perfectus
1085 3599 1254 3655 Filius
1286 3608 1431 3665 erat,
1466 3615 1593 3655 cum
1627 3608 1808 3655 tamen
1835 3608 1980 3656 esset
2004 3597 2137 3654 Ver-

554 3694 706 3759 bum,
761 3691 1104 3763 Unigeuitus.
1158 3691 1342 3761 Neque
1383 3709 1512 3748 caro
1565 3707 1660 3762 per
1712 3707 1770 3747 se
1795 3691 1930 3758 ;sine
1955 3689 2132 3746 Verbo

555 3783 854 3838 subsistere
900 3792 1132 3852 poterat,
1174 3784 1301 3853 quia
1335 3784 1390 3837 in
1438 3783 1614 3838 Verbo
1653 3783 2002 3840 subsistebat.
2043 3781 2134 3838 Sic

551 3887 683 3943 ergo
705 3889 847 3927 unus
864 3872 1034 3928 Filius
1061 3874 1152 3928 Dei
1169 3872 1440 3944 perfectus
1458 3872 1840 3929 nianifestatus
1862 3882 1944 3929 est
1959 3873 2090 3945 (61).
2107 3893 2126 3926 ι

552 3962 711 4018 Hunc
758 3974 938 4019 autem
973 3965 1152 4020 locum
1186 3980 1296 4034 quo
1332 3966 1567 4019 maxime
1614 3965 1909 4020 abutuntur
1935 3963 2128 4020 Unita-

549 4057 639 4122 rii,
681 4067 843 4126 atque
885 4058 1178 4127 plurimum
1209 4072 1267 4112 se
1299 4057 1574 4122 efferunt,
1612 4059 1827 4128 egregie
1875 4057 2127 4125 illustrat,

552 4165 616 4203 ac
650 4160 869 4204 strenue
894 4159 1199 4221 propugnat
1226 4149 1582 4204 doctissimus
1609 4149 1864 4207 Maranus
1898 4151 1985 4206 his
2005 4166 2129 4206 ver-

548 4238 633 4293 bis
669 4257 684 4292 :
717 4258 735 4289 ‹
787 4238 1013 4294 Videtur
1035 4281 1050 4306 ,
1089 4241 1296 4310 inquit,
1328 4250 1552 4296 sanctus
1581 4250 1785 4312 martyr
1805 4242 1880 4297 ita
1909 4242 2127 4298 locutus

549 4332 718 4386 fuisse
747 4331 950 4402 duplici
987 4333 1331 4402 potissimum
1365 4335 1432 4388 de
1459 4348 1622 4389 causa
1649 4333 1759 4403 (65)
1794 4349 1808 4386 :

629 4444 646 4476 ‹
676 4424 717 4478 l.
753 4423 891 4490 Quia
917 4423 1176 4488 Verbum,
1204 4426 1304 4480 etsi
1340 4425 1613 4495 perfectus
1654 4425 1749 4480 Dei
1791 4425 1963 4481 Filius
2007 4441 2125 4503 erat

545 4529 674 4572 ante
713 4518 1165 4584 incarnationem,
1203 4527 1262 4572 ut
1293 4529 1438 4589 patet
1463 4535 1528 4573 ex
1563 4519 1680 4589 ipso
1708 4519 1850 4585 loco,
1876 4520 1968 4576 ubi
1995 4535 2119 4575 eunt
2152 4525 2200 4583 D

549 4608 885 4680 Unigenilum
913 4611 1148 4681 appellat
1180 4609 1522 4682 Hippolytus,
1559 4621 1613 4668 ct
1656 4627 1724 4668 ex
1755 4613 1942 4669 multis
1971 4613 2116 4682 aliis,

543 4701 602 4758 in
627 4702 825 4772 quibus
852 4702 917 4757 de
936 4702 1056 4771 ejus
1079 4702 1428 4771 generatione
1456 4702 1658 4758 diserte
1677 4703 1917 4773 disputat
1935 4719 2116 4769 ;-non-

542 4795 672 4850 dum
717 4805 896 4850 tamen
931 4805 1049 4850 erat
1076 4794 1248 4852 Filius
1278 4795 1539 4851 hominis.
1593 4794 1743 4851 Hanc
1788 4795 1904 4867 ipse
1946 4797 2116 4854 inter-

633 4927 654 4957 ⁵
685 4927 817 4982 Dan.
848 4943 948 4992 vn,
977 4929 1065 4984 i3.

2251 1911 2463 1982 putatio
2487 1912 2824 1982 postulabat,
2859 1923 2920 1968 ut
2955 1913 3192 1969 Verbum
3230 1912 3548 1986 Hippolytus
3582 1924 3714 1970 ante
3747 1917 3839 1971 in-

2253 2003 2627 2059 carnationem
2659 2021 2768 2061 non
2791 2005 3180 2076 metaphorice,
3206 2006 3299 2061 sed
3330 2021 3456 2062 vere
3483 2007 3554 2062 ob
3584 2007 3837 2064 futuram

2250 2110 2316 2149 ex
2349 2093 2568 2167 Virgine
2593 2097 3015 2169 .generationem
3057 2096 3255 2153 Filium
3291 2098 3526 2155 hominis
3566 2110 3835 2155 vacatum

2249 2185 2421 2244 fuisse
2438 2190 2814 2259 praetenderet,
2835 2205 2935 2245 nec
2961 2198 3140 2244 tamen
3155 2188 3388 2259 perfecte
3408 2189 3606 2246 Filium
3633 2191 3834 2259 fuisse,

2249 2281 2379 2350 quia
2414 2281 2652 2356 nondum
2689 2295 2755 2336 ex
2782 2279 3005 2352 Virgine
3033 2281 3245 2352 genitus
3269 2289 3406 2337 erat.

2323 2373 2426 2427 «ll.
2462 2371 2579 2428 Non
2614 2373 2790 2428 solum
2833 2370 3070 2428 Verbum
3113 2372 3167 2427 in
3209 2372 3465 2441 Christo,
3515 2375 3610 2430 sed
3659 2376 3832 2430 etiam

2247 2479 2450 2533 corpus
2481 2472 2537 2518 et
2564 2463 2802 2518 animam
2837 2463 3150 2518 considerat
3191 2461 3544 2535 Hippolytus;
3588 2480 3656 2520 ac
3695 2464 3835 2520 Ver-

2246 2555 2374 2609 bum
2411 2555 2621 2609 unitum
2657 2555 2831 2616 carni,
2861 2546 3037 2608 unum
3087 2564 3141 2610 et
3174 2555 3474 2626 perfectum
3501 2555 3595 2612 Dei
3623 2556 3828 2614 Filium

2245 2652 2560 2706 existimat:
2593 2651 2666 2706 ita
2707 2661 2766 2706 ut
2793 2651 3053 2720 ,Christus
3131 2625 3238 2707 non
3305 2625 3481 2706 solum
3550 2662 3832 2722 quatenus

2245 2742 2506 2810 Verbum,
2535 2743 2629 2799 sed
2660 2743 2822 2798 etiam
2883 2753 3162 2814 quatenus
3184 2743 3328 2798 Deus
3353 2752 3406 2798 et
3435 2746 3620 2808 homo,
3650 2743 3831 2800 Filius

2245 2835 2314 2891 sit
2347 2835 2463 2890 Dei.
2496 2834 2963 2902 Quemadmodum
3010 2835 3174 2906 igitur
3218 2850 3349 2890 caro
3378 2835 3497 2891 sine
3526 2833 3710 2890 Verbo
3740 2836 3828 2890 Εἰς

2244 2927 2352 2981 lius
2382 2925 2477 2981 Dei
2507 2940 2631 2982 esse
2675 2941 2786 2982 non
2814 2933 3024 2996 potest;
3055 2927 3126 2981 ita
3163 2925 3402 2981 Verbum
3451 2925 3572 2980 sine
3631 2941 3827 2992 came,

2243 3014 2544 3087 perfectum
2577 3016 2798 3087 quidem
2821 3015 3058 3071 Verbum
3087 3025 3206 3072 erat
3235 3025 3290 3071 et
3339 3015 3660 3087 Unigenitus
3680 3058 3698 3084 ,
3729 3018 3826 3072 sed

2245 3124 2387 3165 unus
2425 3109 2516 3164 ille
2555 3107 2830 3179 perfectus
2872 3107 3081 3176 Filius,
3130 3123 3198 3163 ex
3249 3107 3455 3172 Verbo,
3488 3124 3724 3178 corpore
3766 3117 3828 3166 et

2242 3201 2427 3256 animo
2457 3211 2736 3266 constans,
2771 3217 2879 3256 non
2923 3208 3060 3256 erat.
3099 3198 3217 3256 Huc
3265 3201 3529 3270 pertinet,
3563 3204 3712 3271 quod
3741 3204 3827 3257 ait

2240 3308 2359 3363 cap.
2398 3293 2474 3347 ιτ
2511 3310 2532 3345 i
2563 3291 2660 3348 Est
2688 3293 2853 3363 igitur
2876 3307 3039 3360 caro,
3068 3309 3190 3362 quae
3213 3309 3245 3348 a
3278 3291 3457 3348 Verbo
3501 3291 3680 3348 Patris
3713 3296 3824 3348 ob-

2242 3403 2260 3435 ‹
2287 3386 2713 3452 lata,utmunus
2741 3392 2858 3451 est;
2889 3399 3039 3452 caro,
3073 3385 3315 3454 inquam,
3339 3399 3461 3454 quae
3488 3393 3663 3439 estex
3693 3384 3823 3455 Spi-

2241 3493 2258 3525 ε
2293 3475 2396 3529 ritu
2429 3483 2639 3539 sancto,
2663 3483 2718 3529 et
2746 3473 2985 3545 Virgine,
3015 3473 3286 3545 perfectus
3316 3472 3486 3529 Filius
3514 3473 3606 3529 Dei
3631 3484 3821 3530 osten-

2243 3581 2258 3613 ι
2293 3577 2407 3617 sus.
2442 3581 2463 3614 ι
2497 3564 2553 3617 In
2581 3561 2829 3617 eamdem
2862 3563 3184 3618 sententiam
3213 3564 3562 3634 accipienda,
3590 3580 3712 3634 qua:
3735 3566 3822 3622 le-

2233 3663 2434 3724 guntur
2473 3655 2524 3709 in
2561 3654 2698 3709 libro
2745 3655 2983 3724 genuino
3019 3653 3094 3708 De
3139 3655 3498 3721 Antia/crista,
3550 3672 3671 3726 cap.
3723 3657 3760 3710 5
3799 3676 3816 3712 :

2231 3746 2404 3810 Αὐτὸς
2455 3747 2613 3801 πάλιν
2637 3746 2665 3798 ὁ
2689 3745 2782 3800 τοῦ
2837 3745 2971 3798 Θεοῦ
3028 3748 3193 3810 παῖς,
3229 3747 3257 3798 ὁ
3285 3747 3449 3800 πάλαι
3485 3747 3582 3818 μὲν
3612 3747 3818 3814 Λόγος.

2238 3857 2257 3888 ι
2291 3839 2404 3908 Ipse
2434 3855 2624 3893 rursus
2654 3837 2746 3892 Dei
2776 3837 2948 3892 Filius
2967 3878 2982 3904 ,
3011 3837 3102 3906 qui
3128 3838 3278 3906 prius
3329 3836 3564 3892 Verbum
3597 3848 3734 3893 erat.
3786 3859 3810 3893 ι

2230 3927 2505 3983 Hactenus
2537 3927 2596 3982 V.
2618 3927 2682 3982 C.
2717 3927 2904 3997 Neque
2933 3928 3116 3981 minus
3139 3927 3310 3982 solide
3343 3937 3523 3982 tuetur
3550 3932 3813 3986 eumdem

2229 4020 2409 4075 locum
2443 4019 2741 4090 Gregorius
2782 4017 2972 4074 Bullus
3002 4027 3193 4073 contra
3235 4017 3575 4074 Zwicbarum
3605 4019 3815 4076 Irem'ci

2227 4110 2562 4166 lrenicorum
2588 4121 2864 4167 auctorem
2898 4111 2953 4166 in
2988 4111 3106 4166 haec
3135 4111 3300 4167 verba
3329 4111 3602 4168 disserens
3638 4113 3756 4183 (66)
3793 4130 3808 4167 :

2233 4222 2254 4257 ι
2282 4203 2402 4258 Νόιι
2461 4203 2536 4258 ita
2581 4203 2806 4258 insaniit
2854 4199 3208 4273 Hippolytus,
3261 4211 3322 4257 ut
3371 4202 3574 4258 diceret
3618 4205 3810 4274 (quod

2225 4294 2432 4350 dixisse
2475 4293 2629 4348 illum
2660 4308 2967 4365 anonymus
3014 4293 3228 4362 voluit)
3273 4293 3451 4348 Verbo
3504 4293 3618 4348 sive
3665 4293 3809 4350 Uni-

2225 4384 2408 4456 genito
2429 4383 2728 4456 quidquam
2767 4383 3078 4438 intrinsecae
3108 4383 3455 4453 perfectionis
3483 4398 3673 4439 revera
3705 4402 3808 4443 ac—

2223 4476 2457 4532 cessisse
2498 4490 2566 4530 ex
2609 4476 2792 4532 carnis
2837 4476 3240 4545 assumptione;
3296 4475 3407 4531 imo
3455 4478 3803 4535 contrarium

2223 4575 2408 4637 aperte
2454 4567 2661 4624 docuit.
2697 4566 2834 4646 Nam
2875 4567 3052 4638 primo
3093 4568 3292 4624 diserte
3342 4570 3449 4633 ait,
3495 4568 3799 4626 Dominum

2217 4669 2466 4717 nostrum
2507 4660 2805 4732 perfectum
2845 4659 3018 4716 fuisse
3067 4658 3304 4716 Verbum
3347 4668 3402 4716 et
3438 4660 3798 4728 Uuigenitum

2216 4763 2346 4810 ante
2377 4755 2839 4812 incarnationem.
2882 4752 3085 4808 Deinde
3126 4753 3274 4809 clare
3315 4751 3505 4820 docet',
3547 4751 3794 4810 Verbum

609 5111 722 5182 (60)
772 5109 899 5168 Haec
938 5111 1118 5167 omnia
1159 5112 1410 5168 Christus
1457 5109 1798 5182 meonomiﬁce
1844 5119 2105 5182 tanquam

2254 5108 2376 5172 ὐτὺς
2406 5108 2513 5178 γὰρ
2538 5108 2684 5182 ἐστὶν
2712 5109 2741 5160 6
2767 5104 2843 5182 at?)
2873 5105 3052 5182 ⁸Παπετρὶ
3086 5105 3371 5182 συναΐριος.
3406 5104 3464 5162 S.
3503 5105 3780 5182 llippolyt.

537 5176 712 5254 bomo'
728 5183 1070 5254 precabatur,
1095 5183 1325 5254 quierat
1345 5199 1507 5254 verus
1524 5182 1686 5249 Deus,
1710 5181 1842 5254 Θεὸς
1873 5176 2106 5254 ὣνᾎιλη-
2207 5176 2742 5254 υεψριιδμς-ράυειςδ.
2772 5176 3008 5254 Ιλαάωοεί
3042 5177 3279 5254 ιιιμιιᾎἹ.

537 5253 700 5317 θινός.
729 5251 795 5323 Β.
835 5251 1078 5323 liippol.,
1111 5251 1244 5307 Adv.
1271 5251 1510 5318 Judwos,
1540 5268 1691 5307 num.
1729 5253 1782 5306 4.

2274 5247 2386 5321 (62)
2418 5245 3070 5321 S.Hlppolyt.Comment.
3098 5248 3152 5301 in
3175 5245 3523 5313 Genes.,tom.
3557 5245 3620 5314 ll,
3649 5264 3779 5321 pag.

605 5314 717 5395 (6i)
761 5322 867 5378 Sed
902 5314 1092 5393 quare,
1131 5339 1165 5378 o
1209 5314 1504 5395 propheta,
1534 5323 1773 5395 edissere
1799 5321 1976 5395 nobis,
2004 5336 2102 5395 cur
2199 5314 2392 5395 97,138
2413 5320 2573 5395 μεθ.

531 5391 792 5464 templum
827 5391 1164 5464 devastatum
1191 5391 1414 5448 est‘tAn
1453 5401 1672 5464 propter
1691 5391 1990 5464 irllamgolim
2020 5393 2101 5464 vi:

533 5465 631 5520 tuli
647 5462 1102 5519 fabricationem?
1142 5479 1211 5518 an
1239 5462 1464 5533 propter
1491 5462 2100 5533 populiiidololatriam?

531 5548 598 5605 an
633 5544 851 5605 propter
901 5532 1718 5605 sanguinemprophetarum}
1753 5548 1824 5586 an
1877 5542 2097 5605 propter

530 5601 796 5659 adulteria
824 5613 879 5660 et
912 5601 1300 5659 fornicationes
1349 5601 1554 5659 Israel?
1593 5601 1834 5668 Minime,
1880 5603 2090 5670 inquit;

531 5673 587 5728 in
619 5676 875 5744 omnibus
919 5677 1065 5730 enim
1107 5675 1211 5729 illis
1231 5689 1445 5742 semper
1470 5674 1683 5728 veniam
1710 5682 1764 5728 et
1804 5673 2091 5744 indulgeu-

529 5744 664 5799 tiam
707 5742 982 5815 ferebant;
1023 5746 1118 5801 sed
1149 5746 1277 5815 quia
1316 5744 1510 5800 Filium
1537 5745 1773 5798 auctoris
1804 5742 2092 5815 beneficio-

531 5829 654 5870 rum
703 5814 1110 5886 interfecerunt,
1151 5812 1268 5887 ipse
1306 5815 1452 5873 enim
1481 5825 1566 5872 est
1594 5823 1894 5870 coaeternus
1920 5812 2087 5867 Patri.

2269 5389 2379 5459 (63)
2414 5388 2576 5459 idem,
2613 5387 2809 5459 Contra
2843 5383 3303 5459 Noet.,num.ll.

2267 5457 2380 5526 (64)
2413 5458 2578 5521 Idem,
2603 5457 2801 5513 Contra
2839 5458 3011 5526 Neget”
3044 5473 3092 5511 c.
3141 5457 3224 5510 15.

2267 5524 2606 5602 (>65)'Maran.
2655 5524 2948 5583 DiviuitJ.
2979 5526 3040 5582 C.
3076 5526 3169 5582 lib.
3221 5541 3297 5593 tv,
3343 5542 3394 5581 c.
3436 5525 3522 5590 l3,
3554 5525 3663 5598 §4,
3714 5544 3767 5597 p.

2195 5589 2320 5652 459.

2265 5668 2375 5741 (66)
2414 5667 2622 5736 Bullus,
2659 5668 2864 5739 Dcfens.
2894 5666 2988 5737 ﬁd.
3027 5664 3232 5722 Nicam.
3253 5704 3268 5728 ,
3297 5675 3428 5722 sect.
3463 5679 3524 5732 tt,
3553 5680 3679 5739 cap:
3705 5665 3767 5736 8,

2193 5739 2220 5813 §
2247 5741 2296 5804 5,
2332 5739 2452 5811 pag.
2483 5742 2571 5795 99.
