  <div class='ocr_page' id='page_1' title='image "/cluster/home/n/w/nwhite01/storage/ocr_20150623/10/hvd.32044073501348/186.png"; bbox 0 0 3986 6358; ppageno 0'>
   <div class='ocr_carea' id='block_1_1' title="bbox 249 359 360 417">
    <p class='ocr_par' dir='ltr' id='par_1_1' title="bbox 249 359 360 417">
     <span class='ocr_line' id='line_1_1' title="bbox 249 359 360 417; baseline 0.018 -2"><span class='ocrx_word' id='word_1_1' title='bbox 249 359 360 417; x_wconf 75' lang='grc'><strong>561</strong></span> 
     </span>
    </p>
   </div>
   <div class='ocr_carea' id='block_1_2' title="bbox 1246 352 2552 416">
    <p class='ocr_par' dir='ltr' id='par_1_2' title="bbox 1246 352 2552 416">
     <span class='ocr_line' id='line_1_2' title="bbox 1246 352 2552 416; baseline -0.002 -2"><span class='ocrx_word' id='word_1_2' title='bbox 1246 357 1337 416; x_wconf 84' lang='lat' dir='ltr'><strong>DE</strong></span> <span class='ocrx_word' id='word_1_3' title='bbox 1386 356 1548 414; x_wconf 75' lang='lat' dir='ltr'><strong>VITA</strong></span> <span class='ocrx_word' id='word_1_4' title='bbox 1579 356 1670 413; x_wconf 84' lang='lat' dir='ltr'><strong>ET</strong></span> <span class='ocrx_word' id='word_1_5' title='bbox 1701 352 2013 414; x_wconf 77' lang='lat' dir='ltr'><strong>SCRIPTIS</strong></span> <span class='ocrx_word' id='word_1_6' title='bbox 2067 355 2126 411; x_wconf 92' lang='lat' dir='ltr'><strong>S.</strong></span> <span class='ocrx_word' id='word_1_7' title='bbox 2167 353 2552 412; x_wconf 77' lang='lat' dir='ltr'><strong>IIIPPOLYTI.</strong></span> 
     </span>
    </p>
   </div>
   <div class='ocr_carea' id='block_1_3' title="bbox 3403 361 3509 416">
    <p class='ocr_par' dir='ltr' id='par_1_3' title="bbox 3403 361 3509 416">
     <span class='ocr_line' id='line_1_3' title="bbox 3403 361 3509 416; baseline 0.009 -1"><span class='ocrx_word' id='word_1_8' title='bbox 3403 361 3509 416; x_wconf 67' lang='lat'><strong>56?.</strong></span> 
     </span>
    </p>
   </div>
   <div class='ocr_carea' id='block_1_4' title="bbox 249 475 3510 552">
    <p class='ocr_par' dir='ltr' id='par_1_4' title="bbox 249 475 3510 552">
     <span class='ocr_line' id='line_1_4' title="bbox 249 475 3510 552; baseline -0.001 -14"><span class='ocrx_word' id='word_1_9' title='bbox 249 482 382 538; x_wconf 85' lang='lat' dir='ltr'><strong>sive</strong></span> <span class='ocrx_word' id='word_1_10' title='bbox 411 478 764 552; x_wconf 74' lang='lat' dir='ltr'><strong>Unigc‘nitum</strong></span> <span class='ocrx_word' id='word_1_11' title='bbox 797 480 932 536; x_wconf 85' lang='lat' dir='ltr'><strong>adeo</strong></span> <span class='ocrx_word' id='word_1_12' title='bbox 958 493 1026 536; x_wconf 90' lang='lat' dir='ltr'><strong>ex</strong></span> <span class='ocrx_word' id='word_1_13' title='bbox 1059 494 1222 535; x_wconf 89' lang='lat' dir='ltr'><strong>carne</strong></span> <span class='ocrx_word' id='word_1_14' title='bbox 1247 479 1485 536; x_wconf 90' lang='lat' dir='ltr'><strong>humana</strong></span> <span class='ocrx_word' id='word_1_15' title='bbox 1513 494 1620 535; x_wconf 89' lang='lat' dir='ltr'><strong>non</strong></span> <span class='ocrx_word' id='word_1_16' title='bbox 1645 479 1835 534; x_wconf 81' lang='lat' dir='ltr'><strong>melio-</strong></span> <span class='ocrx_word' id='word_1_17' title='bbox 1865 482 1911 540; x_wconf 74' lang='grc' dir='ltr'><strong>Α</strong></span> <span class='ocrx_word' id='word_1_18' title='bbox 1939 475 2119 540; x_wconf 99' lang='lat' dir='ltr'><strong>Patre,</strong></span> <span class='ocrx_word' id='word_1_19' title='bbox 2153 484 2410 546; x_wconf 88' lang='lat' dir='ltr'><strong>tanquam</strong></span> <span class='ocrx_word' id='word_1_20' title='bbox 2439 475 2623 530; x_wconf 85' lang='lat' dir='ltr'><strong>lumen</strong></span> <span class='ocrx_word' id='word_1_21' title='bbox 2649 491 2714 531; x_wconf 88' lang='lat' dir='ltr'><strong>ex</strong></span> <span class='ocrx_word' id='word_1_22' title='bbox 2740 475 2966 542; x_wconf 81' lang='lat' dir='ltr'><strong>lumine,</strong></span> <span class='ocrx_word' id='word_1_23' title='bbox 2992 485 3047 533; x_wconf 89' lang='lat' dir='ltr'><strong>et</strong></span> <span class='ocrx_word' id='word_1_24' title='bbox 3079 493 3222 549; x_wconf 85' lang='lat' dir='ltr'><strong>aqua</strong></span> <span class='ocrx_word' id='word_1_25' title='bbox 3245 493 3312 534; x_wconf 89' lang='lat' dir='ltr'><strong>ex</strong></span> <span class='ocrx_word' id='word_1_26' title='bbox 3339 477 3510 543; x_wconf 81' lang='lat' dir='ltr'><strong>fonte,</strong></span> 
     </span>
    </p>
   </div>
   <div class='ocr_carea' id='block_1_5' title="bbox 242 570 1832 641">
    <p class='ocr_par' dir='ltr' id='par_1_5' title="bbox 242 570 1832 641">
     <span class='ocr_line' id='line_1_5' title="bbox 242 570 1832 641; baseline -0.004 -11"><span class='ocrx_word' id='word_1_27' title='bbox 242 581 433 630; x_wconf 78' lang='lat' dir='ltr'><strong>ratum</strong></span> <span class='ocrx_word' id='word_1_28' title='bbox 478 589 638 639; x_wconf 87' lang='lat' dir='ltr'><strong>esse,</strong></span> <span class='ocrx_word' id='word_1_29' title='bbox 671 582 732 627; x_wconf 92' lang='lat' dir='ltr'><strong>ut</strong></span> <span class='ocrx_word' id='word_1_30' title='bbox 766 587 897 628; x_wconf 89' lang='lat' dir='ltr'><strong>caro</strong></span> <span class='ocrx_word' id='word_1_31' title='bbox 943 572 1035 627; x_wconf 82' lang='lat' dir='ltr'><strong>illa</strong></span> <span class='ocrx_word' id='word_1_32' title='bbox 1070 572 1241 641; x_wconf 81' lang='lat' dir='ltr'><strong>ipsam</strong></span> <span class='ocrx_word' id='word_1_33' title='bbox 1271 587 1427 626; x_wconf 91' lang='lat' dir='ltr'><strong>suam</strong></span> <span class='ocrx_word' id='word_1_34' title='bbox 1471 570 1832 627; x_wconf 77' lang='lat' dir='ltr'><strong>substantiam</strong></span> 
     </span>
    </p>
   </div>
   <div class='ocr_carea' id='block_1_6' title="bbox 243 661 1834 735">
    <p class='ocr_par' dir='ltr' id='par_1_6' title="bbox 243 661 1834 735">
     <span class='ocr_line' id='line_1_6' title="bbox 243 661 1834 735; baseline -0.001 -15"><span class='ocrx_word' id='word_1_35' title='bbox 243 663 433 720; x_wconf 76' lang='lat' dir='ltr'><strong>Verbo</strong></span> <span class='ocrx_word' id='word_1_36' title='bbox 466 665 682 720; x_wconf 86' lang='lat' dir='ltr'><strong>debeat.</strong></span> <span class='ocrx_word' id='word_1_37' title='bbox 716 665 855 731; x_wconf 83' lang='lat' dir='ltr'><strong>Quid</strong></span> <span class='ocrx_word' id='word_1_38' title='bbox 902 678 1072 735; x_wconf 84' lang='lat' dir='ltr'><strong>ergo,</strong></span> <span class='ocrx_word' id='word_1_39' title='bbox 1115 663 1368 734; x_wconf 88' lang='lat' dir='ltr'><strong>inquies,</strong></span> <span class='ocrx_word' id='word_1_40' title='bbox 1410 663 1584 718; x_wconf 89' lang='lat' dir='ltr'><strong>voluit</strong></span> <span class='ocrx_word' id='word_1_41' title='bbox 1629 661 1834 734; x_wconf 87' lang='lat' dir='ltr'><strong>Hippo-</strong></span> 
     </span>
    </p>
   </div>
   <div class='ocr_carea' id='block_1_7' title="bbox 239 754 1833 827">
    <p class='ocr_par' dir='ltr' id='par_1_7' title="bbox 239 754 1833 827">
     <span class='ocr_line' id='line_1_7' title="bbox 239 754 1833 827; baseline -0.001 -16"><span class='ocrx_word' id='word_1_42' title='bbox 239 756 419 827; x_wconf 77' lang='lat' dir='ltr'><strong>lytus,</strong></span> <span class='ocrx_word' id='word_1_43' title='bbox 466 771 594 810; x_wconf 92' lang='lat' dir='ltr'><strong>cum</strong></span> <span class='ocrx_word' id='word_1_44' title='bbox 629 757 704 810; x_wconf 85' lang='lat' dir='ltr'><strong>ait</strong></span> <span class='ocrx_word' id='word_1_45' title='bbox 745 754 981 810; x_wconf 82' lang='lat' dir='ltr'><strong>Verbum</strong></span> <span class='ocrx_word' id='word_1_46' title='bbox 1043 763 1097 810; x_wconf 90' lang='lat' dir='ltr'><strong>et</strong></span> <span class='ocrx_word' id='word_1_47' title='bbox 1141 755 1487 825; x_wconf 84' lang='lat' dir='ltr'><strong>Unigenitum</strong></span> <span class='ocrx_word' id='word_1_48' title='bbox 1523 756 1641 810; x_wconf 86' lang='lat' dir='ltr'><strong>sine</strong></span> <span class='ocrx_word' id='word_1_49' title='bbox 1670 770 1833 809; x_wconf 91' lang='lat' dir='ltr'><strong>carne</strong></span> 
     </span>
    </p>
   </div>
   <div class='ocr_carea' id='block_1_8' title="bbox 240 846 1832 919">
    <p class='ocr_par' dir='ltr' id='par_1_8' title="bbox 240 846 1832 919">
     <span class='ocr_line' id='line_1_8' title="bbox 240 846 1832 919; baseline 0 -17"><span class='ocrx_word' id='word_1_50' title='bbox 240 847 554 919; x_wconf 81' lang='lat' dir='ltr'><strong>perfectum</strong></span> <span class='ocrx_word' id='word_1_51' title='bbox 579 863 688 902; x_wconf 92' lang='lat' dir='ltr'><strong>non</strong></span> <span class='ocrx_word' id='word_1_52' title='bbox 723 846 892 905; x_wconf 81' lang='lat' dir='ltr'><strong>fuisse</strong></span> <span class='ocrx_word' id='word_1_53' title='bbox 917 848 1157 904; x_wconf 81' lang='lat' dir='ltr'><strong>Filium?</strong></span> <span class='ocrx_word' id='word_1_54' title='bbox 1194 847 1410 915; x_wconf 83' lang='lat' dir='ltr'><strong>Voluit,</strong></span> <span class='ocrx_word' id='word_1_55' title='bbox 1447 848 1693 918; x_wconf 89' lang='lat' dir='ltr'><strong>inquam,</strong></span> <span class='ocrx_word' id='word_1_56' title='bbox 1714 865 1832 902; x_wconf 88' lang='lat' dir='ltr'><strong>ma-</strong></span> 
     </span>
    </p>
   </div>
   <div class='ocr_carea' id='block_1_9' title="bbox 241 940 1830 1008">
    <p class='ocr_par' dir='ltr' id='par_1_9' title="bbox 241 940 1830 1008">
     <span class='ocr_line' id='line_1_9' title="bbox 241 940 1830 1008; baseline -0.001 -13"><span class='ocrx_word' id='word_1_57' title='bbox 241 940 488 1007; x_wconf 81' lang='lat' dir='ltr'><strong>nifeste,</strong></span> <span class='ocrx_word' id='word_1_58' title='bbox 543 941 636 994; x_wconf 77' lang='grc' dir='ltr'>τὸν</span> <span class='ocrx_word' id='word_1_59' title='bbox 691 941 862 1008; x_wconf 81' lang='grc' dir='ltr'>Λόγον</span> <span class='ocrx_word' id='word_1_60' title='bbox 909 950 1036 998; x_wconf 86' lang='lat' dir='ltr'><strong>ante</strong></span> <span class='ocrx_word' id='word_1_61' title='bbox 1077 942 1506 996; x_wconf 85' lang='lat' dir='ltr'><strong>incarnationem</strong></span> <span class='ocrx_word' id='word_1_62' title='bbox 1542 957 1650 996; x_wconf 91' lang='lat' dir='ltr'><strong>non</strong></span> <span class='ocrx_word' id='word_1_63' title='bbox 1681 940 1830 994; x_wconf 90' lang='lat' dir='ltr'><strong>omni</strong></span> 
     </span>
    </p>
   </div>
   <div class='ocr_carea' id='block_1_10' title="bbox 244 1033 1828 1109">
    <p class='ocr_par' dir='ltr' id='par_1_10' title="bbox 244 1033 1828 1109">
     <span class='ocr_line' id='line_1_10' title="bbox 244 1033 1828 1109; baseline 0 -20"><span class='ocrx_word' id='word_1_64' title='bbox 244 1036 537 1093; x_wconf 87' lang='lat' dir='ltr'><strong>ﬁliationis</strong></span> <span class='ocrx_word' id='word_1_65' title='bbox 568 1053 767 1109; x_wconf 78' lang='lat' dir='ltr'><strong>genere</strong></span> <span class='ocrx_word' id='word_1_66' title='bbox 791 1076 806 1100; x_wconf 92' lang='lat'><strong>,</strong></span> <span class='ocrx_word' id='word_1_67' title='bbox 844 1045 907 1092; x_wconf 90' lang='lat' dir='ltr'><strong>ut</strong></span> <span class='ocrx_word' id='word_1_68' title='bbox 941 1038 1013 1092; x_wconf 92' lang='lat' dir='ltr'><strong>ita</strong></span> <span class='ocrx_word' id='word_1_69' title='bbox 1047 1038 1224 1092; x_wconf 87' lang='lat' dir='ltr'><strong>dicam</strong></span> <span class='ocrx_word' id='word_1_70' title='bbox 1244 1078 1260 1104; x_wconf 97' lang='lat'><strong>,</strong></span> <span class='ocrx_word' id='word_1_71' title='bbox 1291 1036 1606 1091; x_wconf 83' lang='lat' dir='ltr'><strong>defunctum</strong></span> <span class='ocrx_word' id='word_1_72' title='bbox 1636 1033 1828 1102; x_wconf 83' lang='lat' dir='ltr'><strong>fuisse,</strong></span> 
     </span>
    </p>
   </div>
   <div class='ocr_carea' id='block_1_11' title="bbox 240 1125 1828 1198">
    <p class='ocr_par' dir='ltr' id='par_1_11' title="bbox 240 1125 1828 1198">
     <span class='ocr_line' id='line_1_11' title="bbox 240 1125 1828 1198; baseline 0.001 -20"><span class='ocrx_word' id='word_1_73' title='bbox 240 1125 354 1180; x_wconf 85' lang='lat' dir='ltr'><strong>sive</strong></span> <span class='ocrx_word' id='word_1_74' title='bbox 389 1127 645 1182; x_wconf 91' lang='lat' dir='ltr'><strong>nondum</strong></span> <span class='ocrx_word' id='word_1_75' title='bbox 677 1127 847 1183; x_wconf 74' lang='lat' dir='ltr'><strong>fuisse.</strong></span> <span class='ocrx_word' id='word_1_76' title='bbox 879 1130 1027 1184; x_wconf 92' lang='lat' dir='ltr'><strong>omni</strong></span> <span class='ocrx_word' id='word_1_77' title='bbox 1063 1128 1224 1183; x_wconf 89' lang='lat' dir='ltr'><strong>modo</strong></span> <span class='ocrx_word' id='word_1_78' title='bbox 1245 1167 1260 1190; x_wconf 88' lang='lat'><strong>.</strong></span> <span class='ocrx_word' id='word_1_79' title='bbox 1304 1143 1412 1198; x_wconf 92' lang='lat' dir='ltr'><strong>quo</strong></span> <span class='ocrx_word' id='word_1_80' title='bbox 1435 1126 1598 1181; x_wconf 88' lang='lat' dir='ltr'><strong>Pater</strong></span> <span class='ocrx_word' id='word_1_81' title='bbox 1631 1127 1828 1194; x_wconf 89' lang='lat' dir='ltr'><strong>voluit,</strong></span> 
     </span>
    </p>
   </div>
   <div class='ocr_carea' id='block_1_12' title="bbox 241 1217 1832 1289">
    <p class='ocr_par' dir='ltr' id='par_1_12' title="bbox 241 1217 1832 1289">
     <span class='ocr_line' id='line_1_12' title="bbox 241 1217 1832 1289; baseline 0.003 -19"><span class='ocrx_word' id='word_1_82' title='bbox 241 1217 332 1272; x_wconf 89' lang='lat' dir='ltr'><strong>Dei</strong></span> <span class='ocrx_word' id='word_1_83' title='bbox 367 1217 602 1274; x_wconf 78' lang='lat' dir='ltr'><strong>Filium.</strong></span> <span class='ocrx_word' id='word_1_84' title='bbox 635 1219 853 1275; x_wconf 85' lang='lat' dir='ltr'><strong>Scilicet</strong></span> <span class='ocrx_word' id='word_1_85' title='bbox 874 1220 1104 1274; x_wconf 90' lang='lat' dir='ltr'><strong>Domino</strong></span> <span class='ocrx_word' id='word_1_86' title='bbox 1131 1230 1316 1276; x_wconf 90' lang='lat' dir='ltr'><strong>nostro</strong></span> <span class='ocrx_word' id='word_1_87' title='bbox 1347 1219 1605 1289; x_wconf 86' lang='lat' dir='ltr'><strong>triplicem</strong></span> <span class='ocrx_word' id='word_1_88' title='bbox 1635 1219 1832 1274; x_wconf 88' lang='lat' dir='ltr'><strong>nativi-</strong></span> 
     </span>
    </p>
   </div>
   <div class='ocr_carea' id='block_1_13' title="bbox 239 1311 1829 1372">
    <p class='ocr_par' dir='ltr' id='par_1_13' title="bbox 239 1311 1829 1372">
     <span class='ocr_line' id='line_1_13' title="bbox 239 1311 1829 1372; baseline 0.007 -10"><span class='ocrx_word' id='word_1_89' title='bbox 239 1318 404 1364; x_wconf 83' lang='lat' dir='ltr'><strong>tatem</strong></span> <span class='ocrx_word' id='word_1_90' title='bbox 463 1320 523 1364; x_wconf 86' lang='lat' dir='ltr'><strong>et</strong></span> <span class='ocrx_word' id='word_1_91' title='bbox 574 1311 889 1366; x_wconf 87' lang='lat' dir='ltr'><strong>ﬁliationem</strong></span> <span class='ocrx_word' id='word_1_92' title='bbox 951 1314 1313 1368; x_wconf 83' lang='lat' dir='ltr'><strong>attribuerunt</strong></span> <span class='ocrx_word' id='word_1_93' title='bbox 1366 1325 1594 1372; x_wconf 78' lang='lat' dir='ltr'><strong>veteres.</strong></span> <span class='ocrx_word' id='word_1_94' title='bbox 1644 1314 1829 1372; x_wconf 88' lang='lat' dir='ltr'><strong>Prima</strong></span> 
     </span>
    </p>
   </div>
   <div class='ocr_carea' id='block_1_14' title="bbox 237 1403 1829 1471">
    <p class='ocr_par' dir='ltr' id='par_1_14' title="bbox 237 1403 1829 1471">
     <span class='ocr_line' id='line_1_14' title="bbox 237 1403 1829 1471; baseline 0.007 -15"><span class='ocrx_word' id='word_1_95' title='bbox 237 1411 335 1465; x_wconf 84' lang='lat' dir='ltr'><strong>est,</strong></span> <span class='ocrx_word' id='word_1_96' title='bbox 360 1417 482 1471; x_wconf 85' lang='lat' dir='ltr'><strong>qua</strong></span> <span class='ocrx_word' id='word_1_97' title='bbox 519 1410 580 1457; x_wconf 92' lang='lat' dir='ltr'><strong>ut</strong></span> <span class='ocrx_word' id='word_1_98' title='bbox 610 1403 780 1471; x_wconf 82' lang='grc' dir='ltr'><strong>Λόγος</strong></span> <span class='ocrx_word' id='word_1_99' title='bbox 812 1419 877 1458; x_wconf 89' lang='lat' dir='ltr'><strong>ex</strong></span> <span class='ocrx_word' id='word_1_100' title='bbox 912 1414 1089 1460; x_wconf 88' lang='lat' dir='ltr'><strong>mente</strong></span> <span class='ocrx_word' id='word_1_101' title='bbox 1135 1404 1308 1461; x_wconf 85' lang='lat' dir='ltr'><strong>Patris</strong></span> <span class='ocrx_word' id='word_1_102' title='bbox 1338 1407 1405 1462; x_wconf 90' lang='lat' dir='ltr'><strong>ab</strong></span> <span class='ocrx_word' id='word_1_103' title='bbox 1431 1417 1635 1466; x_wconf 64' lang='lat' dir='ltr'><strong>aeterno</strong></span> <span class='ocrx_word' id='word_1_104' title='bbox 1670 1421 1829 1467; x_wconf 91' lang='lat' dir='ltr'><strong>natus</strong></span> 
     </span>
    </p>
   </div>
   <div class='ocr_carea' id='block_1_15' title="bbox 238 1491 1826 1570">
    <p class='ocr_par' dir='ltr' id='par_1_15' title="bbox 238 1491 1826 1570">
     <span class='ocr_line' id='line_1_15' title="bbox 238 1491 1826 1570; baseline 0.007 -24"><span class='ocrx_word' id='word_1_105' title='bbox 238 1493 356 1546; x_wconf 79' lang='lat' dir='ltr'><strong>fuit.</strong></span> <span class='ocrx_word' id='word_1_106' title='bbox 411 1491 504 1548; x_wconf 84' lang='lat' dir='ltr'><strong>Ex</strong></span> <span class='ocrx_word' id='word_1_107' title='bbox 547 1495 652 1550; x_wconf 87' lang='lat' dir='ltr'><strong>hac</strong></span> <span class='ocrx_word' id='word_1_108' title='bbox 699 1496 980 1551; x_wconf 89' lang='lat' dir='ltr'><strong>nativitate</strong></span> <span class='ocrx_word' id='word_1_109' title='bbox 1024 1496 1259 1566; x_wconf 78' lang='lat' dir='ltr'><strong>perfecta</strong></span> <span class='ocrx_word' id='word_1_110' title='bbox 1307 1497 1613 1570; x_wconf 89' lang='lat' dir='ltr'><strong>hypostasis</strong></span> <span class='ocrx_word' id='word_1_111' title='bbox 1647 1501 1826 1557; x_wconf 91' lang='lat' dir='ltr'><strong>divina</strong></span> 
     </span>
    </p>
   </div>
   <div class='ocr_carea' id='block_1_16' title="bbox 236 1587 1826 1661">
    <p class='ocr_par' dir='ltr' id='par_1_16' title="bbox 236 1587 1826 1661">
     <span class='ocr_line' id='line_1_16' title="bbox 236 1587 1826 1661; baseline 0.005 -18"><span class='ocrx_word' id='word_1_112' title='bbox 236 1587 488 1655; x_wconf 77' lang='lat' dir='ltr'><strong>exstitit;</strong></span> <span class='ocrx_word' id='word_1_113' title='bbox 547 1602 648 1643; x_wconf 90' lang='lat' dir='ltr'><strong>nec</strong></span> <span class='ocrx_word' id='word_1_114' title='bbox 696 1588 800 1658; x_wconf 87' lang='lat' dir='ltr'><strong>ipsi</strong></span> <span class='ocrx_word' id='word_1_115' title='bbox 849 1590 1144 1660; x_wconf 82' lang='lat' dir='ltr'><strong>quidquam</strong></span> <span class='ocrx_word' id='word_1_116' title='bbox 1178 1599 1363 1660; x_wconf 89' lang='lat' dir='ltr'><strong>postea</strong></span> <span class='ocrx_word' id='word_1_117' title='bbox 1409 1595 1674 1661; x_wconf 85' lang='lat' dir='ltr'><strong>accessit,</strong></span> <span class='ocrx_word' id='word_1_118' title='bbox 1729 1597 1826 1651; x_wconf 92' lang='lat' dir='ltr'><strong>sed</strong></span> 
     </span>
    </p>
   </div>
   <div class='ocr_carea' id='block_1_17' title="bbox 235 1680 1826 1756">
    <p class='ocr_par' dir='ltr' id='par_1_17' title="bbox 235 1680 1826 1756">
     <span class='ocr_line' id='line_1_17' title="bbox 235 1680 1826 1756; baseline 0.009 -25"><span class='ocrx_word' id='word_1_119' title='bbox 235 1680 422 1748; x_wconf 85' lang='lat' dir='ltr'><strong>potius</strong></span> <span class='ocrx_word' id='word_1_120' title='bbox 478 1689 692 1735; x_wconf 68' lang='lat' dir='ltr'><strong>caetera:</strong></span> <span class='ocrx_word' id='word_1_121' title='bbox 736 1682 1046 1737; x_wconf 77' lang='lat' dir='ltr'><strong>nativitates</strong></span> <span class='ocrx_word' id='word_1_122' title='bbox 1106 1683 1540 1752; x_wconf 76' lang='grc' dir='ltr'><strong>συγκαταϐάσεις</strong></span> <span class='ocrx_word' id='word_1_123' title='bbox 1572 1685 1826 1756; x_wconf 79' lang='lat' dir='ltr'><strong>fuerunt,</strong></span> 
     </span>
    </p>
   </div>
   <div class='ocr_carea' id='block_1_18' title="bbox 238 1772 1828 1850">
    <p class='ocr_par' dir='ltr' id='par_1_18' title="bbox 238 1772 1828 1850">
     <span class='ocr_line' id='line_1_18' title="bbox 238 1772 1828 1850; baseline 0.008 -24"><span class='ocrx_word' id='word_1_124' title='bbox 238 1772 349 1827; x_wconf 84' lang='lat' dir='ltr'><strong>sive</strong></span> <span class='ocrx_word' id='word_1_125' title='bbox 395 1773 902 1829; x_wconf 88' lang='lat' dir='ltr'><strong>condescensiones</strong></span> <span class='ocrx_word' id='word_1_126' title='bbox 931 1774 1051 1828; x_wconf 85' lang='lat' dir='ltr'><strong>Filii</strong></span> <span class='ocrx_word' id='word_1_127' title='bbox 1079 1773 1197 1830; x_wconf 91' lang='lat' dir='ltr'><strong>Dei.</strong></span> <span class='ocrx_word' id='word_1_128' title='bbox 1244 1776 1426 1833; x_wconf 84' lang='lat' dir='ltr'><strong>Altera</strong></span> <span class='ocrx_word' id='word_1_129' title='bbox 1457 1796 1651 1850; x_wconf 88' lang='lat' dir='ltr'><strong>nempe</strong></span> <span class='ocrx_word' id='word_1_130' title='bbox 1694 1784 1828 1838; x_wconf 89' lang='lat' dir='ltr'><strong>nati-</strong></span> 
     </span>
    </p>
   </div>
   <div class='ocr_carea' id='block_1_19' title="bbox 239 1867 1825 1945">
    <p class='ocr_par' dir='ltr' id='par_1_19' title="bbox 239 1867 1825 1945">
     <span class='ocr_line' id='line_1_19' title="bbox 239 1867 1825 1945; baseline 0.01 -28"><span class='ocrx_word' id='word_1_131' title='bbox 239 1867 377 1921; x_wconf 83' lang='lat' dir='ltr'><strong>vitas</strong></span> <span class='ocrx_word' id='word_1_132' title='bbox 407 1876 650 1937; x_wconf 87' lang='lat' dir='ltr'><strong>est,qua</strong></span> <span class='ocrx_word' id='word_1_133' title='bbox 676 1869 704 1921; x_wconf 84' lang='grc' dir='ltr'>ὁ</span> <span class='ocrx_word' id='word_1_134' title='bbox 730 1867 899 1935; x_wconf 84' lang='grc' dir='ltr'><strong>Λόγος</strong></span> <span class='ocrx_word' id='word_1_135' title='bbox 919 1883 948 1922; x_wconf 87' lang='lat' dir='ltr'><strong>a</strong></span> <span class='ocrx_word' id='word_1_136' title='bbox 979 1867 1087 1925; x_wconf 89' lang='lat' dir='ltr'><strong>Deo</strong></span> <span class='ocrx_word' id='word_1_137' title='bbox 1115 1868 1294 1935; x_wconf 87' lang='lat' dir='ltr'><strong>Patre,</strong></span> <span class='ocrx_word' id='word_1_138' title='bbox 1324 1873 1465 1942; x_wconf 93' lang='lat' dir='ltr'><strong>apud</strong></span> <span class='ocrx_word' id='word_1_139' title='bbox 1492 1891 1677 1945; x_wconf 89' lang='lat' dir='ltr'><strong>quem,</strong></span> <span class='ocrx_word' id='word_1_140' title='bbox 1701 1893 1825 1932; x_wconf 91' lang='lat' dir='ltr'><strong>cum</strong></span> 
     </span>
    </p>
   </div>
   <div class='ocr_carea' id='block_1_20' title="bbox 238 1958 1829 2039">
    <p class='ocr_par' dir='ltr' id='par_1_20' title="bbox 238 1958 1829 2039">
     <span class='ocr_line' id='line_1_20' title="bbox 238 1958 1829 2039; baseline 0.008 -27"><span class='ocrx_word' id='word_1_141' title='bbox 238 1958 365 2012; x_wconf 87' lang='lat' dir='ltr'><strong>nihil</strong></span> <span class='ocrx_word' id='word_1_142' title='bbox 416 1959 613 2015; x_wconf 86' lang='lat' dir='ltr'><strong>adhuc</strong></span> <span class='ocrx_word' id='word_1_143' title='bbox 658 1969 852 2029; x_wconf 61' lang='lat' dir='ltr'><strong>prater</strong></span> <span class='ocrx_word' id='word_1_144' title='bbox 893 1960 1059 2016; x_wconf 89' lang='lat' dir='ltr'><strong>Deum</strong></span> <span class='ocrx_word' id='word_1_145' title='bbox 1111 1964 1424 2034; x_wconf 83' lang='lat' dir='ltr'><strong>exsisteret,</strong></span> <span class='ocrx_word' id='word_1_146' title='bbox 1479 1968 1721 2039; x_wconf 78' lang='lat' dir='ltr'><strong>adeoque</strong></span> <span class='ocrx_word' id='word_1_147' title='bbox 1761 1985 1829 2025; x_wconf 87' lang='lat' dir='ltr'><strong>ex</strong></span> 
     </span>
    </p>
   </div>
   <div class='ocr_carea' id='block_1_21' title="bbox 240 2050 1825 2131">
    <p class='ocr_par' dir='ltr' id='par_1_21' title="bbox 240 2050 1825 2131">
     <span class='ocr_line' id='line_1_21' title="bbox 240 2050 1825 2131; baseline 0.006 -25"><span class='ocrx_word' id='word_1_148' title='bbox 240 2061 441 2107; x_wconf 72' lang='lat' dir='ltr'><strong>aeterno</strong></span> <span class='ocrx_word' id='word_1_149' title='bbox 485 2050 664 2107; x_wconf 77' lang='lat' dir='ltr'><strong>fuerat</strong></span> <span class='ocrx_word' id='word_1_150' title='bbox 688 2096 704 2119; x_wconf 90' lang='lat'><strong>,</strong></span> <span class='ocrx_word' id='word_1_151' title='bbox 752 2055 871 2106; x_wconf 84' lang='grc' dir='ltr'><strong>κατ’</strong></span> <span class='ocrx_word' id='word_1_152' title='bbox 905 2054 1186 2126; x_wconf 77' lang='grc' dir='ltr'><strong>ἐνέργειαν</strong></span> <span class='ocrx_word' id='word_1_153' title='bbox 1220 2059 1420 2125; x_wconf 82' lang='lat' dir='ltr'><strong>exivit,</strong></span> <span class='ocrx_word' id='word_1_154' title='bbox 1469 2075 1534 2116; x_wconf 91' lang='lat' dir='ltr'><strong>ac</strong></span> <span class='ocrx_word' id='word_1_155' title='bbox 1567 2069 1825 2131; x_wconf 87' lang='lat' dir='ltr'><strong>tanquam</strong></span> 
     </span>
    </p>
   </div>
   <div class='ocr_carea' id='block_1_22' title="bbox 239 2144 1823 2218">
    <p class='ocr_par' dir='ltr' id='par_1_22' title="bbox 239 2144 1823 2218">
     <span class='ocr_line' id='line_1_22' title="bbox 239 2144 1823 2218; baseline 0.007 -20"><span class='ocrx_word' id='word_1_156' title='bbox 239 2158 298 2198; x_wconf 83' lang='lat' dir='ltr'><strong>ex</strong></span> <span class='ocrx_word' id='word_1_157' title='bbox 325 2151 496 2198; x_wconf 84' lang='lat' dir='ltr'><strong>utero</strong></span> <span class='ocrx_word' id='word_1_158' title='bbox 527 2144 650 2214; x_wconf 86' lang='lat' dir='ltr'><strong>ejus</strong></span> <span class='ocrx_word' id='word_1_159' title='bbox 678 2145 909 2214; x_wconf 89' lang='lat' dir='ltr'><strong>prodiit,</strong></span> <span class='ocrx_word' id='word_1_160' title='bbox 934 2163 1102 2218; x_wconf 88' lang='lat' dir='ltr'><strong>seque</strong></span> <span class='ocrx_word' id='word_1_161' title='bbox 1134 2149 1350 2206; x_wconf 88' lang='lat' dir='ltr'><strong>demisit</strong></span> <span class='ocrx_word' id='word_1_162' title='bbox 1380 2153 1448 2206; x_wconf 92' lang='lat' dir='ltr'><strong>ad</strong></span> <span class='ocrx_word' id='word_1_163' title='bbox 1480 2153 1823 2209; x_wconf 89' lang='lat' dir='ltr'><strong>condendum</strong></span> 
     </span>
    </p>
   </div>
   <div class='ocr_carea' id='block_1_23' title="bbox 241 2235 1824 2313">
    <p class='ocr_par' dir='ltr' id='par_1_23' title="bbox 241 2235 1824 2313">
     <span class='ocr_line' id='line_1_23' title="bbox 241 2235 1824 2313; baseline 0.009 -26"><span class='ocrx_word' id='word_1_164' title='bbox 241 2236 524 2290; x_wconf 84' lang='lat' dir='ltr'><strong>universa.</strong></span> <span class='ocrx_word' id='word_1_165' title='bbox 561 2235 744 2292; x_wconf 88' lang='lat' dir='ltr'><strong>Tertia</strong></span> <span class='ocrx_word' id='word_1_166' title='bbox 787 2237 1004 2293; x_wconf 89' lang='lat' dir='ltr'><strong>demum</strong></span> <span class='ocrx_word' id='word_1_167' title='bbox 1060 2240 1315 2299; x_wconf 89' lang='lat' dir='ltr'><strong>nativitas</strong></span> <span class='ocrx_word' id='word_1_168' title='bbox 1362 2251 1475 2298; x_wconf 92' lang='lat' dir='ltr'><strong>tum</strong></span> <span class='ocrx_word' id='word_1_169' title='bbox 1515 2243 1655 2313; x_wconf 80' lang='lat' dir='ltr'><strong>fuit,</strong></span> <span class='ocrx_word' id='word_1_170' title='bbox 1700 2262 1824 2302; x_wconf 90' lang='lat' dir='ltr'><strong>cum</strong></span> 
     </span>
    </p>
   </div>
   <div class='ocr_carea' id='block_1_24' title="bbox 245 2328 1826 2399">
    <p class='ocr_par' dir='ltr' id='par_1_24' title="bbox 245 2328 1826 2399">
     <span class='ocr_line' id='line_1_24' title="bbox 245 2328 1826 2399; baseline 0.009 -17"><span class='ocrx_word' id='word_1_171' title='bbox 245 2328 376 2383; x_wconf 83' lang='lat' dir='ltr'><strong>idem</strong></span> <span class='ocrx_word' id='word_1_172' title='bbox 412 2331 447 2383; x_wconf 80' lang='grc' dir='ltr'><strong>ὁ</strong></span> <span class='ocrx_word' id='word_1_173' title='bbox 484 2330 661 2399; x_wconf 76' lang='grc' dir='ltr'>Λόγος</span> <span class='ocrx_word' id='word_1_174' title='bbox 696 2347 824 2388; x_wconf 90' lang='lat' dir='ltr'><strong>caro</strong></span> <span class='ocrx_word' id='word_1_175' title='bbox 858 2331 1033 2390; x_wconf 83' lang='lat' dir='ltr'><strong>factus</strong></span> <span class='ocrx_word' id='word_1_176' title='bbox 1076 2344 1178 2399; x_wconf 87' lang='lat' dir='ltr'><strong>est,</strong></span> <span class='ocrx_word' id='word_1_177' title='bbox 1212 2346 1264 2392; x_wconf 89' lang='lat' dir='ltr'><strong>et</strong></span> <span class='ocrx_word' id='word_1_178' title='bbox 1302 2351 1334 2392; x_wconf 90' lang='lat' dir='ltr'><strong>e</strong></span> <span class='ocrx_word' id='word_1_179' title='bbox 1379 2337 1500 2393; x_wconf 88' lang='lat' dir='ltr'><strong>sinu</strong></span> <span class='ocrx_word' id='word_1_180' title='bbox 1549 2337 1727 2396; x_wconf 88' lang='lat' dir='ltr'><strong>Patris</strong></span> <span class='ocrx_word' id='word_1_181' title='bbox 1769 2341 1826 2396; x_wconf 92' lang='lat' dir='ltr'><strong>in</strong></span> 
     </span>
    </p>
   </div>
   <div class='ocr_carea' id='block_1_25' title="bbox 239 2423 1824 2502">
    <p class='ocr_par' dir='ltr' id='par_1_25' title="bbox 239 2423 1824 2502">
     <span class='ocr_line' id='line_1_25' title="bbox 239 2423 1824 2502; baseline 0.009 -27"><span class='ocrx_word' id='word_1_182' title='bbox 239 2433 459 2477; x_wconf 82' lang='lat' dir='ltr'><strong>uterum</strong></span> <span class='ocrx_word' id='word_1_183' title='bbox 496 2423 828 2478; x_wconf 72' lang='lat' dir='ltr'><strong>beatissima:</strong></span> <span class='ocrx_word' id='word_1_184' title='bbox 855 2423 1089 2494; x_wconf 79' lang='lat' dir='ltr'><strong>Virginis</strong></span> <span class='ocrx_word' id='word_1_185' title='bbox 1120 2427 1364 2498; x_wconf 91' lang='lat' dir='ltr'><strong>illapsus,</strong></span> <span class='ocrx_word' id='word_1_186' title='bbox 1408 2430 1575 2484; x_wconf 92' lang='lat' dir='ltr'><strong>homo</strong></span> <span class='ocrx_word' id='word_1_187' title='bbox 1605 2447 1668 2486; x_wconf 84' lang='lat' dir='ltr'><strong>ex</strong></span> <span class='ocrx_word' id='word_1_188' title='bbox 1705 2433 1824 2502; x_wconf 88' lang='lat' dir='ltr'><strong>ipsa</strong></span> 
     </span>
    </p>
   </div>
   <div class='ocr_carea' id='block_1_26' title="bbox 240 2513 1823 2589">
    <p class='ocr_par' dir='ltr' id='par_1_26' title="bbox 240 2513 1823 2589">
     <span class='ocr_line' id='line_1_26' title="bbox 240 2513 1823 2589; baseline 0.01 -25"><span class='ocrx_word' id='word_1_189' title='bbox 240 2522 395 2569; x_wconf 86' lang='lat' dir='ltr'><strong>natus</strong></span> <span class='ocrx_word' id='word_1_190' title='bbox 435 2523 525 2568; x_wconf 88' lang='lat' dir='ltr'><strong>est</strong></span> <span class='ocrx_word' id='word_1_191' title='bbox 573 2529 670 2577; x_wconf 86' lang='lat' dir='ltr'><strong>per</strong></span> <span class='ocrx_word' id='word_1_192' title='bbox 703 2513 1161 2571; x_wconf 89' lang='lat' dir='ltr'><strong>inumbrationem</strong></span> <span class='ocrx_word' id='word_1_193' title='bbox 1207 2517 1443 2589; x_wconf 89' lang='lat' dir='ltr'><strong>Spiritus</strong></span> <span class='ocrx_word' id='word_1_194' title='bbox 1465 2523 1662 2578; x_wconf 90' lang='lat' dir='ltr'><strong>sancti.</strong></span> <span class='ocrx_word' id='word_1_195' title='bbox 1706 2523 1823 2582; x_wconf 84' lang='lat' dir='ltr'><strong>Hoc</strong></span> 
     </span>
    </p>
   </div>
   <div class='ocr_carea' id='block_1_27' title="bbox 238 2601 1828 2686">
    <p class='ocr_par' dir='ltr' id='par_1_27' title="bbox 238 2601 1828 2686">
     <span class='ocr_line' id='line_1_27' title="bbox 238 2601 1828 2686; baseline 0.009 -29"><span class='ocrx_word' id='word_1_196' title='bbox 238 2601 332 2659; x_wconf 80' lang='lat' dir='ltr'><strong>fuit</strong></span> <span class='ocrx_word' id='word_1_197' title='bbox 356 2605 467 2658; x_wconf 71' lang='grc' dir='ltr'><strong>τοῦ</strong></span> <span class='ocrx_word' id='word_1_198' title='bbox 491 2608 669 2676; x_wconf 80' lang='grc' dir='ltr'><strong>Λόγου</strong></span> <span class='ocrx_word' id='word_1_199' title='bbox 696 2619 935 2665; x_wconf 82' lang='lat' dir='ltr'><strong>extrema</strong></span> <span class='ocrx_word' id='word_1_200' title='bbox 963 2611 1365 2680; x_wconf 74' lang='grc' dir='ltr'><strong>συγκατάϐασις</strong></span> <span class='ocrx_word' id='word_1_201' title='bbox 1390 2613 1441 2686; x_wconf 92' lang='lat' dir='ltr'><strong>(a</strong></span> <span class='ocrx_word' id='word_1_202' title='bbox 1468 2615 1627 2672; x_wconf 90' lang='lat' dir='ltr'><strong>nobis</strong></span> <span class='ocrx_word' id='word_1_203' title='bbox 1646 2615 1828 2672; x_wconf 87' lang='lat' dir='ltr'><strong>homi-</strong></span> 
     </span>
    </p>
   </div>
   <div class='ocr_carea' id='block_1_28' title="bbox 238 2696 1821 2782">
    <p class='ocr_par' dir='ltr' id='par_1_28' title="bbox 238 2696 1821 2782">
     <span class='ocr_line' id='line_1_28' title="bbox 238 2696 1821 2782; baseline 0.009 -33"><span class='ocrx_word' id='word_1_204' title='bbox 238 2696 421 2762; x_wconf 86' lang='lat' dir='ltr'><strong>nibus,</strong></span> <span class='ocrx_word' id='word_1_205' title='bbox 452 2699 704 2770; x_wconf 87' lang='lat' dir='ltr'><strong>adeoque</strong></span> <span class='ocrx_word' id='word_1_206' title='bbox 731 2701 800 2756; x_wconf 90' lang='lat' dir='ltr'><strong>ab</strong></span> <span class='ocrx_word' id='word_1_207' title='bbox 829 2701 960 2773; x_wconf 88' lang='lat' dir='ltr'><strong>ipsis</strong></span> <span class='ocrx_word' id='word_1_208' title='bbox 987 2705 1190 2774; x_wconf 79' lang='lat' dir='ltr'><strong>angelis</strong></span> <span class='ocrx_word' id='word_1_209' title='bbox 1207 2713 1468 2760; x_wconf 63' lang='lat' dir='ltr'><strong>aeternum</strong></span> <span class='ocrx_word' id='word_1_210' title='bbox 1494 2707 1821 2782; x_wconf 88' lang='lat' dir='ltr'><strong>adoranda),</strong></span> 
     </span>
    </p>
   </div>
   <div class='ocr_carea' id='block_1_29' title="bbox 235 2794 1825 2868">
    <p class='ocr_par' dir='ltr' id='par_1_29' title="bbox 235 2794 1825 2868">
     <span class='ocr_line' id='line_1_29' title="bbox 235 2794 1825 2868; baseline 0.011 -27"><span class='ocrx_word' id='word_1_211' title='bbox 235 2803 335 2858; x_wconf 83' lang='lat' dir='ltr'><strong>qua</strong></span> <span class='ocrx_word' id='word_1_212' title='bbox 372 2800 642 2859; x_wconf 89' lang='lat' dir='ltr'><strong>peracta,</strong></span> <span class='ocrx_word' id='word_1_213' title='bbox 692 2795 964 2864; x_wconf 80' lang='lat' dir='ltr'><strong>perfectus</strong></span> <span class='ocrx_word' id='word_1_214' title='bbox 996 2794 1168 2852; x_wconf 86' lang='lat' dir='ltr'><strong>Filius</strong></span> <span class='ocrx_word' id='word_1_215' title='bbox 1202 2795 1296 2852; x_wconf 88' lang='lat' dir='ltr'><strong>Dei</strong></span> <span class='ocrx_word' id='word_1_216' title='bbox 1333 2797 1512 2854; x_wconf 80' lang='lat' dir='ltr'><strong>factus</strong></span> <span class='ocrx_word' id='word_1_217' title='bbox 1561 2807 1674 2868; x_wconf 87' lang='lat' dir='ltr'><strong>est,</strong></span> <span class='ocrx_word' id='word_1_218' title='bbox 1718 2800 1825 2858; x_wconf 89' lang='lat' dir='ltr'><strong>hoc</strong></span> 
     </span>
    </p>
   </div>
   <div class='ocr_carea' id='block_1_30' title="bbox 234 2883 1820 2962">
    <p class='ocr_par' dir='ltr' id='par_1_30' title="bbox 234 2883 1820 2962">
     <span class='ocr_line' id='line_1_30' title="bbox 234 2883 1820 2962; baseline 0.011 -28"><span class='ocrx_word' id='word_1_219' title='bbox 234 2889 330 2947; x_wconf 87' lang='lat' dir='ltr'><strong>est,</strong></span> <span class='ocrx_word' id='word_1_220' title='bbox 365 2891 436 2936; x_wconf 88' lang='lat' dir='ltr'><strong>ut</strong></span> <span class='ocrx_word' id='word_1_221' title='bbox 469 2883 585 2938; x_wconf 90' lang='lat' dir='ltr'><strong>dixi</strong></span> <span class='ocrx_word' id='word_1_222' title='bbox 613 2926 628 2951; x_wconf 87' lang='lat'><strong>,</strong></span> <span class='ocrx_word' id='word_1_223' title='bbox 657 2887 807 2940; x_wconf 92' lang='lat' dir='ltr'><strong>omni</strong></span> <span class='ocrx_word' id='word_1_224' title='bbox 845 2886 1123 2945; x_wconf 89' lang='lat' dir='ltr'><strong>ﬁliationis</strong></span> <span class='ocrx_word' id='word_1_225' title='bbox 1151 2906 1348 2962; x_wconf 78' lang='lat' dir='ltr'><strong>genere</strong></span> <span class='ocrx_word' id='word_1_226' title='bbox 1375 2891 1667 2949; x_wconf 79' lang='lat' dir='ltr'><strong>defunctus</strong></span> <span class='ocrx_word' id='word_1_227' title='bbox 1690 2905 1774 2951; x_wconf 90' lang='lat' dir='ltr'><strong>est</strong></span> <span class='ocrx_word' id='word_1_228' title='bbox 1803 2911 1820 2951; x_wconf 87' lang='lat'><strong>:</strong></span> 
     </span>
    </p>
   </div>
   <div class='ocr_carea' id='block_1_31' title="bbox 239 2973 1824 3052">
    <p class='ocr_par' dir='ltr' id='par_1_31' title="bbox 239 2973 1824 3052">
     <span class='ocr_line' id='line_1_31' title="bbox 239 2973 1824 3052; baseline 0.011 -27"><span class='ocrx_word' id='word_1_229' title='bbox 239 2973 519 3041; x_wconf 73' lang='lat' dir='ltr'><strong>siquidem</strong></span> <span class='ocrx_word' id='word_1_230' title='bbox 547 2985 760 3032; x_wconf 61' lang='lat' dir='ltr'><strong>caetera:</strong></span> <span class='ocrx_word' id='word_1_231' title='bbox 790 2977 1098 3048; x_wconf 87' lang='lat' dir='ltr'><strong>ﬁliationes,</strong></span> <span class='ocrx_word' id='word_1_232' title='bbox 1130 2999 1252 3052; x_wconf 65' lang='lat' dir='ltr'><strong>qua:</strong></span> <span class='ocrx_word' id='word_1_233' title='bbox 1287 2983 1582 3040; x_wconf 88' lang='lat' dir='ltr'><strong>humanam</strong></span> <span class='ocrx_word' id='word_1_234' title='bbox 1619 2986 1824 3044; x_wconf 85' lang='lat' dir='ltr'><strong>Christi</strong></span> 
     </span>
    </p>
   </div>
   <div class='ocr_carea' id='block_1_32' title="bbox 236 3071 1822 3152">
    <p class='ocr_par' dir='ltr' id='par_1_32' title="bbox 236 3071 1822 3152">
     <span class='ocr_line' id='line_1_32' title="bbox 236 3071 1822 3152; baseline 0.012 -35"><span class='ocrx_word' id='word_1_235' title='bbox 236 3075 495 3120; x_wconf 81' lang='lat' dir='ltr'><strong>naturam</strong></span> <span class='ocrx_word' id='word_1_236' title='bbox 524 3077 791 3137; x_wconf 86' lang='lat' dir='ltr'><strong>spectant,</strong></span> <span class='ocrx_word' id='word_1_237' title='bbox 839 3086 905 3125; x_wconf 85' lang='lat' dir='ltr'><strong>ex</strong></span> <span class='ocrx_word' id='word_1_238' title='bbox 936 3071 1037 3126; x_wconf 91' lang='lat' dir='ltr'><strong>hac</strong></span> <span class='ocrx_word' id='word_1_239' title='bbox 1063 3073 1388 3144; x_wconf 89' lang='lat' dir='ltr'><strong>dependent,</strong></span> <span class='ocrx_word' id='word_1_240' title='bbox 1417 3088 1579 3149; x_wconf 89' lang='lat' dir='ltr'><strong>atque</strong></span> <span class='ocrx_word' id='word_1_241' title='bbox 1606 3095 1673 3135; x_wconf 85' lang='lat' dir='ltr'><strong>ex</strong></span> <span class='ocrx_word' id='word_1_242' title='bbox 1703 3081 1822 3152; x_wconf 88' lang='lat' dir='ltr'><strong>ipsa</strong></span> 
     </span>
    </p>
   </div>
   <div class='ocr_carea' id='block_1_33' title="bbox 1936 566 3512 637">
    <p class='ocr_par' dir='ltr' id='par_1_33' title="bbox 1936 566 3512 637">
     <span class='ocr_line' id='line_1_33' title="bbox 1936 566 3512 637; baseline 0.001 -13"><span class='ocrx_word' id='word_1_243' title='bbox 1936 576 1991 624; x_wconf 90' lang='lat' dir='ltr'><strong>et</strong></span> <span class='ocrx_word' id='word_1_244' title='bbox 2020 567 2206 623; x_wconf 89' lang='lat' dir='ltr'><strong>radius</strong></span> <span class='ocrx_word' id='word_1_245' title='bbox 2232 582 2262 621; x_wconf 93' lang='lat' dir='ltr'><strong>a</strong></span> <span class='ocrx_word' id='word_1_246' title='bbox 2289 567 2404 624; x_wconf 91' lang='lat' dir='ltr'><strong>sole</strong></span> <span class='ocrx_word' id='word_1_247' title='bbox 2432 567 2680 637; x_wconf 91' lang='lat' dir='ltr'><strong>prodeat,</strong></span> <span class='ocrx_word' id='word_1_248' title='bbox 2702 577 2756 622; x_wconf 88' lang='lat' dir='ltr'><strong>et</strong></span> <span class='ocrx_word' id='word_1_249' title='bbox 2782 566 2980 623; x_wconf 84' lang='lat' dir='ltr'><strong>Filium</strong></span> <span class='ocrx_word' id='word_1_250' title='bbox 3005 568 3205 634; x_wconf 85' lang='lat' dir='ltr'><strong>diserte</strong></span> <span class='ocrx_word' id='word_1_251' title='bbox 3231 568 3420 624; x_wconf 86' lang='lat' dir='ltr'><strong>eximit</strong></span> <span class='ocrx_word' id='word_1_252' title='bbox 3444 585 3512 625; x_wconf 83' lang='lat' dir='ltr'><strong>cx</strong></span> 
     </span>
    </p>
   </div>
   <div class='ocr_carea' id='block_1_34' title="bbox 1935 656 3512 725">
    <p class='ocr_par' dir='ltr' id='par_1_34' title="bbox 1935 656 3512 725">
     <span class='ocr_line' id='line_1_34' title="bbox 1935 656 3512 725; baseline 0.003 -12"><span class='ocrx_word' id='word_1_253' title='bbox 1935 673 2166 713; x_wconf 90' lang='lat' dir='ltr'><strong>numero</strong></span> <span class='ocrx_word' id='word_1_254' title='bbox 2197 673 2378 713; x_wconf 90' lang='lat' dir='ltr'><strong>rerum</strong></span> <span class='ocrx_word' id='word_1_255' title='bbox 2431 672 2463 712; x_wconf 87' lang='lat' dir='ltr'><strong>a</strong></span> <span class='ocrx_word' id='word_1_256' title='bbox 2498 656 2607 712; x_wconf 90' lang='lat' dir='ltr'><strong>Deo</strong></span> <span class='ocrx_word' id='word_1_257' title='bbox 2655 657 2922 712; x_wconf 83' lang='lat' dir='ltr'><strong>factarum</strong></span> <span class='ocrx_word' id='word_1_258' title='bbox 2950 699 2966 725; x_wconf 94' lang='lat'><strong>,</strong></span> <span class='ocrx_word' id='word_1_259' title='bbox 3015 659 3168 713; x_wconf 92' lang='lat' dir='ltr'><strong>illum</strong></span> <span class='ocrx_word' id='word_1_260' title='bbox 3221 659 3396 714; x_wconf 91' lang='lat' dir='ltr'><strong>solum</strong></span> <span class='ocrx_word' id='word_1_261' title='bbox 3442 675 3512 719; x_wconf 80' lang='lat' dir='ltr'><strong>ex</strong></span> 
     </span>
    </p>
   </div>
   <div class='ocr_carea' id='block_1_35' title="bbox 1933 747 3513 821">
    <p class='ocr_par' dir='ltr' id='par_1_35' title="bbox 1933 747 3513 821">
     <span class='ocr_line' id='line_1_35' title="bbox 1933 747 3513 821; baseline 0.004 -19"><span class='ocrx_word' id='word_1_262' title='bbox 1933 749 2054 821; x_wconf 89' lang='lat' dir='ltr'><strong>ipso</strong></span> <span class='ocrx_word' id='word_1_263' title='bbox 2088 749 2198 804; x_wconf 89' lang='lat' dir='ltr'><strong>Deo</strong></span> <span class='ocrx_word' id='word_1_264' title='bbox 2230 747 2390 805; x_wconf 88' lang='lat' dir='ltr'><strong>Patre</strong></span> <span class='ocrx_word' id='word_1_265' title='bbox 2421 750 2666 821; x_wconf 83' lang='lat' dir='ltr'><strong>genitum</strong></span> <span class='ocrx_word' id='word_1_266' title='bbox 2702 752 3100 820; x_wconf 87' lang='lat' dir='ltr'><strong>pronuntians:</strong></span> <span class='ocrx_word' id='word_1_267' title='bbox 3128 767 3249 821; x_wconf 70' lang='lat' dir='ltr'><strong>quae</strong></span> <span class='ocrx_word' id='word_1_268' title='bbox 3269 767 3393 806; x_wconf 88' lang='lat' dir='ltr'><strong>cum</strong></span> <span class='ocrx_word' id='word_1_269' title='bbox 3421 749 3513 810; x_wconf 81' lang='lat' dir='ltr'><strong>Ni-</strong></span> 
     </span>
    </p>
   </div>
   <div class='ocr_carea' id='block_1_36' title="bbox 1932 841 3316 912">
    <p class='ocr_par' dir='ltr' id='par_1_36' title="bbox 1932 841 3316 912">
     <span class='ocr_line' id='line_1_36' title="bbox 1932 841 3316 912; baseline 0.001 -16"><span class='ocrx_word' id='word_1_270' title='bbox 1932 857 2078 896; x_wconf 72' lang='lat' dir='ltr'><strong>crena</strong></span> <span class='ocrx_word' id='word_1_271' title='bbox 2110 841 2212 896; x_wconf 89' lang='lat' dir='ltr'><strong>ﬁde</strong></span> <span class='ocrx_word' id='word_1_272' title='bbox 2241 857 2305 896; x_wconf 85' lang='lat' dir='ltr'><strong>ac</strong></span> <span class='ocrx_word' id='word_1_273' title='bbox 2337 841 2685 897; x_wconf 84' lang='lat' dir='ltr'><strong>confessione</strong></span> <span class='ocrx_word' id='word_1_274' title='bbox 2721 841 2948 896; x_wconf 90' lang='lat' dir='ltr'><strong>omnino</strong></span> <span class='ocrx_word' id='word_1_275' title='bbox 2977 845 3316 912; x_wconf 90' lang='lat' dir='ltr'><strong>conspirant.</strong></span> 
     </span>
    </p>
   </div>
   <div class='ocr_carea' id='block_1_37' title="bbox 2005 930 3507 1003">
    <p class='ocr_par' dir='ltr' id='par_1_37' title="bbox 2005 930 3507 1003">
     <span class='ocr_line' id='line_1_37' title="bbox 2005 930 3507 1003; baseline 0.001 -17"><span class='ocrx_word' id='word_1_276' title='bbox 2005 932 2189 1002; x_wconf 86' lang='lat' dir='ltr'><strong>Neque</strong></span> <span class='ocrx_word' id='word_1_277' title='bbox 2211 933 2410 1002; x_wconf 82' lang='lat' dir='ltr'><strong>cuique</strong></span> <span class='ocrx_word' id='word_1_278' title='bbox 2433 931 2760 988; x_wconf 82' lang='lat' dir='ltr'><strong>ollcndiculo</strong></span> <span class='ocrx_word' id='word_1_279' title='bbox 2787 947 2907 987; x_wconf 91' lang='lat' dir='ltr'><strong>esse</strong></span> <span class='ocrx_word' id='word_1_280' title='bbox 2927 933 3105 996; x_wconf 88' lang='lat' dir='ltr'><strong>debet,</strong></span> <span class='ocrx_word' id='word_1_281' title='bbox 3133 933 3278 1003; x_wconf 89' lang='lat' dir='ltr'><strong>quod</strong></span> <span class='ocrx_word' id='word_1_282' title='bbox 3308 930 3507 988; x_wconf 89' lang='lat' dir='ltr'><strong>ibidem</strong></span> 
     </span>
    </p>
   </div>
   <div class='ocr_carea' id='block_1_38' title="bbox 1933 1024 3508 1097">
    <p class='ocr_par' dir='ltr' id='par_1_38' title="bbox 1933 1024 3508 1097">
     <span class='ocr_line' id='line_1_38' title="bbox 1933 1024 3508 1097; baseline 0.003 -19"><span class='ocrx_word' id='word_1_283' title='bbox 1933 1024 2253 1097; x_wconf 82' lang='lat' dir='ltr'><strong>Hippolytus</strong></span> <span class='ocrx_word' id='word_1_284' title='bbox 2287 1025 2504 1082; x_wconf 88' lang='lat' dir='ltr'><strong>Patrem</strong></span> <span class='ocrx_word' id='word_1_285' title='bbox 2537 1027 2686 1082; x_wconf 86' lang='lat' dir='ltr'><strong>dicat</strong></span> <span class='ocrx_word' id='word_1_286' title='bbox 2721 1035 2910 1094; x_wconf 86' lang='lat' dir='ltr'><strong>totum,</strong></span> <span class='ocrx_word' id='word_1_287' title='bbox 2945 1026 3144 1080; x_wconf 88' lang='lat' dir='ltr'><strong>Filium</strong></span> <span class='ocrx_word' id='word_1_288' title='bbox 3172 1043 3303 1083; x_wconf 90' lang='lat' dir='ltr'><strong>vero</strong></span> <span class='ocrx_word' id='word_1_289' title='bbox 3334 1030 3508 1083; x_wconf 80' lang='lat' dir='ltr'><strong>virm-</strong></span> 
     </span>
    </p>
   </div>
   <div class='ocr_carea' id='block_1_39' title="bbox 1933 1116 3512 1193">
    <p class='ocr_par' dir='ltr' id='par_1_39' title="bbox 1933 1116 3512 1193">
     <span class='ocr_line' id='line_1_39' title="bbox 1933 1116 3512 1193; baseline 0.004 -22"><span class='ocrx_word' id='word_1_290' title='bbox 1933 1127 2034 1172; x_wconf 79' lang='lat' dir='ltr'><strong>tem</strong></span> <span class='ocrx_word' id='word_1_291' title='bbox 2059 1134 2122 1172; x_wconf 79' lang='lat' dir='ltr'><strong>ea:</strong></span> <span class='ocrx_word' id='word_1_292' title='bbox 2149 1127 2277 1171; x_wconf 86' lang='lat' dir='ltr'><strong>toto.</strong></span> <span class='ocrx_word' id='word_1_293' title='bbox 2309 1116 2444 1172; x_wconf 87' lang='lat' dir='ltr'><strong>Nam</strong></span> <span class='ocrx_word' id='word_1_294' title='bbox 2472 1127 2646 1173; x_wconf 91' lang='lat' dir='ltr'><strong>totum</strong></span> <span class='ocrx_word' id='word_1_295' title='bbox 2681 1127 2826 1172; x_wconf 89' lang='lat' dir='ltr'><strong>recte</strong></span> <span class='ocrx_word' id='word_1_296' title='bbox 2858 1118 3060 1173; x_wconf 92' lang='lat' dir='ltr'><strong>dicitur</strong></span> <span class='ocrx_word' id='word_1_297' title='bbox 3077 1117 3261 1184; x_wconf 90' lang='lat' dir='ltr'><strong>Pater,</strong></span> <span class='ocrx_word' id='word_1_298' title='bbox 3283 1122 3411 1193; x_wconf 84' lang='lat' dir='ltr'><strong>quia</strong></span> <span class='ocrx_word' id='word_1_299' title='bbox 3427 1131 3512 1178; x_wconf 88' lang='lat' dir='ltr'><strong>est</strong></span> 
     </span>
    </p>
   </div>
   <div class='ocr_carea' id='block_1_40' title="bbox 1931 1211 3507 1284">
    <p class='ocr_par' dir='ltr' id='par_1_40' title="bbox 1931 1211 3507 1284">
     <span class='ocr_line' id='line_1_40' title="bbox 1931 1211 3507 1284; baseline 0.003 -20"><span class='ocrx_word' id='word_1_300' title='bbox 1931 1211 2084 1284; x_wconf 81' lang='grc' dir='ltr'><strong>πηγὴ</strong></span> <span class='ocrx_word' id='word_1_301' title='bbox 2109 1211 2379 1283; x_wconf 82' lang='grc' dir='ltr'><strong>Θεὸτητος.</strong></span> <span class='ocrx_word' id='word_1_302' title='bbox 2408 1211 2690 1282; x_wconf 91' lang='lat' dir='ltr'><strong>Siquidem</strong></span> <span class='ocrx_word' id='word_1_303' title='bbox 2717 1212 2996 1274; x_wconf 84' lang='lat' dir='ltr'><strong>divinitas,</strong></span> <span class='ocrx_word' id='word_1_304' title='bbox 3029 1228 3150 1283; x_wconf 73' lang='lat' dir='ltr'><strong>quae</strong></span> <span class='ocrx_word' id='word_1_305' title='bbox 3178 1214 3232 1266; x_wconf 92' lang='lat' dir='ltr'><strong>in</strong></span> <span class='ocrx_word' id='word_1_306' title='bbox 3258 1212 3397 1268; x_wconf 86' lang='lat' dir='ltr'><strong>Filio</strong></span> <span class='ocrx_word' id='word_1_307' title='bbox 3421 1223 3507 1269; x_wconf 87' lang='lat' dir='ltr'><strong>est</strong></span> 
     </span>
    </p>
   </div>
   <div class='ocr_carea' id='block_1_41' title="bbox 1927 1301 3509 1375">
    <p class='ocr_par' dir='ltr' id='par_1_41' title="bbox 1927 1301 3509 1375">
     <span class='ocr_line' id='line_1_41' title="bbox 1927 1301 3509 1375; baseline 0.001 -16"><span class='ocrx_word' id='word_1_308' title='bbox 1927 1311 1984 1359; x_wconf 90' lang='lat' dir='ltr'><strong>et</strong></span> <span class='ocrx_word' id='word_1_309' title='bbox 2016 1305 2070 1357; x_wconf 94' lang='lat' dir='ltr'><strong>in</strong></span> <span class='ocrx_word' id='word_1_310' title='bbox 2107 1301 2312 1373; x_wconf 90' lang='lat' dir='ltr'><strong>Spiritu</strong></span> <span class='ocrx_word' id='word_1_311' title='bbox 2348 1313 2560 1368; x_wconf 91' lang='lat' dir='ltr'><strong>sancto,</strong></span> <span class='ocrx_word' id='word_1_312' title='bbox 2595 1301 2773 1358; x_wconf 88' lang='lat' dir='ltr'><strong>Patris</strong></span> <span class='ocrx_word' id='word_1_313' title='bbox 2797 1315 2911 1368; x_wconf 88' lang='lat' dir='ltr'><strong>est,</strong></span> <span class='ocrx_word' id='word_1_314' title='bbox 2943 1304 3069 1375; x_wconf 91' lang='lat' dir='ltr'><strong>quia</strong></span> <span class='ocrx_word' id='word_1_315' title='bbox 3105 1320 3134 1358; x_wconf 93' lang='lat' dir='ltr'><strong>a</strong></span> <span class='ocrx_word' id='word_1_316' title='bbox 3171 1303 3331 1360; x_wconf 90' lang='lat' dir='ltr'><strong>Patre</strong></span> <span class='ocrx_word' id='word_1_317' title='bbox 3363 1306 3509 1360; x_wconf 81' lang='lat' dir='ltr'><strong>deri-</strong></span> 
     </span>
    </p>
   </div>
   <div class='ocr_carea' id='block_1_42' title="bbox 1927 1397 3503 1468">
    <p class='ocr_par' dir='ltr' id='par_1_42' title="bbox 1927 1397 3503 1468">
     <span class='ocr_line' id='line_1_42' title="bbox 1927 1397 3503 1468; baseline 0.001 -16"><span class='ocrx_word' id='word_1_318' title='bbox 1927 1406 2107 1452; x_wconf 81' lang='lat' dir='ltr'><strong>vatur.</strong></span> <span class='ocrx_word' id='word_1_319' title='bbox 2139 1397 2398 1468; x_wconf 80' lang='lat' dir='ltr'><strong>Apprime</strong></span> <span class='ocrx_word' id='word_1_320' title='bbox 2426 1397 2615 1452; x_wconf 85' lang='lat' dir='ltr'><strong>itidem</strong></span> <span class='ocrx_word' id='word_1_321' title='bbox 2638 1397 2906 1452; x_wconf 89' lang='lat' dir='ltr'><strong>catholica</strong></span> <span class='ocrx_word' id='word_1_322' title='bbox 2938 1410 3096 1463; x_wconf 85' lang='lat' dir='ltr'><strong>sunt,</strong></span> <span class='ocrx_word' id='word_1_323' title='bbox 3129 1414 3250 1468; x_wconf 68' lang='lat' dir='ltr'><strong>quae</strong></span> <span class='ocrx_word' id='word_1_324' title='bbox 3278 1414 3406 1454; x_wconf 91' lang='lat' dir='ltr'><strong>mox</strong></span> <span class='ocrx_word' id='word_1_325' title='bbox 3438 1414 3503 1453; x_wconf 87' lang='lat' dir='ltr'><strong>ex</strong></span> 
     </span>
    </p>
   </div>
   <div class='ocr_carea' id='block_1_43' title="bbox 1927 1488 3510 1562">
    <p class='ocr_par' dir='ltr' id='par_1_43' title="bbox 1927 1488 3510 1562">
     <span class='ocr_line' id='line_1_43' title="bbox 1927 1488 3510 1562; baseline 0.001 -17"><span class='ocrx_word' id='word_1_326' title='bbox 1927 1491 2118 1545; x_wconf 87' lang='lat' dir='ltr'><strong>eodem</strong></span> <span class='ocrx_word' id='word_1_327' title='bbox 2185 1488 2459 1562; x_wconf 88' lang='lat' dir='ltr'><strong>Hippolyti</strong></span> <span class='ocrx_word' id='word_1_328' title='bbox 2539 1490 2680 1544; x_wconf 91' lang='lat' dir='ltr'><strong>libro</strong></span> <span class='ocrx_word' id='word_1_329' title='bbox 2753 1491 2998 1560; x_wconf 87' lang='lat' dir='ltr'><strong>sophista</strong></span> <span class='ocrx_word' id='word_1_330' title='bbox 3056 1490 3248 1556; x_wconf 77' lang='lat' dir='ltr'><strong>aﬁ‘ert,</strong></span> <span class='ocrx_word' id='word_1_331' title='bbox 3311 1507 3510 1560; x_wconf 83' lang='lat' dir='ltr'><strong>nempe</strong></span> 
     </span>
    </p>
   </div>
   <div class='ocr_carea' id='block_1_44' title="bbox 1928 1582 3508 1655">
    <p class='ocr_par' dir='ltr' id='par_1_44' title="bbox 1928 1582 3508 1655">
     <span class='ocr_line' id='line_1_44' title="bbox 1928 1582 3508 1655; baseline -0.001 -17"><span class='ocrx_word' id='word_1_332' title='bbox 1928 1583 2043 1638; x_wconf 68' lang='lat' dir='ltr'><strong>haec</strong></span> <span class='ocrx_word' id='word_1_333' title='bbox 2069 1583 2182 1655; x_wconf 85' lang='lat'><strong>(70)</strong></span> <span class='ocrx_word' id='word_1_334' title='bbox 2215 1599 2229 1634; x_wconf 90' lang='lat'><strong>:</strong></span> <span class='ocrx_word' id='word_1_335' title='bbox 2271 1601 2290 1634; x_wconf 85' lang='grc'><strong><em>‹</em></strong></span> <span class='ocrx_word' id='word_1_336' title='bbox 2320 1582 2482 1638; x_wconf 89' lang='lat' dir='ltr'><strong>Pater</strong></span> <span class='ocrx_word' id='word_1_337' title='bbox 2509 1584 2754 1652; x_wconf 85' lang='lat' dir='ltr'><strong>mandat,</strong></span> <span class='ocrx_word' id='word_1_338' title='bbox 2786 1582 3023 1640; x_wconf 83' lang='lat' dir='ltr'><strong>Verbum</strong></span> <span class='ocrx_word' id='word_1_339' title='bbox 3056 1585 3302 1655; x_wconf 85' lang='lat' dir='ltr'><strong>perlicit;</strong></span> <span class='ocrx_word' id='word_1_340' title='bbox 3334 1584 3508 1639; x_wconf 89' lang='lat' dir='ltr'><strong>Filius</strong></span> 
     </span>
    </p>
   </div>
   <div class='ocr_carea' id='block_1_45' title="bbox 1927 1675 3508 1746">
    <p class='ocr_par' dir='ltr' id='par_1_45' title="bbox 1927 1675 3508 1746">
     <span class='ocr_line' id='line_1_45' title="bbox 1927 1675 3508 1746; baseline 0.003 -18"><span class='ocrx_word' id='word_1_341' title='bbox 1927 1684 2105 1728; x_wconf 90' lang='lat' dir='ltr'><strong>autem</strong></span> <span class='ocrx_word' id='word_1_342' title='bbox 2154 1675 2480 1742; x_wconf 88' lang='lat' dir='ltr'><strong>ostenditur,</strong></span> <span class='ocrx_word' id='word_1_343' title='bbox 2531 1691 2627 1745; x_wconf 78' lang='lat' dir='ltr'><strong>per</strong></span> <span class='ocrx_word' id='word_1_344' title='bbox 2655 1693 2816 1746; x_wconf 86' lang='lat' dir='ltr'><strong>quem</strong></span> <span class='ocrx_word' id='word_1_345' title='bbox 2853 1675 3015 1732; x_wconf 90' lang='lat' dir='ltr'><strong>Pater</strong></span> <span class='ocrx_word' id='word_1_346' title='bbox 3042 1678 3297 1732; x_wconf 90' lang='lat' dir='ltr'><strong>creditur.</strong></span> <span class='ocrx_word' id='word_1_347' title='bbox 3331 1676 3508 1732; x_wconf 73' lang='lat' dir='ltr'><strong>(Eco-</strong></span> 
     </span>
    </p>
   </div>
   <div class='ocr_carea' id='block_1_46' title="bbox 1927 1767 3506 1839">
    <p class='ocr_par' dir='ltr' id='par_1_46' title="bbox 1927 1767 3506 1839">
     <span class='ocr_line' id='line_1_46' title="bbox 1927 1767 3506 1839; baseline 0.003 -17"><span class='ocrx_word' id='word_1_348' title='bbox 1927 1767 2108 1822; x_wconf 86' lang='lat' dir='ltr'><strong>nomia</strong></span> <span class='ocrx_word' id='word_1_349' title='bbox 2136 1767 2519 1823; x_wconf 88' lang='lat' dir='ltr'><strong>consensionis</strong></span> <span class='ocrx_word' id='word_1_350' title='bbox 2551 1769 2814 1839; x_wconf 86' lang='lat' dir='ltr'><strong>redigitur</strong></span> <span class='ocrx_word' id='word_1_351' title='bbox 2843 1769 2910 1825; x_wconf 89' lang='lat' dir='ltr'><strong>ad</strong></span> <span class='ocrx_word' id='word_1_352' title='bbox 2937 1787 3104 1824; x_wconf 91' lang='lat' dir='ltr'><strong>unum</strong></span> <span class='ocrx_word' id='word_1_353' title='bbox 3131 1770 3322 1826; x_wconf 89' lang='lat' dir='ltr'><strong>Deum.</strong></span> <span class='ocrx_word' id='word_1_354' title='bbox 3351 1769 3506 1826; x_wconf 83' lang='lat' dir='ltr'><strong>Unus</strong></span> 
     </span>
    </p>
   </div>
   <div class='ocr_carea' id='block_1_47' title="bbox 1928 1858 3502 1933">
    <p class='ocr_par' dir='ltr' id='par_1_47' title="bbox 1928 1858 3502 1933">
     <span class='ocr_line' id='line_1_47' title="bbox 1928 1858 3502 1933; baseline 0.003 -20"><span class='ocrx_word' id='word_1_355' title='bbox 1928 1859 2072 1913; x_wconf 90' lang='lat' dir='ltr'><strong>enim</strong></span> <span class='ocrx_word' id='word_1_356' title='bbox 2098 1870 2181 1914; x_wconf 90' lang='lat' dir='ltr'><strong>est</strong></span> <span class='ocrx_word' id='word_1_357' title='bbox 2207 1858 2371 1924; x_wconf 86' lang='lat' dir='ltr'><strong>Deus,</strong></span> <span class='ocrx_word' id='word_1_358' title='bbox 2400 1860 2494 1929; x_wconf 90' lang='lat' dir='ltr'><strong>qui</strong></span> <span class='ocrx_word' id='word_1_359' title='bbox 2528 1861 2750 1916; x_wconf 90' lang='lat' dir='ltr'><strong>mandat</strong></span> <span class='ocrx_word' id='word_1_360' title='bbox 2771 1861 2952 1928; x_wconf 90' lang='lat' dir='ltr'><strong>Pater,</strong></span> <span class='ocrx_word' id='word_1_361' title='bbox 2981 1865 3073 1933; x_wconf 89' lang='lat' dir='ltr'><strong>qui</strong></span> <span class='ocrx_word' id='word_1_362' title='bbox 3100 1862 3284 1918; x_wconf 87' lang='lat' dir='ltr'><strong>obedit</strong></span> <span class='ocrx_word' id='word_1_363' title='bbox 3309 1862 3502 1930; x_wconf 90' lang='lat' dir='ltr'><strong>Filius,</strong></span> 
     </span>
    </p>
   </div>
   <div class='ocr_carea' id='block_1_48' title="bbox 1929 1949 3508 2024">
    <p class='ocr_par' dir='ltr' id='par_1_48' title="bbox 1929 1949 3508 2024">
     <span class='ocr_line' id='line_1_48' title="bbox 1929 1949 3508 2024; baseline 0.005 -22"><span class='ocrx_word' id='word_1_364' title='bbox 1929 1949 2023 2018; x_wconf 90' lang='lat' dir='ltr'><strong>qui</strong></span> <span class='ocrx_word' id='word_1_365' title='bbox 2054 1949 2210 2004; x_wconf 89' lang='lat' dir='ltr'><strong>docet</strong></span> <span class='ocrx_word' id='word_1_366' title='bbox 2240 1951 2522 2004; x_wconf 89' lang='lat' dir='ltr'><strong>scientiam</strong></span> <span class='ocrx_word' id='word_1_367' title='bbox 2550 1951 2784 2020; x_wconf 91' lang='lat' dir='ltr'><strong>Spiritus</strong></span> <span class='ocrx_word' id='word_1_368' title='bbox 2816 1962 3058 2008; x_wconf 88' lang='lat' dir='ltr'><strong>sanctus.</strong></span> <span class='ocrx_word' id='word_1_369' title='bbox 3091 1953 3272 2021; x_wconf 88' lang='lat' dir='ltr'><strong>Pater,</strong></span> <span class='ocrx_word' id='word_1_370' title='bbox 3299 1954 3392 2024; x_wconf 89' lang='lat' dir='ltr'><strong>qui</strong></span> <span class='ocrx_word' id='word_1_371' title='bbox 3421 1961 3508 2010; x_wconf 88' lang='lat' dir='ltr'><strong>est</strong></span> 
     </span>
    </p>
   </div>
   <div class='ocr_carea' id='block_1_49' title="bbox 1929 2041 3506 2114">
    <p class='ocr_par' dir='ltr' id='par_1_49' title="bbox 1929 2041 3506 2114">
     <span class='ocr_line' id='line_1_49' title="bbox 1929 2041 3506 2114; baseline 0.003 -17"><span class='ocrx_word' id='word_1_372' title='bbox 1929 2056 2094 2112; x_wconf 91' lang='lat' dir='ltr'><strong>super</strong></span> <span class='ocrx_word' id='word_1_373' title='bbox 2123 2041 2332 2108; x_wconf 90' lang='lat' dir='ltr'><strong>omnia,</strong></span> <span class='ocrx_word' id='word_1_374' title='bbox 2361 2041 2532 2097; x_wconf 87' lang='lat' dir='ltr'><strong>Filius</strong></span> <span class='ocrx_word' id='word_1_375' title='bbox 2562 2059 2656 2112; x_wconf 91' lang='lat' dir='ltr'><strong>per</strong></span> <span class='ocrx_word' id='word_1_376' title='bbox 2689 2045 2894 2111; x_wconf 89' lang='lat' dir='ltr'><strong>omnia,</strong></span> <span class='ocrx_word' id='word_1_377' title='bbox 2932 2045 3169 2114; x_wconf 84' lang='lat' dir='ltr'><strong>Spiritus</strong></span> <span class='ocrx_word' id='word_1_378' title='bbox 3196 2055 3418 2102; x_wconf 88' lang='lat' dir='ltr'><strong>sanctus</strong></span> <span class='ocrx_word' id='word_1_379' title='bbox 3447 2046 3506 2102; x_wconf 89' lang='lat' dir='ltr'><strong>in</strong></span> 
     </span>
    </p>
   </div>
   <div class='ocr_carea' id='block_1_50' title="bbox 1928 2133 3507 2207">
    <p class='ocr_par' dir='ltr' id='par_1_50' title="bbox 1928 2133 3507 2207">
     <span class='ocr_line' id='line_1_50' title="bbox 1928 2133 3507 2207; baseline 0.004 -20"><span class='ocrx_word' id='word_1_380' title='bbox 1928 2134 2204 2190; x_wconf 91' lang='lat' dir='ltr'><strong>omnibus.</strong></span> <span class='ocrx_word' id='word_1_381' title='bbox 2238 2154 2256 2186; x_wconf 73' lang='grc' dir='ltr'><strong><em>ι</em></strong></span> <span class='ocrx_word' id='word_1_382' title='bbox 2299 2133 2399 2189; x_wconf 89' lang='lat' dir='ltr'><strong>Hic</strong></span> <span class='ocrx_word' id='word_1_383' title='bbox 2431 2134 2638 2189; x_wconf 83' lang='lat' dir='ltr'><strong>scilicet</strong></span> <span class='ocrx_word' id='word_1_384' title='bbox 2668 2134 2725 2190; x_wconf 91' lang='lat' dir='ltr'><strong>S.</strong></span> <span class='ocrx_word' id='word_1_385' title='bbox 2763 2135 3086 2207; x_wconf 90' lang='lat' dir='ltr'><strong>Hippolytus</strong></span> <span class='ocrx_word' id='word_1_386' title='bbox 3117 2136 3333 2194; x_wconf 88' lang='lat' dir='ltr'><strong>Patrem</strong></span> <span class='ocrx_word' id='word_1_387' title='bbox 3357 2178 3371 2205; x_wconf 95' lang='lat'><strong>,</strong></span> <span class='ocrx_word' id='word_1_388' title='bbox 3412 2138 3507 2193; x_wconf 84' lang='lat' dir='ltr'><strong>Fi-</strong></span> 
     </span>
    </p>
   </div>
   <div class='ocr_carea' id='block_1_51' title="bbox 1928 2226 3504 2302">
    <p class='ocr_par' dir='ltr' id='par_1_51' title="bbox 1928 2226 3504 2302">
     <span class='ocr_line' id='line_1_51' title="bbox 1928 2226 3504 2302; baseline 0.004 -22"><span class='ocrx_word' id='word_1_389' title='bbox 1928 2226 2062 2281; x_wconf 90' lang='lat' dir='ltr'><strong>lium</strong></span> <span class='ocrx_word' id='word_1_390' title='bbox 2091 2235 2146 2283; x_wconf 89' lang='lat' dir='ltr'><strong>et</strong></span> <span class='ocrx_word' id='word_1_391' title='bbox 2189 2227 2456 2298; x_wconf 88' lang='lat' dir='ltr'><strong>Spiritum</strong></span> <span class='ocrx_word' id='word_1_392' title='bbox 2493 2238 2746 2284; x_wconf 90' lang='lat' dir='ltr'><strong>sanctum</strong></span> <span class='ocrx_word' id='word_1_393' title='bbox 2777 2245 2946 2283; x_wconf 90' lang='lat' dir='ltr'><strong>unum</strong></span> <span class='ocrx_word' id='word_1_394' title='bbox 2972 2245 3094 2285; x_wconf 90' lang='lat' dir='ltr'><strong>esse</strong></span> <span class='ocrx_word' id='word_1_395' title='bbox 3123 2230 3294 2286; x_wconf 89' lang='lat' dir='ltr'><strong>Deum</strong></span> <span class='ocrx_word' id='word_1_396' title='bbox 3318 2240 3504 2302; x_wconf 89' lang='lat' dir='ltr'><strong>aperte</strong></span> 
     </span>
    </p>
   </div>
   <div class='ocr_carea' id='block_1_52' title="bbox 1927 2319 3504 2393">
    <p class='ocr_par' dir='ltr' id='par_1_52' title="bbox 1927 2319 3504 2393">
     <span class='ocr_line' id='line_1_52' title="bbox 1927 2319 3504 2393; baseline 0.004 -20"><span class='ocrx_word' id='word_1_397' title='bbox 1927 2319 2105 2384; x_wconf 89' lang='lat' dir='ltr'><strong>docet,</strong></span> <span class='ocrx_word' id='word_1_398' title='bbox 2122 2329 2175 2374; x_wconf 86' lang='lat' dir='ltr'><strong>ct</strong></span> <span class='ocrx_word' id='word_1_399' title='bbox 2203 2320 2499 2392; x_wconf 88' lang='lat' dir='ltr'><strong>unicuique</strong></span> <span class='ocrx_word' id='word_1_400' title='bbox 2524 2319 2811 2376; x_wconf 87' lang='lat' dir='ltr'><strong>Trinitatis</strong></span> <span class='ocrx_word' id='word_1_401' title='bbox 2834 2320 3090 2376; x_wconf 74' lang='lat' dir='ltr'><strong>Personae</strong></span> <span class='ocrx_word' id='word_1_402' title='bbox 3118 2323 3504 2393; x_wconf 63' lang='lat' dir='ltr'><strong>omnipratsen-</strong></span> 
     </span>
    </p>
   </div>
   <div class='ocr_carea' id='block_1_53' title="bbox 1927 2411 3498 2484">
    <p class='ocr_par' dir='ltr' id='par_1_53' title="bbox 1927 2411 3498 2484">
     <span class='ocr_line' id='line_1_53' title="bbox 1927 2411 3498 2484; baseline 0.003 -19"><span class='ocrx_word' id='word_1_403' title='bbox 1927 2411 2059 2465; x_wconf 86' lang='lat' dir='ltr'><strong>tiam</strong></span> <span class='ocrx_word' id='word_1_404' title='bbox 2094 2411 2302 2478; x_wconf 84' lang='lat' dir='ltr'><strong>tribuit,</strong></span> <span class='ocrx_word' id='word_1_405' title='bbox 2329 2428 2394 2467; x_wconf 91' lang='lat' dir='ltr'><strong>ac</strong></span> <span class='ocrx_word' id='word_1_406' title='bbox 2413 2412 2522 2466; x_wconf 90' lang='lat' dir='ltr'><strong>vim</strong></span> <span class='ocrx_word' id='word_1_407' title='bbox 2558 2412 2823 2477; x_wconf 87' lang='lat' dir='ltr'><strong>divinam,</strong></span> <span class='ocrx_word' id='word_1_408' title='bbox 2855 2427 2977 2481; x_wconf 65' lang='lat' dir='ltr'><strong>quae</strong></span> <span class='ocrx_word' id='word_1_409' title='bbox 2999 2422 3194 2467; x_wconf 88' lang='lat' dir='ltr'><strong>cuncta</strong></span> <span class='ocrx_word' id='word_1_410' title='bbox 3222 2415 3498 2484; x_wconf 89' lang='lat' dir='ltr'><strong>pervadat.</strong></span> 
     </span>
    </p>
   </div>
   <div class='ocr_carea' id='block_1_54' title="bbox 1927 2500 3500 2570">
    <p class='ocr_par' dir='ltr' id='par_1_54' title="bbox 1927 2500 3500 2570">
     <span class='ocr_line' id='line_1_54' title="bbox 1927 2500 3500 2570; baseline 0.003 -16"><span class='ocrx_word' id='word_1_411' title='bbox 1927 2501 2084 2567; x_wconf 85' lang='lat' dir='ltr'><strong>Quod</strong></span> <span class='ocrx_word' id='word_1_412' title='bbox 2123 2517 2252 2557; x_wconf 92' lang='lat' dir='ltr'><strong>vero</strong></span> <span class='ocrx_word' id='word_1_413' title='bbox 2283 2500 2499 2558; x_wconf 89' lang='lat' dir='ltr'><strong>Patrem</strong></span> <span class='ocrx_word' id='word_1_414' title='bbox 2525 2501 2660 2557; x_wconf 93' lang='lat' dir='ltr'><strong>dicit</strong></span> <span class='ocrx_word' id='word_1_415' title='bbox 2687 2502 2974 2566; x_wconf 87' lang='lat' dir='ltr'><strong>mandare,</strong></span> <span class='ocrx_word' id='word_1_416' title='bbox 3018 2502 3216 2558; x_wconf 88' lang='lat' dir='ltr'><strong>Filium</strong></span> <span class='ocrx_word' id='word_1_417' title='bbox 3259 2504 3500 2570; x_wconf 82' lang='lat' dir='ltr'><strong>obedire,</strong></span> 
     </span>
    </p>
   </div>
   <div class='ocr_carea' id='block_1_55' title="bbox 1927 2591 3502 2666">
    <p class='ocr_par' dir='ltr' id='par_1_55' title="bbox 1927 2591 3502 2666">
     <span class='ocr_line' id='line_1_55' title="bbox 1927 2591 3502 2666; baseline 0.004 -20"><span class='ocrx_word' id='word_1_418' title='bbox 1927 2591 1982 2646; x_wconf 89' lang='lat' dir='ltr'><strong>in</strong></span> <span class='ocrx_word' id='word_1_419' title='bbox 2029 2607 2097 2647; x_wconf 90' lang='lat' dir='ltr'><strong>eo</strong></span> <span class='ocrx_word' id='word_1_420' title='bbox 2137 2595 2542 2650; x_wconf 89' lang='lat' dir='ltr'><strong>consentientes</strong></span> <span class='ocrx_word' id='word_1_421' title='bbox 2584 2609 2770 2649; x_wconf 89' lang='lat' dir='ltr'><strong>sccum</strong></span> <span class='ocrx_word' id='word_1_422' title='bbox 2819 2603 2873 2648; x_wconf 90' lang='lat' dir='ltr'><strong>et</strong></span> <span class='ocrx_word' id='word_1_423' title='bbox 2919 2594 3171 2649; x_wconf 91' lang='lat' dir='ltr'><strong>similiter</strong></span> <span class='ocrx_word' id='word_1_424' title='bbox 3216 2596 3502 2666; x_wconf 88' lang='lat' dir='ltr'><strong>loquentes</strong></span> 
     </span>
    </p>
   </div>
   <div class='ocr_carea' id='block_1_56' title="bbox 1926 2681 3503 2752">
    <p class='ocr_par' dir='ltr' id='par_1_56' title="bbox 1926 2681 3503 2752">
     <span class='ocr_line' id='line_1_56' title="bbox 1926 2681 3503 2752; baseline 0.003 -16"><span class='ocrx_word' id='word_1_425' title='bbox 1926 2681 2094 2737; x_wconf 86' lang='lat' dir='ltr'><strong>habet</strong></span> <span class='ocrx_word' id='word_1_426' title='bbox 2135 2683 2272 2738; x_wconf 86' lang='lat' dir='ltr'><strong>alios</strong></span> <span class='ocrx_word' id='word_1_427' title='bbox 2307 2681 2496 2738; x_wconf 90' lang='lat' dir='ltr'><strong>Patres</strong></span> <span class='ocrx_word' id='word_1_428' title='bbox 2523 2684 2892 2752; x_wconf 88' lang='lat' dir='ltr'><strong>orthodoxos,</strong></span> <span class='ocrx_word' id='word_1_429' title='bbox 2929 2700 3038 2739; x_wconf 92' lang='lat' dir='ltr'><strong>non</strong></span> <span class='ocrx_word' id='word_1_430' title='bbox 3085 2685 3248 2740; x_wconf 91' lang='lat' dir='ltr'><strong>modo</strong></span> <span class='ocrx_word' id='word_1_431' title='bbox 3273 2686 3503 2742; x_wconf 80' lang='lat' dir='ltr'><strong>Auteni-</strong></span> 
     </span>
    </p>
   </div>
   <div class='ocr_carea' id='block_1_57' title="bbox 1926 2774 3502 2844">
    <p class='ocr_par' dir='ltr' id='par_1_57' title="bbox 1926 2774 3502 2844">
     <span class='ocr_line' id='line_1_57' title="bbox 1926 2774 3502 2844; baseline 0.004 -15"><span class='ocrx_word' id='word_1_432' title='bbox 1926 2787 2136 2841; x_wconf 58' lang='lat' dir='ltr'><strong>canos,</strong></span> <span class='ocrx_word' id='word_1_433' title='bbox 2169 2774 2266 2829; x_wconf 87' lang='lat' dir='ltr'><strong>sed</strong></span> <span class='ocrx_word' id='word_1_434' title='bbox 2295 2783 2348 2829; x_wconf 91' lang='lat' dir='ltr'><strong>et</strong></span> <span class='ocrx_word' id='word_1_435' title='bbox 2375 2775 2468 2844; x_wconf 88' lang='lat' dir='ltr'><strong>qui</strong></span> <span class='ocrx_word' id='word_1_436' title='bbox 2493 2784 2620 2844; x_wconf 89' lang='lat' dir='ltr'><strong>post</strong></span> <span class='ocrx_word' id='word_1_437' title='bbox 2647 2776 2942 2831; x_wconf 90' lang='lat' dir='ltr'><strong>concilium</strong></span> <span class='ocrx_word' id='word_1_438' title='bbox 2977 2777 3256 2832; x_wconf 76' lang='lat' dir='ltr'><strong>Nicaenum</strong></span> <span class='ocrx_word' id='word_1_439' title='bbox 3300 2778 3502 2835; x_wconf 84' lang='lat' dir='ltr'><strong>ﬂorue-</strong></span> 
     </span>
    </p>
   </div>
   <div class='ocr_carea' id='block_1_58' title="bbox 1924 2864 3502 2940">
    <p class='ocr_par' dir='ltr' id='par_1_58' title="bbox 1924 2864 3502 2940">
     <span class='ocr_line' id='line_1_58' title="bbox 1924 2864 3502 2940; baseline 0.004 -19"><span class='ocrx_word' id='word_1_440' title='bbox 1924 2873 2119 2921; x_wconf 92' lang='lat' dir='ltr'><strong>runt...</strong></span> <span class='ocrx_word' id='word_1_441' title='bbox 2171 2864 2328 2932; x_wconf 87' lang='lat' dir='ltr'><strong>Quod</strong></span> <span class='ocrx_word' id='word_1_442' title='bbox 2382 2866 2564 2921; x_wconf 90' lang='lat' dir='ltr'><strong>itidem</strong></span> <span class='ocrx_word' id='word_1_443' title='bbox 2599 2866 2817 2924; x_wconf 89' lang='lat' dir='ltr'><strong>Patrem</strong></span> <span class='ocrx_word' id='word_1_444' title='bbox 2850 2869 3070 2938; x_wconf 88' lang='lat' dir='ltr'><strong>proprie</strong></span> <span class='ocrx_word' id='word_1_445' title='bbox 3118 2886 3284 2940; x_wconf 90' lang='lat' dir='ltr'><strong>super</strong></span> <span class='ocrx_word' id='word_1_446' title='bbox 3315 2871 3502 2928; x_wconf 86' lang='lat' dir='ltr'><strong>omnia</strong></span> 
     </span>
    </p>
   </div>
   <div class='ocr_carea' id='block_1_59' title="bbox 1921 2957 3498 3032">
    <p class='ocr_par' dir='ltr' id='par_1_59' title="bbox 1921 2957 3498 3032">
     <span class='ocr_line' id='line_1_59' title="bbox 1921 2957 3498 3032; baseline 0.003 -19"><span class='ocrx_word' id='word_1_447' title='bbox 1921 2972 2045 3013; x_wconf 90' lang='lat' dir='ltr'><strong>esse</strong></span> <span class='ocrx_word' id='word_1_448' title='bbox 2074 2957 2242 3023; x_wconf 90' lang='lat' dir='ltr'><strong>dicit,</strong></span> <span class='ocrx_word' id='word_1_449' title='bbox 2292 2957 2344 3012; x_wconf 90' lang='lat' dir='ltr'><strong>id</strong></span> <span class='ocrx_word' id='word_1_450' title='bbox 2379 2958 2446 3012; x_wconf 91' lang='lat' dir='ltr'><strong>ad</strong></span> <span class='ocrx_word' id='word_1_451' title='bbox 2487 2958 2679 3032; x_wconf 78' lang='grc' dir='ltr'><strong>ἐξοχὴν</strong></span> <span class='ocrx_word' id='word_1_452' title='bbox 2720 2959 2868 3014; x_wconf 87' lang='lat' dir='ltr'><strong>illam</strong></span> <span class='ocrx_word' id='word_1_453' title='bbox 2914 2959 3090 3016; x_wconf 82' lang='lat' dir='ltr'><strong>Patris</strong></span> <span class='ocrx_word' id='word_1_454' title='bbox 3116 3001 3131 3026; x_wconf 93' lang='lat'><strong>,</strong></span> <span class='ocrx_word' id='word_1_455' title='bbox 3182 2978 3290 3032; x_wconf 91' lang='lat' dir='ltr'><strong>qua</strong></span> <span class='ocrx_word' id='word_1_456' title='bbox 3334 2962 3498 3019; x_wconf 86' lang='lat' dir='ltr'><strong>Pater</strong></span> 
     </span>
    </p>
   </div>
   <div class='ocr_carea' id='block_1_60' title="bbox 1923 3051 3500 3123">
    <p class='ocr_par' dir='ltr' id='par_1_60' title="bbox 1923 3051 3500 3123">
     <span class='ocr_line' id='line_1_60' title="bbox 1923 3051 3500 3123; baseline 0.004 -16"><span class='ocrx_word' id='word_1_457' title='bbox 1923 3059 2037 3115; x_wconf 91' lang='lat' dir='ltr'><strong>est,</strong></span> <span class='ocrx_word' id='word_1_458' title='bbox 2079 3052 2304 3106; x_wconf 89' lang='lat' dir='ltr'><strong>omnino</strong></span> <span class='ocrx_word' id='word_1_459' title='bbox 2351 3051 2733 3117; x_wconf 82' lang='lat' dir='ltr'><strong>referendum,</strong></span> <span class='ocrx_word' id='word_1_460' title='bbox 2785 3069 2950 3123; x_wconf 90' lang='lat' dir='ltr'><strong>quam</strong></span> <span class='ocrx_word' id='word_1_461' title='bbox 2995 3054 3262 3110; x_wconf 88' lang='lat' dir='ltr'><strong>Catholici</strong></span> <span class='ocrx_word' id='word_1_462' title='bbox 3308 3071 3500 3113; x_wconf 88' lang='lat' dir='ltr'><strong>omnes</strong></span> 
     </span>
    </p>
   </div>
   <div class='ocr_carea' id='block_1_61' title="bbox 237 3153 2245 3244">
    <p class='ocr_par' dir='ltr' id='par_1_61' title="bbox 237 3153 2245 3244">
     <span class='ocr_line' id='line_1_61' title="bbox 237 3153 2245 3244; baseline 0.009 -36"><span class='ocrx_word' id='word_1_463' title='bbox 237 3169 680 3226; x_wconf 83' lang='lat' dir='ltr'><strong>consequuntur.</strong></span> <span class='ocrx_word' id='word_1_464' title='bbox 737 3159 861 3216; x_wconf 67' lang='lat' dir='ltr'><strong>Haec</strong></span> <span class='ocrx_word' id='word_1_465' title='bbox 921 3161 1097 3219; x_wconf 78' lang='lat' dir='ltr'><strong>fusius</strong></span> <span class='ocrx_word' id='word_1_466' title='bbox 1151 3167 1584 3238; x_wconf 80' lang='lat' dir='ltr'><strong>explicabimus,</strong></span> <span class='ocrx_word' id='word_1_467' title='bbox 1647 3173 1890 3244; x_wconf 80' lang='lat' dir='ltr'><strong>inquitc</strong></span> <span class='ocrx_word' id='word_1_468' title='bbox 1924 3153 2245 3214; x_wconf 65' lang='lat' dir='ltr'><strong>agnoscu‘“°</strong></span> 
     </span>
    </p>
   </div>
   <div class='ocr_carea' id='block_1_62' title="bbox 239 3247 1825 3334">
    <p class='ocr_par' dir='ltr' id='par_1_62' title="bbox 239 3247 1825 3334">
     <span class='ocr_line' id='line_1_62' title="bbox 239 3247 1825 3334; baseline 0.011 -34"><span class='ocrx_word' id='word_1_469' title='bbox 239 3247 302 3300; x_wconf 91' lang='lat' dir='ltr'><strong>cl.</strong></span> <span class='ocrx_word' id='word_1_470' title='bbox 347 3249 551 3304; x_wconf 86' lang='lat' dir='ltr'><strong>Bullus</strong></span> <span class='ocrx_word' id='word_1_471' title='bbox 573 3291 587 3318; x_wconf 89' lang='lat'><strong>,</strong></span> <span class='ocrx_word' id='word_1_472' title='bbox 621 3251 689 3305; x_wconf 86' lang='lat' dir='ltr'><strong>ad</strong></span> <span class='ocrx_word' id='word_1_473' title='bbox 729 3253 1025 3308; x_wconf 82' lang='lat' dir='ltr'><strong>sectionem</strong></span> <span class='ocrx_word' id='word_1_474' title='bbox 1055 3255 1202 3310; x_wconf 90' lang='lat' dir='ltr'><strong>illam</strong></span> <span class='ocrx_word' id='word_1_475' title='bbox 1237 3258 1303 3325; x_wconf 82' lang='lat'><strong>5,</strong></span> <span class='ocrx_word' id='word_1_476' title='bbox 1332 3259 1398 3314; x_wconf 86' lang='lat' dir='ltr'><strong>de</strong></span> <span class='ocrx_word' id='word_1_477' title='bbox 1431 3260 1552 3314; x_wconf 87' lang='lat' dir='ltr'><strong>Filii</strong></span> <span class='ocrx_word' id='word_1_478' title='bbox 1581 3262 1660 3334; x_wconf 84' lang='grc' dir='ltr'><strong>τῷ</strong></span> <span class='ocrx_word' id='word_1_479' title='bbox 1702 3281 1825 3317; x_wconf 82' lang='grc' dir='ltr'><strong>συν-</strong></span> 
     </span>
    </p>
   </div>
   <div class='ocr_carea' id='block_1_63' title="bbox 239 3340 473 3411">
    <p class='ocr_par' dir='ltr' id='par_1_63' title="bbox 239 3340 473 3411">
     <span class='ocr_line' id='line_1_63' title="bbox 239 3340 473 3411; baseline 0 -18"><span class='ocrx_word' id='word_1_480' title='bbox 239 3340 415 3411; x_wconf 77' lang='grc' dir='ltr'><strong>αἷδίῳ.</strong></span> <span class='ocrx_word' id='word_1_481' title='bbox 453 3359 473 3393; x_wconf 70' lang='grc' dir='ltr'><strong>ο</strong></span> 
     </span>
    </p>
   </div>
   <div class='ocr_carea' id='block_1_64' title="bbox 298 3432 1824 3516">
    <p class='ocr_par' dir='ltr' id='par_1_64' title="bbox 298 3432 1824 3516">
     <span class='ocr_line' id='line_1_64' title="bbox 298 3432 1824 3516; baseline 0.01 -30"><span class='ocrx_word' id='word_1_482' title='bbox 298 3432 532 3486; x_wconf 86' lang='lat' dir='ltr'><strong>Interim</strong></span> <span class='ocrx_word' id='word_1_483' title='bbox 587 3432 721 3488; x_wconf 93' lang='lat' dir='ltr'><strong>illud</strong></span> <span class='ocrx_word' id='word_1_484' title='bbox 766 3434 1162 3492; x_wconf 88' lang='lat' dir='ltr'><strong>observandum</strong></span> <span class='ocrx_word' id='word_1_485' title='bbox 1198 3441 1322 3504; x_wconf 88' lang='lat' dir='ltr'><strong>&#39;est,</strong></span> <span class='ocrx_word' id='word_1_486' title='bbox 1372 3440 1514 3498; x_wconf 91' lang='lat' dir='ltr'><strong>inter</strong></span> <span class='ocrx_word' id='word_1_487' title='bbox 1557 3459 1651 3508; x_wconf 91' lang='lat' dir='ltr'><strong>ea,</strong></span> <span class='ocrx_word' id='word_1_488' title='bbox 1701 3461 1824 3516; x_wconf 69' lang='lat' dir='ltr'><strong>qua:</strong></span> 
     </span>
    </p>
   </div>
   <div class='ocr_carea' id='block_1_65' title="bbox 253 3525 1822 3602">
    <p class='ocr_par' dir='ltr' id='par_1_65' title="bbox 253 3525 1822 3602">
     <span class='ocr_line' id='line_1_65' title="bbox 253 3525 1822 3602; baseline 0.01 -23"><span class='ocrx_word' id='word_1_489' title='bbox 253 3525 443 3582; x_wconf 82' lang='lat' dir='ltr'><strong>Imn’ci</strong></span> <span class='ocrx_word' id='word_1_490' title='bbox 479 3535 684 3580; x_wconf 85' lang='lat' dir='ltr'><strong>auctor</strong></span> <span class='ocrx_word' id='word_1_491' title='bbox 731 3543 794 3582; x_wconf 83' lang='lat' dir='ltr'><strong>ex</strong></span> <span class='ocrx_word' id='word_1_492' title='bbox 845 3529 985 3582; x_wconf 88' lang='lat' dir='ltr'><strong>libro</strong></span> <span class='ocrx_word' id='word_1_493' title='bbox 1030 3529 1300 3602; x_wconf 79' lang='lat' dir='ltr'><strong>Hippolyti</strong></span> <span class='ocrx_word' id='word_1_494' title='bbox 1354 3531 1552 3588; x_wconf 86' lang='lat' dir='ltr'><strong>Contra</strong></span> <span class='ocrx_word' id='word_1_495' title='bbox 1593 3537 1822 3594; x_wconf 82' lang='lat' dir='ltr'><strong>Noetum</strong></span> 
     </span>
    </p>
   </div>
   <div class='ocr_carea' id='block_1_66' title="bbox 255 3605 1819 3693">
    <p class='ocr_par' dir='ltr' id='par_1_66' title="bbox 255 3605 1819 3693">
     <span class='ocr_line' id='line_1_66' title="bbox 255 3605 1819 3693; baseline 0.012 -23"><span class='ocrx_word' id='word_1_496' title='bbox 255 3619 503 3687; x_wconf 64' lang='lat' dir='ltr'><strong>adduxit,</strong></span> <span class='ocrx_word' id='word_1_497' title='bbox 542 3605 806 3690; x_wconf 78' lang='lat' dir='ltr'><strong>tanquam</strong></span> <span class='ocrx_word' id='word_1_498' title='bbox 834 3623 1144 3688; x_wconf 65' lang='lat' dir='ltr'><strong>catholicae,</strong></span> <span class='ocrx_word' id='word_1_499' title='bbox 1200 3625 1251 3678; x_wconf 93' lang='lat' dir='ltr'><strong>id</strong></span> <span class='ocrx_word' id='word_1_500' title='bbox 1293 3635 1410 3693; x_wconf 89' lang='lat' dir='ltr'><strong>est,</strong></span> <span class='ocrx_word' id='word_1_501' title='bbox 1439 3627 1669 3685; x_wconf 67' lang='lat' dir='ltr'><strong>Niczena:</strong></span> <span class='ocrx_word' id='word_1_502' title='bbox 1697 3632 1819 3689; x_wconf 92' lang='lat' dir='ltr'><strong>ﬁdei</strong></span> 
     </span>
    </p>
   </div>
   <div class='ocr_carea' id='block_1_67' title="bbox 263 3714 1820 3788">
    <p class='ocr_par' dir='ltr' id='par_1_67' title="bbox 263 3714 1820 3788">
     <span class='ocr_line' id='line_1_67' title="bbox 263 3714 1820 3788; baseline 0.008 -22"><span class='ocrx_word' id='word_1_503' title='bbox 263 3714 556 3778; x_wconf 60' lang='lat' dir='ltr'><strong>contraria,</strong></span> <span class='ocrx_word' id='word_1_504' title='bbox 592 3714 841 3783; x_wconf 72' lang='lat' dir='ltr'><strong>quredam</strong></span> <span class='ocrx_word' id='word_1_505' title='bbox 891 3729 1042 3777; x_wconf 88' lang='lat' dir='ltr'><strong>esse,</strong></span> <span class='ocrx_word' id='word_1_506' title='bbox 1077 3729 1198 3784; x_wconf 70' lang='lat' dir='ltr'><strong>qua:</strong></span> <span class='ocrx_word' id='word_1_507' title='bbox 1247 3717 1395 3771; x_wconf 87' lang='lat' dir='ltr'><strong>illam</strong></span> <span class='ocrx_word' id='word_1_508' title='bbox 1446 3719 1619 3788; x_wconf 90' lang='lat' dir='ltr'><strong>ipsam</strong></span> <span class='ocrx_word' id='word_1_509' title='bbox 1659 3722 1820 3778; x_wconf 89' lang='lat' dir='ltr'><strong>ﬁdem</strong></span> 
     </span>
    </p>
   </div>
   <div class='ocr_carea' id='block_1_68' title="bbox 264 3803 1820 3883">
    <p class='ocr_par' dir='ltr' id='par_1_68' title="bbox 264 3803 1820 3883">
     <span class='ocr_line' id='line_1_68' title="bbox 264 3803 1820 3883; baseline 0.004 -27"><span class='ocrx_word' id='word_1_510' title='bbox 264 3805 459 3872; x_wconf 81' lang='lat' dir='ltr'><strong>egregie</strong></span> <span class='ocrx_word' id='word_1_511' title='bbox 521 3804 876 3859; x_wconf 86' lang='lat' dir='ltr'><strong>conﬁrmant.</strong></span> <span class='ocrx_word' id='word_1_512' title='bbox 933 3803 1262 3874; x_wconf 74' lang='lat' dir='ltr'><strong>Huiusmodi</strong></span> <span class='ocrx_word' id='word_1_513' title='bbox 1335 3815 1421 3863; x_wconf 87' lang='lat' dir='ltr'><strong>est</strong></span> <span class='ocrx_word' id='word_1_514' title='bbox 1490 3810 1623 3865; x_wconf 89' lang='lat' dir='ltr'><strong>illud</strong></span> <span class='ocrx_word' id='word_1_515' title='bbox 1685 3812 1820 3883; x_wconf 78' lang='lat'><strong>(67):</strong></span> 
     </span>
    </p>
   </div>
   <div class='ocr_carea' id='block_1_69' title="bbox 265 3895 1820 3976">
    <p class='ocr_par' dir='ltr' id='par_1_69' title="bbox 265 3895 1820 3976">
     <span class='ocr_line' id='line_1_69' title="bbox 265 3895 1820 3976; baseline 0.008 -30"><span class='ocrx_word' id='word_1_516' title='bbox 265 3895 433 3948; x_wconf 69' lang='lat' dir='ltr'><strong>c-Cum</strong></span> <span class='ocrx_word' id='word_1_517' title='bbox 481 3897 656 3950; x_wconf 87' lang='lat' dir='ltr'><strong>alium</strong></span> <span class='ocrx_word' id='word_1_518' title='bbox 690 3896 810 3950; x_wconf 86' lang='lat' dir='ltr'><strong>dico</strong></span> <span class='ocrx_word' id='word_1_519' title='bbox 859 3896 1087 3966; x_wconf 87' lang='lat' dir='ltr'><strong>(nempe</strong></span> <span class='ocrx_word' id='word_1_520' title='bbox 1117 3897 1314 3953; x_wconf 87' lang='lat' dir='ltr'><strong>Filium</strong></span> <span class='ocrx_word' id='word_1_521' title='bbox 1361 3916 1390 3954; x_wconf 86' lang='lat' dir='ltr'><strong>a</strong></span> <span class='ocrx_word' id='word_1_522' title='bbox 1445 3902 1602 3957; x_wconf 83' lang='lat' dir='ltr'><strong>l’atre</strong></span> <span class='ocrx_word' id='word_1_523' title='bbox 1633 3902 1747 3976; x_wconf 86' lang='lat'><strong>[68]</strong></span> <span class='ocrx_word' id='word_1_524' title='bbox 1778 3905 1820 3976; x_wconf 94' lang='lat'><strong>),</strong></span> 
     </span>
    </p>
   </div>
   <div class='ocr_carea' id='block_1_70' title="bbox 252 3988 1819 4064">
    <p class='ocr_par' dir='ltr' id='par_1_70' title="bbox 252 3988 1819 4064">
     <span class='ocr_line' id='line_1_70' title="bbox 252 3988 1819 4064; baseline 0.007 -23"><span class='ocrx_word' id='word_1_525' title='bbox 252 4003 353 4042; x_wconf 89' lang='lat' dir='ltr'><strong>non</strong></span> <span class='ocrx_word' id='word_1_526' title='bbox 382 3991 524 4044; x_wconf 82' lang='lat' dir='ltr'><strong>duos</strong></span> <span class='ocrx_word' id='word_1_527' title='bbox 549 3988 692 4044; x_wconf 91' lang='lat' dir='ltr'><strong>Deos</strong></span> <span class='ocrx_word' id='word_1_528' title='bbox 719 3991 864 4053; x_wconf 93' lang='lat' dir='ltr'><strong>dico,</strong></span> <span class='ocrx_word' id='word_1_529' title='bbox 891 3991 985 4045; x_wconf 90' lang='lat' dir='ltr'><strong>sed</strong></span> <span class='ocrx_word' id='word_1_530' title='bbox 1011 4001 1264 4062; x_wconf 89' lang='lat' dir='ltr'><strong>tanquam</strong></span> <span class='ocrx_word' id='word_1_531' title='bbox 1289 3993 1473 4049; x_wconf 88' lang='lat' dir='ltr'><strong>lumen</strong></span> <span class='ocrx_word' id='word_1_532' title='bbox 1501 4010 1566 4049; x_wconf 88' lang='lat' dir='ltr'><strong>ex</strong></span> <span class='ocrx_word' id='word_1_533' title='bbox 1593 3996 1819 4064; x_wconf 90' lang='lat' dir='ltr'><strong>lumine,</strong></span> 
     </span>
    </p>
   </div>
   <div class='ocr_carea' id='block_1_71' title="bbox 249 4079 1819 4149">
    <p class='ocr_par' dir='ltr' id='par_1_71' title="bbox 249 4079 1819 4149">
     <span class='ocr_line' id='line_1_71' title="bbox 249 4079 1819 4149; baseline 0.007 -17"><span class='ocrx_word' id='word_1_534' title='bbox 249 4088 298 4132; x_wconf 82' lang='lat' dir='ltr'><strong>et</strong></span> <span class='ocrx_word' id='word_1_535' title='bbox 326 4095 531 4149; x_wconf 79' lang='lat' dir='ltr'><strong>aquam</strong></span> <span class='ocrx_word' id='word_1_536' title='bbox 580 4095 649 4133; x_wconf 90' lang='lat' dir='ltr'><strong>ex</strong></span> <span class='ocrx_word' id='word_1_537' title='bbox 698 4079 883 4145; x_wconf 78' lang='lat' dir='ltr'><strong>fonte,</strong></span> <span class='ocrx_word' id='word_1_538' title='bbox 914 4091 1007 4135; x_wconf 91' lang='lat' dir='ltr'><strong>aut</strong></span> <span class='ocrx_word' id='word_1_539' title='bbox 1033 4083 1244 4136; x_wconf 89' lang='lat' dir='ltr'><strong>radium</strong></span> <span class='ocrx_word' id='word_1_540' title='bbox 1281 4099 1312 4138; x_wconf 88' lang='lat' dir='ltr'><strong>a</strong></span> <span class='ocrx_word' id='word_1_541' title='bbox 1347 4085 1502 4140; x_wconf 91' lang='lat' dir='ltr'><strong>sole:</strong></span> <span class='ocrx_word' id='word_1_542' title='bbox 1537 4103 1642 4141; x_wconf 91' lang='lat' dir='ltr'><strong>una</strong></span> <span class='ocrx_word' id='word_1_543' title='bbox 1673 4089 1819 4143; x_wconf 91' lang='lat' dir='ltr'><strong>enim</strong></span> 
     </span>
    </p>
   </div>
   <div class='ocr_carea' id='block_1_72' title="bbox 247 4172 1818 4248">
    <p class='ocr_par' dir='ltr' id='par_1_72' title="bbox 247 4172 1818 4248">
     <span class='ocr_line' id='line_1_72' title="bbox 247 4172 1818 4248; baseline 0.008 -25"><span class='ocrx_word' id='word_1_544' title='bbox 247 4173 412 4227; x_wconf 84' lang='lat' dir='ltr'><strong>virtus</strong></span> <span class='ocrx_word' id='word_1_545' title='bbox 461 4187 537 4227; x_wconf 85' lang='lat' dir='ltr'><strong>ex</strong></span> <span class='ocrx_word' id='word_1_546' title='bbox 570 4181 719 4238; x_wconf 87' lang='lat' dir='ltr'><strong>toto;</strong></span> <span class='ocrx_word' id='word_1_547' title='bbox 769 4182 939 4226; x_wconf 88' lang='lat' dir='ltr'><strong>totum</strong></span> <span class='ocrx_word' id='word_1_548' title='bbox 974 4190 1104 4229; x_wconf 90' lang='lat' dir='ltr'><strong>vero</strong></span> <span class='ocrx_word' id='word_1_549' title='bbox 1143 4172 1324 4242; x_wconf 90' lang='lat' dir='ltr'><strong>Pater,</strong></span> <span class='ocrx_word' id='word_1_550' title='bbox 1372 4193 1438 4232; x_wconf 85' lang='lat' dir='ltr'><strong>ex</strong></span> <span class='ocrx_word' id='word_1_551' title='bbox 1468 4194 1578 4248; x_wconf 89' lang='lat' dir='ltr'><strong>quo</strong></span> <span class='ocrx_word' id='word_1_552' title='bbox 1610 4181 1818 4248; x_wconf 90' lang='lat' dir='ltr'><strong>virtus,</strong></span> 
     </span>
    </p>
   </div>
   <div class='ocr_carea' id='block_1_73' title="bbox 247 4262 1817 4341">
    <p class='ocr_par' dir='ltr' id='par_1_73' title="bbox 247 4262 1817 4341">
     <span class='ocr_line' id='line_1_73' title="bbox 247 4262 1817 4341; baseline 0.008 -24"><span class='ocrx_word' id='word_1_553' title='bbox 247 4262 482 4318; x_wconf 73' lang='lat' dir='ltr'><strong>Verbum</strong></span> <span class='ocrx_word' id='word_1_554' title='bbox 517 4283 532 4318; x_wconf 90' lang='lat'><strong>:</strong></span> <span class='ocrx_word' id='word_1_555' title='bbox 562 4264 666 4318; x_wconf 90' lang='lat' dir='ltr'><strong>hoc</strong></span> <span class='ocrx_word' id='word_1_556' title='bbox 693 4281 820 4319; x_wconf 86' lang='lat' dir='ltr'><strong>vero</strong></span> <span class='ocrx_word' id='word_1_557' title='bbox 849 4282 1001 4320; x_wconf 88' lang='lat' dir='ltr'><strong>mens</strong></span> <span class='ocrx_word' id='word_1_558' title='bbox 1029 4283 1126 4322; x_wconf 90' lang='lat' dir='ltr'><strong>seu</strong></span> <span class='ocrx_word' id='word_1_559' title='bbox 1160 4283 1359 4323; x_wconf 89' lang='lat' dir='ltr'><strong>sensus</strong></span> <span class='ocrx_word' id='word_1_560' title='bbox 1380 4309 1395 4333; x_wconf 92' lang='lat'><strong>,</strong></span> <span class='ocrx_word' id='word_1_561' title='bbox 1433 4273 1526 4337; x_wconf 93' lang='lat' dir='ltr'><strong>qui</strong></span> <span class='ocrx_word' id='word_1_562' title='bbox 1561 4274 1817 4341; x_wconf 90' lang='lat' dir='ltr'><strong>prodiens</strong></span> 
     </span>
    </p>
   </div>
   <div class='ocr_carea' id='block_1_74' title="bbox 246 4355 1818 4433">
    <p class='ocr_par' dir='ltr' id='par_1_74' title="bbox 246 4355 1818 4433">
     <span class='ocr_line' id='line_1_74' title="bbox 246 4355 1818 4433; baseline 0.007 -24"><span class='ocrx_word' id='word_1_563' title='bbox 246 4355 296 4409; x_wconf 89' lang='lat' dir='ltr'><strong>in</strong></span> <span class='ocrx_word' id='word_1_564' title='bbox 345 4357 651 4420; x_wconf 89' lang='lat' dir='ltr'><strong>mundum,</strong></span> <span class='ocrx_word' id='word_1_565' title='bbox 695 4367 950 4412; x_wconf 80' lang='lat' dir='ltr'><strong>ostensus</strong></span> <span class='ocrx_word' id='word_1_566' title='bbox 990 4371 1072 4413; x_wconf 88' lang='lat' dir='ltr'><strong>est</strong></span> <span class='ocrx_word' id='word_1_567' title='bbox 1104 4357 1245 4413; x_wconf 91' lang='lat' dir='ltr'><strong>Puer</strong></span> <span class='ocrx_word' id='word_1_568' title='bbox 1295 4361 1387 4414; x_wconf 90' lang='lat' dir='ltr'><strong>Dei</strong></span> <span class='ocrx_word' id='word_1_569' title='bbox 1435 4361 1568 4433; x_wconf 83' lang='lat'><strong>(69).</strong></span> <span class='ocrx_word' id='word_1_570' title='bbox 1624 4364 1818 4422; x_wconf 88' lang='lat' dir='ltr'><strong>Omnia</strong></span> 
     </span>
    </p>
   </div>
   <div class='ocr_carea' id='block_1_75' title="bbox 245 4448 1814 4528">
    <p class='ocr_par' dir='ltr' id='par_1_75' title="bbox 245 4448 1814 4528">
     <span class='ocr_line' id='line_1_75' title="bbox 245 4448 1814 4528; baseline 0.008 -28"><span class='ocrx_word' id='word_1_571' title='bbox 245 4448 407 4518; x_wconf 73' lang='lat' dir='ltr'><strong>igitur</strong></span> <span class='ocrx_word' id='word_1_572' title='bbox 435 4463 538 4518; x_wconf 87' lang='lat' dir='ltr'><strong>per</strong></span> <span class='ocrx_word' id='word_1_573' title='bbox 560 4463 683 4502; x_wconf 89' lang='lat' dir='ltr'><strong>eum</strong></span> <span class='ocrx_word' id='word_1_574' title='bbox 715 4449 855 4503; x_wconf 84' lang='lat' dir='ltr'><strong>facta</strong></span> <span class='ocrx_word' id='word_1_575' title='bbox 890 4461 1055 4514; x_wconf 89' lang='lat' dir='ltr'><strong>sunt;</strong></span> <span class='ocrx_word' id='word_1_576' title='bbox 1093 4451 1206 4520; x_wconf 90' lang='lat' dir='ltr'><strong>ipse</strong></span> <span class='ocrx_word' id='word_1_577' title='bbox 1253 4451 1404 4506; x_wconf 88' lang='lat' dir='ltr'><strong>solus</strong></span> <span class='ocrx_word' id='word_1_578' title='bbox 1432 4467 1500 4506; x_wconf 78' lang='lat' dir='ltr'><strong>ex</strong></span> <span class='ocrx_word' id='word_1_579' title='bbox 1528 4453 1684 4510; x_wconf 90' lang='lat' dir='ltr'><strong>Patre</strong></span> <span class='ocrx_word' id='word_1_580' title='bbox 1717 4472 1814 4528; x_wconf 84' lang='lat' dir='ltr'><strong>ge-</strong></span> 
     </span>
    </p>
   </div>
   <div class='ocr_carea' id='block_1_76' title="bbox 2444 3235 2953 3296">
    <p class='ocr_par' dir='ltr' id='par_1_76' title="bbox 2444 3235 2953 3296">
     <span class='ocr_line' id='line_1_76' title="bbox 2444 3235 2953 3296; baseline 0.012 -6"><span class='ocrx_word' id='word_1_581' title='bbox 2444 3235 2846 3294; x_wconf 81' lang='lat' dir='ltr'><strong>ARTICULUS</strong></span> <span class='ocrx_word' id='word_1_582' title='bbox 2885 3235 2953 3296; x_wconf 72' lang='grc' dir='ltr'>ν.</span> 
     </span>
    </p>
   </div>
   <div class='ocr_carea' id='block_1_77' title="bbox 1924 3364 3498 3421">
    <p class='ocr_par' dir='ltr' id='par_1_77' title="bbox 1924 3364 3498 3421">
     <span class='ocr_line' id='line_1_77' title="bbox 1924 3364 3498 3421; baseline 0.005 -16"><span class='ocrx_word' id='word_1_583' title='bbox 1924 3366 1991 3405; x_wconf 76' lang='grc' dir='ltr'><strong>ΒΕ</strong></span> <span class='ocrx_word' id='word_1_584' title='bbox 2031 3364 2344 3407; x_wconf 70' lang='grc' dir='ltr'><strong>ωνιΝιτΑτε</strong></span> <span class='ocrx_word' id='word_1_585' title='bbox 2385 3367 2630 3410; x_wconf 76' lang='lat' dir='ltr'><strong>SPIBITUS</strong></span> <span class='ocrx_word' id='word_1_586' title='bbox 2683 3369 2910 3418; x_wconf 74' lang='lat' dir='ltr'><strong>SANCTI,</strong></span> <span class='ocrx_word' id='word_1_587' title='bbox 2961 3371 3186 3421; x_wconf 71' lang='lat' dir='ltr'><strong>EJUSQUS</strong></span> <span class='ocrx_word' id='word_1_588' title='bbox 3237 3369 3498 3413; x_wconf 71' lang='grc' dir='ltr'><strong>Ριιονιυε-</strong></span> 
     </span>
    </p>
   </div>
   <div class='ocr_carea' id='block_1_78' title="bbox 2372 3439 3048 3482">
    <p class='ocr_par' dir='ltr' id='par_1_78' title="bbox 2372 3439 3048 3482">
     <span class='ocr_line' id='line_1_78' title="bbox 2372 3439 3048 3482; baseline 0.006 -6"><span class='ocrx_word' id='word_1_589' title='bbox 2372 3439 2600 3480; x_wconf 74' lang='lat' dir='ltr'><strong>TATIBUS</strong></span> <span class='ocrx_word' id='word_1_590' title='bbox 2641 3440 3048 3482; x_wconf 76' lang='lat' dir='ltr'><strong>PERSONALIBUS.</strong></span> 
     </span>
    </p>
   </div>
   <div class='ocr_carea' id='block_1_79' title="bbox 1995 3511 3502 3590">
    <p class='ocr_par' dir='ltr' id='par_1_79' title="bbox 1995 3511 3502 3590">
     <span class='ocr_line' id='line_1_79' title="bbox 1995 3511 3502 3590; baseline 0.009 -27"><span class='ocrx_word' id='word_1_591' title='bbox 1995 3511 2184 3579; x_wconf 90' lang='lat' dir='ltr'><strong>Quoad</strong></span> <span class='ocrx_word' id='word_1_592' title='bbox 2222 3511 2487 3581; x_wconf 89' lang='lat' dir='ltr'><strong>Spiritum</strong></span> <span class='ocrx_word' id='word_1_593' title='bbox 2519 3524 2791 3582; x_wconf 88' lang='lat' dir='ltr'><strong>sanctum,</strong></span> <span class='ocrx_word' id='word_1_594' title='bbox 2817 3517 2968 3571; x_wconf 91' lang='lat' dir='ltr'><strong>omni</strong></span> <span class='ocrx_word' id='word_1_595' title='bbox 3017 3518 3260 3588; x_wconf 89' lang='lat' dir='ltr'><strong>possibili</strong></span> <span class='ocrx_word' id='word_1_596' title='bbox 3305 3519 3502 3590; x_wconf 64' lang='lat' dir='ltr'><strong>preci-</strong></span> 
     </span>
    </p>
   </div>
   <div class='ocr_carea' id='block_1_80' title="bbox 1925 3603 3498 3684">
    <p class='ocr_par' dir='ltr' id='par_1_80' title="bbox 1925 3603 3498 3684">
     <span class='ocr_line' id='line_1_80' title="bbox 1925 3603 3498 3684; baseline 0.006 -26"><span class='ocrx_word' id='word_1_597' title='bbox 1925 3603 2079 3658; x_wconf 87' lang='lat' dir='ltr'><strong>sione</strong></span> <span class='ocrx_word' id='word_1_598' title='bbox 2121 3605 2360 3660; x_wconf 87' lang='lat' dir='ltr'><strong>declarat</strong></span> <span class='ocrx_word' id='word_1_599' title='bbox 2393 3607 2536 3661; x_wconf 90' lang='lat' dir='ltr'><strong>idem</strong></span> <span class='ocrx_word' id='word_1_600' title='bbox 2582 3617 2809 3663; x_wconf 87' lang='lat' dir='ltr'><strong>sanctus</strong></span> <span class='ocrx_word' id='word_1_601' title='bbox 2858 3610 3145 3680; x_wconf 90' lang='lat' dir='ltr'><strong>episcopus</strong></span> <span class='ocrx_word' id='word_1_602' title='bbox 3184 3620 3238 3666; x_wconf 90' lang='lat' dir='ltr'><strong>et</strong></span> <span class='ocrx_word' id='word_1_603' title='bbox 3269 3624 3498 3684; x_wconf 83' lang='lat' dir='ltr'><strong>martyr,</strong></span> 
     </span>
    </p>
   </div>
   <div class='ocr_carea' id='block_1_81' title="bbox 1925 3695 3498 3768">
    <p class='ocr_par' dir='ltr' id='par_1_81' title="bbox 1925 3695 3498 3768">
     <span class='ocr_line' id='line_1_81' title="bbox 1925 3695 3498 3768; baseline 0.006 -19"><span class='ocrx_word' id='word_1_604' title='bbox 1925 3695 2172 3750; x_wconf 90' lang='lat' dir='ltr'><strong>divinum</strong></span> <span class='ocrx_word' id='word_1_605' title='bbox 2235 3696 2384 3752; x_wconf 87' lang='lat' dir='ltr'><strong>hunc</strong></span> <span class='ocrx_word' id='word_1_606' title='bbox 2438 3696 2700 3768; x_wconf 88' lang='lat' dir='ltr'><strong>Spiritum</strong></span> <span class='ocrx_word' id='word_1_607' title='bbox 2755 3715 2877 3755; x_wconf 88' lang='lat' dir='ltr'><strong>esse</strong></span> <span class='ocrx_word' id='word_1_608' title='bbox 2929 3702 3145 3756; x_wconf 90' lang='lat' dir='ltr'><strong>tertiam</strong></span> <span class='ocrx_word' id='word_1_609' title='bbox 3192 3701 3498 3759; x_wconf 88' lang='lat' dir='ltr'><strong>Personam</strong></span> 
     </span>
    </p>
   </div>
   <div class='ocr_carea' id='block_1_82' title="bbox 1925 3787 3500 3867">
    <p class='ocr_par' dir='ltr' id='par_1_82' title="bbox 1925 3787 3500 3867">
     <span class='ocr_line' id='line_1_82' title="bbox 1925 3787 3500 3867; baseline 0.006 -25"><span class='ocrx_word' id='word_1_610' title='bbox 1925 3787 2282 3844; x_wconf 73' lang='lat' dir='ltr'><strong>sanctissima:</strong></span> <span class='ocrx_word' id='word_1_611' title='bbox 2315 3789 2620 3853; x_wconf 88' lang='lat' dir='ltr'><strong>Trinitatis,</strong></span> <span class='ocrx_word' id='word_1_612' title='bbox 2650 3800 2710 3846; x_wconf 91' lang='lat' dir='ltr'><strong>ut</strong></span> <span class='ocrx_word' id='word_1_613' title='bbox 2736 3807 2902 3862; x_wconf 90' lang='lat' dir='ltr'><strong>supra</strong></span> <span class='ocrx_word' id='word_1_614' title='bbox 2928 3793 3042 3862; x_wconf 83' lang='lat' dir='ltr'><strong>jam</strong></span> <span class='ocrx_word' id='word_1_615' title='bbox 3069 3795 3329 3852; x_wconf 80' lang='lat' dir='ltr'><strong>vidimus.</strong></span> <span class='ocrx_word' id='word_1_616' title='bbox 3355 3795 3500 3867; x_wconf 85' lang='lat' dir='ltr'><strong>Sup-</strong></span> 
     </span>
    </p>
   </div>
   <div class='ocr_carea' id='block_1_83' title="bbox 1923 3882 3498 3950">
    <p class='ocr_par' dir='ltr' id='par_1_83' title="bbox 1923 3882 3498 3950">
     <span class='ocr_line' id='line_1_83' title="bbox 1923 3882 3498 3950; baseline 0.008 -17"><span class='ocrx_word' id='word_1_617' title='bbox 1923 3882 2076 3950; x_wconf 91' lang='lat' dir='ltr'><strong>ponit</strong></span> <span class='ocrx_word' id='word_1_618' title='bbox 2105 3896 2232 3936; x_wconf 89' lang='lat' dir='ltr'><strong>vero</strong></span> <span class='ocrx_word' id='word_1_619' title='bbox 2265 3882 2407 3937; x_wconf 87' lang='lat' dir='ltr'><strong>idem</strong></span> <span class='ocrx_word' id='word_1_620' title='bbox 2435 3892 2626 3937; x_wconf 87' lang='lat' dir='ltr'><strong>auctor</strong></span> <span class='ocrx_word' id='word_1_621' title='bbox 2673 3892 2783 3940; x_wconf 90' lang='lat' dir='ltr'><strong>tres</strong></span> <span class='ocrx_word' id='word_1_622' title='bbox 2834 3885 3048 3942; x_wconf 87' lang='lat' dir='ltr'><strong>divinas</strong></span> <span class='ocrx_word' id='word_1_623' title='bbox 3074 3887 3342 3945; x_wconf 88' lang='lat' dir='ltr'><strong>Personas</strong></span> <span class='ocrx_word' id='word_1_624' title='bbox 3374 3906 3498 3946; x_wconf 88' lang='lat' dir='ltr'><strong>esse</strong></span> 
     </span>
    </p>
   </div>
   <div class='ocr_carea' id='block_1_84' title="bbox 1925 3974 3495 4050">
    <p class='ocr_par' dir='ltr' id='par_1_84' title="bbox 1925 3974 3495 4050">
     <span class='ocr_line' id='line_1_84' title="bbox 1925 3974 3495 4050; baseline 0.005 -22"><span class='ocrx_word' id='word_1_625' title='bbox 1925 3988 2095 4028; x_wconf 91' lang='lat' dir='ltr'><strong>unum</strong></span> <span class='ocrx_word' id='word_1_626' title='bbox 2129 3974 2490 4044; x_wconf 88' lang='lat' dir='ltr'><strong>eumdemque</strong></span> <span class='ocrx_word' id='word_1_627' title='bbox 2528 3977 2731 4042; x_wconf 89' lang='lat' dir='ltr'><strong>Deum;</strong></span> <span class='ocrx_word' id='word_1_628' title='bbox 2763 3977 2839 4031; x_wconf 90' lang='lat' dir='ltr'><strong>ait</strong></span> <span class='ocrx_word' id='word_1_629' title='bbox 2875 3979 3075 4050; x_wconf 90' lang='lat' dir='ltr'><strong>quippe</strong></span> <span class='ocrx_word' id='word_1_630' title='bbox 3102 3988 3213 4036; x_wconf 90' lang='lat' dir='ltr'><strong>tres</strong></span> <span class='ocrx_word' id='word_1_631' title='bbox 3245 3981 3346 4037; x_wconf 87' lang='lat' dir='ltr'><strong>bas</strong></span> <span class='ocrx_word' id='word_1_632' title='bbox 3362 3980 3495 4036; x_wconf 87' lang='lat' dir='ltr'><strong>Per-</strong></span> 
     </span>
    </p>
   </div>
   <div class='ocr_carea' id='block_1_85' title="bbox 1923 4066 3493 4143">
    <p class='ocr_par' dir='ltr' id='par_1_85' title="bbox 1923 4066 3493 4143">
     <span class='ocr_line' id='line_1_85' title="bbox 1923 4066 3493 4143; baseline 0.007 -23"><span class='ocrx_word' id='word_1_633' title='bbox 1923 4080 2088 4122; x_wconf 90' lang='lat' dir='ltr'><strong>sonas</strong></span> <span class='ocrx_word' id='word_1_634' title='bbox 2125 4066 2325 4123; x_wconf 87' lang='lat' dir='ltr'><strong>habere</strong></span> <span class='ocrx_word' id='word_1_635' title='bbox 2354 4083 2516 4122; x_wconf 89' lang='lat' dir='ltr'><strong>unam</strong></span> <span class='ocrx_word' id='word_1_636' title='bbox 2559 4071 2917 4140; x_wconf 82' lang='lat' dir='ltr'><strong>eamdemque</strong></span> <span class='ocrx_word' id='word_1_637' title='bbox 2959 4075 3289 4143; x_wconf 89' lang='lat' dir='ltr'><strong>potentiam,</strong></span> <span class='ocrx_word' id='word_1_638' title='bbox 3324 4091 3493 4131; x_wconf 89' lang='lat' dir='ltr'><strong>unam</strong></span> 
     </span>
    </p>
   </div>
   <div class='ocr_carea' id='block_1_86' title="bbox 1921 4159 3488 4238">
    <p class='ocr_par' dir='ltr' id='par_1_86' title="bbox 1921 4159 3488 4238">
     <span class='ocr_line' id='line_1_86' title="bbox 1921 4159 3488 4238; baseline 0.006 -24"><span class='ocrx_word' id='word_1_639' title='bbox 1921 4159 2279 4230; x_wconf 88' lang='lat' dir='ltr'><strong>eamdemque</strong></span> <span class='ocrx_word' id='word_1_640' title='bbox 2358 4161 2616 4216; x_wconf 82' lang='lat' dir='ltr'><strong>virtutem</strong></span> <span class='ocrx_word' id='word_1_641' title='bbox 2664 4181 2677 4217; x_wconf 90' lang='lat'><strong>:</strong></span> <span class='ocrx_word' id='word_1_642' title='bbox 2730 4178 2860 4233; x_wconf 79' lang='lat' dir='ltr'><strong>ergo</strong></span> <span class='ocrx_word' id='word_1_643' title='bbox 2911 4167 3168 4234; x_wconf 88' lang='lat' dir='ltr'><strong>supponit</strong></span> <span class='ocrx_word' id='word_1_644' title='bbox 3219 4166 3488 4238; x_wconf 87' lang='lat' dir='ltr'><strong>Spiritum</strong></span> 
     </span>
    </p>
   </div>
   <div class='ocr_carea' id='block_1_87' title="bbox 1922 4250 3492 4327">
    <p class='ocr_par' dir='ltr' id='par_1_87' title="bbox 1922 4250 3492 4327">
     <span class='ocr_line' id='line_1_87' title="bbox 1922 4250 3492 4327; baseline 0.005 -21"><span class='ocrx_word' id='word_1_645' title='bbox 1922 4259 2173 4306; x_wconf 89' lang='lat' dir='ltr'><strong>sanctum</strong></span> <span class='ocrx_word' id='word_1_646' title='bbox 2200 4266 2322 4306; x_wconf 90' lang='lat' dir='ltr'><strong>esse</strong></span> <span class='ocrx_word' id='word_1_647' title='bbox 2350 4251 2519 4307; x_wconf 91' lang='lat' dir='ltr'><strong>Deum</strong></span> <span class='ocrx_word' id='word_1_648' title='bbox 2546 4263 2600 4307; x_wconf 93' lang='lat' dir='ltr'><strong>et</strong></span> <span class='ocrx_word' id='word_1_649' title='bbox 2627 4268 2749 4310; x_wconf 88' lang='lat' dir='ltr'><strong>esse</strong></span> <span class='ocrx_word' id='word_1_650' title='bbox 2793 4250 2941 4310; x_wconf 87' lang='lat' dir='ltr'><strong>Patri</strong></span> <span class='ocrx_word' id='word_1_651' title='bbox 2983 4257 3228 4327; x_wconf 85' lang='lat' dir='ltr'><strong>Filioque</strong></span> <span class='ocrx_word' id='word_1_652' title='bbox 3252 4259 3492 4314; x_wconf 89' lang='lat' dir='ltr'><strong>consub-</strong></span> 
     </span>
    </p>
   </div>
   <div class='ocr_carea' id='block_1_88' title="bbox 1921 4345 3493 4421">
    <p class='ocr_par' dir='ltr' id='par_1_88' title="bbox 1921 4345 3493 4421">
     <span class='ocr_line' id='line_1_88' title="bbox 1921 4345 3493 4421; baseline 0.005 -23"><span class='ocrx_word' id='word_1_653' title='bbox 1921 4345 2250 4398; x_wconf 89' lang='lat' dir='ltr'><strong>stantialem.</strong></span> <span class='ocrx_word' id='word_1_654' title='bbox 2283 4345 2548 4401; x_wconf 68' lang='lat' dir='ltr'><strong>Creterum</strong></span> <span class='ocrx_word' id='word_1_655' title='bbox 2587 4347 2872 4416; x_wconf 90' lang='lat' dir='ltr'><strong>perspicue</strong></span> <span class='ocrx_word' id='word_1_656' title='bbox 2910 4361 3144 4403; x_wconf 86' lang='lat' dir='ltr'><strong>mentem</strong></span> <span class='ocrx_word' id='word_1_657' title='bbox 3176 4366 3331 4406; x_wconf 91' lang='lat' dir='ltr'><strong>suam</strong></span> <span class='ocrx_word' id='word_1_658' title='bbox 3364 4367 3493 4421; x_wconf 85' lang='lat' dir='ltr'><strong>pro-</strong></span> 
     </span>
    </p>
   </div>
   <div class='ocr_carea' id='block_1_89' title="bbox 1920 4433 3492 4505">
    <p class='ocr_par' dir='ltr' id='par_1_89' title="bbox 1920 4433 3492 4505">
     <span class='ocr_line' id='line_1_89' title="bbox 1920 4433 3492 4505; baseline 0.007 -18"><span class='ocrx_word' id='word_1_659' title='bbox 1920 4433 2000 4488; x_wconf 91' lang='lat' dir='ltr'><strong>dit</strong></span> <span class='ocrx_word' id='word_1_660' title='bbox 2041 4451 2204 4505; x_wconf 90' lang='lat' dir='ltr'><strong>super</strong></span> <span class='ocrx_word' id='word_1_661' title='bbox 2232 4435 2334 4490; x_wconf 91' lang='lat' dir='ltr'><strong>hoc</strong></span> <span class='ocrx_word' id='word_1_662' title='bbox 2364 4436 2594 4491; x_wconf 90' lang='lat' dir='ltr'><strong>articulo</strong></span> <span class='ocrx_word' id='word_1_663' title='bbox 2624 4453 2746 4493; x_wconf 90' lang='lat' dir='ltr'><strong>cum</strong></span> <span class='ocrx_word' id='word_1_664' title='bbox 2783 4439 2893 4504; x_wconf 92' lang='lat' dir='ltr'><strong>ait,</strong></span> <span class='ocrx_word' id='word_1_665' title='bbox 2937 4459 2955 4491; x_wconf 73' lang='grc' dir='ltr'>ι</span> <span class='ocrx_word' id='word_1_666' title='bbox 3003 4440 3143 4496; x_wconf 91' lang='lat' dir='ltr'><strong>hanc</strong></span> <span class='ocrx_word' id='word_1_667' title='bbox 3174 4444 3492 4499; x_wconf 88' lang='lat' dir='ltr'><strong>consensio-</strong></span> 
     </span>
    </p>
   </div>
   <div class='ocr_carea' id='block_1_90' title="bbox 244 4525 3490 4615">
    <p class='ocr_par' dir='ltr' id='par_1_90' title="bbox 244 4525 3490 4615">
     <span class='ocr_line' id='line_1_90' title="bbox 244 4525 3490 4615; baseline 0.004 -22"><span class='ocrx_word' id='word_1_668' title='bbox 244 4543 409 4595; x_wconf 84' lang='lat' dir='ltr'><strong>nitus.</strong></span> <span class='ocrx_word' id='word_1_669' title='bbox 444 4561 463 4592; x_wconf 71' lang='grc' dir='ltr'><strong>ι</strong></span> <span class='ocrx_word' id='word_1_670' title='bbox 507 4538 606 4594; x_wconf 87' lang='lat' dir='ltr'><strong>Ubi</strong></span> <span class='ocrx_word' id='word_1_671' title='bbox 639 4540 853 4596; x_wconf 85' lang='lat' dir='ltr'><strong>Patrem</strong></span> <span class='ocrx_word' id='word_1_672' title='bbox 884 4550 937 4596; x_wconf 88' lang='lat' dir='ltr'><strong>et</strong></span> <span class='ocrx_word' id='word_1_673' title='bbox 980 4542 1198 4606; x_wconf 86' lang='lat' dir='ltr'><strong>Filium,</strong></span> <span class='ocrx_word' id='word_1_674' title='bbox 1237 4559 1467 4613; x_wconf 87' lang='lat' dir='ltr'><strong>persona</strong></span> <span class='ocrx_word' id='word_1_675' title='bbox 1503 4525 1812 4615; x_wconf 81' lang='lat' dir='ltr'><strong>distinctos,</strong></span> <span class='ocrx_word' id='word_1_676' title='bbox 1844 4525 1894 4584; x_wconf 79' lang='lat' dir='ltr'><strong>D</strong></span> <span class='ocrx_word' id='word_1_677' title='bbox 1921 4543 2043 4582; x_wconf 71' lang='lat' dir='ltr'><strong>&quot;em</strong></span> <span class='ocrx_word' id='word_1_678' title='bbox 2078 4547 2096 4579; x_wconf 82' lang='lat'>’</span> <span class='ocrx_word' id='word_1_679' title='bbox 2154 4528 2317 4582; x_wconf 66' lang='lat' dir='ltr'><strong>&quot;im&quot;</strong></span> <span class='ocrx_word' id='word_1_680' title='bbox 2366 4529 2670 4585; x_wconf 66' lang='lat' dir='ltr'><strong>diVinamm</strong></span> <span class='ocrx_word' id='word_1_681' title='bbox 2705 4531 3072 4588; x_wconf 62' lang='lat' dir='ltr'><strong>Personarum</strong></span> <span class='ocrx_word' id='word_1_682' title='bbox 3131 4553 3149 4587; x_wconf 70' lang='grc' dir='ltr'>ί</span> <span class='ocrx_word' id='word_1_683' title='bbox 3195 4535 3364 4606; x_wconf 73' lang='grc' dir='ltr'><strong>τεάῖεί</strong></span> <span class='ocrx_word' id='word_1_684' title='bbox 3418 4537 3490 4592; x_wconf 73' lang='lat' dir='ltr'><strong>ad</strong></span> 
     </span>
    </p>
   </div>
   <div class='ocr_carea' id='block_1_91' title="bbox 244 4634 1816 4707">
    <p class='ocr_par' dir='ltr' id='par_1_91' title="bbox 244 4634 1816 4707">
     <span class='ocr_line' id='line_1_91' title="bbox 244 4634 1816 4707; baseline 0.006 -21"><span class='ocrx_word' id='word_1_685' title='bbox 244 4648 410 4688; x_wconf 89' lang='lat' dir='ltr'><strong>unum</strong></span> <span class='ocrx_word' id='word_1_686' title='bbox 457 4644 642 4688; x_wconf 85' lang='lat' dir='ltr'><strong>tamen</strong></span> <span class='ocrx_word' id='word_1_687' title='bbox 674 4650 797 4688; x_wconf 87' lang='lat' dir='ltr'><strong>esse</strong></span> <span class='ocrx_word' id='word_1_688' title='bbox 847 4634 1011 4688; x_wconf 89' lang='lat' dir='ltr'><strong>Deum</strong></span> <span class='ocrx_word' id='word_1_689' title='bbox 1049 4634 1173 4689; x_wconf 90' lang='lat' dir='ltr'><strong>inde</strong></span> <span class='ocrx_word' id='word_1_690' title='bbox 1212 4637 1436 4706; x_wconf 90' lang='lat' dir='ltr'><strong>probat,</strong></span> <span class='ocrx_word' id='word_1_691' title='bbox 1466 4640 1609 4707; x_wconf 91' lang='lat' dir='ltr'><strong>quod</strong></span> <span class='ocrx_word' id='word_1_692' title='bbox 1645 4639 1816 4696; x_wconf 83' lang='lat' dir='ltr'><strong>Filius</strong></span> 
     </span>
    </p>
   </div>
   <div class='ocr_carea' id='block_1_92' title="bbox 244 4726 1816 4803">
    <p class='ocr_par' dir='ltr' id='par_1_92' title="bbox 244 4726 1816 4803">
     <span class='ocr_line' id='line_1_92' title="bbox 244 4726 1816 4803; baseline 0.007 -23"><span class='ocrx_word' id='word_1_693' title='bbox 244 4742 347 4781; x_wconf 86' lang='lat' dir='ltr'><strong>non</strong></span> <span class='ocrx_word' id='word_1_694' title='bbox 379 4732 454 4782; x_wconf 82' lang='lat' dir='ltr'><strong>sit</strong></span> <span class='ocrx_word' id='word_1_695' title='bbox 481 4726 632 4782; x_wconf 76' lang='lat' dir='ltr'><strong>Deus</strong></span> <span class='ocrx_word' id='word_1_696' title='bbox 656 4744 686 4781; x_wconf 88' lang='lat' dir='ltr'><strong>a</strong></span> <span class='ocrx_word' id='word_1_697' title='bbox 718 4727 901 4798; x_wconf 90' lang='lat' dir='ltr'><strong>scipso</strong></span> <span class='ocrx_word' id='word_1_698' title='bbox 921 4768 936 4792; x_wconf 92' lang='lat'><strong>,</strong></span> <span class='ocrx_word' id='word_1_699' title='bbox 979 4728 1071 4784; x_wconf 92' lang='lat' dir='ltr'><strong>scd</strong></span> <span class='ocrx_word' id='word_1_700' title='bbox 1105 4726 1248 4783; x_wconf 89' lang='lat' dir='ltr'><strong>Deus</strong></span> <span class='ocrx_word' id='word_1_701' title='bbox 1277 4729 1343 4784; x_wconf 89' lang='lat' dir='ltr'><strong>de</strong></span> <span class='ocrx_word' id='word_1_702' title='bbox 1370 4729 1515 4796; x_wconf 86' lang='lat' dir='ltr'><strong>Deo,</strong></span> <span class='ocrx_word' id='word_1_703' title='bbox 1550 4741 1716 4803; x_wconf 92' lang='lat' dir='ltr'><strong>atque</strong></span> <span class='ocrx_word' id='word_1_704' title='bbox 1748 4751 1816 4791; x_wconf 77' lang='lat' dir='ltr'><strong>ex</strong></span> 
     </span>
    </p>
   </div>
   <div class='ocr_carea' id='block_1_93' title="bbox 312 4949 1164 5022">
    <p class='ocr_par' dir='ltr' id='par_1_93' title="bbox 312 4949 1164 5022">
     <span class='ocr_line' id='line_1_93' title="bbox 312 4949 1164 5022; baseline 0.004 -17"><span class='ocrx_word' id='word_1_705' title='bbox 312 4950 424 5022; x_wconf 85' lang='lat'><strong>(67)</strong></span> <span class='ocrx_word' id='word_1_706' title='bbox 467 4951 655 5022; x_wconf 73' lang='lat' dir='ltr'><strong>Contr.</strong></span> <span class='ocrx_word' id='word_1_707' title='bbox 682 4949 861 5014; x_wconf 84' lang='lat' dir='ltr'><strong>Noet..</strong></span> <span class='ocrx_word' id='word_1_708' title='bbox 892 4967 1041 5006; x_wconf 90' lang='lat' dir='ltr'><strong>num.</strong></span> <span class='ocrx_word' id='word_1_709' title='bbox 1076 4951 1164 5009; x_wconf 81' lang='grc' dir='ltr'><strong>Η.</strong></span> 
     </span>
    </p>
   </div>
   <div class='ocr_carea' id='block_1_94' title="bbox 313 5021 1814 5098">
    <p class='ocr_par' dir='ltr' id='par_1_94' title="bbox 313 5021 1814 5098">
     <span class='ocr_line' id='line_1_94' title="bbox 313 5021 1814 5098; baseline 0.006 -23"><span class='ocrx_word' id='word_1_710' title='bbox 313 5025 428 5091; x_wconf 74' lang='grc'><strong>(63)</strong></span> <span class='ocrx_word' id='word_1_711' title='bbox 475 5021 699 5098; x_wconf 75' lang='lat' dir='ltr'><strong>Justino</strong></span> <span class='ocrx_word' id='word_1_712' title='bbox 722 5025 985 5098; x_wconf 47' lang='lat' dir='ltr'><strong>martyri,</strong></span> <span class='ocrx_word' id='word_1_713' title='bbox 1017 5023 1234 5098; x_wconf 78' lang='lat' dir='ltr'><strong>quando</strong></span> <span class='ocrx_word' id='word_1_714' title='bbox 1267 5025 1436 5081; x_wconf 83' lang='lat' dir='ltr'><strong>Filius</strong></span> <span class='ocrx_word' id='word_1_715' title='bbox 1480 5025 1748 5098; x_wconf 61' lang='lat' dir='ltr'><strong>’t&#39;rspdv&#39;vt</strong></span> <span class='ocrx_word' id='word_1_716' title='bbox 1783 5044 1814 5084; x_wconf 86' lang='lat' dir='ltr'><strong>a</strong></span> 
     </span>
    </p>
   </div>
   <div class='ocr_carea' id='block_1_95' title="bbox 244 5079 1815 5166">
    <p class='ocr_par' dir='ltr' id='par_1_95' title="bbox 244 5079 1815 5166">
     <span class='ocr_line' id='line_1_95' title="bbox 244 5079 1815 5166; baseline 0.005 -22"><span class='ocrx_word' id='word_1_717' title='bbox 244 5079 560 5166; x_wconf 56' lang='lat' dir='ltr'><strong>Patre&#39;esse</strong></span> <span class='ocrx_word' id='word_1_718' title='bbox 597 5079 1278 5166; x_wconf 4' lang='lat' dir='ltr'><strong>dicitur,ctq&#39;l&#39;ertulltano</strong></span> <span class='ocrx_word' id='word_1_719' title='bbox 1301 5139 1315 5161; x_wconf 90' lang='lat'><strong>,</strong></span> <span class='ocrx_word' id='word_1_720' title='bbox 1357 5079 1586 5166; x_wconf 58' lang='lat' dir='ltr'><strong>quando</strong></span> <span class='ocrx_word' id='word_1_721' title='bbox 1612 5079 1815 5152; x_wconf 33' lang='lat' dir='ltr'><strong>Filii-mi</strong></span> 
     </span>
    </p>
   </div>
   <div class='ocr_carea' id='block_1_96' title="bbox 245 5163 1816 5239">
    <p class='ocr_par' dir='ltr' id='par_1_96' title="bbox 245 5163 1816 5239">
     <span class='ocr_line' id='line_1_96' title="bbox 245 5163 1816 5239; baseline 0.006 -25"><span class='ocrx_word' id='word_1_722' title='bbox 245 5163 535 5239; x_wconf 61' lang='lat' dir='ltr'><strong>gtPatrem</strong></span> <span class='ocrx_word' id='word_1_723' title='bbox 559 5179 669 5216; x_wconf 78' lang='lat' dir='ltr'><strong>esse</strong></span> <span class='ocrx_word' id='word_1_724' title='bbox 700 5163 845 5216; x_wconf 84' lang='lat' dir='ltr'><strong>aliud</strong></span> <span class='ocrx_word' id='word_1_725' title='bbox 888 5164 952 5216; x_wconf 88' lang='lat' dir='ltr'><strong>ab</strong></span> <span class='ocrx_word' id='word_1_726' title='bbox 977 5165 1092 5239; x_wconf 55' lang='lat' dir='ltr'><strong>alio</strong></span> <span class='ocrx_word' id='word_1_727' title='bbox 1125 5163 1389 5231; x_wconf 67' lang='lat' dir='ltr'><strong>allirmat,</strong></span> <span class='ocrx_word' id='word_1_728' title='bbox 1420 5171 1641 5234; x_wconf 86' lang='lat' dir='ltr'><strong>eadem,</strong></span> <span class='ocrx_word' id='word_1_729' title='bbox 1693 5185 1816 5239; x_wconf 64' lang='lat' dir='ltr'><strong>quae</strong></span> 
     </span>
    </p>
   </div>
   <div class='ocr_carea' id='block_1_97' title="bbox 247 5232 1805 5302">
    <p class='ocr_par' dir='ltr' id='par_1_97' title="bbox 247 5232 1805 5302">
     <span class='ocr_line' id='line_1_97' title="bbox 247 5232 1805 5302; baseline 0.008 -18"><span class='ocrx_word' id='word_1_730' title='bbox 247 5232 539 5302; x_wconf 85' lang='lat' dir='ltr'><strong>Hippolyto</strong></span> <span class='ocrx_word' id='word_1_731' title='bbox 601 5249 791 5297; x_wconf 89' lang='lat' dir='ltr'><strong>mens,</strong></span> <span class='ocrx_word' id='word_1_732' title='bbox 852 5245 912 5289; x_wconf 89' lang='lat' dir='ltr'><strong>ut</strong></span> <span class='ocrx_word' id='word_1_733' title='bbox 976 5234 1334 5292; x_wconf 82' lang='lat' dir='ltr'><strong>Personarum</strong></span> <span class='ocrx_word' id='word_1_734' title='bbox 1394 5232 1805 5296; x_wconf 76' lang='lat' dir='ltr'><strong>distinctionem</strong></span> 
     </span>
    </p>
   </div>
   <div class='ocr_carea' id='block_1_98' title="bbox 247 5304 1456 5374">
    <p class='ocr_par' dir='ltr' id='par_1_98' title="bbox 247 5304 1456 5374">
     <span class='ocr_line' id='line_1_98' title="bbox 247 5304 1456 5374; baseline 0.004 -17"><span class='ocrx_word' id='word_1_735' title='bbox 247 5309 557 5374; x_wconf 76' lang='lat' dir='ltr'><strong>ostendant,</strong></span> <span class='ocrx_word' id='word_1_736' title='bbox 590 5320 697 5357; x_wconf 93' lang='lat' dir='ltr'><strong>non</strong></span> <span class='ocrx_word' id='word_1_737' title='bbox 731 5314 791 5358; x_wconf 90' lang='lat' dir='ltr'><strong>ut</strong></span> <span class='ocrx_word' id='word_1_738' title='bbox 817 5304 1100 5374; x_wconf 77' lang='grc' dir='ltr'><strong>ὁμοούσιον</strong></span> <span class='ocrx_word' id='word_1_739' title='bbox 1130 5307 1456 5362; x_wconf 87' lang='lat' dir='ltr'><strong>inlicientur.</strong></span> 
     </span>
    </p>
   </div>
   <div class='ocr_carea' id='block_1_99' title="bbox 313 5373 1814 5450">
    <p class='ocr_par' dir='ltr' id='par_1_99' title="bbox 313 5373 1814 5450">
     <span class='ocr_line' id='line_1_99' title="bbox 313 5373 1814 5450; baseline 0.007 -24"><span class='ocrx_word' id='word_1_740' title='bbox 313 5375 426 5450; x_wconf 64' lang='lat'><strong>(69)</strong></span> <span class='ocrx_word' id='word_1_741' title='bbox 463 5373 731 5450; x_wconf 82' lang='lat' dir='ltr'><strong>_(_)bs_ervat</strong></span> <span class='ocrx_word' id='word_1_742' title='bbox 769 5373 1127 5450; x_wconf 67' lang='lat' dir='ltr'><strong>chGrabius</strong></span> <span class='ocrx_word' id='word_1_743' title='bbox 1146 5376 1205 5450; x_wconf 76' lang='lat' dir='ltr'><strong>S.</strong></span> <span class='ocrx_word' id='word_1_744' title='bbox 1238 5378 1524 5450; x_wconf 83' lang='lat' dir='ltr'><strong>Hippolyto</strong></span> <span class='ocrx_word' id='word_1_745' title='bbox 1571 5381 1814 5438; x_wconf 88' lang='lat' dir='ltr'><strong>solemne</strong></span> 
     </span>
    </p>
   </div>
   <div class='ocr_carea' id='block_1_100' title="bbox 248 5440 1811 5518">
    <p class='ocr_par' dir='ltr' id='par_1_100' title="bbox 248 5440 1811 5518">
     <span class='ocr_line' id='line_1_100' title="bbox 248 5440 1811 5518; baseline 0.008 -24"><span class='ocrx_word' id='word_1_746' title='bbox 248 5440 437 5518; x_wconf 74' lang='lat' dir='ltr'><strong>fuisse.</strong></span> <span class='ocrx_word' id='word_1_747' title='bbox 455 5444 678 5518; x_wconf 57' lang='lat' dir='ltr'><strong>Christo</strong></span> <span class='ocrx_word' id='word_1_748' title='bbox 688 5461 736 5518; x_wconf 91' lang='lat' dir='ltr'><strong>_m</strong></span> <span class='ocrx_word' id='word_1_749' title='bbox 760 5461 953 5518; x_wconf 87' lang='lat' dir='ltr'><strong>vocare</strong></span> <span class='ocrx_word' id='word_1_750' title='bbox 979 5446 1066 5500; x_wconf 79' lang='grc' dir='ltr'><strong>τὸν</strong></span> <span class='ocrx_word' id='word_1_751' title='bbox 1085 5449 1252 5501; x_wconf 80' lang='grc' dir='ltr'><strong>Παίδα</strong></span> <span class='ocrx_word' id='word_1_752' title='bbox 1267 5440 1359 5502; x_wconf 74' lang='grc' dir='ltr'><strong>τόὖ</strong></span> <span class='ocrx_word' id='word_1_753' title='bbox 1375 5440 1530 5514; x_wconf 78' lang='grc' dir='ltr'><strong>Θέοῦ,</strong></span> <span class='ocrx_word' id='word_1_754' title='bbox 1555 5451 1811 5518; x_wconf 86' lang='lat' dir='ltr'><strong>Puerum,</strong></span> 
     </span>
    </p>
   </div>
   <div class='ocr_carea' id='block_1_101' title="bbox 249 5513 1814 5590">
    <p class='ocr_par' dir='ltr' id='par_1_101' title="bbox 249 5513 1814 5590">
     <span class='ocr_line' id='line_1_101' title="bbox 249 5513 1814 5590; baseline 0.006 -24"><span class='ocrx_word' id='word_1_755' title='bbox 249 5513 358 5567; x_wconf 82' lang='lat' dir='ltr'><strong>sive</strong></span> <span class='ocrx_word' id='word_1_756' title='bbox 387 5516 587 5590; x_wconf 72' lang='lat' dir='ltr'><strong>potius</strong></span> <span class='ocrx_word' id='word_1_757' title='bbox 594 5513 654 5590; x_wconf 66' lang='grc' dir='ltr'><em>Γ</em></span> <span class='ocrx_word' id='word_1_758' title='bbox 658 5516 808 5590; x_wconf 68' lang='lat' dir='ltr'><strong>ilium</strong></span> <span class='ocrx_word' id='word_1_759' title='bbox 838 5517 968 5581; x_wconf 82' lang='lat' dir='ltr'><strong>Dei;</strong></span> <span class='ocrx_word' id='word_1_760' title='bbox 992 5519 1137 5590; x_wconf 85' lang='lat' dir='ltr'><strong>quod</strong></span> <span class='ocrx_word' id='word_1_761' title='bbox 1172 5529 1316 5590; x_wconf 88' lang='lat' dir='ltr'><strong>patet</strong></span> <span class='ocrx_word' id='word_1_762' title='bbox 1348 5535 1414 5575; x_wconf 82' lang='lat' dir='ltr'><strong>ex</strong></span> <span class='ocrx_word' id='word_1_763' title='bbox 1439 5513 1558 5590; x_wconf 79' lang='lat' dir='ltr'><strong>ejus</strong></span> <span class='ocrx_word' id='word_1_764' title='bbox 1585 5513 1814 5577; x_wconf 59' lang='lat' dir='ltr'><strong>demon;</strong></span> 
     </span>
    </p>
   </div>
   <div class='ocr_carea' id='block_1_102' title="bbox 250 5584 1812 5661">
    <p class='ocr_par' dir='ltr' id='par_1_102' title="bbox 250 5584 1812 5661">
     <span class='ocr_line' id='line_1_102' title="bbox 250 5584 1812 5661; baseline 0.007 -25"><span class='ocrx_word' id='word_1_765' title='bbox 250 5587 512 5661; x_wconf 61' lang='lat' dir='ltr'><strong>“ratione</strong></span> <span class='ocrx_word' id='word_1_766' title='bbox 557 5584 882 5661; x_wconf 51' lang='lat' dir='ltr'><strong>l_)e_(}lt_ris£o</strong></span> <span class='ocrx_word' id='word_1_767' title='bbox 920 5599 966 5640; x_wconf 84' lang='lat' dir='ltr'><strong>et</strong></span> <span class='ocrx_word' id='word_1_768' title='bbox 1001 5584 1510 5661; x_wconf 51' lang='lat' dir='ltr'><strong>Antt&#39;c_l:tristo,nutn.</strong></span> <span class='ocrx_word' id='word_1_769' title='bbox 1539 5595 1594 5656; x_wconf 81' lang='lat'><strong>5,</strong></span> <span class='ocrx_word' id='word_1_770' title='bbox 1640 5594 1812 5658; x_wconf 82' lang='grc' dir='ltr'><strong>Αὐτὸς</strong></span> 
     </span>
    </p>
   </div>
   <div class='ocr_carea' id='block_1_103' title="bbox 251 5654 1813 5732">
    <p class='ocr_par' dir='ltr' id='par_1_103' title="bbox 251 5654 1813 5732">
     <span class='ocr_line' id='line_1_103' title="bbox 251 5654 1813 5732; baseline 0.009 -28"><span class='ocrx_word' id='word_1_771' title='bbox 251 5654 409 5732; x_wconf 58' lang='grc' dir='ltr'>πάλιν</span> <span class='ocrx_word' id='word_1_772' title='bbox 441 5656 470 5706; x_wconf 84' lang='grc' dir='ltr'>ὁ</span> <span class='ocrx_word' id='word_1_773' title='bbox 501 5655 618 5732; x_wconf 36' lang='grc' dir='ltr'>τοῦ.</span> <span class='ocrx_word' id='word_1_774' title='bbox 639 5655 795 5732; x_wconf 67' lang='grc' dir='ltr'><strong>βεοῦο</strong></span> <span class='ocrx_word' id='word_1_775' title='bbox 816 5658 992 5732; x_wconf 54' lang='lat' dir='ltr'><strong>nate,</strong></span> <span class='ocrx_word' id='word_1_776' title='bbox 1027 5661 1056 5711; x_wconf 86' lang='grc' dir='ltr'><strong>ό</strong></span> <span class='ocrx_word' id='word_1_777' title='bbox 1098 5658 1283 5732; x_wconf 37' lang='lat' dir='ltr'><strong>mihi</strong></span> <span class='ocrx_word' id='word_1_778' title='bbox 1314 5654 1411 5730; x_wconf 64' lang='grc' dir='ltr'>μὲν</span> <span class='ocrx_word' id='word_1_779' title='bbox 1457 5654 1646 5732; x_wconf 79' lang='grc' dir='ltr'>Λόγος.</span> <span class='ocrx_word' id='word_1_780' title='bbox 1679 5654 1813 5730; x_wconf 69' lang='grc' dir='ltr'><strong>Ωιιὲ</strong></span> 
     </span>
    </p>
   </div>
   <div class='ocr_carea' id='block_1_104' title="bbox 249 5725 1812 5805">
    <p class='ocr_par' dir='ltr' id='par_1_104' title="bbox 249 5725 1812 5805">
     <span class='ocr_line' id='line_1_104' title="bbox 249 5725 1812 5805; baseline 0.009 -32"><span class='ocrx_word' id='word_1_781' title='bbox 249 5725 410 5778; x_wconf 86' lang='lat' dir='ltr'><strong>verba</strong></span> <span class='ocrx_word' id='word_1_782' title='bbox 444 5725 735 5805; x_wconf 69' lang='lat' dir='ltr'><strong>sollicitius</strong></span> <span class='ocrx_word' id='word_1_783' title='bbox 761 5729 1097 5805; x_wconf 70' lang='lat' dir='ltr'><strong>perpendens</strong></span> <span class='ocrx_word' id='word_1_784' title='bbox 1125 5729 1198 5805; x_wconf 76' lang='lat' dir='ltr'><strong>cl_.</strong></span> <span class='ocrx_word' id='word_1_785' title='bbox 1234 5725 1568 5805; x_wconf 35' lang='lat' dir='ltr'><strong>Maranus‘in</strong></span> <span class='ocrx_word' id='word_1_786' title='bbox 1593 5725 1812 5805; x_wconf 67' lang='lat' dir='ltr'><strong>egregio</strong></span> 
     </span>
    </p>
   </div>
   <div class='ocr_carea' id='block_1_105' title="bbox 251 5795 1808 5873">
    <p class='ocr_par' dir='ltr' id='par_1_105' title="bbox 251 5795 1808 5873">
     <span class='ocr_line' id='line_1_105' title="bbox 251 5795 1808 5873; baseline 0.008 -26"><span class='ocrx_word' id='word_1_787' title='bbox 251 5807 433 5861; x_wconf 76' lang='lat' dir='ltr'><strong>opere,</strong></span> <span class='ocrx_word' id='word_1_788' title='bbox 469 5797 559 5850; x_wconf 90' lang='lat' dir='ltr'><strong>cui</strong></span> <span class='ocrx_word' id='word_1_789' title='bbox 591 5795 780 5850; x_wconf 87' lang='lat' dir='ltr'><strong>titulus</strong></span> <span class='ocrx_word' id='word_1_790' title='bbox 811 5817 824 5851; x_wconf 89' lang='lat'><strong>:</strong></span> <span class='ocrx_word' id='word_1_791' title='bbox 861 5795 1123 5852; x_wconf 79' lang='lat' dir='ltr'><strong>Diuinitas</strong></span> <span class='ocrx_word' id='word_1_792' title='bbox 1157 5798 1224 5855; x_wconf 90' lang='lat' dir='ltr'><strong>D.</strong></span> <span class='ocrx_word' id='word_1_793' title='bbox 1256 5799 1330 5858; x_wconf 88' lang='lat' dir='ltr'><strong>N.</strong></span> <span class='ocrx_word' id='word_1_794' title='bbox 1371 5799 1428 5857; x_wconf 79' lang='grc' dir='ltr'><strong>Ι.</strong></span> <span class='ocrx_word' id='word_1_795' title='bbox 1466 5801 1561 5871; x_wconf 89' lang='lat' dir='ltr'><strong>C.,</strong></span> <span class='ocrx_word' id='word_1_796' title='bbox 1602 5795 1696 5860; x_wconf 71' lang='grc' dir='ltr'>ιῑι).</span> <span class='ocrx_word' id='word_1_797' title='bbox 1722 5795 1808 5873; x_wconf 71' lang='grc' dir='ltr'><strong>ἲν,</strong></span> 
     </span>
    </p>
   </div>
   <div class='ocr_carea' id='block_1_106' title="bbox 569 5888 1117 5956">
    <p class='ocr_par' dir='ltr' id='par_1_106' title="bbox 569 5888 1117 5956">
     <span class='ocr_line' id='line_1_106' title="bbox 569 5888 1117 5956; baseline 0.013 -7"><span class='ocrx_word' id='word_1_798' title='bbox 569 5888 838 5951; x_wconf 73' lang='grc' dir='ltr'><strong>ΡΑτειυῐ..</strong></span> <span class='ocrx_word' id='word_1_799' title='bbox 884 5890 1002 5953; x_wconf 75' lang='lat' dir='ltr'><strong>Gn.</strong></span> <span class='ocrx_word' id='word_1_800' title='bbox 1035 5889 1117 5956; x_wconf 83' lang='grc' dir='ltr'><strong>Χ.</strong></span> 
     </span>
    </p>
   </div>
   <div class='ocr_carea' id='block_1_107' title="bbox 1919 4621 3493 4701">
    <p class='ocr_par' dir='ltr' id='par_1_107' title="bbox 1919 4621 3493 4701">
     <span class='ocr_line' id='line_1_107' title="bbox 1919 4621 3493 4701; baseline 0.006 -26"><span class='ocrx_word' id='word_1_801' title='bbox 1919 4637 2089 4676; x_wconf 83' lang='grc' dir='ltr'><strong>υηυιη</strong></span> <span class='ocrx_word' id='word_1_802' title='bbox 2123 4621 2291 4675; x_wconf 90' lang='lat' dir='ltr'><strong>Deum</strong></span> <span class='ocrx_word' id='word_1_803' title='bbox 2325 4621 2438 4693; x_wconf 85' lang='grc'><strong>(71)</strong></span> <span class='ocrx_word' id='word_1_804' title='bbox 2466 4639 2478 4674; x_wconf 94' lang='lat'><strong>:</strong></span> <span class='ocrx_word' id='word_1_805' title='bbox 2505 4622 2840 4679; x_wconf 76' lang='lat' dir='ltr'><strong>(Economia</strong></span> <span class='ocrx_word' id='word_1_806' title='bbox 2875 4628 3257 4685; x_wconf 87' lang='lat' dir='ltr'><strong>consensionis</strong></span> <span class='ocrx_word' id='word_1_807' title='bbox 3291 4630 3493 4701; x_wconf 84' lang='lat' dir='ltr'><strong>redigi-</strong></span> 
     </span>
    </p>
   </div>
   <div class='ocr_carea' id='block_1_108' title="bbox 1918 4710 3493 4789">
    <p class='ocr_par' dir='ltr' id='par_1_108' title="bbox 1918 4710 3493 4789">
     <span class='ocr_line' id='line_1_108' title="bbox 1918 4710 3493 4789; baseline 0.009 -26"><span class='ocrx_word' id='word_1_808' title='bbox 1918 4717 2010 4763; x_wconf 91' lang='lat' dir='ltr'><strong>tur</strong></span> <span class='ocrx_word' id='word_1_809' title='bbox 2038 4710 2104 4764; x_wconf 92' lang='lat' dir='ltr'><strong>ad</strong></span> <span class='ocrx_word' id='word_1_810' title='bbox 2140 4726 2308 4765; x_wconf 93' lang='lat' dir='ltr'><strong>unum</strong></span> <span class='ocrx_word' id='word_1_811' title='bbox 2342 4710 2534 4768; x_wconf 87' lang='lat' dir='ltr'><strong>Deum.</strong></span> <span class='ocrx_word' id='word_1_812' title='bbox 2575 4715 2726 4771; x_wconf 90' lang='lat' dir='ltr'><strong>Unus</strong></span> <span class='ocrx_word' id='word_1_813' title='bbox 2775 4717 2920 4770; x_wconf 91' lang='lat' dir='ltr'><strong>enim</strong></span> <span class='ocrx_word' id='word_1_814' title='bbox 2954 4727 3039 4772; x_wconf 90' lang='lat' dir='ltr'><strong>cst</strong></span> <span class='ocrx_word' id='word_1_815' title='bbox 3065 4717 3228 4788; x_wconf 88' lang='lat' dir='ltr'><strong>Deus,</strong></span> <span class='ocrx_word' id='word_1_816' title='bbox 3262 4720 3493 4789; x_wconf 59' lang='lat' dir='ltr'><strong>subjuna‘</strong></span> 
     </span>
    </p>
   </div>
   <div class='ocr_carea' id='block_1_109' title="bbox 1917 4960 3487 5035">
    <p class='ocr_par' dir='ltr' id='par_1_109' title="bbox 1917 4960 3487 5035">
     <span class='ocr_line' id='line_1_109' title="bbox 1917 4960 3487 5035; baseline 0.009 -22"><span class='ocrx_word' id='word_1_817' title='bbox 1917 4975 2036 5035; x_wconf 62' lang='lat' dir='ltr'><strong>cap.</strong></span> <span class='ocrx_word' id='word_1_818' title='bbox 2066 4960 2152 5027; x_wconf 77' lang='grc'><strong>15,</strong></span> <span class='ocrx_word' id='word_1_819' title='bbox 2185 4977 2308 5031; x_wconf 85' lang='lat' dir='ltr'><strong>pag.</strong></span> <span class='ocrx_word' id='word_1_820' title='bbox 2333 4960 2491 5035; x_wconf 40' lang='lat' dir='ltr'><strong>i60,“</strong></span> <span class='ocrx_word' id='word_1_821' title='bbox 2509 4977 2570 5016; x_wconf 88' lang='lat' dir='ltr'><strong>ea</strong></span> <span class='ocrx_word' id='word_1_822' title='bbox 2605 4963 2684 5018; x_wconf 93' lang='lat' dir='ltr'><strong>sic</strong></span> <span class='ocrx_word' id='word_1_823' title='bbox 2717 4964 2928 5019; x_wconf 85' lang='lat' dir='ltr'><strong>reddit:</strong></span> <span class='ocrx_word' id='word_1_824' title='bbox 2967 4985 2986 5017; x_wconf 85' lang='grc'><em>‹</em></span> <span class='ocrx_word' id='word_1_825' title='bbox 3017 4965 3136 5035; x_wconf 86' lang='lat' dir='ltr'><strong>Ipse</strong></span> <span class='ocrx_word' id='word_1_826' title='bbox 3165 4983 3358 5024; x_wconf 86' lang='lat' dir='ltr'><strong>rursus</strong></span> <span class='ocrx_word' id='word_1_827' title='bbox 3389 4967 3487 5027; x_wconf 77' lang='lat' dir='ltr'><strong>Dei</strong></span> 
     </span>
    </p>
   </div>
   <div class='ocr_carea' id='block_1_110' title="bbox 1917 5030 3489 5106">
    <p class='ocr_par' dir='ltr' id='par_1_110' title="bbox 1917 5030 3489 5106">
     <span class='ocr_line' id='line_1_110' title="bbox 1917 5030 3489 5106; baseline 0.008 -22"><span class='ocrx_word' id='word_1_828' title='bbox 1917 5030 2110 5106; x_wconf 63' lang='lat' dir='ltr'><strong>Filius,</strong></span> <span class='ocrx_word' id='word_1_829' title='bbox 2144 5030 2238 5106; x_wconf 79' lang='lat' dir='ltr'><strong>qui</strong></span> <span class='ocrx_word' id='word_1_830' title='bbox 2269 5031 2418 5100; x_wconf 84' lang='lat' dir='ltr'><strong>prius</strong></span> <span class='ocrx_word' id='word_1_831' title='bbox 2457 5030 2688 5106; x_wconf 78' lang='lat' dir='ltr'><strong>Verbum</strong></span> <span class='ocrx_word' id='word_1_832' title='bbox 2713 5045 2850 5090; x_wconf 89' lang='lat' dir='ltr'><strong>erat.</strong></span> <span class='ocrx_word' id='word_1_833' title='bbox 2882 5055 2899 5086; x_wconf 74' lang='grc' dir='ltr'><em>ι</em></span> <span class='ocrx_word' id='word_1_834' title='bbox 2935 5030 3120 5106; x_wconf 81' lang='lat' dir='ltr'><strong>Neque</strong></span> <span class='ocrx_word' id='word_1_835' title='bbox 3151 5039 3308 5093; x_wconf 88' lang='lat' dir='ltr'><strong>aliter</strong></span> <span class='ocrx_word' id='word_1_836' title='bbox 3340 5040 3489 5098; x_wconf 84' lang='lat' dir='ltr'><strong>hunc</strong></span> 
     </span>
    </p>
   </div>
   <div class='ocr_carea' id='block_1_111' title="bbox 1917 5102 3485 5179">
    <p class='ocr_par' dir='ltr' id='par_1_111' title="bbox 1917 5102 3485 5179">
     <span class='ocr_line' id='line_1_111' title="bbox 1917 5102 3485 5179; baseline 0.007 -24"><span class='ocrx_word' id='word_1_837' title='bbox 1917 5102 2096 5179; x_wconf 64' lang='lat' dir='ltr'><strong>locum</strong></span> <span class='ocrx_word' id='word_1_838' title='bbox 2143 5103 2789 5179; x_wconf 66' lang='lat' dir='ltr'><strong>interpretaturCrabius</strong></span> <span class='ocrx_word' id='word_1_839' title='bbox 2825 5107 2891 5179; x_wconf 88' lang='lat' dir='ltr'><strong>ad</strong></span> <span class='ocrx_word' id='word_1_840' title='bbox 2934 5102 3073 5162; x_wconf 83' lang='lat' dir='ltr'><strong>Bulli</strong></span> <span class='ocrx_word' id='word_1_841' title='bbox 3122 5107 3335 5178; x_wconf 77' lang='lat' dir='ltr'><strong>Defens.</strong></span> <span class='ocrx_word' id='word_1_842' title='bbox 3386 5110 3485 5179; x_wconf 68' lang='grc' dir='ltr'><strong>ῥά.</strong></span> 
     </span>
    </p>
   </div>
   <div class='ocr_carea' id='block_1_112' title="bbox 1919 5171 3488 5248">
    <p class='ocr_par' dir='ltr' id='par_1_112' title="bbox 1919 5171 3488 5248">
     <span class='ocr_line' id='line_1_112' title="bbox 1919 5171 3488 5248; baseline 0.006 -24"><span class='ocrx_word' id='word_1_843' title='bbox 1919 5171 2067 5248; x_wconf 50' lang='grc' dir='ltr'><strong>Νἱετ,</strong></span> <span class='ocrx_word' id='word_1_844' title='bbox 2096 5188 2218 5242; x_wconf 86' lang='lat' dir='ltr'><strong>pag.</strong></span> <span class='ocrx_word' id='word_1_845' title='bbox 2252 5173 2370 5248; x_wconf 59' lang='lat' dir='ltr'><strong>tOI&#39;2</strong></span> <span class='ocrx_word' id='word_1_846' title='bbox 2411 5173 2549 5237; x_wconf 85' lang='lat' dir='ltr'><strong>Quid</strong></span> <span class='ocrx_word' id='word_1_847' title='bbox 2586 5177 2730 5243; x_wconf 87' lang='lat' dir='ltr'><strong>quod</strong></span> <span class='ocrx_word' id='word_1_848' title='bbox 2766 5178 2952 5231; x_wconf 90' lang='lat' dir='ltr'><strong>eadem</strong></span> <span class='ocrx_word' id='word_1_849' title='bbox 2989 5171 3247 5248; x_wconf 76' lang='lat' dir='ltr'><strong>loquendi</strong></span> <span class='ocrx_word' id='word_1_850' title='bbox 3273 5171 3488 5234; x_wconf 80' lang='lat' dir='ltr'><strong>ratione</strong></span> 
     </span>
    </p>
   </div>
   <div class='ocr_carea' id='block_1_113' title="bbox 1917 5243 3487 5321">
    <p class='ocr_par' dir='ltr' id='par_1_113' title="bbox 1917 5243 3487 5321">
     <span class='ocr_line' id='line_1_113' title="bbox 1917 5243 3487 5321; baseline 0.006 -26"><span class='ocrx_word' id='word_1_851' title='bbox 1917 5243 2078 5321; x_wconf 66' lang='lat' dir='ltr'><strong>paulo</strong></span> <span class='ocrx_word' id='word_1_852' title='bbox 2123 5252 2248 5321; x_wconf 45' lang='lat' dir='ltr'><strong>post.</strong></span> <span class='ocrx_word' id='word_1_853' title='bbox 2285 5243 2462 5321; x_wconf 82' lang='lat' dir='ltr'><strong>_utitur</strong></span> <span class='ocrx_word' id='word_1_854' title='bbox 2509 5254 2730 5321; x_wconf 79' lang='lat' dir='ltr'><strong>sanctus</strong></span> <span class='ocrx_word' id='word_1_855' title='bbox 2763 5249 3012 5321; x_wconf 25' lang='lat' dir='ltr'><strong>Amartyr?</strong></span> <span class='ocrx_word' id='word_1_856' title='bbox 3057 5243 3150 5321; x_wconf 55' lang='grc' dir='ltr'><strong>Εἷς</strong></span> <span class='ocrx_word' id='word_1_857' title='bbox 3190 5249 3424 5321; x_wconf 69' lang='grc' dir='ltr'><strong>γὰρκαὶ</strong></span> <span class='ocrx_word' id='word_1_858' title='bbox 3453 5248 3487 5307; x_wconf 74' lang='grc' dir='ltr'>ὁ</span> 
     </span>
    </p>
   </div>
   <div class='ocr_carea' id='block_1_114' title="bbox 1915 5312 3479 5391">
    <p class='ocr_par' dir='ltr' id='par_1_114' title="bbox 1915 5312 3479 5391">
     <span class='ocr_line' id='line_1_114' title="bbox 1915 5312 3479 5391; baseline 0.004 -24"><span class='ocrx_word' id='word_1_859' title='bbox 1915 5312 2022 5391; x_wconf 42' lang='grc' dir='ltr'><strong>τος).</strong></span> <span class='ocrx_word' id='word_1_860' title='bbox 2037 5313 2172 5366; x_wconf 83' lang='grc' dir='ltr'><strong>Θεοῦ</strong></span> <span class='ocrx_word' id='word_1_861' title='bbox 2203 5313 2356 5391; x_wconf 67' lang='lat' dir='ltr'><strong>Huic,</strong></span> <span class='ocrx_word' id='word_1_862' title='bbox 2385 5329 2506 5391; x_wconf 53' lang='lat' dir='ltr'><strong>quae</strong></span> <span class='ocrx_word' id='word_1_863' title='bbox 2535 5315 2803 5391; x_wconf 64' lang='lat' dir='ltr'><strong>sievertit</strong></span> <span class='ocrx_word' id='word_1_864' title='bbox 2834 5312 3060 5391; x_wconf 75' lang='lat' dir='ltr'><strong>ipsemet</strong></span> <span class='ocrx_word' id='word_1_865' title='bbox 3077 5312 3438 5391; x_wconf 58' lang='lat' dir='ltr'><strong>Conibéﬁsius</strong></span> <span class='ocrx_word' id='word_1_866' title='bbox 3463 5336 3479 5374; x_wconf 89' lang='lat'><strong>:</strong></span> 
     </span>
    </p>
   </div>
   <div class='ocr_carea' id='block_1_115' title="bbox 1921 5381 3481 5458">
    <p class='ocr_par' dir='ltr' id='par_1_115' title="bbox 1921 5381 3481 5458">
     <span class='ocr_line' id='line_1_115' title="bbox 1921 5381 3481 5458; baseline 0.006 -22"><span class='ocrx_word' id='word_1_867' title='bbox 1921 5402 1940 5458; x_wconf 59' lang='grc' dir='ltr'><em>φ</em></span> <span class='ocrx_word' id='word_1_868' title='bbox 1981 5381 2307 5458; x_wconf 28' lang='lat' dir='ltr'><strong>Unus‘enim</strong></span> <span class='ocrx_word' id='word_1_869' title='bbox 2341 5384 2546 5458; x_wconf 83' lang='lat' dir='ltr'><strong>estDei</strong></span> <span class='ocrx_word' id='word_1_870' title='bbox 2579 5386 2768 5458; x_wconf 57' lang='lat' dir='ltr'><strong>lfilius.</strong></span> <span class='ocrx_word' id='word_1_871' title='bbox 2805 5409 2824 5441; x_wconf 74' lang='grc' dir='ltr'><strong>ι</strong></span> <span class='ocrx_word' id='word_1_872' title='bbox 2856 5381 2931 5443; x_wconf 77' lang='lat' dir='ltr'><strong>ita</strong></span> <span class='ocrx_word' id='word_1_873' title='bbox 2960 5391 3166 5445; x_wconf 91' lang='lat' dir='ltr'><strong>scilicet</strong></span> <span class='ocrx_word' id='word_1_874' title='bbox 3191 5385 3256 5445; x_wconf 71' lang='lat' dir='ltr'><strong>S.</strong></span> <span class='ocrx_word' id='word_1_875' title='bbox 3278 5388 3481 5458; x_wconf 87' lang='lat' dir='ltr'><strong>Hippo-</strong></span> 
     </span>
    </p>
   </div>
   <div class='ocr_carea' id='block_1_116' title="bbox 1915 5453 3482 5530">
    <p class='ocr_par' dir='ltr' id='par_1_116' title="bbox 1915 5453 3482 5530">
     <span class='ocr_line' id='line_1_116' title="bbox 1915 5453 3482 5530; baseline 0.004 -21"><span class='ocrx_word' id='word_1_876' title='bbox 1915 5455 2058 5530; x_wconf 77' lang='lat' dir='ltr'><strong>lytus</strong></span> <span class='ocrx_word' id='word_1_877' title='bbox 2095 5453 2304 5530; x_wconf 73' lang='lat' dir='ltr'><strong>aliique</strong></span> <span class='ocrx_word' id='word_1_878' title='bbox 2342 5455 2550 5530; x_wconf 64' lang='lat' dir='ltr'><strong>antiqui</strong></span> <span class='ocrx_word' id='word_1_879' title='bbox 2591 5457 2781 5530; x_wconf 89' lang='lat' dir='ltr'><strong>Patres</strong></span> <span class='ocrx_word' id='word_1_880' title='bbox 2811 5460 3089 5514; x_wconf 88' lang='lat' dir='ltr'><strong>Christum</strong></span> <span class='ocrx_word' id='word_1_881' title='bbox 3138 5453 3482 5530; x_wconf 80' lang='lat' dir='ltr'><strong>appellarunt</strong></span> 
     </span>
    </p>
   </div>
   <div class='ocr_carea' id='block_1_117' title="bbox 1913 5524 3469 5599">
    <p class='ocr_par' dir='ltr' id='par_1_117' title="bbox 1913 5524 3469 5599">
     <span class='ocr_line' id='line_1_117' title="bbox 1913 5524 3469 5599; baseline 0.004 -22"><span class='ocrx_word' id='word_1_882' title='bbox 1913 5524 2158 5599; x_wconf 61' lang='lat' dir='ltr'><strong>exlsaia:</strong></span> <span class='ocrx_word' id='word_1_883' title='bbox 2187 5539 2315 5599; x_wconf 60' lang='lat' dir='ltr'><strong>xpu,</strong></span> <span class='ocrx_word' id='word_1_884' title='bbox 2349 5524 2583 5595; x_wconf 88' lang='lat' dir='ltr'><strong>aliisque</strong></span> <span class='ocrx_word' id='word_1_885' title='bbox 2609 5529 2768 5593; x_wconf 90' lang='lat' dir='ltr'><strong>locis,</strong></span> <span class='ocrx_word' id='word_1_886' title='bbox 2797 5531 2886 5584; x_wconf 92' lang='lat' dir='ltr'><strong>ubi</strong></span> <span class='ocrx_word' id='word_1_887' title='bbox 2925 5531 3065 5598; x_wconf 88' lang='lat' dir='ltr'><strong>Deus</strong></span> <span class='ocrx_word' id='word_1_888' title='bbox 3097 5524 3314 5599; x_wconf 57' lang='lat' dir='ltr'><strong>de&#39;i&#39;pso</strong></span> <span class='ocrx_word' id='word_1_889' title='bbox 3350 5531 3426 5586; x_wconf 90' lang='lat' dir='ltr'><strong>ait</strong></span> <span class='ocrx_word' id='word_1_890' title='bbox 3453 5546 3469 5584; x_wconf 74' lang='grc' dir='ltr'>ε</span> 
     </span>
    </p>
   </div>
   <div class='ocr_carea' id='block_1_118' title="bbox 1912 5595 3482 5720">
    <p class='ocr_par' dir='ltr' id='par_1_118' title="bbox 1912 5595 3482 5720">
     <span class='ocr_line' id='line_1_118' title="bbox 1912 5595 3482 5720; baseline 0.007 -73"><span class='ocrx_word' id='word_1_891' title='bbox 1912 5595 2056 5720; x_wconf 49' lang='grc' dir='ltr'><strong>ίὶιδοὲυ</strong></span> <span class='ocrx_word' id='word_1_892' title='bbox 2089 5597 2118 5648; x_wconf 86' lang='grc' dir='ltr'>ὁ</span> <span class='ocrx_word' id='word_1_893' title='bbox 2144 5597 2272 5658; x_wconf 86' lang='grc' dir='ltr'>παῖς</span> <span class='ocrx_word' id='word_1_894' title='bbox 2307 5611 2409 5666; x_wconf 84' lang='grc' dir='ltr'>μου</span> <span class='ocrx_word' id='word_1_895' title='bbox 2431 5615 2444 5627; x_wconf 76' lang='grc' dir='ltr'><strong>ο</strong></span> <span class='ocrx_word' id='word_1_896' title='bbox 2473 5612 2788 5670; x_wconf 86' lang='lat' dir='ltr'><strong>quanquam</strong></span> <span class='ocrx_word' id='word_1_897' title='bbox 2814 5603 2943 5664; x_wconf 80' lang='grc' dir='ltr'>παῖς</span> <span class='ocrx_word' id='word_1_898' title='bbox 2975 5595 3049 5656; x_wconf 87' lang='lat' dir='ltr'><strong>ibi</strong></span> <span class='ocrx_word' id='word_1_899' title='bbox 3071 5595 3278 5656; x_wconf 48' lang='lat' dir='ltr'><strong>seruu-m</strong></span> <span class='ocrx_word' id='word_1_900' title='bbox 3310 5601 3482 5672; x_wconf 75' lang='lat' dir='ltr'><strong>signi-</strong></span> 
     </span>
     <span class='ocr_line' id='line_1_119' title="bbox 1953 5681 2058 5720; baseline -0.01 0"><span class='ocrx_word' id='word_1_901' title='bbox 1953 5681 2014 5720; x_wconf 88' lang='lat' dir='ltr'><strong>ce</strong></span> <span class='ocrx_word' id='word_1_902' title='bbox 2044 5705 2058 5719; x_wconf 95' lang='lat'><strong>.</strong></span> 
     </span>
    </p>
   </div>
   <div class='ocr_carea' id='block_1_119' title="bbox 1953 5674 2058 5722">
    <p class='ocr_par' dir='ltr' id='par_1_119' title="bbox 1953 5674 2058 5722">
     <span class='ocr_line' id='line_1_120' title="bbox 1953 5674 2058 5722; baseline -0.038 0"><span class='ocrx_word' id='word_1_903' title='bbox 1953 5674 2058 5722; x_wconf 88' lang='lat' dir='ltr'><strong>cet.</strong></span> 
     </span>
    </p>
   </div>
   <div class='ocr_carea' id='block_1_120' title="bbox 1983 5733 2848 5814">
    <p class='ocr_par' dir='ltr' id='par_1_120' title="bbox 1983 5733 2848 5814">
     <span class='ocr_line' id='line_1_121' title="bbox 1983 5733 2848 5814; baseline 0.012 -28"><span class='ocrx_word' id='word_1_904' title='bbox 2137 5733 2530 5814; x_wconf 18' lang='lat' dir='ltr'><strong>‘ContquoeL,</strong></span> <span class='ocrx_word' id='word_1_905' title='bbox 2562 5757 2714 5798; x_wconf 92' lang='lat' dir='ltr'><strong>num.</strong></span> <span class='ocrx_word' id='word_1_906' title='bbox 2746 5741 2848 5814; x_wconf 56' lang='grc' dir='ltr'><strong>14η</strong></span> 
     </span>
    </p>
   </div>
   <div class='ocr_carea' id='block_1_121' title="bbox 1983 5807 2573 5878">
    <p class='ocr_par' dir='ltr' id='par_1_121' title="bbox 1983 5807 2573 5878">
     <span class='ocr_line' id='line_1_122' title="bbox 1983 5807 2573 5878; baseline 0.017 -19"><span class='ocrx_word' id='word_1_907' title='bbox 1983 5807 2097 5878; x_wconf 70' lang='lat'><strong>(7|)</strong></span> <span class='ocrx_word' id='word_1_908' title='bbox 2137 5807 2304 5875; x_wconf 89' lang='lat' dir='ltr'><strong>Idem,</strong></span> <span class='ocrx_word' id='word_1_909' title='bbox 2333 5808 2438 5864; x_wconf 92' lang='lat' dir='ltr'><strong>loc.</strong></span> <span class='ocrx_word' id='word_1_910' title='bbox 2469 5812 2573 5871; x_wconf 89' lang='lat' dir='ltr'><strong>cit.</strong></span> 
     </span>
    </p>
   </div>
   <div class='ocr_carea' id='block_1_122' title="bbox 3092 5908 3168 5973">
    <p class='ocr_par' dir='ltr' id='par_1_122' title="bbox 3092 5908 3168 5973">
     <span class='ocr_line' id='line_1_123' title="bbox 3092 5908 3168 5973; baseline -0.053 0"><span class='ocrx_word' id='word_1_911' title='bbox 3092 5908 3168 5973; x_wconf 69' lang='grc' dir='ltr'>η</span> 
     </span>
    </p>
   </div>
  </div>
