  <div class='ocr_page' id='page_1' title='image "/cluster/home/n/w/nwhite01/storage/ocr_20150623/10/hvd.32044073501348/187.png"; bbox 0 0 3928 6336; ppageno 0'>
   <div class='ocr_carea' id='block_1_1' title="bbox 478 329 582 389">
    <p class='ocr_par' dir='ltr' id='par_1_1' title="bbox 478 329 582 389">
     <span class='ocr_line' id='line_1_1' title="bbox 478 329 582 389; baseline 0 0"><span class='ocrx_word' id='word_1_1' title='bbox 478 329 582 389; x_wconf 73' lang='lat'><strong>563</strong></span> 
     </span>
    </p>
   </div>
   <div class='ocr_carea' id='block_1_2' title="bbox 1449 327 2745 388">
    <p class='ocr_par' dir='ltr' id='par_1_2' title="bbox 1449 327 2745 388">
     <span class='ocr_line' id='line_1_2' title="bbox 1449 327 2745 388; baseline 0.002 -3"><span class='ocrx_word' id='word_1_2' title='bbox 1449 329 1538 386; x_wconf 87' lang='lat' dir='ltr'><strong>DE</strong></span> <span class='ocrx_word' id='word_1_3' title='bbox 1576 329 1738 386; x_wconf 81' lang='lat' dir='ltr'><strong>VlTA</strong></span> <span class='ocrx_word' id='word_1_4' title='bbox 1775 330 1863 388; x_wconf 82' lang='lat' dir='ltr'><strong>ET</strong></span> <span class='ocrx_word' id='word_1_5' title='bbox 1907 327 2222 386; x_wconf 81' lang='lat' dir='ltr'><strong>SCRIPTIS</strong></span> <span class='ocrx_word' id='word_1_6' title='bbox 2260 328 2321 385; x_wconf 89' lang='lat' dir='ltr'><strong>S.</strong></span> <span class='ocrx_word' id='word_1_7' title='bbox 2359 327 2745 387; x_wconf 79' lang='lat' dir='ltr'><strong>HlPP()LYTI.</strong></span> 
     </span>
    </p>
   </div>
   <div class='ocr_carea' id='block_1_3' title="bbox 3604 335 3714 392">
    <p class='ocr_par' dir='ltr' id='par_1_3' title="bbox 3604 335 3714 392">
     <span class='ocr_line' id='line_1_3' title="bbox 3604 335 3714 392; baseline 0.009 -1"><span class='ocrx_word' id='word_1_8' title='bbox 3604 335 3714 392; x_wconf 64' lang='grc' dir='ltr'><strong>εει</strong></span> 
     </span>
    </p>
   </div>
   <div class='ocr_carea' id='block_1_4' title="bbox 480 449 3714 523">
    <p class='ocr_par' dir='ltr' id='par_1_4' title="bbox 480 449 3714 523">
     <span class='ocr_line' id='line_1_4' title="bbox 480 449 3714 523; baseline 0.001 -17"><span class='ocrx_word' id='word_1_9' title='bbox 480 452 575 523; x_wconf 91' lang='lat' dir='ltr'><strong>git,</strong></span> <span class='ocrx_word' id='word_1_10' title='bbox 599 451 693 523; x_wconf 98' lang='lat' dir='ltr'><strong>qui</strong></span> <span class='ocrx_word' id='word_1_11' title='bbox 723 449 966 514; x_wconf 84' lang='lat' dir='ltr'><strong>mandat,</strong></span> <span class='ocrx_word' id='word_1_12' title='bbox 1014 450 1207 519; x_wconf 90' lang='lat' dir='ltr'><strong>Pater;</strong></span> <span class='ocrx_word' id='word_1_13' title='bbox 1236 450 1329 521; x_wconf 88' lang='lat' dir='ltr'><strong>qui</strong></span> <span class='ocrx_word' id='word_1_14' title='bbox 1358 450 1559 518; x_wconf 87' lang='lat' dir='ltr'><strong>obedit,</strong></span> <span class='ocrx_word' id='word_1_15' title='bbox 1590 452 1793 519; x_wconf 89' lang='lat' dir='ltr'><strong>Filius;</strong></span> <span class='ocrx_word' id='word_1_16' title='bbox 1824 450 1917 521; x_wconf 89' lang='lat' dir='ltr'><strong>qui</strong></span> <span class='ocrx_word' id='word_1_17' title='bbox 1946 451 2033 505; x_wconf 87' lang='lat' dir='ltr'><strong>do-</strong></span> <span class='ocrx_word' id='word_1_18' title='bbox 2078 454 2123 511; x_wconf 79' lang='grc' dir='ltr'>Α</span> <span class='ocrx_word' id='word_1_19' title='bbox 2153 449 2411 520; x_wconf 78' lang='lat' dir='ltr'><strong>Spiritum</strong></span> <span class='ocrx_word' id='word_1_20' title='bbox 2450 462 2698 506; x_wconf 88' lang='lat' dir='ltr'><strong>sanctum</strong></span> <span class='ocrx_word' id='word_1_21' title='bbox 2732 451 3027 505; x_wconf 82' lang='lat' dir='ltr'><strong>humanam</strong></span> <span class='ocrx_word' id='word_1_22' title='bbox 3057 466 3278 506; x_wconf 91' lang='lat' dir='ltr'><strong>carnem</strong></span> <span class='ocrx_word' id='word_1_23' title='bbox 3322 455 3714 523; x_wconf 86' lang='lat' dir='ltr'><strong>assumpsisse.</strong></span> 
     </span>
    </p>
   </div>
   <div class='ocr_carea' id='block_1_5' title="bbox 479 538 2047 611">
    <p class='ocr_par' dir='ltr' id='par_1_5' title="bbox 479 538 2047 611">
     <span class='ocr_line' id='line_1_5' title="bbox 479 538 2047 611; baseline -0.004 -14"><span class='ocrx_word' id='word_1_24' title='bbox 479 552 569 597; x_wconf 90' lang='lat' dir='ltr'><strong>cet</strong></span> <span class='ocrx_word' id='word_1_25' title='bbox 595 542 900 606; x_wconf 72' lang='lat' dir='ltr'><strong>scientiam,</strong></span> <span class='ocrx_word' id='word_1_26' title='bbox 921 539 1157 611; x_wconf 79' lang='lat' dir='ltr'><strong>Spiritus</strong></span> <span class='ocrx_word' id='word_1_27' title='bbox 1179 548 1421 594; x_wconf 89' lang='lat' dir='ltr'><strong>sanctus.</strong></span> <span class='ocrx_word' id='word_1_28' title='bbox 1451 557 1469 592; x_wconf 75' lang='grc' dir='ltr'><strong><em>ι</em></strong></span> <span class='ocrx_word' id='word_1_29' title='bbox 1490 539 1661 594; x_wconf 82' lang='lat' dir='ltr'><strong>Aliter</strong></span> <span class='ocrx_word' id='word_1_30' title='bbox 1687 538 1855 597; x_wconf 87' lang='lat' dir='ltr'><strong>Deum</strong></span> <span class='ocrx_word' id='word_1_31' title='bbox 1879 552 2047 593; x_wconf 93' lang='lat' dir='ltr'><strong>unum</strong></span> 
     </span>
    </p>
   </div>
   <div class='ocr_carea' id='block_1_6' title="bbox 479 631 2044 705">
    <p class='ocr_par' dir='ltr' id='par_1_6' title="bbox 479 631 2044 705">
     <span class='ocr_line' id='line_1_6' title="bbox 479 631 2044 705; baseline -0.005 -13"><span class='ocrx_word' id='word_1_32' title='bbox 479 636 780 705; x_wconf 76' lang='lat' dir='ltr'><strong>intelligere</strong></span> <span class='ocrx_word' id='word_1_33' title='bbox 805 649 915 690; x_wconf 91' lang='lat' dir='ltr'><strong>non</strong></span> <span class='ocrx_word' id='word_1_34' title='bbox 942 648 1258 704; x_wconf 88' lang='lat' dir='ltr'><strong>possumus,</strong></span> <span class='ocrx_word' id='word_1_35' title='bbox 1285 651 1303 684; x_wconf 73' lang='grc' dir='ltr'><strong><em>ι</em></strong></span> <span class='ocrx_word' id='word_1_36' title='bbox 1334 632 1439 688; x_wconf 88' lang='lat' dir='ltr'><strong>nisi</strong></span> <span class='ocrx_word' id='word_1_37' title='bbox 1467 649 1595 688; x_wconf 83' lang='lat' dir='ltr'><strong>vere</strong></span> <span class='ocrx_word' id='word_1_38' title='bbox 1621 631 1789 698; x_wconf 85' lang='lat' dir='ltr'><strong>Patri,</strong></span> <span class='ocrx_word' id='word_1_39' title='bbox 1810 640 1863 685; x_wconf 92' lang='lat' dir='ltr'><strong>et</strong></span> <span class='ocrx_word' id='word_1_40' title='bbox 1889 631 2044 694; x_wconf 88' lang='lat' dir='ltr'><strong>Filio,</strong></span> 
     </span>
    </p>
   </div>
   <div class='ocr_carea' id='block_1_7' title="bbox 478 723 2046 798">
    <p class='ocr_par' dir='ltr' id='par_1_7' title="bbox 478 723 2046 798">
     <span class='ocr_line' id='line_1_7' title="bbox 478 723 2046 798; baseline -0.004 -14"><span class='ocrx_word' id='word_1_41' title='bbox 478 737 534 784; x_wconf 89' lang='lat' dir='ltr'><strong>et</strong></span> <span class='ocrx_word' id='word_1_42' title='bbox 570 726 797 798; x_wconf 86' lang='lat' dir='ltr'><strong>Spiritui</strong></span> <span class='ocrx_word' id='word_1_43' title='bbox 830 734 1022 781; x_wconf 91' lang='lat' dir='ltr'><strong>sancto</strong></span> <span class='ocrx_word' id='word_1_44' title='bbox 1037 726 1323 781; x_wconf 79' lang='lat' dir='ltr'><strong>credamus</strong></span> <span class='ocrx_word' id='word_1_45' title='bbox 1354 743 1367 779; x_wconf 89' lang='lat'><strong>:</strong></span> <span class='ocrx_word' id='word_1_46' title='bbox 1395 740 1493 795; x_wconf 91' lang='lat' dir='ltr'><strong>per</strong></span> <span class='ocrx_word' id='word_1_47' title='bbox 1516 726 1657 779; x_wconf 89' lang='lat' dir='ltr'><strong>hanc</strong></span> <span class='ocrx_word' id='word_1_48' title='bbox 1683 725 1830 780; x_wconf 92' lang='lat' dir='ltr'><strong>enim</strong></span> <span class='ocrx_word' id='word_1_49' title='bbox 1863 723 2046 778; x_wconf 88' lang='lat' dir='ltr'><strong>Trini-</strong></span> 
     </span>
    </p>
   </div>
   <div class='ocr_carea' id='block_1_8' title="bbox 480 815 2043 890">
    <p class='ocr_par' dir='ltr' id='par_1_8' title="bbox 480 815 2043 890">
     <span class='ocr_line' id='line_1_8' title="bbox 480 815 2043 890; baseline -0.003 -13"><span class='ocrx_word' id='word_1_50' title='bbox 480 830 646 877; x_wconf 82' lang='lat' dir='ltr'><strong>tatem</strong></span> <span class='ocrx_word' id='word_1_51' title='bbox 670 818 832 875; x_wconf 89' lang='lat' dir='ltr'><strong>Pater</strong></span> <span class='ocrx_word' id='word_1_52' title='bbox 855 819 1244 890; x_wconf 65' lang='lat' dir='ltr'><strong>gloriﬁcatur.)</strong></span> <span class='ocrx_word' id='word_1_53' title='bbox 1269 818 1359 873; x_wconf 83' lang='lat' dir='ltr'><strong>Ait</strong></span> <span class='ocrx_word' id='word_1_54' title='bbox 1381 818 1603 889; x_wconf 90' lang='lat' dir='ltr'><strong>insuper</strong></span> <span class='ocrx_word' id='word_1_55' title='bbox 1625 815 1682 872; x_wconf 92' lang='lat' dir='ltr'><strong>S.</strong></span> <span class='ocrx_word' id='word_1_56' title='bbox 1701 815 2043 889; x_wconf 81' lang='lat' dir='ltr'><strong>Hippolytus,</strong></span> 
     </span>
    </p>
   </div>
   <div class='ocr_carea' id='block_1_9' title="bbox 479 907 2046 980">
    <p class='ocr_par' dir='ltr' id='par_1_9' title="bbox 479 907 2046 980">
     <span class='ocr_line' id='line_1_9' title="bbox 479 907 2046 980; baseline -0.001 -15"><span class='ocrx_word' id='word_1_57' title='bbox 479 926 580 965; x_wconf 89' lang='lat' dir='ltr'><strong>nos</strong></span> <span class='ocrx_word' id='word_1_58' title='bbox 633 910 863 965; x_wconf 89' lang='lat' dir='ltr'><strong>adorare</strong></span> <span class='ocrx_word' id='word_1_59' title='bbox 918 908 1180 979; x_wconf 87' lang='lat' dir='ltr'><strong>Spiritum</strong></span> <span class='ocrx_word' id='word_1_60' title='bbox 1218 918 1468 963; x_wconf 90' lang='lat' dir='ltr'><strong>sanctum</strong></span> <span class='ocrx_word' id='word_1_61' title='bbox 1514 908 1627 980; x_wconf 87' lang='lat'><strong>(72)</strong></span> <span class='ocrx_word' id='word_1_62' title='bbox 1664 926 1679 963; x_wconf 89' lang='lat'><strong>:</strong></span> <span class='ocrx_word' id='word_1_63' title='bbox 1726 926 1745 960; x_wconf 73' lang='grc' dir='ltr'>ι</span> <span class='ocrx_word' id='word_1_64' title='bbox 1783 907 2046 977; x_wconf 87' lang='lat' dir='ltr'><strong>Spiritum</strong></span> 
     </span>
    </p>
   </div>
   <div class='ocr_carea' id='block_1_10' title="bbox 480 998 2043 1071">
    <p class='ocr_par' dir='ltr' id='par_1_10' title="bbox 480 998 2043 1071">
     <span class='ocr_line' id='line_1_10' title="bbox 480 998 2043 1071; baseline -0.003 -14"><span class='ocrx_word' id='word_1_65' title='bbox 480 1012 727 1057; x_wconf 89' lang='lat' dir='ltr'><strong>sanctum</strong></span> <span class='ocrx_word' id='word_1_66' title='bbox 756 1002 1072 1057; x_wconf 83' lang='lat' dir='ltr'><strong>adoramus.</strong></span> <span class='ocrx_word' id='word_1_67' title='bbox 1110 1019 1128 1051; x_wconf 82' lang='grc'><strong>›</strong></span> <span class='ocrx_word' id='word_1_68' title='bbox 1160 998 1241 1054; x_wconf 85' lang='lat' dir='ltr'><strong>illi</strong></span> <span class='ocrx_word' id='word_1_69' title='bbox 1277 1000 1467 1055; x_wconf 88' lang='lat' dir='ltr'><strong>tribuit</strong></span> <span class='ocrx_word' id='word_1_70' title='bbox 1502 1000 1747 1055; x_wconf 87' lang='lat' dir='ltr'><strong>eamdem</strong></span> <span class='ocrx_word' id='word_1_71' title='bbox 1780 999 2043 1071; x_wconf 78' lang='lat' dir='ltr'><strong>gloriam,</strong></span> 
     </span>
    </p>
   </div>
   <div class='ocr_carea' id='block_1_11' title="bbox 477 1089 2046 1164">
    <p class='ocr_par' dir='ltr' id='par_1_11' title="bbox 477 1089 2046 1164">
     <span class='ocr_line' id='line_1_11' title="bbox 477 1089 2046 1164; baseline -0.002 -15"><span class='ocrx_word' id='word_1_72' title='bbox 477 1094 833 1164; x_wconf 86' lang='lat' dir='ltr'><strong>eamdemque</strong></span> <span class='ocrx_word' id='word_1_73' title='bbox 873 1092 1170 1164; x_wconf 89' lang='lat' dir='ltr'><strong>potentiam</strong></span> <span class='ocrx_word' id='word_1_74' title='bbox 1247 1107 1313 1147; x_wconf 91' lang='lat' dir='ltr'><strong>ac</strong></span> <span class='ocrx_word' id='word_1_75' title='bbox 1386 1089 1556 1158; x_wconf 84' lang='lat' dir='ltr'><strong>Filio,</strong></span> <span class='ocrx_word' id='word_1_76' title='bbox 1602 1090 1758 1161; x_wconf 89' lang='lat' dir='ltr'><strong>cujus</strong></span> <span class='ocrx_word' id='word_1_77' title='bbox 1811 1090 2046 1161; x_wconf 86' lang='lat' dir='ltr'><strong>Spiritus</strong></span> 
     </span>
    </p>
   </div>
   <div class='ocr_carea' id='block_1_12' title="bbox 477 1182 2045 1255">
    <p class='ocr_par' dir='ltr' id='par_1_12' title="bbox 477 1182 2045 1255">
     <span class='ocr_line' id='line_1_12' title="bbox 477 1182 2045 1255; baseline -0.004 -15"><span class='ocrx_word' id='word_1_78' title='bbox 477 1195 561 1241; x_wconf 90' lang='lat' dir='ltr'><strong>est</strong></span> <span class='ocrx_word' id='word_1_79' title='bbox 590 1204 603 1239; x_wconf 93' lang='lat'>:</span> <span class='ocrx_word' id='word_1_80' title='bbox 641 1204 659 1237; x_wconf 76' lang='grc' dir='ltr'>ι</span> <span class='ocrx_word' id='word_1_81' title='bbox 689 1184 793 1255; x_wconf 89' lang='lat' dir='ltr'><strong>Ipsi</strong></span> <span class='ocrx_word' id='word_1_82' title='bbox 827 1182 1118 1255; x_wconf 88' lang='lat' dir='ltr'><strong>(Christo)</strong></span> <span class='ocrx_word' id='word_1_83' title='bbox 1153 1182 1322 1254; x_wconf 87' lang='lat' dir='ltr'><strong>gloria</strong></span> <span class='ocrx_word' id='word_1_84' title='bbox 1351 1194 1405 1237; x_wconf 88' lang='lat' dir='ltr'><strong>et</strong></span> <span class='ocrx_word' id='word_1_85' title='bbox 1436 1182 1673 1251; x_wconf 90' lang='lat' dir='ltr'><strong>potentia</strong></span> <span class='ocrx_word' id='word_1_86' title='bbox 1702 1197 1826 1237; x_wconf 90' lang='lat' dir='ltr'><strong>cum</strong></span> <span class='ocrx_word' id='word_1_87' title='bbox 1860 1196 2045 1236; x_wconf 90' lang='lat' dir='ltr'><strong>sacro-</strong></span> 
     </span>
    </p>
   </div>
   <div class='ocr_carea' id='block_1_13' title="bbox 478 1272 2045 1345">
    <p class='ocr_par' dir='ltr' id='par_1_13' title="bbox 478 1272 2045 1345">
     <span class='ocr_line' id='line_1_13' title="bbox 478 1272 2045 1345; baseline -0.003 -11"><span class='ocrx_word' id='word_1_88' title='bbox 478 1288 669 1334; x_wconf 89' lang='lat' dir='ltr'><strong>sancto</strong></span> <span class='ocrx_word' id='word_1_89' title='bbox 703 1277 847 1332; x_wconf 89' lang='lat' dir='ltr'><strong>bono</strong></span> <span class='ocrx_word' id='word_1_90' title='bbox 887 1285 941 1330; x_wconf 90' lang='lat' dir='ltr'><strong>et</strong></span> <span class='ocrx_word' id='word_1_91' title='bbox 972 1274 1187 1330; x_wconf 73' lang='lat' dir='ltr'><strong>vivifico</strong></span> <span class='ocrx_word' id='word_1_92' title='bbox 1234 1275 1353 1345; x_wconf 87' lang='lat' dir='ltr'><strong>ejus</strong></span> <span class='ocrx_word' id='word_1_93' title='bbox 1398 1274 1601 1343; x_wconf 88' lang='lat' dir='ltr'><strong>Spiritu</strong></span> <span class='ocrx_word' id='word_1_94' title='bbox 1646 1273 1778 1345; x_wconf 79' lang='lat'><strong>(73).</strong></span> <span class='ocrx_word' id='word_1_95' title='bbox 1815 1292 1833 1327; x_wconf 78' lang='grc' dir='ltr'><strong><em>ι</em></strong></span> <span class='ocrx_word' id='word_1_96' title='bbox 1878 1272 2045 1343; x_wconf 85' lang='lat' dir='ltr'><strong>Igitur</strong></span> 
     </span>
    </p>
   </div>
   <div class='ocr_carea' id='block_1_14' title="bbox 478 1366 2044 1440">
    <p class='ocr_par' dir='ltr' id='par_1_14' title="bbox 478 1366 2044 1440">
     <span class='ocr_line' id='line_1_14' title="bbox 478 1366 2044 1440; baseline -0.004 -13"><span class='ocrx_word' id='word_1_97' title='bbox 478 1380 683 1428; x_wconf 90' lang='lat' dir='ltr'><strong>certum</strong></span> <span class='ocrx_word' id='word_1_98' title='bbox 733 1379 1021 1440; x_wconf 86' lang='lat' dir='ltr'><strong>ratumque</strong></span> <span class='ocrx_word' id='word_1_99' title='bbox 1068 1376 1185 1435; x_wconf 90' lang='lat' dir='ltr'><strong>est,</strong></span> <span class='ocrx_word' id='word_1_100' title='bbox 1234 1368 1388 1438; x_wconf 80' lang='lat' dir='ltr'><strong>juxta</strong></span> <span class='ocrx_word' id='word_1_101' title='bbox 1436 1366 1493 1422; x_wconf 93' lang='lat' dir='ltr'><strong>S.</strong></span> <span class='ocrx_word' id='word_1_102' title='bbox 1531 1366 1801 1439; x_wconf 81' lang='lat' dir='ltr'><strong>Hippolyti</strong></span> <span class='ocrx_word' id='word_1_103' title='bbox 1840 1368 2044 1423; x_wconf 89' lang='lat' dir='ltr'><strong>doctri-</strong></span> 
     </span>
    </p>
   </div>
   <div class='ocr_carea' id='block_1_15' title="bbox 477 1458 2043 1533">
    <p class='ocr_par' dir='ltr' id='par_1_15' title="bbox 477 1458 2043 1533">
     <span class='ocr_line' id='line_1_15' title="bbox 477 1458 2043 1533; baseline -0.003 -15"><span class='ocrx_word' id='word_1_104' title='bbox 477 1479 626 1527; x_wconf 89' lang='lat' dir='ltr'><strong>nam,</strong></span> <span class='ocrx_word' id='word_1_105' title='bbox 662 1460 922 1533; x_wconf 89' lang='lat' dir='ltr'><strong>Spiritum</strong></span> <span class='ocrx_word' id='word_1_106' title='bbox 956 1468 1205 1517; x_wconf 86' lang='lat' dir='ltr'><strong>sanctum</strong></span> <span class='ocrx_word' id='word_1_107' title='bbox 1237 1475 1361 1515; x_wconf 90' lang='lat' dir='ltr'><strong>esse</strong></span> <span class='ocrx_word' id='word_1_108' title='bbox 1388 1462 1578 1524; x_wconf 89' lang='lat' dir='ltr'><strong>Deum,</strong></span> <span class='ocrx_word' id='word_1_109' title='bbox 1610 1460 1769 1515; x_wconf 88' lang='lat' dir='ltr'><strong>sicuti</strong></span> <span class='ocrx_word' id='word_1_110' title='bbox 1796 1468 1849 1514; x_wconf 90' lang='lat' dir='ltr'><strong>et</strong></span> <span class='ocrx_word' id='word_1_111' title='bbox 1880 1458 2043 1514; x_wconf 88' lang='lat' dir='ltr'><strong>Pater</strong></span> 
     </span>
    </p>
   </div>
   <div class='ocr_carea' id='block_1_16' title="bbox 477 1551 2042 1622">
    <p class='ocr_par' dir='ltr' id='par_1_16' title="bbox 477 1551 2042 1622">
     <span class='ocr_line' id='line_1_16' title="bbox 477 1551 2042 1622; baseline -0.002 -13"><span class='ocrx_word' id='word_1_112' title='bbox 477 1555 621 1611; x_wconf 81' lang='lat' dir='ltr'><strong>Deus</strong></span> <span class='ocrx_word' id='word_1_113' title='bbox 642 1563 745 1618; x_wconf 88' lang='lat' dir='ltr'><strong>est,</strong></span> <span class='ocrx_word' id='word_1_114' title='bbox 775 1562 829 1609; x_wconf 92' lang='lat' dir='ltr'><strong>et</strong></span> <span class='ocrx_word' id='word_1_115' title='bbox 862 1552 1035 1609; x_wconf 87' lang='lat' dir='ltr'><strong>Filius</strong></span> <span class='ocrx_word' id='word_1_116' title='bbox 1066 1551 1207 1607; x_wconf 88' lang='lat' dir='ltr'><strong>Deus</strong></span> <span class='ocrx_word' id='word_1_117' title='bbox 1241 1561 1344 1617; x_wconf 86' lang='lat' dir='ltr'><strong>est,</strong></span> <span class='ocrx_word' id='word_1_118' title='bbox 1372 1551 1589 1622; x_wconf 86' lang='lat' dir='ltr'><strong>illisque</strong></span> <span class='ocrx_word' id='word_1_119' title='bbox 1617 1566 1743 1607; x_wconf 83' lang='lat' dir='ltr'><strong>vere</strong></span> <span class='ocrx_word' id='word_1_120' title='bbox 1768 1567 1886 1608; x_wconf 89' lang='lat' dir='ltr'><strong>esse</strong></span> <span class='ocrx_word' id='word_1_121' title='bbox 1909 1567 2042 1607; x_wconf 90' lang='lat' dir='ltr'><strong>con-</strong></span> 
     </span>
    </p>
   </div>
   <div class='ocr_carea' id='block_1_17' title="bbox 476 1647 910 1705">
    <p class='ocr_par' dir='ltr' id='par_1_17' title="bbox 476 1647 910 1705">
     <span class='ocr_line' id='line_1_17' title="bbox 476 1647 910 1705; baseline -0.012 -1"><span class='ocrx_word' id='word_1_122' title='bbox 476 1647 910 1705; x_wconf 90' lang='lat' dir='ltr'><strong>substantialem.</strong></span> 
     </span>
    </p>
   </div>
   <div class='ocr_carea' id='block_1_18' title="bbox 549 1732 2039 1809">
    <p class='ocr_par' dir='ltr' id='par_1_18' title="bbox 549 1732 2039 1809">
     <span class='ocr_line' id='line_1_18' title="bbox 549 1732 2039 1809; baseline -0.003 -17"><span class='ocrx_word' id='word_1_123' title='bbox 549 1738 905 1809; x_wconf 72' lang='lat' dir='ltr'><strong>Proprietate:</strong></span> <span class='ocrx_word' id='word_1_124' title='bbox 937 1736 1234 1808; x_wconf 86' lang='lat' dir='ltr'><strong>persanales</strong></span> <span class='ocrx_word' id='word_1_125' title='bbox 1284 1732 1515 1805; x_wconf 77' lang='lat' dir='ltr'><strong>Spiritus</strong></span> <span class='ocrx_word' id='word_1_126' title='bbox 1552 1735 1741 1789; x_wconf 82' lang='lat' dir='ltr'><strong>sancti.</strong></span> <span class='ocrx_word' id='word_1_127' title='bbox 1790 1765 1862 1774; x_wconf 96' lang='lat'>—</span> <span class='ocrx_word' id='word_1_128' title='bbox 1904 1732 2039 1788; x_wconf 86' lang='lat' dir='ltr'><strong>Pro-</strong></span> 
     </span>
    </p>
   </div>
   <div class='ocr_carea' id='block_1_19' title="bbox 2153 541 3715 614">
    <p class='ocr_par' dir='ltr' id='par_1_19' title="bbox 2153 541 3715 614">
     <span class='ocr_line' id='line_1_19' title="bbox 2153 541 3715 614; baseline 0.002 -17"><span class='ocrx_word' id='word_1_129' title='bbox 2153 542 2245 597; x_wconf 87' lang='lat' dir='ltr'><strong>sed</strong></span> <span class='ocrx_word' id='word_1_130' title='bbox 2288 541 2516 597; x_wconf 81' lang='lat' dir='ltr'><strong>Verbum</strong></span> <span class='ocrx_word' id='word_1_131' title='bbox 2543 544 2636 597; x_wconf 89' lang='lat' dir='ltr'><strong>Dei</strong></span> <span class='ocrx_word' id='word_1_132' title='bbox 2666 542 2776 614; x_wconf 84' lang='lat'><strong>(75)</strong></span> <span class='ocrx_word' id='word_1_133' title='bbox 2810 560 2824 596; x_wconf 93' lang='lat'><strong>:</strong></span> <span class='ocrx_word' id='word_1_134' title='bbox 2861 542 3091 598; x_wconf 64' lang='lat' dir='ltr'><strong>«Missus</strong></span> <span class='ocrx_word' id='word_1_135' title='bbox 3119 553 3324 606; x_wconf 90' lang='lat' dir='ltr'><strong>autem,</strong></span> <span class='ocrx_word' id='word_1_136' title='bbox 3358 543 3566 614; x_wconf 84' lang='lat' dir='ltr'><strong>inquit,</strong></span> <span class='ocrx_word' id='word_1_137' title='bbox 3603 560 3715 600; x_wconf 83' lang='lat' dir='ltr'><strong>non</strong></span> 
     </span>
    </p>
   </div>
   <div class='ocr_carea' id='block_1_20' title="bbox 2148 634 3717 705">
    <p class='ocr_par' dir='ltr' id='par_1_20' title="bbox 2148 634 3717 705">
     <span class='ocr_line' id='line_1_20' title="bbox 2148 634 3717 705; baseline 0 -14"><span class='ocrx_word' id='word_1_138' title='bbox 2148 644 2231 691; x_wconf 85' lang='lat' dir='ltr'><strong>est</strong></span> <span class='ocrx_word' id='word_1_139' title='bbox 2273 636 2447 701; x_wconf 91' lang='lat' dir='ltr'><strong>alius,</strong></span> <span class='ocrx_word' id='word_1_140' title='bbox 2500 652 2661 705; x_wconf 86' lang='lat' dir='ltr'><strong>quam</strong></span> <span class='ocrx_word' id='word_1_141' title='bbox 2695 634 2955 690; x_wconf 83' lang='lat' dir='ltr'><strong>Verbum.</strong></span> <span class='ocrx_word' id='word_1_142' title='bbox 2995 654 3015 688; x_wconf 72' lang='grc' dir='ltr'><strong><em>ι</em></strong></span> <span class='ocrx_word' id='word_1_143' title='bbox 3052 635 3302 691; x_wconf 88' lang='lat' dir='ltr'><strong>Divinum</strong></span> <span class='ocrx_word' id='word_1_144' title='bbox 3339 635 3441 691; x_wconf 88' lang='lat' dir='ltr'><strong>hoc</strong></span> <span class='ocrx_word' id='word_1_145' title='bbox 3479 635 3717 691; x_wconf 81' lang='lat' dir='ltr'><strong>Verbum</strong></span> 
     </span>
    </p>
   </div>
   <div class='ocr_carea' id='block_1_21' title="bbox 2148 723 3717 797">
    <p class='ocr_par' dir='ltr' id='par_1_21' title="bbox 2148 723 3717 797">
     <span class='ocr_line' id='line_1_21' title="bbox 2148 723 3717 797; baseline 0.002 -18"><span class='ocrx_word' id='word_1_146' title='bbox 2148 724 2425 781; x_wconf 81' lang='lat' dir='ltr'><strong>descendit</strong></span> <span class='ocrx_word' id='word_1_147' title='bbox 2474 725 2526 778; x_wconf 90' lang='lat' dir='ltr'><strong>in</strong></span> <span class='ocrx_word' id='word_1_148' title='bbox 2558 734 2805 779; x_wconf 89' lang='lat' dir='ltr'><strong>sanctam</strong></span> <span class='ocrx_word' id='word_1_149' title='bbox 2850 723 3128 795; x_wconf 81' lang='lat' dir='ltr'><strong>Virginem</strong></span> <span class='ocrx_word' id='word_1_150' title='bbox 3156 725 3379 779; x_wconf 79' lang='lat' dir='ltr'><strong>Mariam</strong></span> <span class='ocrx_word' id='word_1_151' title='bbox 3400 725 3536 797; x_wconf 87' lang='lat'><strong>(76),</strong></span> <span class='ocrx_word' id='word_1_152' title='bbox 3562 736 3617 781; x_wconf 87' lang='lat' dir='ltr'><strong>et</strong></span> <span class='ocrx_word' id='word_1_153' title='bbox 3647 743 3717 782; x_wconf 73' lang='lat' dir='ltr'><strong>ex</strong></span> 
     </span>
    </p>
   </div>
   <div class='ocr_carea' id='block_1_22' title="bbox 2145 817 3718 885">
    <p class='ocr_par' dir='ltr' id='par_1_22' title="bbox 2145 817 3718 885">
     <span class='ocr_line' id='line_1_22' title="bbox 2145 817 3718 885; baseline 0.002 -13"><span class='ocrx_word' id='word_1_154' title='bbox 2145 834 2210 872; x_wconf 90' lang='lat' dir='ltr'><strong>ea</strong></span> <span class='ocrx_word' id='word_1_155' title='bbox 2242 826 2326 872; x_wconf 89' lang='lat' dir='ltr'><strong>est</strong></span> <span class='ocrx_word' id='word_1_156' title='bbox 2360 818 2722 881; x_wconf 89' lang='lat' dir='ltr'><strong>incarnatum,</strong></span> <span class='ocrx_word' id='word_1_157' title='bbox 2755 828 2966 885; x_wconf 84' lang='lat' dir='ltr'><strong>sumpta</strong></span> <span class='ocrx_word' id='word_1_158' title='bbox 2996 817 3177 872; x_wconf 88' lang='lat' dir='ltr'><strong>anima</strong></span> <span class='ocrx_word' id='word_1_159' title='bbox 3200 819 3459 885; x_wconf 77' lang='lat' dir='ltr'><strong>humana,</strong></span> <span class='ocrx_word' id='word_1_160' title='bbox 3496 836 3516 870; x_wconf 75' lang='grc' dir='ltr'><strong><em>ι</em></strong></span> <span class='ocrx_word' id='word_1_161' title='bbox 3538 819 3718 875; x_wconf 78' lang='lat' dir='ltr'><strong>factus</strong></span> 
     </span>
    </p>
   </div>
   <div class='ocr_carea' id='block_1_23' title="bbox 2146 904 3714 979">
    <p class='ocr_par' dir='ltr' id='par_1_23' title="bbox 2146 904 3714 979">
     <span class='ocr_line' id='line_1_23' title="bbox 2146 904 3714 979; baseline 0.003 -21"><span class='ocrx_word' id='word_1_162' title='bbox 2146 904 2329 958; x_wconf 87' lang='lat' dir='ltr'><strong>omnia</strong></span> <span class='ocrx_word' id='word_1_163' title='bbox 2371 919 2709 976; x_wconf 59' lang='lat' dir='ltr'><strong>quaecunque</strong></span> <span class='ocrx_word' id='word_1_164' title='bbox 2731 905 2895 959; x_wconf 91' lang='lat' dir='ltr'><strong>homo</strong></span> <span class='ocrx_word' id='word_1_165' title='bbox 2917 916 3019 970; x_wconf 90' lang='lat' dir='ltr'><strong>est,</strong></span> <span class='ocrx_word' id='word_1_166' title='bbox 3045 916 3272 976; x_wconf 78' lang='lat' dir='ltr'><strong>excepto</strong></span> <span class='ocrx_word' id='word_1_167' title='bbox 3295 916 3516 977; x_wconf 88' lang='lat' dir='ltr'><strong>peccato</strong></span> <span class='ocrx_word' id='word_1_168' title='bbox 3538 909 3714 979; x_wconf 71' lang='grc'><strong>(77).»</strong></span> 
     </span>
    </p>
   </div>
   <div class='ocr_carea' id='block_1_24' title="bbox 2147 993 3716 1067">
    <p class='ocr_par' dir='ltr' id='par_1_24' title="bbox 2147 993 3716 1067">
     <span class='ocr_line' id='line_1_24' title="bbox 2147 993 3716 1067; baseline 0.004 -19"><span class='ocrx_word' id='word_1_169' title='bbox 2147 993 2261 1051; x_wconf 89' lang='lat' dir='ltr'><strong>Hoc</strong></span> <span class='ocrx_word' id='word_1_170' title='bbox 2303 995 2535 1052; x_wconf 86' lang='lat' dir='ltr'><strong>Verbum</strong></span> <span class='ocrx_word' id='word_1_171' title='bbox 2576 997 2665 1052; x_wconf 87' lang='lat' dir='ltr'><strong>Dei</strong></span> <span class='ocrx_word' id='word_1_172' title='bbox 2701 998 3029 1067; x_wconf 84' lang='lat' dir='ltr'><strong>appellatum</strong></span> <span class='ocrx_word' id='word_1_173' title='bbox 3064 1007 3149 1053; x_wconf 91' lang='lat' dir='ltr'><strong>est</strong></span> <span class='ocrx_word' id='word_1_174' title='bbox 3180 999 3273 1053; x_wconf 90' lang='lat' dir='ltr'><strong>Dei</strong></span> <span class='ocrx_word' id='word_1_175' title='bbox 3308 998 3478 1056; x_wconf 86' lang='lat' dir='ltr'><strong>Filius</strong></span> <span class='ocrx_word' id='word_1_176' title='bbox 3505 1000 3575 1055; x_wconf 89' lang='lat' dir='ltr'><strong>ab</strong></span> <span class='ocrx_word' id='word_1_177' title='bbox 3603 1000 3716 1054; x_wconf 86' lang='lat' dir='ltr'><strong>ini-</strong></span> 
     </span>
    </p>
   </div>
   <div class='ocr_carea' id='block_1_25' title="bbox 2146 1088 3711 1159">
    <p class='ocr_par' dir='ltr' id='par_1_25' title="bbox 2146 1088 3711 1159">
     <span class='ocr_line' id='line_1_25' title="bbox 2146 1088 3711 1159; baseline 0.003 -16"><span class='ocrx_word' id='word_1_178' title='bbox 2146 1088 2253 1153; x_wconf 55' lang='lat' dir='ltr'><strong>tio,</strong></span> <span class='ocrx_word' id='word_1_179' title='bbox 2273 1090 2398 1157; x_wconf 85' lang='lat' dir='ltr'><strong>quia</strong></span> <span class='ocrx_word' id='word_1_180' title='bbox 2427 1089 2481 1144; x_wconf 92' lang='lat' dir='ltr'><strong>in</strong></span> <span class='ocrx_word' id='word_1_181' title='bbox 2518 1098 2759 1159; x_wconf 86' lang='lat' dir='ltr'><strong>tempore</strong></span> <span class='ocrx_word' id='word_1_182' title='bbox 2793 1092 2933 1146; x_wconf 91' lang='lat' dir='ltr'><strong>inter</strong></span> <span class='ocrx_word' id='word_1_183' title='bbox 2972 1091 3224 1147; x_wconf 86' lang='lat' dir='ltr'><strong>homines</strong></span> <span class='ocrx_word' id='word_1_184' title='bbox 3256 1093 3405 1148; x_wconf 90' lang='lat' dir='ltr'><strong>nasci</strong></span> <span class='ocrx_word' id='word_1_185' title='bbox 3437 1093 3669 1148; x_wconf 84' lang='lat' dir='ltr'><strong>debebat</strong></span> <span class='ocrx_word' id='word_1_186' title='bbox 3695 1114 3711 1148; x_wconf 88' lang='lat'><strong>:</strong></span> 
     </span>
    </p>
   </div>
   <div class='ocr_carea' id='block_1_26' title="bbox 2149 1178 3716 1252">
    <p class='ocr_par' dir='ltr' id='par_1_26' title="bbox 2149 1178 3716 1252">
     <span class='ocr_line' id='line_1_26' title="bbox 2149 1178 3716 1252; baseline 0.004 -22"><span class='ocrx_word' id='word_1_187' title='bbox 2149 1197 2170 1230; x_wconf 67' lang='grc' dir='ltr'>ε</span> <span class='ocrx_word' id='word_1_188' title='bbox 2200 1179 2307 1234; x_wconf 83' lang='lat' dir='ltr'><strong>Nec</strong></span> <span class='ocrx_word' id='word_1_189' title='bbox 2340 1181 2485 1235; x_wconf 91' lang='lat' dir='ltr'><strong>enim</strong></span> <span class='ocrx_word' id='word_1_190' title='bbox 2529 1178 2767 1235; x_wconf 90' lang='lat' dir='ltr'><strong>Verbum</strong></span> <span class='ocrx_word' id='word_1_191' title='bbox 2822 1196 2919 1252; x_wconf 90' lang='lat' dir='ltr'><strong>per</strong></span> <span class='ocrx_word' id='word_1_192' title='bbox 2970 1197 3029 1237; x_wconf 87' lang='lat' dir='ltr'><strong>se</strong></span> <span class='ocrx_word' id='word_1_193' title='bbox 3076 1190 3130 1237; x_wconf 89' lang='lat' dir='ltr'><strong>et</strong></span> <span class='ocrx_word' id='word_1_194' title='bbox 3171 1182 3289 1237; x_wconf 90' lang='lat' dir='ltr'><strong>sine</strong></span> <span class='ocrx_word' id='word_1_195' title='bbox 3336 1197 3498 1237; x_wconf 91' lang='lat' dir='ltr'><strong>carne</strong></span> <span class='ocrx_word' id='word_1_196' title='bbox 3537 1182 3716 1237; x_wconf 78' lang='lat' dir='ltr'><strong>Filius</strong></span> 
     </span>
    </p>
   </div>
   <div class='ocr_carea' id='block_1_27' title="bbox 2142 1271 3713 1345">
    <p class='ocr_par' dir='ltr' id='par_1_27' title="bbox 2142 1271 3713 1345">
     <span class='ocr_line' id='line_1_27' title="bbox 2142 1271 3713 1345; baseline 0.003 -20"><span class='ocrx_word' id='word_1_197' title='bbox 2142 1271 2413 1342; x_wconf 74' lang='lat' dir='ltr'><strong>perfectus</strong></span> <span class='ocrx_word' id='word_1_198' title='bbox 2437 1281 2572 1336; x_wconf 88' lang='lat' dir='ltr'><strong>erat,</strong></span> <span class='ocrx_word' id='word_1_199' title='bbox 2596 1288 2718 1327; x_wconf 91' lang='lat' dir='ltr'><strong>cum</strong></span> <span class='ocrx_word' id='word_1_200' title='bbox 2753 1282 2931 1329; x_wconf 85' lang='lat' dir='ltr'><strong>tamen</strong></span> <span class='ocrx_word' id='word_1_201' title='bbox 2965 1283 3114 1330; x_wconf 87' lang='lat' dir='ltr'><strong>esset</strong></span> <span class='ocrx_word' id='word_1_202' title='bbox 3143 1273 3438 1345; x_wconf 81' lang='lat' dir='ltr'><strong>perfectum</strong></span> <span class='ocrx_word' id='word_1_203' title='bbox 3464 1273 3713 1330; x_wconf 88' lang='lat' dir='ltr'><strong>Verbum</strong></span> 
     </span>
    </p>
   </div>
   <div class='ocr_carea' id='block_1_28' title="bbox 2145 1364 3714 1439">
    <p class='ocr_par' dir='ltr' id='par_1_28' title="bbox 2145 1364 3714 1439">
     <span class='ocr_line' id='line_1_28' title="bbox 2145 1364 3714 1439; baseline 0.001 -18"><span class='ocrx_word' id='word_1_204' title='bbox 2145 1364 2468 1437; x_wconf 83' lang='lat' dir='ltr'><strong>Unigenitus</strong></span> <span class='ocrx_word' id='word_1_205' title='bbox 2497 1365 2631 1434; x_wconf 87' lang='lat'><strong>(78).</strong></span> <span class='ocrx_word' id='word_1_206' title='bbox 2668 1385 2687 1417; x_wconf 73' lang='grc' dir='ltr'><strong><em>ι</em></strong></span> <span class='ocrx_word' id='word_1_207' title='bbox 2734 1365 2850 1422; x_wconf 91' lang='lat' dir='ltr'><strong>Hoc</strong></span> <span class='ocrx_word' id='word_1_208' title='bbox 2894 1376 3006 1434; x_wconf 90' lang='lat' dir='ltr'><strong>est,</strong></span> <span class='ocrx_word' id='word_1_209' title='bbox 3056 1382 3164 1421; x_wconf 84' lang='lat' dir='ltr'><strong>non</strong></span> <span class='ocrx_word' id='word_1_210' title='bbox 3195 1375 3278 1423; x_wconf 88' lang='lat' dir='ltr'><strong>est</strong></span> <span class='ocrx_word' id='word_1_211' title='bbox 3311 1368 3535 1438; x_wconf 89' lang='lat' dir='ltr'><strong>adeptus</strong></span> <span class='ocrx_word' id='word_1_212' title='bbox 3581 1384 3714 1439; x_wconf 84' lang='lat' dir='ltr'><strong>per-</strong></span> 
     </span>
    </p>
   </div>
   <div class='ocr_carea' id='block_1_29' title="bbox 2140 1457 3711 1529">
    <p class='ocr_par' dir='ltr' id='par_1_29' title="bbox 2140 1457 3711 1529">
     <span class='ocr_line' id='line_1_29' title="bbox 2140 1457 3711 1529; baseline 0.001 -15"><span class='ocrx_word' id='word_1_213' title='bbox 2140 1457 2336 1514; x_wconf 81' lang='lat' dir='ltr'><strong>fectam</strong></span> <span class='ocrx_word' id='word_1_214' title='bbox 2366 1458 2679 1528; x_wconf 91' lang='lat' dir='ltr'><strong>qualitatem</strong></span> <span class='ocrx_word' id='word_1_215' title='bbox 2710 1458 2865 1524; x_wconf 85' lang='lat' dir='ltr'><strong>Filii,</strong></span> <span class='ocrx_word' id='word_1_216' title='bbox 2898 1459 3004 1514; x_wconf 89' lang='lat' dir='ltr'><strong>nisi</strong></span> <span class='ocrx_word' id='word_1_217' title='bbox 3052 1474 3148 1529; x_wconf 87' lang='lat' dir='ltr'><strong>per</strong></span> <span class='ocrx_word' id='word_1_218' title='bbox 3179 1459 3435 1515; x_wconf 90' lang='lat' dir='ltr'><strong>unionem</strong></span> <span class='ocrx_word' id='word_1_219' title='bbox 3471 1460 3711 1515; x_wconf 88' lang='lat' dir='ltr'><strong>duarum</strong></span> 
     </span>
    </p>
   </div>
   <div class='ocr_carea' id='block_1_30' title="bbox 2140 1548 3713 1620">
    <p class='ocr_par' dir='ltr' id='par_1_30' title="bbox 2140 1548 3713 1620">
     <span class='ocr_line' id='line_1_30' title="bbox 2140 1548 3713 1620; baseline 0.001 -16"><span class='ocrx_word' id='word_1_220' title='bbox 2140 1558 2480 1613; x_wconf 88' lang='lat' dir='ltr'><strong>naturarum,</strong></span> <span class='ocrx_word' id='word_1_221' title='bbox 2505 1564 2600 1619; x_wconf 88' lang='lat' dir='ltr'><strong>per</strong></span> <span class='ocrx_word' id='word_1_222' title='bbox 2627 1564 2791 1620; x_wconf 90' lang='lat' dir='ltr'><strong>quam</strong></span> <span class='ocrx_word' id='word_1_223' title='bbox 2818 1558 2871 1604; x_wconf 91' lang='lat' dir='ltr'><strong>et</strong></span> <span class='ocrx_word' id='word_1_224' title='bbox 2903 1548 3076 1605; x_wconf 90' lang='lat' dir='ltr'><strong>Filius</strong></span> <span class='ocrx_word' id='word_1_225' title='bbox 3104 1550 3219 1618; x_wconf 90' lang='lat' dir='ltr'><strong>Dei,</strong></span> <span class='ocrx_word' id='word_1_226' title='bbox 3248 1560 3304 1606; x_wconf 89' lang='lat' dir='ltr'><strong>et</strong></span> <span class='ocrx_word' id='word_1_227' title='bbox 3325 1551 3496 1606; x_wconf 85' lang='lat' dir='ltr'><strong>Filius</strong></span> <span class='ocrx_word' id='word_1_228' title='bbox 3526 1551 3713 1606; x_wconf 79' lang='lat' dir='ltr'><strong>homi-</strong></span> 
     </span>
    </p>
   </div>
   <div class='ocr_carea' id='block_1_31' title="bbox 2140 1640 2813 1697">
    <p class='ocr_par' dir='ltr' id='par_1_31' title="bbox 2140 1640 2813 1697">
     <span class='ocr_line' id='line_1_31' title="bbox 2140 1640 2813 1697; baseline 0 -2"><span class='ocrx_word' id='word_1_229' title='bbox 2140 1641 2227 1695; x_wconf 89' lang='lat' dir='ltr'><strong>nis</strong></span> <span class='ocrx_word' id='word_1_230' title='bbox 2258 1640 2419 1696; x_wconf 89' lang='lat' dir='ltr'><strong>simul</strong></span> <span class='ocrx_word' id='word_1_231' title='bbox 2453 1641 2678 1696; x_wconf 66' lang='lat' dir='ltr'><strong>eﬂ‘ectus</strong></span> <span class='ocrx_word' id='word_1_232' title='bbox 2711 1649 2813 1697; x_wconf 91' lang='lat' dir='ltr'><strong>est.</strong></span> 
     </span>
    </p>
   </div>
   <div class='ocr_carea' id='block_1_32' title="bbox 2214 1731 3712 1806">
    <p class='ocr_par' dir='ltr' id='par_1_32' title="bbox 2214 1731 3712 1806">
     <span class='ocr_line' id='line_1_32' title="bbox 2214 1731 3712 1806; baseline 0 -17"><span class='ocrx_word' id='word_1_233' title='bbox 2214 1733 2348 1789; x_wconf 90' lang='lat' dir='ltr'><strong>Unio</strong></span> <span class='ocrx_word' id='word_1_234' title='bbox 2368 1733 2594 1787; x_wconf 81' lang='lat' dir='ltr'><strong>duarum</strong></span> <span class='ocrx_word' id='word_1_235' title='bbox 2627 1745 2938 1789; x_wconf 84' lang='lat' dir='ltr'><strong>naturarum</strong></span> <span class='ocrx_word' id='word_1_236' title='bbox 2969 1731 3169 1789; x_wconf 75' lang='lat' dir='ltr'><strong>Christi</strong></span> <span class='ocrx_word' id='word_1_237' title='bbox 3203 1735 3259 1789; x_wconf 90' lang='lat' dir='ltr'><strong>in</strong></span> <span class='ocrx_word' id='word_1_238' title='bbox 3298 1752 3405 1789; x_wconf 86' lang='lat' dir='ltr'><strong>una</strong></span> <span class='ocrx_word' id='word_1_239' title='bbox 3438 1736 3554 1789; x_wconf 84' lang='lat' dir='ltr'><strong>sola</strong></span> <span class='ocrx_word' id='word_1_240' title='bbox 3586 1753 3712 1806; x_wconf 73' lang='lat' dir='ltr'><strong>per.</strong></span> 
     </span>
    </p>
   </div>
   <div class='ocr_carea' id='block_1_33' title="bbox 472 1821 3710 1905">
    <p class='ocr_par' dir='ltr' id='par_1_33' title="bbox 472 1821 3710 1905">
     <span class='ocr_line' id='line_1_33' title="bbox 472 1821 3710 1905; baseline -0.001 -17"><span class='ocrx_word' id='word_1_241' title='bbox 472 1834 732 1905; x_wconf 87' lang='lat' dir='ltr'><strong>prietates</strong></span> <span class='ocrx_word' id='word_1_242' title='bbox 754 1829 1071 1901; x_wconf 87' lang='lat' dir='ltr'><strong>personaies</strong></span> <span class='ocrx_word' id='word_1_243' title='bbox 1098 1826 1335 1897; x_wconf 80' lang='lat' dir='ltr'><strong>Spiritus</strong></span> <span class='ocrx_word' id='word_1_244' title='bbox 1360 1825 1537 1881; x_wconf 73' lang='lat' dir='ltr'><strong>sancti</strong></span> <span class='ocrx_word' id='word_1_245' title='bbox 1568 1824 1731 1881; x_wconf 84' lang='lat' dir='ltr'><strong>mOdO</strong></span> <span class='ocrx_word' id='word_1_246' title='bbox 1756 1834 2038 1880; x_wconf 75' lang='lat' dir='ltr'><strong>enumerat</strong></span> <span class='ocrx_word' id='word_1_247' title='bbox 2067 1821 2110 1877; x_wconf 88' lang='grc' dir='ltr'><strong>Β</strong></span> <span class='ocrx_word' id='word_1_248' title='bbox 2138 1846 2362 1885; x_wconf 85' lang='lat' dir='ltr'><strong>sonu.—</strong></span> <span class='ocrx_word' id='word_1_249' title='bbox 2378 1827 2628 1882; x_wconf 87' lang='lat' dir='ltr'><strong>Divinum</strong></span> <span class='ocrx_word' id='word_1_250' title='bbox 2648 1826 2907 1895; x_wconf 87' lang='lat' dir='ltr'><strong>Verbum,</strong></span> <span class='ocrx_word' id='word_1_251' title='bbox 2926 1826 3019 1882; x_wconf 83' lang='lat' dir='ltr'><strong>Dei</strong></span> <span class='ocrx_word' id='word_1_252' title='bbox 3034 1828 3710 1900; x_wconf 88' lang='lat' dir='ltr'><strong>primogenitum,unitum</strong></span> 
     </span>
    </p>
   </div>
   <div class='ocr_carea' id='block_1_34' title="bbox 476 1915 2036 1995">
    <p class='ocr_par' dir='ltr' id='par_1_34' title="bbox 476 1915 2036 1995">
     <span class='ocr_line' id='line_1_34' title="bbox 476 1915 2036 1995; baseline -0.008 -14"><span class='ocrx_word' id='word_1_253' title='bbox 476 1925 535 1981; x_wconf 91' lang='lat' dir='ltr'><strong>S.</strong></span> <span class='ocrx_word' id='word_1_254' title='bbox 572 1922 891 1995; x_wconf 80' lang='lat' dir='ltr'><strong>Hippolytus</strong></span> <span class='ocrx_word' id='word_1_255' title='bbox 925 1918 1073 1992; x_wconf 69' lang='lat'><strong>(74):</strong></span> <span class='ocrx_word' id='word_1_256' title='bbox 1114 1916 1244 1973; x_wconf 68' lang='lat' dir='ltr'><strong>«llic</strong></span> <span class='ocrx_word' id='word_1_257' title='bbox 1273 1926 1355 1972; x_wconf 90' lang='lat' dir='ltr'><strong>est</strong></span> <span class='ocrx_word' id='word_1_258' title='bbox 1382 1915 1619 1986; x_wconf 87' lang='lat' dir='ltr'><strong>Spiritus</strong></span> <span class='ocrx_word' id='word_1_259' title='bbox 1644 1915 1739 1986; x_wconf 91' lang='lat' dir='ltr'><strong>qui</strong></span> <span class='ocrx_word' id='word_1_260' title='bbox 1781 1916 1850 1971; x_wconf 91' lang='lat' dir='ltr'><strong>ab</strong></span> <span class='ocrx_word' id='word_1_261' title='bbox 1884 1916 2036 1969; x_wconf 86' lang='lat' dir='ltr'><strong>initio</strong></span> 
     </span>
    </p>
   </div>
   <div class='ocr_carea' id='block_1_35' title="bbox 472 1998 2035 2089">
    <p class='ocr_par' dir='ltr' id='par_1_35' title="bbox 472 1998 2035 2089">
     <span class='ocr_line' id='line_1_35' title="bbox 472 1998 2035 2089; baseline -0.006 -17"><span class='ocrx_word' id='word_1_262' title='bbox 472 2017 740 2089; x_wconf 78' lang='lat' dir='ltr'><strong>ferebatur</strong></span> <span class='ocrx_word' id='word_1_263' title='bbox 762 2028 914 2082; x_wconf 79' lang='lat' dir='ltr'><strong>super</strong></span> <span class='ocrx_word' id='word_1_264' title='bbox 942 1998 1104 2083; x_wconf 84' lang='lat' dir='ltr'><strong>aquas</strong></span> <span class='ocrx_word' id='word_1_265' title='bbox 1128 2010 1169 2075; x_wconf 82' lang='grc'><strong>⁸,</strong></span> <span class='ocrx_word' id='word_1_266' title='bbox 1200 2026 1297 2080; x_wconf 91' lang='lat' dir='ltr'><strong>per</strong></span> <span class='ocrx_word' id='word_1_267' title='bbox 1316 2024 1476 2079; x_wconf 88' lang='lat' dir='ltr'><strong>quem</strong></span> <span class='ocrx_word' id='word_1_268' title='bbox 1504 2016 1751 2062; x_wconf 82' lang='lat' dir='ltr'><strong>movetur</strong></span> <span class='ocrx_word' id='word_1_269' title='bbox 1779 2007 2035 2071; x_wconf 88' lang='lat' dir='ltr'><strong>mundus,</strong></span> 
     </span>
    </p>
   </div>
   <div class='ocr_carea' id='block_1_36' title="bbox 471 2100 2034 2170">
    <p class='ocr_par' dir='ltr' id='par_1_36' title="bbox 471 2100 2034 2170">
     <span class='ocr_line' id='line_1_36' title="bbox 471 2100 2034 2170; baseline -0.008 -5"><span class='ocrx_word' id='word_1_270' title='bbox 471 2120 667 2165; x_wconf 90' lang='lat' dir='ltr'><strong>natura</strong></span> <span class='ocrx_word' id='word_1_271' title='bbox 714 2115 894 2163; x_wconf 86' lang='lat' dir='ltr'><strong>creata</strong></span> <span class='ocrx_word' id='word_1_272' title='bbox 946 2104 1228 2164; x_wconf 89' lang='lat' dir='ltr'><strong>consistit,</strong></span> <span class='ocrx_word' id='word_1_273' title='bbox 1264 2102 1444 2157; x_wconf 90' lang='lat' dir='ltr'><strong>omnia</strong></span> <span class='ocrx_word' id='word_1_274' title='bbox 1488 2102 1654 2155; x_wconf 82' lang='lat' dir='ltr'><strong>vitam</strong></span> <span class='ocrx_word' id='word_1_275' title='bbox 1708 2100 1981 2170; x_wconf 92' lang='lat' dir='ltr'><strong>accipiunt</strong></span> <span class='ocrx_word' id='word_1_276' title='bbox 2020 2117 2034 2153; x_wconf 91' lang='lat'><strong>:</strong></span> 
     </span>
    </p>
   </div>
   <div class='ocr_carea' id='block_1_37' title="bbox 472 2192 2040 2279">
    <p class='ocr_par' dir='ltr' id='par_1_37' title="bbox 472 2192 2040 2279">
     <span class='ocr_line' id='line_1_37' title="bbox 472 2192 2040 2279; baseline -0.007 -20"><span class='ocrx_word' id='word_1_277' title='bbox 472 2204 566 2273; x_wconf 90' lang='lat' dir='ltr'><strong>qui</strong></span> <span class='ocrx_word' id='word_1_278' title='bbox 595 2203 648 2256; x_wconf 92' lang='lat' dir='ltr'><strong>in</strong></span> <span class='ocrx_word' id='word_1_279' title='bbox 672 2200 950 2279; x_wconf 88' lang='lat' dir='ltr'><strong>prophetis</strong></span> <span class='ocrx_word' id='word_1_280' title='bbox 978 2206 1232 2268; x_wconf 91' lang='lat' dir='ltr'><strong>operatus</strong></span> <span class='ocrx_word' id='word_1_281' title='bbox 1264 2202 1383 2261; x_wconf 89' lang='lat' dir='ltr'><strong>est,</strong></span> <span class='ocrx_word' id='word_1_282' title='bbox 1434 2194 1490 2247; x_wconf 91' lang='lat' dir='ltr'><strong>in</strong></span> <span class='ocrx_word' id='word_1_283' title='bbox 1520 2192 1795 2251; x_wconf 89' lang='lat' dir='ltr'><strong>Christum</strong></span> <span class='ocrx_word' id='word_1_284' title='bbox 1821 2194 2040 2251; x_wconf 83' lang='lat' dir='ltr'><strong>devola-</strong></span> 
     </span>
    </p>
   </div>
   <div class='ocr_carea' id='block_1_38' title="bbox 471 2285 2035 2360">
    <p class='ocr_par' dir='ltr' id='par_1_38' title="bbox 471 2285 2035 2360">
     <span class='ocr_line' id='line_1_38' title="bbox 471 2285 2035 2360; baseline -0.006 -11"><span class='ocrx_word' id='word_1_285' title='bbox 471 2296 569 2349; x_wconf 92' lang='lat' dir='ltr'><strong>vit.</strong></span> <span class='ocrx_word' id='word_1_286' title='bbox 613 2292 713 2348; x_wconf 89' lang='lat' dir='ltr'><strong>Hic</strong></span> <span class='ocrx_word' id='word_1_287' title='bbox 762 2299 847 2346; x_wconf 88' lang='lat' dir='ltr'><strong>est</strong></span> <span class='ocrx_word' id='word_1_288' title='bbox 888 2289 1124 2360; x_wconf 91' lang='lat' dir='ltr'><strong>Spiritus</strong></span> <span class='ocrx_word' id='word_1_289' title='bbox 1168 2286 1347 2356; x_wconf 89' lang='lat' dir='ltr'><strong>specie</strong></span> <span class='ocrx_word' id='word_1_290' title='bbox 1397 2285 1707 2356; x_wconf 79' lang='lat' dir='ltr'><strong>linguarum</strong></span> <span class='ocrx_word' id='word_1_291' title='bbox 1752 2286 2035 2357; x_wconf 91' lang='lat' dir='ltr'><strong>ignearum</strong></span> 
     </span>
    </p>
   </div>
   <div class='ocr_carea' id='block_1_39' title="bbox 471 2374 2036 2455">
    <p class='ocr_par' dir='ltr' id='par_1_39' title="bbox 471 2374 2036 2455">
     <span class='ocr_line' id='line_1_39' title="bbox 471 2374 2036 2455; baseline -0.008 -13"><span class='ocrx_word' id='word_1_292' title='bbox 471 2388 629 2442; x_wconf 87' lang='lat' dir='ltr'><strong>datus</strong></span> <span class='ocrx_word' id='word_1_293' title='bbox 658 2382 921 2455; x_wconf 92' lang='lat' dir='ltr'><strong>apostolis</strong></span> <span class='ocrx_word' id='word_1_294' title='bbox 947 2399 961 2448; x_wconf 92' lang='lat'><strong>;</strong></span> <span class='ocrx_word' id='word_1_295' title='bbox 986 2380 1054 2435; x_wconf 93' lang='lat' dir='ltr'><strong>de</strong></span> <span class='ocrx_word' id='word_1_296' title='bbox 1084 2380 1188 2433; x_wconf 88' lang='lat' dir='ltr'><strong>hoc</strong></span> <span class='ocrx_word' id='word_1_297' title='bbox 1216 2377 1435 2432; x_wconf 87' lang='lat' dir='ltr'><strong>Gabriel</strong></span> <span class='ocrx_word' id='word_1_298' title='bbox 1462 2376 1531 2431; x_wconf 92' lang='lat' dir='ltr'><strong>ad</strong></span> <span class='ocrx_word' id='word_1_299' title='bbox 1563 2375 1839 2447; x_wconf 86' lang='lat' dir='ltr'><strong>Virginem</strong></span> <span class='ocrx_word' id='word_1_300' title='bbox 1869 2395 1881 2431; x_wconf 89' lang='lat'><strong>:</strong></span> <span class='ocrx_word' id='word_1_301' title='bbox 1909 2374 2036 2447; x_wconf 91' lang='lat' dir='ltr'><strong>Spi-</strong></span> 
     </span>
    </p>
   </div>
   <div class='ocr_carea' id='block_1_40' title="bbox 471 2466 2039 2542">
    <p class='ocr_par' dir='ltr' id='par_1_40' title="bbox 471 2466 2039 2542">
     <span class='ocr_line' id='line_1_40' title="bbox 471 2466 2039 2542; baseline -0.003 -13"><span class='ocrx_word' id='word_1_302' title='bbox 471 2476 607 2529; x_wconf 80' lang='lat' dir='ltr'><strong>ritus</strong></span> <span class='ocrx_word' id='word_1_303' title='bbox 651 2484 865 2529; x_wconf 85' lang='lat' dir='ltr'><strong>sanctus</strong></span> <span class='ocrx_word' id='word_1_304' title='bbox 910 2472 1231 2542; x_wconf 76' lang='lat' dir='ltr'><strong>superveniet</strong></span> <span class='ocrx_word' id='word_1_305' title='bbox 1282 2470 1339 2523; x_wconf 88' lang='lat' dir='ltr'><strong>in</strong></span> <span class='ocrx_word' id='word_1_306' title='bbox 1382 2475 1512 2537; x_wconf 75' lang='lat' dir='ltr'><strong>te&#39;,</strong></span> <span class='ocrx_word' id='word_1_307' title='bbox 1564 2480 1668 2524; x_wconf 90' lang='lat' dir='ltr'><strong>etc.</strong></span> <span class='ocrx_word' id='word_1_308' title='bbox 1740 2466 1844 2523; x_wconf 90' lang='lat' dir='ltr'><strong>Per</strong></span> <span class='ocrx_word' id='word_1_309' title='bbox 1892 2470 2039 2525; x_wconf 88' lang='lat' dir='ltr'><strong>hunc</strong></span> 
     </span>
    </p>
   </div>
   <div class='ocr_carea' id='block_1_41' title="bbox 475 2558 2029 2638">
    <p class='ocr_par' dir='ltr' id='par_1_41' title="bbox 475 2558 2029 2638">
     <span class='ocr_line' id='line_1_41' title="bbox 475 2558 2029 2638; baseline -0.005 -16"><span class='ocrx_word' id='word_1_310' title='bbox 475 2565 735 2638; x_wconf 89' lang='lat' dir='ltr'><strong>Spiritum</strong></span> <span class='ocrx_word' id='word_1_311' title='bbox 769 2565 963 2621; x_wconf 83' lang='lat' dir='ltr'><strong>Petrus</strong></span> <span class='ocrx_word' id='word_1_312' title='bbox 993 2565 1206 2620; x_wconf 77' lang='lat' dir='ltr'><strong>beatam</strong></span> <span class='ocrx_word' id='word_1_313' title='bbox 1261 2560 1408 2615; x_wconf 88' lang='lat' dir='ltr'><strong>illam</strong></span> <span class='ocrx_word' id='word_1_314' title='bbox 1451 2575 1642 2615; x_wconf 88' lang='lat' dir='ltr'><strong>vocem</strong></span> <span class='ocrx_word' id='word_1_315' title='bbox 1678 2558 1873 2616; x_wconf 81' lang='lat' dir='ltr'><strong>el&#39;l‘atus</strong></span> <span class='ocrx_word' id='word_1_316' title='bbox 1914 2569 2029 2615; x_wconf 90' lang='lat' dir='ltr'><strong>est:</strong></span> 
     </span>
    </p>
   </div>
   <div class='ocr_carea' id='block_1_42' title="bbox 475 2651 2037 2723">
    <p class='ocr_par' dir='ltr' id='par_1_42' title="bbox 475 2651 2037 2723">
     <span class='ocr_line' id='line_1_42' title="bbox 475 2651 2037 2723; baseline -0.006 -8"><span class='ocrx_word' id='word_1_317' title='bbox 475 2657 554 2714; x_wconf 84' lang='lat' dir='ltr'><strong>Tu</strong></span> <span class='ocrx_word' id='word_1_318' title='bbox 586 2675 640 2714; x_wconf 85' lang='lat' dir='ltr'><strong>es</strong></span> <span class='ocrx_word' id='word_1_319' title='bbox 668 2656 909 2713; x_wconf 80' lang='lat' dir='ltr'><strong>Christus</strong></span> <span class='ocrx_word' id='word_1_320' title='bbox 941 2654 989 2710; x_wconf 84' lang='lat' dir='ltr'><em>F</em></span> <span class='ocrx_word' id='word_1_321' title='bbox 992 2657 1117 2709; x_wconf 84' lang='lat' dir='ltr'><strong>ilius</strong></span> <span class='ocrx_word' id='word_1_322' title='bbox 1154 2654 1249 2708; x_wconf 87' lang='lat' dir='ltr'><strong>Dei</strong></span> <span class='ocrx_word' id='word_1_323' title='bbox 1273 2653 1543 2719; x_wconf 76' lang='lat' dir='ltr'><strong>viventis&quot;;</strong></span> <span class='ocrx_word' id='word_1_324' title='bbox 1568 2668 1663 2723; x_wconf 91' lang='lat' dir='ltr'><strong>per</strong></span> <span class='ocrx_word' id='word_1_325' title='bbox 1695 2652 1839 2707; x_wconf 91' lang='lat' dir='ltr'><strong>hunc</strong></span> <span class='ocrx_word' id='word_1_326' title='bbox 1866 2651 2037 2722; x_wconf 86' lang='lat' dir='ltr'><strong>Spiri-</strong></span> 
     </span>
    </p>
   </div>
   <div class='ocr_carea' id='block_1_43' title="bbox 469 2744 2038 2817">
    <p class='ocr_par' dir='ltr' id='par_1_43' title="bbox 469 2744 2038 2817">
     <span class='ocr_line' id='line_1_43' title="bbox 469 2744 2038 2817; baseline -0.004 -10"><span class='ocrx_word' id='word_1_327' title='bbox 469 2760 585 2807; x_wconf 87' lang='lat' dir='ltr'><strong>tum</strong></span> <span class='ocrx_word' id='word_1_328' title='bbox 616 2751 822 2805; x_wconf 82' lang='lat' dir='ltr'><strong>tirmata</strong></span> <span class='ocrx_word' id='word_1_329' title='bbox 857 2748 1113 2805; x_wconf 76' lang='lat' dir='ltr'><strong>Ecclesia:</strong></span> <span class='ocrx_word' id='word_1_330' title='bbox 1143 2755 1294 2817; x_wconf 88' lang='lat' dir='ltr'><strong>petra</strong></span> <span class='ocrx_word' id='word_1_331' title='bbox 1328 2756 1429 2800; x_wconf 90' lang='lat' dir='ltr'><strong>est.</strong></span> <span class='ocrx_word' id='word_1_332' title='bbox 1467 2744 1707 2799; x_wconf 87' lang='lat' dir='ltr'><strong>Tandem</strong></span> <span class='ocrx_word' id='word_1_333' title='bbox 1756 2759 1855 2815; x_wconf 90' lang='lat' dir='ltr'><strong>per</strong></span> <span class='ocrx_word' id='word_1_334' title='bbox 1890 2744 2038 2801; x_wconf 87' lang='lat' dir='ltr'><strong>hunc</strong></span> 
     </span>
    </p>
   </div>
   <div class='ocr_carea' id='block_1_44' title="bbox 472 2835 2037 2915">
    <p class='ocr_par' dir='ltr' id='par_1_44' title="bbox 472 2835 2037 2915">
     <span class='ocr_line' id='line_1_44' title="bbox 472 2835 2037 2915; baseline -0.004 -16"><span class='ocrx_word' id='word_1_335' title='bbox 472 2840 757 2915; x_wconf 84' lang='lat' dir='ltr'><strong>Spiritum,</strong></span> <span class='ocrx_word' id='word_1_336' title='bbox 793 2841 1145 2912; x_wconf 90' lang='lat' dir='ltr'><strong>conjunctum</strong></span> <span class='ocrx_word' id='word_1_337' title='bbox 1178 2854 1302 2894; x_wconf 89' lang='lat' dir='ltr'><strong>cum</strong></span> <span class='ocrx_word' id='word_1_338' title='bbox 1337 2853 1479 2908; x_wconf 88' lang='lat' dir='ltr'><strong>aqua</strong></span> <span class='ocrx_word' id='word_1_339' title='bbox 1508 2835 1858 2908; x_wconf 89' lang='lat' dir='ltr'><strong>(baptismi),</strong></span> <span class='ocrx_word' id='word_1_340' title='bbox 1882 2851 2037 2908; x_wconf 85' lang='lat' dir='ltr'><strong>rege-</strong></span> 
     </span>
    </p>
   </div>
   <div class='ocr_carea' id='block_1_45' title="bbox 469 2930 2036 2996">
    <p class='ocr_par' dir='ltr' id='par_1_45' title="bbox 469 2930 2036 2996">
     <span class='ocr_line' id='line_1_45' title="bbox 469 2930 2036 2996; baseline -0.004 -4"><span class='ocrx_word' id='word_1_341' title='bbox 469 2944 692 2992; x_wconf 86' lang='lat' dir='ltr'><strong>neratus</strong></span> <span class='ocrx_word' id='word_1_342' title='bbox 722 2935 888 2990; x_wconf 91' lang='lat' dir='ltr'><strong>homo</strong></span> <span class='ocrx_word' id='word_1_343' title='bbox 917 2933 1242 2996; x_wconf 89' lang='lat' dir='ltr'><strong>vivilicatur,</strong></span> <span class='ocrx_word' id='word_1_344' title='bbox 1266 2947 1335 2986; x_wconf 81' lang='lat' dir='ltr'><strong>ex</strong></span> <span class='ocrx_word' id='word_1_345' title='bbox 1364 2932 1626 2986; x_wconf 83' lang='lat' dir='ltr'><strong>servitute</strong></span> <span class='ocrx_word' id='word_1_346' title='bbox 1652 2930 1705 2985; x_wconf 90' lang='lat' dir='ltr'><strong>in</strong></span> <span class='ocrx_word' id='word_1_347' title='bbox 1732 2930 2036 2986; x_wconf 89' lang='lat' dir='ltr'><strong>libertatem</strong></span> 
     </span>
    </p>
   </div>
   <div class='ocr_carea' id='block_1_46' title="bbox 469 3022 2036 3099">
    <p class='ocr_par' dir='ltr' id='par_1_46' title="bbox 469 3022 2036 3099">
     <span class='ocr_line' id='line_1_46' title="bbox 469 3022 2036 3099; baseline -0.006 -12"><span class='ocrx_word' id='word_1_348' title='bbox 469 3031 701 3097; x_wconf 84' lang='lat' dir='ltr'><strong>transit,</strong></span> <span class='ocrx_word' id='word_1_349' title='bbox 741 3044 809 3084; x_wconf 81' lang='lat' dir='ltr'><strong>ex</strong></span> <span class='ocrx_word' id='word_1_350' title='bbox 851 3025 1134 3099; x_wconf 88' lang='lat' dir='ltr'><strong>tyrannide</strong></span> <span class='ocrx_word' id='word_1_351' title='bbox 1176 3024 1240 3079; x_wconf 90' lang='lat' dir='ltr'><strong>ad</strong></span> <span class='ocrx_word' id='word_1_352' title='bbox 1272 3038 1534 3094; x_wconf 85' lang='lat' dir='ltr'><strong>regnum,</strong></span> <span class='ocrx_word' id='word_1_353' title='bbox 1589 3038 1657 3078; x_wconf 82' lang='lat' dir='ltr'><strong>ex</strong></span> <span class='ocrx_word' id='word_1_354' title='bbox 1686 3022 2036 3093; x_wconf 88' lang='lat' dir='ltr'><strong>corruptione</strong></span> 
     </span>
    </p>
   </div>
   <div class='ocr_carea' id='block_1_47' title="bbox 469 3115 2103 3217">
    <p class='ocr_par' dir='ltr' id='par_1_47' title="bbox 469 3115 2103 3217">
     <span class='ocr_line' id='line_1_47' title="bbox 469 3115 2103 3217; baseline -0.006 -37"><span class='ocrx_word' id='word_1_355' title='bbox 469 3124 539 3180; x_wconf 87' lang='lat' dir='ltr'><strong>ad</strong></span> <span class='ocrx_word' id='word_1_356' title='bbox 597 3119 1179 3186; x_wconf 80' lang='lat' dir='ltr'><strong>incorruptibilitatem.</strong></span> <span class='ocrx_word' id='word_1_357' title='bbox 1226 3136 1245 3169; x_wconf 73' lang='grc' dir='ltr'><strong><em>ι</em></strong></span> <span class='ocrx_word' id='word_1_358' title='bbox 1310 3115 1437 3172; x_wconf 69' lang='lat' dir='ltr'><strong>Haec</strong></span> <span class='ocrx_word' id='word_1_359' title='bbox 1485 3124 1613 3172; x_wconf 79' lang='lat' dir='ltr'><strong>sunt</strong></span> <span class='ocrx_word' id='word_1_360' title='bbox 1670 3117 2031 3185; x_wconf 85' lang='lat' dir='ltr'><strong>notabiliora,</strong></span> <span class='ocrx_word' id='word_1_361' title='bbox 2058 3158 2103 3217; x_wconf 63' lang='grc' dir='ltr'>α</span> 
     </span>
    </p>
   </div>
   <div class='ocr_carea' id='block_1_48' title="bbox 468 3208 2032 3286">
    <p class='ocr_par' dir='ltr' id='par_1_48' title="bbox 468 3208 2032 3286">
     <span class='ocr_line' id='line_1_48' title="bbox 468 3208 2032 3286; baseline -0.003 -15"><span class='ocrx_word' id='word_1_362' title='bbox 468 3231 592 3286; x_wconf 70' lang='lat' dir='ltr'><strong>quae</strong></span> <span class='ocrx_word' id='word_1_363' title='bbox 620 3215 674 3269; x_wconf 91' lang='lat' dir='ltr'><strong>in</strong></span> <span class='ocrx_word' id='word_1_364' title='bbox 704 3214 829 3268; x_wconf 90' lang='lat' dir='ltr'><strong>divo</strong></span> <span class='ocrx_word' id='word_1_365' title='bbox 849 3210 1135 3283; x_wconf 89' lang='lat' dir='ltr'><strong>Hippolyto</strong></span> <span class='ocrx_word' id='word_1_366' title='bbox 1156 3216 1452 3265; x_wconf 90' lang='lat' dir='ltr'><strong>occurrunt</strong></span> <span class='ocrx_word' id='word_1_367' title='bbox 1475 3208 1655 3280; x_wconf 87' lang='lat' dir='ltr'><strong>quoad</strong></span> <span class='ocrx_word' id='word_1_368' title='bbox 1684 3218 1795 3265; x_wconf 90' lang='lat' dir='ltr'><strong>tres</strong></span> <span class='ocrx_word' id='word_1_369' title='bbox 1816 3209 2032 3267; x_wconf 88' lang='lat' dir='ltr'><strong>divinas</strong></span> 
     </span>
    </p>
   </div>
   <div class='ocr_carea' id='block_1_49' title="bbox 474 3305 765 3363">
    <p class='ocr_par' dir='ltr' id='par_1_49' title="bbox 474 3305 765 3363">
     <span class='ocr_line' id='line_1_49' title="bbox 474 3305 765 3363; baseline -0.014 0"><span class='ocrx_word' id='word_1_370' title='bbox 474 3305 765 3363; x_wconf 85' lang='lat' dir='ltr'><strong>Personas.</strong></span> 
     </span>
    </p>
   </div>
   <div class='ocr_carea' id='block_1_50' title="bbox 992 3412 1512 3470">
    <p class='ocr_par' dir='ltr' id='par_1_50' title="bbox 992 3412 1512 3470">
     <span class='ocr_line' id='line_1_50' title="bbox 992 3412 1512 3470; baseline 0 -2"><span class='ocrx_word' id='word_1_371' title='bbox 992 3412 1388 3470; x_wconf 80' lang='lat' dir='ltr'><strong>ARTICULUS</strong></span> <span class='ocrx_word' id='word_1_372' title='bbox 1423 3412 1512 3469; x_wconf 88' lang='lat' dir='ltr'><strong>Vl.</strong></span> 
     </span>
    </p>
   </div>
   <div class='ocr_carea' id='block_1_51' title="bbox 467 3497 2031 3572">
    <p class='ocr_par' dir='ltr' id='par_1_51' title="bbox 467 3497 2031 3572">
     <span class='ocr_line' id='line_1_51' title="bbox 467 3497 2031 3572; baseline -0.003 -4"><span class='ocrx_word' id='word_1_373' title='bbox 467 3497 536 3568; x_wconf 44' lang='lat' dir='ltr'><strong>Di;</strong></span> <span class='ocrx_word' id='word_1_374' title='bbox 574 3524 837 3566; x_wconf 69' lang='grc' dir='ltr'><strong>υῐδτειιιο</strong></span> <span class='ocrx_word' id='word_1_375' title='bbox 876 3523 1318 3572; x_wconf 65' lang='grc' dir='ltr'><strong>ιΝῦΑιικΑτιοΝΙΒ,</strong></span> <span class='ocrx_word' id='word_1_376' title='bbox 1352 3522 1422 3561; x_wconf 79' lang='grc' dir='ltr'><strong>ΕΤ</strong></span> <span class='ocrx_word' id='word_1_377' title='bbox 1457 3522 1671 3562; x_wconf 79' lang='grc' dir='ltr'><strong>υυΑιιωι</strong></span> <span class='ocrx_word' id='word_1_378' title='bbox 1705 3521 2031 3564; x_wconf 69' lang='grc' dir='ltr'><strong>ΝΔἸὌΚΑῘΠΙΙ</strong></span> 
     </span>
    </p>
   </div>
   <div class='ocr_carea' id='block_1_52' title="bbox 855 3593 1610 3635">
    <p class='ocr_par' dir='ltr' id='par_1_52' title="bbox 855 3593 1610 3635">
     <span class='ocr_line' id='line_1_52' title="bbox 855 3593 1610 3635; baseline 0 -2"><span class='ocrx_word' id='word_1_379' title='bbox 855 3594 1228 3635; x_wconf 72' lang='lat' dir='ltr'><strong>DISTINCTIONE</strong></span> <span class='ocrx_word' id='word_1_380' title='bbox 1268 3593 1319 3631; x_wconf 77' lang='lat' dir='ltr'><strong>IN</strong></span> <span class='ocrx_word' id='word_1_381' title='bbox 1356 3593 1610 3633; x_wconf 73' lang='lat' dir='ltr'><strong>CHRISTO.</strong></span> 
     </span>
    </p>
   </div>
   <div class='ocr_carea' id='block_1_53' title="bbox 540 3666 2031 3725">
    <p class='ocr_par' dir='ltr' id='par_1_53' title="bbox 540 3666 2031 3725">
     <span class='ocr_line' id='line_1_53' title="bbox 540 3666 2031 3725; baseline 0.001 -1"><span class='ocrx_word' id='word_1_382' title='bbox 540 3668 697 3725; x_wconf 85' lang='lat' dir='ltr'><strong>Solus</strong></span> <span class='ocrx_word' id='word_1_383' title='bbox 743 3668 793 3724; x_wconf 84' lang='lat' dir='ltr'><em>F</em></span> <span class='ocrx_word' id='word_1_384' title='bbox 795 3668 920 3723; x_wconf 87' lang='lat' dir='ltr'><strong>ilius</strong></span> <span class='ocrx_word' id='word_1_385' title='bbox 963 3668 1292 3722; x_wconf 86' lang='lat' dir='ltr'><strong>incarnatus.</strong></span> <span class='ocrx_word' id='word_1_386' title='bbox 1330 3697 1403 3707; x_wconf 95' lang='lat'><strong>—</strong></span> <span class='ocrx_word' id='word_1_387' title='bbox 1440 3666 1557 3722; x_wconf 91' lang='lat' dir='ltr'><strong>Non</strong></span> <span class='ocrx_word' id='word_1_388' title='bbox 1591 3669 1772 3725; x_wconf 91' lang='lat' dir='ltr'><strong>minus</strong></span> <span class='ocrx_word' id='word_1_389' title='bbox 1797 3669 2031 3725; x_wconf 89' lang='lat' dir='ltr'><strong>dilucide</strong></span> 
     </span>
    </p>
   </div>
   <div class='ocr_carea' id='block_1_54' title="bbox 465 3759 2029 3834">
    <p class='ocr_par' dir='ltr' id='par_1_54' title="bbox 465 3759 2029 3834">
     <span class='ocr_line' id='line_1_54' title="bbox 465 3759 2029 3834; baseline -0.002 -16"><span class='ocrx_word' id='word_1_390' title='bbox 465 3763 689 3834; x_wconf 69' lang='lat' dir='ltr'><strong>esponit</strong></span> <span class='ocrx_word' id='word_1_391' title='bbox 721 3771 941 3819; x_wconf 90' lang='lat' dir='ltr'><strong>sanctus</strong></span> <span class='ocrx_word' id='word_1_392' title='bbox 974 3759 1291 3814; x_wconf 90' lang='lat' dir='ltr'><strong>Portuensis</strong></span> <span class='ocrx_word' id='word_1_393' title='bbox 1332 3759 1618 3829; x_wconf 89' lang='lat' dir='ltr'><strong>episcopus</strong></span> <span class='ocrx_word' id='word_1_394' title='bbox 1667 3768 1852 3817; x_wconf 91' lang='lat' dir='ltr'><strong>noster</strong></span> <span class='ocrx_word' id='word_1_395' title='bbox 1896 3776 2029 3816; x_wconf 89' lang='lat' dir='ltr'><strong>san-</strong></span> 
     </span>
    </p>
   </div>
   <div class='ocr_carea' id='block_1_55' title="bbox 465 3850 2029 3923">
    <p class='ocr_par' dir='ltr' id='par_1_55' title="bbox 465 3850 2029 3923">
     <span class='ocr_line' id='line_1_55' title="bbox 465 3850 2029 3923; baseline -0.004 -10"><span class='ocrx_word' id='word_1_396' title='bbox 465 3857 770 3913; x_wconf 89' lang='lat' dir='ltr'><strong>ctissimum</strong></span> <span class='ocrx_word' id='word_1_397' title='bbox 827 3850 1220 3907; x_wconf 87' lang='lat' dir='ltr'><strong>incarnationis</strong></span> <span class='ocrx_word' id='word_1_398' title='bbox 1267 3851 1627 3921; x_wconf 83' lang='lat' dir='ltr'><strong>mysterium,</strong></span> <span class='ocrx_word' id='word_1_399' title='bbox 1673 3851 1916 3923; x_wconf 91' lang='lat' dir='ltr'><strong>duasque</strong></span> <span class='ocrx_word' id='word_1_400' title='bbox 1972 3852 2029 3907; x_wconf 86' lang='lat' dir='ltr'><strong>in</strong></span> 
     </span>
    </p>
   </div>
   <div class='ocr_carea' id='block_1_56' title="bbox 465 3942 2030 4005">
    <p class='ocr_par' dir='ltr' id='par_1_56' title="bbox 465 3942 2030 4005">
     <span class='ocr_line' id='line_1_56' title="bbox 465 3942 2030 4005; baseline -0.002 -2"><span class='ocrx_word' id='word_1_401' title='bbox 465 3949 698 4005; x_wconf 89' lang='lat' dir='ltr'><strong>Domino</strong></span> <span class='ocrx_word' id='word_1_402' title='bbox 731 3954 919 4002; x_wconf 91' lang='lat' dir='ltr'><strong>nostro</strong></span> <span class='ocrx_word' id='word_1_403' title='bbox 952 3943 1083 3999; x_wconf 86' lang='lat' dir='ltr'><strong>Jesu</strong></span> <span class='ocrx_word' id='word_1_404' title='bbox 1106 3942 1325 3999; x_wconf 86' lang='lat' dir='ltr'><strong>Christo</strong></span> <span class='ocrx_word' id='word_1_405' title='bbox 1355 3943 1580 3998; x_wconf 89' lang='lat' dir='ltr'><strong>omnino</strong></span> <span class='ocrx_word' id='word_1_406' title='bbox 1616 3943 1902 4000; x_wconf 89' lang='lat' dir='ltr'><strong>distinctas</strong></span> <span class='ocrx_word' id='word_1_407' title='bbox 1930 3961 2030 4001; x_wconf 91' lang='lat' dir='ltr'><strong>na-</strong></span> 
     </span>
    </p>
   </div>
   <div class='ocr_carea' id='block_1_57' title="bbox 463 4033 2023 4103">
    <p class='ocr_par' dir='ltr' id='par_1_57' title="bbox 463 4033 2023 4103">
     <span class='ocr_line' id='line_1_57' title="bbox 463 4033 2023 4103; baseline -0.001 -10"><span class='ocrx_word' id='word_1_408' title='bbox 463 4046 617 4094; x_wconf 82' lang='lat' dir='ltr'><strong>turas</strong></span> <span class='ocrx_word' id='word_1_409' title='bbox 638 4076 654 4103; x_wconf 92' lang='lat'><strong>,</strong></span> <span class='ocrx_word' id='word_1_410' title='bbox 685 4036 925 4091; x_wconf 84' lang='lat' dir='ltr'><strong>divinam</strong></span> <span class='ocrx_word' id='word_1_411' title='bbox 956 4033 1215 4088; x_wconf 88' lang='lat' dir='ltr'><strong>nimirum</strong></span> <span class='ocrx_word' id='word_1_412' title='bbox 1258 4040 1313 4087; x_wconf 90' lang='lat' dir='ltr'><strong>et</strong></span> <span class='ocrx_word' id='word_1_413' title='bbox 1361 4033 1686 4097; x_wconf 88' lang='lat' dir='ltr'><strong>humanam,</strong></span> <span class='ocrx_word' id='word_1_414' title='bbox 1719 4034 2023 4103; x_wconf 86' lang='lat' dir='ltr'><strong>proﬁtetur.</strong></span> 
     </span>
    </p>
   </div>
   <div class='ocr_carea' id='block_1_58' title="bbox 463 4122 2028 4199">
    <p class='ocr_par' dir='ltr' id='par_1_58' title="bbox 463 4122 2028 4199">
     <span class='ocr_line' id='line_1_58' title="bbox 463 4122 2028 4199; baseline -0.003 -15"><span class='ocrx_word' id='word_1_415' title='bbox 463 4128 642 4199; x_wconf 80' lang='lat' dir='ltr'><strong>Atque</strong></span> <span class='ocrx_word' id='word_1_416' title='bbox 674 4127 854 4197; x_wconf 86' lang='lat' dir='ltr'><strong>primo</strong></span> <span class='ocrx_word' id='word_1_417' title='bbox 882 4126 1043 4181; x_wconf 86' lang='lat' dir='ltr'><strong>docet</strong></span> <span class='ocrx_word' id='word_1_418' title='bbox 1071 4123 1131 4179; x_wconf 90' lang='lat' dir='ltr'><strong>S.</strong></span> <span class='ocrx_word' id='word_1_419' title='bbox 1162 4122 1483 4195; x_wconf 78' lang='lat' dir='ltr'><strong>Hippolytus</strong></span> <span class='ocrx_word' id='word_1_420' title='bbox 1512 4138 1613 4179; x_wconf 89' lang='lat' dir='ltr'><strong>nec</strong></span> <span class='ocrx_word' id='word_1_421' title='bbox 1642 4122 1856 4182; x_wconf 89' lang='lat' dir='ltr'><strong>Patrem</strong></span> <span class='ocrx_word' id='word_1_422' title='bbox 1879 4167 1895 4195; x_wconf 95' lang='lat'><strong>,</strong></span> <span class='ocrx_word' id='word_1_423' title='bbox 1926 4144 2028 4185; x_wconf 83' lang='lat' dir='ltr'><strong>nec</strong></span> 
     </span>
    </p>
   </div>
   <div class='ocr_carea' id='block_1_59' title="bbox 2139 1919 3713 1993">
    <p class='ocr_par' dir='ltr' id='par_1_59' title="bbox 2139 1919 3713 1993">
     <span class='ocr_line' id='line_1_59' title="bbox 2139 1919 3713 1993; baseline 0 -16"><span class='ocrx_word' id='word_1_424' title='bbox 2139 1937 2261 1977; x_wconf 91' lang='lat' dir='ltr'><strong>cum</strong></span> <span class='ocrx_word' id='word_1_425' title='bbox 2295 1920 2528 1991; x_wconf 77' lang='lat' dir='ltr'><strong>Virginis</strong></span> <span class='ocrx_word' id='word_1_426' title='bbox 2557 1922 2943 1993; x_wconf 88' lang='lat' dir='ltr'><strong>primogenito,</strong></span> <span class='ocrx_word' id='word_1_427' title='bbox 2977 1932 3059 1978; x_wconf 88' lang='lat' dir='ltr'><strong>est</strong></span> <span class='ocrx_word' id='word_1_428' title='bbox 3090 1937 3251 1977; x_wconf 83' lang='lat' dir='ltr'><strong>verus</strong></span> <span class='ocrx_word' id='word_1_429' title='bbox 3289 1919 3433 1979; x_wconf 85' lang='lat' dir='ltr'><strong>Deus</strong></span> <span class='ocrx_word' id='word_1_430' title='bbox 3459 1930 3513 1977; x_wconf 87' lang='lat' dir='ltr'><strong>et</strong></span> <span class='ocrx_word' id='word_1_431' title='bbox 3542 1939 3713 1978; x_wconf 82' lang='lat' dir='ltr'><strong>verus</strong></span> 
     </span>
    </p>
   </div>
   <div class='ocr_carea' id='block_1_60' title="bbox 2138 2013 3713 2085">
    <p class='ocr_par' dir='ltr' id='par_1_60' title="bbox 2138 2013 3713 2085">
     <span class='ocr_line' id='line_1_60' title="bbox 2138 2013 3713 2085; baseline -0.001 -15"><span class='ocrx_word' id='word_1_432' title='bbox 2138 2016 2337 2077; x_wconf 87' lang='lat' dir='ltr'><strong>homo,</strong></span> <span class='ocrx_word' id='word_1_433' title='bbox 2376 2014 2650 2085; x_wconf 80' lang='lat' dir='ltr'><strong>perfectus</strong></span> <span class='ocrx_word' id='word_1_434' title='bbox 2679 2016 2819 2069; x_wconf 92' lang='lat' dir='ltr'><strong>Deus</strong></span> <span class='ocrx_word' id='word_1_435' title='bbox 2858 2024 2911 2069; x_wconf 88' lang='lat' dir='ltr'><strong>et</strong></span> <span class='ocrx_word' id='word_1_436' title='bbox 2941 2013 3212 2085; x_wconf 79' lang='lat' dir='ltr'><strong>perfectus</strong></span> <span class='ocrx_word' id='word_1_437' title='bbox 3250 2013 3435 2069; x_wconf 87' lang='lat' dir='ltr'><strong>homo.</strong></span> <span class='ocrx_word' id='word_1_438' title='bbox 3470 2032 3489 2066; x_wconf 74' lang='grc' dir='ltr'>ι</span> <span class='ocrx_word' id='word_1_439' title='bbox 3533 2013 3713 2069; x_wconf 84' lang='lat' dir='ltr'><strong>Totus</strong></span> 
     </span>
    </p>
   </div>
   <div class='ocr_carea' id='block_1_61' title="bbox 2136 2102 3714 2176">
    <p class='ocr_par' dir='ltr' id='par_1_61' title="bbox 2136 2102 3714 2176">
     <span class='ocr_line' id='line_1_61' title="bbox 2136 2102 3714 2176; baseline -0.002 -16"><span class='ocrx_word' id='word_1_440' title='bbox 2136 2106 2277 2162; x_wconf 91' lang='lat' dir='ltr'><strong>Deus</strong></span> <span class='ocrx_word' id='word_1_441' title='bbox 2296 2107 2431 2176; x_wconf 88' lang='lat' dir='ltr'><strong>ipse,</strong></span> <span class='ocrx_word' id='word_1_442' title='bbox 2455 2113 2602 2161; x_wconf 90' lang='lat' dir='ltr'><strong>totus</strong></span> <span class='ocrx_word' id='word_1_443' title='bbox 2627 2104 2794 2159; x_wconf 90' lang='lat' dir='ltr'><strong>homo</strong></span> <span class='ocrx_word' id='word_1_444' title='bbox 2818 2105 2959 2159; x_wconf 91' lang='lat' dir='ltr'><strong>idem</strong></span> <span class='ocrx_word' id='word_1_445' title='bbox 2990 2105 3125 2174; x_wconf 91' lang='lat' dir='ltr'><strong>ipse,</strong></span> <span class='ocrx_word' id='word_1_446' title='bbox 3159 2112 3303 2159; x_wconf 89' lang='lat' dir='ltr'><strong>totus</strong></span> <span class='ocrx_word' id='word_1_447' title='bbox 3333 2102 3474 2158; x_wconf 92' lang='lat' dir='ltr'><strong>Deus</strong></span> <span class='ocrx_word' id='word_1_448' title='bbox 3498 2104 3714 2173; x_wconf 87' lang='lat' dir='ltr'><strong>pariter</strong></span> 
     </span>
    </p>
   </div>
   <div class='ocr_carea' id='block_1_62' title="bbox 2136 2194 3711 2267">
    <p class='ocr_par' dir='ltr' id='par_1_62' title="bbox 2136 2194 3711 2267">
     <span class='ocr_line' id='line_1_62' title="bbox 2136 2194 3711 2267; baseline -0.002 -14"><span class='ocrx_word' id='word_1_449' title='bbox 2136 2206 2330 2253; x_wconf 90' lang='lat' dir='ltr'><strong>natura</strong></span> <span class='ocrx_word' id='word_1_450' title='bbox 2350 2238 2365 2264; x_wconf 95' lang='lat'><strong>,</strong></span> <span class='ocrx_word' id='word_1_451' title='bbox 2390 2205 2444 2252; x_wconf 89' lang='lat' dir='ltr'><strong>et</strong></span> <span class='ocrx_word' id='word_1_452' title='bbox 2479 2198 2641 2253; x_wconf 90' lang='lat' dir='ltr'><strong>homo</strong></span> <span class='ocrx_word' id='word_1_453' title='bbox 2667 2197 2805 2252; x_wconf 89' lang='lat' dir='ltr'><strong>idem</strong></span> <span class='ocrx_word' id='word_1_454' title='bbox 2832 2197 2965 2266; x_wconf 90' lang='lat' dir='ltr'><strong>ipse.</strong></span> <span class='ocrx_word' id='word_1_455' title='bbox 3003 2194 3209 2251; x_wconf 90' lang='lat' dir='ltr'><strong>Deitate</strong></span> <span class='ocrx_word' id='word_1_456' title='bbox 3238 2195 3455 2267; x_wconf 88' lang='lat' dir='ltr'><strong>quidem</strong></span> <span class='ocrx_word' id='word_1_457' title='bbox 3475 2236 3491 2261; x_wconf 93' lang='lat'><strong>,</strong></span> <span class='ocrx_word' id='word_1_458' title='bbox 3520 2196 3711 2250; x_wconf 79' lang='lat' dir='ltr'><strong>divina</strong></span> 
     </span>
    </p>
   </div>
   <div class='ocr_carea' id='block_1_63' title="bbox 2137 2287 3713 2360">
    <p class='ocr_par' dir='ltr' id='par_1_63' title="bbox 2137 2287 3713 2360">
     <span class='ocr_line' id='line_1_63' title="bbox 2137 2287 3713 2360; baseline -0.002 -15"><span class='ocrx_word' id='word_1_459' title='bbox 2137 2304 2232 2360; x_wconf 90' lang='lat' dir='ltr'><strong>per</strong></span> <span class='ocrx_word' id='word_1_460' title='bbox 2256 2305 2410 2345; x_wconf 89' lang='lat' dir='ltr'><strong>suam</strong></span> <span class='ocrx_word' id='word_1_461' title='bbox 2439 2288 2607 2360; x_wconf 88' lang='lat' dir='ltr'><strong>ipsius</strong></span> <span class='ocrx_word' id='word_1_462' title='bbox 2631 2288 3032 2345; x_wconf 86' lang='lat' dir='ltr'><strong>sanctissimam</strong></span> <span class='ocrx_word' id='word_1_463' title='bbox 3048 2304 3289 2352; x_wconf 90' lang='lat' dir='ltr'><strong>carnem,</strong></span> <span class='ocrx_word' id='word_1_464' title='bbox 3314 2303 3422 2343; x_wconf 91' lang='lat' dir='ltr'><strong>non</strong></span> <span class='ocrx_word' id='word_1_465' title='bbox 3445 2287 3713 2343; x_wconf 70' lang='lat' dir='ltr'><strong>exsismu-</strong></span> 
     </span>
    </p>
   </div>
   <div class='ocr_carea' id='block_1_64' title="bbox 2135 2381 3713 2452">
    <p class='ocr_par' dir='ltr' id='par_1_64' title="bbox 2135 2381 3713 2452">
     <span class='ocr_line' id='line_1_64' title="bbox 2135 2381 3713 2452; baseline -0.001 -13"><span class='ocrx_word' id='word_1_466' title='bbox 2135 2384 2210 2439; x_wconf 88' lang='lat' dir='ltr'><strong>tia</strong></span> <span class='ocrx_word' id='word_1_467' title='bbox 2248 2392 2439 2438; x_wconf 90' lang='lat' dir='ltr'><strong>natura</strong></span> <span class='ocrx_word' id='word_1_468' title='bbox 2488 2383 2693 2451; x_wconf 90' lang='lat' dir='ltr'><strong>carnis,</strong></span> <span class='ocrx_word' id='word_1_469' title='bbox 2729 2396 2960 2452; x_wconf 90' lang='lat' dir='ltr'><strong>operans</strong></span> <span class='ocrx_word' id='word_1_470' title='bbox 2985 2399 2999 2447; x_wconf 92' lang='lat'><strong>;</strong></span> <span class='ocrx_word' id='word_1_471' title='bbox 3024 2381 3362 2437; x_wconf 81' lang='lat' dir='ltr'><strong>humanitate</strong></span> <span class='ocrx_word' id='word_1_472' title='bbox 3396 2400 3557 2451; x_wconf 89' lang='lat' dir='ltr'><strong>vero,</strong></span> <span class='ocrx_word' id='word_1_473' title='bbox 3604 2385 3713 2438; x_wconf 84' lang='lat' dir='ltr'><strong>hu-</strong></span> 
     </span>
    </p>
   </div>
   <div class='ocr_carea' id='block_1_65' title="bbox 2138 2472 3711 2541">
    <p class='ocr_par' dir='ltr' id='par_1_65' title="bbox 2138 2472 3711 2541">
     <span class='ocr_line' id='line_1_65' title="bbox 2138 2472 3711 2541; baseline -0.002 -11"><span class='ocrx_word' id='word_1_474' title='bbox 2138 2490 2442 2541; x_wconf 88' lang='lat' dir='ltr'><strong>mana,non</strong></span> <span class='ocrx_word' id='word_1_475' title='bbox 2459 2473 2777 2529; x_wconf 77' lang='lat' dir='ltr'><strong>exsistentia</strong></span> <span class='ocrx_word' id='word_1_476' title='bbox 2809 2480 3000 2527; x_wconf 87' lang='lat' dir='ltr'><strong>natura</strong></span> <span class='ocrx_word' id='word_1_477' title='bbox 3025 2472 3260 2540; x_wconf 88' lang='lat' dir='ltr'><strong>deitatis,</strong></span> <span class='ocrx_word' id='word_1_478' title='bbox 3287 2474 3504 2529; x_wconf 89' lang='lat' dir='ltr'><strong>deitatis</strong></span> <span class='ocrx_word' id='word_1_479' title='bbox 3525 2474 3711 2528; x_wconf 85' lang='lat' dir='ltr'><strong>indul-</strong></span> 
     </span>
    </p>
   </div>
   <div class='ocr_carea' id='block_1_66' title="bbox 2137 2563 3711 2636">
    <p class='ocr_par' dir='ltr' id='par_1_66' title="bbox 2137 2563 3711 2636">
     <span class='ocr_line' id='line_1_66' title="bbox 2137 2563 3711 2636; baseline 0.001 -17"><span class='ocrx_word' id='word_1_480' title='bbox 2137 2564 2315 2635; x_wconf 90' lang='lat' dir='ltr'><strong>gentia</strong></span> <span class='ocrx_word' id='word_1_481' title='bbox 2347 2565 2578 2635; x_wconf 88' lang='lat' dir='ltr'><strong>patiens.</strong></span> <span class='ocrx_word' id='word_1_482' title='bbox 2612 2563 2698 2619; x_wconf 87' lang='lat' dir='ltr'><strong>Nil</strong></span> <span class='ocrx_word' id='word_1_483' title='bbox 2737 2564 2978 2619; x_wconf 88' lang='lat' dir='ltr'><strong>divinum</strong></span> <span class='ocrx_word' id='word_1_484' title='bbox 3012 2565 3217 2619; x_wconf 91' lang='lat' dir='ltr'><strong>nudum</strong></span> <span class='ocrx_word' id='word_1_485' title='bbox 3253 2580 3480 2636; x_wconf 89' lang='lat' dir='ltr'><strong>corpore</strong></span> <span class='ocrx_word' id='word_1_486' title='bbox 3512 2580 3711 2634; x_wconf 83' lang='lat' dir='ltr'><strong>opera-</strong></span> 
     </span>
    </p>
   </div>
   <div class='ocr_carea' id='block_1_67' title="bbox 2137 2657 3711 2727">
    <p class='ocr_par' dir='ltr' id='par_1_67' title="bbox 2137 2657 3711 2727">
     <span class='ocr_line' id='line_1_67' title="bbox 2137 2657 3711 2727; baseline 0 -14"><span class='ocrx_word' id='word_1_487' title='bbox 2137 2667 2248 2724; x_wconf 91' lang='lat' dir='ltr'><strong>tur,</strong></span> <span class='ocrx_word' id='word_1_488' title='bbox 2292 2658 2368 2714; x_wconf 89' lang='lat' dir='ltr'><strong>nil</strong></span> <span class='ocrx_word' id='word_1_489' title='bbox 2412 2658 2712 2713; x_wconf 86' lang='lat' dir='ltr'><strong>humanum</strong></span> <span class='ocrx_word' id='word_1_490' title='bbox 2764 2658 2905 2712; x_wconf 90' lang='lat' dir='ltr'><strong>idem</strong></span> <span class='ocrx_word' id='word_1_491' title='bbox 2947 2658 3061 2727; x_wconf 90' lang='lat' dir='ltr'><strong>ipse</strong></span> <span class='ocrx_word' id='word_1_492' title='bbox 3103 2657 3374 2727; x_wconf 87' lang='lat' dir='ltr'><strong>privatum</strong></span> <span class='ocrx_word' id='word_1_493' title='bbox 3419 2658 3711 2713; x_wconf 83' lang='lat' dir='ltr'><strong>divinitate</strong></span> 
     </span>
    </p>
   </div>
   <div class='ocr_carea' id='block_1_68' title="bbox 2137 2749 3709 2825">
    <p class='ocr_par' dir='ltr' id='par_1_68' title="bbox 2137 2749 3709 2825">
     <span class='ocr_line' id='line_1_68' title="bbox 2137 2749 3709 2825; baseline -0.004 -17"><span class='ocrx_word' id='word_1_494' title='bbox 2137 2768 2368 2825; x_wconf 78' lang='lat' dir='ltr'><strong>gerens;</strong></span> <span class='ocrx_word' id='word_1_495' title='bbox 2399 2767 2621 2808; x_wconf 83' lang='lat' dir='ltr'><strong>servans</strong></span> <span class='ocrx_word' id='word_1_496' title='bbox 2655 2750 2868 2806; x_wconf 89' lang='lat' dir='ltr'><strong>sibimet</strong></span> <span class='ocrx_word' id='word_1_497' title='bbox 2907 2752 3124 2804; x_wconf 90' lang='lat' dir='ltr'><strong>modum</strong></span> <span class='ocrx_word' id='word_1_498' title='bbox 3160 2749 3454 2804; x_wconf 88' lang='lat' dir='ltr'><strong>secundum</strong></span> <span class='ocrx_word' id='word_1_499' title='bbox 3482 2758 3709 2803; x_wconf 85' lang='lat' dir='ltr'><strong>utrum-</strong></span> 
     </span>
    </p>
   </div>
   <div class='ocr_carea' id='block_1_69' title="bbox 2137 2844 3711 2916">
    <p class='ocr_par' dir='ltr' id='par_1_69' title="bbox 2137 2844 3711 2916">
     <span class='ocr_line' id='line_1_69' title="bbox 2137 2844 3711 2916; baseline -0.004 -16"><span class='ocrx_word' id='word_1_500' title='bbox 2137 2860 2245 2916; x_wconf 87' lang='lat' dir='ltr'><strong>que</strong></span> <span class='ocrx_word' id='word_1_501' title='bbox 2278 2844 2668 2899; x_wconf 89' lang='lat' dir='ltr'><strong>immutabilem</strong></span> <span class='ocrx_word' id='word_1_502' title='bbox 2691 2885 2705 2906; x_wconf 90' lang='lat'><strong>,</strong></span> <span class='ocrx_word' id='word_1_503' title='bbox 2738 2857 2834 2912; x_wconf 88' lang='lat' dir='ltr'><strong>per</strong></span> <span class='ocrx_word' id='word_1_504' title='bbox 2866 2857 3025 2911; x_wconf 86' lang='lat' dir='ltr'><strong>quem</strong></span> <span class='ocrx_word' id='word_1_505' title='bbox 3060 2852 3314 2910; x_wconf 86' lang='lat' dir='ltr'><strong>operatus</strong></span> <span class='ocrx_word' id='word_1_506' title='bbox 3349 2849 3431 2895; x_wconf 90' lang='lat' dir='ltr'><strong>est</strong></span> <span class='ocrx_word' id='word_1_507' title='bbox 3472 2850 3711 2911; x_wconf 88' lang='lat' dir='ltr'><strong>utraque</strong></span> 
     </span>
    </p>
   </div>
   <div class='ocr_carea' id='block_1_70' title="bbox 2136 2930 3709 3002">
    <p class='ocr_par' dir='ltr' id='par_1_70' title="bbox 2136 2930 3709 3002">
     <span class='ocr_line' id='line_1_70' title="bbox 2136 2930 3709 3002; baseline -0.002 -13"><span class='ocrx_word' id='word_1_508' title='bbox 2136 2934 2345 2991; x_wconf 84' lang='lat' dir='ltr'><strong>decenti</strong></span> <span class='ocrx_word' id='word_1_509' title='bbox 2421 2949 2609 2998; x_wconf 89' lang='lat' dir='ltr'><strong>more,</strong></span> <span class='ocrx_word' id='word_1_510' title='bbox 2660 2933 2727 2987; x_wconf 89' lang='lat' dir='ltr'><strong>ad</strong></span> <span class='ocrx_word' id='word_1_511' title='bbox 2796 2931 3236 3002; x_wconf 89' lang='lat' dir='ltr'><strong>approbationem</strong></span> <span class='ocrx_word' id='word_1_512' title='bbox 3316 2930 3566 3001; x_wconf 61' lang='lat' dir='ltr'><strong>perfecta:</strong></span> <span class='ocrx_word' id='word_1_513' title='bbox 3636 2947 3709 2986; x_wconf 82' lang='lat' dir='ltr'><strong>ac</strong></span> 
     </span>
    </p>
   </div>
   <div class='ocr_carea' id='block_1_71' title="bbox 2136 3021 3707 3096">
    <p class='ocr_par' dir='ltr' id='par_1_71' title="bbox 2136 3021 3707 3096">
     <span class='ocr_line' id='line_1_71' title="bbox 2136 3021 3707 3096; baseline -0.004 -14"><span class='ocrx_word' id='word_1_514' title='bbox 2136 3042 2278 3082; x_wconf 63' lang='lat' dir='ltr'><strong>verae</strong></span> <span class='ocrx_word' id='word_1_515' title='bbox 2323 3026 2568 3096; x_wconf 86' lang='lat' dir='ltr'><strong>nihilque</strong></span> <span class='ocrx_word' id='word_1_516' title='bbox 2609 3023 2858 3080; x_wconf 85' lang='lat' dir='ltr'><strong>habentis</strong></span> <span class='ocrx_word' id='word_1_517' title='bbox 2911 3021 3192 3092; x_wconf 84' lang='lat' dir='ltr'><strong>pravitatis</strong></span> <span class='ocrx_word' id='word_1_518' title='bbox 3234 3022 3707 3077; x_wconf 84' lang='lat' dir='ltr'><strong>inhumanationis</strong></span> 
     </span>
    </p>
   </div>
   <div class='ocr_carea' id='block_1_72' title="bbox 2135 3118 2457 3190">
    <p class='ocr_par' dir='ltr' id='par_1_72' title="bbox 2135 3118 2457 3190">
     <span class='ocr_line' id='line_1_72' title="bbox 2135 3118 2457 3190; baseline -0.016 -15"><span class='ocrx_word' id='word_1_519' title='bbox 2135 3134 2248 3175; x_wconf 72' lang='lat' dir='ltr'><strong>sua:</strong></span> <span class='ocrx_word' id='word_1_520' title='bbox 2270 3118 2404 3190; x_wconf 89' lang='lat'><strong>(79).</strong></span> <span class='ocrx_word' id='word_1_521' title='bbox 2438 3136 2457 3170; x_wconf 75' lang='grc' dir='ltr'><strong><em>ι</em></strong></span> 
     </span>
    </p>
   </div>
   <div class='ocr_carea' id='block_1_73' title="bbox 2204 3206 3702 3279">
    <p class='ocr_par' dir='ltr' id='par_1_73' title="bbox 2204 3206 3702 3279">
     <span class='ocr_line' id='line_1_73' title="bbox 2204 3206 3702 3279; baseline -0.002 -15"><span class='ocrx_word' id='word_1_522' title='bbox 2204 3208 2361 3276; x_wconf 85' lang='lat' dir='ltr'><strong>Quod</strong></span> <span class='ocrx_word' id='word_1_523' title='bbox 2384 3208 2605 3279; x_wconf 89' lang='lat' dir='ltr'><strong>quidem</strong></span> <span class='ocrx_word' id='word_1_524' title='bbox 2642 3206 2846 3264; x_wconf 78' lang='lat' dir='ltr'><strong>factum</strong></span> <span class='ocrx_word' id='word_1_525' title='bbox 2874 3214 2957 3263; x_wconf 91' lang='lat' dir='ltr'><strong>est</strong></span> <span class='ocrx_word' id='word_1_526' title='bbox 3000 3209 3204 3278; x_wconf 92' lang='lat' dir='ltr'><strong>absque</strong></span> <span class='ocrx_word' id='word_1_527' title='bbox 3249 3207 3356 3262; x_wconf 92' lang='lat' dir='ltr'><strong>ulla</strong></span> <span class='ocrx_word' id='word_1_528' title='bbox 3401 3207 3702 3261; x_wconf 86' lang='lat' dir='ltr'><strong>mutatione</strong></span> 
     </span>
    </p>
   </div>
   <div class='ocr_carea' id='block_1_74' title="bbox 2135 3296 3703 3369">
    <p class='ocr_par' dir='ltr' id='par_1_74' title="bbox 2135 3296 3703 3369">
     <span class='ocr_line' id='line_1_74' title="bbox 2135 3296 3703 3369; baseline -0.003 -14"><span class='ocrx_word' id='word_1_529' title='bbox 2135 3300 2298 3369; x_wconf 86' lang='lat' dir='ltr'><strong>hujus</strong></span> <span class='ocrx_word' id='word_1_530' title='bbox 2331 3299 2413 3353; x_wconf 88' lang='lat' dir='ltr'><strong>vel</strong></span> <span class='ocrx_word' id='word_1_531' title='bbox 2436 3298 2579 3353; x_wconf 92' lang='lat' dir='ltr'><strong>illius</strong></span> <span class='ocrx_word' id='word_1_532' title='bbox 2607 3306 2813 3353; x_wconf 65' lang='lat' dir='ltr'><strong>natura:</strong></span> <span class='ocrx_word' id='word_1_533' title='bbox 2836 3314 2849 3349; x_wconf 90' lang='lat'>:</span> <span class='ocrx_word' id='word_1_534' title='bbox 2885 3317 2904 3351; x_wconf 73' lang='lat' dir='ltr'><strong>t</strong></span> <span class='ocrx_word' id='word_1_535' title='bbox 2937 3296 3149 3353; x_wconf 86' lang='lat' dir='ltr'><strong>Habetis</strong></span> <span class='ocrx_word' id='word_1_536' title='bbox 3173 3299 3412 3360; x_wconf 59' lang='lat' dir='ltr'><strong>caeleste,</strong></span> <span class='ocrx_word' id='word_1_537' title='bbox 3434 3297 3578 3367; x_wconf 89' lang='lat' dir='ltr'><strong>quod</strong></span> <span class='ocrx_word' id='word_1_538' title='bbox 3604 3312 3703 3366; x_wconf 86' lang='lat' dir='ltr'><strong>pa-</strong></span> 
     </span>
    </p>
   </div>
   <div class='ocr_carea' id='block_1_75' title="bbox 2133 3376 3697 3461">
    <p class='ocr_par' dir='ltr' id='par_1_75' title="bbox 2133 3376 3697 3461">
     <span class='ocr_line' id='line_1_75' title="bbox 2133 3376 3697 3461; baseline -0.003 -13"><span class='ocrx_word' id='word_1_539' title='bbox 2133 3400 2345 3448; x_wconf 84' lang='lat' dir='ltr'><strong>ternum</strong></span> <span class='ocrx_word' id='word_1_540' title='bbox 2396 3402 2547 3457; x_wconf 87' lang='lat' dir='ltr'><strong>erat,</strong></span> <span class='ocrx_word' id='word_1_541' title='bbox 2593 3401 2849 3461; x_wconf 87' lang='lat' dir='ltr'><strong>tanquam</strong></span> <span class='ocrx_word' id='word_1_542' title='bbox 2900 3376 3182 3457; x_wconf 82' lang='lat' dir='ltr'><strong>Verbum;</strong></span> <span class='ocrx_word' id='word_1_543' title='bbox 3226 3400 3501 3446; x_wconf 89' lang='lat' dir='ltr'><strong>terrenum</strong></span> <span class='ocrx_word' id='word_1_544' title='bbox 3545 3404 3697 3453; x_wconf 86' lang='lat' dir='ltr'><strong>vero,</strong></span> 
     </span>
    </p>
   </div>
   <div class='ocr_carea' id='block_1_76' title="bbox 2132 3480 3698 3557">
    <p class='ocr_par' dir='ltr' id='par_1_76' title="bbox 2132 3480 3698 3557">
     <span class='ocr_line' id='line_1_76' title="bbox 2132 3480 3698 3557; baseline -0.004 -16"><span class='ocrx_word' id='word_1_545' title='bbox 2132 3495 2389 3557; x_wconf 90' lang='lat' dir='ltr'><strong>tanquam</strong></span> <span class='ocrx_word' id='word_1_546' title='bbox 2416 3500 2480 3547; x_wconf 82' lang='lat' dir='ltr'><strong>ex</strong></span> <span class='ocrx_word' id='word_1_547' title='bbox 2504 3494 2684 3541; x_wconf 90' lang='lat' dir='ltr'><strong>vetere</strong></span> <span class='ocrx_word' id='word_1_548' title='bbox 2706 3483 2901 3547; x_wconf 85' lang='lat' dir='ltr'><strong>Adam,</strong></span> <span class='ocrx_word' id='word_1_549' title='bbox 2921 3498 3017 3553; x_wconf 91' lang='lat' dir='ltr'><strong>per</strong></span> <span class='ocrx_word' id='word_1_550' title='bbox 3050 3480 3323 3552; x_wconf 83' lang='lat' dir='ltr'><strong>Virginem</strong></span> <span class='ocrx_word' id='word_1_551' title='bbox 3358 3481 3698 3536; x_wconf 87' lang='lat' dir='ltr'><strong>incarnatus.</strong></span> 
     </span>
    </p>
   </div>
   <div class='ocr_carea' id='block_1_77' title="bbox 2134 3569 3699 3643">
    <p class='ocr_par' dir='ltr' id='par_1_77' title="bbox 2134 3569 3699 3643">
     <span class='ocr_line' id='line_1_77' title="bbox 2134 3569 3699 3643; baseline -0.003 -12"><span class='ocrx_word' id='word_1_552' title='bbox 2134 3574 2291 3631; x_wconf 89' lang='lat' dir='ltr'><strong>Sic...</strong></span> <span class='ocrx_word' id='word_1_553' title='bbox 2332 3575 2476 3630; x_wconf 90' lang='lat' dir='ltr'><strong>Deus</strong></span> <span class='ocrx_word' id='word_1_554' title='bbox 2508 3571 2830 3643; x_wconf 86' lang='lat' dir='ltr'><strong>corporatus</strong></span> <span class='ocrx_word' id='word_1_555' title='bbox 2872 3573 3119 3643; x_wconf 90' lang='lat' dir='ltr'><strong>apparuit</strong></span> <span class='ocrx_word' id='word_1_556' title='bbox 3157 3571 3291 3642; x_wconf 86' lang='lat'><strong>(80).</strong></span> <span class='ocrx_word' id='word_1_557' title='bbox 3337 3569 3585 3626; x_wconf 82' lang='lat' dir='ltr'><strong>Salvator</strong></span> <span class='ocrx_word' id='word_1_558' title='bbox 3628 3586 3699 3626; x_wconf 74' lang='lat' dir='ltr'><strong>ex</strong></span> 
     </span>
    </p>
   </div>
   <div class='ocr_carea' id='block_1_78' title="bbox 2130 3661 3697 3738">
    <p class='ocr_par' dir='ltr' id='par_1_78' title="bbox 2130 3661 3697 3738">
     <span class='ocr_line' id='line_1_78' title="bbox 2130 3661 3697 3738; baseline -0.007 -14"><span class='ocrx_word' id='word_1_559' title='bbox 2130 3683 2193 3724; x_wconf 87' lang='lat' dir='ltr'><strong>ea</strong></span> <span class='ocrx_word' id='word_1_560' title='bbox 2218 3666 2430 3738; x_wconf 80' lang='lat' dir='ltr'><strong>(Maria)</strong></span> <span class='ocrx_word' id='word_1_561' title='bbox 2462 3674 2623 3720; x_wconf 88' lang='lat' dir='ltr'><strong>natus</strong></span> <span class='ocrx_word' id='word_1_562' title='bbox 2649 3673 2734 3720; x_wconf 90' lang='lat' dir='ltr'><strong>est</strong></span> <span class='ocrx_word' id='word_1_563' title='bbox 2772 3663 2889 3719; x_wconf 89' lang='lat' dir='ltr'><strong>sine</strong></span> <span class='ocrx_word' id='word_1_564' title='bbox 2916 3661 3236 3719; x_wconf 80' lang='lat' dir='ltr'><strong>confusione</strong></span> <span class='ocrx_word' id='word_1_565' title='bbox 3266 3662 3407 3717; x_wconf 90' lang='lat' dir='ltr'><strong>Deus</strong></span> <span class='ocrx_word' id='word_1_566' title='bbox 3429 3671 3483 3717; x_wconf 90' lang='lat' dir='ltr'><strong>et</strong></span> <span class='ocrx_word' id='word_1_567' title='bbox 3507 3663 3697 3724; x_wconf 88' lang='lat' dir='ltr'><strong>homo,</strong></span> 
     </span>
    </p>
   </div>
   <div class='ocr_carea' id='block_1_79' title="bbox 2130 3753 3700 3831">
    <p class='ocr_par' dir='ltr' id='par_1_79' title="bbox 2130 3753 3700 3831">
     <span class='ocr_line' id='line_1_79' title="bbox 2130 3753 3700 3831; baseline -0.004 -16"><span class='ocrx_word' id='word_1_568' title='bbox 2130 3759 2446 3830; x_wconf 76' lang='grc' dir='ltr'><strong>ἀσυγχύτως</strong></span> <span class='ocrx_word' id='word_1_569' title='bbox 2490 3759 2622 3823; x_wconf 81' lang='grc' dir='ltr'>Θεὸς</span> <span class='ocrx_word' id='word_1_570' title='bbox 2669 3758 2763 3813; x_wconf 76' lang='grc' dir='ltr'><strong>καὶ</strong></span> <span class='ocrx_word' id='word_1_571' title='bbox 2815 3756 3115 3831; x_wconf 78' lang='grc' dir='ltr'><strong>ἄνθρωπος.</strong></span> <span class='ocrx_word' id='word_1_572' title='bbox 3186 3775 3205 3809; x_wconf 77' lang='grc' dir='ltr'><strong><em>ι</em></strong></span> <span class='ocrx_word' id='word_1_573' title='bbox 3267 3753 3360 3810; x_wconf 71' lang='lat' dir='ltr'><strong>[Ite</strong></span> <span class='ocrx_word' id='word_1_574' title='bbox 3408 3763 3700 3825; x_wconf 63' lang='lat' dir='ltr'><strong>postrema</strong></span> 
     </span>
    </p>
   </div>
   <div class='ocr_carea' id='block_1_80' title="bbox 2129 3842 3701 3920">
    <p class='ocr_par' dir='ltr' id='par_1_80' title="bbox 2129 3842 3701 3920">
     <span class='ocr_line' id='line_1_80' title="bbox 2129 3842 3701 3920; baseline -0.005 -15"><span class='ocrx_word' id='word_1_575' title='bbox 2129 3850 2386 3920; x_wconf 88' lang='lat' dir='ltr'><strong>loquendi</strong></span> <span class='ocrx_word' id='word_1_576' title='bbox 2426 3848 2670 3904; x_wconf 81' lang='lat' dir='ltr'><strong>formulae</strong></span> <span class='ocrx_word' id='word_1_577' title='bbox 2711 3856 2976 3917; x_wconf 80' lang='lat' dir='ltr'><strong>excerme</strong></span> <span class='ocrx_word' id='word_1_578' title='bbox 3016 3855 3144 3902; x_wconf 91' lang='lat' dir='ltr'><strong>sunt</strong></span> <span class='ocrx_word' id='word_1_579' title='bbox 3192 3860 3258 3901; x_wconf 75' lang='lat' dir='ltr'><strong>ex</strong></span> <span class='ocrx_word' id='word_1_580' title='bbox 3304 3846 3538 3916; x_wconf 86' lang='lat' dir='ltr'><strong>quodam</strong></span> <span class='ocrx_word' id='word_1_581' title='bbox 3584 3842 3701 3898; x_wconf 78' lang='lat' dir='ltr'><strong>fra-</strong></span> 
     </span>
    </p>
   </div>
   <div class='ocr_carea' id='block_1_81' title="bbox 2131 3936 3699 4013">
    <p class='ocr_par' dir='ltr' id='par_1_81' title="bbox 2131 3936 3699 4013">
     <span class='ocr_line' id='line_1_81' title="bbox 2131 3936 3699 4013; baseline -0.004 -16"><span class='ocrx_word' id='word_1_582' title='bbox 2131 3950 2351 4013; x_wconf 89' lang='lat' dir='ltr'><strong>gmento</strong></span> <span class='ocrx_word' id='word_1_583' title='bbox 2379 3939 2798 4004; x_wconf 89' lang='lat' dir='ltr'><strong>Commentarii,</strong></span> <span class='ocrx_word' id='word_1_584' title='bbox 2830 3939 2974 4009; x_wconf 78' lang='lat' dir='ltr'><strong>quod</strong></span> <span class='ocrx_word' id='word_1_585' title='bbox 3016 3939 3260 3993; x_wconf 80' lang='lat' dir='ltr'><strong>exaravit</strong></span> <span class='ocrx_word' id='word_1_586' title='bbox 3289 3938 3346 3992; x_wconf 91' lang='lat' dir='ltr'><strong>S.</strong></span> <span class='ocrx_word' id='word_1_587' title='bbox 3376 3936 3699 4008; x_wconf 84' lang='lat' dir='ltr'><strong>Hippolytus</strong></span> 
     </span>
    </p>
   </div>
   <div class='ocr_carea' id='block_1_82' title="bbox 2132 4030 3696 4101">
    <p class='ocr_par' dir='ltr' id='par_1_82' title="bbox 2132 4030 3696 4101">
     <span class='ocr_line' id='line_1_82' title="bbox 2132 4030 3696 4101; baseline -0.002 -14"><span class='ocrx_word' id='word_1_588' title='bbox 2132 4034 2187 4088; x_wconf 90' lang='lat' dir='ltr'><strong>in</strong></span> <span class='ocrx_word' id='word_1_589' title='bbox 2231 4031 2561 4099; x_wconf 87' lang='lat' dir='ltr'><strong>Proverbia;</strong></span> <span class='ocrx_word' id='word_1_590' title='bbox 2611 4033 2687 4087; x_wconf 92' lang='lat' dir='ltr'><strong>ibi</strong></span> <span class='ocrx_word' id='word_1_591' title='bbox 2731 4033 2878 4086; x_wconf 88' lang='lat' dir='ltr'><strong>enim</strong></span> <span class='ocrx_word' id='word_1_592' title='bbox 2916 4031 3195 4101; x_wconf 76' lang='lat' dir='ltr'><strong>esplicans</strong></span> <span class='ocrx_word' id='word_1_593' title='bbox 3243 4032 3357 4086; x_wconf 58' lang='lat' dir='ltr'><strong>hinc</strong></span> <span class='ocrx_word' id='word_1_594' title='bbox 3399 4030 3591 4101; x_wconf 87' lang='lat' dir='ltr'><strong>capitis</strong></span> <span class='ocrx_word' id='word_1_595' title='bbox 3641 4045 3696 4084; x_wconf 80' lang='lat' dir='ltr'><strong>ix</strong></span> 
     </span>
    </p>
   </div>
   <div class='ocr_carea' id='block_1_83' title="bbox 2132 4120 3698 4192">
    <p class='ocr_par' dir='ltr' id='par_1_83' title="bbox 2132 4120 3698 4192">
     <span class='ocr_line' id='line_1_83' title="bbox 2132 4120 3698 4192; baseline -0.004 -13"><span class='ocrx_word' id='word_1_596' title='bbox 2132 4122 2333 4179; x_wconf 89' lang='lat' dir='ltr'><strong>verba:</strong></span> <span class='ocrx_word' id='word_1_597' title='bbox 2370 4120 2640 4192; x_wconf 84' lang='lat' dir='ltr'><strong>Sapientia</strong></span> <span class='ocrx_word' id='word_1_598' title='bbox 2696 4121 2977 4189; x_wconf 62' lang='lat' dir='ltr'><strong>aediﬁcavit</strong></span> <span class='ocrx_word' id='word_1_599' title='bbox 3027 4120 3238 4175; x_wconf 85' lang='lat' dir='ltr'><strong>domum</strong></span> <span class='ocrx_word' id='word_1_600' title='bbox 3278 4159 3387 4177; x_wconf 91' lang='lat'><strong>.....</strong></span> <span class='ocrx_word' id='word_1_601' title='bbox 3417 4161 3431 4187; x_wconf 85' lang='lat'><strong>,</strong></span> <span class='ocrx_word' id='word_1_602' title='bbox 3485 4121 3698 4175; x_wconf 82' lang='lat' dir='ltr'><strong>miscuit</strong></span> 
     </span>
    </p>
   </div>
   <div class='ocr_carea' id='block_1_84' title="bbox 535 4256 3310 4334">
    <p class='ocr_par' dir='ltr' id='par_1_84' title="bbox 535 4256 3310 4334">
     <span class='ocr_line' id='line_1_84' title="bbox 535 4256 3310 4334; baseline -0 -19"><span class='ocrx_word' id='word_1_603' title='bbox 535 4261 557 4292; x_wconf 79' lang='lat'><strong>&#39;</strong></span> <span class='ocrx_word' id='word_1_604' title='bbox 596 4258 733 4315; x_wconf 87' lang='lat' dir='ltr'><strong>Gen.</strong></span> <span class='ocrx_word' id='word_1_605' title='bbox 772 4273 818 4322; x_wconf 85' lang='grc' dir='ltr'><strong>ι,</strong></span> <span class='ocrx_word' id='word_1_606' title='bbox 849 4257 903 4311; x_wconf 94' lang='lat'><strong>2.</strong></span> <span class='ocrx_word' id='word_1_607' title='bbox 980 4259 1000 4289; x_wconf 91' lang='lat'><strong><em>&quot;</em></strong></span> <span class='ocrx_word' id='word_1_608' title='bbox 1035 4256 1169 4313; x_wconf 91' lang='lat' dir='ltr'><strong>Luc.</strong></span> <span class='ocrx_word' id='word_1_609' title='bbox 1196 4274 1243 4325; x_wconf 90' lang='grc' dir='ltr'><strong>ι,</strong></span> <span class='ocrx_word' id='word_1_610' title='bbox 1275 4257 1366 4313; x_wconf 80' lang='grc'><strong>55.</strong></span> <span class='ocrx_word' id='word_1_611' title='bbox 1443 4258 1466 4291; x_wconf 84' lang='grc'><strong>⁸</strong></span> <span class='ocrx_word' id='word_1_612' title='bbox 1501 4257 1689 4315; x_wconf 86' lang='lat' dir='ltr'><strong>Matth.</strong></span> <span class='ocrx_word' id='word_1_613' title='bbox 1727 4275 1853 4327; x_wconf 73' lang='lat' dir='ltr'><strong>xw,</strong></span> <span class='ocrx_word' id='word_1_614' title='bbox 1916 4264 2021 4334; x_wconf 69' lang='lat'><strong>{6;</strong></span> <span class='ocrx_word' id='word_1_615' title='bbox 2054 4263 2223 4321; x_wconf 81' lang='lat' dir='ltr'><strong>Marc.</strong></span> <span class='ocrx_word' id='word_1_616' title='bbox 2250 4278 2372 4327; x_wconf 84' lang='lat' dir='ltr'><strong>vin,</strong></span> <span class='ocrx_word' id='word_1_617' title='bbox 2397 4260 2498 4329; x_wconf 86' lang='lat'><strong>29;</strong></span> <span class='ocrx_word' id='word_1_618' title='bbox 2532 4261 2661 4317; x_wconf 91' lang='lat' dir='ltr'><strong>Luc.</strong></span> <span class='ocrx_word' id='word_1_619' title='bbox 2691 4276 2767 4327; x_wconf 84' lang='lat' dir='ltr'><strong>ix,</strong></span> <span class='ocrx_word' id='word_1_620' title='bbox 2797 4259 2900 4329; x_wconf 86' lang='lat'><strong>20;</strong></span> <span class='ocrx_word' id='word_1_621' title='bbox 2935 4259 3092 4318; x_wconf 84' lang='lat' dir='ltr'><strong>Joan.</strong></span> <span class='ocrx_word' id='word_1_622' title='bbox 3124 4277 3199 4327; x_wconf 71' lang='lat' dir='ltr'><strong>vr,</strong></span> <span class='ocrx_word' id='word_1_623' title='bbox 3225 4260 3310 4315; x_wconf 89' lang='lat'><strong>70.</strong></span> 
     </span>
    </p>
   </div>
   <div class='ocr_carea' id='block_1_85' title="bbox 693 4415 1697 4489">
    <p class='ocr_par' dir='ltr' id='par_1_85' title="bbox 693 4415 1697 4489">
     <span class='ocr_line' id='line_1_85' title="bbox 693 4415 1697 4489; baseline 0.001 -17"><span class='ocrx_word' id='word_1_624' title='bbox 693 4417 751 4473; x_wconf 88' lang='lat' dir='ltr'><strong>S.</strong></span> <span class='ocrx_word' id='word_1_625' title='bbox 780 4416 1050 4489; x_wconf 82' lang='lat' dir='ltr'><strong>Hippolyt.</strong></span> <span class='ocrx_word' id='word_1_626' title='bbox 1075 4416 1213 4489; x_wconf 60' lang='lat' dir='ltr'><strong>Adg.</strong></span> <span class='ocrx_word' id='word_1_627' title='bbox 1246 4415 1427 4480; x_wconf 89' lang='lat' dir='ltr'><strong>Noet.,</strong></span> <span class='ocrx_word' id='word_1_628' title='bbox 1459 4433 1577 4488; x_wconf 89' lang='lat' dir='ltr'><strong>cap.</strong></span> <span class='ocrx_word' id='word_1_629' title='bbox 1611 4418 1697 4473; x_wconf 77' lang='lat' dir='ltr'><strong>I2.</strong></span> 
     </span>
    </p>
   </div>
   <div class='ocr_carea' id='block_1_86' title="bbox 685 4487 1784 4557">
    <p class='ocr_par' dir='ltr' id='par_1_86' title="bbox 685 4487 1784 4557">
     <span class='ocr_line' id='line_1_86' title="bbox 685 4487 1784 4557; baseline 0.004 -15"><span class='ocrx_word' id='word_1_630' title='bbox 685 4487 863 4553; x_wconf 60' lang='lat' dir='ltr'><strong>Idem,</strong></span> <span class='ocrx_word' id='word_1_631' title='bbox 892 4487 1044 4543; x_wconf 72' lang='lat' dir='ltr'><strong>om.</strong></span> <span class='ocrx_word' id='word_1_632' title='bbox 1068 4489 1125 4541; x_wconf 85' lang='lat' dir='ltr'><strong>in</strong></span> <span class='ocrx_word' id='word_1_633' title='bbox 1152 4487 1473 4557; x_wconf 81' lang='lat' dir='ltr'><strong>Theophan.,</strong></span> <span class='ocrx_word' id='word_1_634' title='bbox 1508 4487 1660 4544; x_wconf 83' lang='lat' dir='ltr'><strong>num.</strong></span> <span class='ocrx_word' id='word_1_635' title='bbox 1697 4490 1784 4546; x_wconf 86' lang='grc'><strong>10.</strong></span> 
     </span>
    </p>
   </div>
   <div class='ocr_carea' id='block_1_87' title="bbox 685 4558 1312 4626">
    <p class='ocr_par' dir='ltr' id='par_1_87' title="bbox 685 4558 1312 4626">
     <span class='ocr_line' id='line_1_87' title="bbox 685 4558 1312 4626; baseline -0.003 -14"><span class='ocrx_word' id='word_1_636' title='bbox 685 4559 852 4626; x_wconf 87' lang='lat' dir='ltr'><strong>idem,</strong></span> <span class='ocrx_word' id='word_1_637' title='bbox 882 4558 1040 4623; x_wconf 86' lang='lat' dir='ltr'><strong>ibid.,</strong></span> <span class='ocrx_word' id='word_1_638' title='bbox 1074 4573 1225 4613; x_wconf 91' lang='lat' dir='ltr'><strong>num.</strong></span> <span class='ocrx_word' id='word_1_639' title='bbox 1259 4558 1312 4613; x_wconf 92' lang='lat'><strong>9.</strong></span> 
     </span>
    </p>
   </div>
   <div class='ocr_carea' id='block_1_88' title="bbox 536 4627 1563 4696">
    <p class='ocr_par' dir='ltr' id='par_1_88' title="bbox 536 4627 1563 4696">
     <span class='ocr_line' id='line_1_88' title="bbox 536 4627 1563 4696; baseline 0.002 -13"><span class='ocrx_word' id='word_1_640' title='bbox 536 4627 651 4696; x_wconf 77' lang='lat'><strong>(75)</strong></span> <span class='ocrx_word' id='word_1_641' title='bbox 691 4628 834 4684; x_wconf 90' lang='lat' dir='ltr'><strong>ldem</strong></span> <span class='ocrx_word' id='word_1_642' title='bbox 859 4669 878 4696; x_wconf 88' lang='lat'><strong>,</strong></span> <span class='ocrx_word' id='word_1_643' title='bbox 918 4629 1052 4684; x_wconf 81' lang='lat' dir='ltr'><strong>Adv.</strong></span> <span class='ocrx_word' id='word_1_644' title='bbox 1087 4627 1272 4694; x_wconf 86' lang='lat' dir='ltr'><strong>Noet.,</strong></span> <span class='ocrx_word' id='word_1_645' title='bbox 1296 4645 1447 4684; x_wconf 89' lang='lat' dir='ltr'><strong>num.</strong></span> <span class='ocrx_word' id='word_1_646' title='bbox 1476 4631 1563 4685; x_wconf 77' lang='grc'><strong>15.</strong></span> 
     </span>
    </p>
   </div>
   <div class='ocr_carea' id='block_1_89' title="bbox 538 4698 2030 4773">
    <p class='ocr_par' dir='ltr' id='par_1_89' title="bbox 538 4698 2030 4773">
     <span class='ocr_line' id='line_1_89' title="bbox 538 4698 2030 4773; baseline 0.004 -20"><span class='ocrx_word' id='word_1_647' title='bbox 538 4698 650 4773; x_wconf 84' lang='lat'><strong>(76)</strong></span> <span class='ocrx_word' id='word_1_648' title='bbox 692 4718 712 4752; x_wconf 72' lang='grc' dir='ltr'><strong><em>ι</em></strong></span> <span class='ocrx_word' id='word_1_649' title='bbox 740 4698 837 4753; x_wconf 91' lang='lat' dir='ltr'><strong>Dic</strong></span> <span class='ocrx_word' id='word_1_650' title='bbox 860 4699 1034 4765; x_wconf 91' lang='lat' dir='ltr'><strong>mihi,</strong></span> <span class='ocrx_word' id='word_1_651' title='bbox 1061 4714 1094 4753; x_wconf 96' lang='lat' dir='ltr'><strong>o</strong></span> <span class='ocrx_word' id='word_1_652' title='bbox 1117 4699 1275 4773; x_wconf 80' lang='lat' dir='ltr'><strong>beata</strong></span> <span class='ocrx_word' id='word_1_653' title='bbox 1308 4698 1498 4773; x_wconf 81' lang='lat' dir='ltr'><strong>Maria,</strong></span> <span class='ocrx_word' id='word_1_654' title='bbox 1530 4700 1667 4773; x_wconf 91' lang='lat' dir='ltr'><strong>quid</strong></span> <span class='ocrx_word' id='word_1_655' title='bbox 1682 4710 1800 4757; x_wconf 86' lang='lat' dir='ltr'><strong>erat</strong></span> <span class='ocrx_word' id='word_1_656' title='bbox 1822 4717 1862 4773; x_wconf 10' lang='lat' dir='ltr'><strong>7a</strong></span> <span class='ocrx_word' id='word_1_657' title='bbox 1894 4710 1944 4759; x_wconf 92' lang='lat' dir='ltr'><strong>te</strong></span> <span class='ocrx_word' id='word_1_658' title='bbox 1975 4703 2030 4758; x_wconf 91' lang='lat' dir='ltr'><strong>in</strong></span> 
     </span>
    </p>
   </div>
   <div class='ocr_carea' id='block_1_90' title="bbox 464 4768 2031 4843">
    <p class='ocr_par' dir='ltr' id='par_1_90' title="bbox 464 4768 2031 4843">
     <span class='ocr_line' id='line_1_90' title="bbox 464 4768 2031 4843; baseline 0.001 -16"><span class='ocrx_word' id='word_1_659' title='bbox 464 4768 971 4843; x_wconf 52' lang='lat' dir='ltr'><strong>utei°o_&#39;concep_t_um</strong></span> <span class='ocrx_word' id='word_1_660' title='bbox 992 4808 1008 4832; x_wconf 92' lang='lat'><strong>,</strong></span> <span class='ocrx_word' id='word_1_661' title='bbox 1039 4777 1093 4823; x_wconf 90' lang='lat' dir='ltr'><strong>et</strong></span> <span class='ocrx_word' id='word_1_662' title='bbox 1117 4768 1306 4843; x_wconf 89' lang='lat' dir='ltr'><strong>quid_a</strong></span> <span class='ocrx_word' id='word_1_663' title='bbox 1334 4778 1389 4843; x_wconf 79' lang='lat' dir='ltr'><strong>te</strong></span> <span class='ocrx_word' id='word_1_664' title='bbox 1416 4770 1471 4824; x_wconf 90' lang='lat' dir='ltr'><strong>in</strong></span> <span class='ocrx_word' id='word_1_665' title='bbox 1515 4768 1740 4843; x_wconf 83' lang='lat' dir='ltr'><strong>matrice</strong></span> <span class='ocrx_word' id='word_1_666' title='bbox 1781 4772 2031 4843; x_wconf 88' lang='lat' dir='ltr'><strong>virginali</strong></span> 
     </span>
    </p>
   </div>
   <div class='ocr_carea' id='block_1_91' title="bbox 465 4838 2032 4913">
    <p class='ocr_par' dir='ltr' id='par_1_91' title="bbox 465 4838 2032 4913">
     <span class='ocr_line' id='line_1_91' title="bbox 465 4838 2032 4913; baseline 0.002 -17"><span class='ocrx_word' id='word_1_667' title='bbox 465 4838 1081 4913; x_wconf 80' lang='lat' dir='ltr'><strong>gestabatur?_Verbum</strong></span> <span class='ocrx_word' id='word_1_668' title='bbox 1108 4846 1226 4893; x_wconf 88' lang='lat' dir='ltr'><strong>erat</strong></span> <span class='ocrx_word' id='word_1_669' title='bbox 1255 4839 1369 4902; x_wconf 90' lang='lat' dir='ltr'><strong>Dei,</strong></span> <span class='ocrx_word' id='word_1_670' title='bbox 1402 4842 1800 4913; x_wconf 77' lang='lat' dir='ltr'><strong>primogenitus</strong></span> <span class='ocrx_word' id='word_1_671' title='bbox 1824 4882 1839 4904; x_wconf 87' lang='lat'><strong>,</strong></span> <span class='ocrx_word' id='word_1_672' title='bbox 1868 4838 1966 4913; x_wconf 69' lang='lat' dir='ltr'><strong>qui</strong></span> <span class='ocrx_word' id='word_1_673' title='bbox 2000 4861 2032 4900; x_wconf 90' lang='lat' dir='ltr'><strong>e</strong></span> 
     </span>
    </p>
   </div>
   <div class='ocr_carea' id='block_1_92' title="bbox 465 4908 2030 4982">
    <p class='ocr_par' dir='ltr' id='par_1_92' title="bbox 465 4908 2030 4982">
     <span class='ocr_line' id='line_1_92' title="bbox 465 4908 2030 4982; baseline 0.001 -15"><span class='ocrx_word' id='word_1_674' title='bbox 465 4908 621 4967; x_wconf 70' lang='lat' dir='ltr'><strong>émlis</strong></span> <span class='ocrx_word' id='word_1_675' title='bbox 651 4911 706 4982; x_wconf 77' lang='lat' dir='ltr'><strong>in</strong></span> <span class='ocrx_word' id='word_1_676' title='bbox 740 4918 794 4963; x_wconf 86' lang='lat' dir='ltr'><strong>te</strong></span> <span class='ocrx_word' id='word_1_677' title='bbox 815 4908 1204 4972; x_wconf 87' lang='lat' dir='ltr'><strong>descenderat,</strong></span> <span class='ocrx_word' id='word_1_678' title='bbox 1224 4918 1302 4982; x_wconf 88' lang='lat' dir='ltr'><strong>_et</strong></span> <span class='ocrx_word' id='word_1_679' title='bbox 1348 4908 1512 4982; x_wconf 87' lang='lat' dir='ltr'><strong>homo</strong></span> <span class='ocrx_word' id='word_1_680' title='bbox 1552 4908 1942 4982; x_wconf 66' lang='lat' dir='ltr'><strong>priniogenitus</strong></span> <span class='ocrx_word' id='word_1_681' title='bbox 1975 4915 2030 4969; x_wconf 90' lang='lat' dir='ltr'><strong>in</strong></span> 
     </span>
    </p>
   </div>
   <div class='ocr_carea' id='block_1_93' title="bbox 466 4979 2030 5051">
    <p class='ocr_par' dir='ltr' id='par_1_93' title="bbox 466 4979 2030 5051">
     <span class='ocr_line' id='line_1_93' title="bbox 466 4979 2030 5051; baseline 0.002 -14"><span class='ocrx_word' id='word_1_682' title='bbox 466 4992 624 5037; x_wconf 87' lang='lat' dir='ltr'><strong>utero</strong></span> <span class='ocrx_word' id='word_1_683' title='bbox 683 4979 1102 5051; x_wconf 27' lang='lat' dir='ltr'><strong>formatusgut</strong></span> <span class='ocrx_word' id='word_1_684' title='bbox 1156 4979 1576 5051; x_wconf 79' lang='lat' dir='ltr'><strong>primogenitum</strong></span> <span class='ocrx_word' id='word_1_685' title='bbox 1634 4979 1869 5037; x_wconf 83' lang='lat' dir='ltr'><strong>Verbum</strong></span> <span class='ocrx_word' id='word_1_686' title='bbox 1934 4984 2030 5040; x_wconf 91' lang='lat' dir='ltr'><strong>Dei</strong></span> 
     </span>
    </p>
   </div>
   <div class='ocr_carea' id='block_1_94' title="bbox 466 5049 2030 5122">
    <p class='ocr_par' dir='ltr' id='par_1_94' title="bbox 466 5049 2030 5122">
     <span class='ocr_line' id='line_1_94' title="bbox 466 5049 2030 5122; baseline 0.004 -18"><span class='ocrx_word' id='word_1_687' title='bbox 466 5050 832 5122; x_wconf 67' lang='lat' dir='ltr'><strong>primogenito</strong></span> <span class='ocrx_word' id='word_1_688' title='bbox 872 5049 1083 5122; x_wconf 74' lang='lat' dir='ltr'><strong>homini</strong></span> <span class='ocrx_word' id='word_1_689' title='bbox 1126 5049 1357 5122; x_wconf 78' lang='lat' dir='ltr'><strong>unitum</strong></span> <span class='ocrx_word' id='word_1_690' title='bbox 1384 5052 1778 5109; x_wconf 88' lang='lat' dir='ltr'><strong>ostenderetur.</strong></span> <span class='ocrx_word' id='word_1_691' title='bbox 1813 5072 1831 5106; x_wconf 72' lang='grc' dir='ltr'><strong><em>ι</em></strong></span> <span class='ocrx_word' id='word_1_692' title='bbox 1885 5053 2030 5110; x_wconf 86' lang='lat' dir='ltr'><strong>idem</strong></span> 
     </span>
    </p>
   </div>
   <div class='ocr_carea' id='block_1_95' title="bbox 468 5116 2029 5193">
    <p class='ocr_par' dir='ltr' id='par_1_95' title="bbox 468 5116 2029 5193">
     <span class='ocr_line' id='line_1_95' title="bbox 468 5116 2029 5193; baseline 0.002 -17"><span class='ocrx_word' id='word_1_693' title='bbox 468 5116 976 5193; x_wconf 11' lang='lat' dir='ltr'><strong>apiidgr&#39;l‘heodoret.</strong></span> <span class='ocrx_word' id='word_1_694' title='bbox 1017 5119 1226 5193; x_wconf 73' lang='lat' dir='ltr'><strong>Diatag.</strong></span> <span class='ocrx_word' id='word_1_695' title='bbox 1254 5122 1305 5183; x_wconf 87' lang='grc'><strong>1,</strong></span> <span class='ocrx_word' id='word_1_696' title='bbox 1336 5130 1389 5175; x_wconf 90' lang='lat' dir='ltr'><strong>et</strong></span> <span class='ocrx_word' id='word_1_697' title='bbox 1412 5129 1545 5176; x_wconf 90' lang='lat' dir='ltr'><strong>tom.</strong></span> <span class='ocrx_word' id='word_1_698' title='bbox 1574 5122 1593 5176; x_wconf 89' lang='grc' dir='ltr'><strong>Ι</strong></span> <span class='ocrx_word' id='word_1_699' title='bbox 1626 5122 1784 5193; x_wconf 88' lang='lat' dir='ltr'><strong>0pp.,</strong></span> <span class='ocrx_word' id='word_1_700' title='bbox 1816 5138 1870 5193; x_wconf 93' lang='lat' dir='ltr'><strong>p.</strong></span> <span class='ocrx_word' id='word_1_701' title='bbox 1902 5125 2029 5179; x_wconf 89' lang='lat'><strong>267.</strong></span> 
     </span>
    </p>
   </div>
   <div class='ocr_carea' id='block_1_96' title="bbox 539 5189 2030 5262">
    <p class='ocr_par' dir='ltr' id='par_1_96' title="bbox 539 5189 2030 5262">
     <span class='ocr_line' id='line_1_96' title="bbox 539 5189 2030 5262; baseline 0.003 -18"><span class='ocrx_word' id='word_1_702' title='bbox 539 5191 652 5262; x_wconf 89' lang='lat'><strong>(77)</strong></span> <span class='ocrx_word' id='word_1_703' title='bbox 690 5209 707 5243; x_wconf 75' lang='grc' dir='ltr'>ι</span> <span class='ocrx_word' id='word_1_704' title='bbox 736 5189 1037 5262; x_wconf 79' lang='lat' dir='ltr'><strong>Credamus</strong></span> <span class='ocrx_word' id='word_1_705' title='bbox 1070 5190 1253 5260; x_wconf 88' lang='lat' dir='ltr'><strong>igitur,</strong></span> <span class='ocrx_word' id='word_1_706' title='bbox 1287 5193 1501 5262; x_wconf 83' lang='lat' dir='ltr'><strong>l&#39;ratres,</strong></span> <span class='ocrx_word' id='word_1_707' title='bbox 1526 5189 1835 5262; x_wconf 74' lang='lat' dir='ltr'><strong>secundum</strong></span> <span class='ocrx_word' id='word_1_708' title='bbox 1858 5195 2030 5248; x_wconf 86' lang='lat' dir='ltr'><strong>tradi-</strong></span> 
     </span>
    </p>
   </div>
   <div class='ocr_carea' id='block_1_97' title="bbox 468 5260 2032 5330">
    <p class='ocr_par' dir='ltr' id='par_1_97' title="bbox 468 5260 2032 5330">
     <span class='ocr_line' id='line_1_97' title="bbox 468 5260 2032 5330; baseline 0.003 -15"><span class='ocrx_word' id='word_1_709' title='bbox 468 5260 672 5317; x_wconf 83' lang='lat' dir='ltr'><strong>tionem</strong></span> <span class='ocrx_word' id='word_1_710' title='bbox 719 5260 1128 5330; x_wconf 89' lang='lat' dir='ltr'><strong>apostolorum,</strong></span> <span class='ocrx_word' id='word_1_711' title='bbox 1168 5261 1310 5330; x_wconf 74' lang='lat' dir='ltr'><strong>quod</strong></span> <span class='ocrx_word' id='word_1_712' title='bbox 1346 5261 1487 5316; x_wconf 90' lang='lat' dir='ltr'><strong>Deus</strong></span> <span class='ocrx_word' id='word_1_713' title='bbox 1522 5260 1755 5317; x_wconf 84' lang='lat' dir='ltr'><strong>Verbum</strong></span> <span class='ocrx_word' id='word_1_714' title='bbox 1801 5280 1833 5318; x_wconf 89' lang='lat' dir='ltr'><strong>a</strong></span> <span class='ocrx_word' id='word_1_715' title='bbox 1879 5265 2032 5319; x_wconf 65' lang='lat' dir='ltr'><strong>caelis</strong></span> 
     </span>
    </p>
   </div>
   <div class='ocr_carea' id='block_1_98' title="bbox 468 5327 2031 5399">
    <p class='ocr_par' dir='ltr' id='par_1_98' title="bbox 468 5327 2031 5399">
     <span class='ocr_line' id='line_1_98' title="bbox 468 5327 2031 5399; baseline 0.003 -14"><span class='ocrx_word' id='word_1_716' title='bbox 468 5327 845 5386; x_wconf 51' lang='lat' dir='ltr'><strong>descendit&#39;in</strong></span> <span class='ocrx_word' id='word_1_717' title='bbox 893 5339 1137 5385; x_wconf 89' lang='lat' dir='ltr'><strong>sanctam</strong></span> <span class='ocrx_word' id='word_1_718' title='bbox 1170 5327 1444 5399; x_wconf 84' lang='lat' dir='ltr'><strong>Virginem</strong></span> <span class='ocrx_word' id='word_1_719' title='bbox 1479 5331 1702 5387; x_wconf 82' lang='lat' dir='ltr'><strong>Mariam</strong></span> <span class='ocrx_word' id='word_1_720' title='bbox 1731 5373 1745 5397; x_wconf 92' lang='lat'><strong>,</strong></span> <span class='ocrx_word' id='word_1_721' title='bbox 1782 5344 1841 5389; x_wconf 93' lang='lat' dir='ltr'><strong>ut</strong></span> <span class='ocrx_word' id='word_1_722' title='bbox 1868 5350 1935 5389; x_wconf 79' lang='lat' dir='ltr'><strong>ex</strong></span> <span class='ocrx_word' id='word_1_723' title='bbox 1967 5351 2031 5389; x_wconf 87' lang='lat' dir='ltr'><strong>ea</strong></span> 
     </span>
    </p>
   </div>
   <div class='ocr_carea' id='block_1_99' title="bbox 470 5400 2030 5474">
    <p class='ocr_par' dir='ltr' id='par_1_99' title="bbox 470 5400 2030 5474">
     <span class='ocr_line' id='line_1_99' title="bbox 470 5400 2030 5474; baseline 0.003 -21"><span class='ocrx_word' id='word_1_724' title='bbox 470 5402 1029 5474; x_wconf 42' lang='lat' dir='ltr'><strong>incarnatusmumpta</strong></span> <span class='ocrx_word' id='word_1_725' title='bbox 1049 5400 1230 5474; x_wconf 78' lang='lat' dir='ltr'><strong>anima</strong></span> <span class='ocrx_word' id='word_1_726' title='bbox 1253 5402 1510 5468; x_wconf 91' lang='lat' dir='ltr'><strong>humana,</strong></span> <span class='ocrx_word' id='word_1_727' title='bbox 1541 5404 1767 5459; x_wconf 89' lang='lat' dir='ltr'><strong>rationis</strong></span> <span class='ocrx_word' id='word_1_728' title='bbox 1806 5405 2030 5474; x_wconf 89' lang='lat' dir='ltr'><strong>inquam</strong></span> 
     </span>
    </p>
   </div>
   <div class='ocr_carea' id='block_1_100' title="bbox 470 5469 2034 5541">
    <p class='ocr_par' dir='ltr' id='par_1_100' title="bbox 470 5469 2034 5541">
     <span class='ocr_line' id='line_1_100' title="bbox 470 5469 2034 5541; baseline 0.004 -18"><span class='ocrx_word' id='word_1_729' title='bbox 470 5471 751 5540; x_wconf 85' lang='lat' dir='ltr'><strong>participe,</strong></span> <span class='ocrx_word' id='word_1_730' title='bbox 783 5469 956 5526; x_wconf 83' lang='lat' dir='ltr'><strong>factus</strong></span> <span class='ocrx_word' id='word_1_731' title='bbox 1008 5470 1190 5525; x_wconf 88' lang='lat' dir='ltr'><strong>omnia</strong></span> <span class='ocrx_word' id='word_1_732' title='bbox 1233 5474 1570 5541; x_wconf 68' lang='lat' dir='ltr'><strong>quaecunque</strong></span> <span class='ocrx_word' id='word_1_733' title='bbox 1601 5475 1762 5529; x_wconf 90' lang='lat' dir='ltr'><strong>homo</strong></span> <span class='ocrx_word' id='word_1_734' title='bbox 1792 5469 1895 5539; x_wconf 71' lang='lat' dir='ltr'><strong>est,</strong></span> <span class='ocrx_word' id='word_1_735' title='bbox 1936 5490 2034 5529; x_wconf 80' lang='lat' dir='ltr'><strong>ex-</strong></span> 
     </span>
    </p>
   </div>
   <div class='ocr_carea' id='block_1_101' title="bbox 470 5541 2031 5663">
    <p class='ocr_par' dir='ltr' id='par_1_101' title="bbox 470 5541 2031 5663">
     <span class='ocr_line' id='line_1_101' title="bbox 470 5541 2031 5663; baseline 0.003 -70"><span class='ocrx_word' id='word_1_736' title='bbox 470 5549 626 5609; x_wconf 86' lang='lat' dir='ltr'><strong>cepto</strong></span> <span class='ocrx_word' id='word_1_737' title='bbox 652 5549 872 5663; x_wconf 64' lang='lat' dir='ltr'><strong>peccato</strong></span> <span class='ocrx_word' id='word_1_738' title='bbox 891 5581 905 5607; x_wconf 97' lang='lat'><strong>,</strong></span> <span class='ocrx_word' id='word_1_739' title='bbox 938 5542 1173 5595; x_wconf 85' lang='lat' dir='ltr'><strong>salvaret</strong></span> <span class='ocrx_word' id='word_1_740' title='bbox 1200 5541 1394 5608; x_wconf 88' lang='lat' dir='ltr'><strong>Adam,</strong></span> <span class='ocrx_word' id='word_1_741' title='bbox 1414 5546 1505 5612; x_wconf 91' lang='lat' dir='ltr'><strong>qui</strong></span> <span class='ocrx_word' id='word_1_742' title='bbox 1532 5545 1817 5611; x_wconf 88' lang='lat' dir='ltr'><strong>ceciderat,</strong></span> <span class='ocrx_word' id='word_1_743' title='bbox 1846 5554 1900 5599; x_wconf 90' lang='lat' dir='ltr'><strong>et</strong></span> <span class='ocrx_word' id='word_1_744' title='bbox 1928 5546 2031 5598; x_wconf 88' lang='lat' dir='ltr'><strong>im-</strong></span> 
     </span>
     <span class='ocr_line' id='line_1_102' title="bbox 471 5611 2031 5663; baseline 0 0"><span class='ocrx_word' id='word_1_745' title='bbox 471 5620 647 5663; x_wconf 88' lang='lat' dir='ltr'><strong>morta</strong></span> <span class='ocrx_word' id='word_1_746' title='bbox 673 5611 854 5663; x_wconf 88' lang='lat' dir='ltr'><strong>itatem</strong></span> <span class='ocrx_word' id='word_1_747' title='bbox 882 5611 1191 5663; x_wconf 89' lang='lat' dir='ltr'><strong>hominibus</strong></span> <span class='ocrx_word' id='word_1_748' title='bbox 1222 5612 1509 5663; x_wconf 69' lang='lat' dir='ltr'><strong>largiretur</strong></span> <span class='ocrx_word' id='word_1_749' title='bbox 1538 5614 1604 5663; x_wconf 87' lang='lat' dir='ltr'><strong>iis</strong></span> <span class='ocrx_word' id='word_1_750' title='bbox 1626 5614 1719 5663; x_wconf 83' lang='lat' dir='ltr'><strong>aui</strong></span> <span class='ocrx_word' id='word_1_751' title='bbox 1749 5616 2031 5663; x_wconf 80' lang='lat' dir='ltr'><strong>crederent</strong></span> 
     </span>
    </p>
   </div>
   <div class='ocr_carea' id='block_1_102' title="bbox 471 5611 2033 5684">
    <p class='ocr_par' dir='ltr' id='par_1_102' title="bbox 471 5611 2033 5684">
     <span class='ocr_line' id='line_1_103' title="bbox 471 5611 2033 5684; baseline 0.004 -22"><span class='ocrx_word' id='word_1_752' title='bbox 471 5611 854 5684; x_wconf 81' lang='lat' dir='ltr'><strong>mortalitatem</strong></span> <span class='ocrx_word' id='word_1_753' title='bbox 882 5611 1191 5684; x_wconf 74' lang='lat' dir='ltr'><strong>hominibus</strong></span> <span class='ocrx_word' id='word_1_754' title='bbox 1222 5611 1509 5684; x_wconf 85' lang='lat' dir='ltr'><strong>largiretur</strong></span> <span class='ocrx_word' id='word_1_755' title='bbox 1538 5614 1604 5669; x_wconf 91' lang='lat' dir='ltr'><strong>iis</strong></span> <span class='ocrx_word' id='word_1_756' title='bbox 1626 5614 1719 5684; x_wconf 94' lang='lat' dir='ltr'><strong>qui</strong></span> <span class='ocrx_word' id='word_1_757' title='bbox 1749 5616 2033 5670; x_wconf 87' lang='lat' dir='ltr'><strong>crederent</strong></span> 
     </span>
    </p>
   </div>
   <div class='ocr_carea' id='block_1_103' title="bbox 472 5680 2032 5753">
    <p class='ocr_par' dir='ltr' id='par_1_103' title="bbox 472 5680 2032 5753">
     <span class='ocr_line' id='line_1_104' title="bbox 472 5680 2032 5753; baseline 0.003 -18"><span class='ocrx_word' id='word_1_758' title='bbox 472 5682 528 5735; x_wconf 91' lang='lat' dir='ltr'><strong>in</strong></span> <span class='ocrx_word' id='word_1_759' title='bbox 546 5681 770 5753; x_wconf 75' lang='lat' dir='ltr'><strong>nomine</strong></span> <span class='ocrx_word' id='word_1_760' title='bbox 796 5695 917 5736; x_wconf 88' lang='lat' dir='ltr'><strong>suo.</strong></span> <span class='ocrx_word' id='word_1_761' title='bbox 942 5680 1277 5753; x_wconf 11' lang='lat' dir='ltr'><strong>ln‘om‘uibus</strong></span> <span class='ocrx_word' id='word_1_762' title='bbox 1300 5680 1465 5753; x_wconf 79' lang='lat' dir='ltr'><strong>igitur</strong></span> <span class='ocrx_word' id='word_1_763' title='bbox 1492 5680 1924 5740; x_wconf 78' lang='lat' dir='ltr'><strong>demonstratum</strong></span> <span class='ocrx_word' id='word_1_764' title='bbox 1947 5697 2032 5739; x_wconf 90' lang='lat' dir='ltr'><strong>est</strong></span> 
     </span>
    </p>
   </div>
   <div class='ocr_carea' id='block_1_104' title="bbox 469 5747 2029 5833">
    <p class='ocr_par' dir='ltr' id='par_1_104' title="bbox 469 5747 2029 5833">
     <span class='ocr_line' id='line_1_105' title="bbox 469 5747 2029 5833; baseline 0.001 -24"><span class='ocrx_word' id='word_1_765' title='bbox 469 5749 628 5809; x_wconf 83' lang='lat' dir='ltr'><strong>nobis</strong></span> <span class='ocrx_word' id='word_1_766' title='bbox 653 5747 888 5806; x_wconf 86' lang='lat' dir='ltr'><strong>Verbum</strong></span> <span class='ocrx_word' id='word_1_767' title='bbox 911 5751 1173 5822; x_wconf 84' lang='lat' dir='ltr'><strong>veritatis,</strong></span> <span class='ocrx_word' id='word_1_768' title='bbox 1201 5747 1347 5823; x_wconf 79' lang='lat' dir='ltr'><strong>quod</strong></span> <span class='ocrx_word' id='word_1_769' title='bbox 1378 5769 1520 5833; x_wconf 75' lang='lat' dir='ltr'><strong>unus</strong></span> <span class='ocrx_word' id='word_1_770' title='bbox 1547 5764 1633 5811; x_wconf 86' lang='lat' dir='ltr'><strong>est</strong></span> <span class='ocrx_word' id='word_1_771' title='bbox 1658 5753 1838 5825; x_wconf 87' lang='lat' dir='ltr'><strong>Pater,</strong></span> <span class='ocrx_word' id='word_1_772' title='bbox 1870 5755 2029 5827; x_wconf 89' lang='lat' dir='ltr'><strong>cujus</strong></span> 
     </span>
    </p>
   </div>
   <div class='ocr_carea' id='block_1_105' title="bbox 535 4417 629 4632">
    <p class='ocr_par' dir='ltr' id='par_1_105' title="bbox 535 4417 629 4632">
     <span class='ocr_line' id='line_1_106' title="bbox 535 4417 629 4632; baseline 0.021 -159"><span class='ocrx_word' id='word_1_773' title='bbox 535 4417 629 4632; x_wconf 51' lang='grc' dir='ltr'><strong>ἔῃ</strong></span> 
     </span>
     <span class='ocr_line' id='line_1_107' title="bbox 563 4492 629 4545; baseline 0.03 -2"><span class='ocrx_word' id='word_1_774' title='bbox 563 4492 629 4545; x_wconf 76' lang='lat'><strong>75</strong></span> 
     </span>
     <span class='ocr_line' id='line_1_108' title="bbox 559 4562 626 4632; baseline 0 -18"><span class='ocrx_word' id='word_1_775' title='bbox 559 4562 626 4632; x_wconf 73' lang='lat'><strong>74</strong></span> 
     </span>
    </p>
   </div>
   <div class='ocr_carea' id='block_1_106' title="bbox 563 4492 629 4545">
    <p class='ocr_par' dir='ltr' id='par_1_106' title="bbox 563 4492 629 4545">
     <span class='ocr_line' id='line_1_109' title="bbox 563 4492 629 4545; baseline 0.03 -2"><span class='ocrx_word' id='word_1_776' title='bbox 563 4492 629 4545; x_wconf 79' lang='grc'><strong>75</strong></span> 
     </span>
    </p>
   </div>
   <div class='ocr_carea' id='block_1_107' title="bbox 559 4562 626 4616">
    <p class='ocr_par' dir='ltr' id='par_1_107' title="bbox 559 4562 626 4616">
     <span class='ocr_line' id='line_1_110' title="bbox 559 4562 626 4616; baseline -0.03 0"><span class='ocrx_word' id='word_1_777' title='bbox 559 4562 626 4616; x_wconf 78' lang='grc'><strong>74</strong></span> 
     </span>
    </p>
   </div>
   <div class='ocr_carea' id='block_1_108' title="bbox 630 4420 652 4771">
    <p class='ocr_par' dir='ltr' id='par_1_108' title="bbox 630 4420 652 4771">
     <span class='ocr_line' id='line_1_111' title="bbox 630 4420 652 4771; baseline 0 0"><span class='ocrx_word' id='word_1_778' title='bbox 630 4420 652 4771; x_wconf 74' lang='grc' dir='ltr'>ξ</span> 
     </span>
    </p>
   </div>
   <div class='ocr_carea' id='block_1_109' title="bbox 2137 4421 3698 4495">
    <p class='ocr_par' dir='ltr' id='par_1_109' title="bbox 2137 4421 3698 4495">
     <span class='ocr_line' id='line_1_112' title="bbox 2137 4421 3698 4495; baseline -0.004 -11"><span class='ocrx_word' id='word_1_779' title='bbox 2137 4429 2289 4484; x_wconf 89' lang='lat' dir='ltr'><strong>adest</strong></span> <span class='ocrx_word' id='word_1_780' title='bbox 2316 4424 2575 4489; x_wconf 90' lang='lat' dir='ltr'><strong>Verbum,</strong></span> <span class='ocrx_word' id='word_1_781' title='bbox 2617 4440 2713 4495; x_wconf 90' lang='lat' dir='ltr'><strong>per</strong></span> <span class='ocrx_word' id='word_1_782' title='bbox 2747 4423 2893 4494; x_wconf 90' lang='lat' dir='ltr'><strong>quod</strong></span> <span class='ocrx_word' id='word_1_783' title='bbox 2923 4422 3104 4479; x_wconf 91' lang='lat' dir='ltr'><strong>omnia</strong></span> <span class='ocrx_word' id='word_1_784' title='bbox 3130 4421 3301 4495; x_wconf 85' lang='lat' dir='ltr'><strong>l‘ecit;</strong></span> <span class='ocrx_word' id='word_1_785' title='bbox 3334 4423 3478 4492; x_wconf 92' lang='lat' dir='ltr'><strong>quod</strong></span> <span class='ocrx_word' id='word_1_786' title='bbox 3508 4432 3698 4495; x_wconf 87' lang='lat' dir='ltr'><strong>poste-</strong></span> 
     </span>
    </p>
   </div>
   <div class='ocr_carea' id='block_1_110' title="bbox 2061 4494 3701 4564">
    <p class='ocr_par' dir='ltr' id='par_1_110' title="bbox 2061 4494 3701 4564">
     <span class='ocr_line' id='line_1_113' title="bbox 2061 4494 3701 4564; baseline -0.005 -10"><span class='ocrx_word' id='word_1_787' title='bbox 2061 4497 2108 4553; x_wconf 86' lang='lat' dir='ltr'><strong>D</strong></span> <span class='ocrx_word' id='word_1_788' title='bbox 2137 4498 2371 4554; x_wconf 89' lang='lat' dir='ltr'><strong>rioribus</strong></span> <span class='ocrx_word' id='word_1_789' title='bbox 2400 4494 2754 4564; x_wconf 81' lang='lat' dir='ltr'><strong>temporibus,</strong></span> <span class='ocrx_word' id='word_1_790' title='bbox 2791 4495 2934 4548; x_wconf 88' lang='lat' dir='ltr'><strong>sicut</strong></span> <span class='ocrx_word' id='word_1_791' title='bbox 2961 4494 3211 4564; x_wconf 77' lang='lat' dir='ltr'><strong>superius</strong></span> <span class='ocrx_word' id='word_1_792' title='bbox 3239 4495 3502 4554; x_wconf 78' lang='lat' dir='ltr'><strong>diximus.</strong></span> <span class='ocrx_word' id='word_1_793' title='bbox 3545 4494 3701 4547; x_wconf 89' lang='lat' dir='ltr'><strong>misit</strong></span> 
     </span>
    </p>
   </div>
   <div class='ocr_carea' id='block_1_111' title="bbox 2134 4562 3702 4634">
    <p class='ocr_par' dir='ltr' id='par_1_111' title="bbox 2134 4562 3702 4634">
     <span class='ocr_line' id='line_1_114' title="bbox 2134 4562 3702 4634; baseline -0.004 -10"><span class='ocrx_word' id='word_1_794' title='bbox 2134 4569 2294 4624; x_wconf 90' lang='lat' dir='ltr'><strong>Pater</strong></span> <span class='ocrx_word' id='word_1_795' title='bbox 2356 4566 2425 4621; x_wconf 87' lang='lat' dir='ltr'><strong>ad</strong></span> <span class='ocrx_word' id='word_1_796' title='bbox 2479 4562 2710 4621; x_wconf 80' lang='lat' dir='ltr'><strong>salutem</strong></span> <span class='ocrx_word' id='word_1_797' title='bbox 2757 4564 3058 4618; x_wconf 82' lang='lat' dir='ltr'><strong>hominum.</strong></span> <span class='ocrx_word' id='word_1_798' title='bbox 3112 4562 3227 4618; x_wconf 88' lang='lat' dir='ltr'><strong>Hoc</strong></span> <span class='ocrx_word' id='word_1_799' title='bbox 3282 4580 3378 4634; x_wconf 88' lang='lat' dir='ltr'><strong>per</strong></span> <span class='ocrx_word' id='word_1_800' title='bbox 3426 4565 3595 4634; x_wconf 85' lang='lat' dir='ltr'><strong>legem</strong></span> <span class='ocrx_word' id='word_1_801' title='bbox 3644 4572 3702 4618; x_wconf 89' lang='lat' dir='ltr'><strong>et</strong></span> 
     </span>
    </p>
   </div>
   <div class='ocr_carea' id='block_1_112' title="bbox 2131 4634 3701 4710">
    <p class='ocr_par' dir='ltr' id='par_1_112' title="bbox 2131 4634 3701 4710">
     <span class='ocr_line' id='line_1_115' title="bbox 2131 4634 3701 4710; baseline -0.004 -18"><span class='ocrx_word' id='word_1_802' title='bbox 2131 4639 2424 4710; x_wconf 75' lang='lat' dir='ltr'><strong>prophetas</strong></span> <span class='ocrx_word' id='word_1_803' title='bbox 2455 4637 2806 4710; x_wconf 81' lang='lat' dir='ltr'><strong>praedicatum</strong></span> <span class='ocrx_word' id='word_1_804' title='bbox 2844 4645 2929 4687; x_wconf 88' lang='lat' dir='ltr'><strong>est</strong></span> <span class='ocrx_word' id='word_1_805' title='bbox 2957 4642 3245 4710; x_wconf 85' lang='lat' dir='ltr'><strong>venturum</strong></span> <span class='ocrx_word' id='word_1_806' title='bbox 3277 4649 3402 4688; x_wconf 89' lang='lat' dir='ltr'><strong>esse</strong></span> <span class='ocrx_word' id='word_1_807' title='bbox 3440 4634 3493 4690; x_wconf 89' lang='lat' dir='ltr'><strong>in</strong></span> <span class='ocrx_word' id='word_1_808' title='bbox 3517 4650 3701 4710; x_wconf 82' lang='lat' dir='ltr'><strong>_mun-</strong></span> 
     </span>
    </p>
   </div>
   <div class='ocr_carea' id='block_1_113' title="bbox 2130 4704 3699 4776">
    <p class='ocr_par' dir='ltr' id='par_1_113' title="bbox 2130 4704 3699 4776">
     <span class='ocr_line' id='line_1_116' title="bbox 2130 4704 3699 4776; baseline -0.004 -11"><span class='ocrx_word' id='word_1_809' title='bbox 2130 4704 2283 4765; x_wconf 79' lang='lat' dir='ltr'><strong>dum.</strong></span> <span class='ocrx_word' id='word_1_810' title='bbox 2305 4704 2604 4775; x_wconf 88' lang='lat' dir='ltr'><strong>Sicutergo</strong></span> <span class='ocrx_word' id='word_1_811' title='bbox 2616 4705 2963 4776; x_wconf 63' lang='lat' dir='ltr'><strong>praedicatum</strong></span> <span class='ocrx_word' id='word_1_812' title='bbox 2985 4704 3183 4776; x_wconf 82' lang='lat' dir='ltr'><strong>est,_.sic</strong></span> <span class='ocrx_word' id='word_1_813' title='bbox 3199 4718 3434 4772; x_wconf 68' lang='lat' dir='ltr'><strong>praesens</strong></span> <span class='ocrx_word' id='word_1_814' title='bbox 3455 4704 3699 4772; x_wconf 89' lang='lat' dir='ltr'><strong>seipsum</strong></span> 
     </span>
    </p>
   </div>
   <div class='ocr_carea' id='block_1_114' title="bbox 2132 4773 3697 4842">
    <p class='ocr_par' dir='ltr' id='par_1_114' title="bbox 2132 4773 3697 4842">
     <span class='ocr_line' id='line_1_117' title="bbox 2132 4773 3697 4842; baseline -0.003 -9"><span class='ocrx_word' id='word_1_815' title='bbox 2132 4777 2482 4834; x_wconf 79' lang='lat' dir='ltr'><strong>manifestum</strong></span> <span class='ocrx_word' id='word_1_816' title='bbox 2514 4773 2636 4831; x_wconf 74' lang='lat' dir='ltr'><strong>fecit</strong></span> <span class='ocrx_word' id='word_1_817' title='bbox 2658 4792 2723 4831; x_wconf 83' lang='lat' dir='ltr'><strong>ex</strong></span> <span class='ocrx_word' id='word_1_818' title='bbox 2746 4773 2965 4842; x_wconf 88' lang='lat' dir='ltr'><strong>Virgine</strong></span> <span class='ocrx_word' id='word_1_819' title='bbox 2987 4782 3041 4827; x_wconf 93' lang='lat' dir='ltr'><strong>et</strong></span> <span class='ocrx_word' id='word_1_820' title='bbox 3072 4773 3275 4842; x_wconf 82' lang='lat' dir='ltr'><strong>Spiritu</strong></span> <span class='ocrx_word' id='word_1_821' title='bbox 3305 4783 3493 4829; x_wconf 91' lang='lat' dir='ltr'><strong>sancto</strong></span> <span class='ocrx_word' id='word_1_822' title='bbox 3518 4789 3697 4828; x_wconf 85' lang='lat' dir='ltr'><strong>novus</strong></span> 
     </span>
    </p>
   </div>
   <div class='ocr_carea' id='block_1_115' title="bbox 2132 4844 3696 4913">
    <p class='ocr_par' dir='ltr' id='par_1_115' title="bbox 2132 4844 3696 4913">
     <span class='ocr_line' id='line_1_118' title="bbox 2132 4844 3696 4913; baseline -0.005 -9"><span class='ocrx_word' id='word_1_823' title='bbox 2132 4850 2297 4904; x_wconf 92' lang='lat' dir='ltr'><strong>homo</strong></span> <span class='ocrx_word' id='word_1_824' title='bbox 2329 4847 2504 4902; x_wconf 82' lang='lat' dir='ltr'><strong>factus</strong></span> <span class='ocrx_word' id='word_1_825' title='bbox 2531 4865 2545 4899; x_wconf 90' lang='lat'><strong>:</strong></span> <span class='ocrx_word' id='word_1_826' title='bbox 2574 4846 2777 4900; x_wconf 88' lang='lat' dir='ltr'><strong>habens</strong></span> <span class='ocrx_word' id='word_1_827' title='bbox 2805 4844 3044 4904; x_wconf 83' lang='lat' dir='ltr'><strong>caeleste,</strong></span> <span class='ocrx_word' id='word_1_828' title='bbox 3070 4845 3214 4913; x_wconf 92' lang='lat' dir='ltr'><strong>quod</strong></span> <span class='ocrx_word' id='word_1_829' title='bbox 3237 4853 3521 4913; x_wconf 86' lang='lat' dir='ltr'><strong>paternum</strong></span> <span class='ocrx_word' id='word_1_830' title='bbox 3552 4852 3696 4909; x_wconf 85' lang='lat' dir='ltr'><strong>erat,</strong></span> 
     </span>
    </p>
   </div>
   <div class='ocr_carea' id='block_1_116' title="bbox 2134 4915 3699 4989">
    <p class='ocr_par' dir='ltr' id='par_1_116' title="bbox 2134 4915 3699 4989">
     <span class='ocr_line' id='line_1_119' title="bbox 2134 4915 3699 4989; baseline -0.004 -16"><span class='ocrx_word' id='word_1_831' title='bbox 2134 4928 2390 4989; x_wconf 89' lang='lat' dir='ltr'><strong>tanquam</strong></span> <span class='ocrx_word' id='word_1_832' title='bbox 2422 4915 2694 4989; x_wconf 79' lang='lat' dir='ltr'><strong>Verbum;</strong></span> <span class='ocrx_word' id='word_1_833' title='bbox 2728 4924 3000 4989; x_wconf 77' lang='lat' dir='ltr'><strong>terrenum</strong></span> <span class='ocrx_word' id='word_1_834' title='bbox 3029 4929 3192 4979; x_wconf 90' lang='lat' dir='ltr'><strong>vero,</strong></span> <span class='ocrx_word' id='word_1_835' title='bbox 3223 4923 3479 4989; x_wconf 85' lang='lat' dir='ltr'><strong>tauquam</strong></span> <span class='ocrx_word' id='word_1_836' title='bbox 3508 4929 3575 4967; x_wconf 76' lang='lat' dir='ltr'><strong>ex</strong></span> <span class='ocrx_word' id='word_1_837' title='bbox 3597 4929 3699 4967; x_wconf 88' lang='lat' dir='ltr'><strong>ve-</strong></span> 
     </span>
    </p>
   </div>
   <div class='ocr_carea' id='block_1_117' title="bbox 2132 4984 3700 5055">
    <p class='ocr_par' dir='ltr' id='par_1_117' title="bbox 2132 4984 3700 5055">
     <span class='ocr_line' id='line_1_120' title="bbox 2132 4984 3700 5055; baseline -0.006 -11"><span class='ocrx_word' id='word_1_838' title='bbox 2132 4984 2472 5051; x_wconf 58' lang='lat' dir='ltr'><strong>tere&#39;Adam,</strong></span> <span class='ocrx_word' id='word_1_839' title='bbox 2509 5001 2605 5055; x_wconf 89' lang='lat' dir='ltr'><strong>per</strong></span> <span class='ocrx_word' id='word_1_840' title='bbox 2636 4984 2908 5055; x_wconf 84' lang='lat' dir='ltr'><strong>Virginem</strong></span> <span class='ocrx_word' id='word_1_841' title='bbox 2935 4984 3275 5055; x_wconf 77' lang='lat' dir='ltr'><strong>incarnatus.</strong></span> <span class='ocrx_word' id='word_1_842' title='bbox 3322 4985 3413 5038; x_wconf 82' lang='lat' dir='ltr'><strong>Sic</strong></span> <span class='ocrx_word' id='word_1_843' title='bbox 3448 4985 3508 5055; x_wconf 81' lang='lat' dir='ltr'><strong>in</strong></span> <span class='ocrx_word' id='word_1_844' title='bbox 3530 4998 3700 5036; x_wconf 91' lang='lat' dir='ltr'><strong>mun-</strong></span> 
     </span>
    </p>
   </div>
   <div class='ocr_carea' id='block_1_118' title="bbox 2132 5052 3699 5128">
    <p class='ocr_par' dir='ltr' id='par_1_118' title="bbox 2132 5052 3699 5128">
     <span class='ocr_line' id='line_1_121' title="bbox 2132 5052 3699 5128; baseline -0.006 -13"><span class='ocrx_word' id='word_1_845' title='bbox 2132 5061 2269 5115; x_wconf 66' lang='lat' dir='ltr'><strong>dum-</strong></span> <span class='ocrx_word' id='word_1_846' title='bbox 2307 5052 2582 5128; x_wconf 73' lang='lat' dir='ltr'><strong>egressus,</strong></span> <span class='ocrx_word' id='word_1_847' title='bbox 2634 5052 2773 5109; x_wconf 54' lang='lat' dir='ltr'><strong>Deu&#39;s</strong></span> <span class='ocrx_word' id='word_1_848' title='bbox 2818 5052 3158 5128; x_wconf 78' lang='lat' dir='ltr'><strong>corporatus,</strong></span> <span class='ocrx_word' id='word_1_849' title='bbox 3190 5053 3322 5128; x_wconf 75' lang='grc' dir='ltr'><strong>Θεὸς</strong></span> <span class='ocrx_word' id='word_1_850' title='bbox 3354 5056 3411 5128; x_wconf 56' lang='lat' dir='ltr'><strong>sv</strong></span> <span class='ocrx_word' id='word_1_851' title='bbox 3445 5052 3664 5128; x_wconf 51' lang='grc' dir='ltr'><strong>σώματι.</strong></span> <span class='ocrx_word' id='word_1_852' title='bbox 3679 5093 3699 5119; x_wconf 86' lang='grc'><strong><em>,</em></strong></span> 
     </span>
    </p>
   </div>
   <div class='ocr_carea' id='block_1_119' title="bbox 2132 5123 3701 5198">
    <p class='ocr_par' dir='ltr' id='par_1_119' title="bbox 2132 5123 3701 5198">
     <span class='ocr_line' id='line_1_122' title="bbox 2132 5123 3701 5198; baseline -0.004 -16"><span class='ocrx_word' id='word_1_853' title='bbox 2132 5123 2414 5198; x_wconf 74' lang='lat' dir='ltr'><strong>apparuit,</strong></span> <span class='ocrx_word' id='word_1_854' title='bbox 2460 5141 2715 5198; x_wconf 88' lang='lat' dir='ltr'><strong>egressus</strong></span> <span class='ocrx_word' id='word_1_855' title='bbox 2746 5123 3015 5198; x_wconf 69' lang='lat' dir='ltr'><strong>periectus</strong></span> <span class='ocrx_word' id='word_1_856' title='bbox 3063 5124 3262 5188; x_wconf 89' lang='lat' dir='ltr'><strong>homo,</strong></span> <span class='ocrx_word' id='word_1_857' title='bbox 3291 5124 3572 5198; x_wconf 74' lang='grc' dir='ltr'><strong>ἄνθρωπος</strong></span> <span class='ocrx_word' id='word_1_858' title='bbox 3604 5123 3701 5198; x_wconf 41' lang='lat' dir='ltr'><strong>et:</strong></span> 
     </span>
    </p>
   </div>
   <div class='ocr_carea' id='block_1_120' title="bbox 2131 5194 3699 5264">
    <p class='ocr_par' dir='ltr' id='par_1_120' title="bbox 2131 5194 3699 5264">
     <span class='ocr_line' id='line_1_123' title="bbox 2131 5194 3699 5264; baseline -0.003 -12"><span class='ocrx_word' id='word_1_859' title='bbox 2131 5194 2289 5262; x_wconf 75' lang='grc' dir='ltr'><strong>λέίος.</strong></span> <span class='ocrx_word' id='word_1_860' title='bbox 2326 5197 2441 5251; x_wconf 83' lang='lat' dir='ltr'><strong>Non</strong></span> <span class='ocrx_word' id='word_1_861' title='bbox 2470 5196 2615 5250; x_wconf 88' lang='lat' dir='ltr'><strong>enim</strong></span> <span class='ocrx_word' id='word_1_862' title='bbox 2644 5194 3033 5264; x_wconf 37' lang='lat' dir='ltr'><strong>per’tictionem</strong></span> <span class='ocrx_word' id='word_1_863' title='bbox 3077 5203 3171 5249; x_wconf 87' lang='lat' dir='ltr'><strong>aut</strong></span> <span class='ocrx_word' id='word_1_864' title='bbox 3192 5194 3564 5264; x_wconf 81' lang='lat' dir='ltr'><strong>mutationem,</strong></span> <span class='ocrx_word' id='word_1_865' title='bbox 3598 5194 3699 5247; x_wconf 92' lang='lat' dir='ltr'><strong>sed</strong></span> 
     </span>
    </p>
   </div>
   <div class='ocr_carea' id='block_1_121' title="bbox 2131 5263 3704 5334">
    <p class='ocr_par' dir='ltr' id='par_1_121' title="bbox 2131 5263 3704 5334">
     <span class='ocr_line' id='line_1_124' title="bbox 2131 5263 3704 5334; baseline -0.005 -11"><span class='ocrx_word' id='word_1_866' title='bbox 2131 5284 2257 5323; x_wconf 88' lang='lat' dir='ltr'><strong>vere</strong></span> <span class='ocrx_word' id='word_1_867' title='bbox 2296 5267 2473 5322; x_wconf 76' lang='lat' dir='ltr'><strong>factus</strong></span> <span class='ocrx_word' id='word_1_868' title='bbox 2521 5263 2687 5319; x_wconf 90' lang='lat' dir='ltr'><strong>homo</strong></span> <span class='ocrx_word' id='word_1_869' title='bbox 2714 5284 2728 5320; x_wconf 91' lang='lat'><strong>:</strong></span> <span class='ocrx_word' id='word_1_870' title='bbox 2760 5266 2833 5319; x_wconf 80' lang='grc' dir='ltr'><strong>Οὐ</strong></span> <span class='ocrx_word' id='word_1_871' title='bbox 2865 5263 3146 5334; x_wconf 21' lang='grc' dir='ltr'><strong>γὰρᾉκατὰ</strong></span> <span class='ocrx_word' id='word_1_872' title='bbox 3180 5263 3476 5334; x_wconf 69' lang='grc' dir='ltr'><strong>φαντασίᾳγ</strong></span> <span class='ocrx_word' id='word_1_873' title='bbox 3507 5264 3541 5333; x_wconf 79' lang='grc' dir='ltr'>ἢ</span> <span class='ocrx_word' id='word_1_874' title='bbox 3570 5276 3704 5334; x_wconf 80' lang='grc' dir='ltr'><strong>τρο·</strong></span> 
     </span>
    </p>
   </div>
   <div class='ocr_carea' id='block_1_122' title="bbox 2133 5332 3697 5409">
    <p class='ocr_par' dir='ltr' id='par_1_122' title="bbox 2133 5332 3697 5409">
     <span class='ocr_line' id='line_1_125' title="bbox 2133 5332 3697 5409; baseline 0 -20"><span class='ocrx_word' id='word_1_875' title='bbox 2133 5338 2275 5409; x_wconf 78' lang='grc' dir='ltr'><strong>πὴν,</strong></span> <span class='ocrx_word' id='word_1_876' title='bbox 2320 5334 2534 5409; x_wconf 61' lang='grc' dir='ltr'><strong>ἀληθῶς</strong></span> <span class='ocrx_word' id='word_1_877' title='bbox 2574 5336 2861 5409; x_wconf 42' lang='grc' dir='ltr'>γενόμξϊος</span> <span class='ocrx_word' id='word_1_878' title='bbox 2906 5332 3208 5406; x_wconf 72' lang='grc' dir='ltr'><strong>ἄνθρωπος.</strong></span> <span class='ocrx_word' id='word_1_879' title='bbox 3238 5352 3257 5386; x_wconf 76' lang='grc' dir='ltr'><strong><em>ι</em></strong></span> <span class='ocrx_word' id='word_1_880' title='bbox 3312 5333 3371 5389; x_wconf 91' lang='lat' dir='ltr'><strong>S.</strong></span> <span class='ocrx_word' id='word_1_881' title='bbox 3419 5332 3697 5405; x_wconf 66' lang='lat' dir='ltr'><strong>Hippolyt.</strong></span> 
     </span>
    </p>
   </div>
   <div class='ocr_carea' id='block_1_123' title="bbox 2132 5406 2832 5470">
    <p class='ocr_par' dir='ltr' id='par_1_123' title="bbox 2132 5406 2832 5470">
     <span class='ocr_line' id='line_1_126' title="bbox 2132 5406 2832 5470; baseline -0.007 -6"><span class='ocrx_word' id='word_1_882' title='bbox 2132 5406 2315 5464; x_wconf 73' lang='lat' dir='ltr'><strong>Contr.</strong></span> <span class='ocrx_word' id='word_1_883' title='bbox 2347 5406 2528 5470; x_wconf 84' lang='lat' dir='ltr'><strong>Noet.,</strong></span> <span class='ocrx_word' id='word_1_884' title='bbox 2558 5406 2711 5459; x_wconf 80' lang='lat' dir='ltr'><strong>num.</strong></span> <span class='ocrx_word' id='word_1_885' title='bbox 2745 5406 2832 5459; x_wconf 90' lang='grc'><strong>17.</strong></span> 
     </span>
    </p>
   </div>
   <div class='ocr_carea' id='block_1_124' title="bbox 2225 5474 3049 5555">
    <p class='ocr_par' dir='ltr' id='par_1_124' title="bbox 2225 5474 3049 5555">
     <span class='ocr_line' id='line_1_127' title="bbox 2225 5474 3049 5555; baseline 0.002 -26"><span class='ocrx_word' id='word_1_886' title='bbox 2225 5479 2309 5555; x_wconf 57' lang='lat' dir='ltr'><strong>7s)</strong></span> <span class='ocrx_word' id='word_1_887' title='bbox 2350 5477 2533 5555; x_wconf 69' lang='grc' dir='ltr'><strong>ρρηιτ.</strong></span> <span class='ocrx_word' id='word_1_888' title='bbox 2564 5474 2745 5555; x_wconf 44' lang='grc' dir='ltr'><strong>(Χοριιῖ</strong></span> <span class='ocrx_word' id='word_1_889' title='bbox 2780 5476 3049 5555; x_wconf 69' lang='lat' dir='ltr'><strong>num._15_.</strong></span> 
     </span>
    </p>
   </div>
   <div class='ocr_carea' id='block_1_125' title="bbox 2199 5482 3699 5620">
    <p class='ocr_par' dir='ltr' id='par_1_125' title="bbox 2199 5482 3699 5620">
     <span class='ocr_line' id='line_1_128' title="bbox 2225 5482 3049 5549; baseline 0 -18"><span class='ocrx_word' id='word_1_890' title='bbox 2225 5482 2309 5549; x_wconf 81' lang='lat'><strong>78)</strong></span> <span class='ocrx_word' id='word_1_891' title='bbox 2350 5482 2533 5531; x_wconf 80' lang='lat' dir='ltr'><strong>Contr.</strong></span> <span class='ocrx_word' id='word_1_892' title='bbox 2564 5482 2745 5540; x_wconf 77' lang='lat' dir='ltr'><strong>Noet.,</strong></span> <span class='ocrx_word' id='word_1_893' title='bbox 2780 5491 2928 5531; x_wconf 89' lang='lat' dir='ltr'><strong>num.</strong></span> <span class='ocrx_word' id='word_1_894' title='bbox 2961 5482 3049 5531; x_wconf 89' lang='grc'><strong>15.</strong></span> 
     </span>
     <span class='ocr_line' id='line_1_129' title="bbox 2199 5482 3699 5620; baseline -0.001 -19"><span class='ocrx_word' id='word_1_895' title='bbox 2199 5482 2314 5620; x_wconf 48' lang='lat' dir='ltr'><strong>i7?)</strong></span> <span class='ocrx_word' id='word_1_896' title='bbox 2351 5546 2530 5610; x_wconf 77' lang='lat' dir='ltr'><strong>Idem,</strong></span> <span class='ocrx_word' id='word_1_897' title='bbox 2565 5533 2775 5620; x_wconf 56' lang='lat' dir='ltr'><strong>“inﬂa</strong></span> <span class='ocrx_word' id='word_1_898' title='bbox 2808 5546 3070 5620; x_wconf 71' lang='lat' dir='ltr'><strong>theologia</strong></span> <span class='ocrx_word' id='word_1_899' title='bbox 3098 5555 3149 5601; x_wconf 88' lang='lat' dir='ltr'><strong>et</strong></span> <span class='ocrx_word' id='word_1_900' title='bbox 3181 5546 3542 5601; x_wconf 74' lang='lat' dir='ltr'><strong>incarnatione</strong></span> <span class='ocrx_word' id='word_1_901' title='bbox 3566 5557 3699 5600; x_wconf 69' lang='lat' dir='ltr'><strong>con-</strong></span> 
     </span>
    </p>
   </div>
   <div class='ocr_carea' id='block_1_126' title="bbox 2134 5614 3093 5675">
    <p class='ocr_par' dir='ltr' id='par_1_126' title="bbox 2134 5614 3093 5675">
     <span class='ocr_line' id='line_1_130' title="bbox 2134 5614 3093 5675; baseline -0.006 0"><span class='ocrx_word' id='word_1_902' title='bbox 2134 5614 2220 5675; x_wconf 75' lang='lat' dir='ltr'><strong>tra</strong></span> <span class='ocrx_word' id='word_1_903' title='bbox 2242 5614 2493 5672; x_wconf 81' lang='lat' dir='ltr'><strong>Beronem</strong></span> <span class='ocrx_word' id='word_1_904' title='bbox 2516 5626 2566 5670; x_wconf 87' lang='lat' dir='ltr'><strong>et</strong></span> <span class='ocrx_word' id='word_1_905' title='bbox 2584 5614 2833 5674; x_wconf 83' lang='lat' dir='ltr'><strong>Helicem,</strong></span> <span class='ocrx_word' id='word_1_906' title='bbox 2858 5614 3010 5671; x_wconf 84' lang='lat' dir='ltr'><strong>num.</strong></span> <span class='ocrx_word' id='word_1_907' title='bbox 3041 5616 3093 5670; x_wconf 88' lang='lat'><strong>7.</strong></span> 
     </span>
    </p>
   </div>
   <div class='ocr_carea' id='block_1_127' title="bbox 2202 5686 3247 5761">
    <p class='ocr_par' dir='ltr' id='par_1_127' title="bbox 2202 5686 3247 5761">
     <span class='ocr_line' id='line_1_131' title="bbox 2202 5686 3247 5761; baseline -0.004 -16"><span class='ocrx_word' id='word_1_908' title='bbox 2202 5688 2315 5761; x_wconf 88' lang='lat'><strong>(80)</strong></span> <span class='ocrx_word' id='word_1_909' title='bbox 2353 5686 2719 5750; x_wconf 82' lang='lat' dir='ltr'><strong>ldem,Contra</strong></span> <span class='ocrx_word' id='word_1_910' title='bbox 2776 5686 2957 5753; x_wconf 83' lang='lat' dir='ltr'><strong>Noet.,</strong></span> <span class='ocrx_word' id='word_1_911' title='bbox 2983 5702 3134 5743; x_wconf 90' lang='lat' dir='ltr'><strong>num.</strong></span> <span class='ocrx_word' id='word_1_912' title='bbox 3160 5686 3247 5741; x_wconf 88' lang='grc'><strong>17.</strong></span> 
     </span>
    </p>
   </div>
  </div>
