3928 6336
513 306 617 364 567

1469 308 1558 365 DE
1598 310 1763 367 VITA
1801 309 1891 365 ET
1930 307 2249 367 SCRIPTIS
2284 309 2344 365 S.
2385 307 2774 367 IIIPPOLYI‘I.

3672 312 3783 366 368

512 435 663 492 salus
689 432 838 507 (9|);
871 433 1001 489 hinc
1029 451 1047 484 ι
1077 429 1317 488 Verbum
1351 447 1382 488 e
1407 433 1565 489 coelis
1591 433 1937 490 descendit...
1971 442 2097 490 ut...
2131 437 2175 494 Α
2207 439 2360 488 notat
2397 431 2499 502 (δ’,
2524 449 2589 487 ex
2623 433 2710 499 iis,
2750 444 2871 503 qua!
2921 431 3105 487 statim
3164 437 3485 502 sequuntur,
3548 429 3788 500 quisque

513 529 752 585 salvaret
799 527 1008 592 Adam,
1051 527 1142 598 qui
1188 528 1499 597 ceciderat,
1535 537 1587 585 et
1635 529 2102 583 immortalitatem

513 622 804 692 largiretur
837 619 904 675 iis
969 619 1062 690 qui
1101 620 1386 676 crederent
1428 619 1483 675 in
1521 620 1745 675 nomine
1774 620 1963 691 ejus...
1998 617 2104 675 Nec

511 734 620 788 que
661 732 790 772 caro
831 732 928 786 per
980 731 1041 772 se
1097 716 1218 771 sine
1268 715 1450 771 Verbo
1508 716 1808 772 subsistere
1849 724 2100 786 poterat;

2210 524 2517 595 perspicere
2543 533 2751 595 potest,
2787 523 2843 580 S.
2871 523 3085 580 Patrem
3118 539 3185 580 ex
3222 527 3390 593 stirpe
3426 523 3646 594 quidem
3678 522 3791 577 Da-

2207 617 2384 673 vidica
2410 626 2589 673 ortum
2612 617 2795 673 Jcsum
2820 618 3097 673 Christum
3122 633 3418 689 agnoscere
3442 635 3457 681 ;
3482 616 3554 671 ita
3577 625 3792 680 tamen,

2206 717 2269 764 ut
2293 720 2454 781 neget
2487 708 2664 779 ipsum
2693 725 2756 765 ea
2782 718 2962 765 ortum
2998 726 3018 762 ς
3054 724 3121 765 ex
3157 708 3377 764 Davidis
3407 708 3611 764 semine
3635 726 3656 760 ι
3693 722 3793 762 ra-

511 811 639 880 quia
680 811 734 865 in
782 809 962 865 Verbo
1003 808 1235 864 habebat
1274 807 1720 868 subsistentiam,
1756 806 1855 879 τὴν
1905 806 2104 861 σύστα-
2203 801 2353 858 tione
2380 802 2623 873 vulgari,
2654 818 2760 873 qua
2788 801 2967 858 caeteri
3004 801 3275 865 homines,
3303 802 3502 871 quippe
3530 817 3550 851 ι
3584 799 3683 870 qui
3716 799 3794 854 de

513 922 615 958 σιν.
652 888 940 958 lncarnaio
974 900 1151 957 Verbo
1182 908 1237 956 et
1264 899 1409 955 facto
1437 899 1681 967 homine,
1714 897 1878 955 Pater
1901 909 2020 955 erat
2044 900 2100 955 in

510 996 684 1062 Filio,
721 1005 776 1050 et
817 993 992 1050 Filius
1030 994 1083 1048 in
1113 991 1342 1047 Patre...
1375 990 1494 1047 Non
1531 1006 1626 1063 per
1661 991 1932 1047 ﬁctionem
1956 1033 1971 1059 ,
2004 991 2101 1048 sed

509 1103 637 1144 vere
665 1087 842 1142 factus
865 1094 949 1142 est
974 1086 1140 1141 homo
1167 1085 1303 1156 (92).
1339 1104 1359 1138 ι
1391 1082 1520 1140 Haec
1547 1084 1853 1140 incarnatio
1877 1095 2098 1156 peracta

511 1194 596 1240 est
638 1184 693 1239 in
733 1181 974 1255 Virginis
1005 1190 1161 1237 utero
1181 1223 1196 1247 ,
1228 1189 1487 1252 operante
1530 1179 1737 1250 Spiritu
1769 1190 1960 1238 sancto
1989 1199 2005 1238 :
2045 1190 2100 1237 et

512 1295 666 1335 error
703 1286 787 1333 est
826 1275 1072 1348 opinari,
1107 1272 1345 1330 Verbum
1404 1283 1496 1329 aut
1538 1274 1757 1329 aliunde
1828 1290 1991 1345 quam
2029 1274 2098 1330 de

514 1371 637 1426 sinu
671 1367 912 1439 Virginis
949 1382 1170 1423 carnem
1206 1366 1538 1435 sumpsisse,
1581 1374 1675 1420 aut
1707 1381 1927 1421 carnem
1956 1366 2097 1423 hanc

513 1465 581 1517 de
622 1460 762 1517 etelo
795 1459 1066 1526 traxisse;
1096 1472 1219 1512 cum
1252 1467 1378 1512 ante
1418 1458 1845 1513 incarnationem
1885 1457 2095 1512 nullum

512 1570 716 1624 corpus
738 1553 991 1616 haberet,
1017 1560 1271 1621 essetque
1307 1565 1483 1620 purus
1517 1549 1763 1619 spiritus.
1809 1547 2095 1620 Pr0phetae

512 1648 701 1718 utique
733 1646 931 1701 Filium
972 1644 1067 1700 Dei
1102 1644 1513 1715 appellaverunt
1537 1644 1700 1699 etiam
1749 1642 1947 1699 Filium
1992 1645 2093 1699 ho-

512 1739 707 1806 minis,
741 1738 835 1795 sed
870 1753 966 1808 per
1004 1735 1446 1807 anticipationem
1467 1777 1481 1798 ,
1507 1734 1710 1790 scilicet
1749 1741 1972 1805 propter
2006 1732 2094 1788 l‘u-

511 1841 689 1886 turam
724 1829 844 1900 cjus
880 1828 1310 1886 incarnationem
1354 1843 1370 1879 :
1418 1845 1437 1878 ι
1464 1825 1704 1881 Vocatus
1750 1841 1782 1881 a
1822 1825 2093 1897 principio

510 1924 683 1980 Filius
707 1923 968 1994 hominis,
1008 1931 1229 1993 propter
1268 1919 1511 1975 Iuturum
1532 1960 1547 1986 ,
1574 1918 1824 1989 quamvis
1850 1918 2091 1973 nondum

507 2027 653 2075 esset
692 2018 855 2072 homo
886 2016 1021 2087 (95).
1045 2035 1063 2068 ›
1096 2014 1163 2069 Et
1186 2014 1315 2069 alibi
1344 2033 1357 2069 :
1388 2032 1407 2065 ι
1439 2012 1667 2080 Qualem
1696 2013 1864 2082 igitur
1891 2011 2089 2067 Filium

508 2128 668 2167 suum
700 2111 844 2166 Deus
866 2126 962 2181 per
985 2123 1205 2164 carnem
1236 2107 1416 2173 misit,
1443 2106 1550 2162 nisi
1581 2105 1846 2170 Verbum,
1878 2105 2025 2176 quod
2059 2120 2091 2160 a

507 2202 778 2273 principio
801 2201 1007 2257 scilicet
1036 2199 1236 2254 Filium
1262 2198 1498 2265 vocavit,
1523 2198 1646 2268 quia
1676 2196 1922 2254 futurum
1975 2207 2092 2253 erat

508 2307 568 2351 ut
596 2304 777 2351 ortum
802 2293 1060 2364 caperet?
1080 2293 1144 2348 Et
1172 2307 1298 2349 cum
1327 2290 1501 2346 Filius
1524 2299 1772 2357 vocatur,
1798 2304 2093 2347 commune

505 2404 704 2444 nomen
737 2387 943 2443 amoris
970 2400 1097 2458 erga
1126 2384 1380 2440 homines
1400 2383 1567 2439 sumit
1594 2381 1727 2454 (94).
1767 2402 1786 2435 ι

578 2482 825 2538 Christus
848 2495 913 2535 ea:
941 2480 1135 2535 semine
1161 2477 1332 2533 David
1356 2493 1506 2532 verus
1526 2475 1665 2531 Deus
1685 2492 1862 2531 omnes
1885 2475 2091 2531 salvere

505 2570 636 2628 vult.
673 2600 744 2612 -—
778 2569 857 2626 Ex
891 2570 1003 2625 divi
1031 2568 1309 2640 Hippolyti
1339 2570 1564 2638 insuper
1602 2566 1850 2623 doctrina
1883 2567 2091 2638 colligi-

459 2650 478 2671 ⁸
505 2678 653 2727 mus,
681 2662 825 2733 quod
854 2661 999 2718 Deus
1027 2676 1221 2719 omnes
1245 2659 1495 2715 homines
1532 2657 1747 2714 salvere
1774 2657 1907 2714 velit
1937 2657 2085 2730 (95),

503 2755 650 2827 quod
680 2753 947 2810 Dominus
972 2760 1163 2809 uoster
1180 2750 1343 2807 Jesus
1368 2749 1622 2805 Christus
1647 2749 1721 2805 sit
1750 2764 1914 2804 verus
1940 2748 2087 2807 Deus

506 2849 622 2921 (96)
649 2848 796 2904 Patri
822 2855 1130 2903 coaeternus
1160 2844 1295 2916 (97),
1322 2844 1438 2914 ipse
1464 2840 1520 2897 in
1549 2841 1730 2909 Patre,
1762 2851 1823 2905 et
1844 2842 2004 2900 Pater
2032 2844 2088 2900 in

504 2941 731 2998 Christo
760 2941 833 2996 sit
855 2939 1003 3011 (98);
1035 2938 1182 3009 quod
1209 2935 1372 2993 Pater
1401 2951 1618 3006 omnem
1651 2945 1976 3006 potestatem
2004 2940 2089 2993 ei-

505 3033 629 3089 dem
659 3032 870 3089 dederit
917 3030 1051 3103 (99),
1094 3038 1149 3085 et
1179 3029 1432 3085 eumdem
1477 3029 1821 3085 constituerit
1846 3030 2086 3101 judicem

2206 893 2414 965 Spiritu
2460 905 2650 952 sancto
2684 905 2981 967 conceptus
3020 894 3211 964 fuerit,
3243 903 3298 951 et
3331 910 3398 950 ex
3432 902 3622 951 sancto
3662 908 3796 966 ger—

2203 987 2351 1043 mine
2377 1003 2408 1043 e
2432 997 2574 1043 terra
2603 987 2950 1059 processerit.
2981 1005 3001 1039 ι

2710 1098 3114 1156 AR-TIC‘ULUS
3149 1092 3264 1155 VII.

2265 1210 2334 1251 DE
2371 1210 2559 1249 ΒΕΑΤΕ
2601 1210 2779 1250 ΙΔΙΠίΕ
2819 1210 3171 1249 νιιιςικιτλτε
3210 1212 3279 1250 ET
3316 1209 3729 1251 ΙΙΛΤΕΒΝΙΤΑἹἜ.

2268 1286 2592 1356 Quanquam
2645 1295 2869 1343 sanctus
2909 1286 3230 1359 Hippolytus
3282 1287 3472 1343 nullibi
3520 1287 3780 1343 beatissi-

2199 1389 2343 1429 mam
2376 1372 2652 1446 Virginem
2708 1374 2932 1431 Mariam
2985 1376 3142 1431 titulo
3188 1375 3433 1447 Deiparre
3474 1376 3793 1447 (Θεοτόκος)

2199 1463 2492 1536 insigniat,
2522 1467 2884 1524 nihilominus
2924 1476 3107 1523 tamen
3144 1467 3412 1538 ejusmodi
3431 1468 3634 1539 passim
3669 1469 3788 1523 uti-

2197 1566 2288 1613 tur
2345 1560 2601 1630 loquendi
2654 1561 3026 1629 formulis,ex
3074 1563 3275 1633 quibus
3323 1561 3441 1617 luce
3477 1561 3789 1617 meridiana

2197 1651 2401 1708 clarius
2425 1654 2684 1723 patescit,
2717 1663 2969 1709 sanctum
3002 1655 3316 1726 episcopum
3346 1654 3558 1709 beatam
3592 1653 3789 1725 Virgi-

2196 1758 2318 1799 nem
2344 1753 2396 1798 et
2429 1744 2655 1802 Matrem
2687 1745 2781 1802 Dei
2806 1747 3134 1815 credidisse,
3164 1756 3220 1802 et
3260 1755 3319 1802 ut
3356 1747 3516 1802 talem
3549 1762 3792 1802 venera-

2194 1843 2309 1891 tum
2354 1836 2541 1894 fuisse.
2586 1837 2801 1894 Etenim
2842 1840 3065 1897 disertis
3099 1840 3281 1897 verbis
3318 1840 3630 1911 profitetur,
3675 1840 3790 1895 δίεν

2194 1929 2331 1985 riam
2372 1929 2468 1986 Dei
2514 1930 2755 1988 Verbum
2809 1934 2863 1988 in
2910 1943 3067 1990 utero
3115 1942 3169 1990 ct
3217 1935 3532 2005 concepisse
3578 1944 3635 1990 et
3688 1951 3790 2005 ge-

2194 2032 2370 2080 stasse
2402 2026 2502 2097 (vi),
2535 2044 2553 2077 ι
2584 2024 2916 2082 Salvatorem
2942 2043 3006 2083 ex
3037 2043 3099 2084 ea
3125 2037 3334 2094 natum,
3356 2037 3412 2083 et
3437 2028 3555 2085 sine
3584 2028 3791 2084 confu-

2192 2116 2346 2171 sione
2383 2116 2551 2173 Deum
2588 2127 2642 2173 et
2678 2118 2954 2174 hominem
2988 2121 3093 2192 (5);
3134 2142 3153 2175 ι
3193 2130 3356 2190 atque
3389 2119 3575 2175 Jesum
3616 2120 3782 2175 Chri-

2192 2216 2336 2265 stum
2364 2223 2485 2265 esse
2506 2225 2698 2265 verum
2731 2208 2901 2265 Deum
2933 2225 2998 2265 ac
3022 2212 3297 2267 hominem
3335 2210 3434 2282 (6).

2262 2297 2407 2352 Idem
2452 2313 2673 2370 quoque
2720 2309 2943 2355 sanctus
2981 2298 3141 2355 Pater
3182 2301 3238 2356 in
3288 2300 3605 2356 beatissima
3654 2298 3791 2355 Vir-

2191 2390 2316 2461 gine
2366 2388 2535 2444 Maria
2592 2400 2908 2461 perpetuam
2953 2391 3103 2449 illius
3154 2391 3519 2463 virginitatem
3561 2393 3791 2465 egregie

2191 2483 2565 2546 commendat,
2596 2483 2726 2538 dum
2763 2484 2836 2539 ita
2867 2485 3098 2541 scribit:
3143 2504 3162 2538 ι
3200 2484 3593 2543 Universorum
3642 2504 3787 2542 con-

2189 2574 2330 2629 ditor
2353 2590 2420 2629 ex
2456 2574 2803 2631 sanctissima
2843 2578 3045 2647 semper
3076 2576 3288 2650 Virgine
3320 2578 3497 2633 Maria
3525 2596 3621 2650 per
3650 2599 3787 2636 cou-

2190 2665 2475 2733 ceptionem
2499 2665 2856 2721 inviolabilem
2887 2667 3006 2723 sine
3032 2669 3491 2726 conversihilitate
3515 2670 3787 2728 substan—

2190 2755 2335 2812 tians
2362 2756 2581 2812 sibimet
2612 2757 2853 2813 animam
2892 2759 3309 2816 intellectualem
3355 2776 3478 2817 cum
3511 2764 3788 2819 sensitive

2189 2864 2438 2920 corpore,
2457 2860 2654 2906 natura
2698 2850 2876 2908 iactus
2915 2862 2999 2909 est
3050 2854 3213 2910 homo
3252 2853 3351 2925 (7).
3400 2874 3419 2907 ι
3465 2854 3787 2926 Singularis

2189 2950 2371 2996 autem
2406 2941 2463 2997 S.
2498 2940 2771 3015 Hippolyti
2798 2959 2924 3017 erga
2959 2944 3243 3015 Deiparam
3278 2947 3473 3018 pictas,
3501 2964 3626 3018 quae
3660 2949 3784 3005 hae.

2192 3033 2448 3089 reditario
2489 3035 2725 3104 quodam
2763 3035 2887 3106 jure
2922 3037 3025 3107 ipsi
3069 3037 3269 3104 cessit,
3304 3054 3492 3110 quasve
3528 3055 3595 3096 ex
3640 3056 3786 3111 apo-

505 3142 570 3182 ac
597 3141 779 3197 regem
804 3123 1049 3180 omnium
1083 3129 1458 3179 creaturarum
1499 3121 1554 3176 in
1592 3123 1779 3188 caelis,
1830 3124 1886 3179 in
1928 3124 2089 3181 terris
2116 3144 2158 3203 α
2190 3126 2330 3181 stoto
2369 3124 2579 3182 Joanne
2620 3126 2675 3181 in
2710 3126 3103 3199 Polycarpum,
3138 3145 3202 3185 ex
3242 3129 3543 3202 Polycarpo
3571 3132 3626 3186 in
3660 3133 3787 3188 Ire-

505 3231 559 3278 ct
592 3221 647 3275 in
683 3218 914 3284 inferis;
961 3216 1108 3288 quod
1142 3215 1397 3270 voluntas
1431 3213 1609 3270 Patris
1661 3215 1734 3271 sit
1780 3215 1898 3285 ipse
1926 3216 2087 3271 Chri-

505 3327 623 3370 stus
650 3314 748 3383 (I).
788 3311 924 3366 Dum
957 3325 1085 3365 vero
1110 3309 1177 3364 de
1215 3306 1336 3361 Filii
1365 3306 1650 3377 temporali
1683 3307 1963 3364 nativitate
2005 3309 2091 3365 Io-

504 3407 712 3477 quitur,
752 3405 807 3460 in
834 3402 1200 3474 suspicionem
1226 3400 1374 3455 venit
1410 3398 1467 3455 S.
1500 3399 1792 3470 episcopus
1816 3399 2087 3458 Portuen-

506 3502 582 3555 sis
601 3541 616 3565 ,
647 3497 805 3570 quasi
831 3510 1031 3567 negare
1061 3494 1325 3549 voluisset
1347 3491 1627 3548 Christum
1655 3491 1856 3549 Filium
1892 3492 1989 3551 Dei
2017 3510 2084 3551 ex

504 3589 675 3645 David
715 3584 1083 3652 descendisse,
1115 3585 1347 3654 ejusque
1383 3598 1451 3640 ex
1483 3584 1693 3640 semine
1729 3583 1968 3649 factum;
2009 3586 2087 3642 ait

502 3682 651 3739 enim
701 3681 780 3754 (2)
825 3697 840 3734 :
892 3698 912 3733 ε
953 3678 1207 3735 Catulum
1260 3678 1435 3734 leonis
1471 3678 1688 3734 vocavit
1721 3679 1982 3750 propheta
2016 3682 2084 3750 “,

502 3776 596 3846 qui
618 3791 688 3830 ex
715 3772 853 3829 Juda
886 3780 941 3828 et
972 3770 1176 3826 Davide
1203 3769 1503 3825 secundum
1529 3784 1751 3825 carnem
1782 3769 1960 3827 factus
1978 3779 2082 3840 est,

502 3884 613 3923 non
641 3866 860 3938 quidem
889 3880 958 3920 ex
986 3863 1207 3919 Davidis
1243 3860 1448 3917 factum
1484 3864 1724 3931 semine,
1751 3862 1846 3920 sed
1887 3864 1983 3935 qui
2017 3865 2085 3921 de

505 3961 712 4033 Spiritu
755 3967 947 4016 sancto
970 3956 1334 4028 concipiatur,
1360 3963 1416 4012 et
1448 3972 1516 4011 ex
1553 3966 1744 4012 sancto
1778 3958 2021 4028 germine
2054 3974 2085 4014 e

503 4064 645 4111 terra
690 4053 1027 4125 procederet.
1065 4071 1083 4104 ο
1118 4049 1344 4117 Verum,
1372 4060 1432 4106 ut
1467 4048 1670 4121 optime
1707 4048 2086 4109 Tillemontius

576 4147 620 4178 “
646 4144 785 4200 Gen.
820 4159 970 4209 xm,
997 4142 1052 4197 9.

573 4236 686 4307 (91)
730 4233 788 4307 β.
821 4233 1120 4307 Hippolyt.,
1152 4228 1560 4307 Contquoetg
1593 4245 1747 4307 num.
1782 4230 1867 4285 I7.

571 4301 687 4377 (92)
726 4301 902 4377 Idem,
924 4301 1081 4377 ibid.,
1109 4318 1262 4356 num.
1303 4301 1365 4377 lli
1390 4309 1444 4356 et
1461 4315 1614 4357 num.
1642 4301 1697 4355 4.

601 4376 691 4448 95)
724 4375 872 4448 Idem
899 4416 915 4443 ,
941 4374 1099 4448 ibid.,
1132 4373 1373 4448 numq}.

595 4443 686 4520 94)
723 4446 891 4520 Idem,
917 4445 1072 4511 ibid.,
1108 4458 1262 4520 num.
1292 4443 1381 4497 15.

2189 3232 2367 3271 uatum
2389 3257 2405 3282 ,
2434 3233 2500 3273 ex
2539 3216 2743 3273 Irenaeo
2781 3219 2836 3273 in
2878 3218 3221 3292 Hippolytum
3244 3262 3260 3286 ,
3298 3231 3638 3293 ueteresque
3669 3224 3785 3281 fuit

2186 3319 2514 3382 propagata,
2574 3319 2800 3381 apparet
2865 3328 2934 3367 ex
2990 3313 3141 3370 hisce
3194 3314 3438 3385 ejusdem
3491 3319 3787 3386 praeclaris

2186 3403 2366 3458 verbis
2405 3403 2524 3474 (8):
2574 3423 2593 3456 ς
2627 3400 2747 3467 Quo
2792 3412 3033 3477 tempore
3077 3408 3371 3465 adveniens
3424 3408 3679 3465 Salvator
3704 3428 3782 3468 ex

2188 3497 2410 3571 Virgine
2442 3496 2590 3569 (arca
2622 3511 2759 3553 auro
2789 3498 2993 3554 mundo
3023 3498 3283 3556 deaurata
3303 3541 3319 3567 ,
3354 3502 3503 3560 intus
3544 3506 3781 3573 quidem

2188 3588 2403 3655 Verbo,
2456 3587 2592 3643 foris
2642 3588 2810 3643 verbo
2854 3586 3060 3659 Spiritu
3106 3589 3314 3662 sancto)
3366 3607 3525 3647 suum
3563 3609 3780 3664 corpus

2188 3683 2394 3739 mundo
2423 3681 2683 3753 protulit;
2713 3680 2883 3749 adeo,
2922 3690 2982 3737 ut
3020 3682 3221 3739 veritas
3255 3683 3630 3741 demonstrata
3663 3688 3780 3757 sit,

2188 3784 2241 3830 et
2291 3771 2636 3829 manifestata
2669 3789 2818 3828 arca.
2874 3791 2894 3825 ›
2944 3771 3105 3828 Paria
3152 3782 3334 3829 autem
3382 3791 3448 3831 ex
3494 3774 3780 3851 Hippolyti

2186 3865 2405 3935 scriptis
2456 3865 2510 3918 in
2571 3863 2839 3933 psalmum
2902 3879 3017 3918 xm
3071 3866 3304 3920 servavit
3354 3865 3781 3937 Theodoretus,

2185 3955 2396 4028 Dialog.
2451 3957 2504 4020 1,
2537 3971 2658 4027 pag.
2690 3955 2780 4020 '56,
2799 3965 2932 4011 tum.
2961 3953 3028 4009 lV
3055 3955 3187 4011 edit.
3222 3956 3622 4017 Sirmondiana:
3650 3963 3777 4034 (9):

2190 4069 2210 4103 ι
2245 4049 2419 4106 Porro
2450 4056 2633 4104 autem
2664 4062 2789 4103 area
2814 4062 2882 4113 ex
2937 4046 3099 4119 lignis
3144 4064 3266 4120 quae
3304 4059 3617 4120 putrescere
3652 4070 3776 4112 non

2183 4233 2484 4297 exstiterit;
2515 4233 2854 4289 terrestrium
2885 4244 3050 4292 vero,
3083 4230 3228 4301 quod
3282 4232 3446 4288 homo
3484 4232 3629 4289 inter
3666 4236 3777 4291 ho-

2183 4306 2361 4379 mines
2384 4313 2544 4359 natus
2564 4313 2679 4368 est,
2715 4313 2830 4358 uta
2867 4301 3069 4379 seipse
3109 4302 3379 4358 Adamum
3414 4302 3777 4379 refurmaret;

2189 4375 2525 4431 infernorum
2551 4384 2766 4438 autem,
2799 4374 2945 4444 quod
2987 4373 3127 4426 inter
3162 4382 3408 4430 mortuos
3442 4373 3771 4444 reputatus,

2185 4456 2498 4501 sanctorum
2533 4443 2827 4515 animabus:
2843 4443 3178 4515 praedicans,
3206 4454 3378 4500 morte
3403 4443 3577 4515 victor
3608 4462 3772 4502 mor-

732 4503 1002 4594 c_0mn_es
1034 4503 1196 4594 vult,
1235 4528 1426 4568 omnes
1461 4512 1677 4594 salvere
1721 4510 2011 4569 desiderat.
2052 4532 2073 4567 ι
2109 4503 2155 4560 Ι)
2184 4516 2570 4594 ιίεεῃειίιξε.)
2604 4516 2772 4594 Idem,
2810 4503 2882 4594 lie
2910 4503 3176 4594 Antig";
3208 4530 3361 4594 num.
3385 4514 3474 4570 16.

501 4593 560 4650 S.
582 4584 884 4662 Hippolyt"
915 4587 989 4641 De
1011 4585 1430 4662 Antiqh_.,_num.
1460 4584 1513 4638 5.

571 4653 747 4733 (96)’‹
779 4653 906 4733 Haec
931 4657 1122 4721 omnia
1154 4655 1410 4733 Christus
1450 4653 1784 4733 meongmice
1819 4662 2077 4733 tanquam

496 4724 677 4788 boino’
703 4731 1046 4801 precabatur,
1095 4728 1202 4801 qui
1237 4734 1355 4780 erat
1396 4741 1559 4782 verus
1607 4724 1771 4781 Deus.
1811 4742 1830 4777 ι
1889 4727 2075 4795 Idem,

496 4796 960 4863 Contra—Iudicas,
995 4796 1149 4853 nutri.
1175 4796 1229 4851 4.

570 4873 683 4946 (97)
727 4891 747 4924 ι
790 4871 988 4946 Filium
1047 4867 1289 4923 auctoris
1338 4865 1731 4946 beneficiorum
1746 4865 2077 4946 _inte_rfece-

495 4938 645 5011 runt,
666 4938 786 5015 ipse
799 4944 957 5015 enim
986 4948 1068 5015 est
1089 4947 1397 5015 coaeternus
1416 4938 1596 4994 Patri:
1625 4939 1716 5012 Τῷ
1746 4938 1923 5010 Harp).
1951 4955 2077 4993 συν-

493 5009 707 5080 αἶδιόςξ
736 5034 755 5067 ι
796 5012 959 5077 Idem,
989 5011 1149 5077 ibid.,
1179 5026 1333 5064 num.
1367 5009 1417 5080 7.

567 5078 745 5157 (98)“.
779 5085 840 5157 in
887 5090 1224 5157 queautem
1261 5088 1345 5136 est
1395 5078 1565 5157 Deus,
1595 5082 1702 5138 nisi
1746 5080 1803 5157 in
1855 5079 2074 5157 Christo

492 5151 622 5214 Jesu
642 5151 866 5221 ,Verbo
889 5151 1099 5213 Patris.
1132 5161 1186 5206 et
1205 5151 1855 5223 mysteriomconomim,
1898 5152 1953 5223 id
1989 5161 2074 5208 est

491 5226 888 5285 incarnationis
907 5224 995 5279 ἲ...
1032 5223 1186 5291 Quod
1218 5221 1400 5278 autem
1438 5222 1606 5290 dixit,
1637 5225 1694 5277 in
1724 5237 1770 5278 Ie
1800 5232 1877 5278 est
1906 5221 2067 5290 Deus,

492 5300 733 5355 ostendit
771 5295 1090 5369 mysterium
1135 5294 1489 5369 oeconomiae,
1524 5294 1578 5348 id
1614 5303 1700 5369 est
1737 5295 2072 5369 incarnatio-

490 5372 580 5427 nis
601 5411 616 5436 ,
644 5363 1136 5441 quod.,'incaruat_o
1168 5364 1344 5441 Verbo
1374 5377 1429 5419 et
1453 5363 1596 5420 facto
1619 5366 1840 5420 homine
1865 5404 1880 5430 ,
1909 5363 2071 5441 Elter

488 5432 611 5497 erat
634 5432 690 5495 in
718 5439 890 5504 Filio,
923 5447 979 5494 et
1000 5435 1174 5493 Filius
1202 5437 1257 5491 in
1288 5435 1481 5502 Patre,
1509 5444 1866 5493 conversante
1927 5432 2066 5490 Filio

488 5525 616 5568 cum
642 5511 977 5567 hominibus.
1001 5529 1020 5563 ι
1056 5508 1224 5573 Idem,
1246 5507 1430 5563 Contr.
1465 5506 1647 5573 Noet.,
1679 5524 1833 5563 num.
1857 5506 1912 5561 4.

563 5583 675 5653 (99)
721 5581 1019 5653 (Dmnem
1040 5587 1358 5653 potestatem
1392 5578 1803 5653 ostendit,_quae
1839 5593 1869 5632 a
1900 5576 2069 5653 Patre

491 5648 615 5708 data
640 5648 724 5708 est
744 5652 912 5718 Filio,
932 5648 1388 5722 qui—caelestium,
1429 5648 1766 5705 terrestrium
1800 5659 1854 5705 et
1897 5648 2066 5722 infer-

488 5739 689 5778 norum
734 5738 832 5778 rex
871 5720 1233 5793 omniumque
1271 5721 1434 5790 judex
1475 5728 1697 5793 creatus
1739 5730 1843 5778 est.
1886 5720 2065 5793 Caele-

2253 4587 2332 4658 (1)
2377 4606 2418 4658 «ί
2440 4586 2703 4658 Voluntas
2727 4585 2903 4658 Patris
2931 4593 3016 4640 est
3045 4582 3206 4640 Jesus
3233 4585 3501 4642 Christus.
3526 4602 3546 4637 ι
3575 4584 3729 4643 Idem
3747 4630 3767 4657 ,

2182 4656 2365 4713 Contr.
2396 4657 2579 4722 Noet.,
2604 4672 2756 4712 num.
2785 4656 2871 4710 15.

2251 4729 2328 4799 (2)
2370 4728 2668 4800 Hippolyt.,
2702 4725 2892 4800 Iih._de
2916 4725 3184 4800 Antichr"
3219 4742 3371 4800 num.
3395 4727 3451 4783 8.

2250 4796 2328 4869 (5)
2369 4796 2663 4854 Tillemont
2694 4838 2711 4864 ,
2754 4796 3039 4869 (Hermia,
3083 4804 3219 4854 tom.
3270 4796 3372 4866 Ill,
3413 4807 3526 4855 not.
3585 4797 3623 4853 6
3666 4816 3773 4855 sur

2178 4869 2240 4928 S.
2257 4867 2575 4951 ippo‘lgt"
2597 4885 2720 4951 pag.
2750 4867 2874 4951 515.

2250 4935 2392 5012 (4)’ἇ
2430 4935 2527 4996 Dic
2556 4935 2713 5007 mihi,
2734 4955 2768 4995 ο
2800 4940 2956 5012 beata
2994 4935 3186 5005 Maria,
3216 4937 3345 5012 quid
3378 4948 3503 5012 erat
3538 4955 3571 4995 a
3614 4949 3668 4997 te
3704 4941 3767 4998 in

2176 5008 2333 5069 utero
2366 5020 2719 5082 conceptum,
2750 5021 2804 5066 et
2827 5008 2959 5080 quid
2988 5025 3019 5064 a
3057 5019 3110 5082 te
3150 5008 3463 5082 geStahatur
3494 5010 3547 5065 in
3583 5013 3764 5082 virgi-

2175 5085 2286 5139 nali
2330 5078 2599 5141 matriaﬁ?
2644 5078 2881 5153 Verbum
2921 5089 3041 5134 erat
3074 5078 3253 5153 Dei.)
3292 5078 3766 5153 Hippolyt._ap'ud

2174 5152 2761 5222 Tlicodoret.,4)ialog.
2811 5151 2873 5224 1,
2892 5160 2945 5205 et
2972 5160 3106 5206 tom.
3136 5149 3157 5203 Ι
3188 5148 3656 5224 Opp.,'pag1_267.

2245 5227 2322 5298 (5)
2361 5223 2599 5298 ldcm_in
2631 5221 2802 5278 illud:
2836 5222 3112 5298 Sapientia
3144 5221 3759 5289 cedi/icaritfProverb.

2172 5292 2330 5364 tx,'l';
2357 5307 2490 5351 tom.
2514 5294 2535 5348 l
2563 5293 2721 5364 0pp.,
2752 5309 2876 5364 pag.
2899 5292 3027 5347 982.

2242 5366 2320 5438 (6)
2366 5365 2738 5438 Videarticul.
2769 5365 3095 5438 pr_a:cedent_.

2243 5433 2319 5510 (7)
2360 5436 2419 5510 βο
2464 5433 3010 5510 Ηίρνριγιηίϐρηξνα
3052 5435 3325 5510 βενοηςηι.
3363 5444 3413 5490 ει
3461 5433 3751 5510 Heliam.

2167 5505 2322 5566 num.
2350 5508 2405 5573 8,
2436 5522 2489 5578 p7.
2527 5505 2817 5578 {HSd—apud
2842 5505 3121 5572 Galland.,
3145 5518 3196 5562 et
3216 5508 3335 5578 7250
3358 5507 3500 5576 apud
3528 5505 3756 5578 Fabric.

2240 5581 2317 5652 (8)
2338 5578 2419 5652 is.
2440 5577 2710 5652 Hippolyti
2728 5577 3103 5652 interpretatio
3127 5577 3497 5652 inﬂauielem,
3516 5577 3749 5652 nutriti,

2165 5646 2307 5723 pag.'
2327 5649 2426 5723 {gl
2452 5690 2466 5714 ,
2486 5646 2786 5723 iii—Daniele
2806 5646 3106 5723 secundum
3132 5647 3276 5702 LXX
3298 5689 3319 5723 ,_
3347 5647 3556 5723 Horme,
3583 5646 3749 5723 1773,

2239 5716 2315 5793 (9)
2355 5716 3276 5810 βιερρρίγῑιξξενιξςίξέὶιξίξςιέεηξιο
3300 5716 3748 5810 Lamo-2.6.9-

489 5796 656 5851 stium
708 5794 959 5865 quidem,
1001 5787 1159 5865 quod
1191 5787 1430 5850 Verbum
1473 5789 1654 5850 Patris
1691 5802 1819 5849 ante
1863 5791 2062 5850 szecula
2163 5787 2372 5865 etap'ud
2394 5787 3270 5858 Ga'llaiidium',tomollBibliot/z.
3297 5787 3439 5856 PI’.,
3464 5787 3747 5855 col.496.,
