3928 6336
243 380 344 439 369

1220 380 1309 437 DE
1348 379 1511 437 VITA
1550 379 1641 453 Ετ
1680 377 1996 436 SClllPTlS
2029 380 2088 436 S.
2116 377 2498 435 llIPPOLYTI.

3405 374 3510 433 570

241 508 492 572 poterant
519 540 537 565 ,
566 509 686 556 erat
716 500 831 571 ipse
861 495 1132 556 Salvator.
1154 497 1262 556 Per
1294 500 1437 556 hanc
1467 500 1830 579 enimputre-
1857 516 1900 571 Α
1931 498 2161 557 aﬂ‘ectus
2201 499 2471 570 superbire
2515 497 2610 553 tibi
2647 497 2987 566 dominetur;
3019 496 3066 555 si
3101 496 3291 553 sordes
3334 496 3483 567 impu

237 596 371 651 dinis
398 604 459 649 et
498 596 871 667 corruptionis
902 609 1097 665 expers
1132 593 1252 665 ejus
1302 592 1715 649 tabernaculum
1747 592 1822 648 si-

235 688 637 759 gniﬁcabatur,
691 687 839 759 quod
891 688 1094 742 nullam
1128 686 1337 756 peccati
1369 685 1707 757 putredinem
1733 700 1824 757 ge—

233 782 418 835 nuit...
464 780 739 836 Dominus
779 788 960 835 autem
998 796 1032 835 a
1069 788 1291 849 peccato
1332 778 1544 834 alienus
1585 786 1736 843 erat,
1769 786 1825 832 et

223 890 289 927 ex
319 873 495 944 lignis
526 872 913 944 putrefactioni
949 886 1057 927 non
1096 870 1351 927 obnoxiis
1381 869 1684 926 secundum
1720 869 1822 924 ho-

222 966 428 1019 minem
451 1006 473 1033 ,
506 966 615 1021 hoc
643 976 748 1032 est,
787 979 853 1019 ex
890 962 1107 1035 Virgine
1147 973 1201 1019 et
1244 962 1449 1033 Spiritu
1494 970 1705 1025 sancto,
1739 960 1825 1014 in-

217 1070 308 1116 tus
332 1069 389 1114 et
431 1058 578 1116 l'oris
621 1069 881 1130 tanquam
910 1058 1206 1129 purissimo
1233 1056 1392 1112 Verbi
1426 1056 1519 1112 Dei
1553 1072 1691 1113 auro
1716 1056 1824 1111 cir-

211 1161 561 1207 cumtectus.
617 1171 637 1205 ι
690 1151 891 1207 Eadem
935 1150 1048 1208 fere
1090 1168 1122 1208 e
1158 1159 1350 1206 sancto
1394 1151 1602 1206 [remeo
1661 1149 1821 1205 habet

208 1252 448 1300 sanctus
476 1242 729 1301 Joannes
768 1243 1138 1300 Damascenus
1166 1254 1359 1300 contra
1387 1241 1692 1300 Jacobitas.

748 1354 1155 1413 ARTICULUS
1193 1355 1329 1411 Vill.

579 1466 650 1505 DE
690 1466 960 1505 BAPTISNO
995 1466 1066 1504 ΕΤ
1109 1465 1490 1509 EUCBAR‘STIA.

277 1540 570 1611 Βεριίεωὶ
602 1545 840 1613 e/fectus.
873 1574 947 1583 —
992 1542 1229 1597 Sanctus
1261 1552 1465 1615 martyr
1507 1557 1571 1598 ac
1609 1540 1824 1613 episco-

1926 595 2106 651 ritatis
2141 595 2441 666 abstergas,
2495 603 2550 651 et
2581 610 2723 651 onus
2763 596 2971 665 peccati
3004 611 3034 651 a
3072 603 3123 649 te
3160 594 3425 665 ahjicias;
3461 594 3510 651 si

1926 702 2097 743 exuas
2143 696 2479 742 armaturam
2530 687 2753 754 diaboli,
2802 697 2857 743 et
2910 688 3106 744 induas
3159 687 3282 743 tidei
3325 688 3512 744 thora-

1926 796 2046 837 cem
2097 782 2163 833 “.
2241 779 2395 835 Sicut
2469 780 2674 848 Isaias,
2744 796 2865 851 cap.
2903 798 2964 837 ιτ
3006 799 3025 834 ι
3082 780 3385 848 Lavamini,
3425 780 3512 836 in-

1927 872 2067 942 quit,
2107 880 2162 927 et
2186 873 2411 943 quaerite
2442 872 2735 943 judicium,
2776 874 2967 942 eripite
2989 889 3332 945 oppressum,
3359 872 3510 943 judi-

1925 972 2049 1017 cate
2074 965 2345 1034 orphano,
2379 963 2644 1019 absolvite
2672 965 2911 1030 viduam,
2936 974 2990 1021 et
3013 967 3209 1032 venite,
3240 974 3293 1021 et
3325 965 3509 1021 disce-

1926 1064 2164 1124 ptemus,
2191 1057 2267 1112 ait
2290 1056 2575 1114 Dominus.
2607 1056 2740 1112 Etsi
2779 1058 2887 1113 sint
2911 1067 3132 1128 peccata
3158 1066 3337 1114 vestra
3366 1058 3509 1113 sicut

1925 1145 2192 1213 puniceus
2220 1162 2456 1217 pannus,
2486 1158 2545 1203 ut
2579 1148 2757 1203 nivem
2788 1149 3083 1217 dealbabo;
3116 1150 3270 1221 sique
3308 1149 3513 1206 fuerint

1870 1280 1895 1303 ,,
1928 1245 1989 1291 ιιι
2015 1240 2318 1307 coccinum,
2348 1241 2614 1297 dealbabo
2660 1250 2717 1297 ut
2748 1242 2949 1299 lanam.
2978 1243 3043 1297 Et
3086 1245 3305 1315 quando
3340 1244 3506 1299 vultis

1927 1344 2115 1384 vocem
2142 1346 2316 1386 meam
2344 1333 2553 1400 audire,
2584 1335 2723 1390 bona
2749 1345 2906 1390 terra:
2931 1336 3245 1391 comedetis.
3272 1354 3292 1389 ι
3326 1336 3505 1393 Vides.

1926 1420 2143 1489 dilecte,
2190 1425 2466 1493 quomodo
2508 1427 2768 1496 praphcta
2823 1427 3077 1498 baptismi
3118 1429 3228 1483 vim
3265 1430 3509 1500 purgati-

1926 1527 2048 1566 vam
2073 1514 2355 1583 praedixit;
2401 1516 2495 1587 qui
2530 1518 2673 1572 enim
2697 1534 2820 1573 cum
2856 1517 2958 1574 (ide
2989 1519 3042 1574 in
3073 1520 3178 1575 hoc
3220 1534 3508 1592 regenera-

1927 1604 2096 1661 tionis
2125 1607 2401 1662 lavacrum
2430 1610 2731 1677 descendit,
2765 1610 3043 1666 renuntiat
3073 1612 3239 1680 malo,
3275 1621 3329 1667 et
3349 1611 3509 1667 Chri-

1928 1708 2016 1755 sto
2047 1714 2105 1754 se
2126 1699 2350 1755 addicit.
2385 1699 2609 1756 Hostem
2648 1702 2902 1773 abnegat,
2929 1719 2995 1759 ac
3024 1703 3303 1759 Christum
3337 1704 3506 1760 Deum

1929 1806 2051 1847 esse
2090 1791 2415 1859 comitetur;
2461 1793 2778 1849 servitutem
2834 1795 3005 1861 exuit,
3044 1796 3222 1851 induit
3264 1797 3507 1867 adoptio-

202 1650 305 1703 pus
342 1634 691 1707 Hippolytus
715 1636 832 1692 suis
860 1636 915 1690 in
950 1636 1165 1705 scriptis
1204 1636 1272 1691 de
1311 1636 1527 1691 duobus
1561 1635 1828 1690 dumtaxat

200 1728 611 1794 moramentis,
632 1725 911 1798 Baptismo
935 1727 1190 1782 nimirum
1207 1736 1259 1782 et
1278 1726 1646 1790 Eucharistia,
1675 1741 1828 1780 men-

202 1818 417 1874 tionem
464 1818 635 1887 fecit;
680 1835 868 1874 verum
914 1819 1122 1889 reliqua
1156 1819 1349 1873 nullibi
1394 1834 1650 1888 expresse
1679 1833 1827 1874 esa'

205 1918 633 1963 mmentorum
666 1923 897 1963 numero
926 1909 1178 1964 exclusit.
1211 1908 1377 1963 Docet
1402 1919 1583 1963 autem
1616 1924 1710 1979 per
1733 1924 1821 1964 sa-

210 2009 565 2054 cramentum
618 1998 971 2070 Baptismatis
1018 2014 1119 2055 nos
1156 1999 1401 2054 obtinere
1437 1998 1823 2053 immortalita-

210 2101 315 2146 tem
346 2102 403 2147 et
429 2093 611 2146 vitam
636 2092 1001 2162 Spiritualem,
1036 2107 1067 2147 a
1111 2092 1370 2147 servitute
1405 2107 1469 2147 ac
1509 2095 1823 2162 captivitate

210 2184 488 2240 daemonis
538 2201 643 2240 nos
681 2184 922 2252 liberari,
956 2192 1011 2239 et
1048 2184 1270 2239 induere
1302 2183 1649 2255 adoptionem
1681 2183 1823 2240 tilio-

218 2290 338 2329 rnm
364 2273 490 2329 Dei.
531 2293 550 2327 ι
589 2274 750 2329 Pater
784 2275 946 2346 igitur
974 2274 1424 2340 immortalitatis,
1469 2274 1650 2345 inquit
1679 2274 1816 2346 (l0),

218 2366 591 2422 immortalem
632 2365 832 2421 Filium
862 2382 925 2422 ac
968 2365 1208 2423 Verbum
1241 2368 1295 2422 in
1338 2368 1602 2423 mundum
1646 2369 1817 2443 misit,

218 2458 309 2528 qui
338 2459 492 2514 venit
520 2458 593 2513 ad
625 2459 901 2522 homines,
928 2459 1141 2515 loturus
1171 2475 1267 2515 eos
1301 2476 1444 2531 aqua
1485 2471 1540 2516 et
1586 2461 1816 2532 Spiritu,

222 2560 273 2604 et
300 2561 729 2621 regeneraturus
766 2551 831 2605 ad
864 2550 1059 2606 animae
1088 2553 1442 2623 corporisque
1482 2554 1816 2624 incorrupti-

222 2643 502 2707 bilitatem,
535 2642 824 2714 inspiravit
856 2644 910 2698 in
949 2659 1050 2699 nos
1083 2645 1333 2715 spiritum
1370 2646 1514 2713 vitai,
1542 2656 1595 2701 et
1630 2646 1813 2701 incor-

219 2740 457 2809 ruptibili
508 2748 793 2795 armatura
838 2740 1032 2797 induit.
1092 2741 1148 2797 Si
1201 2743 1365 2813 igitur
1412 2743 1591 2821 homo.
1634 2742 1812 2800 factus

215 2830 547 2887 immortalis
567 2843 671 2896 est,
704 2831 848 2889 Deus
880 2835 1043 2890 etiam
1080 2836 1204 2892 erit.
1237 2834 1295 2891 Si
1317 2851 1448 2891 vero
1478 2852 1573 2907 per
1610 2853 1810 2907 aquam

212 2933 266 2976 et
303 2923 575 2994 Spiritum
624 2937 875 2983 sanctum
928 2943 959 2984 a
1022 2929 1437 2999 regeneratione
1480 2944 1547 2984 ex
1588 2928 1811 2985 lavacro

211 3011 356 3070 Deus
384 3017 463 3081 tit,
495 3018 871 3086 comperietur
909 3017 1073 3073 etiam
1113 3027 1237 3088 post
1280 3017 1739 3074 resurrectionem
1778 3035 1811 3075 e

209 3108 446 3162 mortuis
473 3108 706 3163 conteres
736 3108 938 3165 Christi
973 3125 1101 3164 esse.
1159 3109 1327 3182 Igitur
1364 3111 1631 3181 praeconis
1676 3128 1809 3170 voce

210 3200 495 3268 prorlamo
529 3219 543 3255 :
585 3199 793 3267 Venite,
815 3216 1003 3258 omnes
1041 3202 1217 3258 tribus
1245 3202 1486 3273 gentium
1523 3204 1591 3259 ad
1617 3202 1809 3275 Bapti-

210 3294 405 3348 smatis
437 3294 909 3350 immortalitatem
941 3312 956 3350 :
1003 3292 1183 3350 Vitam
1222 3295 1391 3360 vobis,
1419 3297 1513 3367 qui
1555 3297 1609 3351 in
1650 3297 1804 3369 igno-

212 3386 400 3439 rantise
436 3386 675 3457 caligine
701 3387 901 3442 versati
938 3388 1119 3445 adhuc
1160 3389 1314 3456 estis,
1351 3390 1532 3460 fausto
1562 3392 1806 3463 signiﬁco

212 3478 429 3540 nuntio;
457 3479 628 3531 venite
651 3494 715 3532 ex
742 3480 989 3533 servitute
1012 3480 1067 3534 in
1090 3479 1407 3547 libertatem,
1433 3498 1499 3537 ex
1523 3484 1806 3553 tyrannide

210 3568 276 3621 ad
300 3586 544 3640 regnum,
576 3585 641 3623 ex
671 3572 1006 3640 corruptione
1029 3572 1099 3625 ad
1123 3573 1707 3643 incorruptibilitatem.
1739 3574 1805 3631 Et

206 3663 509 3731 quomodo,
542 3662 742 3733 inquit,
776 3664 1062 3719 veniemus
1084 3665 1107 3718 ?
1129 3665 1452 3731 Quomodo?
1491 3684 1584 3737 per
1610 3684 1803 3739 aquam

205 3764 253 3807 et
297 3752 570 3824 Spiritum
625 3767 890 3811 sanctum.
934 3756 1061 3811 [ltro
1114 3768 1191 3812 est
1250 3775 1388 3830 aqua
1440 3775 1558 3813 cum
1596 3759 1805 3832 Spiritu

205 3846 517 3913 conjuncta,
572 3862 676 3917 qua
706 3848 994 3916 paradisus
1025 3850 1251 3920 rigatur,
1307 3859 1449 3905 terra
1484 3855 1800 3924 pinguescit,

203 3947 370 4007 atque
412 3947 476 3993 ut
519 3940 705 3994 omnia
749 3942 1072 4011 compendio
1123 3945 1438 4014 amplectar,
1471 3963 1563 4017 per
1608 3965 1803 4019 aquam

203 4041 489 4100 generatus
521 4032 678 4086 homo
709 4033 1024 4103 viviﬁcatur,
1059 4052 1166 4107 qua
1196 4037 1452 4095 Christus
1496 4039 1802 4109 baptizatus

201 4133 304 4189 est,
357 4123 418 4178 in
453 4140 629 4195 quam
661 4123 902 4196 Spiritus
938 4140 1162 4184 sanctus
1198 4130 1463 4186 columbae
1506 4133 1684 4202 specie
1706 4133 1800 4189 de-

202 4218 437 4272 scendit.
579 4217 791 4274 Accede
816 4235 964 4289 ergo,
988 4230 1042 4275 et
1066 4236 1404 4291 regenerare,
1433 4238 1467 4277 ο
1496 4224 1695 4280 homo!
1733 4223 1802 4278 ad

202 4310 556 4379 adoptionem
612 4311 847 4366 liliorum
883 4311 996 4369 Dei.
1058 4311 1123 4367 Et
1164 4315 1687 4388 quomodo?iuquit.
1744 4315 1801 4371 Si

208 4419 314 4458 non
341 4404 682 4459 adulterium
730 4420 830 4461 nec
859 4409 1060 4463 caedem
1092 4410 1454 4475 commiseris,
1505 4427 1606 4466 nec
1655 4409 1802 4466 idola

203 4499 445 4554 colueris
481 4497 619 4568 (ll),
643 4497 696 4551 id
724 4508 829 4563 est,
863 4500 1106 4557 habitum
1132 4512 1185 4558 et
1205 4503 1456 4559 all‘eetum
1488 4504 1554 4559 ad
1577 4504 1713 4571 haec,
1748 4513 1805 4560 ct

1857 1876 1898 1933 Β
1927 1901 2086 1952 nem;
2141 1885 2279 1940 redit
2319 1901 2383 1941 ex
2419 1885 2688 1957 baptismo
2724 1887 3059 1957 splendidus,
3100 1897 3160 1943 ut
3200 1890 3281 1945 sol
3321 1891 3506 1947 radios

1923 1974 2149 2046 justitia:
2185 1975 2539 2047 eﬂ'ulgurans.
2585 1975 2741 2044 Quod
2777 1994 2910 2033 vero
2945 1980 3242 2036 maximum
3276 1991 3381 2049 est,
3419 1996 3505 2039 re-

1925 2070 2153 2124 vertitur
2174 2066 2346 2123 Filius
2369 2067 2464 2123 Dei
2493 2078 2546 2123 et
2569 2068 2774 2126 Christi
2812 2070 3003 2126 hatres.
3036 2089 3055 2123 ι

1996 2159 2229 2214 Fructus
2252 2159 2501 2229 baptismi
2528 2158 2752 2216 Christi.
2777 2191 2847 2201 —
2877 2158 3175 2218 Enumerat
3208 2163 3370 2233 paulo
3411 2178 3503 2219 sua

1924 2268 2019 2324 pra
2049 2252 2260 2310 fructus
2297 2253 2552 2325 baptismi
2581 2251 2882 2311 Salvatoris
2923 2255 3093 2310 nostri
3139 2252 3269 2310 Jesu
3301 2254 3501 2311 Christi

1922 2346 2027 2401 hoc
2048 2348 2207 2402 modo
2236 2347 2385 2417 (l2):
2417 2366 2435 2398 ι
2469 2344 2654 2412 Vides,
2688 2346 2902 2414 dilecte,
2934 2356 3067 2417 quot
3094 2357 3148 2404 et
3169 2356 3500 2419 quantorum

1919 2436 2187 2496 bonorum
2237 2441 2513 2511 iacturam
2570 2440 2766 2498 facturi
2818 2439 3135 2503 fuissemus.
3173 2441 3221 2496 si
3272 2439 3499 2497 Joannis

1921 2532 2203 2587 monitioni
2229 2531 2490 2591 Dominus
2522 2534 2799 2600 cessisset,
2824 2543 2875 2589 et
2889 2532 3225 2605 Baptismum
3250 2548 3357 2587 non
3377 2548 3501 2590 sus-

1917 2623 2167 2694 cepisset.
2195 2624 2382 2681 Clausi
2410 2627 2557 2681 enim
2593 2635 2748 2683 erant
2779 2627 3010 2682 antehac
3036 2626 3182 2691 (mli,
3215 2625 3496 2682 inaccessa

1916 2726 2114 2783 supera
2149 2715 2367 2785 regio...
2410 2714 2607 2771 Statim
2639 2724 2817 2771 autem
2852 2716 3021 2787 aperti
3051 2723 3180 2771 sunt
3206 2716 3329 2771 εαξιί
3371 2715 3493 2786 ipsi.

1916 2803 2307 2863 llecouciliatio
2331 2806 2473 2864 facta
2498 2808 2793 2863 visibilium
2823 2823 2948 2863 cum
2973 2807 3360 2872 invisibilibus,
3386 2822 3498 2863 cre-

1914 2898 2078 2954 lestes
2099 2897 2321 2955 ordines
2350 2900 2548 2970 gaudio
2572 2909 2700 2955 sunt
2733 2899 2961 2970 impleti,
2993 2897 3210 2953 Satanae
3249 2897 3303 2951 in
3335 2897 3497 2951 terris

1910 2993 2284 3063 aegritudines,
2327 3007 2415 3049 res
2448 2993 2801 3057 absconditae,
2838 3007 2960 3062 quas
2996 3000 3175 3056 erant,
3217 2988 3498 3062 patefacta:

1911 3092 2059 3148 sunt,
2088 3101 2211 3155 qua:
2239 3086 2475 3141 hostium
2506 3092 2664 3142 erant
2704 3085 2760 3139 in
2804 3097 3054 3150 numero,
3099 3083 3309 3139 reddita
3348 3080 3498 3138 fuere

1910 3193 2109 3233 arnica.
2152 3197 2171 3231 ι

1835 3236 1876 3290 c
1979 3272 2161 3327 Realis
2202 3271 2403 3327 Christi
2452 3272 2509 3326 in
2571 3269 2911 3326 Eucltaristio
2955 3270 3257 3341 prasentia.
3303 3266 3501 3324 Noster

1906 3362 2059 3435 panis
2085 3377 2163 3422 est
2200 3367 2452 3421 Dominus
2484 3378 2661 3422 noster
2679 3366 2835 3421 Iesus
2873 3366 3139 3423 Christus.
3172 3395 3244 3407 ο·-
3283 3364 3498 3421 Eucha-

1907 3462 2095 3526 ristia,
2163 3470 2323 3532 prout
2371 3462 2531 3517 docet
2569 3459 2627 3517 S.
2672 3461 3015 3532 Hippolytus,
3059 3470 3141 3517 est
3187 3476 3498 3517 sacramen-

1909 3563 2045 3618 tum,
2070 3569 2180 3624 quo
2205 3553 2366 3609 Jcsus
2386 3553 2642 3609 Christus
2676 3553 2915 3608 divinam
2951 3554 3123 3625 ipsius
3152 3569 3397 3620 carnem,
3432 3570 3498 3608 ac

1908 3647 2269 3702 vrnerabilem
2310 3648 2429 3716 ejus
2461 3647 2784 3717 sanguinem
2823 3646 2971 3701 dedit
3024 3646 3182 3700 nobis
3224 3646 3495 3701 edendum

1906 3740 2309 3810 bibendumque
2343 3741 2398 3794 iu
2436 3740 2821 3795 remissionem
2857 3746 3205 3809 peccatorum
3245 3738 3381 3812 (l5).
3413 3738 3494 3794 En

1907 3843 2154 3904 apertum
2197 3833 2399 3889 veteris
2437 3832 2600 3901 hujus
2638 3832 2882 3887 doctoris
2932 3831 3337 3899 testimonium,
3385 3846 3497 3901 quo

1906 3925 2068 3982 realis
2091 3925 2293 3981 Christi
2332 3924 2617 3995 praesentia
2654 3922 2708 3976 in
2742 3921 3093 3978 sanctissimo
3132 3922 3496 3979 Eucliaristia:

1904 4026 2251 4073 sacramento
2290 4025 2479 4073 contra
2516 4014 2845 4071 Calvinistas
2885 4014 3246 4071 invictissime
3267 4015 3494 4071 demou-

1906 4119 2128 4166 stratur.
2173 4107 2291 4164 Hoc
2343 4117 2593 4180 spectant
2632 4108 2823 4175 etiam,
2868 4123 2992 4178 qua:
3028 4108 3258 4179 legimus
3287 4108 3342 4162 iu
3382 4106 3493 4162 Fra-

1906 4201 2137 4273 gmeutis
2156 4202 2273 4269 ejus
2288 4198 2669 4256 Commentarii
2697 4199 2751 4253 in
2770 4196 3009 4254 Cenest'm
3026 4201 3091 4254 ad
3112 4215 3175 4254 ea
3200 4199 3493 4269 Scriptum

1906 4293 2069 4348 verba
2110 4312 2122 4346 :
2167 4292 2393 4362 Pinguis
2424 4292 2539 4362 ejus
2585 4293 2763 4362 panis,
2808 4299 2860 4346 et
2913 4292 3022 4362 ipse
3054 4290 3203 4345 dabit
3265 4290 3490 4346 delicias

1905 4386 2231 4456 principibus
2270 4385 2334 4440 “.
2403 4383 2569 4440 illoc
2623 4383 2853 4454 ﬁgurato
2916 4384 3220 4440 vocationis
3290 4393 3492 4439 nostra:

1907 4480 2350 4549 interpretamur,
2398 4477 2473 4531 ait
2504 4475 2563 4531 S.
2607 4475 2965 4547 Hippolytus;
3015 4476 3162 4547 quod
3190 4476 3335 4531 enim
3370 4475 3492 4546 pin-

201 4591 305 4643 alia
327 4590 566 4644 erimina
587 4589 1096 4664 fructumBaptismi
1121 4595 1471 4667 impedientia
1490 4568 1757 4666 abjeceris
1786 4616 1800 4652 :

1915 4587 2036 4639 gue,
2067 4571 2278 4625 lautum
2317 4578 2420 4625 est.
2452 4568 2689 4636 Quinam
2721 4585 2851 4625 vero
2872 4568 3029 4639 panis
3052 4568 3248 4623 lautior
3269 4568 3491 4623 nostro?

204 4681 247 4735 si
284 4696 399 4736 non
442 4683 687 4739 vincaris
730 4700 762 4738 a
799 4685 1095 4756 voluptate,
1141 4689 1189 4743 si
1219 4704 1328 4744 non
1360 4689 1697 4758 committas,
1745 4700 1803 4747 ut

272 4802 320 4832 ¹¹
344 4800 552 4871 Ephes.
585 4817 661 4869 vr,
696 4802 780 4858 14.
860 4803 905 4835 ⁸³
934 4802 1072 4860 Cen.
1101 4821 1250 4873 ms,
1282 4806 1374 4863 20.

269 4918 492 4993 uois.
521 4918 795 4993 HippOlji.
829 4920 1029 4977 Homil.
1070 4923 1125 4977 in
1167 4922 1494 4993 Theophan.,
1537 4940 1690 4980 num.
1728 4924 1784 4989 8,

199 5003 324 5067 pag.
349 4989 485 5056 264,
512 4989 656 5067 apud
690 4989 930 5067 Fabr_ic._,
957 5002 1090 5050 tom.
1130 4994 1152 5048 ι
1196 4989 1355 5065 Opp},
1385 5005 1438 5052 et
1476 4989 1618 5067 apud
1657 4996 1788 5052 Gal-

202 5062 377 5127 land.,
417 5070 550 5115 tam).
580 5061 648 5125 ΙΙ,
680 5063 788 5117 col.
812 5063 935 5117 494.

255 5132 391 5219 .(ll)
433 5130 515 5185 Eu
541 5133 643 5219 tria
671 5134 757 5188 illa
789 5134 1200 5219 capitaliora,et
1218 5136 1361 5218 apud
1391 5138 1599 5219 primos
1613 5135 1787 5219 .C_h_ri-

204 5204 419 5257 stianos
437 5204 680 5272 expertia
703 5205 1097 5274 propemodum
1129 5204 1299 5262 venia:
1328 5204 1582 5273 crimina,
1612 5208 1773 5263 idolo-

205 5273 447 5332 latriam.
500 5273 857 5329 bomicidiurn
908 5285 963 5329 et
1001 5276 1350 5333 adulterium.
1394 5276 1577 5333 Prima
1612 5280 1791 5333 l'r0nte

204 5342 293 5398 illa
325 5342 389 5398 S.
424 5343 700 5419 Hippolyti
726 5346 887 5419 verba
916 5365 929 5400 :
961 5365 980 5398 ι
1018 5347 1228 5419 Accede
1258 5349 1445 5418 igitur,
1482 5359 1534 5404 et
1569 5364 1791 5419 regene-

205 5429 349 5479 rare,
386 5430 421 5469 o
469 5416 708 5470 homo...
770 5414 828 5469 Si
885 5433 992 5472 non
1039 5414 1394 5484 adulterium,
1432 5414 1538 5475 nec
1582 5414 1786 5475 cuidem

207 5486 575 5561 commiseris,
608 5501 709 5561 nec
743 5487 886 5561 idola
912 5488 1180 5561 colueris,
1221 5508 1239 5541 ι
1279 5491 1450 5545 videri
1491 5498 1717 5561 possent
1754 5506 1788 5546 a

211 5553 471 5624 Baptismi
497 5560 673 5629 gratia
703 5573 798 5612 eos
838 5558 1075 5629 abigere,
1116 5553 1209 5629 qui
1266 5562 1457 5615 talium
1491 5553 1787 5616 criminum

210 5629 282 5702 rei
308 5638 463 5682 sunt.
497 5628 567 5702 Si-
582 5642 712 5702 vero
742 5629 907 5698 hujus
938 5628 1301 5702 Patrismens
1323 5641 1528 5687 attente
1559 5647 1790 5702 perpen-

208 5695 386 5759 datur,
417 5698 604 5752 omnis
628 5700 779 5772 illico
792 5695 1408 5766 e'vanescetdillicultas;
1428 5695 1604 5772 primo
1642 5695 1789 5772 enim

210 5782 398 5822 omnes
427 5777 618 5834 gentes
657 5771 723 5822 ad
769 5770 873 5824 hoc
910 5779 1312 5825 sacramentum
1346 5770 1537 5827 invitat
1568 5791 1582 5827 :
1625 5791 1645 5824 ι
1686 5770 1788 5827 Ve—

212 5840 338 5904 nite,
384 5854 579 5895 omnes
606 5840 781 5894 tribus
802 5842 1063 5911 gentium,
1093 5843 1160 5897 ad
1182 5840 1530 5911 Baptismatis
1564 5842 1791 5899 immor-

1909 4664 2103 4721 Noster
2169 4664 2313 4720 enim
2376 4664 2533 4734 panis
2605 4662 2873 4719 Dominus
2940 4669 3044 4731 est,
3117 4669 3176 4716 ut
3218 4661 3335 4733 ipse
3372 4661 3485 4717 ait:

1893 4914 2187 4985 talitatcm;
2216 4941 2234 4976 ι
2258 4922 2404 4992 quod
2429 4935 2560 4975 sane
2582 4929 2636 4977 et
2660 4920 3229 4992 idolorumheultores,
3251 4926 3305 4973 et
3322 4921 3487 4992 adul-

1896 5004 2077 5058 teros,
2137 4990 2290 5057 etc.,'
2327 4991 2715 5062 przesupponit.
2763 4991 2821 5062 2·
2856 4990 3073 5062 iVullum
3118 4997 3203 5043 est
3255 4991 3483 5055 crimen,

1896 5066 2252 5135 quantumvis
2280 5060 2521 5135 enorme,
2544 5060 2711 5133 “quod
2767 5061 2954 5115 divino
2992 5060 3097 5114 hoc
3133 5070 3485 5135 sacramento

1898 5130 2006 5190 non
2034 5136 2277 5190 deleatur
2296 5133 2457 5203 juxta
2472 5130 2633 5203 ilsaiie
2661 5142 3079 5203 textum,gquem
3114 5131 3182 5185 de
3203 5130 3485 5203 Baptismo

1900 5200 2310 5276 interpretatur'
2337 5202 2394 5257 S.
2440 5202 2785 5276 Hippolytus,
2835 5200 2948 5276 uti:
2989 5216 3155 5276 supra
3222 5200 3481 5276 vidimus.

1899 5272 2059 5345 Ergo'
2081 5284 2487 5331 sacramentum
2514 5272 2656 5329 ’hoc'
2672 5275 2813 5330 delet
2843 5272 3231 5345 idololatriam,
3268 5273 3486 5345 adulte-

1896 5344 2062 5410 rium,
2120 5354 2225 5403 etc.
2264 5346 2435 5419 Igitur
2490 5355 2715 5419 sanctus
2770 5350 2975 5419 martyr
3010 5344 3064 5397 id
3099 5344 3484 5419 unum_inten—

1894 5419 1994 5484 dit,
2024 5414 2531 5488 oportere'scilicet
2564 5417 2800 5488 abjicere
2842 5414 3091 5488 habitum
3119 5420 3176 5468 et
3224 5414 3482 5488 allectum

1895 5489 1964 5543 ad
1997 5484 2109 5543 haec
2136 5488 2390 5553 crimina,
2414 5489 2495 5557 uti
2526 5498 2579 5543 et
2599 5484 2665 5543 ad
2688 5496 2882 5543 caetera
2907 5484 3113 5549 omnia,
3138 5494 3197 5539 ut
3219 5484 3485 5557 Baptismi

1897 5561 2075 5682 gratia
2108 5559 2453 5628 obtineatur;
2483 5555 2628 5630 quod
2654 5560 2875 5629 quidem
2905 5571 3095 5612 verum
3127 5562 3235 5625 est,
3271 5555 3327 5614 et
3353 5573 3485 5616 cum

1930 5630 2160 5682 ‘cclesim
2185 5630 2434 5682 doctrina
2465 5631 2710 5682 annrime
2741 5628 3014 5682 construit.

1930 5630 2160 5701 Ecclesiae
2185 5630 2434 5685 doctrina
2465 5628 2710 5700 apprime
2741 5628 3014 5701 congruit.

1970 5701 2081 5772 (12)
2120 5700 2286 5772 idem,
2319 5701 2418 5755 loc.
2450 5703 2568 5767 cit.,
2598 5717 2750 5772 num.
2786 5702 2841 5756 6.

1971 5771 2289 5849 (_l3)_ldem,
2338 5781 2471 5849 tom.
2521 5771 2540 5825 Ι
2592 5771 2751 5849 Opp,
2811 5786 2936 5849 pag.
3002 5773 3147 5848 282,
3220 5782 3274 5833 et
3338 5774 3482 5849 apud

1900 5840 2171 5910 Galland.,
2207 5852 2341 5900 tom.
2365 5841 2429 5910 ιι,
2464 5858 2587 5914 pag.
2618 5840 2743 5899 £88.
