3986 6358
533 356 635 414 571

1527 353 1616 410 DE
1656 352 1816 410 VlTA
1859 353 1949 408 ET
1992 350 2307 408 SCRIPTIS
2346 352 2403 408 S.
2436 352 2820 410 illPPOLY’l‘I.

3663 358 3756 415 372

530 480 650 554 Ego
688 497 804 537 sum
845 479 999 551 panis
1032 478 1155 532 sine
1202 477 1267 531 “.
1302 475 1506 547 Ecquis
1530 491 1660 534 vero
1687 478 1826 533 alius
1851 477 2002 532 dabit
2029 477 2106 531 ci-
2133 482 2184 539 Α
2212 483 2324 539 tur,
2367 490 2477 530 non
2518 476 2769 543 moritur,
2810 489 2988 545 neque
3024 490 3057 531 a
3096 473 3265 531 clavis
3303 480 3359 529 et
3393 475 3574 532 lancea
3605 480 3757 548 perto-

532 575 662 630 bum
688 573 1044 644 principibus,
1075 586 1238 641 quam
1265 569 1527 625 Dominus
1562 578 1747 625 noster
1768 569 1928 625 .lcsus
1954 568 2114 626 Chri-

534 668 689 723 stus?
717 666 834 721 Non
871 675 1083 720 tantum
1111 664 1178 718 iis
1203 663 1298 733 qui
1341 661 1572 717 credunt
1617 678 1649 717 e
1702 662 1973 733 gentibus,
2019 662 2115 718 sed

532 762 699 816 etiam
726 775 791 815 ex
825 757 1261 823 circumcisione,
1313 756 1407 827 qui
1439 755 1802 826 principatum
1838 762 2022 810 tenent
2058 755 2113 808 in

534 853 662 919 ﬁde,
701 853 804 907 hoc
839 861 925 907 est
959 851 1208 921 patribus
1244 860 1296 902 et
1339 848 1683 918 patriarcliis,
1718 857 1770 902 et
1814 847 2112 917 prophetis,

534 947 902 1015 omnibusque
928 942 1274 1000 credentibus
1314 941 1368 995 in
1404 956 1604 997 nomen
1637 941 1758 1011 ejus
1801 956 1866 996 ac
1902 940 2116 1011 passio-

534 1053 659 1094 nem
693 1038 828 1108 (14).
868 1055 888 1089 ι

606 1130 952 1184 Eucharistia
1001 1143 1189 1198 corpus
1236 1123 1438 1181 Christi
1483 1132 1532 1177 et
1581 1122 1905 1191 sacriﬁcium
1965 1136 2118 1175 mun-

534 1221 662 1275 dum
698 1238 762 1274 ac
792 1220 1147 1273 incruentum.
1179 1245 1249 1256 ——
1282 1215 1398 1270 Hoc
1428 1229 1646 1284 corpus,
1680 1228 1745 1268 ac
1792 1213 2118 1267 venerabilis

533 1313 760 1384 sanguis
783 1310 1023 1381 quotidie
1061 1324 1224 1378 super
1262 1314 1452 1361 nostra
1497 1305 1692 1361 altaria
1727 1305 2029 1360 olIeruntur
2062 1306 2117 1360 in

537 1405 864 1461 memoriam
895 1403 1086 1473 prima:
1118 1415 1291 1457 coena:
1327 1399 1439 1468 (15)
1478 1415 1493 1453 :
1525 1417 1544 1450 ι
1578 1397 1711 1465 Quze
1746 1398 1799 1451 in
1839 1412 2037 1452 arcana
2068 1405 2122 1452 et

534 1498 722 1553 divina
753 1511 965 1560 mensa,
1004 1493 1182 1564 inqu-it
1208 1492 1267 1547 S.
1313 1491 1657 1563 Hippolytus,
1693 1490 1938 1560 quotidie
1960 1489 2122 1560 perli-

535 1592 759 1648 ciuntur
784 1598 839 1644 et
888 1586 1321 1652 sanetiticantur,
1377 1585 1433 1640 in
1473 1583 1795 1640 memoriam
1838 1597 2118 1652 nunquam

536 1698 647 1737 non
680 1678 982 1737 recolendae
1014 1676 1292 1734 memoria:
1316 1677 1505 1748 primae
1536 1676 1685 1732 illius
1713 1674 1914 1730 divinae
1950 1682 2006 1729 et
2034 1689 2123 1729 ar-

537 1790 691 1829 cana:
722 1788 915 1829 coenae.
955 1791 974 1825 ι
1010 1770 1068 1826 1η
1112 1786 1293 1842 opere,
1327 1769 1473 1840 quod
1516 1767 1837 1824 inscribitur
1878 1765 1955 1821 De
1997 1766 2124 1820 cha-

537 1866 846 1920 rismatibus
886 1863 1103 1919 traditio
1146 1861 1461 1932 apostolica,
1507 1859 1910 1915 Eucharistiam
1961 1867 2121 1914 vocat

536 1957 867 2015 sacriﬁcium
904 1956 1168 2011 mundum
1194 1970 1259 2010 ac
1294 1954 1642 2009 incruentum
1678 1952 1747 2015 ah
1769 1950 2043 2022 episcopis
2066 1961 2120 2007 et

534 2048 869 2120 presbyteris
916 2048 1184 2102 duntaxat
1236 2044 1593 2100 offerendum.
1656 2042 1737 2097 En
1800 2043 1945 2097 illius
1999 2058 2121 2096 ver-

535 2143 606 2197 ba
635 2140 785 2211 (16):
822 2159 841 2192 ι
864 2140 1080 2195 Primus
1106 2138 1274 2209 igitur
1303 2145 1501 2192 natura
1526 2134 1780 2191 Pontifex
1807 2134 2121 2205 unigenitus

534 2233 792 2290 Christus
811 2248 919 2288 non
944 2232 1051 2287 sibi
1085 2230 1348 2286 honorem
1384 2228 1586 2299 rapuit,
1620 2227 1712 2283 sed
1739 2244 1770 2282 a
1798 2226 1959 2282 Patre
1992 2242 2123 2282 con-

538 2326 767 2381 stitutus
796 2333 912 2391 est;
963 2324 1059 2395 qui
1097 2322 1274 2379 factus
1314 2327 1480 2377 homo
1523 2328 1743 2391 propter
1781 2335 1905 2384 nos,
1942 2328 1996 2375 et
2017 2320 2123 2390 Spi-

537 2417 738 2474 rituale
778 2416 1111 2473 sacriﬁcium
1158 2413 1392 2469 oﬂ'erens
1423 2413 1527 2484 ipsi
1564 2412 1676 2489 Deo
1708 2427 1772 2467 ac
1812 2410 1959 2465 Patri
1998 2420 2151 2467 ante

537 2509 874 2582 passionem,
928 2508 1081 2562 nobis
1139 2506 1412 2561 constituit
1462 2504 1591 2560 solis
1637 2506 1734 2559 hoc
1767 2505 1961 2574 facere,
1997 2503 2123 2559 licet

541 2601 828 2656 nobiscum
878 2607 1065 2656 essent
1113 2598 1205 2654 alii
1259 2596 1574 2653 consimiles
1623 2610 1864 2667 quoque,
1921 2595 2015 2666 qui
2065 2596 2124 2650 in

540 2709 667 2748 eum
696 2693 1045 2749 crediderunt
1075 2706 1301 2747 :verum
1335 2706 1443 2746 non
1473 2689 1657 2747 statim
1683 2705 1749 2745 ac
1781 2690 1978 2760 aliquis
2004 2704 2124 2745 cre-

540 2788 700 2853 didit,
720 2787 840 2855 jam
868 2797 918 2843 et
955 2788 1203 2843 sacerdos
1232 2788 1550 2842 constitutus
1587 2785 1714 2852 fuit,
1755 2794 1849 2839 aut
1889 2784 2123 2855 dignita-

542 2886 645 2933 tem
691 2880 1051 2950 pontiﬁcalem
1095 2879 1316 2935 obtinet.
1364 2878 1469 2934 Sed
1516 2886 1642 2949 post
1692 2879 2123 2948 assumptionem

539 2972 692 3028 illius
724 2987 826 3029 nos
864 2974 1023 3044 juxta
1062 2973 1306 3043 ejusdem
1352 2973 1798 3029 constitutionem
1848 2972 2123 3042 offerentes

541 3066 868 3135 sacriﬁcium
894 3065 1149 3119 mundum
1189 3082 1251 3118 ac
1281 3066 1612 3120 incruentum
1638 3066 1888 3137 elegimus
1921 3067 2123 3136 episco-

2217 578 2392 633 ratur,
2429 583 2538 622 non
2569 568 2751 633 sudat,
2797 582 2905 621 non
2953 566 3136 622 fundit
3182 568 3520 639 sanguinem.
3567 589 3585 622 ι
3627 569 3757 641 Ejus-

2217 661 2367 715 modi
2404 661 2613 716 naturis
2632 668 2889 715 constant
2938 659 3137 730 angeli,
3187 669 3242 714 et
3277 661 3471 716 anima:
3509 665 3758 732 corporeis

2215 753 2450 809 vinculis
2472 754 2768 820 exsolutis;
2805 752 2978 807 ambae
3009 753 3156 808 enim
3181 753 3299 809 ista:
3332 762 3534 808 naturae
3558 764 3674 810 sunt
3690 757 3759 813 al-

2217 848 2388 902 terius
2415 846 2652 918 generis,
2675 855 2729 900 et
2757 845 2985 901 diversa:
3022 861 3053 899 a
3093 846 3363 901 creaturis
3391 846 3549 915 hujus
3571 849 3755 915 mundi,

2217 955 2341 1010 qua:
2395 940 2499 995 sub
2554 947 2833 1009 aspectum
2886 938 3110 1006 cadunt,
3154 947 3209 993 et
3247 939 3577 1008 corruptioni
3613 942 3760 1013 subji-

2214 1032 2437 1086 ciuntur
2456 1030 2589 1101 (l7).

2289 1123 2369 1178 Ex
2422 1123 2511 1178 bis
2566 1120 2871 1177 clarissime
2926 1120 3162 1187 eruitur,
3209 1119 3397 1175 divum
3448 1118 3756 1193 Ilippolvtum

2220 1216 2508 1288 agnovisse
2530 1214 2770 1269 animam
2814 1222 3010 1268 natura
3058 1229 3158 1268 sua
3199 1213 3758 1281 immortalem;etan-

2220 1310 2369 1382 gelos
2403 1308 2482 1363 uti
2520 1307 2855 1363 substantias
2896 1322 3031 1376 pure
3061 1306 3396 1376 spirituales,
3420 1313 3473 1360 et
3497 1321 3527 1359 a
3562 1309 3759 1365 materia

2220 1405 2447 1460 omnino
2482 1413 2719 1458 secretas
2751 1420 2765 1456 :
2814 1417 2936 1471 quae
2969 1400 3189 1472 quidem
3219 1401 3341 1454 dua:
3367 1401 3664 1457 essentiales
3689 1418 3759 1458 vc-

2220 1497 2410 1551 ritates
2459 1495 2641 1567 aliqua
2682 1494 3034 1549 involvuntur
3064 1492 3397 1548 obscuritate
3443 1494 3494 1547 in
3537 1494 3757 1549 omnibus

2223 1588 2395 1645 ferme
2441 1588 2806 1659 scriptoribus
2847 1586 3040 1652 sacris,
3077 1586 3170 1657 qui
3215 1595 3343 1641 ante
3384 1586 3555 1656 ipsum
3588 1587 3755 1645 ﬂorue-

2223 1692 2373 1738 runt.

2297 1772 2628 1827 Resurrectiu
2669 1774 2949 1844 generalis.
2979 1806 3050 1823 —
3079 1772 3291 1828 Animae
3323 1786 3535 1842 quoque
3563 1771 3755 1828 immor-

2228 1865 2491 1921 talitatem
2525 1866 2727 1921 diserte
2775 1866 2975 1922 astruit
3021 1874 3269 1921 vetustus
3318 1865 3406 1920 hic
3445 1864 3611 1931 Pater,
3648 1866 3756 1919 dum

2226 1959 2680 2015 resurrectionem
2725 1958 3031 2031 generalem
3075 1959 3340 2015 adversus
3365 1957 3624 2013 Platonem
3652 1973 3749 2027 pro-

2224 2052 2318 2107 bat
2360 2052 2436 2106 ita
2484 2050 2761 2108 disserens
2807 2070 2821 2105 :
2861 2070 2880 2103 ‹
2929 2050 2985 2106 In
3016 2066 3126 2121 quo
3168 2051 3518 2107 continentur
3547 2065 3755 2105 omnium

2225 2144 2444 2210 animae,
2483 2158 2659 2214 usque
2695 2144 2763 2197 ad
2818 2152 3032 2213 tempus
3099 2143 3246 2214 quod
3295 2142 3438 2198 Deus
3473 2142 3753 2199 determina-

2226 2238 2321 2303 vit,
2357 2246 2486 2291 tunc
2519 2237 2755 2290 omnium
2780 2236 3209 2290 resurrectionem
3250 2236 3508 2306 facturus,
3538 2251 3632 2290 non
3660 2238 3759 2293 ani-7

2220 2344 2345 2385 mas
2387 2344 2452 2382 ex
2501 2343 2730 2399 corpore
2772 2328 2829 2382 in
2872 2341 3074 2398 corpus
3125 2327 3275 2383 aliud
3308 2328 3643 2393 detrudendo,
3679 2326 3755 2383 sed

2224 2419 2414 2476 eadem
2445 2420 2561 2491 ipsa
2592 2416 2825 2489 corpora
2862 2421 3057 2476 iterum
3094 2420 3407 2476 excitando.
3456 2419 3579 2486 Quae
3606 2420 3753 2475 disso-

2225 2512 2338 2568 luta
2366 2513 2631 2579 videntes,
2679 2514 2724 2570 si
2780 2513 2940 2569 ﬁdem
2982 2514 3284 2584 denegatis,
3313 2530 3347 2569 ο
3380 2512 3563 2580 Graeci,
3597 2513 3755 2569 discite

2226 2620 2335 2660 non
2366 2620 2488 2662 esse
2518 2604 2806 2660 increduli.
2833 2606 3085 2659 Animam
3112 2606 3253 2659 enim
3278 2606 3538 2660 credentes
3569 2611 3751 2675 (actam,

2225 2706 2276 2751 et
2307 2696 2662 2751 immortalem
2695 2713 2728 2750 a
2772 2695 2881 2750 Deo
2919 2696 3195 2752 conditam
3241 2697 3537 2752 secundum
3577 2705 3755 2750 senten-

2226 2789 2357 2845 tiam
2403 2788 2670 2857 Platonis,
2717 2789 2771 2844 in
2829 2797 3109 2859 tempore;
3165 2804 3277 2845 non
3309 2790 3512 2844 debetis
3544 2802 3639 2842 non
3661 2801 3754 2840 cre-

2227 2881 2376 2947 dere,
2412 2882 2559 2952 quod
2588 2881 2733 2937 Deus
2774 2890 2970 2952 potens
3019 2889 3123 2948 est,
3172 2897 3243 2937 ex
3284 2881 3474 2937 iisdem
3520 2876 3755 2935 clementis

2227 2975 2592 3045 compositum
2639 2981 2694 3029 et
2740 2972 2969 3041 factum,
3016 2977 3085 3028 ad
3132 2973 3300 3029 vitam
3352 2973 3480 3028 illud
3515 2984 3754 3035 revocans,

2226 3064 2535 3122 immortale
2562 3067 2828 3123 reddere:
2866 3065 3002 3120 illud
3036 3065 3181 3120 enim
3222 3064 3498 3135 possibile,
3534 3063 3629 3117 hoc
3654 3074 3755 3114 vero

2152 1817 2198 1878 B

539 3173 636 3226 pos
664 3166 712 3211 et
737 3156 1068 3228 presbyteros
1111 3166 1168 3212 et
1207 3158 1472 3213 diaconos
1504 3173 1733 3212 numero
1770 3168 1995 3229 septem.
2037 3158 2123 3214 Ea:
2150 3174 2192 3233 ο
2226 3156 2563 3227 impossibile
2585 3174 2694 3213 non
2724 3159 2933 3215 dicetur
2952 3158 3020 3213 de
3042 3157 3172 3215 Deo.
3207 3156 3322 3214 Nos
3347 3173 3473 3229 ergo
3526 3156 3755 3212 credimus

543 3249 627 3302 lus
657 3248 911 3321 (septem)
948 3264 1091 3304 unus
1122 3257 1240 3304 erat
1270 3248 1602 3320 Stephanus,
1629 3249 1820 3308 beatus
1845 3260 2116 3322 martyr...

539 3339 825 3408 Nusquam
863 3339 1106 3395 cernitur
1139 3339 1207 3395 iis
1258 3355 1391 3394 usus
1427 3355 1548 3395 esse
1582 3338 1964 3410 (Stephanus),
2001 3356 2122 3410 quae

544 3431 726 3486 cilicio
780 3431 998 3488 diaconi
1042 3446 1153 3487 non
1212 3432 1598 3501 convenirent;
1646 3449 1750 3487 non
1802 3434 2123 3502 sacri/icium

543 3522 818 3590 obtulisse,
847 3531 939 3577 aut
962 3539 1149 3576 manus
1174 3523 1406 3592 cuipiam
1428 3523 1758 3592 imposuisse,
1785 3522 1877 3577 sed
1906 3522 2123 3577 diaconi

464 3600 465 3603 η
544 3614 796 3671 ordinem
824 3592 1000 3686 usque
1044 3614 1112 3670 ad
1170 3613 1334 3668 linem
1379 3615 1702 3670 custodisse.
1751 3633 1770 3665 ι
1810 3612 2125 3683 Desumpsi-

544 3722 673 3762 mus
704 3707 822 3763 haec
864 3720 932 3761 ex
970 3704 1301 3777 Διδασκαλίᾳ
1346 3705 1738 3775 apostolorum,
1796 3721 1919 3776 quae
1960 3706 2125 3777 vulgo

547 3796 612 3852 S.
640 3806 830 3853 nostro
864 3795 1155 3869 Hippolyto
1182 3796 1499 3853 ascribitur.

1070 3908 1473 3968 ARTICULUS
1508 3910 1602 3966 IX.

545 4038 616 4079 ΣΕ
652 4041 866 4082 κΑτυκΑ
891 4039 1209 4080 Ακαειοιιωί
1246 4040 1316 4079 ET
1352 4038 1649 4089 ANIIIARUH,
1675 4024 2126 4081 'RESURRECTIONB

620 4112 973 4161 ιυιιτυοιιυυ,
1003 4110 1255 4149 ΕΧΤΒΕΙΟ
1277 4111 1505 4157 JUDICIO,
1532 4111 1744 4149 ΡΒᾹΞΙΙΟ
1766 4110 1829 4167 Δρ
1857 4112 2129 4153 εῠιψωειο

618 4181 898 4222 ΡΒΟΒΟΒΠΙ
931 4181 1000 4219 ΕΤ
1039 4180 1402 4231 IHPROBOBUI,
1437 4181 1705 4229 IUNDIQUE
1746 4182 2022 4221 INTEBITU.

621 4256 1121 4311 Statu‘s'hominum
1166 4266 1283 4327 post
1345 4257 1797 4311 resurrectionem.
1838 4257 2024 4328 Angeli
2078 4271 2128 4316 et

548 4350 744 4405 animae
794 4349 1123 4404 immortales
1173 4366 1237 4403 ac
1284 4347 1736 4418 incorruptibiles.
1776 4379 1846 4389 —
1892 4348 2129 4406 Sanctus

550 4441 875 4514 Hippolytus
923 4448 1124 4496 statum
1182 4440 1464 4495 hominum
1511 4449 1635 4504 post
1673 4442 2128 4497 resurrectionem

549 4536 627 4590 ita
657 4534 902 4606 depingit
944 4551 958 4586 :
1003 4550 1021 4584 ι
1075 4532 1273 4601 Erunt,
1317 4533 1495 4603 inquit
1534 4532 1592 4588 S.
1643 4535 1988 4607 Hippolytus,
2035 4536 2135 4592 ho-

548 4628 735 4683 mines
756 4628 811 4682 in
852 4627 1254 4682 reSurreetione
1293 4627 1436 4683 sicut
1485 4626 1660 4699 angeli
1711 4629 1824 4692 Dei,
1871 4629 2130 4684 nimirum

551 4719 919 4790 corruptionis
935 4727 1202 4790 expertes,
1239 4720 1598 4787 immortales,
1628 4720 1765 4774 nihil
1782 4720 2001 4775 deﬂuxu
2032 4723 2133 4777 ali-

551 4826 666 4883 quo
698 4812 994 4876 deperdere
1028 4812 1208 4882 soliti;
1253 4827 1381 4873 nam
1420 4811 1745 4867 immortalis
1782 4820 1974 4867 natura
2023 4828 2133 4867 non

552 4912 846 4976 generat”
879 4917 991 4959 non
1040 4912 1353 4975 generatur,
1412 4918 1522 4958 non
1573 4911 1823 4973 augetur,
1855 4917 1964 4958 non
2002 4904 2132 4959 dor—

555 4998 676 5066 mit,
709 5011 821 5052 non
851 4996 1046 5064 esurit,
1074 5011 1186 5051 non
1225 4996 1362 5063 sitit,
1397 5010 1507 5051 non
1538 4993 1816 5067 fatigatur,
1845 5010 1954 5051 non
1997 4996 2136 5066 pati-

651 5127 869 5190 “Joan.
901 5149 979 5199 vr,
1009 5133 1101 5198 '55,
1149 5131 1242 5187 48.

628 5249 742 5373 Σέἔ)
778 5248 1078 5373 ξὲιιῖινωῖΓ

560 5318 734 5384 nesin,
781 5318 917 5376 tom.
981 5318 1052 5388 ll,

557 5391 669 5449 col.
698 5389 823 5447 481.

633 5463 857 5534 (ΙξμΕι
886 5460 1099 5534 paravit
1124 5475 1357 5534 mensam
1400 5475 1591 5523 suam,
1632 5457 1960 5530 promBsam
2001 5472 2134 5534 san-

559 5529 662 5588 etae
691 5529 974 5589 Trinitatis
1019 5532 1410 5599 cognitionem,
1467 5544 1569 5583 nec
1612 5529 1718 5584 non
1764 5529 2132 5585 venerandum

562 5611 921 5674 sanctumque
952 5603 1074 5674 ejus
1103 5616 1325 5673 corpus,
1360 5616 1424 5674 ac
1446 5601 1790 5674 sanguinem,
1816 5615 1938 5668 quae
1974 5599 2028 5652 in
2057 5613 2140 5652 ar-

563 5688 724 5739 cana,
753 5684 806 5727 et
833 5671 1018 5729 divina
1053 5671 1242 5728 mensa
1275 5671 1517 5742 quotidie
1549 5671 1927 5740 perﬁciuntur,
1962 5678 2015 5742 et
2049 5684 2139 5742 sa-

564 5738 884 5800 critiCantur
908 5745 963 5799 in
996 5738 1318 5799 memoriam
1357 5738 1637 5810 nunquam
1685 5756 1793 5794 non
1837 5738 2137 5794 recolendzn

565 5815 843 5871 memoriae
864 5818 1059 5888 prima:
1083 5813 1247 5885 illius,
1266 5822 1332 5887 pet
1355 5812 1552 5869 divinae
1576 5821 1629 5867 et
1656 5826 1868 5867 arcana:
1890 5825 2077 5867 coenae.
2110 5827 2129 5863 ι

1109 5246 1521 5320 Fragment..ex
1553 5246 1907 5320 Commentar.
1937 5245 2001 5320 in
2036 5244 2136 5300 Ge-

1098 5315 1239 5390 pagI
1278 5318 1369 5383 28,
1408 5326 1462 5373 et
1499 5318 1644 5388 apud
1676 5315 1950 5383 Galland.,
1981 5315 2019 5370 ι.
2050 5332 2132 5388 _c.,

2227 3264 2430 3319 corpus
2483 3260 2943 3306 resurrecturum.
2982 3248 3043 3304 Si
3091 3249 3241 3305 enim
3272 3249 3641 3319 corrumpitur,
3670 3260 3755 3300 nou

2227 3342 2455 3397 omnino
2495 3342 2777 3412 perditur;
2814 3351 2962 3396 terra
3001 3341 3144 3397 enim
3193 3340 3462 3411 recipiens
3494 3339 3628 3394 illius
3658 3336 3758 3392 reli-

2228 3435 2408 3506 quias,
2463 3435 2586 3490 illas
2617 3442 2819 3499 servat,
2847 3444 2902 3488 et
2926 3434 3278 3489 eﬂlorescunt
3320 3433 3473 3489 factae
3509 3432 3663 3487 instar
3691 3443 3759 3483 εει

2230 3526 2416 3592 minis,
2446 3537 2501 3581 et
2531 3534 2688 3581 terra:
2708 3524 3023 3595 pinguedini
3051 3525 3362 3595 implicatae,
3411 3533 3465 3580 ct
3500 3522 3749 3587 immersae;

2230 3627 2286 3673 et
2329 3619 2656 3674 seminatum
2682 3618 2902 3689 quidem
2934 3633 3188 3689 granum,
3244 3618 3448 3673 nudum
3481 3614 3757 3674 seminatur,

2233 3711 2302 3768 ad
2337 3710 2625 3781 imperium
2655 3725 2786 3765 vero
2825 3709 2920 3766 Dei
2953 3708 3230 3766 Creatoris
3281 3711 3499 3776 ﬂorens,
3547 3707 3758 3763 indutum

2231 3812 2286 3860 et
2304 3803 2600 3875 gloriosum
2637 3801 2900 3873 exsurgit,
2940 3817 3050 3856 non
3084 3811 3210 3856 ante
3239 3817 3404 3873 quam
3435 3801 3652 3856 moriens
3677 3794 3759 3850 dis-

2234 3896 2497 3963 solvatur,
2528 3904 2583 3949 et
2605 3903 2761 3949 terra:
2782 3893 3225 3948 commisccatur.
3257 3894 3406 3948 Adeo
3444 3900 3500 3947 ut
3529 3904 3626 3943 non
3650 3897 3759 3938 vane

2233 3987 2522 4043 credamus
2564 3986 3021 4041 resurrectionem
3069 3999 3386 4056 corporum.
3423 3981 3552 4037 Nam
3583 3972 3757 4033 etiamsi

2235 4080 2303 4136 ad
2360 4089 2575 4150 tempus
2629 4079 2872 4134 solvatur
2911 4094 3131 4149 corpus,
3182 4088 3404 4150 propter
3457 4074 3664 4145 primam
3702 4066 3755 4121 ab

2235 4173 2391 4229 initio
2429 4171 2915 4242 transgressionem
2968 4180 3331 4241 perpetratam
3364 4190 3378 4236 ;
3434 4178 3669 4236 tanquam
3709 4159 3752 4211 in

2233 4262 2558 4320 conﬂatorio
2588 4272 2744 4317 terra:
2782 4259 3093 4325 mandatur,
3129 4277 3346 4316 rursum
3384 4254 3654 4329 aliquando
3687 4263 3754 4303 re

2238 4357 2586 4417 formandum
2625 4374 2638 4410 ε
2675 4371 2781 4410 non
2812 4354 2937 4421 tale,
2967 4354 3129 4424 quale
3154 4369 3319 4419 nunc,
3349 4338 3753 4406 resurrecturum.

2237 4453 2331 4509 sed
2364 4465 2586 4522 purum,
2623 4457 2677 4505 et
2717 4462 2825 4503 non
2862 4448 3096 4516 amplius
3121 4444 3452 4516 corruptioni
3486 4435 3754 4495 obnoxium.

2164 4537 2210 4593 D
2240 4545 2305 4600 Et
2343 4544 2567 4600 cuilibet
2588 4541 2806 4611 corpori
2838 4556 2935 4595 sua
2962 4540 3181 4610 propria
3213 4543 3393 4594 anima
3438 4534 3690 4591 reddetur;
3714 4534 3757 4575 cl

2237 4638 2330 4694 illo
2376 4637 2586 4700 induta,
2640 4650 2749 4690 non
2785 4646 3021 4688 maerore
3068 4640 3386 4695 marcescct,
3418 4627 3507 4683 sed
3535 4636 3643 4679 cum
3682 4615 3756 4669 illo

2235 4728 2512 4802 gandebil.
2561 4742 2700 4798 pura
2747 4741 2945 4796 purum
2998 4725 3329 4779 inhabitans.
3387 4720 3482 4776 Cui
3527 4726 3656 4802 nunc
3710 4705 3754 4758 iu

2235 4801 2440 4876 mundo
2462 4820 2608 4889 juste
2638 4834 2822 4874 comes
2855 4817 3018 4882 facta,
3055 4827 3111 4872 et
3144 4831 3251 4871 non
3294 4812 3494 4869 habens
3518 4808 3564 4861 in
3592 4801 3683 4857 ulla
3709 4808 3755 4848 re

2236 4914 2390 4968 illum
2447 4911 2856 4977 insidiatorem,
2910 4910 3186 4980 rapietur,
3222 4919 3276 4963 et
3320 4902 3597 4974 accipietur
3650 4900 3751 4945 cum

2237 5007 2387 5062 omni
2420 5006 2642 5078 gaudio.
2678 5003 2870 5075 lnjusti
2902 5018 3032 5058 vero
3072 5018 3179 5058 non
3210 5001 3484 5056 immutata
3515 4982 3752 5044 assument

2239 5237 2298 5327 ξ·
2322 5234 2614 5327 “item
2638 5232 2851 5327 ίηξιιυιι
2874 5227 3238 5327 reverti-:5,
3262 5197 3751 5327 3.231232%:

2236 5277 2690 5434 factrum:
2711 5277 2851 5358 ίόιῖτῖ
2874 5277 2897 5354 Ῑ
2919 5277 3238 5371 ὄρῥῖξρεἱξῖ
3262 5277 3388 5358 ἑεξ,
3426 5277 3476 5343 éi
3496 5277 3623 5353 apud
3649 5277 3714 5327 ω

2259 5381 2412 5434 and..
2438 5387 2573 5430 tom.
2602 5373 2664 5434 ll.
2689 5374 2794 5429 col.
2826 5373 2952 5428 488.
3117 5428 3120 5432 Α
3384 5429 3451 5434 ΑΔ
3487 5427 3499 5434 _
3550 5421 3562 5433 ,
3649 5424 3714 5434 η,

2259 5381 2422 5475 ³¹ἷξ¹ξεκ
2438 5373 2665 5475 ﬂii":
2689 5374 2808 5475 591:.
2826 5373 3195 5475 ‘Es‘n:.mi..
3263 5431 3397 5475 ma
3414 5421 3630 5475 Fabric"
3649 5420 3747 5475 pag-

2237 5426 2423 5576 --ξω
2443 5426 2668 5501 rem
2695 5426 2919 5515 oms;
2952 5426 3630 5513 ni,,,,,.,.,apudFmv
3649 5426 3752 5526 pagi

2236 5523 2307 5578 25
2371 5528 2426 5575 et
2446 5517 2574 5585 2539,
2608 5525 2662 5571 ct
2694 5515 2835 5586 apud
2867 5514 3140 5578 Galland.,
3191 5520 3319 5565 tom.
3353 5503 3414 5571 ll,
3461 5495 3559 5553 col.
3592 5482 3680 5541 M2
3708 5494 3731 5529 υ

2238 5593 2420 5683 5ιῨί--η
2494 5657 2526 5683 a
2620 5656 2863 5683 ιιι-...λικε
2977 5662 3170 5683 ...ΑΛ-1η.
3270 5649 3336 5683 no
3388 5624 3745 5683 τριηννσειὶοηεο

2311 5662 2425 5755 97>.
2459 5657 2573 5755 ,E;
2620 5656 2922 5755 “ierat;
2977 5662 3215 5755 93935;.
3251 5647 3746 5755 .25.:.f.if‘_"f3:;‘i’ii:

2241 5710 2936 5859 torlii.;{I’5.()pp.,pzig.ﬂéﬂ,
2973 5736 3044 5806 _et
3077 5710 3218 5795 apud
3251 5710 3506 5776 Galland-.,
3554 5710 3667 5755 tom.

2240 5820 2305 5860 co
2332 5844 2343 5857 .
2482 5843 2493 5857 .
