  <div class='ocr_page' id='page_1' title='image "/cluster/home/n/w/nwhite01/storage/ocr_20150623/10/hvd.32044073501348/192.png"; bbox 0 0 3986 6358; ppageno 0'>
   <div class='ocr_carea' id='block_1_1' title="bbox 339 397 454 455">
    <p class='ocr_par' dir='ltr' id='par_1_1' title="bbox 339 397 454 455">
     <span class='ocr_line' id='line_1_1' title="bbox 339 397 454 455; baseline 0.017 -2"><span class='ocrx_word' id='word_1_1' title='bbox 339 397 454 455; x_wconf 78' lang='lat'><strong>373</strong></span> 
     </span>
    </p>
   </div>
   <div class='ocr_carea' id='block_1_2' title="bbox 1345 391 2650 454">
    <p class='ocr_par' dir='ltr' id='par_1_2' title="bbox 1345 391 2650 454">
     <span class='ocr_line' id='line_1_2' title="bbox 1345 391 2650 454; baseline -0.004 -2"><span class='ocrx_word' id='word_1_2' title='bbox 1345 396 1434 452; x_wconf 85' lang='lat' dir='ltr'><strong>DE</strong></span> <span class='ocrx_word' id='word_1_3' title='bbox 1472 397 1640 454; x_wconf 81' lang='lat' dir='ltr'><strong>VITA</strong></span> <span class='ocrx_word' id='word_1_4' title='bbox 1677 395 1767 451; x_wconf 79' lang='lat' dir='ltr'><strong>ET</strong></span> <span class='ocrx_word' id='word_1_5' title='bbox 1805 393 2116 452; x_wconf 75' lang='lat' dir='ltr'><strong>SCRIPTIS</strong></span> <span class='ocrx_word' id='word_1_6' title='bbox 2156 393 2213 450; x_wconf 94' lang='grc'>8.</span> <span class='ocrx_word' id='word_1_7' title='bbox 2247 391 2650 448; x_wconf 78' lang='lat' dir='ltr'><strong>HIPPOLYTI.‘</strong></span> 
     </span>
    </p>
   </div>
   <div class='ocr_carea' id='block_1_3' title="bbox 3495 398 3601 454">
    <p class='ocr_par' dir='ltr' id='par_1_3' title="bbox 3495 398 3601 454">
     <span class='ocr_line' id='line_1_3' title="bbox 3495 398 3601 454; baseline 0 0"><span class='ocrx_word' id='word_1_8' title='bbox 3495 398 3601 454; x_wconf 67' lang='grc' dir='ltr'><strong>δτι</strong></span> 
     </span>
    </p>
   </div>
   <div class='ocr_carea' id='block_1_4' title="bbox 334 514 3602 591">
    <p class='ocr_par' dir='ltr' id='par_1_4' title="bbox 334 514 3602 591">
     <span class='ocr_line' id='line_1_4' title="bbox 334 514 3602 591; baseline 0.002 -18"><span class='ocrx_word' id='word_1_9' title='bbox 334 534 596 591; x_wconf 75' lang='lat' dir='ltr'><strong>corpora,</strong></span> <span class='ocrx_word' id='word_1_10' title='bbox 622 534 727 578; x_wconf 87' lang='lat' dir='ltr'><strong>nec</strong></span> <span class='ocrx_word' id='word_1_11' title='bbox 767 520 1017 577; x_wconf 80' lang='lat' dir='ltr'><strong>liberata</strong></span> <span class='ocrx_word' id='word_1_12' title='bbox 1046 519 1328 577; x_wconf 63' lang='lat' dir='ltr'><strong>aﬂectibus</strong></span> <span class='ocrx_word' id='word_1_13' title='bbox 1364 529 1419 577; x_wconf 89' lang='lat' dir='ltr'><strong>et</strong></span> <span class='ocrx_word' id='word_1_14' title='bbox 1460 521 1688 588; x_wconf 85' lang='lat' dir='ltr'><strong>morbis,</strong></span> <span class='ocrx_word' id='word_1_15' title='bbox 1745 533 1921 590; x_wconf 86' lang='lat' dir='ltr'><strong>neque</strong></span> <span class='ocrx_word' id='word_1_16' title='bbox 1950 525 1994 580; x_wconf 78' lang='grc' dir='ltr'><strong>Α</strong></span> <span class='ocrx_word' id='word_1_17' title='bbox 2024 532 2129 587; x_wconf 86' lang='lat' dir='ltr'><strong>pus</strong></span> <span class='ocrx_word' id='word_1_18' title='bbox 2149 529 2528 589; x_wconf 79' lang='lat' dir='ltr'><strong>corrumpens,</strong></span> <span class='ocrx_word' id='word_1_19' title='bbox 2558 514 2652 571; x_wconf 90' lang='lat' dir='ltr'><strong>sed</strong></span> <span class='ocrx_word' id='word_1_20' title='bbox 2689 514 2985 587; x_wconf 82' lang='lat' dir='ltr'><strong>irrequieta</strong></span> <span class='ocrx_word' id='word_1_21' title='bbox 3026 517 3215 573; x_wconf 88' lang='lat' dir='ltr'><strong>dolore</strong></span> <span class='ocrx_word' id='word_1_22' title='bbox 3257 533 3324 575; x_wconf 84' lang='lat' dir='ltr'><strong>ex</strong></span> <span class='ocrx_word' id='word_1_23' title='bbox 3373 524 3602 581; x_wconf 71' lang='lat' dir='ltr'><strong>corpore</strong></span> 
     </span>
    </p>
   </div>
   <div class='ocr_carea' id='block_1_5' title="bbox 330 610 1925 685">
    <p class='ocr_par' dir='ltr' id='par_1_5' title="bbox 330 610 1925 685">
     <span class='ocr_line' id='line_1_5' title="bbox 330 610 1925 685; baseline -0.001 -18"><span class='ocrx_word' id='word_1_24' title='bbox 330 610 429 667; x_wconf 73' lang='lat' dir='ltr'><strong>illa</strong></span> <span class='ocrx_word' id='word_1_25' title='bbox 460 612 764 683; x_wconf 81' lang='lat' dir='ltr'><strong>gloriﬁcata</strong></span> <span class='ocrx_word' id='word_1_26' title='bbox 788 616 1076 685; x_wconf 92' lang='lat' dir='ltr'><strong>accipient,</strong></span> <span class='ocrx_word' id='word_1_27' title='bbox 1104 614 1198 670; x_wconf 90' lang='lat' dir='ltr'><strong>sed</strong></span> <span class='ocrx_word' id='word_1_28' title='bbox 1231 614 1287 669; x_wconf 90' lang='lat' dir='ltr'><strong>in</strong></span> <span class='ocrx_word' id='word_1_29' title='bbox 1317 614 1405 679; x_wconf 92' lang='lat' dir='ltr'><strong>iis,</strong></span> <span class='ocrx_word' id='word_1_30' title='bbox 1431 614 1633 684; x_wconf 79' lang='lat' dir='ltr'><strong>quibus</strong></span> <span class='ocrx_word' id='word_1_31' title='bbox 1664 613 1925 669; x_wconf 85' lang='lat' dir='ltr'><strong>ﬁnierunt</strong></span> 
     </span>
    </p>
   </div>
   <div class='ocr_carea' id='block_1_6' title="bbox 325 703 1921 777">
    <p class='ocr_par' dir='ltr' id='par_1_6' title="bbox 325 703 1921 777">
     <span class='ocr_line' id='line_1_6' title="bbox 325 703 1921 777; baseline 0.003 -20"><span class='ocrx_word' id='word_1_32' title='bbox 325 703 533 769; x_wconf 80' lang='lat' dir='ltr'><strong>vitam,</strong></span> <span class='ocrx_word' id='word_1_33' title='bbox 570 706 798 771; x_wconf 84' lang='lat' dir='ltr'><strong>morbis,</strong></span> <span class='ocrx_word' id='word_1_34' title='bbox 849 716 905 762; x_wconf 88' lang='lat' dir='ltr'><strong>et</strong></span> <span class='ocrx_word' id='word_1_35' title='bbox 933 707 1125 777; x_wconf 80' lang='lat' dir='ltr'><strong>quales</strong></span> <span class='ocrx_word' id='word_1_36' title='bbox 1150 707 1205 760; x_wconf 92' lang='lat' dir='ltr'><strong>in</strong></span> <span class='ocrx_word' id='word_1_37' title='bbox 1247 707 1627 764; x_wconf 76' lang='lat' dir='ltr'><strong>incredulitate</strong></span> <span class='ocrx_word' id='word_1_38' title='bbox 1648 707 1921 771; x_wconf 84' lang='lat' dir='ltr'><strong>vixerunt,</strong></span> 
     </span>
    </p>
   </div>
   <div class='ocr_carea' id='block_1_7' title="bbox 326 796 1923 871">
    <p class='ocr_par' dir='ltr' id='par_1_7' title="bbox 326 796 1923 871">
     <span class='ocr_line' id='line_1_7' title="bbox 326 796 1923 871; baseline 0.003 -20"><span class='ocrx_word' id='word_1_39' title='bbox 326 796 474 851; x_wconf 84' lang='lat' dir='ltr'><strong>tales</strong></span> <span class='ocrx_word' id='word_1_40' title='bbox 524 810 675 853; x_wconf 90' lang='lat' dir='ltr'><strong>certe</strong></span> <span class='ocrx_word' id='word_1_41' title='bbox 712 798 1109 869; x_wconf 84' lang='lat' dir='ltr'><strong>judicabantur</strong></span> <span class='ocrx_word' id='word_1_42' title='bbox 1136 798 1270 871; x_wconf 73' lang='lat'><strong>(18).</strong></span> <span class='ocrx_word' id='word_1_43' title='bbox 1331 819 1350 852; x_wconf 75' lang='grc' dir='ltr'><strong><em>ι</em></strong></span> <span class='ocrx_word' id='word_1_44' title='bbox 1394 798 1474 854; x_wconf 83' lang='lat' dir='ltr'><strong>Ex</strong></span> <span class='ocrx_word' id='word_1_45' title='bbox 1520 800 1609 855; x_wconf 87' lang='lat' dir='ltr'><strong>his</strong></span> <span class='ocrx_word' id='word_1_46' title='bbox 1653 800 1923 871; x_wconf 77' lang='lat' dir='ltr'><strong>colligitur</strong></span> 
     </span>
    </p>
   </div>
   <div class='ocr_carea' id='block_1_8' title="bbox 324 890 1921 961">
    <p class='ocr_par' dir='ltr' id='par_1_8' title="bbox 324 890 1921 961">
     <span class='ocr_line' id='line_1_8' title="bbox 324 890 1921 961; baseline 0.003 -19"><span class='ocrx_word' id='word_1_47' title='bbox 324 898 590 943; x_wconf 88' lang='lat' dir='ltr'><strong>sanctum</strong></span> <span class='ocrx_word' id='word_1_48' title='bbox 655 898 909 945; x_wconf 89' lang='lat' dir='ltr'><strong>nostrum</strong></span> <span class='ocrx_word' id='word_1_49' title='bbox 964 892 1281 961; x_wconf 82' lang='lat' dir='ltr'><strong>episcopum</strong></span> <span class='ocrx_word' id='word_1_50' title='bbox 1338 890 1693 947; x_wconf 79' lang='lat' dir='ltr'><strong>conformiter</strong></span> <span class='ocrx_word' id='word_1_51' title='bbox 1750 907 1921 947; x_wconf 68' lang='lat' dir='ltr'><strong>sacrae</strong></span> 
     </span>
    </p>
   </div>
   <div class='ocr_carea' id='block_1_9' title="bbox 325 978 1919 1055">
    <p class='ocr_par' dir='ltr' id='par_1_9' title="bbox 325 978 1919 1055">
     <span class='ocr_line' id='line_1_9' title="bbox 325 978 1919 1055; baseline 0.005 -23"><span class='ocrx_word' id='word_1_52' title='bbox 325 978 639 1048; x_wconf 61' lang='lat' dir='ltr'><strong>Scriptura</strong></span> <span class='ocrx_word' id='word_1_53' title='bbox 691 982 949 1037; x_wconf 89' lang='lat' dir='ltr'><strong>docuisse</strong></span> <span class='ocrx_word' id='word_1_54' title='bbox 1027 997 1473 1053; x_wconf 87' lang='lat' dir='ltr'><strong>unumquemque</strong></span> <span class='ocrx_word' id='word_1_55' title='bbox 1529 999 1652 1038; x_wconf 92' lang='lat' dir='ltr'><strong>cum</strong></span> <span class='ocrx_word' id='word_1_56' title='bbox 1700 985 1919 1055; x_wconf 89' lang='lat' dir='ltr'><strong>proprio</strong></span> 
     </span>
    </p>
   </div>
   <div class='ocr_carea' id='block_1_10' title="bbox 318 1075 1919 1147">
    <p class='ocr_par' dir='ltr' id='par_1_10' title="bbox 318 1075 1919 1147">
     <span class='ocr_line' id='line_1_10' title="bbox 318 1075 1919 1147; baseline 0.004 -24"><span class='ocrx_word' id='word_1_57' title='bbox 318 1085 566 1141; x_wconf 87' lang='lat' dir='ltr'><strong>corpore</strong></span> <span class='ocrx_word' id='word_1_58' title='bbox 593 1088 719 1128; x_wconf 88' lang='lat' dir='ltr'><strong>esse</strong></span> <span class='ocrx_word' id='word_1_59' title='bbox 746 1082 1208 1141; x_wconf 72' lang='lat' dir='ltr'><strong>resurrecturum;</strong></span> <span class='ocrx_word' id='word_1_60' title='bbox 1234 1089 1464 1146; x_wconf 86' lang='lat' dir='ltr'><strong>corpora</strong></span> <span class='ocrx_word' id='word_1_61' title='bbox 1498 1075 1771 1145; x_wconf 89' lang='lat' dir='ltr'><strong>justorum</strong></span> <span class='ocrx_word' id='word_1_62' title='bbox 1804 1076 1919 1147; x_wconf 82' lang='lat' dir='ltr'><strong>glo-</strong></span> 
     </span>
    </p>
   </div>
   <div class='ocr_carea' id='block_1_11' title="bbox 317 1164 1917 1238">
    <p class='ocr_par' dir='ltr' id='par_1_11' title="bbox 317 1164 1917 1238">
     <span class='ocr_line' id='line_1_11' title="bbox 317 1164 1917 1238; baseline 0.005 -21"><span class='ocrx_word' id='word_1_63' title='bbox 317 1164 499 1228; x_wconf 83' lang='lat' dir='ltr'><strong>riosa,</strong></span> <span class='ocrx_word' id='word_1_64' title='bbox 538 1165 925 1236; x_wconf 86' lang='lat' dir='ltr'><strong>impassibilia,</strong></span> <span class='ocrx_word' id='word_1_65' title='bbox 971 1167 1341 1236; x_wconf 81' lang='lat' dir='ltr'><strong>corruptiunis</strong></span> <span class='ocrx_word' id='word_1_66' title='bbox 1392 1168 1632 1238; x_wconf 84' lang='lat' dir='ltr'><strong>expertia</strong></span> <span class='ocrx_word' id='word_1_67' title='bbox 1680 1169 1819 1236; x_wconf 82' lang='lat' dir='ltr'><strong>fore,</strong></span> <span class='ocrx_word' id='word_1_68' title='bbox 1863 1178 1917 1225; x_wconf 88' lang='lat' dir='ltr'><strong>et</strong></span> 
     </span>
    </p>
   </div>
   <div class='ocr_carea' id='block_1_12' title="bbox 317 1258 1911 1331">
    <p class='ocr_par' dir='ltr' id='par_1_12' title="bbox 317 1258 1911 1331">
     <span class='ocr_line' id='line_1_12' title="bbox 317 1258 1911 1331; baseline 0.006 -22"><span class='ocrx_word' id='word_1_69' title='bbox 317 1272 431 1311; x_wconf 89' lang='lat' dir='ltr'><strong>una</strong></span> <span class='ocrx_word' id='word_1_70' title='bbox 490 1273 620 1313; x_wconf 91' lang='lat' dir='ltr'><strong>cum</strong></span> <span class='ocrx_word' id='word_1_71' title='bbox 670 1258 852 1314; x_wconf 87' lang='lat' dir='ltr'><strong>anima</strong></span> <span class='ocrx_word' id='word_1_72' title='bbox 899 1259 1056 1315; x_wconf 88' lang='lat' dir='ltr'><strong>beata</strong></span> <span class='ocrx_word' id='word_1_73' title='bbox 1118 1262 1419 1316; x_wconf 77' lang='lat' dir='ltr'><strong>teternitate</strong></span> <span class='ocrx_word' id='word_1_74' title='bbox 1462 1262 1691 1317; x_wconf 83' lang='lat' dir='ltr'><strong>fruitura</strong></span> <span class='ocrx_word' id='word_1_75' title='bbox 1757 1279 1911 1331; x_wconf 89' lang='lat' dir='ltr'><strong>esse;</strong></span> 
     </span>
    </p>
   </div>
   <div class='ocr_carea' id='block_1_13' title="bbox 313 1354 1911 1424">
    <p class='ocr_par' dir='ltr' id='par_1_13' title="bbox 313 1354 1911 1424">
     <span class='ocr_line' id='line_1_13' title="bbox 313 1354 1911 1424; baseline 0.006 -21"><span class='ocrx_word' id='word_1_76' title='bbox 313 1360 554 1404; x_wconf 85' lang='lat' dir='ltr'><strong>econtra</strong></span> <span class='ocrx_word' id='word_1_77' title='bbox 588 1361 771 1405; x_wconf 83' lang='lat' dir='ltr'><strong>autem</strong></span> <span class='ocrx_word' id='word_1_78' title='bbox 808 1368 1035 1422; x_wconf 90' lang='lat' dir='ltr'><strong>corpora</strong></span> <span class='ocrx_word' id='word_1_79' title='bbox 1072 1354 1361 1424; x_wconf 88' lang='lat' dir='ltr'><strong>impiorum</strong></span> <span class='ocrx_word' id='word_1_80' title='bbox 1413 1372 1521 1410; x_wconf 90' lang='lat' dir='ltr'><strong>non</strong></span> <span class='ocrx_word' id='word_1_81' title='bbox 1566 1357 1911 1412; x_wconf 91' lang='lat' dir='ltr'><strong>immutatum</strong></span> 
     </span>
    </p>
   </div>
   <div class='ocr_carea' id='block_1_14' title="bbox 311 1438 1909 1511">
    <p class='ocr_par' dir='ltr' id='par_1_14' title="bbox 311 1438 1909 1511">
     <span class='ocr_line' id='line_1_14' title="bbox 311 1438 1909 1511; baseline 0.007 -19"><span class='ocrx_word' id='word_1_82' title='bbox 311 1438 418 1505; x_wconf 90' lang='lat' dir='ltr'><strong>iri,</strong></span> <span class='ocrx_word' id='word_1_83' title='bbox 493 1440 803 1511; x_wconf 80' lang='lat' dir='ltr'><strong>ﬁsdemque</strong></span> <span class='ocrx_word' id='word_1_84' title='bbox 842 1444 1048 1499; x_wconf 84' lang='lat' dir='ltr'><strong>morbis</strong></span> <span class='ocrx_word' id='word_1_85' title='bbox 1102 1460 1166 1499; x_wconf 92' lang='lat' dir='ltr'><strong>ac</strong></span> <span class='ocrx_word' id='word_1_86' title='bbox 1211 1446 1618 1501; x_wconf 80' lang='lat' dir='ltr'><strong>inﬁrmitatibus</strong></span> <span class='ocrx_word' id='word_1_87' title='bbox 1676 1447 1909 1503; x_wconf 88' lang='lat' dir='ltr'><strong>obnoxia</strong></span> 
     </span>
    </p>
   </div>
   <div class='ocr_carea' id='block_1_15' title="bbox 306 1527 1622 1601">
    <p class='ocr_par' dir='ltr' id='par_1_15' title="bbox 306 1527 1622 1601">
     <span class='ocr_line' id='line_1_15' title="bbox 306 1527 1622 1601; baseline 0.008 -19"><span class='ocrx_word' id='word_1_88' title='bbox 306 1527 454 1593; x_wconf 75' lang='lat' dir='ltr'><strong>fore,</strong></span> <span class='ocrx_word' id='word_1_89' title='bbox 494 1534 701 1601; x_wconf 89' lang='lat' dir='ltr'><strong>quibus</strong></span> <span class='ocrx_word' id='word_1_90' title='bbox 735 1532 789 1586; x_wconf 93' lang='lat' dir='ltr'><strong>in</strong></span> <span class='ocrx_word' id='word_1_91' title='bbox 819 1535 923 1589; x_wconf 91' lang='lat' dir='ltr'><strong>hoc</strong></span> <span class='ocrx_word' id='word_1_92' title='bbox 952 1536 1155 1590; x_wconf 70' lang='lat' dir='ltr'><strong>saeculo</strong></span> <span class='ocrx_word' id='word_1_93' title='bbox 1189 1535 1342 1591; x_wconf 85' lang='lat' dir='ltr'><strong>fuere</strong></span> <span class='ocrx_word' id='word_1_94' title='bbox 1365 1537 1622 1593; x_wconf 76' lang='lat' dir='ltr'><strong>obnoxia.</strong></span> 
     </span>
    </p>
   </div>
   <div class='ocr_carea' id='block_1_16' title="bbox 378 1622 1908 1699">
    <p class='ocr_par' dir='ltr' id='par_1_16' title="bbox 378 1622 1908 1699">
     <span class='ocr_line' id='line_1_16' title="bbox 378 1622 1908 1699; baseline 0.007 -23"><span class='ocrx_word' id='word_1_95' title='bbox 378 1622 544 1676; x_wconf 81' lang='lat' dir='ltr'><strong>Idem</strong></span> <span class='ocrx_word' id='word_1_96' title='bbox 584 1641 774 1695; x_wconf 87' lang='lat' dir='ltr'><strong>corpus</strong></span> <span class='ocrx_word' id='word_1_97' title='bbox 809 1637 1061 1696; x_wconf 77' lang='lat' dir='ltr'><strong>resurget.</strong></span> <span class='ocrx_word' id='word_1_98' title='bbox 1092 1657 1165 1668; x_wconf 94' lang='lat'><strong>—</strong></span> <span class='ocrx_word' id='word_1_99' title='bbox 1207 1628 1263 1683; x_wconf 88' lang='lat' dir='ltr'><strong>In</strong></span> <span class='ocrx_word' id='word_1_100' title='bbox 1300 1628 1539 1699; x_wconf 86' lang='lat' dir='ltr'><strong>Epistola</strong></span> <span class='ocrx_word' id='word_1_101' title='bbox 1581 1630 1648 1685; x_wconf 88' lang='lat' dir='ltr'><strong>ad</strong></span> <span class='ocrx_word' id='word_1_102' title='bbox 1694 1629 1908 1686; x_wconf 86' lang='lat' dir='ltr'><strong>Severi-</strong></span> 
     </span>
    </p>
   </div>
   <div class='ocr_carea' id='block_1_17' title="bbox 304 1717 1901 1789">
    <p class='ocr_par' dir='ltr' id='par_1_17' title="bbox 304 1717 1901 1789">
     <span class='ocr_line' id='line_1_17' title="bbox 304 1717 1901 1789; baseline 0.004 -19"><span class='ocrx_word' id='word_1_103' title='bbox 304 1731 435 1770; x_wconf 88' lang='lat' dir='ltr'><strong>nam</strong></span> <span class='ocrx_word' id='word_1_104' title='bbox 476 1717 649 1771; x_wconf 86' lang='lat' dir='ltr'><strong>tradit</strong></span> <span class='ocrx_word' id='word_1_105' title='bbox 678 1718 766 1773; x_wconf 82' lang='lat' dir='ltr'><strong>hic</strong></span> <span class='ocrx_word' id='word_1_106' title='bbox 799 1717 855 1772; x_wconf 90' lang='grc'>8.</span> <span class='ocrx_word' id='word_1_107' title='bbox 884 1717 1061 1784; x_wconf 90' lang='lat' dir='ltr'><strong>Pater,</strong></span> <span class='ocrx_word' id='word_1_108' title='bbox 1091 1720 1254 1775; x_wconf 90' lang='lat' dir='ltr'><strong>nixus</strong></span> <span class='ocrx_word' id='word_1_109' title='bbox 1281 1726 1609 1777; x_wconf 84' lang='lat' dir='ltr'><strong>auctoritate</strong></span> <span class='ocrx_word' id='word_1_110' title='bbox 1634 1721 1690 1777; x_wconf 90' lang='grc'>8.</span> <span class='ocrx_word' id='word_1_111' title='bbox 1725 1721 1901 1789; x_wconf 86' lang='lat' dir='ltr'><strong>Pauli,</strong></span> 
     </span>
    </p>
   </div>
   <div class='ocr_carea' id='block_1_18' title="bbox 305 1806 1902 1884">
    <p class='ocr_par' dir='ltr' id='par_1_18' title="bbox 305 1806 1902 1884">
     <span class='ocr_line' id='line_1_18' title="bbox 305 1806 1902 1884; baseline 0.006 -26"><span class='ocrx_word' id='word_1_112' title='bbox 305 1806 455 1860; x_wconf 84' lang='lat' dir='ltr'><strong>idem</strong></span> <span class='ocrx_word' id='word_1_113' title='bbox 529 1823 736 1877; x_wconf 85' lang='lat' dir='ltr'><strong>corpus</strong></span> <span class='ocrx_word' id='word_1_114' title='bbox 796 1817 1251 1864; x_wconf 85' lang='lat' dir='ltr'><strong>resurrecturum.</strong></span> <span class='ocrx_word' id='word_1_115' title='bbox 1329 1828 1350 1862; x_wconf 69' lang='grc' dir='ltr'><strong>ο</strong></span> <span class='ocrx_word' id='word_1_116' title='bbox 1416 1809 1691 1867; x_wconf 88' lang='lat' dir='ltr'><strong>Primitias</strong></span> <span class='ocrx_word' id='word_1_117' title='bbox 1739 1813 1902 1884; x_wconf 81' lang='lat' dir='ltr'><strong>igitur</strong></span> 
     </span>
    </p>
   </div>
   <div class='ocr_carea' id='block_1_19' title="bbox 2025 606 3600 668">
    <p class='ocr_par' dir='ltr' id='par_1_19' title="bbox 2025 606 3600 668">
     <span class='ocr_line' id='line_1_19' title="bbox 2025 606 3600 668; baseline 0.002 -3"><span class='ocrx_word' id='word_1_118' title='bbox 2025 608 2387 665; x_wconf 67' lang='lat' dir='ltr'><strong>enervcscens</strong></span> <span class='ocrx_word' id='word_1_119' title='bbox 2407 616 2462 663; x_wconf 91' lang='lat' dir='ltr'><strong>et</strong></span> <span class='ocrx_word' id='word_1_120' title='bbox 2488 606 2794 662; x_wconf 81' lang='lat' dir='ltr'><strong>ebulliens:</strong></span> <span class='ocrx_word' id='word_1_121' title='bbox 2830 608 2938 664; x_wconf 85' lang='lat' dir='ltr'><strong>illis</strong></span> <span class='ocrx_word' id='word_1_122' title='bbox 2969 624 3197 665; x_wconf 82' lang='lat' dir='ltr'><strong>somnus</strong></span> <span class='ocrx_word' id='word_1_123' title='bbox 3235 611 3600 668; x_wconf 82' lang='lat' dir='ltr'><strong>cessationem</strong></span> 
     </span>
    </p>
   </div>
   <div class='ocr_carea' id='block_1_20' title="bbox 2024 698 3602 771">
    <p class='ocr_par' dir='ltr' id='par_1_20' title="bbox 2024 698 3602 771">
     <span class='ocr_line' id='line_1_20' title="bbox 2024 698 3602 771; baseline -0.001 -14"><span class='ocrx_word' id='word_1_124' title='bbox 2024 708 2081 757; x_wconf 88' lang='lat' dir='ltr'><strong>et</strong></span> <span class='ocrx_word' id='word_1_125' title='bbox 2110 700 2347 771; x_wconf 89' lang='lat' dir='ltr'><strong>quietem</strong></span> <span class='ocrx_word' id='word_1_126' title='bbox 2378 713 2486 754; x_wconf 91' lang='lat' dir='ltr'><strong>non</strong></span> <span class='ocrx_word' id='word_1_127' title='bbox 2513 698 2846 766; x_wconf 88' lang='lat' dir='ltr'><strong>conciliabit,</strong></span> <span class='ocrx_word' id='word_1_128' title='bbox 2877 714 2983 754; x_wconf 90' lang='lat' dir='ltr'><strong>non</strong></span> <span class='ocrx_word' id='word_1_129' title='bbox 3018 716 3127 755; x_wconf 86' lang='lat' dir='ltr'><strong>nox</strong></span> <span class='ocrx_word' id='word_1_130' title='bbox 3169 700 3336 757; x_wconf 80' lang='lat' dir='ltr'><strong>leniet</strong></span> <span class='ocrx_word' id='word_1_131' title='bbox 3371 708 3428 756; x_wconf 91' lang='lat' dir='ltr'><strong>et</strong></span> <span class='ocrx_word' id='word_1_132' title='bbox 3458 701 3602 757; x_wconf 89' lang='lat' dir='ltr'><strong>mul-</strong></span> 
     </span>
    </p>
   </div>
   <div class='ocr_carea' id='block_1_21' title="bbox 2023 790 3602 863">
    <p class='ocr_par' dir='ltr' id='par_1_21' title="bbox 2023 790 3602 863">
     <span class='ocr_line' id='line_1_21' title="bbox 2023 790 3602 863; baseline 0.001 -17"><span class='ocrx_word' id='word_1_133' title='bbox 2023 792 2170 847; x_wconf 88' lang='lat' dir='ltr'><strong>cebit</strong></span> <span class='ocrx_word' id='word_1_134' title='bbox 2190 790 2430 854; x_wconf 88' lang='lat' dir='ltr'><strong>dolores,</strong></span> <span class='ocrx_word' id='word_1_135' title='bbox 2462 804 2571 845; x_wconf 90' lang='lat' dir='ltr'><strong>non</strong></span> <span class='ocrx_word' id='word_1_136' title='bbox 2602 804 2752 845; x_wconf 91' lang='lat' dir='ltr'><strong>mors</strong></span> <span class='ocrx_word' id='word_1_137' title='bbox 2778 790 3041 860; x_wconf 81' lang='lat' dir='ltr'><strong>suppli‘cia</strong></span> <span class='ocrx_word' id='word_1_138' title='bbox 3077 792 3270 848; x_wconf 81' lang='lat' dir='ltr'><strong>solvet.</strong></span> <span class='ocrx_word' id='word_1_139' title='bbox 3307 790 3426 847; x_wconf 86' lang='lat' dir='ltr'><strong>Non</strong></span> <span class='ocrx_word' id='word_1_140' title='bbox 3449 793 3602 863; x_wconf 90' lang='lat' dir='ltr'><strong>juva-</strong></span> 
     </span>
    </p>
   </div>
   <div class='ocr_carea' id='block_1_22' title="bbox 2021 876 3599 954">
    <p class='ocr_par' dir='ltr' id='par_1_22' title="bbox 2021 876 3599 954">
     <span class='ocr_line' id='line_1_22' title="bbox 2021 876 3599 954; baseline 0.001 -16"><span class='ocrx_word' id='word_1_141' title='bbox 2021 881 2105 938; x_wconf 85' lang='lat' dir='ltr'><strong>bit</strong></span> <span class='ocrx_word' id='word_1_142' title='bbox 2149 882 2457 939; x_wconf 75' lang='lat' dir='ltr'><strong>exhortatio</strong></span> <span class='ocrx_word' id='word_1_143' title='bbox 2495 879 2737 936; x_wconf 83' lang='lat' dir='ltr'><strong>aﬂinium</strong></span> <span class='ocrx_word' id='word_1_144' title='bbox 2786 882 3235 950; x_wconf 88' lang='lat' dir='ltr'><strong>intercessormn;</strong></span> <span class='ocrx_word' id='word_1_145' title='bbox 3286 900 3412 939; x_wconf 92' lang='lat' dir='ltr'><strong>nam</strong></span> <span class='ocrx_word' id='word_1_146' title='bbox 3458 876 3599 954; x_wconf 74' lang='lat' dir='ltr'><strong>justi</strong></span> 
     </span>
    </p>
   </div>
   <div class='ocr_carea' id='block_1_23' title="bbox 2019 975 3599 1047">
    <p class='ocr_par' dir='ltr' id='par_1_23' title="bbox 2019 975 3599 1047">
     <span class='ocr_line' id='line_1_23' title="bbox 2019 975 3599 1047; baseline 0 -14"><span class='ocrx_word' id='word_1_147' title='bbox 2019 993 2129 1033; x_wconf 92' lang='lat' dir='ltr'><strong>non</strong></span> <span class='ocrx_word' id='word_1_148' title='bbox 2169 977 2403 1047; x_wconf 89' lang='lat' dir='ltr'><strong>amplius</strong></span> <span class='ocrx_word' id='word_1_149' title='bbox 2440 975 2508 1030; x_wconf 90' lang='lat' dir='ltr'><strong>ab</strong></span> <span class='ocrx_word' id='word_1_150' title='bbox 2549 975 2658 1031; x_wconf 90' lang='lat' dir='ltr'><strong>illis</strong></span> <span class='ocrx_word' id='word_1_151' title='bbox 2697 975 3049 1041; x_wconf 88' lang='lat' dir='ltr'><strong>videbuntur,</strong></span> <span class='ocrx_word' id='word_1_152' title='bbox 3090 986 3146 1032; x_wconf 91' lang='lat' dir='ltr'><strong>et</strong></span> <span class='ocrx_word' id='word_1_153' title='bbox 3175 993 3283 1033; x_wconf 89' lang='lat' dir='ltr'><strong>non</strong></span> <span class='ocrx_word' id='word_1_154' title='bbox 3312 988 3440 1033; x_wconf 88' lang='lat' dir='ltr'><strong>sunt</strong></span> <span class='ocrx_word' id='word_1_155' title='bbox 3475 978 3599 1034; x_wconf 87' lang='lat' dir='ltr'><strong>illo-</strong></span> 
     </span>
    </p>
   </div>
   <div class='ocr_carea' id='block_1_24' title="bbox 2017 1067 3597 1141">
    <p class='ocr_par' dir='ltr' id='par_1_24' title="bbox 2017 1067 3597 1141">
     <span class='ocr_line' id='line_1_24' title="bbox 2017 1067 3597 1141; baseline -0.001 -15"><span class='ocrx_word' id='word_1_156' title='bbox 2017 1086 2140 1126; x_wconf 88' lang='lat' dir='ltr'><strong>rum</strong></span> <span class='ocrx_word' id='word_1_157' title='bbox 2176 1071 2438 1125; x_wconf 91' lang='lat' dir='ltr'><strong>memoria</strong></span> <span class='ocrx_word' id='word_1_158' title='bbox 2490 1069 2659 1141; x_wconf 81' lang='lat' dir='ltr'><strong>digni.</strong></span> <span class='ocrx_word' id='word_1_159' title='bbox 2694 1067 2807 1123; x_wconf 90' lang='lat' dir='ltr'><strong>Soli</strong></span> <span class='ocrx_word' id='word_1_160' title='bbox 2838 1069 2982 1123; x_wconf 89' lang='lat' dir='ltr'><strong>enim</strong></span> <span class='ocrx_word' id='word_1_161' title='bbox 3012 1069 3145 1139; x_wconf 85' lang='lat' dir='ltr'><strong>justi</strong></span> <span class='ocrx_word' id='word_1_162' title='bbox 3176 1085 3399 1140; x_wconf 88' lang='lat' dir='ltr'><strong>operum</strong></span> <span class='ocrx_word' id='word_1_163' title='bbox 3418 1070 3597 1141; x_wconf 89' lang='lat' dir='ltr'><strong>justo-</strong></span> 
     </span>
    </p>
   </div>
   <div class='ocr_carea' id='block_1_25' title="bbox 2015 1162 3597 1232">
    <p class='ocr_par' dir='ltr' id='par_1_25' title="bbox 2015 1162 3597 1232">
     <span class='ocr_line' id='line_1_25' title="bbox 2015 1162 3597 1232; baseline 0.001 -13"><span class='ocrx_word' id='word_1_164' title='bbox 2015 1179 2137 1219; x_wconf 91' lang='lat' dir='ltr'><strong>rum</strong></span> <span class='ocrx_word' id='word_1_165' title='bbox 2169 1173 2332 1219; x_wconf 88' lang='lat' dir='ltr'><strong>erunt</strong></span> <span class='ocrx_word' id='word_1_166' title='bbox 2365 1177 2657 1230; x_wconf 85' lang='lat' dir='ltr'><strong>memores,</strong></span> <span class='ocrx_word' id='word_1_167' title='bbox 2700 1177 2795 1232; x_wconf 89' lang='lat' dir='ltr'><strong>per</strong></span> <span class='ocrx_word' id='word_1_168' title='bbox 2834 1175 2957 1231; x_wconf 71' lang='lat' dir='ltr'><strong>qua:</strong></span> <span class='ocrx_word' id='word_1_169' title='bbox 2998 1171 3359 1231; x_wconf 84' lang='lat' dir='ltr'><strong>pervenerunt</strong></span> <span class='ocrx_word' id='word_1_170' title='bbox 3395 1162 3464 1217; x_wconf 86' lang='lat' dir='ltr'><strong>ad</strong></span> <span class='ocrx_word' id='word_1_171' title='bbox 3507 1178 3597 1220; x_wconf 87' lang='lat' dir='ltr'><strong>re-</strong></span> 
     </span>
    </p>
   </div>
   <div class='ocr_carea' id='block_1_26' title="bbox 2015 1255 3598 1327">
    <p class='ocr_par' dir='ltr' id='par_1_26' title="bbox 2015 1255 3598 1327">
     <span class='ocr_line' id='line_1_26' title="bbox 2015 1255 3598 1327; baseline 0.003 -18"><span class='ocrx_word' id='word_1_172' title='bbox 2015 1271 2180 1327; x_wconf 92' lang='lat' dir='ltr'><strong>gnum</strong></span> <span class='ocrx_word' id='word_1_173' title='bbox 2212 1255 2453 1321; x_wconf 65' lang='lat' dir='ltr'><strong>caeleste,</strong></span> <span class='ocrx_word' id='word_1_174' title='bbox 2486 1255 2540 1308; x_wconf 91' lang='lat' dir='ltr'><strong>in</strong></span> <span class='ocrx_word' id='word_1_175' title='bbox 2571 1270 2679 1323; x_wconf 88' lang='lat' dir='ltr'><strong>quo</strong></span> <span class='ocrx_word' id='word_1_176' title='bbox 2714 1269 2814 1309; x_wconf 90' lang='lat' dir='ltr'><strong>nec</strong></span> <span class='ocrx_word' id='word_1_177' title='bbox 2854 1268 3101 1319; x_wconf 88' lang='lat' dir='ltr'><strong>somnus,</strong></span> <span class='ocrx_word' id='word_1_178' title='bbox 3148 1268 3251 1309; x_wconf 91' lang='lat' dir='ltr'><strong>nec</strong></span> <span class='ocrx_word' id='word_1_179' title='bbox 3288 1255 3462 1320; x_wconf 85' lang='lat' dir='ltr'><strong>dolor,</strong></span> <span class='ocrx_word' id='word_1_180' title='bbox 3494 1269 3598 1314; x_wconf 84' lang='lat' dir='ltr'><strong>nec</strong></span> 
     </span>
    </p>
   </div>
   <div class='ocr_carea' id='block_1_27' title="bbox 2012 1343 3595 1413">
    <p class='ocr_par' dir='ltr' id='par_1_27' title="bbox 2012 1343 3595 1413">
     <span class='ocr_line' id='line_1_27' title="bbox 2012 1343 3595 1413; baseline 0.001 -13"><span class='ocrx_word' id='word_1_181' title='bbox 2012 1344 2312 1413; x_wconf 81' lang='lat' dir='ltr'><strong>corruptio,</strong></span> <span class='ocrx_word' id='word_1_182' title='bbox 2345 1359 2444 1399; x_wconf 87' lang='lat' dir='ltr'><strong>nec</strong></span> <span class='ocrx_word' id='word_1_183' title='bbox 2473 1343 2799 1408; x_wconf 90' lang='lat' dir='ltr'><strong>sollicitudo,</strong></span> <span class='ocrx_word' id='word_1_184' title='bbox 2847 1359 2948 1400; x_wconf 89' lang='lat' dir='ltr'><strong>nec</strong></span> <span class='ocrx_word' id='word_1_185' title='bbox 2992 1360 3121 1410; x_wconf 85' lang='lat' dir='ltr'><strong>nox,</strong></span> <span class='ocrx_word' id='word_1_186' title='bbox 3156 1360 3256 1400; x_wconf 91' lang='lat' dir='ltr'><strong>nec</strong></span> <span class='ocrx_word' id='word_1_187' title='bbox 3300 1344 3417 1403; x_wconf 89' lang='lat' dir='ltr'><strong>dies</strong></span> <span class='ocrx_word' id='word_1_188' title='bbox 3454 1357 3595 1402; x_wconf 86' lang='lat' dir='ltr'><strong>tem-</strong></span> 
     </span>
    </p>
   </div>
   <div class='ocr_carea' id='block_1_28' title="bbox 2011 1434 3669 1509">
    <p class='ocr_par' dir='ltr' id='par_1_28' title="bbox 2011 1434 3669 1509">
     <span class='ocr_line' id='line_1_28' title="bbox 2011 1434 3669 1509; baseline 0.001 -18"><span class='ocrx_word' id='word_1_189' title='bbox 2011 1451 2141 1505; x_wconf 89' lang='lat' dir='ltr'><strong>pore</strong></span> <span class='ocrx_word' id='word_1_190' title='bbox 2172 1444 2507 1503; x_wconf 90' lang='lat' dir='ltr'><strong>mensurata,</strong></span> <span class='ocrx_word' id='word_1_191' title='bbox 2558 1450 2659 1490; x_wconf 90' lang='lat' dir='ltr'><strong>nec</strong></span> <span class='ocrx_word' id='word_1_192' title='bbox 2705 1434 2788 1491; x_wconf 89' lang='lat' dir='ltr'><strong>sol</strong></span> <span class='ocrx_word' id='word_1_193' title='bbox 2845 1436 3172 1492; x_wconf 86' lang='lat' dir='ltr'><strong>necessitate</strong></span> <span class='ocrx_word' id='word_1_194' title='bbox 3221 1437 3456 1507; x_wconf 86' lang='lat' dir='ltr'><strong>quadam</strong></span> <span class='ocrx_word' id='word_1_195' title='bbox 3497 1453 3595 1508; x_wconf 88' lang='lat' dir='ltr'><strong>per</strong></span> <span class='ocrx_word' id='word_1_196' title='bbox 3662 1500 3669 1509; x_wconf 26' lang='grc' dir='ltr'><strong><em>ί</em></strong></span> 
     </span>
    </p>
   </div>
   <div class='ocr_carea' id='block_1_29' title="bbox 2008 1524 3651 1605">
    <p class='ocr_par' dir='ltr' id='par_1_29' title="bbox 2008 1524 3651 1605">
     <span class='ocr_line' id='line_1_29' title="bbox 2008 1524 3651 1605; baseline 0.002 -23"><span class='ocrx_word' id='word_1_197' title='bbox 2008 1529 2275 1582; x_wconf 86' lang='lat' dir='ltr'><strong>circulum</strong></span> <span class='ocrx_word' id='word_1_198' title='bbox 2316 1529 2440 1584; x_wconf 77' lang='lat' dir='ltr'><strong>cteli</strong></span> <span class='ocrx_word' id='word_1_199' title='bbox 2481 1544 2705 1605; x_wconf 82' lang='lat' dir='ltr'><strong>cursum</strong></span> <span class='ocrx_word' id='word_1_200' title='bbox 2738 1545 2898 1585; x_wconf 89' lang='lat' dir='ltr'><strong>suum</strong></span> <span class='ocrx_word' id='word_1_201' title='bbox 2924 1530 3155 1601; x_wconf 86' lang='lat' dir='ltr'><strong>agitans.</strong></span> <span class='ocrx_word' id='word_1_202' title='bbox 3182 1543 3288 1584; x_wconf 89' lang='lat' dir='ltr'><strong>non</strong></span> <span class='ocrx_word' id='word_1_203' title='bbox 3326 1530 3468 1585; x_wconf 68' lang='lat' dir='ltr'><strong>luna:</strong></span> <span class='ocrx_word' id='word_1_204' title='bbox 3492 1529 3593 1585; x_wconf 56' lang='grc' dir='ltr'><strong>ἀει</strong></span> <span class='ocrx_word' id='word_1_205' title='bbox 3644 1524 3651 1531; x_wconf 76' lang='grc'><strong>’</strong></span> 
     </span>
    </p>
   </div>
   <div class='ocr_carea' id='block_1_30' title="bbox 2008 1623 3592 1694">
    <p class='ocr_par' dir='ltr' id='par_1_30' title="bbox 2008 1623 3592 1694">
     <span class='ocr_line' id='line_1_30' title="bbox 2008 1623 3592 1694; baseline 0.003 -17"><span class='ocrx_word' id='word_1_206' title='bbox 2008 1638 2201 1678; x_wconf 85' lang='lat' dir='ltr'><strong>cursus</strong></span> <span class='ocrx_word' id='word_1_207' title='bbox 2232 1632 2285 1678; x_wconf 91' lang='lat' dir='ltr'><strong>ct</strong></span> <span class='ocrx_word' id='word_1_208' title='bbox 2314 1623 2736 1689; x_wconf 86' lang='lat' dir='ltr'><strong>incrementum,</strong></span> <span class='ocrx_word' id='word_1_209' title='bbox 2766 1638 2889 1694; x_wconf 66' lang='lat' dir='ltr'><strong>quae</strong></span> <span class='ocrx_word' id='word_1_210' title='bbox 2915 1632 3216 1694; x_wconf 88' lang='lat' dir='ltr'><strong>temporum</strong></span> <span class='ocrx_word' id='word_1_211' title='bbox 3261 1626 3592 1682; x_wconf 86' lang='lat' dir='ltr'><strong>mutationes</strong></span> 
     </span>
    </p>
   </div>
   <div class='ocr_carea' id='block_1_31' title="bbox 2005 1715 3590 1783">
    <p class='ocr_par' dir='ltr' id='par_1_31' title="bbox 2005 1715 3590 1783">
     <span class='ocr_line' id='line_1_31' title="bbox 2005 1715 3590 1783; baseline 0.001 -11"><span class='ocrx_word' id='word_1_212' title='bbox 2005 1716 2234 1783; x_wconf 85' lang='lat' dir='ltr'><strong>inducit,</strong></span> <span class='ocrx_word' id='word_1_213' title='bbox 2271 1726 2325 1771; x_wconf 86' lang='lat' dir='ltr'><strong>et</strong></span> <span class='ocrx_word' id='word_1_214' title='bbox 2361 1725 2558 1771; x_wconf 90' lang='lat' dir='ltr'><strong>terram</strong></span> <span class='ocrx_word' id='word_1_215' title='bbox 2593 1716 2868 1771; x_wconf 85' lang='lat' dir='ltr'><strong>madidam</strong></span> <span class='ocrx_word' id='word_1_216' title='bbox 2910 1717 3162 1772; x_wconf 90' lang='lat' dir='ltr'><strong>reddens.</strong></span> <span class='ocrx_word' id='word_1_217' title='bbox 3210 1715 3328 1774; x_wconf 84' lang='lat' dir='ltr'><strong>Non</strong></span> <span class='ocrx_word' id='word_1_218' title='bbox 3367 1718 3451 1774; x_wconf 89' lang='lat' dir='ltr'><strong>sol</strong></span> <span class='ocrx_word' id='word_1_219' title='bbox 3495 1733 3590 1774; x_wconf 83' lang='lat' dir='ltr'><strong>ar—</strong></span> 
     </span>
    </p>
   </div>
   <div class='ocr_carea' id='block_1_32' title="bbox 2005 1804 3590 1874">
    <p class='ocr_par' dir='ltr' id='par_1_32' title="bbox 2005 1804 3590 1874">
     <span class='ocr_line' id='line_1_32' title="bbox 2005 1804 3590 1874; baseline 0.001 -12"><span class='ocrx_word' id='word_1_220' title='bbox 2005 1806 2161 1874; x_wconf 88' lang='lat' dir='ltr'><strong>dens,</strong></span> <span class='ocrx_word' id='word_1_221' title='bbox 2216 1823 2325 1863; x_wconf 92' lang='lat' dir='ltr'><strong>non</strong></span> <span class='ocrx_word' id='word_1_222' title='bbox 2364 1805 2501 1861; x_wconf 88' lang='lat' dir='ltr'><strong>Ursa</strong></span> <span class='ocrx_word' id='word_1_223' title='bbox 2544 1806 2835 1872; x_wconf 79' lang='lat' dir='ltr'><strong>versatilis,</strong></span> <span class='ocrx_word' id='word_1_224' title='bbox 2872 1822 2978 1862; x_wconf 92' lang='lat' dir='ltr'><strong>non</strong></span> <span class='ocrx_word' id='word_1_225' title='bbox 3009 1804 3226 1863; x_wconf 88' lang='lat' dir='ltr'><strong>Orionis</strong></span> <span class='ocrx_word' id='word_1_226' title='bbox 3267 1815 3440 1873; x_wconf 84' lang='lat' dir='ltr'><strong>ortus,</strong></span> <span class='ocrx_word' id='word_1_227' title='bbox 3477 1821 3590 1863; x_wconf 89' lang='lat' dir='ltr'><strong>non</strong></span> 
     </span>
    </p>
   </div>
   <div class='ocr_carea' id='block_1_33' title="bbox 304 1877 3590 1973">
    <p class='ocr_par' dir='ltr' id='par_1_33' title="bbox 304 1877 3590 1973">
     <span class='ocr_line' id='line_1_33' title="bbox 304 1877 3590 1973; baseline 0.002 -22"><span class='ocrx_word' id='word_1_228' title='bbox 304 1895 458 1952; x_wconf 85' lang='lat' dir='ltr'><strong>hunc</strong></span> <span class='ocrx_word' id='word_1_229' title='bbox 492 1897 827 1972; x_wconf 81' lang='lat' dir='ltr'><strong>(Christum)</strong></span> <span class='ocrx_word' id='word_1_230' title='bbox 861 1901 1103 1956; x_wconf 89' lang='lat' dir='ltr'><strong>nominat</strong></span> <span class='ocrx_word' id='word_1_231' title='bbox 1136 1900 1358 1971; x_wconf 88' lang='lat' dir='ltr'><strong>(Paulus</strong></span> <span class='ocrx_word' id='word_1_232' title='bbox 1397 1902 1418 1955; x_wconf 88' lang='grc' dir='ltr'>ι</span> <span class='ocrx_word' id='word_1_233' title='bbox 1448 1882 1630 1973; x_wconf 26' lang='lat' dir='ltr'><strong>‘Epist.</strong></span> <span class='ocrx_word' id='word_1_234' title='bbox 1684 1905 1752 1960; x_wconf 91' lang='lat' dir='ltr'><strong>ad</strong></span> <span class='ocrx_word' id='word_1_235' title='bbox 1793 1905 1900 1960; x_wconf 83' lang='lat' dir='ltr'><strong>Co-</strong></span> <span class='ocrx_word' id='word_1_236' title='bbox 1934 1877 1975 1932; x_wconf 75' lang='grc' dir='ltr'>Β</span> <span class='ocrx_word' id='word_1_237' title='bbox 2002 1912 2274 1956; x_wconf 87' lang='lat' dir='ltr'><strong>astrorum</strong></span> <span class='ocrx_word' id='word_1_238' title='bbox 2298 1914 2515 1955; x_wconf 89' lang='lat' dir='ltr'><strong>errores</strong></span> <span class='ocrx_word' id='word_1_239' title='bbox 2545 1899 2837 1963; x_wconf 88' lang='lat' dir='ltr'><strong>innumeri,</strong></span> <span class='ocrx_word' id='word_1_240' title='bbox 2863 1915 2969 1955; x_wconf 92' lang='lat' dir='ltr'><strong>non</strong></span> <span class='ocrx_word' id='word_1_241' title='bbox 2992 1900 3135 1954; x_wconf 90' lang='lat' dir='ltr'><strong>invia</strong></span> <span class='ocrx_word' id='word_1_242' title='bbox 3173 1910 3335 1964; x_wconf 91' lang='lat' dir='ltr'><strong>terra,</strong></span> <span class='ocrx_word' id='word_1_243' title='bbox 3366 1915 3474 1954; x_wconf 88' lang='lat' dir='ltr'><strong>non</strong></span> <span class='ocrx_word' id='word_1_244' title='bbox 3502 1900 3590 1957; x_wconf 89' lang='lat' dir='ltr'><strong>in-</strong></span> 
     </span>
    </p>
   </div>
   <div class='ocr_carea' id='block_1_34' title="bbox 303 1988 1899 2065">
    <p class='ocr_par' dir='ltr' id='par_1_34' title="bbox 303 1988 1899 2065">
     <span class='ocr_line' id='line_1_34' title="bbox 303 1988 1899 2065; baseline 0.007 -25"><span class='ocrx_word' id='word_1_245' title='bbox 303 1988 481 2041; x_wconf 83' lang='lat' dir='ltr'><strong>rinth.</strong></span> <span class='ocrx_word' id='word_1_246' title='bbox 532 2004 639 2052; x_wconf 87' lang='lat' dir='ltr'><strong>xv,</strong></span> <span class='ocrx_word' id='word_1_247' title='bbox 696 1990 787 2060; x_wconf 81' lang='lat'><strong>20)</strong></span> <span class='ocrx_word' id='word_1_248' title='bbox 832 1990 1239 2059; x_wconf 89' lang='lat' dir='ltr'><strong>dormientium,</strong></span> <span class='ocrx_word' id='word_1_249' title='bbox 1282 2001 1335 2049; x_wconf 84' lang='lat' dir='ltr'><strong>et</strong></span> <span class='ocrx_word' id='word_1_250' title='bbox 1371 1995 1788 2065; x_wconf 80' lang='lat' dir='ltr'><strong>primogenitum</strong></span> <span class='ocrx_word' id='word_1_251' title='bbox 1831 2013 1899 2053; x_wconf 89' lang='lat' dir='ltr'><strong>ex</strong></span> 
     </span>
    </p>
   </div>
   <div class='ocr_carea' id='block_1_35' title="bbox 304 2080 1897 2158">
    <p class='ocr_par' dir='ltr' id='par_1_35' title="bbox 304 2080 1897 2158">
     <span class='ocr_line' id='line_1_35' title="bbox 304 2080 1897 2158; baseline 0.007 -26"><span class='ocrx_word' id='word_1_252' title='bbox 304 2080 552 2135; x_wconf 88' lang='lat' dir='ltr'><strong>mortuis</strong></span> <span class='ocrx_word' id='word_1_253' title='bbox 586 2081 651 2147; x_wconf 83' lang='lat'><strong>&quot;,</strong></span> <span class='ocrx_word' id='word_1_254' title='bbox 684 2081 775 2151; x_wconf 89' lang='lat' dir='ltr'><strong>qui</strong></span> <span class='ocrx_word' id='word_1_255' title='bbox 812 2098 1105 2153; x_wconf 75' lang='lat' dir='ltr'><strong>resurgens</strong></span> <span class='ocrx_word' id='word_1_256' title='bbox 1123 2084 1387 2139; x_wconf 88' lang='lat' dir='ltr'><strong>etvolens</strong></span> <span class='ocrx_word' id='word_1_257' title='bbox 1412 2087 1721 2151; x_wconf 87' lang='lat' dir='ltr'><strong>ostendere,</strong></span> <span class='ocrx_word' id='word_1_258' title='bbox 1750 2088 1897 2158; x_wconf 87' lang='lat' dir='ltr'><strong>quod</strong></span> 
     </span>
    </p>
   </div>
   <div class='ocr_carea' id='block_1_36' title="bbox 301 2168 1901 2246">
    <p class='ocr_par' dir='ltr' id='par_1_36' title="bbox 301 2168 1901 2246">
     <span class='ocr_line' id='line_1_36' title="bbox 301 2168 1901 2246; baseline 0.008 -23"><span class='ocrx_word' id='word_1_259' title='bbox 301 2168 453 2224; x_wconf 86' lang='lat' dir='ltr'><strong>idem</strong></span> <span class='ocrx_word' id='word_1_260' title='bbox 482 2170 595 2225; x_wconf 90' lang='lat' dir='ltr'><strong>hoc</strong></span> <span class='ocrx_word' id='word_1_261' title='bbox 616 2182 764 2227; x_wconf 88' lang='lat' dir='ltr'><strong>esset</strong></span> <span class='ocrx_word' id='word_1_262' title='bbox 787 2174 1193 2241; x_wconf 89' lang='lat' dir='ltr'><strong>resuscitatum,</strong></span> <span class='ocrx_word' id='word_1_263' title='bbox 1224 2176 1369 2246; x_wconf 92' lang='lat' dir='ltr'><strong>quod</strong></span> <span class='ocrx_word' id='word_1_264' title='bbox 1396 2186 1450 2232; x_wconf 91' lang='lat' dir='ltr'><strong>et</strong></span> <span class='ocrx_word' id='word_1_265' title='bbox 1483 2187 1760 2233; x_wconf 89' lang='lat' dir='ltr'><strong>mortuum</strong></span> <span class='ocrx_word' id='word_1_266' title='bbox 1789 2178 1901 2235; x_wconf 85' lang='lat' dir='ltr'><strong>l&#39;ue-</strong></span> 
     </span>
    </p>
   </div>
   <div class='ocr_carea' id='block_1_37' title="bbox 297 2262 1894 2339">
    <p class='ocr_par' dir='ltr' id='par_1_37' title="bbox 297 2262 1894 2339">
     <span class='ocr_line' id='line_1_37' title="bbox 297 2262 1894 2339; baseline 0.008 -24"><span class='ocrx_word' id='word_1_267' title='bbox 297 2269 429 2329; x_wconf 83' lang='lat' dir='ltr'><strong>rat,</strong></span> <span class='ocrx_word' id='word_1_268' title='bbox 504 2262 888 2339; x_wconf 87' lang='lat' dir='ltr'><strong>dubitantibus</strong></span> <span class='ocrx_word' id='word_1_269' title='bbox 945 2266 1229 2337; x_wconf 88' lang='lat' dir='ltr'><strong>discipulis</strong></span> <span class='ocrx_word' id='word_1_270' title='bbox 1285 2284 1572 2325; x_wconf 82' lang='lat' dir='ltr'><strong>accersens</strong></span> <span class='ocrx_word' id='word_1_271' title='bbox 1628 2269 1894 2327; x_wconf 87' lang='lat' dir='ltr'><strong>Thomam</strong></span> 
     </span>
    </p>
   </div>
   <div class='ocr_carea' id='block_1_38' title="bbox 298 2353 1897 2433">
    <p class='ocr_par' dir='ltr' id='par_1_38' title="bbox 298 2353 1897 2433">
     <span class='ocr_line' id='line_1_38' title="bbox 298 2353 1897 2433; baseline 0.008 -28"><span class='ocrx_word' id='word_1_272' title='bbox 298 2353 442 2407; x_wconf 88' lang='lat' dir='ltr'><strong>dixit</strong></span> <span class='ocrx_word' id='word_1_273' title='bbox 481 2354 529 2385; x_wconf 86' lang='grc'><strong>¹⁶</strong></span> <span class='ocrx_word' id='word_1_274' title='bbox 583 2372 598 2408; x_wconf 91' lang='lat'><strong>:</strong></span> <span class='ocrx_word' id='word_1_275' title='bbox 648 2354 861 2411; x_wconf 81' lang='lat' dir='ltr'><strong>Accede</strong></span> <span class='ocrx_word' id='word_1_276' title='bbox 893 2357 1020 2423; x_wconf 89' lang='lat' dir='ltr'><strong>huc,</strong></span> <span class='ocrx_word' id='word_1_277' title='bbox 1056 2367 1237 2428; x_wconf 83' lang='lat' dir='ltr'><strong>tange,</strong></span> <span class='ocrx_word' id='word_1_278' title='bbox 1290 2368 1345 2414; x_wconf 89' lang='lat' dir='ltr'><strong>et</strong></span> <span class='ocrx_word' id='word_1_279' title='bbox 1386 2361 1526 2428; x_wconf 85' lang='lat' dir='ltr'><strong>vide,</strong></span> <span class='ocrx_word' id='word_1_280' title='bbox 1572 2363 1700 2432; x_wconf 86' lang='lat' dir='ltr'><strong>quia</strong></span> <span class='ocrx_word' id='word_1_281' title='bbox 1736 2363 1897 2433; x_wconf 87' lang='lat' dir='ltr'><strong>spiri-</strong></span> 
     </span>
    </p>
   </div>
   <div class='ocr_carea' id='block_1_39' title="bbox 296 2450 1897 2518">
    <p class='ocr_par' dir='ltr' id='par_1_39' title="bbox 296 2450 1897 2518">
     <span class='ocr_line' id='line_1_39' title="bbox 296 2450 1897 2518; baseline 0.008 -21"><span class='ocrx_word' id='word_1_282' title='bbox 296 2451 387 2498; x_wconf 87' lang='lat' dir='ltr'><strong>tus</strong></span> <span class='ocrx_word' id='word_1_283' title='bbox 410 2459 648 2499; x_wconf 90' lang='lat' dir='ltr'><strong>carnem</strong></span> <span class='ocrx_word' id='word_1_284' title='bbox 683 2455 737 2501; x_wconf 91' lang='lat' dir='ltr'><strong>et</strong></span> <span class='ocrx_word' id='word_1_285' title='bbox 772 2462 895 2502; x_wconf 87' lang='lat' dir='ltr'><strong>ossa</strong></span> <span class='ocrx_word' id='word_1_286' title='bbox 934 2464 1044 2504; x_wconf 93' lang='lat' dir='ltr'><strong>non</strong></span> <span class='ocrx_word' id='word_1_287' title='bbox 1078 2450 1259 2518; x_wconf 82' lang='lat' dir='ltr'><strong>habet,</strong></span> <span class='ocrx_word' id='word_1_288' title='bbox 1313 2452 1456 2507; x_wconf 89' lang='lat' dir='ltr'><strong>sicut</strong></span> <span class='ocrx_word' id='word_1_289' title='bbox 1495 2469 1583 2507; x_wconf 91' lang='lat' dir='ltr'><strong>me</strong></span> <span class='ocrx_word' id='word_1_290' title='bbox 1606 2454 1755 2510; x_wconf 87' lang='lat' dir='ltr'><strong>vides</strong></span> <span class='ocrx_word' id='word_1_291' title='bbox 1798 2455 1897 2509; x_wconf 89' lang='lat' dir='ltr'><strong>ha-</strong></span> 
     </span>
    </p>
   </div>
   <div class='ocr_carea' id='block_1_40' title="bbox 295 2533 1896 2617">
    <p class='ocr_par' dir='ltr' id='par_1_40' title="bbox 295 2533 1896 2617">
     <span class='ocr_line' id='line_1_40' title="bbox 295 2533 1896 2617; baseline 0.009 -29"><span class='ocrx_word' id='word_1_292' title='bbox 295 2533 546 2589; x_wconf 86' lang='lat' dir='ltr'><strong>bentem.</strong></span> <span class='ocrx_word' id='word_1_293' title='bbox 585 2535 730 2591; x_wconf 84' lang='lat' dir='ltr'><strong>Idem</strong></span> <span class='ocrx_word' id='word_1_294' title='bbox 795 2538 1041 2609; x_wconf 80' lang='lat' dir='ltr'><strong>(Paulus)</strong></span> <span class='ocrx_word' id='word_1_295' title='bbox 1085 2541 1138 2595; x_wconf 93' lang='lat' dir='ltr'><strong>in</strong></span> <span class='ocrx_word' id='word_1_296' title='bbox 1189 2543 1378 2598; x_wconf 88' lang='lat' dir='ltr'><strong>eadem</strong></span> <span class='ocrx_word' id='word_1_297' title='bbox 1426 2543 1666 2615; x_wconf 90' lang='lat' dir='ltr'><strong>Epistola</strong></span> <span class='ocrx_word' id='word_1_298' title='bbox 1712 2548 1896 2617; x_wconf 82' lang='lat' dir='ltr'><strong>appel-</strong></span> 
     </span>
    </p>
   </div>
   <div class='ocr_carea' id='block_1_41' title="bbox 294 2628 1895 2701">
    <p class='ocr_par' dir='ltr' id='par_1_41' title="bbox 294 2628 1895 2701">
     <span class='ocr_line' id='line_1_41' title="bbox 294 2628 1895 2701; baseline 0.009 -21"><span class='ocrx_word' id='word_1_299' title='bbox 294 2628 414 2683; x_wconf 87' lang='lat' dir='ltr'><strong>lans</strong></span> <span class='ocrx_word' id='word_1_300' title='bbox 474 2629 661 2698; x_wconf 90' lang='lat' dir='ltr'><strong>ipsum</strong></span> <span class='ocrx_word' id='word_1_301' title='bbox 696 2631 965 2700; x_wconf 89' lang='lat' dir='ltr'><strong>primitias</strong></span> <span class='ocrx_word' id='word_1_302' title='bbox 990 2634 1054 2701; x_wconf 82' lang='lat'><strong>&quot;,</strong></span> <span class='ocrx_word' id='word_1_303' title='bbox 1088 2635 1459 2691; x_wconf 88' lang='lat' dir='ltr'><strong>testimonium</strong></span> <span class='ocrx_word' id='word_1_304' title='bbox 1506 2648 1711 2694; x_wconf 68' lang='lat' dir='ltr'><strong>nostra:</strong></span> <span class='ocrx_word' id='word_1_305' title='bbox 1742 2655 1895 2695; x_wconf 91' lang='lat' dir='ltr'><strong>assc-</strong></span> 
     </span>
    </p>
   </div>
   <div class='ocr_carea' id='block_1_42' title="bbox 291 2720 1890 2794">
    <p class='ocr_par' dir='ltr' id='par_1_42' title="bbox 291 2720 1890 2794">
     <span class='ocr_line' id='line_1_42' title="bbox 291 2720 1890 2794; baseline 0.008 -23"><span class='ocrx_word' id='word_1_306' title='bbox 291 2720 575 2773; x_wconf 84' lang='lat' dir='ltr'><strong>verationi</strong></span> <span class='ocrx_word' id='word_1_307' title='bbox 609 2722 905 2790; x_wconf 85' lang='lat' dir='ltr'><strong>perhibuit,</strong></span> <span class='ocrx_word' id='word_1_308' title='bbox 951 2724 1096 2794; x_wconf 92' lang='lat' dir='ltr'><strong>quod</strong></span> <span class='ocrx_word' id='word_1_309' title='bbox 1133 2740 1199 2780; x_wconf 90' lang='lat' dir='ltr'><strong>ex</strong></span> <span class='ocrx_word' id='word_1_310' title='bbox 1228 2726 1415 2781; x_wconf 89' lang='lat' dir='ltr'><strong>eadem</strong></span> <span class='ocrx_word' id='word_1_311' title='bbox 1448 2744 1628 2783; x_wconf 88' lang='lat' dir='ltr'><strong>massa</strong></span> <span class='ocrx_word' id='word_1_312' title='bbox 1670 2745 1890 2785; x_wconf 89' lang='lat' dir='ltr'><strong>carnem</strong></span> 
     </span>
    </p>
   </div>
   <div class='ocr_carea' id='block_1_43' title="bbox 290 2812 1888 2891">
    <p class='ocr_par' dir='ltr' id='par_1_43' title="bbox 290 2812 1888 2891">
     <span class='ocr_line' id='line_1_43' title="bbox 290 2812 1888 2891; baseline 0.007 -29"><span class='ocrx_word' id='word_1_313' title='bbox 290 2820 648 2880; x_wconf 84' lang='lat' dir='ltr'><strong>assumptam</strong></span> <span class='ocrx_word' id='word_1_314' title='bbox 684 2812 937 2868; x_wconf 81' lang='lat' dir='ltr'><strong>Servatur</strong></span> <span class='ocrx_word' id='word_1_315' title='bbox 967 2818 1333 2873; x_wconf 88' lang='lat' dir='ltr'><strong>resuscitavit.</strong></span> <span class='ocrx_word' id='word_1_316' title='bbox 1380 2818 1587 2875; x_wconf 80' lang='lat' dir='ltr'><strong>faciens</strong></span> <span class='ocrx_word' id='word_1_317' title='bbox 1615 2836 1734 2875; x_wconf 88' lang='lat' dir='ltr'><strong>eam</strong></span> <span class='ocrx_word' id='word_1_318' title='bbox 1772 2820 1888 2891; x_wconf 90' lang='lat' dir='ltr'><strong>pri-</strong></span> 
     </span>
    </p>
   </div>
   <div class='ocr_carea' id='block_1_44' title="bbox 294 2902 1888 2976">
    <p class='ocr_par' dir='ltr' id='par_1_44' title="bbox 294 2902 1888 2976">
     <span class='ocr_line' id='line_1_44' title="bbox 294 2902 1888 2976; baseline 0.009 -21"><span class='ocrx_word' id='word_1_319' title='bbox 294 2902 490 2958; x_wconf 87' lang='lat' dir='ltr'><strong>mitias</strong></span> <span class='ocrx_word' id='word_1_320' title='bbox 517 2905 709 2959; x_wconf 89' lang='lat' dir='ltr'><strong>carnis</strong></span> <span class='ocrx_word' id='word_1_321' title='bbox 730 2906 1027 2976; x_wconf 90' lang='lat' dir='ltr'><strong>justorum,</strong></span> <span class='ocrx_word' id='word_1_322' title='bbox 1063 2918 1122 2963; x_wconf 92' lang='lat' dir='ltr'><strong>ut</strong></span> <span class='ocrx_word' id='word_1_323' title='bbox 1148 2924 1343 2966; x_wconf 91' lang='lat' dir='ltr'><strong>omnes</strong></span> <span class='ocrx_word' id='word_1_324' title='bbox 1376 2913 1660 2968; x_wconf 89' lang='lat' dir='ltr'><strong>credentes</strong></span> <span class='ocrx_word' id='word_1_325' title='bbox 1690 2913 1888 2969; x_wconf 82' lang='lat' dir='ltr'><strong>ﬁducia</strong></span> 
     </span>
    </p>
   </div>
   <div class='ocr_carea' id='block_1_45' title="bbox 293 2995 1889 3071">
    <p class='ocr_par' dir='ltr' id='par_1_45' title="bbox 293 2995 1889 3071">
     <span class='ocr_line' id='line_1_45' title="bbox 293 2995 1889 3071; baseline 0.008 -23"><span class='ocrx_word' id='word_1_326' title='bbox 293 2995 465 3066; x_wconf 88' lang='lat' dir='ltr'><strong>hujus</strong></span> <span class='ocrx_word' id='word_1_327' title='bbox 488 2998 807 3054; x_wconf 89' lang='lat' dir='ltr'><strong>resuscitati</strong></span> <span class='ocrx_word' id='word_1_328' title='bbox 841 3012 1218 3071; x_wconf 84' lang='lat' dir='ltr'><strong>exspectemus</strong></span> <span class='ocrx_word' id='word_1_329' title='bbox 1256 3003 1497 3059; x_wconf 77' lang='lat' dir='ltr'><strong>futuram</strong></span> <span class='ocrx_word' id='word_1_330' title='bbox 1528 3006 1889 3062; x_wconf 89' lang='lat' dir='ltr'><strong>resurrectio-</strong></span> 
     </span>
    </p>
   </div>
   <div class='ocr_carea' id='block_1_46' title="bbox 289 3090 657 3161">
    <p class='ocr_par' dir='ltr' id='par_1_46' title="bbox 289 3090 657 3161">
     <span class='ocr_line' id='line_1_46' title="bbox 289 3090 657 3161; baseline 0.005 -19"><span class='ocrx_word' id='word_1_331' title='bbox 289 3102 416 3143; x_wconf 79' lang='lat' dir='ltr'><strong>nem</strong></span> <span class='ocrx_word' id='word_1_332' title='bbox 451 3090 593 3161; x_wconf 80' lang='grc'><strong>(19).</strong></span> <span class='ocrx_word' id='word_1_333' title='bbox 636 3110 657 3144; x_wconf 74' lang='grc' dir='ltr'><strong><em>ι</em></strong></span> 
     </span>
    </p>
   </div>
   <div class='ocr_carea' id='block_1_47' title="bbox 358 3180 1888 3261">
    <p class='ocr_par' dir='ltr' id='par_1_47' title="bbox 358 3180 1888 3261">
     <span class='ocr_line' id='line_1_47' title="bbox 358 3180 1888 3261; baseline 0.007 -27"><span class='ocrx_word' id='word_1_334' title='bbox 358 3180 653 3237; x_wconf 74' lang='lat' dir='ltr'><strong>Iudicium</strong></span> <span class='ocrx_word' id='word_1_335' title='bbox 690 3197 1001 3245; x_wconf 76' lang='lat' dir='ltr'><strong>extremum.</strong></span> <span class='ocrx_word' id='word_1_336' title='bbox 1031 3220 1102 3232; x_wconf 89' lang='lat'><strong>—</strong></span> <span class='ocrx_word' id='word_1_337' title='bbox 1128 3191 1205 3247; x_wconf 87' lang='lat' dir='ltr'><strong>De</strong></span> <span class='ocrx_word' id='word_1_338' title='bbox 1236 3183 1484 3247; x_wconf 82' lang='lat' dir='ltr'><strong>extremo</strong></span> <span class='ocrx_word' id='word_1_339' title='bbox 1523 3190 1732 3261; x_wconf 87' lang='lat' dir='ltr'><strong>judicio</strong></span> <span class='ocrx_word' id='word_1_340' title='bbox 1776 3190 1888 3261; x_wconf 83' lang='lat' dir='ltr'><strong>agit</strong></span> 
     </span>
    </p>
   </div>
   <div class='ocr_carea' id='block_1_48' title="bbox 291 3271 1885 3352">
    <p class='ocr_par' dir='ltr' id='par_1_48' title="bbox 291 3271 1885 3352">
     <span class='ocr_line' id='line_1_48' title="bbox 291 3271 1885 3352; baseline 0.006 -24"><span class='ocrx_word' id='word_1_341' title='bbox 291 3271 355 3331; x_wconf 86' lang='lat' dir='ltr'><strong>S.</strong></span> <span class='ocrx_word' id='word_1_342' title='bbox 384 3273 721 3349; x_wconf 81' lang='lat' dir='ltr'><strong>Hippolytus</strong></span> <span class='ocrx_word' id='word_1_343' title='bbox 746 3289 860 3335; x_wconf 91' lang='lat' dir='ltr'><strong>tum</strong></span> <span class='ocrx_word' id='word_1_344' title='bbox 890 3281 945 3336; x_wconf 93' lang='lat' dir='ltr'><strong>in</strong></span> <span class='ocrx_word' id='word_1_345' title='bbox 980 3283 1118 3339; x_wconf 92' lang='lat' dir='ltr'><strong>libro</strong></span> <span class='ocrx_word' id='word_1_346' title='bbox 1155 3280 1233 3338; x_wconf 86' lang='lat' dir='ltr'><strong>De</strong></span> <span class='ocrx_word' id='word_1_347' title='bbox 1277 3286 1618 3352; x_wconf 83' lang='lat' dir='ltr'><strong>Antichristo,</strong></span> <span class='ocrx_word' id='word_1_348' title='bbox 1668 3294 1781 3338; x_wconf 92' lang='lat' dir='ltr'><strong>tum</strong></span> <span class='ocrx_word' id='word_1_349' title='bbox 1829 3285 1885 3338; x_wconf 89' lang='lat' dir='ltr'><strong>in</strong></span> 
     </span>
    </p>
   </div>
   <div class='ocr_carea' id='block_1_49' title="bbox 287 3369 1882 3433">
    <p class='ocr_par' dir='ltr' id='par_1_49' title="bbox 287 3369 1882 3433">
     <span class='ocr_line' id='line_1_49' title="bbox 287 3369 1882 3433; baseline 0.007 -14"><span class='ocrx_word' id='word_1_350' title='bbox 287 3372 535 3422; x_wconf 86' lang='lat' dir='ltr'><strong>tractatu</strong></span> <span class='ocrx_word' id='word_1_351' title='bbox 568 3369 823 3425; x_wconf 71' lang='lat' dir='ltr'><strong>adversus</strong></span> <span class='ocrx_word' id='word_1_352' title='bbox 855 3372 1153 3429; x_wconf 81' lang='lat' dir='ltr'><strong>Platonem.</strong></span> <span class='ocrx_word' id='word_1_353' title='bbox 1187 3376 1243 3430; x_wconf 90' lang='lat' dir='ltr'><strong>In</strong></span> <span class='ocrx_word' id='word_1_354' title='bbox 1285 3376 1387 3433; x_wconf 90' lang='lat' dir='ltr'><strong>hoc</strong></span> <span class='ocrx_word' id='word_1_355' title='bbox 1431 3377 1617 3432; x_wconf 90' lang='lat' dir='ltr'><strong>scribit</strong></span> <span class='ocrx_word' id='word_1_356' title='bbox 1655 3376 1721 3430; x_wconf 93' lang='lat' dir='ltr'><strong>de</strong></span> <span class='ocrx_word' id='word_1_357' title='bbox 1746 3375 1837 3430; x_wconf 88' lang='lat' dir='ltr'><strong>illo</strong></span> <span class='ocrx_word' id='word_1_358' title='bbox 1868 3392 1882 3430; x_wconf 91' lang='lat'><strong>:</strong></span> 
     </span>
    </p>
   </div>
   <div class='ocr_carea' id='block_1_50' title="bbox 294 3458 1877 3539">
    <p class='ocr_par' dir='ltr' id='par_1_50' title="bbox 294 3458 1877 3539">
     <span class='ocr_line' id='line_1_50' title="bbox 294 3458 1877 3539; baseline 0.013 -30"><span class='ocrx_word' id='word_1_359' title='bbox 294 3476 314 3507; x_wconf 74' lang='grc' dir='ltr'>ι</span> <span class='ocrx_word' id='word_1_360' title='bbox 346 3458 508 3525; x_wconf 85' lang='lat' dir='ltr'><strong>Quod</strong></span> <span class='ocrx_word' id='word_1_361' title='bbox 534 3477 753 3534; x_wconf 77' lang='lat' dir='ltr'><strong>omnes,</strong></span> <span class='ocrx_word' id='word_1_362' title='bbox 780 3466 896 3520; x_wconf 86' lang='lat' dir='ltr'><strong>sive</strong></span> <span class='ocrx_word' id='word_1_363' title='bbox 918 3467 1054 3537; x_wconf 87' lang='lat' dir='ltr'><strong>justi</strong></span> <span class='ocrx_word' id='word_1_364' title='bbox 1085 3469 1200 3523; x_wconf 89' lang='lat' dir='ltr'><strong>sive</strong></span> <span class='ocrx_word' id='word_1_365' title='bbox 1232 3469 1439 3539; x_wconf 79' lang='lat' dir='ltr'><strong>iniusti,</strong></span> <span class='ocrx_word' id='word_1_366' title='bbox 1475 3470 1743 3528; x_wconf 89' lang='lat' dir='ltr'><strong>ducentur</strong></span> <span class='ocrx_word' id='word_1_367' title='bbox 1781 3489 1877 3529; x_wconf 87' lang='lat' dir='ltr'><strong>co-</strong></span> 
     </span>
    </p>
   </div>
   <div class='ocr_carea' id='block_1_51' title="bbox 293 3546 1875 3633">
    <p class='ocr_par' dir='ltr' id='par_1_51' title="bbox 293 3546 1875 3633">
     <span class='ocr_line' id='line_1_51' title="bbox 293 3546 1875 3633; baseline 0.013 -31"><span class='ocrx_word' id='word_1_368' title='bbox 293 3565 401 3604; x_wconf 85' lang='lat' dir='ltr'><strong>ram</strong></span> <span class='ocrx_word' id='word_1_369' title='bbox 430 3551 554 3607; x_wconf 90' lang='lat' dir='ltr'><strong>Deo</strong></span> <span class='ocrx_word' id='word_1_370' title='bbox 581 3546 761 3610; x_wconf 78' lang='lat' dir='ltr'><strong>Verbo</strong></span> <span class='ocrx_word' id='word_1_371' title='bbox 795 3575 812 3613; x_wconf 89' lang='lat'><strong>:</strong></span> <span class='ocrx_word' id='word_1_372' title='bbox 843 3557 917 3613; x_wconf 87' lang='lat' dir='ltr'><strong>illi</strong></span> <span class='ocrx_word' id='word_1_373' title='bbox 940 3561 1085 3613; x_wconf 90' lang='lat' dir='ltr'><strong>enim</strong></span> <span class='ocrx_word' id='word_1_374' title='bbox 1121 3559 1289 3616; x_wconf 83' lang='lat' dir='ltr'><strong>Pater</strong></span> <span class='ocrx_word' id='word_1_375' title='bbox 1315 3579 1465 3617; x_wconf 84' lang='lat' dir='ltr'><strong>omne</strong></span> <span class='ocrx_word' id='word_1_376' title='bbox 1484 3564 1754 3633; x_wconf 79' lang='lat' dir='ltr'><strong>judicium</strong></span> <span class='ocrx_word' id='word_1_377' title='bbox 1783 3567 1875 3622; x_wconf 81' lang='lat' dir='ltr'><strong>de-</strong></span> 
     </span>
    </p>
   </div>
   <div class='ocr_carea' id='block_1_52' title="bbox 303 3641 1879 3727">
    <p class='ocr_par' dir='ltr' id='par_1_52' title="bbox 303 3641 1879 3727">
     <span class='ocr_line' id='line_1_52' title="bbox 303 3641 1879 3727; baseline 0.014 -35"><span class='ocrx_word' id='word_1_378' title='bbox 303 3641 375 3694; x_wconf 79' lang='lat' dir='ltr'><strong>dit</strong></span> <span class='ocrx_word' id='word_1_379' title='bbox 406 3645 472 3708; x_wconf 78' lang='grc'><strong>⁸³,</strong></span> <span class='ocrx_word' id='word_1_380' title='bbox 507 3654 569 3699; x_wconf 89' lang='lat' dir='ltr'><strong>et</strong></span> <span class='ocrx_word' id='word_1_381' title='bbox 598 3646 694 3702; x_wconf 90' lang='lat' dir='ltr'><strong>ille</strong></span> <span class='ocrx_word' id='word_1_382' title='bbox 731 3649 1065 3705; x_wconf 86' lang='lat' dir='ltr'><strong>voluntatem</strong></span> <span class='ocrx_word' id='word_1_383' title='bbox 1105 3652 1280 3709; x_wconf 87' lang='lat' dir='ltr'><strong>Patris</strong></span> <span class='ocrx_word' id='word_1_384' title='bbox 1316 3655 1548 3724; x_wconf 89' lang='lat' dir='ltr'><strong>implens</strong></span> <span class='ocrx_word' id='word_1_385' title='bbox 1576 3658 1742 3727; x_wconf 83' lang='lat' dir='ltr'><strong>judex</strong></span> <span class='ocrx_word' id='word_1_386' title='bbox 1784 3660 1879 3713; x_wconf 88' lang='lat' dir='ltr'><strong>ad-</strong></span> 
     </span>
    </p>
   </div>
   <div class='ocr_carea' id='block_1_53' title="bbox 308 3734 1876 3812">
    <p class='ocr_par' dir='ltr' id='par_1_53' title="bbox 308 3734 1876 3812">
     <span class='ocr_line' id='line_1_53' title="bbox 308 3734 1876 3812; baseline 0.011 -26"><span class='ocrx_word' id='word_1_387' title='bbox 308 3734 506 3802; x_wconf 69' lang='lat' dir='ltr'><strong>veniet;</strong></span> <span class='ocrx_word' id='word_1_388' title='bbox 536 3736 651 3803; x_wconf 87' lang='lat' dir='ltr'><strong>ille,</strong></span> <span class='ocrx_word' id='word_1_389' title='bbox 680 3738 926 3809; x_wconf 87' lang='lat' dir='ltr'><strong>inquam,</strong></span> <span class='ocrx_word' id='word_1_390' title='bbox 950 3757 1111 3812; x_wconf 91' lang='lat' dir='ltr'><strong>quem</strong></span> <span class='ocrx_word' id='word_1_391' title='bbox 1144 3759 1245 3799; x_wconf 92' lang='lat' dir='ltr'><strong>nos</strong></span> <span class='ocrx_word' id='word_1_392' title='bbox 1268 3743 1547 3801; x_wconf 88' lang='lat' dir='ltr'><strong>Christum</strong></span> <span class='ocrx_word' id='word_1_393' title='bbox 1578 3764 1836 3806; x_wconf 89' lang='lat' dir='ltr'><strong>vocamus</strong></span> <span class='ocrx_word' id='word_1_394' title='bbox 1862 3769 1876 3803; x_wconf 89' lang='lat'><strong>:</strong></span> 
     </span>
    </p>
   </div>
   <div class='ocr_carea' id='block_1_54' title="bbox 307 3830 1878 3911">
    <p class='ocr_par' dir='ltr' id='par_1_54' title="bbox 307 3830 1878 3911">
     <span class='ocr_line' id='line_1_54' title="bbox 307 3830 1878 3911; baseline 0.012 -32"><span class='ocrx_word' id='word_1_395' title='bbox 307 3840 466 3896; x_wconf 83' lang='lat' dir='ltr'><strong>neque</strong></span> <span class='ocrx_word' id='word_1_396' title='bbox 501 3830 659 3885; x_wconf 87' lang='lat' dir='ltr'><strong>enim</strong></span> <span class='ocrx_word' id='word_1_397' title='bbox 689 3831 883 3900; x_wconf 80' lang='lat' dir='ltr'><strong>Minos,</strong></span> <span class='ocrx_word' id='word_1_398' title='bbox 912 3845 1005 3890; x_wconf 89' lang='lat' dir='ltr'><strong>aut</strong></span> <span class='ocrx_word' id='word_1_399' title='bbox 1026 3834 1472 3893; x_wconf 79' lang='lat' dir='ltr'><strong>Rhadamanthus</strong></span> <span class='ocrx_word' id='word_1_400' title='bbox 1494 3851 1620 3895; x_wconf 91' lang='lat' dir='ltr'><strong>sunt</strong></span> <span class='ocrx_word' id='word_1_401' title='bbox 1642 3842 1878 3911; x_wconf 88' lang='lat' dir='ltr'><strong>judices,</strong></span> 
     </span>
    </p>
   </div>
   <div class='ocr_carea' id='block_1_55' title="bbox 253 3923 1875 4001">
    <p class='ocr_par' dir='ltr' id='par_1_55' title="bbox 253 3923 1875 4001">
     <span class='ocr_line' id='line_1_55' title="bbox 253 3923 1875 4001; baseline 0.012 -29"><span class='ocrx_word' id='word_1_402' title='bbox 253 3948 258 3953; x_wconf 89' lang='lat'><strong>-</strong></span> <span class='ocrx_word' id='word_1_403' title='bbox 300 3928 353 3973; x_wconf 93' lang='lat' dir='ltr'><strong>ut</strong></span> <span class='ocrx_word' id='word_1_404' title='bbox 380 3923 691 3979; x_wconf 86' lang='lat' dir='ltr'><strong>secundum</strong></span> <span class='ocrx_word' id='word_1_405' title='bbox 722 3941 841 3992; x_wconf 90' lang='lat' dir='ltr'><strong>vos,</strong></span> <span class='ocrx_word' id='word_1_406' title='bbox 884 3928 1117 3997; x_wconf 88' lang='lat' dir='ltr'><strong>ethnici;</strong></span> <span class='ocrx_word' id='word_1_407' title='bbox 1151 3930 1242 3983; x_wconf 86' lang='lat' dir='ltr'><strong>sed</strong></span> <span class='ocrx_word' id='word_1_408' title='bbox 1286 3931 1394 3998; x_wconf 90' lang='lat' dir='ltr'><strong>ille,</strong></span> <span class='ocrx_word' id='word_1_409' title='bbox 1435 3947 1595 4001; x_wconf 87' lang='lat' dir='ltr'><strong>quem</strong></span> <span class='ocrx_word' id='word_1_410' title='bbox 1648 3933 1789 3989; x_wconf 81' lang='lat' dir='ltr'><strong>Deus</strong></span> <span class='ocrx_word' id='word_1_411' title='bbox 1821 3948 1875 3991; x_wconf 87' lang='lat' dir='ltr'><strong>et</strong></span> 
     </span>
    </p>
   </div>
   <div class='ocr_carea' id='block_1_56' title="bbox 290 4009 1876 4095">
    <p class='ocr_par' dir='ltr' id='par_1_56' title="bbox 290 4009 1876 4095">
     <span class='ocr_line' id='line_1_56' title="bbox 290 4009 1876 4095; baseline 0.013 -29"><span class='ocrx_word' id='word_1_412' title='bbox 290 4009 446 4069; x_wconf 84' lang='lat' dir='ltr'><strong>Pater</strong></span> <span class='ocrx_word' id='word_1_413' title='bbox 472 4017 824 4087; x_wconf 83' lang='lat' dir='ltr'><strong>gloriﬁcavit,</strong></span> <span class='ocrx_word' id='word_1_414' title='bbox 855 4021 923 4075; x_wconf 89' lang='lat' dir='ltr'><strong>de</strong></span> <span class='ocrx_word' id='word_1_415' title='bbox 966 4038 1078 4092; x_wconf 91' lang='lat' dir='ltr'><strong>quo</strong></span> <span class='ocrx_word' id='word_1_416' title='bbox 1119 4024 1249 4078; x_wconf 89' lang='lat' dir='ltr'><strong>alibi</strong></span> <span class='ocrx_word' id='word_1_417' title='bbox 1298 4026 1662 4095; x_wconf 77' lang='lat' dir='ltr'><strong>particulatim</strong></span> <span class='ocrx_word' id='word_1_418' title='bbox 1700 4029 1876 4086; x_wconf 87' lang='lat' dir='ltr'><strong>disse-</strong></span> 
     </span>
    </p>
   </div>
   <div class='ocr_carea' id='block_1_57' title="bbox 288 4107 1873 4191">
    <p class='ocr_par' dir='ltr' id='par_1_57' title="bbox 288 4107 1873 4191">
     <span class='ocr_line' id='line_1_57' title="bbox 288 4107 1873 4191; baseline 0.011 -32"><span class='ocrx_word' id='word_1_419' title='bbox 288 4107 502 4163; x_wconf 82' lang='lat' dir='ltr'><strong>ruimus</strong></span> <span class='ocrx_word' id='word_1_420' title='bbox 543 4108 598 4163; x_wconf 91' lang='lat' dir='ltr'><strong>in</strong></span> <span class='ocrx_word' id='word_1_421' title='bbox 638 4113 866 4180; x_wconf 81' lang='lat' dir='ltr'><strong>gratiam</strong></span> <span class='ocrx_word' id='word_1_422' title='bbox 896 4128 1084 4168; x_wconf 91' lang='lat' dir='ltr'><strong>eorum</strong></span> <span class='ocrx_word' id='word_1_423' title='bbox 1137 4116 1229 4185; x_wconf 91' lang='lat' dir='ltr'><strong>qui</strong></span> <span class='ocrx_word' id='word_1_424' title='bbox 1271 4127 1523 4186; x_wconf 74' lang='lat' dir='ltr'><strong>quaerunt</strong></span> <span class='ocrx_word' id='word_1_425' title='bbox 1561 4120 1873 4191; x_wconf 74' lang='lat' dir='ltr'><strong>veritatem;</strong></span> 
     </span>
    </p>
   </div>
   <div class='ocr_carea' id='block_1_58' title="bbox 283 4196 1874 4273">
    <p class='ocr_par' dir='ltr' id='par_1_58' title="bbox 283 4196 1874 4273">
     <span class='ocr_line' id='line_1_58' title="bbox 283 4196 1874 4273; baseline 0.012 -22"><span class='ocrx_word' id='word_1_426' title='bbox 283 4196 373 4252; x_wconf 87' lang='lat' dir='ltr'><strong>ille</strong></span> <span class='ocrx_word' id='word_1_427' title='bbox 414 4198 536 4268; x_wconf 89' lang='lat' dir='ltr'><strong>ipse</strong></span> <span class='ocrx_word' id='word_1_428' title='bbox 567 4200 778 4269; x_wconf 91' lang='lat' dir='ltr'><strong>justum</strong></span> <span class='ocrx_word' id='word_1_429' title='bbox 808 4204 1075 4273; x_wconf 87' lang='lat' dir='ltr'><strong>judicium</strong></span> <span class='ocrx_word' id='word_1_430' title='bbox 1113 4205 1289 4261; x_wconf 81' lang='lat' dir='ltr'><strong>Patris</strong></span> <span class='ocrx_word' id='word_1_431' title='bbox 1322 4209 1375 4262; x_wconf 94' lang='lat' dir='ltr'><strong>in</strong></span> <span class='ocrx_word' id='word_1_432' title='bbox 1402 4226 1591 4266; x_wconf 90' lang='lat' dir='ltr'><strong>omnes</strong></span> <span class='ocrx_word' id='word_1_433' title='bbox 1613 4228 1874 4270; x_wconf 88' lang='lat' dir='ltr'><strong>exercens</strong></span> 
     </span>
    </p>
   </div>
   <div class='ocr_carea' id='block_1_59' title="bbox 285 4289 1875 4376">
    <p class='ocr_par' dir='ltr' id='par_1_59' title="bbox 285 4289 1875 4376">
     <span class='ocr_line' id='line_1_59' title="bbox 285 4289 1875 4376; baseline 0.011 -33"><span class='ocrx_word' id='word_1_434' title='bbox 285 4289 591 4359; x_wconf 85' lang='lat' dir='ltr'><strong>ordinabit,</strong></span> <span class='ocrx_word' id='word_1_435' title='bbox 642 4294 783 4363; x_wconf 91' lang='lat' dir='ltr'><strong>quod</strong></span> <span class='ocrx_word' id='word_1_436' title='bbox 824 4310 1041 4366; x_wconf 63' lang='lat' dir='ltr'><strong>aequum</strong></span> <span class='ocrx_word' id='word_1_437' title='bbox 1081 4311 1133 4353; x_wconf 91' lang='lat' dir='ltr'><strong>et</strong></span> <span class='ocrx_word' id='word_1_438' title='bbox 1168 4299 1374 4376; x_wconf 83' lang='lat' dir='ltr'><strong>justum</strong></span> <span class='ocrx_word' id='word_1_439' title='bbox 1409 4304 1534 4366; x_wconf 91' lang='lat' dir='ltr'><strong>erit,</strong></span> <span class='ocrx_word' id='word_1_440' title='bbox 1578 4304 1875 4376; x_wconf 73' lang='lat' dir='ltr'><strong>unicuique</strong></span> 
     </span>
    </p>
   </div>
   <div class='ocr_carea' id='block_1_60' title="bbox 283 4373 1875 4458">
    <p class='ocr_par' dir='ltr' id='par_1_60' title="bbox 283 4373 1875 4458">
     <span class='ocr_line' id='line_1_60' title="bbox 283 4373 1875 4458; baseline 0.008 -23"><span class='ocrx_word' id='word_1_441' title='bbox 283 4382 593 4438; x_wconf 80' lang='lat' dir='ltr'><strong>secundum</strong></span> <span class='ocrx_word' id='word_1_442' title='bbox 618 4399 785 4453; x_wconf 85' lang='lat' dir='ltr'><strong>opera</strong></span> <span class='ocrx_word' id='word_1_443' title='bbox 814 4406 828 4440; x_wconf 88' lang='lat'><strong>:</strong></span> <span class='ocrx_word' id='word_1_444' title='bbox 861 4387 1012 4456; x_wconf 81' lang='lat' dir='ltr'><strong>cujus</strong></span> <span class='ocrx_word' id='word_1_445' title='bbox 1026 4373 1236 4457; x_wconf 85' lang='lat' dir='ltr'><strong>judicio</strong></span> <span class='ocrx_word' id='word_1_446' title='bbox 1273 4392 1526 4447; x_wconf 83' lang='lat' dir='ltr'><strong>sistentur</strong></span> <span class='ocrx_word' id='word_1_447' title='bbox 1553 4411 1749 4458; x_wconf 84' lang='lat' dir='ltr'><strong>omnes,</strong></span> <span class='ocrx_word' id='word_1_448' title='bbox 1781 4373 1875 4448; x_wconf 71' lang='lat' dir='ltr'><strong>lto-</strong></span> 
     </span>
    </p>
   </div>
   <div class='ocr_carea' id='block_1_61' title="bbox 281 4476 1873 4550">
    <p class='ocr_par' dir='ltr' id='par_1_61' title="bbox 281 4476 1873 4550">
     <span class='ocr_line' id='line_1_61' title="bbox 281 4476 1873 4550; baseline 0.011 -23"><span class='ocrx_word' id='word_1_449' title='bbox 281 4476 474 4542; x_wconf 81' lang='lat' dir='ltr'><strong>ntines,</strong></span> <span class='ocrx_word' id='word_1_450' title='bbox 507 4477 680 4548; x_wconf 79' lang='lat' dir='ltr'><strong>angeli</strong></span> <span class='ocrx_word' id='word_1_451' title='bbox 709 4479 1050 4550; x_wconf 70' lang='lat' dir='ltr'><strong>(daemones),</strong></span> <span class='ocrx_word' id='word_1_452' title='bbox 1082 4490 1136 4537; x_wconf 89' lang='lat' dir='ltr'><strong>et</strong></span> <span class='ocrx_word' id='word_1_453' title='bbox 1168 4485 1454 4541; x_wconf 85' lang='lat' dir='ltr'><strong>unanimes</strong></span> <span class='ocrx_word' id='word_1_454' title='bbox 1486 4503 1674 4543; x_wconf 87' lang='lat' dir='ltr'><strong>vocem</strong></span> <span class='ocrx_word' id='word_1_455' title='bbox 1714 4491 1873 4544; x_wconf 87' lang='lat' dir='ltr'><strong>emit-</strong></span> 
     </span>
    </p>
   </div>
   <div class='ocr_carea' id='block_1_62' title="bbox 278 4568 1476 4650">
    <p class='ocr_par' dir='ltr' id='par_1_62' title="bbox 278 4568 1476 4650">
     <span class='ocr_line' id='line_1_62' title="bbox 278 4568 1476 4650; baseline 0.008 -28"><span class='ocrx_word' id='word_1_456' title='bbox 278 4576 396 4623; x_wconf 86' lang='lat' dir='ltr'><strong>tent</strong></span> <span class='ocrx_word' id='word_1_457' title='bbox 427 4588 441 4623; x_wconf 90' lang='lat'><strong>:</strong></span> <span class='ocrx_word' id='word_1_458' title='bbox 477 4568 697 4625; x_wconf 83' lang='lat' dir='ltr'><strong>Justum</strong></span> <span class='ocrx_word' id='word_1_459' title='bbox 729 4581 812 4629; x_wconf 89' lang='lat' dir='ltr'><strong>est</strong></span> <span class='ocrx_word' id='word_1_460' title='bbox 834 4572 1098 4643; x_wconf 88' lang='lat' dir='ltr'><strong>judicium</strong></span> <span class='ocrx_word' id='word_1_461' title='bbox 1125 4585 1276 4632; x_wconf 90' lang='lat' dir='ltr'><strong>tuum</strong></span> <span class='ocrx_word' id='word_1_462' title='bbox 1312 4579 1476 4650; x_wconf 78' lang='grc'>(20).»</span> 
     </span>
    </p>
   </div>
   <div class='ocr_carea' id='block_1_63' title="bbox 352 4662 1876 4738">
    <p class='ocr_par' dir='ltr' id='par_1_63' title="bbox 352 4662 1876 4738">
     <span class='ocr_line' id='line_1_63' title="bbox 352 4662 1876 4738; baseline 0.009 -22"><span class='ocrx_word' id='word_1_463' title='bbox 352 4662 653 4718; x_wconf 63' lang='lat' dir='ltr'><strong>Praemium</strong></span> <span class='ocrx_word' id='word_1_464' title='bbox 693 4668 968 4733; x_wconf 87' lang='lat' dir='ltr'><strong>bonorum,</strong></span> <span class='ocrx_word' id='word_1_465' title='bbox 1000 4677 1050 4722; x_wconf 83' lang='lat' dir='ltr'><strong>et</strong></span> <span class='ocrx_word' id='word_1_466' title='bbox 1090 4685 1243 4738; x_wconf 81' lang='lat' dir='ltr'><strong>poma</strong></span> <span class='ocrx_word' id='word_1_467' title='bbox 1276 4671 1558 4729; x_wconf 76' lang='lat' dir='ltr'><strong>malorum.</strong></span> <span class='ocrx_word' id='word_1_468' title='bbox 1599 4704 1671 4716; x_wconf 95' lang='lat'>—</span> <span class='ocrx_word' id='word_1_469' title='bbox 1706 4693 1726 4727; x_wconf 73' lang='grc' dir='ltr'>ι</span> <span class='ocrx_word' id='word_1_470' title='bbox 1762 4675 1876 4730; x_wconf 80' lang='lat' dir='ltr'><strong>Hu-</strong></span> 
     </span>
    </p>
   </div>
   <div class='ocr_carea' id='block_1_64' title="bbox 276 4755 1874 4840">
    <p class='ocr_par' dir='ltr' id='par_1_64' title="bbox 276 4755 1874 4840">
     <span class='ocr_line' id='line_1_64' title="bbox 276 4755 1874 4840; baseline 0.01 -31"><span class='ocrx_word' id='word_1_471' title='bbox 276 4755 371 4826; x_wconf 90' lang='lat' dir='ltr'><strong>jus</strong></span> <span class='ocrx_word' id='word_1_472' title='bbox 400 4758 556 4813; x_wconf 88' lang='lat' dir='ltr'><strong>vocis</strong></span> <span class='ocrx_word' id='word_1_473' title='bbox 590 4760 839 4829; x_wconf 71' lang='lat' dir='ltr'><strong>zequitas,</strong></span> <span class='ocrx_word' id='word_1_474' title='bbox 868 4765 1220 4834; x_wconf 88' lang='lat' dir='ltr'><strong>prosequitur</strong></span> <span class='ocrx_word' id='word_1_475' title='bbox 1253 4764 1311 4820; x_wconf 92' lang='lat' dir='ltr'><strong>S.</strong></span> <span class='ocrx_word' id='word_1_476' title='bbox 1342 4765 1684 4839; x_wconf 81' lang='lat' dir='ltr'><strong>Hippolytus,</strong></span> <span class='ocrx_word' id='word_1_477' title='bbox 1707 4786 1874 4840; x_wconf 85' lang='lat' dir='ltr'><strong>appa-</strong></span> 
     </span>
    </p>
   </div>
   <div class='ocr_carea' id='block_1_65' title="bbox 284 4851 1873 4931">
    <p class='ocr_par' dir='ltr' id='par_1_65' title="bbox 284 4851 1873 4931">
     <span class='ocr_line' id='line_1_65' title="bbox 284 4851 1873 4931; baseline 0.009 -28"><span class='ocrx_word' id='word_1_478' title='bbox 284 4859 372 4904; x_wconf 84' lang='lat' dir='ltr'><strong>ret</strong></span> <span class='ocrx_word' id='word_1_479' title='bbox 404 4851 461 4903; x_wconf 87' lang='lat' dir='ltr'><strong>in</strong></span> <span class='ocrx_word' id='word_1_480' title='bbox 497 4852 839 4908; x_wconf 79' lang='lat' dir='ltr'><strong>retributione</strong></span> <span class='ocrx_word' id='word_1_481' title='bbox 869 4856 923 4908; x_wconf 87' lang='lat' dir='ltr'><strong>in</strong></span> <span class='ocrx_word' id='word_1_482' title='bbox 976 4866 1219 4927; x_wconf 85' lang='lat' dir='ltr'><strong>utroque,</strong></span> <span class='ocrx_word' id='word_1_483' title='bbox 1270 4876 1390 4913; x_wconf 89' lang='lat' dir='ltr'><strong>cum</strong></span> <span class='ocrx_word' id='word_1_484' title='bbox 1429 4860 1873 4931; x_wconf 82' lang='lat' dir='ltr'><strong>benefacieutibus</strong></span> 
     </span>
    </p>
   </div>
   <div class='ocr_carea' id='block_1_66' title="bbox 276 4942 1871 5024">
    <p class='ocr_par' dir='ltr' id='par_1_66' title="bbox 276 4942 1871 5024">
     <span class='ocr_line' id='line_1_66' title="bbox 276 4942 1871 5024; baseline 0.009 -31"><span class='ocrx_word' id='word_1_485' title='bbox 276 4942 420 5006; x_wconf 73' lang='lat' dir='ltr'><strong>iuste</strong></span> <span class='ocrx_word' id='word_1_486' title='bbox 444 4944 635 5011; x_wconf 81' lang='lat' dir='ltr'><strong>fruitio</strong></span> <span class='ocrx_word' id='word_1_487' title='bbox 666 4955 861 5000; x_wconf 67' lang='lat' dir='ltr'><strong>interna</strong></span> <span class='ocrx_word' id='word_1_488' title='bbox 891 4950 1209 5016; x_wconf 73' lang='lat' dir='ltr'><strong>prwbeatur,</strong></span> <span class='ocrx_word' id='word_1_489' title='bbox 1235 4951 1496 5005; x_wconf 88' lang='lat' dir='ltr'><strong>malorum</strong></span> <span class='ocrx_word' id='word_1_490' title='bbox 1517 4970 1632 5008; x_wconf 81' lang='lat' dir='ltr'><strong>vero</strong></span> <span class='ocrx_word' id='word_1_491' title='bbox 1664 4954 1871 5024; x_wconf 80' lang='lat' dir='ltr'><strong>cupidis</strong></span> 
     </span>
    </p>
   </div>
   <div class='ocr_carea' id='block_1_67' title="bbox 2001 1989 3590 2061">
    <p class='ocr_par' dir='ltr' id='par_1_67' title="bbox 2001 1989 3590 2061">
     <span class='ocr_line' id='line_1_67' title="bbox 2001 1989 3590 2061; baseline 0 -15"><span class='ocrx_word' id='word_1_492' title='bbox 2001 2001 2165 2047; x_wconf 85' lang='lat' dir='ltr'><strong>ventu</strong></span> <span class='ocrx_word' id='word_1_493' title='bbox 2188 1990 2419 2047; x_wconf 82' lang='lat' dir='ltr'><strong>dillicilis</strong></span> <span class='ocrx_word' id='word_1_494' title='bbox 2441 1989 2681 2061; x_wconf 89' lang='lat' dir='ltr'><strong>paradisi</strong></span> <span class='ocrx_word' id='word_1_495' title='bbox 2697 1991 2841 2057; x_wconf 88' lang='lat' dir='ltr'><strong>aula,</strong></span> <span class='ocrx_word' id='word_1_496' title='bbox 2868 2005 2976 2045; x_wconf 91' lang='lat' dir='ltr'><strong>non</strong></span> <span class='ocrx_word' id='word_1_497' title='bbox 3000 1990 3262 2046; x_wconf 90' lang='lat' dir='ltr'><strong>molestus</strong></span> <span class='ocrx_word' id='word_1_498' title='bbox 3286 1991 3455 2045; x_wconf 86' lang='lat' dir='ltr'><strong>maris</strong></span> <span class='ocrx_word' id='word_1_499' title='bbox 3478 1989 3590 2046; x_wconf 82' lang='lat' dir='ltr'><strong>fre-</strong></span> 
     </span>
    </p>
   </div>
   <div class='ocr_carea' id='block_1_68' title="bbox 1998 2080 3587 2151">
    <p class='ocr_par' dir='ltr' id='par_1_68' title="bbox 1998 2080 3587 2151">
     <span class='ocr_line' id='line_1_68' title="bbox 1998 2080 3587 2151; baseline 0.001 -14"><span class='ocrx_word' id='word_1_500' title='bbox 1998 2082 2190 2149; x_wconf 77' lang='lat' dir='ltr'><strong>mitus,</strong></span> <span class='ocrx_word' id='word_1_501' title='bbox 2224 2080 2546 2151; x_wconf 89' lang='lat' dir='ltr'><strong>impediens,</strong></span> <span class='ocrx_word' id='word_1_502' title='bbox 2571 2081 2867 2151; x_wconf 88' lang='lat' dir='ltr'><strong>quominus</strong></span> <span class='ocrx_word' id='word_1_503' title='bbox 2882 2096 2913 2135; x_wconf 90' lang='lat' dir='ltr'><strong>a</strong></span> <span class='ocrx_word' id='word_1_504' title='bbox 2937 2090 3151 2136; x_wconf 89' lang='lat' dir='ltr'><strong>vectore</strong></span> <span class='ocrx_word' id='word_1_505' title='bbox 3168 2081 3396 2151; x_wconf 87' lang='lat' dir='ltr'><strong>pedibus</strong></span> <span class='ocrx_word' id='word_1_506' title='bbox 3410 2081 3587 2138; x_wconf 77' lang='lat' dir='ltr'><strong>calce-</strong></span> 
     </span>
    </p>
   </div>
   <div class='ocr_carea' id='block_1_69' title="bbox 2002 2172 3586 2245">
    <p class='ocr_par' dir='ltr' id='par_1_69' title="bbox 2002 2172 3586 2245">
     <span class='ocr_line' id='line_1_69' title="bbox 2002 2172 3586 2245; baseline -0.001 -16"><span class='ocrx_word' id='word_1_507' title='bbox 2002 2173 2285 2245; x_wconf 75' lang='lat' dir='ltr'><strong>tur;justis</strong></span> <span class='ocrx_word' id='word_1_508' title='bbox 2300 2172 2443 2227; x_wconf 89' lang='lat' dir='ltr'><strong>enim</strong></span> <span class='ocrx_word' id='word_1_509' title='bbox 2462 2172 2703 2243; x_wconf 90' lang='lat' dir='ltr'><strong>etipsum</strong></span> <span class='ocrx_word' id='word_1_510' title='bbox 2721 2173 2986 2243; x_wconf 88' lang='lat' dir='ltr'><strong>pervium,</strong></span> <span class='ocrx_word' id='word_1_511' title='bbox 3000 2172 3216 2228; x_wconf 89' lang='lat' dir='ltr'><strong>etiamsi</strong></span> <span class='ocrx_word' id='word_1_512' title='bbox 3235 2172 3458 2229; x_wconf 87' lang='lat' dir='ltr'><strong>humido</strong></span> <span class='ocrx_word' id='word_1_513' title='bbox 3475 2188 3586 2228; x_wconf 90' lang='lat' dir='ltr'><strong>non</strong></span> 
     </span>
    </p>
   </div>
   <div class='ocr_carea' id='block_1_70' title="bbox 1956 2264 3579 2336">
    <p class='ocr_par' dir='ltr' id='par_1_70' title="bbox 1956 2264 3579 2336">
     <span class='ocr_line' id='line_1_70' title="bbox 1956 2264 3579 2336; baseline 0.002 -16"><span class='ocrx_word' id='word_1_514' title='bbox 1956 2296 1959 2301; x_wconf 91' lang='lat'><strong><em>-</em></strong></span> <span class='ocrx_word' id='word_1_515' title='bbox 1999 2266 2261 2336; x_wconf 76' lang='lat' dir='ltr'><strong>privetur.</strong></span> <span class='ocrx_word' id='word_1_516' title='bbox 2299 2264 2510 2321; x_wconf 62' lang='lat' dir='ltr'><strong>Caelum</strong></span> <span class='ocrx_word' id='word_1_517' title='bbox 2543 2281 2651 2321; x_wconf 91' lang='lat' dir='ltr'><strong>non</strong></span> <span class='ocrx_word' id='word_1_518' title='bbox 2697 2266 2803 2321; x_wconf 90' lang='lat' dir='ltr'><strong>erit</strong></span> <span class='ocrx_word' id='word_1_519' title='bbox 2847 2264 3187 2321; x_wconf 87' lang='lat' dir='ltr'><strong>inaccessum</strong></span> <span class='ocrx_word' id='word_1_520' title='bbox 3242 2266 3579 2333; x_wconf 90' lang='lat' dir='ltr'><strong>hominibus,</strong></span> 
     </span>
    </p>
   </div>
   <div class='ocr_carea' id='block_1_71' title="bbox 1956 2358 3581 2430">
    <p class='ocr_par' dir='ltr' id='par_1_71' title="bbox 1956 2358 3581 2430">
     <span class='ocr_line' id='line_1_71' title="bbox 1956 2358 3581 2430; baseline -0.001 -16"><span class='ocrx_word' id='word_1_521' title='bbox 1956 2398 1966 2406; x_wconf 80' lang='lat'><strong>.</strong></span> <span class='ocrx_word' id='word_1_522' title='bbox 1997 2369 2054 2414; x_wconf 86' lang='lat' dir='ltr'><strong>et</strong></span> <span class='ocrx_word' id='word_1_523' title='bbox 2083 2360 2190 2425; x_wconf 84' lang='lat' dir='ltr'><strong>via,</strong></span> <span class='ocrx_word' id='word_1_524' title='bbox 2229 2375 2337 2430; x_wconf 91' lang='lat' dir='ltr'><strong>qua</strong></span> <span class='ocrx_word' id='word_1_525' title='bbox 2371 2360 2591 2416; x_wconf 85' lang='lat' dir='ltr'><strong>ascendi</strong></span> <span class='ocrx_word' id='word_1_526' title='bbox 2617 2367 2669 2415; x_wconf 91' lang='lat' dir='ltr'><strong>et</strong></span> <span class='ocrx_word' id='word_1_527' title='bbox 2702 2359 2887 2415; x_wconf 85' lang='lat' dir='ltr'><strong>scandi</strong></span> <span class='ocrx_word' id='word_1_528' title='bbox 2925 2358 3118 2429; x_wconf 90' lang='lat' dir='ltr'><strong>possit,</strong></span> <span class='ocrx_word' id='word_1_529' title='bbox 3154 2374 3263 2414; x_wconf 92' lang='lat' dir='ltr'><strong>non</strong></span> <span class='ocrx_word' id='word_1_530' title='bbox 3301 2358 3426 2413; x_wconf 88' lang='lat' dir='ltr'><strong>talis</strong></span> <span class='ocrx_word' id='word_1_531' title='bbox 3456 2359 3581 2426; x_wconf 86' lang='lat' dir='ltr'><strong>erit,</strong></span> 
     </span>
    </p>
   </div>
   <div class='ocr_carea' id='block_1_72' title="bbox 1954 2450 3581 2523">
    <p class='ocr_par' dir='ltr' id='par_1_72' title="bbox 1954 2450 3581 2523">
     <span class='ocr_line' id='line_1_72' title="bbox 1954 2450 3581 2523; baseline 0.001 -18"><span class='ocrx_word' id='word_1_532' title='bbox 1954 2494 1957 2497; x_wconf 55' lang='grc' dir='ltr'>η</span> <span class='ocrx_word' id='word_1_533' title='bbox 1996 2468 2119 2523; x_wconf 67' lang='lat' dir='ltr'><strong>quae</strong></span> <span class='ocrx_word' id='word_1_534' title='bbox 2141 2467 2247 2506; x_wconf 90' lang='lat' dir='ltr'><strong>non</strong></span> <span class='ocrx_word' id='word_1_535' title='bbox 2280 2452 2450 2521; x_wconf 89' lang='lat' dir='ltr'><strong>possit</strong></span> <span class='ocrx_word' id='word_1_536' title='bbox 2473 2451 2723 2507; x_wconf 87' lang='lat' dir='ltr'><strong>inveniri.</strong></span> <span class='ocrx_word' id='word_1_537' title='bbox 2754 2450 2874 2505; x_wconf 89' lang='lat' dir='ltr'><strong>Non</strong></span> <span class='ocrx_word' id='word_1_538' title='bbox 2905 2460 3048 2506; x_wconf 88' lang='lat' dir='ltr'><strong>terra</strong></span> <span class='ocrx_word' id='word_1_539' title='bbox 3078 2451 3228 2507; x_wconf 90' lang='lat' dir='ltr'><strong>rudis</strong></span> <span class='ocrx_word' id='word_1_540' title='bbox 3268 2450 3581 2518; x_wconf 70' lang='lat' dir='ltr'><strong>et&#39;inculta,</strong></span> 
     </span>
    </p>
   </div>
   <div class='ocr_carea' id='block_1_73' title="bbox 1997 2542 3583 2611">
    <p class='ocr_par' dir='ltr' id='par_1_73' title="bbox 1997 2542 3583 2611">
     <span class='ocr_line' id='line_1_73' title="bbox 1997 2542 3583 2611; baseline -0.001 -11"><span class='ocrx_word' id='word_1_541' title='bbox 1997 2553 2050 2600; x_wconf 90' lang='lat' dir='ltr'><strong>et</strong></span> <span class='ocrx_word' id='word_1_542' title='bbox 2097 2544 2409 2599; x_wconf 85' lang='lat' dir='ltr'><strong>hominibus</strong></span> <span class='ocrx_word' id='word_1_543' title='bbox 2456 2544 2721 2611; x_wconf 87' lang='lat' dir='ltr'><strong>laborem,</strong></span> <span class='ocrx_word' id='word_1_544' title='bbox 2769 2551 2824 2597; x_wconf 91' lang='lat' dir='ltr'><strong>et</strong></span> <span class='ocrx_word' id='word_1_545' title='bbox 2871 2543 3175 2597; x_wconf 90' lang='lat' dir='ltr'><strong>molestiam</strong></span> <span class='ocrx_word' id='word_1_546' title='bbox 3228 2558 3442 2607; x_wconf 88' lang='lat' dir='ltr'><strong>creans,</strong></span> <span class='ocrx_word' id='word_1_547' title='bbox 3486 2542 3583 2598; x_wconf 82' lang='lat' dir='ltr'><strong>sed</strong></span> 
     </span>
    </p>
   </div>
   <div class='ocr_carea' id='block_1_74' title="bbox 1996 2634 3577 2705">
    <p class='ocr_par' dir='ltr' id='par_1_74' title="bbox 1996 2634 3577 2705">
     <span class='ocr_line' id='line_1_74' title="bbox 1996 2634 3577 2705; baseline -0.001 -14"><span class='ocrx_word' id='word_1_548' title='bbox 1996 2643 2190 2705; x_wconf 87' lang='lat' dir='ltr'><strong>sponte</strong></span> <span class='ocrx_word' id='word_1_549' title='bbox 2225 2634 2437 2690; x_wconf 83' lang='lat' dir='ltr'><strong>fruetus</strong></span> <span class='ocrx_word' id='word_1_550' title='bbox 2477 2634 2861 2705; x_wconf 89' lang='lat' dir='ltr'><strong>progeminans</strong></span> <span class='ocrx_word' id='word_1_551' title='bbox 2889 2635 2954 2689; x_wconf 88' lang='lat' dir='ltr'><strong>ad</strong></span> <span class='ocrx_word' id='word_1_552' title='bbox 2978 2635 3185 2689; x_wconf 91' lang='lat' dir='ltr'><strong>cultum</strong></span> <span class='ocrx_word' id='word_1_553' title='bbox 3216 2642 3270 2690; x_wconf 89' lang='lat' dir='ltr'><strong>et</strong></span> <span class='ocrx_word' id='word_1_554' title='bbox 3299 2644 3577 2689; x_wconf 89' lang='lat' dir='ltr'><strong>ornatum.</strong></span> 
     </span>
    </p>
   </div>
   <div class='ocr_carea' id='block_1_75' title="bbox 1992 2725 3578 2798">
    <p class='ocr_par' dir='ltr' id='par_1_75' title="bbox 1992 2725 3578 2798">
     <span class='ocr_line' id='line_1_75' title="bbox 1992 2725 3578 2798; baseline 0 -18"><span class='ocrx_word' id='word_1_555' title='bbox 1992 2725 2111 2782; x_wconf 88' lang='lat' dir='ltr'><strong>Non</strong></span> <span class='ocrx_word' id='word_1_556' title='bbox 2156 2727 2362 2783; x_wconf 68' lang='lat' dir='ltr'><strong>iterata:</strong></span> <span class='ocrx_word' id='word_1_557' title='bbox 2395 2726 2636 2782; x_wconf 81' lang='lat' dir='ltr'><strong>ferarum</strong></span> <span class='ocrx_word' id='word_1_558' title='bbox 2677 2728 3081 2798; x_wconf 75' lang='lat' dir='ltr'><strong>generationes;</strong></span> <span class='ocrx_word' id='word_1_559' title='bbox 3118 2741 3295 2796; x_wconf 86' lang='lat' dir='ltr'><strong>neque</strong></span> <span class='ocrx_word' id='word_1_560' title='bbox 3342 2727 3578 2781; x_wconf 90' lang='lat' dir='ltr'><strong>aliorum</strong></span> 
     </span>
    </p>
   </div>
   <div class='ocr_carea' id='block_1_76' title="bbox 1997 2818 3573 2888">
    <p class='ocr_par' dir='ltr' id='par_1_76' title="bbox 1997 2818 3573 2888">
     <span class='ocr_line' id='line_1_76' title="bbox 1997 2818 3573 2888; baseline 0.001 -15"><span class='ocrx_word' id='word_1_561' title='bbox 1997 2820 2320 2874; x_wconf 89' lang='lat' dir='ltr'><strong>animalium</strong></span> <span class='ocrx_word' id='word_1_562' title='bbox 2382 2818 2741 2875; x_wconf 77' lang='lat' dir='ltr'><strong>eﬂ‘ervesccns</strong></span> <span class='ocrx_word' id='word_1_563' title='bbox 2804 2831 2859 2874; x_wconf 86' lang='lat' dir='ltr'><strong>et</strong></span> <span class='ocrx_word' id='word_1_564' title='bbox 2911 2818 3179 2875; x_wconf 88' lang='lat' dir='ltr'><strong>ebulliens</strong></span> <span class='ocrx_word' id='word_1_565' title='bbox 3232 2820 3573 2888; x_wconf 88' lang='lat' dir='ltr'><strong>substantia;</strong></span> 
     </span>
    </p>
   </div>
   <div class='ocr_carea' id='block_1_77' title="bbox 1994 2912 3577 2984">
    <p class='ocr_par' dir='ltr' id='par_1_77' title="bbox 1994 2912 3577 2984">
     <span class='ocr_line' id='line_1_77' title="bbox 1994 2912 3577 2984; baseline 0.002 -19"><span class='ocrx_word' id='word_1_566' title='bbox 1994 2927 2170 2982; x_wconf 89' lang='lat' dir='ltr'><strong>neque</strong></span> <span class='ocrx_word' id='word_1_567' title='bbox 2203 2912 2348 2967; x_wconf 90' lang='lat' dir='ltr'><strong>enim</strong></span> <span class='ocrx_word' id='word_1_568' title='bbox 2398 2912 2649 2968; x_wconf 89' lang='lat' dir='ltr'><strong>homines</strong></span> <span class='ocrx_word' id='word_1_569' title='bbox 2704 2922 2834 2968; x_wconf 93' lang='lat' dir='ltr'><strong>tunc</strong></span> <span class='ocrx_word' id='word_1_570' title='bbox 2895 2926 3088 2965; x_wconf 88' lang='lat' dir='ltr'><strong>rursus</strong></span> <span class='ocrx_word' id='word_1_571' title='bbox 3136 2923 3418 2984; x_wconf 89' lang='lat' dir='ltr'><strong>generant,</strong></span> <span class='ocrx_word' id='word_1_572' title='bbox 3481 2914 3577 2970; x_wconf 84' lang='lat' dir='ltr'><strong>sed</strong></span> 
     </span>
    </p>
   </div>
   <div class='ocr_carea' id='block_1_78' title="bbox 1990 3002 3577 3076">
    <p class='ocr_par' dir='ltr' id='par_1_78' title="bbox 1990 3002 3577 3076">
     <span class='ocr_line' id='line_1_78' title="bbox 1990 3002 3577 3076; baseline 0.004 -20"><span class='ocrx_word' id='word_1_573' title='bbox 1990 3012 2178 3057; x_wconf 89' lang='lat' dir='ltr'><strong>manet</strong></span> <span class='ocrx_word' id='word_1_574' title='bbox 2208 3002 2577 3060; x_wconf 86' lang='lat' dir='ltr'><strong>indesinenter</strong></span> <span class='ocrx_word' id='word_1_575' title='bbox 2615 3021 2877 3060; x_wconf 88' lang='lat' dir='ltr'><strong>numerus</strong></span> <span class='ocrx_word' id='word_1_576' title='bbox 2917 3006 3190 3075; x_wconf 87' lang='lat' dir='ltr'><strong>justorum</strong></span> <span class='ocrx_word' id='word_1_577' title='bbox 3239 3022 3363 3061; x_wconf 88' lang='lat' dir='ltr'><strong>cum</strong></span> <span class='ocrx_word' id='word_1_578' title='bbox 3408 3006 3577 3076; x_wconf 87' lang='lat' dir='ltr'><strong>justis</strong></span> 
     </span>
    </p>
   </div>
   <div class='ocr_carea' id='block_1_79' title="bbox 1990 3095 3576 3167">
    <p class='ocr_par' dir='ltr' id='par_1_79' title="bbox 1990 3095 3576 3167">
     <span class='ocr_line' id='line_1_79' title="bbox 1990 3095 3576 3167; baseline 0.003 -19"><span class='ocrx_word' id='word_1_579' title='bbox 1990 3095 2217 3165; x_wconf 81' lang='lat' dir='ltr'><strong>angelis,</strong></span> <span class='ocrx_word' id='word_1_580' title='bbox 2248 3104 2299 3151; x_wconf 90' lang='lat' dir='ltr'><strong>et</strong></span> <span class='ocrx_word' id='word_1_581' title='bbox 2324 3096 2624 3167; x_wconf 89' lang='lat' dir='ltr'><strong>spiritibus.</strong></span> <span class='ocrx_word' id='word_1_582' title='bbox 2649 3096 2746 3153; x_wconf 87' lang='lat' dir='ltr'><strong>llis</strong></span> <span class='ocrx_word' id='word_1_583' title='bbox 2776 3097 2955 3153; x_wconf 87' lang='lat' dir='ltr'><strong>verbis</strong></span> <span class='ocrx_word' id='word_1_584' title='bbox 2984 3098 3371 3167; x_wconf 87' lang='lat' dir='ltr'><strong>obtemperate,</strong></span> <span class='ocrx_word' id='word_1_585' title='bbox 3401 3110 3454 3155; x_wconf 88' lang='lat' dir='ltr'><strong>et</strong></span> <span class='ocrx_word' id='word_1_586' title='bbox 3483 3100 3576 3153; x_wconf 76' lang='lat' dir='ltr'><strong>illa</strong></span> 
     </span>
    </p>
   </div>
   <div class='ocr_carea' id='block_1_80' title="bbox 1991 3187 3571 3259">
    <p class='ocr_par' dir='ltr' id='par_1_80' title="bbox 1991 3187 3571 3259">
     <span class='ocr_line' id='line_1_80' title="bbox 1991 3187 3571 3259; baseline 0.004 -18"><span class='ocrx_word' id='word_1_587' title='bbox 1991 3187 2294 3254; x_wconf 88' lang='lat' dir='ltr'><strong>credentes,</strong></span> <span class='ocrx_word' id='word_1_588' title='bbox 2324 3204 2358 3244; x_wconf 95' lang='lat' dir='ltr'><strong>o</strong></span> <span class='ocrx_word' id='word_1_589' title='bbox 2409 3189 2692 3245; x_wconf 89' lang='lat' dir='ltr'><strong>homines!</strong></span> <span class='ocrx_word' id='word_1_590' title='bbox 2743 3189 2898 3245; x_wconf 90' lang='lat' dir='ltr'><strong>eritis</strong></span> <span class='ocrx_word' id='word_1_591' title='bbox 2938 3190 3213 3259; x_wconf 89' lang='lat' dir='ltr'><strong>justorum</strong></span> <span class='ocrx_word' id='word_1_592' title='bbox 3259 3200 3571 3257; x_wconf 81' lang='lat' dir='ltr'><strong>consortes,</strong></span> 
     </span>
    </p>
   </div>
   <div class='ocr_carea' id='block_1_81' title="bbox 1989 3280 3574 3353">
    <p class='ocr_par' dir='ltr' id='par_1_81' title="bbox 1989 3280 3574 3353">
     <span class='ocr_line' id='line_1_81' title="bbox 1989 3280 3574 3353; baseline 0.003 -17"><span class='ocrx_word' id='word_1_593' title='bbox 1989 3288 2046 3336; x_wconf 90' lang='lat' dir='ltr'><strong>et</strong></span> <span class='ocrx_word' id='word_1_594' title='bbox 2071 3280 2377 3336; x_wconf 79' lang='lat' dir='ltr'><strong>futurorum</strong></span> <span class='ocrx_word' id='word_1_595' title='bbox 2408 3283 2674 3337; x_wconf 89' lang='lat' dir='ltr'><strong>bonorum</strong></span> <span class='ocrx_word' id='word_1_596' title='bbox 2704 3282 3010 3353; x_wconf 89' lang='lat' dir='ltr'><strong>potiemini,</strong></span> <span class='ocrx_word' id='word_1_597' title='bbox 3049 3297 3173 3353; x_wconf 74' lang='lat' dir='ltr'><strong>quae</strong></span> <span class='ocrx_word' id='word_1_598' title='bbox 3221 3298 3397 3353; x_wconf 88' lang='lat' dir='ltr'><strong>neque</strong></span> <span class='ocrx_word' id='word_1_599' title='bbox 3438 3284 3574 3340; x_wconf 90' lang='lat' dir='ltr'><strong>vidit</strong></span> 
     </span>
    </p>
   </div>
   <div class='ocr_carea' id='block_1_82' title="bbox 1989 3375 3571 3446">
    <p class='ocr_par' dir='ltr' id='par_1_82' title="bbox 1989 3375 3571 3446">
     <span class='ocr_line' id='line_1_82' title="bbox 1989 3375 3571 3446; baseline 0.003 -18"><span class='ocrx_word' id='word_1_600' title='bbox 1989 3375 2202 3440; x_wconf 89' lang='lat' dir='ltr'><strong>oculus,</strong></span> <span class='ocrx_word' id='word_1_601' title='bbox 2239 3390 2415 3445; x_wconf 89' lang='lat' dir='ltr'><strong>neque</strong></span> <span class='ocrx_word' id='word_1_602' title='bbox 2457 3376 2607 3431; x_wconf 88' lang='lat' dir='ltr'><strong>auris</strong></span> <span class='ocrx_word' id='word_1_603' title='bbox 2646 3376 2874 3438; x_wconf 90' lang='lat' dir='ltr'><strong>audivit,</strong></span> <span class='ocrx_word' id='word_1_604' title='bbox 2904 3391 3083 3446; x_wconf 86' lang='lat' dir='ltr'><strong>neque</strong></span> <span class='ocrx_word' id='word_1_605' title='bbox 3111 3376 3479 3433; x_wconf 85' lang='lat' dir='ltr'><strong>ascenderunt</strong></span> <span class='ocrx_word' id='word_1_606' title='bbox 3514 3378 3571 3432; x_wconf 89' lang='lat' dir='ltr'><strong>in</strong></span> 
     </span>
    </p>
   </div>
   <div class='ocr_carea' id='block_1_83' title="bbox 1988 3467 3573 3541">
    <p class='ocr_par' dir='ltr' id='par_1_83' title="bbox 1988 3467 3573 3541">
     <span class='ocr_line' id='line_1_83' title="bbox 1988 3467 3573 3541; baseline 0.003 -18"><span class='ocrx_word' id='word_1_607' title='bbox 1988 3483 2085 3524; x_wconf 92' lang='lat' dir='ltr'><strong>cor</strong></span> <span class='ocrx_word' id='word_1_608' title='bbox 2113 3469 2373 3533; x_wconf 90' lang='lat' dir='ltr'><strong>hominis,</strong></span> <span class='ocrx_word' id='word_1_609' title='bbox 2401 3484 2524 3540; x_wconf 68' lang='lat' dir='ltr'><strong>quae</strong></span> <span class='ocrx_word' id='word_1_610' title='bbox 2555 3469 2879 3539; x_wconf 74' lang='lat' dir='ltr'><strong>przeparavit</strong></span> <span class='ocrx_word' id='word_1_611' title='bbox 2916 3467 3057 3525; x_wconf 85' lang='lat' dir='ltr'><strong>Deus</strong></span> <span class='ocrx_word' id='word_1_612' title='bbox 3095 3469 3163 3525; x_wconf 88' lang='lat' dir='ltr'><strong>iis</strong></span> <span class='ocrx_word' id='word_1_613' title='bbox 3214 3472 3310 3541; x_wconf 88' lang='lat' dir='ltr'><strong>qui</strong></span> <span class='ocrx_word' id='word_1_614' title='bbox 3337 3470 3573 3541; x_wconf 80' lang='lat' dir='ltr'><strong>diligunt</strong></span> 
     </span>
    </p>
   </div>
   <div class='ocr_carea' id='block_1_84' title="bbox 1987 3562 2290 3617">
    <p class='ocr_par' dir='ltr' id='par_1_84' title="bbox 1987 3562 2290 3617">
     <span class='ocr_line' id='line_1_84' title="bbox 1987 3562 2290 3617; baseline -0.017 0"><span class='ocrx_word' id='word_1_615' title='bbox 1987 3562 2139 3617; x_wconf 87' lang='lat' dir='ltr'><strong>illum</strong></span> <span class='ocrx_word' id='word_1_616' title='bbox 2165 3562 2230 3616; x_wconf 78' lang='lat'><strong>’°.</strong></span> <span class='ocrx_word' id='word_1_617' title='bbox 2270 3580 2290 3612; x_wconf 71' lang='grc' dir='ltr'><strong>ι</strong></span> 
     </span>
    </p>
   </div>
   <div class='ocr_carea' id='block_1_85' title="bbox 2057 3650 3567 3719">
    <p class='ocr_par' dir='ltr' id='par_1_85' title="bbox 2057 3650 3567 3719">
     <span class='ocr_line' id='line_1_85' title="bbox 2057 3650 3567 3719; baseline 0.003 -14"><span class='ocrx_word' id='word_1_618' title='bbox 2057 3651 2114 3706; x_wconf 85' lang='grc' dir='ltr'><strong>1η</strong></span> <span class='ocrx_word' id='word_1_619' title='bbox 2152 3653 2291 3706; x_wconf 90' lang='lat' dir='ltr'><strong>libro</strong></span> <span class='ocrx_word' id='word_1_620' title='bbox 2322 3660 2501 3705; x_wconf 90' lang='lat' dir='ltr'><strong>autem</strong></span> <span class='ocrx_word' id='word_1_621' title='bbox 2534 3650 2609 3706; x_wconf 84' lang='lat' dir='ltr'><strong>De</strong></span> <span class='ocrx_word' id='word_1_622' title='bbox 2638 3652 2981 3719; x_wconf 81' lang='lat' dir='ltr'><strong>Anticltristo,</strong></span> <span class='ocrx_word' id='word_1_623' title='bbox 3016 3668 3169 3708; x_wconf 90' lang='lat' dir='ltr'><strong>num.</strong></span> <span class='ocrx_word' id='word_1_624' title='bbox 3202 3652 3296 3714; x_wconf 80' lang='grc'><strong>65.</strong></span> <span class='ocrx_word' id='word_1_625' title='bbox 3339 3668 3405 3709; x_wconf 87' lang='lat' dir='ltr'><strong>ex</strong></span> <span class='ocrx_word' id='word_1_626' title='bbox 3433 3652 3567 3711; x_wconf 74' lang='lat' dir='ltr'><strong>Novi</strong></span> 
     </span>
    </p>
   </div>
   <div class='ocr_carea' id='block_1_86' title="bbox 1987 3740 3568 3816">
    <p class='ocr_par' dir='ltr' id='par_1_86' title="bbox 1987 3740 3568 3816">
     <span class='ocr_line' id='line_1_86' title="bbox 1987 3740 3568 3816; baseline 0 -19"><span class='ocrx_word' id='word_1_627' title='bbox 1987 3751 2040 3797; x_wconf 89' lang='lat' dir='ltr'><strong>et</strong></span> <span class='ocrx_word' id='word_1_628' title='bbox 2077 3742 2288 3797; x_wconf 78' lang='lat' dir='ltr'><strong>Veteris</strong></span> <span class='ocrx_word' id='word_1_629' title='bbox 2345 3740 2678 3796; x_wconf 89' lang='lat' dir='ltr'><strong>Testamcuti</strong></span> <span class='ocrx_word' id='word_1_630' title='bbox 2726 3740 3006 3812; x_wconf 89' lang='lat' dir='ltr'><strong>Scriptura</strong></span> <span class='ocrx_word' id='word_1_631' title='bbox 3040 3743 3235 3813; x_wconf 87' lang='lat' dir='ltr'><strong>probat</strong></span> <span class='ocrx_word' id='word_1_632' title='bbox 3269 3743 3329 3799; x_wconf 81' lang='lat' dir='ltr'><strong>S.</strong></span> <span class='ocrx_word' id='word_1_633' title='bbox 3364 3744 3568 3816; x_wconf 56' lang='lat' dir='ltr'><strong>Hippoc</strong></span> 
     </span>
    </p>
   </div>
   <div class='ocr_carea' id='block_1_87' title="bbox 1985 3833 3568 3907">
    <p class='ocr_par' dir='ltr' id='par_1_87' title="bbox 1985 3833 3568 3907">
     <span class='ocr_line' id='line_1_87' title="bbox 1985 3833 3568 3907; baseline 0.003 -21"><span class='ocrx_word' id='word_1_634' title='bbox 1985 3834 2130 3904; x_wconf 81' lang='lat' dir='ltr'><strong>lytus</strong></span> <span class='ocrx_word' id='word_1_635' title='bbox 2164 3833 2618 3887; x_wconf 89' lang='lat' dir='ltr'><strong>resurrectionem</strong></span> <span class='ocrx_word' id='word_1_636' title='bbox 2664 3834 2997 3903; x_wconf 82' lang='lat' dir='ltr'><strong>generalem,</strong></span> <span class='ocrx_word' id='word_1_637' title='bbox 3027 3834 3247 3903; x_wconf 67' lang='lat' dir='ltr'><strong>prmmia</strong></span> <span class='ocrx_word' id='word_1_638' title='bbox 3276 3844 3332 3890; x_wconf 88' lang='lat' dir='ltr'><strong>et</strong></span> <span class='ocrx_word' id='word_1_639' title='bbox 3359 3837 3568 3907; x_wconf 82' lang='lat' dir='ltr'><strong>suppli-</strong></span> 
     </span>
    </p>
   </div>
   <div class='ocr_carea' id='block_1_88' title="bbox 1981 3921 3563 3990">
    <p class='ocr_par' dir='ltr' id='par_1_88' title="bbox 1981 3921 3563 3990">
     <span class='ocr_line' id='line_1_88' title="bbox 1981 3921 3563 3990; baseline 0.004 -12"><span class='ocrx_word' id='word_1_640' title='bbox 1981 3926 2064 3979; x_wconf 86' lang='lat' dir='ltr'><strong>cia</strong></span> <span class='ocrx_word' id='word_1_641' title='bbox 2098 3925 2401 3978; x_wconf 84' lang='lat' dir='ltr'><strong>hominum.</strong></span> <span class='ocrx_word' id='word_1_642' title='bbox 2435 3921 2673 3979; x_wconf 85' lang='lat' dir='ltr'><strong>Numero</strong></span> <span class='ocrx_word' id='word_1_643' title='bbox 2715 3932 2894 3978; x_wconf 86' lang='lat' dir='ltr'><strong>autem</strong></span> <span class='ocrx_word' id='word_1_644' title='bbox 2944 3925 3053 3990; x_wconf 44' lang='grc' dir='ltr'><strong>διν</strong></span> <span class='ocrx_word' id='word_1_645' title='bbox 3085 3925 3162 3980; x_wconf 91' lang='lat' dir='ltr'><strong>ita</strong></span> <span class='ocrx_word' id='word_1_646' title='bbox 3218 3926 3285 3982; x_wconf 87' lang='lat' dir='ltr'><strong>de</strong></span> <span class='ocrx_word' id='word_1_647' title='bbox 3341 3928 3563 3984; x_wconf 86' lang='lat' dir='ltr'><strong>inter-itu</strong></span> 
     </span>
    </p>
   </div>
   <div class='ocr_carea' id='block_1_89' title="bbox 1985 4005 3563 4091">
    <p class='ocr_par' dir='ltr' id='par_1_89' title="bbox 1985 4005 3563 4091">
     <span class='ocr_line' id='line_1_89' title="bbox 1985 4005 3563 4091; baseline 0.004 -21"><span class='ocrx_word' id='word_1_648' title='bbox 1985 4017 2173 4071; x_wconf 84' lang='lat' dir='ltr'><strong>mundi</strong></span> <span class='ocrx_word' id='word_1_649' title='bbox 2210 4016 2448 4085; x_wconf 89' lang='lat' dir='ltr'><strong>loquitur</strong></span> <span class='ocrx_word' id='word_1_650' title='bbox 2481 4034 2494 4070; x_wconf 90' lang='lat'><strong>:</strong></span> <span class='ocrx_word' id='word_1_651' title='bbox 2533 4035 2552 4067; x_wconf 74' lang='grc' dir='ltr'><strong><em>ι</em></strong></span> <span class='ocrx_word' id='word_1_652' title='bbox 2584 4005 2689 4091; x_wconf 72' lang='lat' dir='ltr'><strong>Bis</strong></span> <span class='ocrx_word' id='word_1_653' title='bbox 2721 4019 2905 4087; x_wconf 87' lang='lat' dir='ltr'><strong>itaque</strong></span> <span class='ocrx_word' id='word_1_654' title='bbox 2947 4016 3148 4073; x_wconf 81' lang='lat' dir='ltr'><strong>futuris</strong></span> <span class='ocrx_word' id='word_1_655' title='bbox 3304 4037 3323 4070; x_wconf 78' lang='grc' dir='ltr'><strong><em>ι</em></strong></span> <span class='ocrx_word' id='word_1_656' title='bbox 3359 4033 3426 4075; x_wconf 90' lang='lat' dir='ltr'><strong>ac</strong></span> <span class='ocrx_word' id='word_1_657' title='bbox 3446 4019 3563 4090; x_wconf 81' lang='lat' dir='ltr'><strong>jam</strong></span> 
     </span>
    </p>
   </div>
   <div class='ocr_carea' id='block_1_90' title="bbox 1986 4108 3562 4182">
    <p class='ocr_par' dir='ltr' id='par_1_90' title="bbox 1986 4108 3562 4182">
     <span class='ocr_line' id='line_1_90' title="bbox 1986 4108 3562 4182; baseline 0.003 -20"><span class='ocrx_word' id='word_1_658' title='bbox 1986 4108 2175 4163; x_wconf 87' lang='lat' dir='ltr'><strong>mundi</strong></span> <span class='ocrx_word' id='word_1_659' title='bbox 2221 4108 2457 4163; x_wconf 89' lang='lat' dir='ltr'><strong>universi</strong></span> <span class='ocrx_word' id='word_1_660' title='bbox 2503 4127 2521 4159; x_wconf 75' lang='grc' dir='ltr'>ι</span> <span class='ocrx_word' id='word_1_661' title='bbox 2554 4119 2838 4178; x_wconf 87' lang='lat' dir='ltr'><strong>appetente</strong></span> <span class='ocrx_word' id='word_1_662' title='bbox 2891 4111 3379 4178; x_wconf 87' lang='lat' dir='ltr'><strong>consummatione,</strong></span> <span class='ocrx_word' id='word_1_663' title='bbox 3426 4112 3562 4182; x_wconf 84' lang='lat' dir='ltr'><strong>quid</strong></span> 
     </span>
    </p>
   </div>
   <div class='ocr_carea' id='block_1_91' title="bbox 1983 4202 3562 4273">
    <p class='ocr_par' dir='ltr' id='par_1_91' title="bbox 1983 4202 3562 4273">
     <span class='ocr_line' id='line_1_91' title="bbox 1983 4202 3562 4273; baseline 0.004 -18"><span class='ocrx_word' id='word_1_664' title='bbox 1983 4202 2252 4272; x_wconf 87' lang='lat' dir='ltr'><strong>reliquum</strong></span> <span class='ocrx_word' id='word_1_665' title='bbox 2282 4211 2383 4267; x_wconf 92' lang='lat' dir='ltr'><strong>est,</strong></span> <span class='ocrx_word' id='word_1_666' title='bbox 2418 4219 2582 4273; x_wconf 92' lang='lat' dir='ltr'><strong>quam</strong></span> <span class='ocrx_word' id='word_1_667' title='bbox 2616 4212 2675 4256; x_wconf 91' lang='lat' dir='ltr'><strong>ut</strong></span> <span class='ocrx_word' id='word_1_668' title='bbox 2698 4202 2975 4258; x_wconf 87' lang='lat' dir='ltr'><strong>‘Dominus</strong></span> <span class='ocrx_word' id='word_1_669' title='bbox 3005 4212 3060 4258; x_wconf 86' lang='lat' dir='ltr'><strong>et</strong></span> <span class='ocrx_word' id='word_1_670' title='bbox 3094 4203 3343 4259; x_wconf 88' lang='lat' dir='ltr'><strong>Salvator</strong></span> <span class='ocrx_word' id='word_1_671' title='bbox 3374 4214 3562 4261; x_wconf 82' lang='lat' dir='ltr'><strong>noster</strong></span> 
     </span>
    </p>
   </div>
   <div class='ocr_carea' id='block_1_92' title="bbox 1976 4276 3559 4369">
    <p class='ocr_par' dir='ltr' id='par_1_92' title="bbox 1976 4276 3559 4369">
     <span class='ocr_line' id='line_1_92' title="bbox 1976 4276 3559 4369; baseline 0.004 -22"><span class='ocrx_word' id='word_1_672' title='bbox 1976 4292 2137 4348; x_wconf 77' lang='lat' dir='ltr'><strong>Jesus</strong></span> <span class='ocrx_word' id='word_1_673' title='bbox 2187 4276 2439 4351; x_wconf 81' lang='lat' dir='ltr'><strong>Christus</strong></span> <span class='ocrx_word' id='word_1_674' title='bbox 2484 4294 2628 4350; x_wconf 88' lang='lat' dir='ltr'><strong>Deus</strong></span> <span class='ocrx_word' id='word_1_675' title='bbox 2679 4296 2731 4349; x_wconf 90' lang='lat' dir='ltr'><strong>in</strong></span> <span class='ocrx_word' id='word_1_676' title='bbox 2787 4296 2940 4351; x_wconf 74' lang='lat' dir='ltr'><strong>ccelis</strong></span> <span class='ocrx_word' id='word_1_677' title='bbox 2985 4307 3263 4367; x_wconf 85' lang='lat' dir='ltr'><strong>appareat,</strong></span> <span class='ocrx_word' id='word_1_678' title='bbox 3297 4298 3355 4352; x_wconf 89' lang='lat' dir='ltr'><strong>in</strong></span> <span class='ocrx_word' id='word_1_679' title='bbox 3395 4314 3559 4369; x_wconf 80' lang='lat' dir='ltr'><strong>quem</strong></span> 
     </span>
    </p>
   </div>
   <div class='ocr_carea' id='block_1_93' title="bbox 1980 4387 3557 4462">
    <p class='ocr_par' dir='ltr' id='par_1_93' title="bbox 1980 4387 3557 4462">
     <span class='ocr_line' id='line_1_93' title="bbox 1980 4387 3557 4462; baseline 0.003 -21"><span class='ocrx_word' id='word_1_680' title='bbox 1980 4387 2361 4455; x_wconf 84' lang='lat' dir='ltr'><strong>speravimus?</strong></span> <span class='ocrx_word' id='word_1_681' title='bbox 2387 4387 2490 4454; x_wconf 85' lang='lat' dir='ltr'><strong>Qui</strong></span> <span class='ocrx_word' id='word_1_682' title='bbox 2527 4388 3367 4461; x_wconf 84' lang='lat' dir='ltr'><strong>conﬂagrationem,.justumque</strong></span> <span class='ocrx_word' id='word_1_683' title='bbox 3404 4392 3557 4462; x_wconf 67' lang='lat' dir='ltr'><strong>judi-</strong></span> 
     </span>
    </p>
   </div>
   <div class='ocr_carea' id='block_1_94' title="bbox 1977 4479 3558 4564">
    <p class='ocr_par' dir='ltr' id='par_1_94' title="bbox 1977 4479 3558 4564">
     <span class='ocr_line' id='line_1_94' title="bbox 1977 4479 3558 4564; baseline 0.005 -31"><span class='ocrx_word' id='word_1_684' title='bbox 1977 4479 2122 4533; x_wconf 91' lang='lat' dir='ltr'><strong>cium</strong></span> <span class='ocrx_word' id='word_1_685' title='bbox 2154 4480 2369 4535; x_wconf 87' lang='lat' dir='ltr'><strong>cunctis</strong></span> <span class='ocrx_word' id='word_1_686' title='bbox 2405 4480 2729 4536; x_wconf 90' lang='lat' dir='ltr'><strong>inducturus</strong></span> <span class='ocrx_word' id='word_1_687' title='bbox 2761 4482 2849 4550; x_wconf 87' lang='lat' dir='ltr'><strong>sit,</strong></span> <span class='ocrx_word' id='word_1_688' title='bbox 2895 4483 2989 4554; x_wconf 91' lang='lat' dir='ltr'><strong>qui</strong></span> <span class='ocrx_word' id='word_1_689' title='bbox 3030 4483 3086 4537; x_wconf 89' lang='lat' dir='ltr'><strong>in</strong></span> <span class='ocrx_word' id='word_1_690' title='bbox 3120 4498 3246 4539; x_wconf 88' lang='lat' dir='ltr'><strong>eum</strong></span> <span class='ocrx_word' id='word_1_691' title='bbox 3280 4499 3558 4564; x_wconf 48' lang='lat' dir='ltr'><strong>notuere-‘-</strong></span> 
     </span>
    </p>
   </div>
   <div class='ocr_carea' id='block_1_95' title="bbox 1904 4573 2301 4629">
    <p class='ocr_par' dir='ltr' id='par_1_95' title="bbox 1904 4573 2301 4629">
     <span class='ocr_line' id='line_1_95' title="bbox 1904 4573 2301 4629; baseline -0.008 0"><span class='ocrx_word' id='word_1_692' title='bbox 1904 4575 1949 4629; x_wconf 88' lang='lat' dir='ltr'>D</span> <span class='ocrx_word' id='word_1_693' title='bbox 1977 4573 2249 4628; x_wconf 91' lang='lat' dir='ltr'><strong>diderunt.</strong></span> <span class='ocrx_word' id='word_1_694' title='bbox 2282 4590 2301 4625; x_wconf 76' lang='grc' dir='ltr'><strong><em>ι</em></strong></span> 
     </span>
    </p>
   </div>
   <div class='ocr_carea' id='block_1_96' title="bbox 2511 4664 3019 4723">
    <p class='ocr_par' dir='ltr' id='par_1_96' title="bbox 2511 4664 3019 4723">
     <span class='ocr_line' id='line_1_96' title="bbox 2511 4664 3019 4723; baseline 0.01 -5"><span class='ocrx_word' id='word_1_695' title='bbox 2511 4664 2913 4722; x_wconf 84' lang='lat' dir='ltr'><strong>ARTICULUS</strong></span> <span class='ocrx_word' id='word_1_696' title='bbox 2950 4669 3019 4723; x_wconf 88' lang='grc' dir='ltr'><strong>Χ.</strong></span> 
     </span>
    </p>
   </div>
   <div class='ocr_carea' id='block_1_97' title="bbox 2509 4774 2999 4816">
    <p class='ocr_par' dir='ltr' id='par_1_97' title="bbox 2509 4774 2999 4816">
     <span class='ocr_line' id='line_1_97' title="bbox 2509 4774 2999 4816; baseline 0.002 -4"><span class='ocrx_word' id='word_1_697' title='bbox 2509 4774 2579 4813; x_wconf 83' lang='lat' dir='ltr'><strong>DE</strong></span> <span class='ocrx_word' id='word_1_698' title='bbox 2619 4775 2999 4816; x_wconf 75' lang='lat' dir='ltr'><strong>ANTICBRISTO.</strong></span> 
     </span>
    </p>
   </div>
   <div class='ocr_carea' id='block_1_98' title="bbox 2047 4864 3555 4950">
    <p class='ocr_par' dir='ltr' id='par_1_98' title="bbox 2047 4864 3555 4950">
     <span class='ocr_line' id='line_1_98' title="bbox 2047 4864 3555 4950; baseline 0.01 -28"><span class='ocrx_word' id='word_1_699' title='bbox 2047 4864 2207 4939; x_wconf 84' lang='lat' dir='ltr'><strong>Origo</strong></span> <span class='ocrx_word' id='word_1_700' title='bbox 2242 4869 2579 4925; x_wconf 79' lang='lat' dir='ltr'><strong>Antichristi.</strong></span> <span class='ocrx_word' id='word_1_701' title='bbox 2612 4869 2748 4938; x_wconf 86' lang='lat' dir='ltr'><strong>Ejus</strong></span> <span class='ocrx_word' id='word_1_702' title='bbox 2785 4888 2991 4929; x_wconf 83' lang='lat' dir='ltr'><strong>nomen.</strong></span> <span class='ocrx_word' id='word_1_703' title='bbox 3019 4904 3093 4914; x_wconf 89' lang='lat'><strong>—</strong></span> <span class='ocrx_word' id='word_1_704' title='bbox 3123 4874 3234 4932; x_wconf 91' lang='lat' dir='ltr'><strong>Pro</strong></span> <span class='ocrx_word' id='word_1_705' title='bbox 3252 4877 3434 4950; x_wconf 61' lang='lat' dir='ltr'><strong>:hujus</strong></span> <span class='ocrx_word' id='word_1_706' title='bbox 3460 4894 3555 4936; x_wconf 82' lang='lat' dir='ltr'><strong>ca-</strong></span> 
     </span>
    </p>
   </div>
   <div class='ocr_carea' id='block_1_99' title="bbox 1972 4958 3555 5042">
    <p class='ocr_par' dir='ltr' id='par_1_99' title="bbox 1972 4958 3555 5042">
     <span class='ocr_line' id='line_1_99' title="bbox 1972 4958 3555 5042; baseline 0.009 -31"><span class='ocrx_word' id='word_1_707' title='bbox 1972 4958 2098 5028; x_wconf 91' lang='lat' dir='ltr'><strong>pitis</strong></span> <span class='ocrx_word' id='word_1_708' title='bbox 2154 4962 2410 5015; x_wconf 90' lang='lat' dir='ltr'><strong>coronide</strong></span> <span class='ocrx_word' id='word_1_709' title='bbox 2472 4962 2719 5031; x_wconf 68' lang='lat' dir='ltr'><strong>quaedam</strong></span> <span class='ocrx_word' id='word_1_710' title='bbox 2774 4963 3064 5022; x_wconf 84' lang='lat' dir='ltr'><strong>aﬂ&#39;eremus</strong></span> <span class='ocrx_word' id='word_1_711' title='bbox 3108 4967 3220 5023; x_wconf 88' lang='lat' dir='ltr'><strong>divi</strong></span> <span class='ocrx_word' id='word_1_712' title='bbox 3280 4967 3555 5042; x_wconf 79' lang='lat' dir='ltr'><strong>Hippolyti</strong></span> 
     </span>
    </p>
   </div>
   <div class='ocr_carea' id='block_1_100' title="bbox 280 5038 3553 5117">
    <p class='ocr_par' dir='ltr' id='par_1_100' title="bbox 280 5038 3553 5117">
     <span class='ocr_line' id='line_1_100' title="bbox 280 5038 3553 5117; baseline 0.01 -31"><span class='ocrx_word' id='word_1_713' title='bbox 280 5046 542 5088; x_wconf 70' lang='lat' dir='ltr'><strong>ceteruum</strong></span> <span class='ocrx_word' id='word_1_714' title='bbox 569 5038 889 5107; x_wconf 82' lang='lat' dir='ltr'><strong>supplicium</strong></span> <span class='ocrx_word' id='word_1_715' title='bbox 927 5041 1304 5110; x_wconf 86' lang='lat' dir='ltr'><strong>distribuatur,</strong></span> <span class='ocrx_word' id='word_1_716' title='bbox 1338 5052 1388 5098; x_wconf 87' lang='lat' dir='ltr'><strong>et</strong></span> <span class='ocrx_word' id='word_1_717' title='bbox 1420 5046 1762 5113; x_wconf 69' lang='lat' dir='ltr'><strong>expendatur.</strong></span> <span class='ocrx_word' id='word_1_718' title='bbox 1798 5046 1869 5105; x_wconf 88' lang='lat' dir='ltr'><strong>Et</strong></span> <span class='ocrx_word' id='word_1_719' title='bbox 1970 5049 2090 5105; x_wconf 86' lang='lat' dir='ltr'><strong>loca</strong></span> <span class='ocrx_word' id='word_1_720' title='bbox 2116 5051 2261 5107; x_wconf 90' lang='lat' dir='ltr'><strong>circa</strong></span> <span class='ocrx_word' id='word_1_721' title='bbox 2286 5053 2701 5109; x_wconf 83' lang='lat' dir='ltr'><strong>Antichristum.</strong></span> <span class='ocrx_word' id='word_1_722' title='bbox 2737 5054 3073 5114; x_wconf 83' lang='lat' dir='ltr'><strong>Nebulonem</strong></span> <span class='ocrx_word' id='word_1_723' title='bbox 3114 5060 3261 5117; x_wconf 91' lang='lat' dir='ltr'><strong>hunc</strong></span> <span class='ocrx_word' id='word_1_724' title='bbox 3290 5038 3367 5117; x_wconf 39' lang='lat' dir='ltr'><strong>ex—</strong></span> <span class='ocrx_word' id='word_1_725' title='bbox 3387 5038 3553 5117; x_wconf 64' lang='lat' dir='ltr'><strong>tribu</strong></span> 
     </span>
    </p>
   </div>
   <div class='ocr_carea' id='block_1_101' title="bbox 280 5124 1872 5211">
    <p class='ocr_par' dir='ltr' id='par_1_101' title="bbox 280 5124 1872 5211">
     <span class='ocr_line' id='line_1_101' title="bbox 280 5124 1872 5211; baseline 0.011 -35"><span class='ocrx_word' id='word_1_726' title='bbox 280 5124 376 5177; x_wconf 76' lang='lat' dir='ltr'><strong>bos</strong></span> <span class='ocrx_word' id='word_1_727' title='bbox 428 5138 608 5182; x_wconf 86' lang='lat' dir='ltr'><strong>manet</strong></span> <span class='ocrx_word' id='word_1_728' title='bbox 660 5132 797 5201; x_wconf 81' lang='lat' dir='ltr'><strong>ignis</strong></span> <span class='ocrx_word' id='word_1_729' title='bbox 835 5133 1315 5205; x_wconf 75' lang='lat' dir='ltr'><strong>inexstinguibilis,</strong></span> <span class='ocrx_word' id='word_1_730' title='bbox 1375 5146 1425 5191; x_wconf 88' lang='lat' dir='ltr'><strong>et</strong></span> <span class='ocrx_word' id='word_1_731' title='bbox 1473 5138 1565 5209; x_wconf 86' lang='lat' dir='ltr'><strong>qui</strong></span> <span class='ocrx_word' id='word_1_732' title='bbox 1603 5155 1872 5211; x_wconf 84' lang='lat' dir='ltr'><strong>nunquam</strong></span> 
     </span>
    </p>
   </div>
   <div class='ocr_carea' id='block_1_102' title="bbox 278 5217 1866 5296">
    <p class='ocr_par' dir='ltr' id='par_1_102' title="bbox 278 5217 1866 5296">
     <span class='ocr_line' id='line_1_102' title="bbox 278 5217 1866 5296; baseline 0.011 -26"><span class='ocrx_word' id='word_1_733' title='bbox 278 5217 520 5286; x_wconf 74' lang='lat' dir='ltr'><strong>ﬁnietur,</strong></span> <span class='ocrx_word' id='word_1_734' title='bbox 554 5234 609 5276; x_wconf 86' lang='lat' dir='ltr'><strong>et</strong></span> <span class='ocrx_word' id='word_1_735' title='bbox 651 5225 839 5278; x_wconf 81' lang='lat' dir='ltr'><strong>vermis</strong></span> <span class='ocrx_word' id='word_1_736' title='bbox 868 5227 1051 5295; x_wconf 86' lang='lat' dir='ltr'><strong>igneus</strong></span> <span class='ocrx_word' id='word_1_737' title='bbox 1085 5243 1190 5281; x_wconf 91' lang='lat' dir='ltr'><strong>non</strong></span> <span class='ocrx_word' id='word_1_738' title='bbox 1233 5230 1461 5284; x_wconf 81' lang='lat' dir='ltr'><strong>moriens</strong></span> <span class='ocrx_word' id='word_1_739' title='bbox 1510 5231 1576 5296; x_wconf 78' lang='lat'><strong>&quot;,</strong></span> <span class='ocrx_word' id='word_1_740' title='bbox 1606 5247 1716 5286; x_wconf 90' lang='lat' dir='ltr'><strong>non</strong></span> <span class='ocrx_word' id='word_1_741' title='bbox 1745 5248 1866 5287; x_wconf 91' lang='lat' dir='ltr'><strong>cor-</strong></span> 
     </span>
    </p>
   </div>
   <div class='ocr_carea' id='block_1_103' title="bbox 354 5356 1176 5425">
    <p class='ocr_par' dir='ltr' id='par_1_103' title="bbox 354 5356 1176 5425">
     <span class='ocr_line' id='line_1_103' title="bbox 354 5356 1176 5425; baseline 0.011 -14"><span class='ocrx_word' id='word_1_742' title='bbox 354 5356 399 5388; x_wconf 80' lang='lat'><strong>“</strong></span> <span class='ocrx_word' id='word_1_743' title='bbox 439 5358 652 5414; x_wconf 85' lang='lat' dir='ltr'><strong>Coloss.</strong></span> <span class='ocrx_word' id='word_1_744' title='bbox 697 5376 737 5425; x_wconf 82' lang='grc' dir='ltr'><strong>ι,</strong></span> <span class='ocrx_word' id='word_1_745' title='bbox 780 5361 868 5418; x_wconf 74' lang='grc'><strong>18.</strong></span> <span class='ocrx_word' id='word_1_746' title='bbox 944 5365 989 5397; x_wconf 78' lang='grc'><strong><em>⁸⁵</em></strong></span> <span class='ocrx_word' id='word_1_747' title='bbox 1041 5363 1176 5422; x_wconf 90' lang='lat' dir='ltr'><strong>Luc.</strong></span> 
     </span>
    </p>
   </div>
   <div class='ocr_carea' id='block_1_104' title="bbox 277 5421 979 5501">
    <p class='ocr_par' dir='ltr' id='par_1_104' title="bbox 277 5421 979 5501">
     <span class='ocr_line' id='line_1_104' title="bbox 277 5421 979 5501; baseline 0.011 -19"><span class='ocrx_word' id='word_1_748' title='bbox 277 5421 372 5494; x_wconf 63' lang='lat' dir='ltr'><strong>ﬂ,</strong></span> <span class='ocrx_word' id='word_1_749' title='bbox 392 5429 484 5483; x_wconf 71' lang='grc'><strong>45.</strong></span> <span class='ocrx_word' id='word_1_750' title='bbox 565 5430 610 5461; x_wconf 79' lang='grc'><strong>³⁸</strong></span> <span class='ocrx_word' id='word_1_751' title='bbox 631 5428 651 5483; x_wconf 86' lang='grc'><strong>1</strong></span> <span class='ocrx_word' id='word_1_752' title='bbox 676 5421 804 5487; x_wconf 72' lang='lat' dir='ltr'><strong>(lor.</strong></span> <span class='ocrx_word' id='word_1_753' title='bbox 834 5451 896 5501; x_wconf 86' lang='lat' dir='ltr'><strong>ll,</strong></span> <span class='ocrx_word' id='word_1_754' title='bbox 924 5436 979 5490; x_wconf 90' lang='lat'><strong>9.</strong></span> 
     </span>
    </p>
   </div>
   <div class='ocr_carea' id='block_1_105' title="bbox 348 5566 1858 5645">
    <p class='ocr_par' dir='ltr' id='par_1_105' title="bbox 348 5566 1858 5645">
     <span class='ocr_line' id='line_1_105' title="bbox 348 5566 1858 5645; baseline 0.006 -22"><span class='ocrx_word' id='word_1_755' title='bbox 348 5567 567 5645; x_wconf 20' lang='lat' dir='ltr'><strong>(18)‘S.</strong></span> <span class='ocrx_word' id='word_1_756' title='bbox 610 5566 904 5645; x_wconf 45' lang='lat' dir='ltr'><strong>Hippolytp</strong></span> <span class='ocrx_word' id='word_1_757' title='bbox 940 5570 1192 5645; x_wconf 88' lang='lat' dir='ltr'><strong>lib._adv.</strong></span> <span class='ocrx_word' id='word_1_758' title='bbox 1238 5572 1447 5628; x_wconf 76' lang='lat' dir='ltr'><strong>Crwcos</strong></span> <span class='ocrx_word' id='word_1_759' title='bbox 1486 5586 1534 5629; x_wconf 87' lang='lat' dir='ltr'><strong>et</strong></span> <span class='ocrx_word' id='word_1_760' title='bbox 1568 5575 1858 5645; x_wconf 72' lang='lat' dir='ltr'><strong>Platonem,</strong></span> 
     </span>
    </p>
   </div>
   <div class='ocr_carea' id='block_1_106' title="bbox 279 5639 1859 5719">
    <p class='ocr_par' dir='ltr' id='par_1_106' title="bbox 279 5639 1859 5719">
     <span class='ocr_line' id='line_1_106' title="bbox 279 5639 1859 5719; baseline 0.008 -27"><span class='ocrx_word' id='word_1_761' title='bbox 279 5654 431 5719; x_wconf 60' lang='lat' dir='ltr'><strong>num.</strong></span> <span class='ocrx_word' id='word_1_762' title='bbox 467 5639 525 5719; x_wconf 76' lang='lat'><strong>2,</strong></span> <span class='ocrx_word' id='word_1_763' title='bbox 591 5647 722 5719; x_wconf 79' lang='lat' dir='ltr'><strong>toni.</strong></span> <span class='ocrx_word' id='word_1_764' title='bbox 775 5639 1011 5719; x_wconf 40' lang='grc' dir='ltr'><strong>[ῥίψῃ</strong></span> <span class='ocrx_word' id='word_1_765' title='bbox 1039 5642 1278 5708; x_wconf 85' lang='lat' dir='ltr'><strong>Fabric.,</strong></span> <span class='ocrx_word' id='word_1_766' title='bbox 1321 5662 1445 5717; x_wconf 83' lang='lat' dir='ltr'><strong>pag.</strong></span> <span class='ocrx_word' id='word_1_767' title='bbox 1481 5647 1607 5712; x_wconf 84' lang='lat' dir='ltr'><strong>22l,</strong></span> <span class='ocrx_word' id='word_1_768' title='bbox 1642 5659 1694 5703; x_wconf 89' lang='lat' dir='ltr'><strong>et</strong></span> <span class='ocrx_word' id='word_1_769' title='bbox 1719 5639 1859 5719; x_wconf 80' lang='lat' dir='ltr'><strong>apud</strong></span> 
     </span>
    </p>
   </div>
   <div class='ocr_carea' id='block_1_107' title="bbox 280 5709 930 5771">
    <p class='ocr_par' dir='ltr' id='par_1_107' title="bbox 280 5709 930 5771">
     <span class='ocr_line' id='line_1_107' title="bbox 280 5709 930 5771; baseline 0 -6"><span class='ocrx_word' id='word_1_770' title='bbox 280 5709 553 5771; x_wconf 80' lang='lat' dir='ltr'><strong>Galland..</strong></span> <span class='ocrx_word' id='word_1_771' title='bbox 581 5711 783 5763; x_wconf 91' lang='lat' dir='ltr'><strong>colum.</strong></span> <span class='ocrx_word' id='word_1_772' title='bbox 806 5709 930 5765; x_wconf 66' lang='lat'><strong>452.</strong></span> 
     </span>
    </p>
   </div>
   <div class='ocr_carea' id='block_1_108' title="bbox 352 5779 1855 5859">
    <p class='ocr_par' dir='ltr' id='par_1_108' title="bbox 352 5779 1855 5859">
     <span class='ocr_line' id='line_1_108' title="bbox 352 5779 1855 5859; baseline 0.011 -28"><span class='ocrx_word' id='word_1_773' title='bbox 352 5779 570 5859; x_wconf 26' lang='lat' dir='ltr'><strong>(l9)_‘§.</strong></span> <span class='ocrx_word' id='word_1_774' title='bbox 615 5780 911 5859; x_wconf 40' lang='lat' dir='ltr'><strong>Hippolyte,</strong></span> <span class='ocrx_word' id='word_1_775' title='bbox 948 5781 1095 5859; x_wconf 77' lang='lat' dir='ltr'><strong>apud</strong></span> <span class='ocrx_word' id='word_1_776' title='bbox 1145 5782 1495 5859; x_wconf 72' lang='lat' dir='ltr'><strong>The_odoret.,</strong></span> <span class='ocrx_word' id='word_1_777' title='bbox 1554 5788 1753 5859; x_wconf 87' lang='lat' dir='ltr'><strong>dialog.</strong></span> <span class='ocrx_word' id='word_1_778' title='bbox 1800 5790 1855 5849; x_wconf 95' lang='lat'><strong>2.</strong></span> 
     </span>
    </p>
   </div>
   <div class='ocr_carea' id='block_1_109' title="bbox 285 5797 1858 5929">
    <p class='ocr_par' dir='ltr' id='par_1_109' title="bbox 285 5797 1858 5929">
     <span class='ocr_line' id='line_1_109' title="bbox 352 5797 1855 5906; baseline -0.006 -59"><span class='ocrx_word' id='word_1_779' title='bbox 352 5797 465 5849; x_wconf 63' lang='grc' dir='ltr'><strong>(τυ)</strong></span> <span class='ocrx_word' id='word_1_780' title='bbox 509 5797 570 5835; x_wconf 68' lang='grc' dir='ltr'><strong>δι</strong></span> <span class='ocrx_word' id='word_1_781' title='bbox 615 5797 911 5906; x_wconf 52' lang='grc' dir='ltr'><strong>Ιιιρροῗιη</strong></span> <span class='ocrx_word' id='word_1_782' title='bbox 952 5797 1095 5851; x_wconf 80' lang='lat' dir='ltr'><strong>apud</strong></span> <span class='ocrx_word' id='word_1_783' title='bbox 1146 5797 1495 5849; x_wconf 82' lang='lat' dir='ltr'><strong>&#39;t&#39;neoooret.,</strong></span> <span class='ocrx_word' id='word_1_784' title='bbox 1554 5797 1753 5859; x_wconf 78' lang='lat' dir='ltr'><strong>dialog.</strong></span> <span class='ocrx_word' id='word_1_785' title='bbox 1800 5797 1855 5849; x_wconf 75' lang='lat'><strong>2,</strong></span> 
     </span>
     <span class='ocr_line' id='line_1_110' title="bbox 285 5852 1858 5929; baseline -0.013 -9"><span class='ocrx_word' id='word_1_786' title='bbox 285 5864 403 5923; x_wconf 60' lang='grc' dir='ltr'><strong>ρει.</strong></span> <span class='ocrx_word' id='word_1_787' title='bbox 440 5852 574 5915; x_wconf 58' lang='lat'><strong>‘55;</strong></span> <span class='ocrx_word' id='word_1_788' title='bbox 609 5855 752 5921; x_wconf 71' lang='lat' dir='ltr'><strong>aput]</strong></span> <span class='ocrx_word' id='word_1_789' title='bbox 830 5852 1040 5915; x_wconf 49' lang='lat' dir='ltr'><strong>‘abricn</strong></span> <span class='ocrx_word' id='word_1_790' title='bbox 1072 5864 1204 5909; x_wconf 91' lang='lat' dir='ltr'><strong>tom.</strong></span> <span class='ocrx_word' id='word_1_791' title='bbox 1250 5855 1269 5909; x_wconf 82' lang='grc' dir='ltr'><strong>Ι</strong></span> <span class='ocrx_word' id='word_1_792' title='bbox 1316 5856 1448 5925; x_wconf 82' lang='lat' dir='ltr'><strong>Opp.</strong></span> <span class='ocrx_word' id='word_1_793' title='bbox 1501 5874 1620 5929; x_wconf 69' lang='lat' dir='ltr'><strong>pag,</strong></span> <span class='ocrx_word' id='word_1_794' title='bbox 1675 5861 1765 5923; x_wconf 59' lang='lat'><strong>92,</strong></span> <span class='ocrx_word' id='word_1_795' title='bbox 1805 5871 1858 5915; x_wconf 68' lang='grc' dir='ltr'><strong>ει</strong></span> 
     </span>
    </p>
   </div>
   <div class='ocr_carea' id='block_1_110' title="bbox 1972 5140 3550 5227">
    <p class='ocr_par' dir='ltr' id='par_1_110' title="bbox 1972 5140 3550 5227">
     <span class='ocr_line' id='line_1_111' title="bbox 1972 5140 3550 5227; baseline 0.01 -33"><span class='ocrx_word' id='word_1_796' title='bbox 1972 5140 2087 5196; x_wconf 88' lang='lat' dir='ltr'><strong>Dan</strong></span> <span class='ocrx_word' id='word_1_797' title='bbox 2128 5144 2465 5199; x_wconf 87' lang='lat' dir='ltr'><strong>nasciturum</strong></span> <span class='ocrx_word' id='word_1_798' title='bbox 2495 5146 2655 5203; x_wconf 88' lang='lat' dir='ltr'><strong>docet</strong></span> <span class='ocrx_word' id='word_1_799' title='bbox 2680 5160 2903 5207; x_wconf 90' lang='lat' dir='ltr'><strong>sanctus</strong></span> <span class='ocrx_word' id='word_1_800' title='bbox 2930 5152 3051 5225; x_wconf 53' lang='lat' dir='ltr'><strong>.iste</strong></span> <span class='ocrx_word' id='word_1_801' title='bbox 3095 5154 3550 5227; x_wconf 63' lang='lat' dir='ltr'><strong>episcopus:(2l),</strong></span> 
     </span>
    </p>
   </div>
   <div class='ocr_carea' id='block_1_111' title="bbox 1974 5239 3552 5305">
    <p class='ocr_par' dir='ltr' id='par_1_111' title="bbox 1974 5239 3552 5305">
     <span class='ocr_line' id='line_1_112' title="bbox 1974 5239 3552 5305; baseline 0.01 -17"><span class='ocrx_word' id='word_1_802' title='bbox 1974 5249 2241 5305; x_wconf 88' lang='lat' dir='ltr'><strong>suamque</strong></span> <span class='ocrx_word' id='word_1_803' title='bbox 2306 5239 2631 5294; x_wconf 87' lang='lat' dir='ltr'><strong>sententiam</strong></span> <span class='ocrx_word' id='word_1_804' title='bbox 2699 5243 2918 5299; x_wconf 86' lang='lat' dir='ltr'><strong>lirmare</strong></span> <span class='ocrx_word' id='word_1_805' title='bbox 2984 5245 3168 5304; x_wconf 80' lang='lat' dir='ltr'><strong>studet</strong></span> <span class='ocrx_word' id='word_1_806' title='bbox 3221 5247 3552 5303; x_wconf 82' lang='lat' dir='ltr'><strong>auctoritate</strong></span> 
     </span>
    </p>
   </div>
   <div class='ocr_carea' id='block_1_112' title="bbox 1225 5370 3554 5460">
    <p class='ocr_par' dir='ltr' id='par_1_112' title="bbox 1225 5370 3554 5460">
     <span class='ocr_line' id='line_1_113' title="bbox 1225 5370 3554 5460; baseline 0.01 -38"><span class='ocrx_word' id='word_1_807' title='bbox 1225 5383 1375 5436; x_wconf 79' lang='lat' dir='ltr'><strong>xxiv,</strong></span> <span class='ocrx_word' id='word_1_808' title='bbox 1419 5370 1509 5426; x_wconf 79' lang='lat'><strong>59.</strong></span> <span class='ocrx_word' id='word_1_809' title='bbox 1587 5371 1628 5403; x_wconf 83' lang='lat'><strong>&quot;</strong></span> <span class='ocrx_word' id='word_1_810' title='bbox 1658 5370 1681 5425; x_wconf 88' lang='grc' dir='ltr'>ι</span> <span class='ocrx_word' id='word_1_811' title='bbox 1706 5371 1833 5427; x_wconf 88' lang='lat' dir='ltr'><strong>Cor.</strong></span> <span class='ocrx_word' id='word_1_812' title='bbox 1862 5389 1953 5438; x_wconf 87' lang='lat' dir='ltr'><strong>xv,</strong></span> <span class='ocrx_word' id='word_1_813' title='bbox 2002 5373 2095 5429; x_wconf 79' lang='grc'><strong>25.</strong></span> <span class='ocrx_word' id='word_1_814' title='bbox 2171 5373 2214 5406; x_wconf 84' lang='grc'><strong>¹⁸</strong></span> <span class='ocrx_word' id='word_1_815' title='bbox 2244 5372 2402 5431; x_wconf 85' lang='lat' dir='ltr'><strong>Joan.</strong></span> <span class='ocrx_word' id='word_1_816' title='bbox 2445 5393 2499 5445; x_wconf 90' lang='lat' dir='ltr'><strong>v,</strong></span> <span class='ocrx_word' id='word_1_817' title='bbox 2535 5377 2625 5434; x_wconf 81' lang='lat'><strong>22.</strong></span> <span class='ocrx_word' id='word_1_818' title='bbox 2682 5370 2750 5413; x_wconf 68' lang='grc' dir='ltr'>υ</span> <span class='ocrx_word' id='word_1_819' title='bbox 2780 5380 2887 5440; x_wconf 87' lang='lat' dir='ltr'><strong>Isa.</strong></span> <span class='ocrx_word' id='word_1_820' title='bbox 2933 5400 3085 5456; x_wconf 71' lang='lat' dir='ltr'><strong>mut,</strong></span> <span class='ocrx_word' id='word_1_821' title='bbox 3126 5386 3234 5454; x_wconf 63' lang='lat'><strong>24;</strong></span> <span class='ocrx_word' id='word_1_822' title='bbox 3264 5382 3431 5443; x_wconf 78' lang='lat' dir='ltr'><strong>Marc.</strong></span> <span class='ocrx_word' id='word_1_823' title='bbox 3476 5407 3554 5460; x_wconf 73' lang='grc' dir='ltr'><strong>ιι,</strong></span> 
     </span>
    </p>
   </div>
   <div class='ocr_carea' id='block_1_113' title="bbox 1969 5579 2791 5650">
    <p class='ocr_par' dir='ltr' id='par_1_113' title="bbox 1969 5579 2791 5650">
     <span class='ocr_line' id='line_1_114' title="bbox 1969 5579 2791 5650; baseline 0.016 -14"><span class='ocrx_word' id='word_1_824' title='bbox 1969 5579 2241 5646; x_wconf 86' lang='lat' dir='ltr'><strong>Galland.,</strong></span> <span class='ocrx_word' id='word_1_825' title='bbox 2269 5591 2403 5639; x_wconf 89' lang='lat' dir='ltr'><strong>tom.</strong></span> <span class='ocrx_word' id='word_1_826' title='bbox 2431 5583 2498 5650; x_wconf 85' lang='lat' dir='ltr'><strong>Il,</strong></span> <span class='ocrx_word' id='word_1_827' title='bbox 2523 5588 2629 5645; x_wconf 90' lang='lat' dir='ltr'><strong>col.</strong></span> <span class='ocrx_word' id='word_1_828' title='bbox 2665 5591 2791 5649; x_wconf 72' lang='lat'><strong>499.</strong></span> 
     </span>
    </p>
   </div>
   <div class='ocr_carea' id='block_1_114' title="bbox 2040 5652 3550 5780">
    <p class='ocr_par' dir='ltr' id='par_1_114' title="bbox 2040 5652 3550 5780">
     <span class='ocr_line' id='line_1_115' title="bbox 2040 5652 3550 5780; baseline 0.015 -75"><span class='ocrx_word' id='word_1_829' title='bbox 2040 5652 2152 5775; x_wconf 49' lang='grc' dir='ltr'><strong>φρ)</strong></span> <span class='ocrx_word' id='word_1_830' title='bbox 2194 5655 2252 5708; x_wconf 82' lang='lat' dir='ltr'><strong>S.</strong></span> <span class='ocrx_word' id='word_1_831' title='bbox 2299 5654 2591 5780; x_wconf 58' lang='lat' dir='ltr'><strong>Hippolyt,</strong></span> <span class='ocrx_word' id='word_1_832' title='bbox 2634 5663 2753 5718; x_wconf 80' lang='lat' dir='ltr'><strong>adu.</strong></span> <span class='ocrx_word' id='word_1_833' title='bbox 2788 5662 2958 5719; x_wconf 69' lang='lat' dir='ltr'><strong>Graec.</strong></span> <span class='ocrx_word' id='word_1_834' title='bbox 2987 5674 3039 5720; x_wconf 89' lang='lat' dir='ltr'><strong>et</strong></span> <span class='ocrx_word' id='word_1_835' title='bbox 3068 5665 3369 5739; x_wconf 81' lang='lat' dir='ltr'><strong>Platonem,</strong></span> <span class='ocrx_word' id='word_1_836' title='bbox 3399 5672 3550 5745; x_wconf 82' lang='lat' dir='ltr'><strong>apud</strong></span> 
     </span>
     <span class='ocr_line' id='line_1_116' title="bbox 2040 5731 3524 5780; baseline 0.004 -6"><span class='ocrx_word' id='word_1_837' title='bbox 2040 5738 2207 5780; x_wconf 81' lang='lat' dir='ltr'><strong>,utc..</strong></span> <span class='ocrx_word' id='word_1_838' title='bbox 2237 5737 2368 5779; x_wconf 89' lang='lat' dir='ltr'><strong>tom.</strong></span> <span class='ocrx_word' id='word_1_839' title='bbox 2428 5770 2442 5780; x_wconf 93' lang='lat'><strong>.</strong></span> <span class='ocrx_word' id='word_1_840' title='bbox 2474 5745 2593 5780; x_wconf 67' lang='lat' dir='ltr'><strong>nan.</strong></span> <span class='ocrx_word' id='word_1_841' title='bbox 2618 5731 2741 5780; x_wconf 71' lang='grc'>222-</span> <span class='ocrx_word' id='word_1_842' title='bbox 2768 5743 2823 5780; x_wconf 70' lang='lat' dir='ltr'><strong>et</strong></span> <span class='ocrx_word' id='word_1_843' title='bbox 2846 5735 2987 5780; x_wconf 73' lang='grc' dir='ltr'><strong>επιηά</strong></span> <span class='ocrx_word' id='word_1_844' title='bbox 3010 5736 3238 5780; x_wconf 73' lang='lat' dir='ltr'><strong>Calland</strong></span> <span class='ocrx_word' id='word_1_845' title='bbox 3315 5751 3427 5780; x_wconf 76' lang='lat' dir='ltr'><strong>mm</strong></span> <span class='ocrx_word' id='word_1_846' title='bbox 3487 5743 3524 5780; x_wconf 80' lang='lat' dir='ltr'><strong>rt</strong></span> 
     </span>
    </p>
   </div>
   <div class='ocr_carea' id='block_1_115' title="bbox 1967 5720 3524 5809">
    <p class='ocr_par' dir='ltr' id='par_1_115' title="bbox 1967 5720 3524 5809">
     <span class='ocr_line' id='line_1_117' title="bbox 1967 5720 3524 5809; baseline 0.013 -35"><span class='ocrx_word' id='word_1_847' title='bbox 1967 5720 2383 5809; x_wconf 45' lang='grc' dir='ltr'><strong>εαξηιοίεκέοιης</strong></span> <span class='ocrx_word' id='word_1_848' title='bbox 2401 5720 2444 5792; x_wconf 82' lang='grc'><strong>1,</strong></span> <span class='ocrx_word' id='word_1_849' title='bbox 2474 5720 2593 5809; x_wconf 61' lang='lat' dir='ltr'><strong>pag.</strong></span> <span class='ocrx_word' id='word_1_850' title='bbox 2618 5731 2823 5809; x_wconf 45' lang='lat'><strong>29.3.3:</strong></span> <span class='ocrx_word' id='word_1_851' title='bbox 2846 5735 2987 5805; x_wconf 90' lang='lat' dir='ltr'><strong>apud</strong></span> <span class='ocrx_word' id='word_1_852' title='bbox 3010 5720 3467 5809; x_wconf 50' lang='lat' dir='ltr'><strong>cntingat:</strong></span> <span class='ocrx_word' id='word_1_853' title='bbox 3483 5720 3524 5795; x_wconf 78' lang='lat' dir='ltr'><strong>it</strong></span> 
     </span>
    </p>
   </div>
   <div class='ocr_carea' id='block_1_116' title="bbox 1968 5791 2827 5863">
    <p class='ocr_par' dir='ltr' id='par_1_116' title="bbox 1968 5791 2827 5863">
     <span class='ocr_line' id='line_1_118' title="bbox 1968 5791 2827 5863; baseline 0.017 -20"><span class='ocrx_word' id='word_1_854' title='bbox 1968 5792 2109 5848; x_wconf 75' lang='lat' dir='ltr'><strong>Bibl.</strong></span> <span class='ocrx_word' id='word_1_855' title='bbox 2151 5791 2287 5856; x_wconf 83' lang='lat' dir='ltr'><strong>PP.,</strong></span> <span class='ocrx_word' id='word_1_856' title='bbox 2314 5791 2672 5863; x_wconf 77' lang='lat' dir='ltr'><strong>num.&#39;5,&#39;cut.</strong></span> <span class='ocrx_word' id='word_1_857' title='bbox 2701 5791 2827 5858; x_wconf 69' lang='lat'><strong>453.</strong></span> 
     </span>
    </p>
   </div>
   <div class='ocr_carea' id='block_1_117' title="bbox 2039 5864 3535 5950">
    <p class='ocr_par' dir='ltr' id='par_1_117' title="bbox 2039 5864 3535 5950">
     <span class='ocr_line' id='line_1_119' title="bbox 2039 5864 3535 5950; baseline 0.015 -35"><span class='ocrx_word' id='word_1_858' title='bbox 2039 5864 2151 5935; x_wconf 70' lang='lat' dir='ltr'><strong>(2i)</strong></span> <span class='ocrx_word' id='word_1_859' title='bbox 2181 5865 2237 5919; x_wconf 83' lang='lat' dir='ltr'><strong>S.</strong></span> <span class='ocrx_word' id='word_1_860' title='bbox 2274 5864 2616 5940; x_wconf 81' lang='lat' dir='ltr'><strong>Hippolytus,</strong></span> <span class='ocrx_word' id='word_1_861' title='bbox 2650 5872 2742 5929; x_wconf 89' lang='lat' dir='ltr'><strong>lib.</strong></span> <span class='ocrx_word' id='word_1_862' title='bbox 2779 5874 2857 5929; x_wconf 83' lang='lat' dir='ltr'><strong>De</strong></span> <span class='ocrx_word' id='word_1_863' title='bbox 2883 5875 3233 5950; x_wconf 79' lang='lat' dir='ltr'><strong>Antichristo,</strong></span> <span class='ocrx_word' id='word_1_864' title='bbox 3261 5896 3414 5937; x_wconf 87' lang='lat' dir='ltr'><strong>num.</strong></span> <span class='ocrx_word' id='word_1_865' title='bbox 3449 5883 3535 5939; x_wconf 74' lang='grc' dir='ltr'><strong>Η.</strong></span> 
     </span>
    </p>
   </div>
  </div>
