3986 6358
503 376 610 434 575

1491 376 1580 432 DE
1623 377 1783 433 VITA
1813 378 1901 434 ET
1945 377 2258 450 SCRIPTIS
2290 381 2350 438 S.
2387 379 2776 440 HIPPOLY'I'I.
3627 389 3715 446 576

505 491 936 563 Scripturarum.
969 501 1024 548 et
1063 492 1332 564 pracipue
1376 493 1606 552 Genesis
1660 511 1780 568 cap.
1840 513 1989 564 xuii,
2035 514 2090 554 γε
2123 504 2169 560 Α
2196 497 2492 554 bitabunt?
2529 498 2696 554 Vana
2725 515 2791 556 ac
2822 499 3043 556 inutiles
3079 501 3404 572 quaestiones
3445 513 3567 560 sunt
3599 504 3719 575 ista,

504 585 594 650 17,
639 595 692 640 et
715 584 966 642 Ieremia
988 601 1106 657 cap.
1148 602 1269 650 vm,
1299 603 1351 641 v.
1386 588 1474 642 i6.
1507 587 1708 645 Verum
1742 590 1930 660 opinio
1967 590 2083 646 hac

503 679 572 732 ad
603 693 880 733 summum
907 687 966 733 ut
991 679 1222 749 simplex
1249 681 1567 750 conjectura
1609 681 1839 752 proferri
1873 692 2080 754 potest;

503 771 647 826 hanc
715 772 914 842 quippe
965 773 1238 849 retulisse,
1305 773 1574 830 refutasse
1615 785 1717 842 est,
1751 787 1810 832 ut
1853 776 2084 848 quilibet

501 861 672 930 probe
703 862 1002 930 dignoscet,
1031 864 1078 918 si
1111 865 1193 918 vel
1229 865 1417 920 leviter
1445 868 1777 937 perpendere
1811 870 1940 924 velit
1972 874 2080 924 duo

503 951 595 1006 illa
642 952 939 1024 Scriptura
968 957 1300 1024 testimonia,
1341 959 1542 1028 quibus
1581 959 1699 1029 ejus
1729 961 1936 1030 opinio,
1971 970 2082 1016 tota

502 1056 708 1114 quanta
740 1056 846 1112 est,
888 1049 1158 1104 innititur.
1194 1049 1385 1117 Quoad
1413 1052 1737 1108 Antichristi
1767 1070 1986 1120 nomen,
2019 1070 2082 1111 ea

503 1146 695 1193 sancto
724 1137 1015 1212 Hippolyto
1044 1144 1232 1212 opinio
1283 1144 1452 1213 stetit,
1503 1145 1609 1202 hoc
1655 1147 1928 1218 designari
1975 1148 2082 1203 illis

501 1229 860 1304 Apocalypsis
884 1234 1063 1290 verbis
1096 1235 1206 1307 (22)
1247 1255 1260 1291 :
1297 1236 1366 1289 Et
1396 1254 1644 1292 numerus
1692 1238 1806 1303 eius
1848 1242 2081 1295 sexcenti

500 1325 779 1394 sexaginta
809 1342 899 1380 sea:
922 1329 1000 1395 ²¹;
1029 1339 1084 1383 et
1105 1329 1230 1384 licet
1251 1330 1476 1387 delinire
1503 1349 1611 1387 non
1635 1334 1834 1389 audeat
1860 1345 2083 1391 sanctus

501 1419 811 1488 cpiscopus,
842 1420 1121 1490 quodnam
1163 1439 1358 1478 nomen
1403 1439 1467 1481 ex
1507 1425 1613 1482 hoc
1642 1443 1874 1482 numero
1905 1444 2083 1484 emer-

503 1527 629 1582 gere
655 1514 858 1580 possit,
887 1513 1242 1572 nihilominus
1264 1532 1330 1571 ex
1355 1517 1670 1588 conjectura
1691 1521 1944 1589 opinatur
1969 1521 2081 1590 (25)

500 1614 625 1675 post
656 1604 712 1661 S.
755 1604 1041 1674 Irenaum,
1077 1607 1431 1678 impostorem
1463 1609 1610 1666 hunc
1641 1610 1871 1666 fortasse
1903 1613 2084 1682 appel-

501 1697 603 1752 lari
632 1698 829 1753 debere
856 1699 961 1754 hoc
989 1701 1210 1756 nomine
1248 1719 1268 1756 θ
1307 1701 1464 1756 Titan
1499 1704 1618 1759 sive
1649 1702 1940 1768 Evam/tas,
1969 1705 2083 1760 sive

507 1789 767 1856 Latinus;
796 1807 918 1861 qua
951 1793 1170 1862 quidem
1209 1793 1546 1866 conjectura,
1593 1809 1746 1866 aque
1779 1810 1845 1850 ac
1884 1797 2079 1866 prima,

502 1881 674 1938 futilis
695 1893 796 1939 est.

577 1972 800 2043 Tempus
827 1975 1161 2032 Antichristi.
1189 2006 1258 2015 —
1279 1975 1398 2032 Non
1425 1992 1579 2048 aque
1609 1987 1788 2046 nutat,
1819 1980 1961 2050 quod
1983 1979 2083 2034 do-

503 2076 589 2122 cet
614 2067 754 2123 idem
788 2077 1010 2124 sanctus
1045 2079 1250 2140 martyr
1281 2069 1346 2124 de
1369 2079 1609 2140 tempore
1634 2071 1952 2126 Antichristi
1983 2072 2083 2127 ad-

501 2168 736 2227 ventus;
772 2159 930 2216 docet
974 2161 1175 2232 quippe
1205 2161 1319 2232 (24)
1358 2163 1503 2217 hunc
1563 2163 1868 2234 iniquitatis
1908 2165 2084 2220 virum

502 2251 559 2306 in
589 2255 694 2308 line
717 2253 904 2308 mundi
930 2265 1214 2309 venturum
1251 2271 1407 2322 esse;
1445 2255 1592 2326 quod
1628 2266 1682 2311 et
1724 2257 2088 2313 commuiter

499 2345 660 2399 docet
688 2343 949 2400 Ecclesia.
977 2344 1245 2401 Caeterum
1277 2363 1383 2402 non
1412 2347 1500 2402 ille
1538 2363 1658 2403 sum
1700 2363 1801 2418 ego
1823 2388 1837 2412 ,
1867 2348 1960 2418 qui
1993 2363 2086 2404 as-

503 2437 694 2492 sentiri
724 2439 931 2508 possim
959 2439 1020 2493 D.
1063 2437 1351 2512 Hippolyto
1383 2441 1631 2511 quadam
1663 2439 1957 2511 Scriptura
2008 2451 2088 2496 te-

502 2533 763 2590 stimonia
800 2536 870 2590 de
899 2536 1128 2606 praeciso
1160 2536 1485 2592 Antichristi
1537 2537 1771 2591 adventu
1823 2537 2088 2606 interpre-

503 2626 677 2692 tanti;
703 2627 870 2682 veluti
899 2643 1022 2682 cum
1064 2628 1140 2682 ait
1171 2628 1285 2698 (25)
1307 2669 1320 2693 ,
1353 2628 1751 2684 Antichristum
1799 2637 2086 2684 venturum

499 2718 557 2773 in
583 2729 856 2790 postrema
907 2720 1250 2791 septuaginta
1296 2721 1760 2776 hebdomadarum
1803 2719 2084 2775 Danielis:

500 2818 716 2866 constat
755 2810 899 2864 enim
923 2849 938 2874 ,
977 2821 1037 2864 ut
1072 2809 1200 2863 alibi
1224 2809 1338 2879 jam
1379 2809 1643 2872 vidimus,
1690 2806 2085 2862 hebdomadam

500 2902 644 2957 hanc
674 2902 835 2957 iinem
864 2902 1122 2958 habuisse
1147 2903 1200 2955 in
1223 2902 1402 2972 primo
1427 2900 1558 2957 Jesu
1591 2900 1798 2956 Christi
1829 2901 2084 2964 adventu,

498 3011 614 3066 quo
665 3004 885 3066 peracto
941 2995 1369 3051 circumstantia
1437 3009 1629 3049 omnes
1677 2993 2090 3048 notabilissima

501 3086 740 3155 impletae
764 3093 913 3148 sunt,
932 3101 1066 3155 quas
1091 3083 1299 3154 impleri
1329 3084 1525 3138 debere
1552 3083 1604 3136 in
1631 3082 1722 3137 illa
1751 3082 2087 3137 hebdomada

505 3175 802 3246 Scriptura:
831 3176 1231 3230 nuntiaverant.
1263 3171 1476 3228 Extunc
1499 3173 1700 3243 quippe
1730 3172 1860 3227 urbs
1885 3172 2085 3243 inclyta

501 3265 804 3322 Jerusalem
830 3265 1105 3320 destructa
1130 3264 1256 3332 fuit,
1284 3264 1544 3334 templum
1589 3277 1862 3328 eversum,
1909 3262 2084 3317 sacri-
2115 3291 2156 3347 ο

501 3360 688 3416 licium
713 3360 996 3423 abolitum,
1021 3359 1356 3414 abominatic
1379 3357 1732 3413 desolationis
1761 3357 1861 3411 fuit
1891 3356 1943 3410 in
1965 3356 2085 3411 ioco

505 3461 739 3519 sancto;
768 3452 1228 3522 quemadmodum
1250 3450 1618 3506 ecclesiastica
1643 3461 1828 3504 narrat
1855 3449 2082 3504 historia

504 3561 576 3600 ex
631 3543 737 3598 tide
791 3545 1032 3613 ipsorum
1090 3542 1463 3607 Hebraorum,
1518 3541 1642 3611 qui,
1679 3555 1804 3594 cum
1851 3540 2085 3610 propriis

505 3634 683 3690 oculis
713 3633 1054 3689 calamitates
1088 3632 1209 3690 illas
1237 3631 1672 3702 conspexissent,
1719 3630 1914 3686 litteris
1953 3646 2086 3686 con-

503 3727 806 3799 signarunt.

492 3826 494 3829 '
577 3819 760 3874 Enoch
786 3829 832 3874 et
860 3818 1041 3874 Elius.
1069 3850 1140 3860 —
1163 3819 1272 3875 Nec
1296 3820 1435 3874 ultra
1469 3819 1793 3890 conjectura
1833 3817 1966 3872 fines
1992 3831 2085 3870 va-

504 3916 665 3982 gatur
685 3911 853 3966 altera
881 3911 997 3968 hac
1026 3912 1083 3966 S.
1113 3910 1383 3982 Hippolyti
1408 3911 1592 3981 Opinio
1617 3908 1729 3980 (26)
1753 3927 1766 3976 ;
1799 3907 2082 3963 Enochum

505 4003 716 4060 scilicet
744 4012 798 4058 et
830 4001 1003 4057 Eliam
1036 4003 1331 4073 prophetas
1361 4017 1457 4072 per
1481 4002 1767 4057 dimidium
1799 4009 2084 4070 septuage-

507 4095 662 4149 sima
682 4095 1033 4150 hebdomada
1053 4104 1388 4165 pugnaturos
1422 4109 1545 4149 cum
1573 4092 1944 4156 Antichristo;
1984 4106 2084 4145 nec

505 4198 619 4237 non
671 4183 1048 4252 insumpturos
1085 4185 1140 4237 in
1189 4185 1571 4254 pradicatione
1603 4202 1622 4234 ‹
1661 4183 1745 4237 bis
1784 4181 1950 4247 mille,
1999 4180 2083 4237 bis

507 4281 729 4328 centum
769 4275 1049 4344 sexaginta
1079 4275 1225 4342 dies;
1264 4295 1282 4328 ι
1316 4275 1461 4344 quod
1490 4291 1644 4344 aque
1681 4275 1947 4328 incertum
1977 4282 2078 4328 est.

424 4416 434 4428 κ
507 4361 694 4419 Enoch
721 4372 775 4418 et
797 4363 942 4420 Eiias
965 4365 1304 4434 apparebunt
1335 4365 1521 4435 utique
1549 4364 1868 4418 Antichristi
1899 4371 2079 4429 atate,

503 4452 756 4510 homines
778 4455 844 4510 ad
878 4456 1252 4526 pauitentiam
1277 4456 1643 4522 cohortantes,
1694 4454 1851 4509 sicuti
1890 4453 2078 4509 eodem

507 4546 630 4602 loco
661 4557 848 4602 noster
876 4548 966 4603 hic
989 4558 1179 4603 auctor
1207 4552 1383 4604 docet.
1412 4547 1635 4611 Verum,
1666 4562 1902 4617 quonam
1943 4560 2080 4616 pra-

506 4639 620 4695 cise
649 4648 891 4710 tempore
919 4642 1297 4712 apparebunt?
1324 4643 1468 4709 Quot
1499 4641 1690 4697 diebus
1735 4651 1936 4695 terram
1977 4641 2077 4694 ba-

576 4759 621 4790 “
656 4759 827 4829 Apoc.
856 4776 980 4826 xm,
1005 4762 1090 4816 ii.

579 4876 692 4950 (22)
828 4877 1101 4950 Hippolyt.
1125 4883 1219 4936 lib.
1257 4882 1334 4937 De
1366 4883 1517 4950 Ant.,
1547 4899 1700 4939 num.
1722 4881 1812 4938 48.

577 4948 691 5017 (es)
732 4947 1053 5017 ιιιεωίῐιιίιῐ.

576 5016 692 5086 (24⁷)
735 5016 903 5087 Idem,
934 5021 1089 5087 ibid.,
1115 5039 1267 5077 num.
1295 5023 1382 5079 I9.

579 5087 693 5159 (25)
734 5087 882 5168 Idem
913 5132 929 5158 ,
963 5093 1128 5168 ibid._,
1156 5094 1434 5168 numaiﬁ
1486 5103 1541 5151 et
1589 5112 1742 5168 seqq.
1826 5097 2076 5168 Captatio

507 5160 625 5237 hac
643 5159 777 5214 certi
800 5163 1064 5237 temporis
1093 5163 1438 5237 Antichristi,
1469 5175 1531 5221 ut
1561 5176 1616 5222 et
1641 5159 1840 5222 Christi
1881 5159 1946 5224 a'd
1988 5169 2078 5237 ju-

507 5227 712 5306 (licium
742 5227 1528 5306 ve_ntui‘_i,0mninocavenda,
1572 5237 1716 5306 quod
1751 5254 1913 5293 nosse
1963 5227 2078 5294 h'ac

506 5301 766 5357 mortales
791 5299 1135 5360 Providentia
1162 5305 1418 5361 noluerit.
1449 5299 1727 5364 Videndus
1758 5307 1817 5364 S.
1843 5308 2082 5381 Chryso-

2184 607 2413 662 quarum
2438 603 2641 649 certam
2665 594 2991 649 solutionem
3017 594 3184 649 latere
3205 605 3305 650 nos
3327 597 3492 652 voluit
3513 597 3720 669 Spiritus

2182 690 2426 749 sanctus,
2472 685 2634 738 sicuti
2677 692 2732 738 et
2762 684 3181 740 determinatam
3215 693 3428 756 tempus
3491 704 3593 758 quo
3619 709 3721 746 om-

2182 771 2272 827 nia
2301 774 2857 842 consummahuntur;
2888 774 3033 845 quod
3066 783 3278 844 tempus
3299 776 3637 836 nihilominus
3664 783 3722 837 ad

2181 866 2386 919 exitum
2415 866 2551 921 sexti
2579 866 2868 921 millenarii
2902 866 2970 921 ab
2998 867 3188 922 eodem
3220 866 3279 921 S.
3311 866 3587 942 Hippolyto
3603 889 3724 943 pra-

2182 956 2382 1025 tigitur.
2432 957 2511 1012 Ex
2538 959 2736 1029 quibus
2766 973 2898 1013 sane
2917 960 3283 1028 peculiaribus
3317 953 3440 1015 divi'
3478 961 3722 1038 Hippolyti

2182 1046 2531 1114 opinionibus
2566 1049 2732 1118 probe
2759 1049 3117 1119 conjicimus,
3164 1067 3287 1106 eum
3326 1050 3380 1104 in
3433 1060 3723 1124 exponendo

2182 1137 2398 1193 litterali
2431 1141 2835 1210 Scripturarum
2885 1157 3052 1198 sensu
3088 1160 3281 1215 parum
3327 1148 3606 1202 admodum
3648 1165 3723 1205 ex-

2182 1232 2457 1287 celluisse.

2253 1321 2595 1377 Characteres
2665 1324 2999 1378 Antichristi.
3054 1355 3126 1366 —
3170 1325 3526 1384 Felicioribus
3566 1331 3721 1386 ventis

2181 1429 2332 1468 mare
2374 1415 2520 1468 istud
2573 1416 2845 1484 enavigat,
2897 1432 3023 1472 cum
3052 1417 3210 1472 docet
3259 1417 3372 1490 (27)
3418 1420 3724 1477 seductorem

2182 1505 2350 1570 hunc,
2387 1518 2446 1561 ut
2469 1506 2684 1563 facilius
2713 1508 2964 1564 homines
2997 1510 3262 1580 decipiat,
3298 1522 3576 1567 venturum
3623 1529 3725 1572 esse

2181 1598 2508 1666 quibusdam
2544 1600 2691 1656 notis
2709 1615 2773 1655 ac
2802 1600 2971 1670 signis
2989 1602 3335 1670 distinctum,
3362 1620 3480 1675 qua
3502 1605 3552 1659 in
3579 1607 3725 1663 sacris

2182 1689 2375 1744 litteris
2395 1688 2522 1744 Jesu
2543 1687 2762 1746 Christo
2795 1691 3146 1760 tribuuntur;
3199 1693 3456 1749 seductor
3491 1696 3644 1763 enim,
3677 1706 3726 1752 ut

2183 1781 2259 1834 ait
2281 1789 2502 1836 sanctus
2532 1780 2871 1852 Hippolytus,
2900 1799 2996 1853 per
3022 1785 3205 1839 omnia
3233 1785 3430 1842 similis
3450 1787 3606 1843 videri
3629 1790 3726 1846 vult

2109 1873 2157 1934 B
2185 1874 2321 1930 Filio
2347 1874 2463 1930 Dei.
2500 1894 2518 1928 ι
2561 1875 2671 1929 Leo
2704 1877 2922 1946 quidem
2956 1877 3210 1934 Christus
3235 1921 3251 1947 ,
3288 1895 3356 1934 ex
3389 1882 3553 1937 sacris
3597 1880 3726 1938 Scri-

2185 1968 2391 2038 pturis;
2439 1977 2494 2022 et
2541 1983 2607 2023 ex
2656 1969 2848 2024 iisdem
2887 1968 3184 2040 Scripturis
3229 1971 3318 2027 leo
3369 1972 3721 2031 Antichristns.

2185 2061 2302 2116 Rex
2349 2059 2634 2128 Christus;
2690 2077 2754 2116 ac
2787 2077 2884 2116 rex
2931 2061 3323 2119 Antichristus.
3359 2064 3626 2122 Exhibitus
3657 2076 3726 2123 est

2189 2149 2438 2206 Salvator
2467 2162 2527 2206 ut
2557 2166 2768 2217 agitus;
2819 2152 2936 2222 ipse
2979 2169 3196 2224 quoque
3229 2156 3438 2225 pariter
3476 2165 3533 2212 ut
3577 2173 3724 2229 agnus

2187 2242 2486 2312 apparebit.
2516 2241 2664 2297 Misit
2710 2243 2972 2300 Dominus
3005 2247 3283 2315 apostolos
3320 2248 3374 2302 in
3400 2263 3580 2304 omnes
3617 2265 3727 2320 ger.-

2189 2345 2307 2402 tes;
2341 2337 2516 2390 mittet
2538 2346 2592 2392 et
2615 2337 2730 2406 ipse
2765 2339 2986 2406 perinde
3031 2339 3536 2410 pseudoapostolos.
3603 2340 3728 2396 Con-

2189 2427 2428 2499 gregavit
2474 2426 2725 2482 Salvator
2753 2443 2882 2483 oves
2907 2467 2922 2490 ,
2954 2444 3076 2498 qua
3113 2429 3379 2500 dispersa
3407 2439 3587 2497 erant;
3628 2432 3726 2502 ipse

2189 2532 2406 2587 quoque
2429 2518 2629 2588 pariter
2659 2517 2918 2587 pepulum
2949 2519 3323 2590 eongregabit,
3359 2519 3455 2590 qui
3482 2521 3726 2590 dispersus

2189 2616 2290 2661 est.
2325 2606 2479 2662 Dedit
2511 2607 2778 2662 Dominus
2809 2607 3055 2662 ﬁdelibus
3090 2609 3205 2665 suis
3242 2609 3608 2680 signaculum;
3631 2613 3726 2682 ipse

2190 2713 2407 2766 quoque
2433 2698 2684 2752 similiter
2715 2698 2884 2753 dabit.
2921 2699 3187 2767 Apparuit
3221 2699 3472 2756 Salvator
3521 2701 3727 2758 hominis

2191 2791 2416 2857 habitu;
2445 2792 2560 2861 ipse
2585 2806 2802 2862 quoque
2829 2791 2883 2845 in
2916 2792 3156 2847 hominis
3190 2793 3383 2850 habitu
3413 2796 3602 2851 veniet.
3639 2795 3727 2850 Ex-

2191 2883 2378 2939 citavit
2407 2882 2675 2951 Satvator,
2705 2899 2770 2940 ac
2793 2897 3039 2940 sanctam
3077 2886 3304 2942 domum
3351 2903 3504 2943 suam
3537 2897 3592 2944 ut
3614 2899 3728 2944 tem-

2190 2975 2339 3045 plum
2361 2975 2520 3043 i'ecit;
2562 2977 2678 3046 ipse
2705 2976 2890 3031 itidem
2923 2978 3186 3047 templum
3219 2979 3491 3049 lapidibus
3510 2989 3728 3036 constt-th:

2191 3076 2336 3122 ctum
2370 3064 2759 3136 Hierosolymis
2808 3067 3087 3122 excitabit.
3135 3087 3156 3121 ι
3192 3067 3260 3122 Hi
3298 3078 3460 3136 sunt,
3489 3069 3631 3140 juxta
3678 3067 3725 3123 S.

2192 3156 2560 3230 Hippolytum,
2590 3159 2934 3214 characteres
2965 3161 3059 3230 qui
3093 3159 3149 3215 in
3177 3163 3418 3230 speciem
3438 3160 3562 3217 Jesu
3591 3160 3729 3216 Chri-

2191 3257 2277 3303 sto
2303 3257 2354 3302 et
2388 3247 2722 3304 Antichristo
2767 3263 3087 3306 communes
3123 3261 3320 3319 erunt;
3376 3252 3568 3322 quibus
3605 3251 3728 3306 aliud

2192 3340 2438 3410 adjungit
2460 3339 2595 3412 (28),
2629 3357 2736 3396 non
2769 3357 2920 3412 aeque
2937 3351 3181 3412 certum;
3207 3345 3359 3415 quod
3384 3345 3601 3413 scilicet,
3621 3359 3727 3400 cum

2195 3431 2442 3487 Salvator
2469 3435 2678 3489 venerit
2709 3435 2764 3490 in
2798 3436 3215 3493 circumcisione
3247 3438 3627 3511 in_mundum,
3653 3451 3728 3491 ve-

2183 3529 2296 3581 niet
2316 3535 2368 3581 et
2396 3525 2484 3581 ille
2508 3527 2778 3583 similiter.

2254 3623 2369 3680 Hoc
2397 3635 2580 3680 autem
2620 3635 2780 3696 pacto
2819 3643 2848 3682 a
2883 3643 3011 3683 vero
3035 3629 3257 3686 Christo
3307 3629 3517 3687 secerni
3560 3625 3729 3700 poterit

2183 3717 2436 3771 seductor
2467 3717 2592 3773 ille:
2639 3717 2744 3772 erit
2786 3719 2988 3789 quippe
3038 3719 3298 3790 politicus
3333 3730 3610 3793 tyrannus,
3648 3715 3727 3788 qui

2184 3809 2427 3862 omnium
2467 3819 2861 3865 tormentorum
2896 3810 3009 3884 (29)
3037 3827 3232 3883 genere
3263 3813 3645 3869 animadvertet
3679 3810 3727 3862 in

2182 3917 2297 3966 eos,
2325 3903 2418 3972 qui
2447 3903 2593 3958 illius
2623 3902 2930 3957 doctrinam
2975 3906 3172 3960 sectari
3204 3907 3483 3974 abnucnt;
3533 3906 3728 3974 insuper

2182 3991 2335 4049 falsis
2364 3994 2820 4064 promissionibus
2847 3996 3065 4052 allicere
3081 3998 3345 4065 tentabit;
3371 4014 3465 4068 per
3486 4008 3728 4053 summam

2182 4086 2548 4154 arrogantiam
2581 4085 2794 4141 divinos
2823 4087 3062 4144 honores
3087 4091 3343 4158 exquiret
3382 4091 3529 4162 (‘50):
3585 4101 3727 4158 quem

2182 4175 2398 4230 tandem
2430 4173 2692 4232 Dominus
2723 4177 3050 4243 humiliabit,
3079 4189 3133 4233 et
3167 4194 3388 4248 poenam
3432 4179 3624 4250 inﬂiget
3653 4176 3728 4230 ni-

2181 4269 2306 4322 mia
2334 4267 2478 4335 illius
2517 4268 2785 4338 superbia
2825 4269 3089 4325 debitam.
3140 4269 3302 4328 Jesus
3339 4271 3582 4327 Christus
3621 4280 3724 4323 eum

2195 4358 2792 4429 exterminabitspiritu
2823 4361 2936 4417 oris
2978 4363 3061 4416 sui
3091 4361 3240 4434 (5|);
3281 4372 3336 4419 et
3381 4364 3622 4430 deinceps
3652 4372 3727 4412 ve-

2181 4451 2291 4505 niet
2312 4451 2556 4520 judicare
2584 4466 2776 4507 omnes
2801 4453 3071 4509 homines.
3101 4453 3228 4509 Haec
3251 4465 3382 4510 sunt
3406 4453 3720 4514 notabiliora,

2180 4558 2302 4613 qua
2329 4543 2384 4596 in
2420 4543 2542 4598 divo
2575 4541 2860 4616 Hippolyto
2895 4546 3074 4617 quoad
3115 4547 3311 4618 dogma
3345 4544 3720 4617 deprehendere

2182 4633 2353 4708 potui.

2113 4883 2157 4939 D
2189 4887 2422 4951 stomus,
2477 4877 2667 4951 bomil.
2698 4877 2734 4931 2
2781 4878 2901 4951 adv.
2941 4876 3178 4948 Judaos,
3209 4889 3262 4936 et
3291 4879 3638 4951 Hieronymus
3675 4872 3723 4925 in

2186 4949 2424 5005 Danielis
2449 4964 2532 5018 lx,
2567 4950 2766 5018 aliique
2798 4949 3017 5004 ibidem.

2249 5020 2362 5092 (26)
2396 5019 2464 5092 _S.
2492 5011 2791 5092 Hippolyta
2829 5019 2924 5074 lib.
2958 5019 3032 5092 De
3071 5019 3418 5089 Antichristo,
3436 5033 3580 5075 num.
3607 5011 3681 5068 45.

2249 5035 2362 5092 tuo)
2406 5035 2464 5072 δ.
2492 5035 2791 5142 mpporJyu,
2829 5035 2924 5074 nn.
2958 5035 3032 5075 ue
3071 5035 3318 5074 anttcnrt

2395 5090 2562 5170 I_d_em,
2598 5090 2681 5170 ilii-
2706 5130 2762 5170 _.,
2809 5106 2962 5145 num.
3082 5101 3137 5146 et
3167 5107 3318 5162 seqq.

2275 5162 2365 5228 28)
2406 5160 2570 5226 Idem,
2606 5160 2763 5227 ibid.,
2799 5177 2952 5215 num.
2997 5161 3051 5215 6.

2272 5232 2363 5300 29)
2404 5229 2572 5296 idem,
2602 5231 2638 5284 l.
2667 5246 2743 5298 c.,
2774 5248 2925 5286 num.
2962 5229 3051 5286 25.

2305 5303 2358 5370 υ)
2396 5300 2562 5373 Idem,
2593 5301 2629 5373 l.
2654 5317 2726 5367 c.,
2751 5318 2904 5356 num.
2941 5301 3011 5355 52
3034 5312 3088 5358 et
3126 5318 3277 5373 seqq.

2245 5369 2360 5445 (5t)
2399 5371 2568 5441 Idem,
2592 5371 2628 5426 1.
2657 5389 2729 5442 c.,
2752 5390 2904 5430 num.
2929 5374 2999 5431 65
3019 5381 3072 5431 et
3097 5373 3139 5428 Il
3170 5369 3412 5428 Thessai.
3445 5386 3503 5438 ιι,
3528 5369 3575 5424 1.
