3986 6358
211 406 308 462 ST!

1194 408 1286 466 DE
1325 407 1489 467 VITA
1526 409 1618 466 ET
1651 405 1970 468 SCRlP'l'lS
2002 408 2072 464 'S.
2123 407 2533 471 HIPPOLYTL

3383 403 3485 459 δῖε

881 809 1542 872 OBSERVATIONES
1597 804 1982 869 MORALES
2017 809 2119 870 ET
2174 810 2806 874 DISCIPLINARES.

780 931 1178 991 ARTICULUS
1231 934 1274 992 Ι.

636 1041 842 1081 ἰύΝΟΤΔ
878 1043 1110 1083 IORALIA
1145 1043 1395 1092 QUEDAI.

293 1114 469 1171 Caute
501 1134 564 1171 ac
609 1135 729 1172 cum
761 1129 903 1174 metu
935 1122 1176 1175 veritates
1219 1120 1488 1192 religionis
1536 1120 1807 1175 tradenda

211 1218 370 1264 sunt.
408 1237 480 1250 --
509 1207 745 1265 Sanctus
774 1220 960 1266 noster
984 1212 1274 1283 episcOpus
1299 1212 1455 1267 initio
1493 1213 1576 1267 sui
1612 1222 1810 1267 tracta-

217 1307 315 1355 tus
381 1299 462 1354 De
517 1301 846 1356 Amic/triste
895 1303 1179 1359 lectionem
1228 1303 1431 1374 praebet
1472 1301 1539 1358 iis
1593 1320 1808 1361 summe

217 1393 623 1455 necessariam,
655 1395 853 1464 quibus
879 1394 1020 1452 Deus
1059 1395 1296 1452 indolem
1324 1411 1389 1452 ac
1435 1397 1614 1452 dotem
1649 1408 1806 1453 caete-

215 1501 312 1540 ros
337 1485 576 1540 docendi
608 1486 834 1557 largitus
860 1498 963 1543 est.
988 1487 1047 1543 In
1074 1505 1139 1544 eo
1168 1489 1342 1559 posita
1369 1499 1548 1545 autem
1580 1499 1663 1546 est
1693 1491 1807 1547 hinc

215 1580 386 1634 lectio
414 1579 555 1649 (5‘2),
597 1581 747 1651 quod
786 1582 994 1637 scilicet
1035 1581 1316 1652 religionis
1347 1583 1604 1638 veritates
1649 1581 1807 1638 facile

217 1689 333 1729 non
387 1674 610 1728 tradant
660 1675 748 1740 iis,
782 1675 876 1745 qui
906 1675 970 1730 ad
1013 1676 1327 1732 earumdem
1365 1677 1595 1732 abusum
1648 1679 1804 1748 proni

215 1773 349 1819 sunt
381 1780 446 1817 ac
476 1763 756 1834 dispositi,
803 1767 898 1820 sed
940 1765 1044 1836 piis
1081 1766 1425 1823 solummodo
1465 1767 1802 1836 hominibus,

214 1855 310 1926 qui
344 1855 400 1909 in
448 1856 650 1911 timore
695 1857 790 1912 Dei
837 1856 1046 1922 vivunt,
1078 1859 1130 1912 in
1161 1859 1449 1914 sanctitate
1483 1869 1536 1916 et
1571 1861 1800 1923 iustitia.

214 1952 297 2005 illi
335 1952 468 2021 ipsi,
503 1951 599 2020 qui
631 1951 848 2014 docent,
873 1951 1068 2006 docere
1093 1951 1292 2006 debent
1317 1968 1440 2008 cum
1481 1964 1659 2018 metu,
1706 1969 1806 2010 nec

219 2043 464 2098 caelestia
489 2043 676 2112 eloqui
718 2041 937 2108 debent,
973 2042 1079 2096 nisi
1119 2043 1360 2099 Charitas
1402 2053 1593 2115 urgeat
1631 2063 1643 2099 :
1679 2044 1807 2100 hinc

223 2136 334 2204 ipse
365 2135 620 2204 gentium
659 2134 957 2204 Apostolus
983 2149 1105 2190 cum
1135 2147 1281 2189 metu
1305 2145 1357 2190 et
1397 2145 1554 2191 caute
1587 2135 1655 2192 de
1689 2153 1805 2208 my-

221 2227 400 2282 steriis
445 2226 578 2281 fidei
643 2226 1005 2296 loquebatur;
1059 2227 1188 2298 quia
1220 2242 1342 2284 cum
1376 2238 1504 2284 tunc
1545 2231 1805 2298 temporis

221 2333 315 2373 nec
346 2334 552 2373 omnes
599 2318 853 2374 homines
905 2319 1222 2387 crederent,
1255 2337 1354 2376 nec
1387 2321 1485 2375 toti
1535 2331 1802 2377 terrarum

218 2412 334 2465 orbi
375 2411 521 2466 fides
561 2411 934 2478 illucesceret,
975 2411 1125 2482 justa
1153 2411 1462 2470 formidinis
1508 2429 1673 2469 causa
1728 2415 1804 2469 illi

220 2517 323 2554 non
349 2501 568 2568 deerat,
601 2499 716 2556 fore
749 2501 938 2556 uthzec
967 2503 1223 2574 mysteria
1253 2503 1492 2575 indignis
1517 2514 1570 2560 et
1595 2506 1660 2561 ad
1683 2521 1809 2562 con-

124 2592 129 2600 ’
218 2605 486 2665 temptum
525 2611 745 2651 summe
771 2595 1056 2666 dispositis
1101 2597 1537 2665 innotescerent;
1576 2598 1808 2670 ideoque

217 2685 512 2743 Timotheo
554 2687 829 2758 discipulo
883 2704 984 2742 suo
1023 2688 1187 2742 etiam
1232 2697 1395 2758 atque
1434 2690 1600 2745 etiam
1652 2707 1806 2748 com-

213 2779 464 2845 mendat,
501 2786 564 2832 ut
599 2794 706 2833 non
749 2778 924 2833 tradat
952 2779 1211 2834 veritates
1236 2794 1267 2834 a
1303 2795 1362 2834 se
1385 2780 1496 2851 jam
1529 2793 1803 2853 acceptas,

213 2871 316 2924 nisi
341 2872 455 2941 piis
487 2886 555 2926 ac
585 2871 860 2942 religiosis
885 2871 1038 2936 vir-is,
1066 2872 1159 2943 qui
1181 2875 1318 2930 alios
1339 2875 1554 2944 possint
1585 2879 1802 2932 easdem

210 2964 476 3018 veritates
525 2963 746 3018 docere.
800 2981 835 3038 r
860 2961 998 3019 Cum
1048 2965 1214 3036 igitur
1255 2966 1446 3023 beatus
1489 2966 1804 3040 Apostolus,

215 3054 511 3126 subiungit
530 3053 592 3108 S.
615 3051 955 3124 Hippolytus,
980 3055 1097 3111 hac
1118 3064 1275 3111 caute
1287 3072 1351 3114 ac
1369 3072 1494 3112 cum
1524 3068 1671 3112 metu
1697 3066 1807 3112 tra-

214 3148 391 3213 deret,
553 3146 747 3202 videns
767 3146 974 3202 scilicet
997 3147 1215 3218 spiritu,
1239 3163 1349 3203 non
1389 3164 1511 3205 esse
1558 3149 1804 3206 omnium

213 3238 374 3294 ﬁdem
405 3257 423 3306 ;
461 3247 677 3308 quanto
704 3253 794 3294 res
829 3238 988 3294 nobis
1013 3240 1240 3310 majoris
1262 3240 1489 3310 periculi
1513 3239 1624 3310 fiet,
1650 3241 1696 3296 si
1728 3251 1807 3296 te-

214 3347 364 3388 mere
416 3331 688 3402 nullaque
734 3331 946 3388 ratione
987 3332 1233 3404 profanis
1277 3334 1590 3391 hominibus
1643 3345 1808 3406 atque

219 3425 460 3497 indignis
489 3426 882 3482 tradiderimus
906 3427 1088 3482 divina
1105 3427 1354 3498 eloquia!
1385 3447 1404 3481 ι
1427 3427 1578 3483 Hanc
1594 3444 1808 3484 summe

1839 933 1884 989 Α
1913 935 2192 991 attendere
2217 937 2474 992 deberent
2509 936 2749 992 lnerctici
2775 935 2945 991 nostri
2979 934 3140 1006 hujus
3165 936 3488 1004 saeculi,nec

1909 1041 2018 1081 non
2056 1028 2212 1082 multi
2247 1028 2340 1099 qui
2380 1029 2517 1082 inter
2541 1029 2856 1086 Catholicos
2891 1027 3030 1082 male
3064 1029 3275 1084 vivunt.

1981 1119 2116 1173 Cum
2145 1121 2209 1174 de
2255 1122 2521 1192 mysteriis
2555 1123 2754 1192 agitur,
2789 1121 3052 1174 curiosius
3081 1137 3184 1174 non
3218 1122 3486 1192 inquiren-

1905 1200 2146 1264 dum.—
2173 1210 2281 1267 Nec
2309 1213 2539 1266 minoris
2583 1219 2668 1267 est
2716 1212 2964 1267 utilitatis
3025 1213 3077 1266 id
3143 1214 3286 1282 quod
3331 1213 3488 1267 docet

1906 1303 2013 1358 alio
2042 1303 2160 1358 loco
2185 1304 2323 1358 idem
2353 1303 2411 1358 S.
2449 1303 2774 1374 Hippolytus
2807 1302 2919 1375 (34)
2955 1321 2967 1356 :
3007 1303 3234 1371 scilicet,
3263 1319 3384 1357 cum
3418 1303 3485 1357 de

1904 1394 2180 1467 mysteriis
2201 1395 2402 1466 agitur,
2423 1396 2696 1451 curiosius
2719 1413 2826 1450 non
2858 1394 3266 1464 inquirendum.
3284 1393 3485 1448 Exem-

1904 1484 2054 1556 plum
2083 1484 2426 1555 proferamus
2458 1486 2526 1540 ab
2550 1487 2739 1541 eodem
2771 1497 3110 1557 excerptum,
3133 1487 3280 1556 quod
3307 1495 3391 1540 est
3416 1486 3485 1541 de

1905 1578 2252 1648 generatione
2291 1577 2453 1633 Verbi
2493 1597 2506 1634 :
2545 1578 2681 1634 «Sed
2716 1580 2857 1634 dicet
2885 1579 3014 1633 mihi
3051 1580 3251 1649 aliquis
3283 1579 3486 1650 (verba

1905 1679 2033 1724 sunt
2083 1670 2140 1725 S.
2199 1669 2556 1742 Hippolyti):
2610 1671 2898 1738 Quomodo
2964 1669 3200 1725 Verbum
3242 1672 3483 1742 genitum

1903 1763 2020 1818 est?
2055 1761 2481 1833 Explicationem
2533 1763 2696 1834 hujus
2749 1763 2990 1836 mysterii
3027 1765 3303 1834 quomodo
3347 1765 3486 1835 petis

1905 1864 1987 1922 tu,
2008 1856 2100 1925 qui
2138 1855 2359 1909 modum
2379 1856 2745 1924 generationis
2773 1855 3026 1909 humanae
3050 1872 3158 1911 non
3189 1865 3342 1927 potes
3361 1872 3487 1926 per-

1905 1947 2047 2004 fecte
2077 1948 2306 2003 efferre?
2349 1947 2467 2002 Non
2507 1949 2640 2004 satis
2672 1958 2757 2003 est
2796 1950 2892 2003 tibi
2941 1950 3082 2004 scire
3157 1950 3302 2019 quod
3344 1948 3488 2006 Deus

1905 2042 2169 2096 mundum
2203 2041 2466 2106 condidit,
2498 2041 2602 2096 nisi
2640 2041 2843 2097 audeas
2883 2043 3161 2112 inquirere
3209 2042 3487 2112 quomodo

1905 2133 2184 2190 condidit?
2238 2131 2355 2188 Non
2411 2133 2611 2189 squicit
2655 2134 2754 2189 tibi
2795 2149 3146 2205 cognoscere,
3193 2134 3340 2204 quod
3392 2132 3488 2188 Fi-

1905 2229 2014 2284 lius
2072 2227 2168 2282 Dei
2216 2227 2311 2281 tibi
2361 2227 2612 2296 apparuit
2662 2226 2729 2281 ad
2778 2225 3049 2290 salutem,
3107 2223 3153 2279 si
3207 2233 3386 2278 tamen
3433 2221 3488 2278 id

1907 2320 2083 2376 credis
2108 2339 2122 2387 ;
2159 2319 2250 2375 sed
2275 2319 2496 2388 insuper
2520 2317 2796 2388 quomodo
2826 2317 3042 2398 genitus
3071 2326 3156 2371 est
3181 2315 3486 2370 secundum

1906 2412 2157 2484 spiritum
2182 2412 2398 2466 curiose
2422 2411 2686 2480 indagas?
2718 2409 2884 2481 Atqui
2927 2407 3334 2480 generationem
3367 2406 3487 2477 ejus

1905 2503 2203 2560 secundum
2261 2518 2478 2558 carnem
2525 2517 2785 2557 enarrare
2844 2517 2953 2556 non
2995 2499 3244 2570 pluribus
3321 2513 3487 2569 quam

1905 2596 2121 2652 duobus
2149 2595 2434 2667 (Mattlueo
2472 2603 2524 2649 et
2557 2593 2758 2664 Lucae)
2793 2593 3164 2649 concreditum
3194 2599 3306 2646 est:
3341 2597 3396 2645 et
3426 2599 3486 2644 tu

1906 2687 2074 2744 audes
2115 2686 2520 2757 generationem
2565 2685 2868 2741 secundum
2921 2683 3176 2753 spiritum
3222 2680 3490 2737 scrutari?

1914 2802 1933 2835 ι
1965 2780 2138 2849 Quam
2169 2780 2571 2851 generationem
2611 2777 2751 2849 apud
2776 2792 2834 2832 se
2867 2775 3028 2831 Pater
3065 2783 3287 2841 servat,
3329 2791 3487 2831 reve-

1913 2893 1933 2927 ί
1973 2875 2182 2929 laturus
2222 2883 2351 2928 tunc
2375 2873 2602 2937 sanctis,
2653 2869 2748 2941 qui
2788 2879 2848 2925 ut
2881 2867 3076 2923 faciem
3114 2868 3236 2937 ejus
3272 2866 3491 2922 videant

1913 2987 1933 3021 ι
1970 2965 2117 3038 digni
2143 2973 2324 3020 erunt.
2356 2983 2376 3016 ι
2415 2963 2561 3018 Satis
2590 2963 2748 3026 habe,
2783 2960 2928 3030 quod
2963 2975 2994 3014 a
3033 2958 3252 3014 Christo
3283 2959 3487 3012 dictum

1906 3067 1990 3116 est
2027 3074 2040 3110 :
2076 3057 2230 3123 Quod
2287 3067 2471 3110 natum
2501 3066 2579 3108 est
2619 3071 2683 3108 ex
2725 3054 2942 3124 spiritu,
3004 3051 3222 3122 spiritus
3272 3059 3349 3104 est
3391 3049 3440 3082 ⁸⁸
3467 3089 3486 3115 ,

1912 3193 1927 3207 .
1965 3189 1980 3205 .
2014 3190 2030 3206 .
2069 3191 2083 3205 .
2121 3148 2404 3204 Sufﬁciam.
2440 3148 2556 3202 haec
2587 3145 2897 3201 testimonia
2947 3142 3200 3198 fidelibus
3241 3139 3492 3196 veritatis

1909 3240 2202 3307 studiosis;
2237 3239 2483 3294 infideles
2517 3237 2664 3294 enim
2692 3237 2825 3291 nulli
2861 3235 3112 3291 credunt.
3153 3252 3173 3286 ›

1980 3332 2240 3399 Charitas
2259 3329 2588 3386 Christiana.
2624 3327 2844 3398 Figura:
2861 3325 3133 3380 Ecclesiaz.
3147 3353 3218 3364 —
3235 3321 3490 3378 Charitas

1909 3423 2037 3493 Iesu
2066 3424 2268 3480 Christi
2297 3434 2380 3479 est
2403 3423 2585 3476 anima
2613 3419 2890 3486 Ecclesia,
2921 3427 2976 3473 et
3005 3426 3088 3473 est
3109 3416 3276 3471 veluti
3300 3415 3496 3469 vincu-

224 3518 596 3574 necessariam
634 3520 861 3576 moralis
895 3529 1108 3591 partem
1147 3521 1438 3576 conﬁrmat
1461 3521 1709 3576 doctrina
1753 3531 1807 3577 et
1909 3517 2024 3571 lum
2078 3531 2189 3586 quo
2247 3515 2432 3570 fideles
2485 3513 2770 3568 uniuntur.
2803 3509 2908 3566 Per
2958 3510 3100 3564 hanc
3149 3509 3492 3612 charitatem,

233 3614 406 3681 praxis
437 3628 788 3668 summorum
829 3613 1077 3668 virorum
1113 3614 1381 3681 omnium,
1413 3614 1508 3685 qui
1538 3615 1592 3668 in
1619 3613 1805 3670 Ecele-
1915 3609 2078 3666 sicuti
2136 3619 2189 3664 et
2221 3624 2318 3679 per
2367 3608 2552 3670 fidem,
2589 3603 2832 3660 Ecclesia
2875 3603 3070 3673 recipit
3119 3601 3489 3671 Baptismum:

239 3706 313 3760 sia
337 3707 661 3761 floruerunt.
679 3704 1090 3762 Observandum
1112 3717 1394 3778 praeterea,
1426 3707 1578 3778 quod
1597 3723 1658 3762 ex
1684 3708 1805 3762 lau-

237 3796 374 3851 datis
407 3797 462 3856 S.
495 3797 779 3870 Hippolyti
814 3799 992 3854 verbis
1031 3775 1292 3854 invictum
1329 3817 1349 3853 ε
1386 3775 1484 3869 ρι’-ο
1521 3775 1929 3878 disciplina.
1964 3839 1978 3854 .
2013 3838 2028 3852 .
2067 3835 2081 3848 .

231 3891 451 3945 arcanis
481 3891 686 3962 primis
731 3889 989 3946 Ecclesiae
1035 3891 1250 3948 saeculis
1299 3901 1485 3948 sancte
1513 3895 1806 3964 custodita,

225 3993 611 4052 argumentum
637 3983 956 4039 deducatur.

290 4075 410 4139 Quo
437 4083 601 4144 pacto
625 4086 828 4144 oportet
855 4075 1020 4146 legere
1041 4093 1104 4130 ac
1125 4076 1415 4148 intelligere
1435 4078 1639 4133 diuinas
1663 4077 1810 4132 Scri-

221 4178 432 4237 pturas.
474 4197 552 4206 —
589 4165 695 4233 Qui
726 4168 781 4221 in
817 4167 1226 4238 Scripturarum
1254 4185 1532 4224 sacrarum
1575 4170 1806 4226 lectione

221 4277 446 4334 operam
482 4262 673 4318 locant
710 4278 897 4330 suam,
939 4263 1048 4318 duo
1095 4279 1206 4335 prae
1237 4264 1412 4320 oculis
1459 4265 1661 4320 habere
1711 4267 1806 4320 de-

222 4355 372 4412 bent.
421 4357 478 4411 l°
519 4355 598 4410 Ex
644 4355 818 4411 sacris
852 4355 938 4411 his
965 4356 1140 4425 ilibris
1175 4357 1399 4411 modum
1440 4357 1807 4428 cognoscendi

221 4446 418 4516 Deum,
453 4448 746 4519 eidemque
772 4447 1075 4502 famulandi
1107 4463 1299 4504 eruere
1329 4449 1549 4516 debent,
1582 4465 1706 4505 cum
1740 4466 1807 4506 ex

225 4542 310 4598 his
342 4542 594 4596 fontibus
623 4540 971 4596 solummodo
1003 4541 1119 4596 haec
1143 4541 1348 4596 hauriri
1375 4543 1619 4611 possint;
1647 4543 1704 4597 2°
1751 4543 1807 4598 in

226 4633 280 4688 id
317 4648 675 4704 summOpere
707 4633 1020 4688 incumbere
1053 4633 1270 4699 debent,
1291 4641 1349 4687 ut
1372 4649 1559 4688 verum
1591 4651 1809 4690 earum-

222 4726 348 4780 dem
378 4723 790 4796 Scripturarum
809 4741 1029 4780 sensum
1061 4725 1398 4795 percipiant,
1431 4733 1484 4780 et
1513 4727 1808 4781 abhorrere

219 4818 294 4872 ab
324 4819 480 4874 omni
506 4817 954 4888 interpretatione
985 4818 1053 4872 ad
1087 4817 1371 4873 arbitrium
1407 4821 1639 4875 conficta
1659 4858 1674 4883 ,
1724 4819 1807 4874 vel

219 4927 344 4983 qua:
373 4911 640 4984 peculiari
671 4921 860 4967 nostro
893 4911 1108 4981 spiritui
1137 4954 1151 4978 ,
1188 4912 1501 4981 nostrisque
1537 4913 1808 4983 passioni-

1917 3725 1935 3758 ι
1981 3704 2223 3761 Ecclesia
2254 3719 2348 3774 per
2385 3702 2545 3757 fidem
2583 3741 2597 3756 .
2626 3741 2640 3754 .
2667 3740 2682 3755 .
2713 3741 2727 3755 .

2767 3707 2822 3754 et
2849 3698 3168 3752 charitatem
3203 3696 3258 3749 in
3291 3695 3486 3759 Deum,

2129 3797 2323 3866 recipit
2361 3795 2642 3849 lavacrum
2677 3789 3108 3862 regenerationis
3139 3788 3277 3858 (55).
3324 3806 3344 3840 ›
3385 3787 3492 3854 Qui

1909 3897 2034 3961 post
2086 3897 2401 3957 susceptum
2457 3884 2796 3953 Baptismum
2851 3879 3332 3946 transgrediuntur
3393 3877 3489 3931 Dei

1910 3981 2192 4046 mandata,
2228 3979 2311 4032 vel
2345 3975 2593 4046 religioni
2617 3973 2942 4028 Christianre
2962 3971 3214 4026 nuntium
3245 3969 3486 4034 mittunt,

1909 4084 2166 4129 aeternam
2215 4070 2445 4142 propriae
2491 4069 2688 4122 animze
2718 4076 2945 4121 mortem
2980 4062 3240 4118 inferunt.
3284 4059 3490 4115 Pecca-

1911 4177 2025 4224 tum
2059 4181 2206 4221 mors
2230 4173 2315 4220 est
2337 4164 2556 4229 animae,
2589 4162 2767 4231 inquit
2799 4169 3022 4215 sanctus
3050 4157 3140 4211 hic
3161 4156 3323 4210 Pater
3354 4153 3487 4225 (36),

1912 4259 2212 4332 prmsertim
2255 4266 2435 4311 autem
2472 4254 2744 4318 mwchia;
2778 4251 2907 4321 quia
2947 4250 3092 4305 enim
3123 4250 3306 4304 anima
3340 4247 3494 4303 Chri-

1911 4363 1996 4410 sto
2019 4351 2268 4422 copnlata
2303 4348 2640 4405 discessione
2666 4360 2697 4398 a
2728 4343 2904 4399 tidein
2934 4357 3226 4412 perennem
3260 4341 3491 4395 traditur

1909 4454 2168 4510 mortem,
2202 4444 2268 4498 ad
2309 4442 2428 4513 ejus
2457 4441 2534 4495 rei
2572 4439 2731 4493 tidem
2756 4437 2961 4491 violato
2991 4450 3211 4504 quoque
3235 4449 3493 4503 corpora-

1908 4541 2042 4595 lium
2071 4537 2385 4608 nuptiarum
2435 4534 2639 4590 fuedere
2674 4531 3055 4603 perversisque
3098 4527 3356 4582 thalamis
3405 4528 3492 4581 lex

1909 4647 2126 4704 pmnam
2156 4629 2354 4684 mortis
2388 4625 2605 4681 indixit.
2641 4625 2700 4676 In
2753 4630 2942 4677 sancto
2974 4618 3266 4691 llippolylo
3325 4618 3493 4672 variae

1911 4721 2091 4794 quoad
2146 4719 2447 4775 Ecclesiam
2493 4712 2947 4783 comparationes
2991 4728 3054 4766 ac
3108 4709 3494 4764 similitudines

1909 4823 2238 4881 occurrunt;
2287 4813 2339 4867 in
2372 4809 2566 4882 primis
2596 4815 2879 4876 comparat
2913 4820 3031 4858 eam
3071 4803 3195 4857 navi
3236 4800 3493 4855 fluctibus

1910 4885 2090 4984 pelagi
2133 4911 2350 4980 jactataa
2374 4947 2388 4972 ,
2423 4920 2546 4975 quae
2581 4913 2763 4957 tamen
2796 4899 3084 4968 naufragio
3135 4895 3279 4951 haud
3320 4895 3492 4964 lperit,

219 5003 324 5058 bus
348 5001 769 5065 sitconformis,
799 5017 908 5056 uno
929 5002 1118 5067 verbo,
1147 5002 1349 5056 nullam
1373 5002 1673 5074 Scripturis
1697 5006 1804 5059 vim
1839 4995 1883 5050 ι)
1913 5005 2042 5076 quia
2086 5019 2116 5058 a
2161 4999 2383 5056 Christo
2433 4996 2789 5068 gubernatur.
2836 4991 2914 5046 En
2968 4992 3270 5062 elegantem
3328 4987 3493 5056 hujus

218 5095 433 5152 inferre
454 5094 691 5150 debent:
723 5112 740 5144 ‹
781 5091 900 5150 Non
931 5095 1233 5149 secundum
1259 5096 1534 5164 propriam
1558 5097 1808 5152 volunta-

220 5200 330 5246 tem
361 5232 380 5255 ,
426 5204 608 5258 neque
638 5189 936 5244 secundum
989 5189 1269 5258 proprium
1324 5204 1568 5251 sensum.
1629 5207 1807 5260 neque

219 5289 330 5338 vim
386 5284 686 5339 inferentes
735 5283 788 5336 in
829 5297 913 5346 ea,
953 5299 1075 5352 quae
1108 5281 1178 5336 ab
1222 5297 1288 5337 eo
1326 5282 1450 5336 data
1504 5293 1665 5351 sunt;
1710 5285 1806 5340 sed

221 5375 505 5445 quomodo
539 5375 660 5444 ipse
690 5373 879 5443 (Deus)
901 5389 1000 5444 per
1026 5383 1244 5429 sanctas
1271 5373 1584 5445 Scripturas
1611 5376 1808 5432 (locere

221 5469 419 5534 voluit,
453 5468 536 5524 sic
566 5467 936 5537 intelligamus
970 5466 1106 5524 (53).
1141 5485 1160 5518 ›
1209 5465 1340 5532 Qua:
1375 5467 1595 5538 quidem
1642 5469 1807 5524 verba

291 5583 341 5615 ”
381 5579 542 5637 Joan.
589 5597 672 5648 ut,
713 5581 768 5637 6.

298 5716 414 5782 (se)
456 5714 514 5770 s.
552 5714 980 5787 Hippolytu‘lib.
1015 5719 1090 5772 De
1116 5717 1381 5781 Autichn,
1429 5729 1580 5772 num.
1613 5718 1662 5772 ι.

323 5788 416 5855 33)
457 5785 638 5853 Idem,
671 5785 790 5842 adu.
827 5785 1007 5855 Noet.,
1037 5804 1190 5842 num.
1227 5790 1280 5844 9.

323 5859 413 5926 34)
456 5860 626 5922 Idem,
653 5857 810 5915 ibid..
838 5874 988 5914 nunt.
1025 5860 1111 5913 16.

299 5928 417 6001 (35)
452 5929 622 5999 Idem,
658 5928 754 5985 lib.
786 5928 863 5985 De
897 5930 1250 6002 Antichristo,
1288 5947 1440 5989 num.
1475 5931 1567 5989 59.

1916 5092 2344 5168 comparationis
2372 5087 2796 5157 descriptionem
2825 5085 2894 5138 ab
2947 5082 3238 5154 Hippolyto
3269 5082 3496 5135 adorna-

1916 5203 2024 5248 tam
2063 5187 2212 5260 (37):
2256 5204 2274 5238 ‹
2315 5183 2430 5239 Ala:
2466 5181 2679 5235 navium
2714 5190 2841 5233 sunt
2871 5177 3144 5242 Ecclesim,
3174 5190 3318 5228 mare
3343 5189 3496 5224 mun-

1915 5284 2037 5349 dus,
2071 5282 2124 5335 in
2159 5293 2268 5350 quo
2299 5274 2540 5331 Ecclesia
2584 5272 2840 5327 fluctibus
2873 5270 3112 5340 jactatur
3133 5309 3149 5334 ,
3193 5280 3286 5319 uec
3320 5271 3493 5318 tamen

1913 5375 2196 5446 naufragio
2224 5370 2384 5440 perit,
2409 5367 2609 5436 quippe
2630 5381 2754 5420 cum
2789 5363 3040 5419 solertem
3077 5359 3494 5427 gubernatorem

1913 5471 2183 5528 Christum
2237 5477 2423 5520 secum
2455 5461 2685 5527 habeat;
2729 5455 2835 5513 fert
2877 5470 3006 5511 vero
3031 5453 3198 5508 etiam
3226 5450 3282 5506 in
3313 5449 3494 5504 medio

1991 5714 2182 5791 (56)S.
2221 5709 2518 5791 liippolyt.,
2552 5713 2770 5791 tractat.
2800 5697 3494 5791 iri-Susouu‘nut”:apudiFal-

1910 5767 2228 5852 bri‘e.;ltom.
2256 5767 2475 5852 I'Opp.,
2503 5767 2624 5849 pag.
2649 5777 2777 5840 276,
2817 5784 2870 5829 et
2893 5772 3034 5842 apud
3065 5770 3337 5836 Galland.,
3367 5780 3404 5824 t.
3432 5767 3492 5834 tl,

1916 5864 2116 6001 εθῖξᾟ
2141 5854 2538 5995 ἒῗῦὴίρροιγιη
2565 5917 2661 5973 lib.
2699 5915 2774 5971 De
2808 5912 3075 5972 Antichr..
3103 5926 3224 5984 cap.
3255 5910 3346 5967 59.
