3986 6358
644 377 714 432 79
1584 379 1673 437 DE
1707 381 1870 437 VITA
1907 382 1996 438 ET
2041 383 2352 442 SCRIPTIS
2387 389 2445 444 S.
2487 388 2894 465 llIPPOLYTl..
3712 406 3796 463 380

603 507 846 556 erectum
881 499 1144 554 adversus
1183 508 1414 555 mortem
1451 509 1738 573 tropaeum,
1763 522 1884 576 quae
1926 508 2178 596 videlicet
2205 516 2251 571 Α
2279 511 2351 566 sit
2382 512 2635 570 Ecclesia:
2667 514 3037 586 magisterium
3065 533 3078 568 :
3119 533 3137 567 ι
3172 515 3267 571 Est
3305 519 3449 573 enim
3474 518 3695 581 Ecclesia
3720 544 3796 583 or-

604 605 811 645 crucem
855 588 1065 642 Domini
1099 586 1283 643 secum
1326 599 1523 660 portet.
1562 593 1655 648 Est
1673 596 1819 650 enim
1849 598 1970 666 ejus
2014 586 2179 669 prora

603 678 819 745 Oriens,
845 678 1041 748 puppis
1084 694 1215 734 vero
1271 679 1569 750 Occidens,
1613 687 1819 742 caritas
1880 689 2172 759 Meridies;

604 769 739 824 clavi
763 771 867 823 duo
906 769 1276 837 Testamenta;
1302 773 1509 828 circum
1552 780 1755 832 extenti
1783 780 1933 849 funes
1975 782 2177 838 Christi

601 861 856 926 clmritas,
882 878 999 932 qum
1031 861 1329 918 Ecclesium
1353 868 1634 939 astringit;
1679 871 1866 939 linum,
1906 876 2052 943 quod
2093 892 2179 932 se-

601 968 724 1007 cum
774 953 898 1019 fert,
946 954 1217 1009 lavacrum
1267 966 1344 1011 est
1390 963 1793 1029 regenerationis
1854 965 2006 1035 (58);
2056 985 2178 1038 quas

600 1041 786 1098 ﬁdeles
815 1054 1057 1099 renovat.
1093 1044 1244 1101 Venti
1281 1048 1401 1102 loco
1431 1051 1585 1106 adest
1618 1051 1849 1122 Spiritus
1889 1057 1979 1111 ille
2014 1076 2041 1112 e
2078 1077 2178 1114 cae-

599 1133 688 1199 lis,
721 1150 830 1204 quo
867 1136 1050 1192 ﬁdeles
1077 1139 1468 1209 consignantur
1496 1141 1642 1208 Deo;
1682 1146 1842 1202 habet
1864 1151 2065 1219 pariter
2086 1153 2175 1209 illa

598 1228 826 1282 comites
854 1236 907 1281 et
940 1229 1135 1298 ferreas
1177 1235 1456 1297 anchoras,
1505 1248 1690 1292 sancta
1733 1242 1984 1298 nimirum
2023 1245 2176 1302 Chri-

601 1318 667 1371 sti
714 1319 991 1386 mandata,
1046 1337 1168 1391 qua:
1209 1321 1338 1378 ferri
1399 1327 1566 1381 robur
1610 1330 1786 1399 ipsum
1849 1335 2170 1407 praeferant;

598 1409 731 1477 quin
766 1419 820 1464 et
856 1420 1054 1467 nautas
1082 1429 1113 1467 a
1150 1414 1355 1472 dextris
1395 1427 1557 1490 atque
1595 1423 1833 1482 sinistris
1870 1439 2172 1485 sanctorum

597 1500 903 1569 angelorum
936 1519 1077 1557 more
1100 1507 1425 1576 assistenles,
1452 1526 1673 1581 quorum
1695 1532 1787 1585 ope
1810 1521 2045 1575 munitur
2073 1521 2172 1578 Ec-

596 1590 776 1646 clesia.
803 1593 859 1647 lu
888 1610 951 1649 ea
983 1597 1150 1663 scala,
1184 1615 1305 1666 quae
1334 1601 1386 1655 in
1424 1604 1591 1658 altum
1627 1607 1693 1663 ad
1723 1619 2013 1667 antennam
2042 1617 2172 1671 sub-

595 1686 778 1753 vehit,
813 1689 988 1759 imago
1025 1702 1099 1745 est
1134 1693 1393 1749 salutaris
1414 1696 1614 1753 Christi
1643 1706 1939 1773 passionis,
1986 1708 2170 1768 ﬁdeles

595 1776 837 1844 trahens,
873 1786 932 1832 ut
962 1779 1012 1833 in
1040 1782 1210 1838 etelos
1239 1785 1554 1841 ascendant.
1588 1787 1750 1859 Signa
1789 1808 1951 1863 super
1978 1807 2170 1852 anten-

593 1880 721 1918 nam
748 1867 800 1919 in
854 1868 1022 1922 altum
1051 1871 1301 1939 sublata,
1356 1877 1750 1947 prophetarum,
1798 1894 2090 1953 martyrum
2117 1897 2165 1941 et

595 1958 958 2024 apostolorum
1002 1962 1058 2015 in
1090 1962 1290 2018 Christi
1320 1984 1474 2037 regno
1517 1972 1892 2039 quiescentium
1939 1980 2166 2047 stipatus

592 2051 745 2104 ordo.
786 2071 805 2102 ι
838 2050 1122 2124 Colligitur
1145 2070 1211 2110 ex
1237 2056 1322 2112 his
1348 2061 1556 2117 ultimis
1582 2065 1780 2132 verbis,
1811 2071 2168 2137 quemadmo-

590 2140 720 2194 dum
754 2140 889 2196 bene
917 2143 1169 2201 observat
1202 2148 1269 2201 cl.
1303 2149 1607 2206 Ccillierius
1633 2153 2031 2224 (59),sanctum
2069 2175 2166 2214 uo-

590 2242 765 2287 strum
794 2236 1106 2307 episcopum
1137 2244 1501 2301 communiter
1528 2245 1597 2299 ab
1617 2247 1855 2317 antiquis
1894 2260 2164 2321 receptam

589 2327 915 2381 sententiam
968 2340 1214 2386 secutum
1265 2332 1472 2401 fuisse,
1529 2337 1675 2406 quod
1724 2340 1981 2395 nimirum
2039 2358 2165 2412 pro-

588 2419 785 2487 phetae,
826 2424 1056 2489 apostoli
1091 2436 1143 2477 et
1172 2435 1438 2498 martyres
1471 2420 1783 2486 felicitatem
1823 2442 2078 2489 aeternam
2107 2435 2162 2490 iu

588 2508 744 2563 caelis
770 2511 946 2581 adepti
984 2513 1205 2571 fuerint.

660 2600 901 2657 Ecclesia
933 2608 1122 2660 mulier
1158 2608 1265 2663 sole
1292 2612 1510 2666 amicta.
1530 2644 1598 2654 —
1623 2612 1793 2671 Paulo
1819 2615 1959 2671 infra
2000 2618 2162 2674 aliam

584 2692 653 2748 de
697 2694 936 2753 Ecclesia
958 2700 1367 2758 similitudinem
1403 2705 1579 2773 affert,
1606 2707 1735 2762 dum
1778 2708 1868 2763 illa
1894 2711 2162 2783 Apocaly-

584 2799 744 2854 pseos
782 2788 945 2842 verba
975 2806 1094 2860 cap.
1137 2809 1231 2859 xu,
1268 2794 1388 2848 1-6:
1420 2794 1491 2849 Et
1523 2798 1631 2851 vidi
1668 2800 1876 2870 signum
1910 2818 2162 2873 magnum

583 2884 633 2928 et
659 2877 923 2946 mirabile,
953 2880 1223 2938 mulierem
1249 2887 1497 2941 amictam
1524 2889 1651 2957 sole,
1682 2900 1809 2959 etc.,
1836 2894 1889 2948 in
1916 2910 2038 2964 quae
2084 2896 2160 2950 ita

583 2980 985 3027 commentatur
1025 2974 1170 3046 (40):
1220 2996 1238 3029 ι
1276 2978 1556 3036 Mulierem
1597 2985 1850 3040 amictam
1900 2988 2014 3042 sole
2049 2989 2162 3044 cla-

582 3057 801 3114 rissime
840 3060 1136 3117 Ecclesiam
1184 3067 1510 3136 signiﬁcavit
1548 3069 1879 3144 (Joannes),
1921 3073 2156 3131 Paterno

2280 600 2445 668 diuis,
2491 618 2598 659 non
2637 604 2973 660 confusionis
3002 606 3280 676 magistra.
3317 626 3337 658 ›
3361 606 3556 665 Noteut
3583 612 3677 669 sibi
3707 617 3798 675 haec

2279 694 2443 748 verba
2494 710 2629 749 auro
2690 697 2959 766 cedroque
3023 694 3183 767 digna
3242 697 3495 756 Ecclesiae
3547 703 3798 774 antistites,

2281 785 2671 856 theologiaeque
2697 787 2968 843 doctores.

2818 878 3212 935 ARTICULUS
3247 879 3311 935 ll.

2628 984 3049 1026 OBSERVATIONES
3074 987 3488 1028 DlSCIPLlNARES.

2281 1042 2307 1059 ”
2352 1057 2573 1129 Tempus
2607 1061 2676 1114 ad
2697 1060 3026 1131 Baptismum
3051 1064 3403 1134 recipiendum
3427 1066 3796 1135 praﬁnitum.—

2277 1150 2466 1218 Quoad
2487 1153 2852 1224 disciplinam,
2895 1156 3008 1210 haec
3040 1156 3380 1211 observanda
3425 1158 3638 1213 veniunt
3679 1164 3794 1229 apud

2280 1239 2337 1295 S.
2393 1240 2738 1315 Hippolytum
2785 1263 2798 1298 :
2839 1244 3051 1314 primo,
3105 1247 3504 1301 solemnitatem
3555 1247 3794 1308 Paschalis

2275 1329 2445 1388 fuisse
2472 1342 2684 1405 tempus
2722 1337 3042 1406 praeﬁnitum
3068 1339 3146 1392 ad
3179 1338 3588 1394 ministrandum
3613 1350 3661 1395 et
3684 1345 3795 1399 reci-

2273 1424 2527 1493 piendum
2556 1427 2907 1497 Baptismum.
2931 1430 3018 1485 Ait
3041 1431 3185 1486 enim
3219 1440 3444 1487 sanctus
3474 1436 3732 1505 episcopus
3752 1437 3793 1490 in

2273 1518 2456 1575 illud:
2512 1521 2651 1575 Dum
2700 1523 3032 1577 observarent
3078 1525 3217 1577 diem
3300 1535 3483 1594 aptum
3512 1525 3592 1588 ”,
3672 1541 3793 1580 com-

2273 1621 2524 1668 mentans
2551 1614 2693 1685 (ll):
2732 1614 2931 1682 «Quem
2960 1630 3146 1685 porro,
3170 1616 3277 1670 nisi
3304 1616 3446 1671 diem
3472 1615 3692 1680 Pascha,
3716 1634 3791 1687 per

2272 1722 2432 1777 quem
2472 1708 2747 1763 lavacrum
2781 1710 2834 1763 iu
2865 1710 3110 1779 pomario
3140 1710 3495 1765 aestuantibus
3521 1712 3749 1780 paratur?
3769 1730 3786 1763 ι

2342 1798 2724 1869 Dispositiones
2753 1802 2822 1854 ad
2853 1801 3205 1871 Baptismum.
3230 1833 3301 1841 —
3321 1800 3692 1871 Dispositiones
3718 1819 3789 1856 au-

2274 1896 2376 1942 tem
2401 1890 2598 1945 ibidem
2630 1900 2874 1947 vetustus
2908 1892 2996 1947 hic
3023 1891 3184 1946 Pater
3216 1902 3634 1959 commemorat,
3684 1894 3787 1947 dum

2269 1981 2344 2035 ita
2404 1983 2781 2053 prosequitur:
2843 2002 2862 2036 ι
2906 1984 3157 2041 Susanna
3224 1985 3415 2040 lavans
3459 1986 3644 2039 munda
3700 1983 3787 2037 Deo

2269 2089 2467 2143 sponsa
2523 2075 2734 2130 sistitur
2785 2091 2909 2130 cum
2940 2077 3157 2132 duabus
3192 2076 3327 2130 solis
3360 2076 3565 2145 puellis.
3598 2074 3788 2140 Quando

2267 2163 2409 2217 enim
2442 2162 2680 2219 Ecclesia
2718 2180 2783 2220 ex
2817 2181 2969 2242 more
3016 2167 3167 2236 cupit
3212 2166 3495 2220 lavacrum
3537 2163 3785 2233 suscipere.

2267 2252 2403 2309 duas
2426 2257 2733 2311 necessario
2761 2257 2987 2313 ancillas
3017 2258 3249 2312 comites
3274 2257 3467 2323 habet;
3499 2256 3680 2311 etenim
3704 2253 3786 2307 Ec-

2268 2347 2431 2401 clesia
2463 2363 2557 2417 per
2589 2348 2748 2403 ﬁdem
2777 2349 2831 2403 in
2865 2349 3173 2415 Christum,
3213 2359 3273 2403 et
3305 2363 3402 2418 per
3426 2347 3711 2404 charitatem
3744 2347 3785 2399 in

2266 2435 2436 2491 Deum
2482 2438 2732 2493 confessa
2781 2439 2976 2509 recipit
3008 2440 3312 2495 lavacrum.
3350 2456 3370 2491 ›
3409 2437 3542 2493 Hinc
3570 2435 3783 2507 Baptistui

2266 2527 2491 2582 comites
2516 2528 2648 2583 ﬁdes
2677 2537 2730 2584 et
2757 2530 3016 2587 Charitas.

2341 2617 2545 2685 Oleum,
2573 2630 2727 2691 atque
2747 2623 2921 2675 unctio
2953 2606 3401 2691 in'Baptismor-
3419 2620 3608 2676 Eodem
3628 2620 3673 2673 in
3691 2618 3782 2673 loco

2266 2708 2323 2765 S.
2352 2708 2670 2783 Hippolytus
2719 2714 2858 2769 inter
2884 2715 3022 2770 ritus
3066 2714 3120 2768 in
3170 2714 3454 2784 Baptismo
3508 2710 3781 2770 conferendo

2262 2802 2505 2857 adhiberi
2541 2805 2732 2861 solitos
2780 2816 3026 2862 recenset
3071 2808 3256 2862 oleum
3303 2818 3465 2878 atque
3499 2808 3778 2862 unctionem.

2265 2892 2464 2949 Scribit
2493 2897 2660 2963 enim
2708 2897 2764 2951 in
2830 2913 3048 2953 versum
3104 2898 3172 2952 l7
3251 2898 3489 2955 Dauielis
3525 2916 3536 2951 :
3576 2897 3781 2965 Dixitque

2261 2986 2449 3056 puellis
2474 3003 2495 3041 :
2518 2987 2717 3057 A/ferte
2763 2991 2893 3044 mihi
2944 2990 3117 3044 oleum
3174 3008 3197 3048 :
3256 3010 3275 3044 ι
3330 2991 3558 3046 Proinde
3605 2989 3715 3043 ﬁdes
3740 2995 3781 3041 et

2263 3078 2520 3144 Charitas,
2571 3081 2750 3135 oleum
2804 3089 2858 3136 et
2914 3090 3211 3153 smegmata
3265 3083 3565 3137 lavantibus
3604 3085 3777 3151 parant.

583 3150 832 3205 indutam
858 3151 1056 3218 Verbo,
1080 3159 1225 3225 quod
1265 3160 1379 3214 sole
1414 3161 1707 3218 micantius
1756 3167 2019 3234 splendet.
2066 3169 2158 3223 Di-
2184 3187 2225 3245 ρ
2261 3170 2518 3238 Quaenam
2542 3186 2671 3226 vero
2692 3185 3009 3243 smegmata,
3034 3150 3140 3228 nisi
3164 3171 3325 3229 Verbi
3343 3168 3782 3235 mantlata‘lQuod-

582 3244 756 3299 cendo
790 3260 919 3301 vero
955 3248 1137 3300 lunam
1167 3250 1261 3302 sub
1288 3252 1505 3316 pedibus
1553 3255 1688 3324 ejus,
1718 3259 1924 3313 caelesti
1978 3261 2158 3317 chari—

582 3344 695 3391 tate
723 3336 865 3391 lunae
896 3338 951 3392 in
991 3355 1196 3396 morem
1231 3352 1478 3400 ornatam
1504 3350 1761 3405 ostendit.
1787 3351 1941 3418 Quod
1975 3364 2156 3411 autem

578 3427 677 3493 ait,
703 3429 760 3481 in
792 3430 962 3498 capite
993 3432 1104 3500 ejus
1143 3450 1337 3489 corona
1373 3439 1647 3494 stellarum
1675 3443 1970 3512 duodecim,
2016 3448 2154 3505 duo-

579 3520 756 3575 decim
789 3524 1068 3591 apostolos
1101 3526 1366 3597 designat,
1404 3546 1502 3599 per
1520 3548 1659 3601 quos
1692 3532 1914 3592 fundata
1939 3549 2022 3594 est
2054 3539 2157 3595 Ec-

580 3612 768 3667 clesia.
788 3611 854 3667 Et
875 3614 1069 3671 habens
1089 3619 1143 3670 in
1161 3628 1307 3674 utero
1334 3620 1598 3677 clamabat
1618 3630 1938 3698 parturiens,
1965 3640 2016 3686 et
2037 3649 2157 3686 cru-

581 3705 825 3760 ciabatur
848 3747 862 3773 ,
900 3719 958 3762 ut
982 3720 1220 3780 pareret;
1251 3715 1376 3785 quia
1413 3732 1522 3772 non
1565 3730 1743 3776 cessat
1792 3722 2035 3781 Ecclesia
2088 3744 2155 3783 ex

579 3804 743 3858 corde
766 3790 1001 3864 Verbum
1037 3811 1286 3881 gignere,
1322 3814 1465 3885 quod
1496 3815 1551 3870 in
1576 3818 1781 3876 mundo
1815 3822 1884 3876 ab
1925 3823 2155 3880 inﬁdeli-

580 3899 683 3956 bus
708 3906 1137 3972 persecutionem
1162 3907 1384 3976 patitur.
1416 3909 1484 3963 Et
1504 3914 1725 3983 peperit,
1751 3915 1946 3986 inquit,
1978 3919 2153 3988 ﬁlium

580 3995 898 4063 masculum,
924 3999 1013 4067 qui
1051 4008 1163 4052 erat
1188 4010 1424 4057 recturus
1447 4020 1622 4060 omnes
1651 4018 1857 4077 gentes;
1885 4012 2142 4067 nimirum

579 4083 840 4151 Ecclesia,
865 4087 992 4141 dum
1017 4086 1294 4144 Christum
1314 4090 1428 4159 Dei,
1450 4096 1745 4169 masculam
1772 4112 1836 4151 ac
1853 4100 2145 4168 perfectam

578 4175 806 4242 prolem,
837 4178 927 4246 qui
963 4176 1107 4234 Deus
1144 4188 1198 4234 et
1239 4182 1405 4236 homo
1431 4184 1775 4251 prtedicatur,
1819 4203 2031 4259 semper
2056 4207 2152 4260 pa-

578 4265 683 4328 rit,
714 4266 873 4324 docet
910 4286 1098 4325 omnes
1132 4282 1337 4341 gentes.
1363 4273 1533 4328 Porro
1563 4276 1815 4347 dicendo,
1852 4292 2030 4351 raptus
2062 4296 2142 4339 est

576 4359 724 4428 ﬁlius
754 4361 866 4428 ejus
905 4362 974 4415 ad
1013 4363 1201 4425 Deum.
1236 4376 1285 4420 et
1310 4368 1380 4421 ad
1420 4368 1663 4424 thronum
1691 4373 1838 4438 eius;
1870 4377 2145 4434 caelestem

576 4465 775 4519 regem,
810 4467 917 4505 non
967 4460 1241 4510 terrenum
1293 4472 1416 4512 esse
1466 4459 1755 4529 signiﬁcat,
1814 4466 1907 4534 qui
1953 4483 2017 4523 ex
2054 4471 2143 4526 illa

2260 3282 2385 3321 nam
2420 3273 2599 3318 autem
2624 3265 2826 3329 oleum,
2858 3265 2963 3321 nisi
3001 3266 3173 3321 virtus
3204 3264 3443 3336 Spiritus
3464 3262 3655 3320 sancti?
3683 3261 3782 3331 qui-

2259 3360 2362 3416 bus
2387 3372 2507 3431 post
2527 3361 2804 3414 lavacrum
2834 3367 3089 3429 tanquam
3116 3369 3397 3429 unguento
3427 3358 3601 3413 ﬁdeles
3620 3369 3780 3456 perun:

2260 3464 2479 3524 guntur.
2513 3452 2722 3506 Cuncta
2751 3453 2866 3509 haec
2909 3469 3006 3524 per
3035 3455 3252 3509 beatam
3291 3452 3589 3509 Susannam
3638 3452 3778 3503 nostri

2256 3560 2421 3601 causa
2450 3547 2823 3618 ﬁgurabantur
2849 3561 2864 3599 :
2892 3562 2961 3601 ne
2991 3546 3154 3600 modo
3192 3546 3422 3609 scilicet,
3444 3546 3534 3616 qui
3567 3543 3665 3598 Deo
3682 3556 3777 3596 cre-

2257 3639 2458 3708 dimus,
2499 3655 2565 3695 ea
2600 3655 2724 3710 quas
2771 3638 3240 3708 inpraesentiarum
3288 3639 3343 3693 in
3386 3637 3616 3692 Ecclesia
3652 3635 3776 3695 ﬁunt,

2258 3738 2517 3800 tanquam
2546 3746 2680 3786 nova
2707 3745 2770 3785 ac
2804 3728 3084 3800 peregrina
3113 3728 3510 3785 existimemus.
3541 3747 3560 3781 ›

2332 3822 2552 3893 Tempus
2580 3822 2876 3876 celebrandi
2893 3821 3279 3878 solemnitatem
3296 3821 3605 3895 paschalem.
3629 3848 3688 3860 -
3701 3814 3773 3869 Se-

2254 3914 2432 3969 eundo
2454 3913 2619 3968 tradit
2642 3915 2732 3969 hic
2756 3924 3002 3971 vetustus
3028 3914 3291 3971 Ecclesiae
3330 3914 3504 3979 Pater,
3538 3906 3775 3965 Paschalis

2253 4004 2651 4060 solemnitatem
2683 4006 2943 4061 celebrari
2972 4006 3228 4062 debuisse
3269 4003 3545 4060 Dominiea
3576 4009 3680 4072 post
3701 3999 3775 4052 de-

2252 4094 2449 4149 cimam
2485 4106 2733 4165 quartam
2772 4097 2955 4152 lunam
2982 4097 3190 4164 Martii,
3245 4097 3355 4151 nisi
3382 4096 3582 4151 decima
3618 4098 3773 4162 quam

2248 4184 2377 4239 luna
2421 4186 2679 4241 incideret
2716 4188 2769 4241 in
2817 4189 2957 4243 diem
3012 4189 3274 4256 Sahbati;
3306 4204 3416 4258 quo
3444 4201 3569 4242 sane
3598 4185 3647 4238 in
3670 4196 3772 4236 casu

2245 4275 2398 4344 juxta
2427 4276 2677 4329 eumdem
2705 4277 2966 4332 celebrari
3003 4295 3109 4333 non
3136 4279 3368 4334 debebat
3390 4277 3554 4332 festus
3577 4272 3773 4327 Passim-

2246 4367 2318 4422 tis
2358 4367 2475 4423 dies
2509 4366 2791 4423 Dominica
2819 4372 3085 4438 sequenti,
3121 4371 3215 4427 sed
3245 4371 3526 4426 transferri
3556 4369 3604 4423 in
3641 4366 3771 4420 aliam

2248 4460 2665 4531 subsequentem
2696 4461 3057 4530 Dominicam,
3097 4480 3164 4519 ne
3195 4463 3367 4521 festus
3399 4464 3484 4518 hic
3519 4462 3624 4515 dies
3658 4457 3769 4511 celee

575 4557 790 4612 semper
821 4544 1084 4600 nascitur.
1127 4566 1145 4599 ι
1190 4548 1333 4604 ldem
1369 4547 1426 4602 S.
1464 4547 1625 4609 Pater
1653 4556 1706 4611 in
1744 4565 1975 4614 tractatu
2023 4578 2145 4632 per-
2178 4549 2220 4603 Ῑ)
2248 4552 2496 4607 bral‘clul‘
2540 4554 2727 4610 eodem
2779 4556 2883 4623 die,
2944 4571 3055 4627 quo
3110 4555 3375 4612 Dominus
3422 4561 3598 4609 noster
3642 4548 3771 4603 lesus

575 4633 723 4688 brevi
753 4634 825 4689 De
855 4634 1102 4692 Susanna
1134 4642 1319 4699 multis
1356 4645 1521 4701 etiam
1553 4648 1808 4718 ostendit,
1836 4650 2145 4709 Susannam

573 4725 802 4794 ﬁguram
825 4730 1063 4798 gessisse
1090 4732 1364 4791 Eazclesim.
1399 4736 1452 4791 ln
1492 4755 1654 4809 opere
1687 4759 1816 4797 vero
1854 4743 1928 4798 De
1975 4748 2146 4800 tradi-

573 4821 711 4875 tione
729 4826 1082 4892 apostolorum
1101 4830 1274 4894 docet,
1290 4847 1518 4888 numero
1541 4834 1628 4897 l9,
1644 4836 1784 4904 apud
1800 4834 2141 4895 Gallandium

571 4920 719 4968 tomo
738 4915 777 4968 ll
794 4916 1133 4976 Bibliotheca:
1158 4922 1403 4994 Patrum,
1431 4926 1684 4982 columna
1711 4928 1836 4995 507,
1861 4932 2135 5001 quodnam

674 5030 720 5061 "
759 5030 892 5087 Dan.
936 5052 1055 5103 xm,
1100 5038 1184 5094 l5.

643 5167 760 5257 (582
797 5166 952 5234 Quod
995 5171 1095 5257 sie_
1125 5174 1342 5257 lavacro
1392 5184 1820 5257 regenerationis
1861 5199 2140 5257 comparet

567 5236 926 5323 Hippolytus,
962 5241 1097 5297 nihil
1149 5247 1293 5325 aliud
1340 5236 1681 5325 commodius
1709 5236 1838 5310 lino
1868 5236 2134 5325 Ecl-dmi;

567 5324 677 5400 quo
700 5310 780 5392 sic
809 5312 1098 5400 capiuntur
1128 5316 1327 5400 pisces,
1367 5322 1599 5400 etneujus
1627 5310 2136 5400 metaphorarprte:

567 5383 767 5461 d-icatio
790 5384 1104 5461 evangelica
1128 5383 1347 5443 _Proclo
1370 5432 1384 5453 ,
1415 5383 1829 5461 Chrysostomo,
1860 5383 2020 5459 etc...‘
2042 5383 2137 5456 die-

565 5451 826 5533 claratur.
860 5451 1199 5533 Ejusitaque
1229 5451 1405 5526 navis,
1428 5451 1550 5530 quae
1574 5451 1939 5533 Ecclesia'est,
1956 5451 2133 5526 linum

566 5522 845 5601 capiendis
872 5522 1183 5601 pisciculis,
1208 5538 1261 5583 et
1293 5540 1351 5584 ut
1380 5522 1490 5601 jam
1532 5533 1738 5592 Christi
1783 5555 1846 5594 ac
1879 5522 2137 5597 E'céiéskaé

566 5592 808 5647 membra
840 5592 949 5649 sint
976 5606 1126 5651 extra
1149 5602 1336 5672 mutuli
1370 5592 1583 5672 profani
1610 5592 2132 5668 salsetlineluisl—ava-

565 5674 719 5715 crum
757 5675 841 5719 est
874 5669 1330 5740 regenerationis,
1371 5669 1484 5743 quo
1519 5676 1599 5730 sic
1625 5675 1846 5736 Christo
1887 5682 2137 5753 incorpo-

564 5742 770 5786 ιἀωιιν.

2246 4646 2499 4702 Christus
2534 4656 2783 4704 mortuus
2821 4656 2903 4704 est
2934 4649 3067 4717 (ιη).
3239 4739 3250 4740 ἡ
3536 4736 3547 4740 _
3637 4733 3648 4740 _
3703 4729 3714 4740 _

2317 4739 2501 4794 Tertio
2534 4741 2689 4796 docet
2716 4742 3030 4796 solvendum
3071 4756 3191 4796 esse
3222 4733 3676 4808 Quadragesimale
3698 4733 3767 4798 je-

2239 4831 2455 4902 junium
2489 4834 2766 4888 Dominica
2796 4833 3107 4888 Paschalis:
3135 4852 3152 4885 ι
3183 4833 3403 4887 Solvere
3436 4839 3606 4886 autem
3634 4837 3768 4894 opor‘

2246 4934 2321 4981 tet
2344 4926 2632 4996 jejunium,
2669 4926 2760 4981 ubi
2795 4924 3075 4980 Dominica
3102 4925 3353 4980 inciderit
3377 4922 3505 4995 (45).
3537 4939 3556 4972 ι

2316 5202 2428 5273 (59)
2470 5202 2621 5287 Ιξῖφὶ
2647 5202 2882 5271 Ceillier,
2918 5202 3060 5259 Hist.
3102 5203 3276 5274 genir.
3297 5203 3387 5258 des
3417 5203 3761 5265 auteurs,tom.

2243 5269 2460 5343 Il,'pag.
2492 5274 2615 5328 571.
2870 5269 2875 5271 “
3102 5269 3122 5274 ⁷

2315 5343 2426 5416 (40)
2468 5343 2525 5416 S.
2559 5342 2854 5416 llippnlyt.,
2886 5343 3088 5416 lib.gDe
3118 5345 3387 5410 Antichr.,
3420 5357 3564 5416 num_.

2316 5403 2907 5494 (41).Id.,_tract:.__De
2970 5415 3250 5494 Susanna,
3319 5403 3469 5494 apud
3519 5403 3760 5494 Callo-uti...

2243 5484 2378 5558 tom.
2415 5484 2705 5558 ll,icolum.
2749 5486 2855 5541 445
2886 5496 2942 5541 et
2968 5485 3109 5556 444,;
3133 5496 3186 5542 et
3209 5484 3604 5558 apud’Fabric”
3647 5486 3758 5533 tom.

2241 5554 2284 5623 l,
2322 5571 2443 5624 pag.
2473 5556 2598 5610 275.
3081 5554 3087 5556 ’
3242 5554 3261 5558 ”
3582 5592 3601 5613 ,

2314 5625 2427 5699 (ᾇὲ)
2464 5626 2572 5699 Νη
2606 5624 2847 5699 Deiecto
2880 5627 3060 5699 ραεειι.

2314 5626 2407 5693 (42
2469 5626 2572 5688 ld.,
2606 5626 2678 5679 De
2703 5641 2789 5695 cyc

2314 5626 2427 5768 (t3;
2464 5693 2629 5765 ldem,
2660 5694 2789 5753 ibid.
