3986 6358
245 371 355 430 581

1247 374 1333 433 DE
1372 374 1529 431 VITA
1567 376 1656 431 ΕΤ
1696 375 2009 433 SCRIPTIS
2049 377 2106 433 S.
2150 377 2542 436 HlPPOLYTl.

3419 390 3526 449 382

1553 622 1936 713 CAPUT
2027 622 2220 709 III.

242 793 632 859 JUDICIUM
685 797 803 863 DE.
847 799 910 861 S.
968 797 1408 879 HIPPQLYTI
1475 800 1809 862 INGENIO
1840 845 1857 875 ,

1936 776 2436 861 ERUDI'TIONE
2516 800 2618 863 AC
2676 801 2936 866 STYLO
3024 807 3131 870 DE
3166 810 3521 879 EIUSDEM

841 906 1339 969 ERRORIBUS.
1401 907 1903 980 OPERUMQUE
1959 905 2314 968 EIUSDEM
2374 906 2911 971 EDITIONIBUS.

806 1051 1202 1110 ARTICULUS
1241 1056 1287 1111 Ι.

319 1158 393 1197 νε
427 1159 664 1210 INGENIO,
707 1161 1035 1201 ERUDITIONE
1076 1163 1140 1202 AC
1178 1164 1345 1203 ετῖιο
1372 1164 1418 1204 S.
1463 1164 1765 1205 HIPPOLYTI.

315 1233 605 1289 Iudicium
633 1236 1005 1292 Maurinorum
1023 1239 1087 1293 de
1109 1240 1338 1311 ingenio,
1366 1241 1681 1305 eruditione,
1712 1251 1836 1307 etc.,

247 1326 309 1383 S.
346 1328 653 1399 Hippolyti.
679 1361 747 1371 —
775 1330 988 1386 Eruditi
1026 1330 1288 1387 Historia:
1329 1332 1610 1388 litterariae
1647 1332 1840 1388 Gallia:

242 1435 512 1477 auctores
537 1422 607 1477 de
630 1424 804 1479 sancti
839 1423 1113 1497 Hippolyti
1154 1424 1475 1482 Purtuensis
1505 1427 1725 1497 ingenio
1773 1440 1839 1480 ac

242 1515 560 1570 eruditione
584 1516 656 1570 ita
680 1518 1034 1585 pronuntiant
1062 1518 1211 1591 (44):
1268 1519 1406 1573 Cum
1448 1528 1672 1574 sanctus
1707 1517 1833 1587 Hip-

236 1607 466 1677 pulytus
519 1616 632 1661 tam
683 1608 897 1675 multa,
949 1610 1412 1679 quemadmodum
1471 1611 1833 1674 ostendimus,

234 1701 646 1769 conscripserit
679 1715 867 1771 opera,
894 1718 1003 1758 non
1030 1704 1350 1759 dubitamus
1376 1704 1507 1775 quin
1537 1704 1621 1760 vir
1665 1707 1834 1762 multa

231 1792 559 1849 eruditione
594 1792 776 1849 fuerit.
807 1793 984 1862 Quid?
1017 1797 1165 1866 quod
1197 1814 1299 1854 nos
1333 1799 1568 1854 necdum
1611 1797 1665 1853 in
1713 1813 1836 1854 om-

234 1885 417 1951 nium,
444 1901 573 1956 qua:
601 1902 631 1942 e
668 1887 879 1943 calamo
905 1888 1024 1959 ejus
1052 1890 1278 1955 ﬂuxere,
1311 1905 1539 1960 operum
1582 1893 1830 1949 notitiam

236 1979 584 2048 pervenisse,
606 1979 778 2034 multo
798 1988 980 2035 autem
1009 1980 1194 2036 minus
1222 1980 1311 2035 illa
1336 1983 1519 2036 omnia
1543 1992 1596 2038 et
1620 1985 1833 2057 singula

238 2070 537 2127 adnotasse
565 2071 915 2126 arbitremur.
949 2070 1062 2128 Hoc
1099 2073 1290 2128 saltem
1336 2083 1552 2129 constat
1584 2078 1829 2141 omnino,

239 2165 383 2234 quod
405 2165 627 2220 nullum
651 2165 975 2221 eruditionis
997 2167 1383 2224 ecclesiastica:
1412 2177 1542 2224 tunc
1573 2171 1831 2240 temporis

240 2256 405 2311 fuerit
430 2272 644 2327 genus,
674 2258 742 2313 de
770 2275 880 2328 quo
905 2273 1012 2313 non
1054 2258 1257 2329 aliquid
1280 2260 1485 2329 scripto
1514 2262 1826 2332 reliquerit;

239 2348 373 2403 adeo
401 2358 465 2403 ut
484 2349 696 2419 optimo
723 2349 848 2419 jure
872 2350 1153 2406 sistendus
1181 2368 1211 2406 a
1242 2352 1401 2408 nobis
1430 2352 1531 2409 hoc
1554 2354 1676 2410 loco
1699 2370 1829 2410 san-

238 2448 359 2495 ctus
393 2439 727 2510 Hippolytus
747 2450 892 2496 esset
916 2441 1080 2495 veluti
1112 2457 1394 2498 sacrarum
1418 2444 1719 2500 litterarum
1744 2445 1825 2500 in-

241 2540 475 2601 terpres,
504 2533 818 2599 canonista,
843 2532 1150 2604 theologus,
1180 2537 1623 2601 controversista,
1660 2538 1831 2593 histo-

236 2624 408 2688 ricus,
444 2624 848 2696 cbronologus,
889 2631 1076 2679 orator
1098 2634 1260 2696 atque
1283 2637 1441 2697 poeta
1458 2627 1827 2685 Christianus.

236 2708 478 2766 Sanctus
502 2726 728 2781 quoque
763 2712 1125 2787 Hieronymus
1154 2716 1267 2788 (45)
1301 2732 1409 2771 ηοη
1437 2717 1651 2773 dubitat
1699 2734 1828 2773 san-

232 2811 379 2855 ctum
414 2813 673 2858 nostrum
709 2821 805 2860 eos
833 2806 973 2861 inter
996 2807 1262 2864 Ecclesiae
1290 2808 1481 2865 Patres
1506 2825 1787 2865 recensere
1810 2850 1825 2875 ,

237 2911 258 2945 ι
286 2895 382 2962 qui
407 2894 465 2948 in
502 2903 719 2949 tantum
753 2897 950 2967 (verba
976 2907 1105 2954 sunt
1130 2900 1373 2955 doctoris
1415 2901 1678 2968 maximi)
1705 2902 1827 2970 phi-

232 2986 602 3055 losophorum
644 2988 910 3045 doctrinis
944 3001 1106 3061 atque
1149 2991 1437 3047 sententiis
1487 3006 1618 3049 suos
1646 3010 1827 3049 resar-

231 3078 385 3133 ciunt
416 3079 625 3144 libros,
657 3091 719 3135 ut
747 3083 965 3138 nescias
1013 3084 1143 3153 quid
1170 3084 1223 3138 in
1250 3084 1356 3147 illis
1382 3086 1618 3154 primum
1648 3086 1825 3140 admi-

235 3171 345 3224 rari
369 3171 610 3237 debeas,
639 3174 1007 3245 eruditionem
1044 3176 1249 3244 saeculi,
1273 3191 1343 3231 an
1367 3177 1649 3233 scientiam
1680 3178 1827 3235 Seri-

235 3271 558 3330 pturarum.
599 3281 618 3315 ι

303 3351 612 3408 laximam
642 3370 765 3411 esse
796 3359 938 3411 inter
977 3357 1283 3414 doctrinam
1332 3362 1506 3417 sancti
1554 3361 1825 3433 Hippolyti

238 3443 406 3497 nostri
439 3452 499 3497 et
546 3442 696 3497 illam
728 3444 838 3499 divi
866 3443 1054 3503 lrenaei
1104 3448 1190 3505 sui
1231 3451 1477 3521 magistri
1510 3452 1826 3507 consensio-

240 3548 354 3587 nem
387 3549 458 3588 ex
512 3533 606 3599 iis,
662 3551 783 3605 quae
814 3553 979 3608 supra
1005 3540 1072 3594 de
1101 3540 1336 3596 residuis
1378 3541 1525 3597 illius
1568 3545 1826 3612 operibus

246 3623 670 3694 disputavimus,
707 3625 864 3683 facile
902 3629 1269 3699 deprehendet
1316 3632 1594 3687 studiosus
1622 3634 1823 3702 (lector.

250 3713 420 3771 Causa
443 3733 584 3773 vero
618 3718 787 3789 hujus
838 3723 1219 3780 consensionis
1262 3741 1607 3795 nequaquam
1642 3734 1823 3781 tamen
1856 3755 1896 3809 ο

249 3809 303 3862 in
330 3810 470 3865 illius
517 3812 916 3883 discipulatum
975 3817 1134 3872 unice
1189 3817 1528 3872 refundeuda
1562 3830 1685 3886 est;
1732 3821 1827 3876 sed

242 3901 589 3970 potissimum
645 3904 807 3958 etiam
855 3906 959 3961 hoc
990 3907 1137 3963 illius
1190 3924 1419 3963 summae
1469 3909 1826 3966 sollicitudini

239 3994 655 4062 ascribendum,
705 4012 870 4065 quam
926 3998 1238 4062 adhibebat,
1294 4015 1363 4054 ne
1410 4001 1494 4055 vel
1538 4001 1826 4057 minimum

241 4084 568 4156 quidquam,
598 4087 746 4157 quod
780 4088 851 4143 ab
874 4090 1316 4145 antecessoribus
1351 4092 1469 4147 suis
1521 4104 1824 4163 acceperat,

240 4177 557 4233 immutaret
587 4180 722 4250 (46).

306 4270 790 4336 Quemadmodum
837 4282 1016 4329 autem
1074 4274 1132 4330 S.
1195 4277 1433 4332 Irenams
1485 4277 1825 4334 divinitatem

243 4357 399 4416 Verbi
431 4362 631 4417 aeterni
664 4372 774 4417 tam
806 4365 980 4420 valide
1027 4382 1091 4421 ac
1121 4367 1321 4422 invicte
1372 4369 1736 4436 conﬁrmavit,
1765 4382 1825 4426 ut

244 4453 394 4521 pauci
425 4455 662 4509 omnino
692 4457 866 4511 sancti
896 4455 1087 4513 Patres
1119 4461 1353 4514 concilio
1385 4455 1605 4517 Niéamo
1644 4474 1826 4533 poste-

246 4543 414 4600 riores
465 4545 536 4599 de
594 4544 696 4599 hoc
736 4546 1017 4616 religionis
1069 4552 1334 4620 mysterio
1389 4553 1608 4623 dignius
1658 4555 1823 4609 locuti

247 4630 479 4701 fuerint;
511 4636 593 4689 sic
620 4634 733 4691 fere
755 4637 963 4701 omnia,
992 4655 1114 4708 quae
1154 4650 1436 4711 superant,
1475 4645 1647 4699 sancti
1692 4644 1825 4716 Hip-

246 4724 406 4795 polyti
460 4726 668 4795 scripta
704 4729 945 4787 testibus
973 4743 1222 4787 conserta
1268 4745 1430 4797 sunt,
1477 4737 1676 4805 quibus
1708 4738 1823 4793 hac

246 4814 489 4872 doctrina
522 4818 831 4876 clarissime
862 4822 1157 4878 stabilitur.
1212 4824 1350 4881 Hinc
1399 4826 1649 4897 judicare
1698 4830 1825 4886 licet

310 4978 429 5058 ψ)
475 4978 717 5058 Histoire
738 4978 1001 5036 litteratre
1022 4981 1087 5036 de
1105 4980 1162 5035 la
1197 4979 1426 5048 France,
1464 4993 1597 5038 tom.
1628 4984 1667 5050 l,
1697 5002 1818 5058 pag.

246 5048 344 5104 597
362 5048 420 5104 et
442 5052 590 5103 suiv.

312 5103 531 5195 (45)__S.
584 5118 926 5195 Hier_onym.,
967 5123 1127 5192 epist.
1170 5125 1236 5195 ad
1287 5123 1539 5195 Magnum
1571 5128 1818 5195 (oratum,
1854 5103 1898 5158 θ

248 5190 517 5253 πως-ιο,
547 5206 602 5259 ρ.
624 5190 731 5244 450
767 5190 898 5247 edit.
930 5190 1135 5251 noviss.
1172 5190 1401 5259 Venet,
1421 5197 1565 5250 in-i.

246 5332 277 5386 ⁵
311 5260 627 5386 (ἓξξῃᾼὲἷιὰ
658 5260 899 5337 Fabric.,
940 5267 1077 5383 Opp.
1105 5264 1379 5337 Hippolyt.
1432 5274 1566 5320 tom.
1606 5267 1648 5334 l,
1692 5283 1815 5339 pag.

281 5374 297 5399 ν
330 5348 485 5387 num.
510 5348 569 5386 z.
1007 5363 1027 5383 κ

308 5404 425 5479 tt?)
463 5403 657 5479 Sand"
690 5401 835 5459 Hist.
863 5403 1068 5470 eccles.,
1093 5405 1185 5459 lib.
1212 5421 1250 5469 1,
1277 5422 1398 5479 pag.
1428 5405 1516 5461 98.

309 5473 425 5545 (48)
465 5473 1072 5546 Circaranuumjamen
1105 5473 1317 5543 aetatis,
1350 5473 1471 5542 'quo
1503 5493 1697 5546 passus
1735 5490 1819 5536 est

244 5542 515 5621 Christus,
549 5545 746 5621 maluit
777 5543 835 5598 S.
867 5542 1186 5616 Hippolytus
1210 5542 1519 5621 abiremed
1556 5551 1817 5621 magistro

246 5629 343 5685 suo
379 5614 683 5679 discedere,
735 5630 897 5685 quam
948 5631 979 5669 a
1023 5614 1298 5671 cummuni
1350 5614 1815 5676 sententiafNam

245 5684 539 5761 scripserat
582 5684 829 5761 lrenzeus
864 5702 1087 5761 passum
1117 5702 1238 5761 esse
1267 5688 1543 5761 Christum
1577 5694 1815 5761 quadra-

248 5756 468 5830 genario
489 5757 753 5830 majorem
776 5757 868 5830 lib.
899 5773 936 5810 ιι
971 5759 1090 5811 adv.
1112 5758 1480 5830 rlmres.,_cap.
1511 5756 1609 5815 22:
1635 5760 1813 5816 Econ-

251 5836 329 5880 tra
355 5823 684 5898 Hippolytus
706 5828 759 5881 in
787 5827 1229 5899 interpretatione
1259 5823 1636 5899 in'Danielem,
1656 5848 1810 5888 num.

1873 1062 1917 1116 Α
1946 1057 2014 1111 de
2039 1056 2412 1126 magnitudine
2446 1056 2682 1127 injurias,
2712 1073 2878 1128 quam
2906 1072 3096 1118 sancto
3118 1074 3310 1120 nostro
3338 1067 3521 1124 intulit

1945 1147 2181 1204 Sandius
2212 1149 2346 1220 (47),
2372 1149 2500 1204 dum
2538 1150 2789 1206 eumdem
2818 1163 3082 1221 accusat,
3110 1158 3267 1225 quasi
3300 1162 3522 1230 Opposi-

1943 1251 2050 1295 tam
2074 1242 2397 1296 sententiam
2431 1242 2721 1297 tenuisset.
2762 1241 2867 1298 Sed
2904 1245 2972 1298 ab
3015 1246 3115 1302 bac
3142 1246 3278 1302 falsa
3329 1251 3521 1305 erimi~

1940 1334 2161 1388 natione
2206 1334 2277 1388 cl.
2314 1333 2505 1389 Bullus
2540 1335 2650 1406 (48)
2698 1338 2949 1392 eumdem
2982 1347 3091 1391 tam
3139 1340 3295 1408 plene
3324 1355 3388 1394 ac
3423 1358 3521 1396 cu-

1939 1424 2143 1478 mulate
2173 1424 2490 1491 vindicavit,
2524 1434 2585 1481 ut
2613 1427 2759 1482 nulla
2780 1429 3018 1498 supersit
3052 1430 3287 1500 amplius
3327 1431 3431 1487 hac
3463 1432 3520 1487 in

1938 1530 1997 1569 re
2027 1514 2339 1570 dillicullas.

2007 1606 2236 1678 Insuper
2282 1618 2505 1665 sanctus
2550 1608 2868 1681 Hippolytus
2900 1611 2981 1667 sui
3015 1612 3257 1683 magistri
3301 1623 3519 1670 secutus

1936 1712 2020 1758 est
2045 1703 2349 1758 doctrinam
2382 1704 2434 1757 in
2466 1703 2788 1758 stabilienda
2837 1705 3144 1759 animarum
3193 1706 3519 1761 immortali-

1935 1803 2045 1849 tate
2090 1810 2155 1850 ac
2206 1811 2496 1865 corporum
2536 1796 2958 1852 resurrectione.
2994 1796 3122 1851 Duae
3152 1798 3236 1851 hae
3264 1799 3520 1854 veritates

1934 1887 2217 1957 religionis
2245 1886 2566 1943 Christiana:
2596 1903 2695 1943 sua
2725 1896 2882 1943 aetate
2911 1886 3217 1957 prmprimis
3253 1890 3520 1945 acerrime

1934 1979 2264 2049 impugnata:
2308 1976 2550 2032 fuerunt.
2581 1976 2903 2047 Opinionem
2948 1979 3015 2033 de
3062 1980 3517 2051 metempsycbosi

1932 2069 2095 2124 etiam
2121 2070 2335 2135 evertit,
2366 2078 2529 2139 atque
2551 2070 2937 2125 auctoritatem
2969 2071 3347 2141 Apucalypsis,
3373 2073 3518 2129 velut

1932 2160 2154 2231 genuini
2186 2160 2417 2217 Joannis
2455 2163 2800 2233 evangelistze
2833 2163 3045 2232 scripti,
3075 2162 3336 2219 defendit.
3369 2164 3517 2231 Quin

1930 2267 1996 2307 eo
2020 2253 2183 2308 etiam
2213 2254 2499 2324 processit,
2523 2262 2581 2308 ut
2606 2254 2928 2308 sententiam
2953 2270 3173 2324 quoque
3201 2256 3371 2321 illam,
3397 2271 3521 2327 quae

1930 2356 2122 2402 sancto
2156 2345 2357 2402 lrenaeo
2390 2347 2570 2417 quoad
2596 2346 2894 2417 Epistulam
2929 2349 2995 2404 ad
3031 2348 3286 2406 Hebraeos
3318 2351 3521 2406 tribui-

1932 2446 2040 2503 tur,
2072 2439 2216 2509 quod
2264 2436 2522 2492 nimirum
2555 2452 2663 2492 non
2699 2438 2771 2492 sit
2803 2438 2913 2493 divi
2957 2438 3133 2505 Pauli,
3170 2441 3516 2511 amplexatus

1930 2530 2123 2597 fuerit;
2155 2546 2471 2601 quanquam
2515 2531 2763 2586 eamdem
2814 2541 2871 2586 ut
2920 2531 3257 2602 Scripturam
3305 2548 3517 2588 sacram

1930 2623 2252 2693 susceperit.
2296 2623 2378 2677 Ad
2406 2623 2523 2678 hate
2554 2624 2870 2679 verosimile
2898 2632 2983 2679 est
3020 2624 3372 2681 Portueusem
3404 2625 3520 2695 epi—

1930 2728 2155 2782 scopum
2188 2713 2375 2768 saltem
2407 2729 2475 2768 ex
2504 2722 2659 2783 parte
2689 2714 2932 2785 opinioni
2964 2716 3071 2769 divi
3101 2714 3288 2770 [renati
3321 2730 3512 2772 acces-

1930 2806 2070 2861 sisse
2103 2806 2170 2862 de
2206 2815 2349 2862 statu
2383 2807 2690 2862 animarum
2717 2816 2842 2876 post
2875 2818 3126 2875 mortem,
3153 2818 3209 2863 et
3249 2809 3316 2863 de
3344 2808 3517 2863 dura-

1930 2898 2077 2952 tione
2128 2898 2342 2964 mundi,
2391 2914 2556 2968 quam
2594 2907 2822 2969 uterque
2851 2900 3058 2954 exactis
3106 2915 3202 2954 sex
3248 2914 3516 2955 annorum

1933 2989 2174 3045 millibus
2202 2991 2535 3045 statuebant.

1999 3081 2069 3136 At
2113 3082 2434 3153 magistrum
2467 3098 2627 3138 suum
2661 3083 2714 3137 in
2747 3083 2929 3139 studio
2977 3082 3394 3153 interpretanda;
3426 3098 3518 3139 sa-

1930 3191 2039 3232 cra:
2061 3174 2356 3243 Scriptura:
2381 3175 2655 3233 indefesso
2676 3175 3009 3241 antecelluit,
3036 3175 3268 3245 indeque
3293 3176 3512 3246 planum

1930 3265 2080 3331 fecit,
2114 3265 2260 3335 quod
2297 3280 2582 3320 sacrorum
2623 3267 2886 3320 librorum
2922 3266 3332 3337 intelligentiam
3372 3266 3519 3319 velut

1930 3373 2046 3414 rem
2082 3358 2282 3414 summi
2319 3360 2581 3413 momenti
2613 3361 2680 3414 ad
2714 3360 3030 3431 religionem
3059 3369 3262 3414 sartatn
3291 3367 3518 3413 tectam-
3615 3365 3636 3387 '

1928 3466 2035 3521 que
2088 3451 2409 3506 servandam
2465 3452 2854 3507 consideravit.
2912 3450 3038 3507 Hmc
3097 3451 3271 3522 gloria
3325 3460 3517 3507 sancto

1908 3541 2221 3612 Hippolyto
2270 3550 2458 3601 nostro
2501 3542 2751 3607 debetur,
2783 3542 2930 3612 quod
2971 3543 3177 3612 primas
3212 3542 3353 3596 inter
3387 3557 3518 3598 san-

1928 3641 2047 3687 ctos
2073 3631 2280 3696 Patres,
2312 3630 2406 3699 qui
2458 3631 2511 3684 in
2565 3630 2746 3699 plures
2796 3645 2966 3685 sacrae
3009 3630 3306 3701 Scriptura:
3343 3632 3516 3688 libros

1927 3724 2280 3779 commentati
2329 3722 2553 3789 fuerint,
2582 3723 2817 3777 tenuerit
2856 3732 3077 3792 partes;
3112 3725 3365 3794 quodque
3399 3725 3517 3794 ipse

1931 3813 2284 3869 incitamento
2335 3828 2397 3867 ac
2445 3814 2696 3882 exemplo
2746 3812 2911 3867 fuerit
2963 3829 3159 3882 magno
3199 3812 3418 3883 Origeni
3448 3816 3514 3869 ad

1931 3905 2335 3993 suscip'gndum
2388 3905 2627 3959 laborem
2688 3903 2951 3959 Ecclesia:
3007 3913 3115 3957 tam
3184 3905 3512 3973 proﬁcuum.

1930 3995 2231 4051 Fatendum
2279 3996 2444 4050 etiam
2486 3995 2673 4064 quod,
2730 3993 2965 4062 Origene
3014 4004 3278 4063 excepto,
3332 3995 3514 4051 nullus

1931 4086 2032 4142 SS.
2065 4085 2284 4140 Patrum
2334 4085 2455 4154 plus
2502 4099 2681 4155 opera:
2736 4083 2963 4143 dederit,
3001 4084 3183 4138 sensui
3216 4085 3513 4153 allegorice

1928 4196 2090 4251 quam
2123 4187 2345 4234 sanctus
2373 4176 2715 4247 Hippolytus.
2752 4174 2927 4245 Hujus
2955 4176 3030 4229 rei
3069 4191 3202 4232 sane
3231 4176 3512 4231 convinci-

1928 4286 2054 4324 mur
2084 4284 2149 4323 ex
2184 4267 2427 4337 reliquiis
2462 4266 2706 4336 ejusdem
2754 4266 3274 4321 commentariorum
3322 4266 3374 4321 in
3425 4282 3512 4322 sa-

1927 4378 2049 4419 cras
2078 4362 2305 4417 litteras.
2337 4358 2565 4413 Pbotius
2592 4357 2703 4429 (49)
2728 4372 2948 4428 quoque
2980 4357 3235 4413 observat
3259 4359 3511 4415 eumdem

1927 4456 2218 4525 protulisse
2248 4453 2543 4509 sententias
2576 4455 2641 4505 ad
2668 4450 2914 4506 veritatis
2939 4450 3126 4505 limam
3165 4452 3345 4506 minus
3375 4467 3509 4506 exa-

1926 4554 2079 4610 ctas;
2125 4544 2217 4599 sed
2282 4544 2395 4598 haec
2438 4542 2670 4596 Pbotius
2716 4541 2968 4610 intelligit
3012 4542 3080 4597 de
3120 4558 3182 4597 ea
3230 4543 3507 4613 diligentia

1925 4646 1978 4692 et
2006 4652 2157 4701 cura,
2184 4651 2306 4707 qua:
2338 4636 2573 4706 primum
2619 4634 2784 4704 longo
2818 4642 3065 4703 tempore
3108 4644 3233 4703 post
3267 4643 3506 4698 aetatem,

1925 4745 2028 4799 qua
2079 4738 2301 4785 sanctus
2343 4736 2527 4784 noster
2576 4728 2893 4799 scripserat,
2928 4727 3167 4783 innotuit
3216 4736 3379 4797 atque
3412 4727 3511 4782 ob-

1925 4830 2140 4874 servata
2176 4817 2295 4873 fuit.

1923 4994 1957 5050 4
1979 5036 1995 5061 ,
2030 4994 2143 5050 ait:
2186 5014 2206 5046 ι
2239 4994 2440 5052 Passus
2473 5011 2599 5050 vero
2631 5003 2718 5051 est
2743 5010 2890 5051 anno
2924 4994 3203 5050 tricesimo
3240 4994 3420 5049 tertio.
3472 5012 3494 5046 ι

2000 5065 2112 5136 (49)
2159 5084 2177 5117 ι
2208 5064 2369 5121 Lecta
2403 5074 2488 5121 est
2526 5064 2799 5136 Hippolyti
2853 5068 3091 5135 episcopi
3142 5064 3506 5136 etimartyris

1926 5138 2299 5205 interpretatio
2346 5135 2608 5200 Danielis,
2634 5135 2800 5207 quem
2845 5137 2948 5192 etsi
3001 5136 3067 5190 ad
3117 5135 3342 5190 verbum
3396 5150 3507 5189 non

1924 5208 2181 5276 explicat,
2214 5207 2534 5262 sententiam
2572 5216 2775 5272 tamen,
2808 5214 2867 5260 ut
2902 5208 2974 5260 ita
3003 5207 3203 5272 dicam,
3236 5222 3343 5259 nou
3376 5220 3507 5272 pra}.

1924 5277 2199 5331 tercurrit.
2228 5277 2393 5331 Multa
2439 5292 2602 5347 porro
2634 5277 2804 5332 veteri
2851 5292 3024 5337 more,
3054 5292 3160 5329 non
3192 5284 3503 5347 Autpostea

1924 5349 2075 5402 fuere
2124 5344 2456 5402 accuratius
2484 5362 2735 5411 excussa,
2777 5349 3161 5417 persequitur._
3174 5344 3501 5417 Quanquam

1922 5433 2111 5472 eorum
2145 5420 2293 5488 posci
2330 5418 2594 5472 rationem
2625 5414 2839 5486 :cquuin
2873 5414 2978 5471 non
3008 5427 3109 5470 est.
3143 5414 3328 5488 Neque
3354 5417 3500 5488 enim

1920 5489 2006 5545 fas
2035 5490 2103 5543 ab
2131 5487 2218 5557 iis,
2244 5489 2337 5559 qui
2364 5488 2715 5542 fundamenta
2744 5489 2820 5541 rei
2846 5488 3075 5558 alicujus
3107 5487 3502 5540 consideranda

1923 5561 2228 5630 posuerint,
2267 5560 2533 5630 rationem
2591 5567 2835 5625 repetere
2881 5571 3086 5630 eorum
3132 5569 3253 5624 quae
3309 5566 3501 5630 pra'te-

1924 5625 2104 5695 riere;
2158 5631 2251 5686 scd
2307 5629 2493 5686 favere
2519 5628 2949 5701 potiusconatui
2989 5626 3111 5696 ipsi,
3147 5625 3500 5701 quantulum-

1922 5716 2137 5772 cunque
2168 5703 2223 5755 in
2250 5717 2430 5772 rerum
2456 5696 2991 5772 contemplandarum
3015 5696 3500 5767 comprehensione

1925 5770 2309 5847 processerint.
2338 5791 2358 5825 ι
2398 5770 2583 5843 Phot.,
2608 5770 2741 5847 cod.
2769 5783 2893 5825 ccn.
