3986 6358
550 399 662 458 383

1532 396 1621 453 DE
1660 397 1823 455 VlTA
1861 395 1949 451 ET
1989 394 2307 453 SCRIPTIS
2345 393 2405 452 S.
2439 392 2803 451 HlPPOLYTl

3683 400 3776 457 38-!

552 566 560 573 .
622 514 805 588 Stylus
852 515 1022 570 sancti
1065 512 1362 586 Hippolyti.
1400 546 1470 557 —
1517 514 1671 582 Quod
1722 525 1904 571 autem
1959 515 2133 570 sancti
2164 527 2209 582 Α
2243 537 2268 565 τ
2311 512 2386 568 hil
2439 512 2603 568 habet
2653 513 2891 576 irritum,
2924 510 3175 583 quamvis
3218 510 3269 567 ei
3313 512 3438 583 Styli
3467 512 3779 576 Atheniensis

550 608 824 680 Hippolyti
876 607 1090 662 dicendi
1139 607 1524 678 scribendique
1568 607 1797 662 formam
1827 608 2131 676 concernit,

552 702 669 755 haec
714 714 904 753 omnes
951 698 1204 753 amabilis
1234 698 1534 768 primorum
1570 699 1893 754 saeculorum
1922 699 2132 769 simpli-

547 789 729 843 citatis
758 802 868 858 pra:
896 803 954 843 se
985 785 1087 842 lert
1113 789 1483 843 characteres.
1519 786 1632 843 Hac
1664 797 1841 843 tamen
1884 804 1992 843 non
2034 789 2133 843 ob-

550 892 725 937 stante
778 881 937 936 divus
987 880 1354 952 Hieronymus
1388 896 1641 950 magnam
1668 882 1991 952 eloquentiae
2021 881 2131 936 vim

549 982 740 1030 sancto
786 982 973 1028 nostro
1025 973 1248 1028 ascribit
1278 973 1392 1043 (50)
1440 992 1453 1027 :
1504 973 1774 1044 siquidem
1824 973 2131 1044 eloquentia

549 1064 778 1119 multum
833 1064 1109 1119 sociabilis
1152 1073 1233 1119 est
1284 1080 1409 1119 cum
1470 1064 1839 1135 simplicitate,
1874 1081 2039 1135 quam
2078 1066 2132 1120 in

548 1152 669 1220 ejus
703 1151 922 1220 scriptis
949 1152 1384 1209 observavimus.
1416 1152 1732 1224 Eloquentia
1766 1155 1912 1209 enim
1947 1156 1992 1210 is
2016 1170 2133 1210 om-

550 1243 682 1296 nino
726 1243 889 1309 valet,
917 1258 1232 1313 quanquam
1279 1245 1513 1315 simplici
1561 1253 1747 1300 utatur
1779 1247 1941 1317 stylo,
1975 1246 2133 1317 quis-

549 1332 676 1403 quis
705 1342 826 1403 apte
852 1342 906 1387 et
926 1335 1172 1403 apposite
1200 1335 1264 1389 ad
1295 1337 1731 1405 persuadendum
1759 1338 2013 1403 disserit;
2044 1339 2133 1394 ille

551 1433 731 1480 autem
766 1428 1090 1496 persuadere
1130 1438 1327 1499 potest,
1358 1431 1452 1500 qui
1494 1432 1830 1501 argumentis
1864 1433 2036 1488 utitur
2065 1435 2132 1490 ad

550 1518 975 1575 commovendos
1003 1529 1057 1574 et
1083 1520 1357 1577 sedandos
1386 1521 1614 1578 allectus
1649 1525 1884 1579 maxime
1915 1541 2131 1581 accom-

552 1607 809 1663 tnodaﬁs.

620 1696 888 1753 Caeterum
931 1702 1104 1771 stylus
1131 1701 1252 1771 ejus
1284 1709 1404 1756 erat
1432 1702 1635 1773 gravis,
1663 1703 1865 1768 clarus,
1904 1704 2130 1772 nitidus,

548 1789 823 1856 concisus,
859 1791 1143 1847 inutilibus
1185 1792 1346 1847 rebus
1391 1793 1616 1849 minime
1655 1795 1879 1849 omnino
1907 1795 2133 1850 intrica~

2241 623 2260 657 «
2309 604 2490 661 desint
2540 605 2776 675 lepores.
2824 602 2943 659 Non
2994 619 3124 659 vera
3170 607 3395 674 promit,
3425 612 3479 660 et
3530 605 3582 660 in
3614 609 3780 677 primis

2241 714 2260 748 «
2311 695 2562 767 Epistolas
2608 696 2676 751 ad
2729 694 2986 752 Hebraeos
3030 694 3259 751 Paulum
3308 712 3415 751 non
3459 713 3576 753 esse
3617 711 3781 756 aucto-

2241 807 2261 843 «
2308 805 2551 847 rema...
2571 789 2729 861 Apud
2755 790 3006 845 eumdem
3043 799 3323 844 auctorem
3356 788 3645 864 (Photium)
3671 794 3781 851 alibi

2240 881 2516 955 Hippolyti
2565 882 2942 938 commentarii
2987 882 3270 952 cujusdam
3321 883 3377 937 in
3431 882 3690 940 Danielem
3732 888 3783 944 ﬁt

2235 973 2442 1028 mentio
2479 991 2493 1027 :
2542 990 2562 1024 «
2595 971 2823 1028 Etiamsi
2873 987 2982 1026 non
3037 973 3303 1042 explicet,
3344 973 3519 1043 inquit
3561 973 3779 1041 Pbotius,

2239 1065 2423 1120 «illum
2455 1064 2775 1134 prepltetam
2803 1064 2868 1119 ad
2895 1064 3152 1129 litteram,
3187 1066 3366 1134 ipsum
3399 1075 3571 1121 tamen
3600 1069 3778 1125 nullum

2240 1156 2516 1211 «omittere
2543 1171 2786 1221 sensum,
2826 1158 3134 1228 priscorum
3184 1172 3339 1211 more
3368 1173 3455 1213 res
3500 1161 3778 1229 explicare,

2239 1261 2378 1301 «non
2403 1263 2531 1302 vero
2564 1247 2638 1303 ita
2670 1257 2943 1314 accurate,
2974 1258 3033 1304 ut
3062 1250 3259 1304 exinde
3294 1253 3712 1322 suntexposiue;
3736 1265 3783 1311 at

2241 1354 2378 1394 «non
2406 1339 2527 1394 ideo
2538 1342 2785 1397 censoria
2802 1340 3028 1413 dignum
3054 1357 3174 1397 esse
3201 1343 3436 1411 virgula,
3456 1345 3577 1414 quia
3594 1361 3779 1415 aequum

2241 1447 2379 1485 tnon
2407 1441 2490 1488 est
2537 1433 2605 1487 ab
2653 1433 2739 1495 iis,
2768 1433 2864 1503 qui
2909 1434 3151 1489 scientia:
3200 1433 3555 1491 fundamenta
3577 1437 3779 1506 jaciunt,

2244 1523 2488 1592 «exigere
2542 1532 2604 1578 ut
2632 1524 2769 1578 nihil
2809 1525 3100 1599 emittant:
3133 1537 3327 1581 contra
3371 1543 3501 1582 vero
3530 1543 3620 1584 eos
3649 1531 3780 1587 laude

2241 1614 2465 1683 «dignos
2485 1630 2632 1679 esse,
2664 1616 2809 1686 quod
2842 1617 3003 1686 primi
3037 1633 3126 1672 res
3156 1619 3491 1689 aperuerint,
3520 1631 3570 1675 et
3593 1621 3780 1678 invene-

2249 1706 2444 1761 «rint.»
2500 1706 2769 1761 Caeterum
2827 1722 3041 1763 errasse
3077 1707 3458 1782 Hippolytum
3517 1728 3628 1767 cum
3679 1714 3777 1771 ﬁnis

2237 1796 2427 1851 mundi
2458 1805 2674 1866 tempus
2710 1798 2937 1853 delinire
2961 1800 3153 1866 voluit,
3185 1811 3242 1856 et
3271 1803 3587 1859 Antichristi
3614 1805 3777 1861 adven-

551 1893 660 1949 tus,
697 1893 861 1953 atque
911 1900 1191 1940 sacrarum
1243 1886 1649 1956 Scripturarum
1701 1888 2133 1958 interpretationi
2165 1883 2206 1937 Β
2238 1896 2351 1942 tum
2384 1904 2547 1959 quem
2578 1888 2739 1947 Jesus
2763 1892 2934 1946 voluit
2956 1894 3235 1948 occultum
3259 1893 3560 1964 discipulis,
3585 1899 3658 1951 vel
3673 1914 3774 1953 cum

548 1976 786 2029 maxime
815 1991 1144 2047 congruens.
1178 1976 1281 2032 Sed
1316 1978 1528 2048 lepores
1561 1994 1626 2035 ac
1654 1987 1996 2036 venustatem
2030 1981 2135 2036 ele-

548 2065 746 2135 gantia:
770 2066 961 2121 Atticae
990 2083 1098 2122 non
1128 2069 1307 2124 habet.
1335 2068 1555 2140 Regulae
1580 2064 1799 2141 quoque
1828 2072 1896 2126 ad
1929 2087 2133 2128 sermo-

548 2158 636 2213 nis
663 2157 985 2228 elegantiam
1021 2160 1388 2216 conducentes
1416 2161 1687 2216 interdum
1735 2162 1804 2217 ab
1849 2178 1916 2218 eo
1949 2165 2131 2236 negle-

546 2247 912 2303 etzefuerunt.
947 2248 1072 2304 Haec
1114 2250 1182 2305 de
1220 2251 1421 2318 indole,
1455 2253 1695 2323 ingenio,
1722 2255 2029 2311 eruditione
2066 2271 2131 2313 ac

547 2339 690 2411 stylo
713 2340 887 2394 sancti
919 2339 1188 2412 Hippolyti
1213 2343 1503 2398 clarissimi
1529 2344 1630 2399 viri
1653 2360 1684 2400 e
1711 2347 2130 2418 congregatione

549 2426 737 2482 Sancti
772 2426 944 2482 Mauri
975 2431 1421 2497 pronuntiarunt.

620 2516 788 2574 Crisis
823 2519 1078 2575 Ceillierii
1104 2522 1168 2575 de
1190 2523 1422 2593 ingenio,
1443 2525 1737 2581 eruditione
1761 2543 1825 2581 ac
1844 2526 1982 2598 stglo
2005 2545 2130 2583 san-

544 2612 617 2665 cti
656 2606 952 2681 Hippolyti.
982 2643 1053 2653 —
1095 2612 1178 2668 Ab
1227 2615 1421 2669 horum
1469 2617 1712 2671 virorum
1754 2617 1961 2688 judicio
2016 2635 2127 2676 non

542 2702 751 2757 abludit
780 2703 938 2758 crisis
971 2705 1271 2760 doctissimi
1303 2705 1579 2775 Ceillierii,
1613 2724 1723 2779 quo
1766 2710 1953 2779 judice
1996 2727 2127 2767 san-

544 2804 667 2850 ctus
696 2805 879 2850 noster
907 2793 1232 2868 Hippolytus
1259 2799 1447 2853 habuit
1471 2798 1748 2870 ingenium
1781 2803 2124 2871 praeclarum,

544 2885 675 2940 mite
704 2894 868 2956 atque
898 2902 930 2941 a
960 2895 1141 2959 satyra
1171 2890 1398 2944 omnino
1427 2890 1749 2947 abhorrens.
1779 2891 2128 2949 Cohasrcnter

543 2976 768 3046 cOgitat,
808 2977 991 3034 nativo
1023 2979 1238 3036 dicendi
1275 2997 1472 3051 genere
1513 2983 1704 3050 utitur,
1746 2984 1921 3040 solide
1954 2986 2125 3042 ratio-

546 3070 785 3125 cinatur.
831 3068 957 3127 Suis
991 3071 1045 3127 in
1076 3088 1289 3128 sacram
1321 3073 1660 3146 Scripturam
1694 3078 2124 3148 expositionibus

543 3162 668 3232 plus
695 3163 924 3219 inhaeret
945 3165 1159 3234 Spiritui
1190 3182 1354 3236 quam
1382 3168 1593 3225 litterae.
1631 3168 1828 3225 Verum
1857 3173 2125 3244 allegoria:

543 3254 691 3310 illius
720 3265 849 3311 sunt
877 3265 1140 3325 venustae,
1165 3266 1220 3312 et
1246 3260 1567 3331 plerumque
1595 3263 1727 3318 satis
1756 3265 2033 3334 appositas.
2054 3265 2124 3322 At

546 3360 672 3401 vero
698 3346 968 3417 expositio
1016 3364 1211 3404 sensus
1260 3351 1506 3408 litteratis
1555 3370 1662 3408 non
1715 3360 1852 3410 adeo
1896 3356 2124 3414 feliciter

543 3439 739 3515 eidem.
772 3440 1043 3496 interdum
1089 3444 1374 3499 successit.
1409 3444 1594 3502 Genus
1627 3447 1746 3518 ejus
1771 3449 1987 3505 dicendi
2013 3453 2124 3507 ela-

543 3544 688 3595 rum,
736 3544 900 3601 grave
947 3546 1011 3586 ac
1059 3533 1433 3601 succinctum;
1485 3535 1737 3606 quamvis
1781 3548 1961 3594 autem
2004 3542 2123 3612 ejus

542 3621 779 3676 orationi
807 3637 916 3676 non
948 3623 1118 3679 insint
1139 3639 1330 3680 omnes
1354 3626 1477 3699 styli
1500 3627 1849 3687 Atheniensis
1872 3642 2126 3689 venusta-

544 3719 625 3767 tes
645 3754 659 3779 ,
691 3722 918 3770 ornatus
960 3722 1164 3784 tamen,
1191 3717 1414 3785 nobilis,
1450 3718 1652 3778 ﬂuidus
1676 3731 1731 3777 et
1760 3738 2012 3781 amoenus
2040 3734 2124 3782 est

544 3803 690 3861 illius
719 3805 891 3877 stylus
924 3807 1060 3877 (51).
1818 3834 1823 3837 Α

614 3896 882 3952 (Σπιειίιιηι
926 3905 982 3952 et
1019 3895 1251 3954 Maurini
1284 3903 1477 3969 nostri,
1511 3911 1565 3957 et
1599 3903 2121 3975 Remigiusﬁeillie-

540 3986 658 4041 rius
690 3987 744 4042 in
770 3988 1120 4058 dijudicando
1147 3992 1386 4062 ingenio,
1419 3994 1558 4066 stylo
1591 4005 1644 4050 et
1672 3997 1978 4052 eruditione
1998 4014 2125 4053 san-

539 4080 614 4133 cti
646 4078 919 4152 Hippolyti
969 4083 1142 4138 secuti
1186 4084 1529 4152 potissimum
1567 4089 1895 4143 suntvirnm
1940 4090 2123 4146 erudi-

542 4167 814 4222 tissimum
844 4168 1118 4234 Photium,
1150 4174 1309 4241 cujus
1339 4189 1629 4230 censuram
1664 4177 1929 4249 integram
1958 4179 2123 4238 refert

544 4258 811 4327 Dupinius
836 4277 933 4315 sua
967 4263 1021 4315 in
1048 4262 1376 4318 Bibliotheca
1397 4265 1530 4336 (52),
1548 4267 1621 4322 ita
1654 4269 1920 4339 loquens:
1950 4291 1968 4322 «
1991 4270 2122 4342 Hip-

542 4349 710 4421 polyti
753 4361 941 4406 contra
994 4354 1278 4410 haereticos
1320 4356 1518 4410 librum
1552 4357 1756 4429 legerat
1790 4359 2037 4431 Pbotius,
2067 4373 2122 4418 et

539 4459 607 4496 en
640 4442 770 4512 quid
809 4444 876 4498 de
906 4459 972 4499 eo
1008 4446 1243 4499 sentiat:
1293 4465 1311 4498 «
1346 4444 1655 4520 Hippolyti,
1693 4450 1881 4508 [renati
1913 4454 2122 4510 audito-

545 4552 567 4585 «
613 4535 708 4599 ris,
739 4544 924 4589 contra
966 4535 1036 4590 52
1078 4536 1300 4593 Iuereses
1333 4539 1436 4609 legi
1464 4540 1741 4607 libellum;
1776 4559 1807 4598 a
1835 4543 2115 4601 Dosithea-

542 4641 564 4675 «
610 4624 695 4679 nis
734 4626 965 4690 orditur,
1005 4634 1060 4681 et
1110 4627 1178 4682 ad
1215 4626 1448 4685 Noetum
1492 4647 1668 4701 usque
1712 4641 1767 4689 et
1817 4632 2114 4691 Noetianos

543 4732 565 4766 «
612 4716 805 4785 pergit.
841 4715 950 4772 Eas
1005 4734 1197 4775 omnes
1238 4721 1404 4776 tradit
1453 4723 1521 4778 ab
1556 4722 1756 4781 Irenaeo
1806 4726 2113 4787 confutatas

545 4826 564 4858 «
613 4807 783 4864 fuisse
827 4811 1080 4877 haereses,
1111 4822 1166 4869 et
1220 4829 1278 4870 se
1327 4815 1381 4869 in
1431 4831 1497 4872 eo
1534 4817 1714 4873 libello
1762 4820 1897 4875 nihil
1940 4823 2110 4890 aliud,

544 4917 564 4950 «
612 4914 774 4969 quam
811 4901 957 4958 illius
985 4903 1162 4960 Patris
1205 4907 1489 4963 ratiocinia
1520 4918 1574 4964 et
1603 4922 1921 4980 argumenta
1947 4917 2113 4971 colle—

542 5008 562 5042 «
609 4990 773 5062 gisse.
805 4992 1097 5065 Perspicua
1125 5004 1230 5064 est,
1278 5008 1331 5054 et
1364 5001 1542 5071 gravis
1569 5002 1688 5073 ejus
1711 5005 1908 5072 oratio,
1940 5015 1994 5063 et
2025 5009 2112 5063 ni-

607 5082 654 5116 ¹⁴⁵
684 5081 823 5139 Gen.
850 5101 937 5150 ιιι,
967 5087 1020 5143 1.

608 5174 802 5258 (50):“
830 5176 1152 5258 Hippolytus
1202 5181 1288 5236 vir
1335 5184 1754 5258 disertissimus.
1784 5210 1806 5244 ι
1847 5192 2110 5258 _Hieron.,

533 5242 712 5315 epist.
735 5245 803 5300 28
845 5242 916 5303 ad
938 5242 1272 5307 'Lu'cinium.
1318 5272 1336 5304 «
1370 5257 1427 5309 S.
1478 5242 1752 5331 Hippolyti

535 5317 848 5371 clarissimi.
877 5337 895 5369 ι
936 5318 1284 5371 Martvrolmr.
1317 5323 1565 5371 Roman,
1604 5330 1675 5371 φῆ
1703 5334 1922 5371 Διισιηιε

535 5317 848 5371 clarissimi.
877 5318 1290 5447 {Martyrolog'
1316 5317 1979 5403 Romauffﬁ'Augustia
2019 5317 2030 5318 ί
2067 5317 2108 5320 θ’

538 5387 727 5527 ρ’(ξέἶ
762 5387 1187 5515 Segne-(Setina,
1274 5405 1361 5450 tst.
1412 5400 1529 5468 gen.
1576 5401 1665 5456 des
1695 5415 1929 5471 auteurs,
1971 5413 2014 5497 tt
2045 5403 2109 5473 ll,

609 5526 985 5610 (ξξλριμρίῃη
1012 5532 1300 5610 ρίδέεοιιιη
1337 5543 1377 5591 t.
1414 5540 1456 5603 1,
1506 5556 1564 5610 ρ.
1602 5541 1704 5599 178
1746 5554 1802 5599 et
1848 5546 1950 5602 179
1978 5546 2108 5603 edit.

535 5594 713 5654 Latin.
739 5594 1161 5667 ColoniaéJ’tOS.

607 5669 720 5740 (53)
762 5667 897 5748 Vide
926 5674 1089 5743 hujus
1118 5684 1250 5729 sect.
1283 5692 1402 5748 cap.
1436 5679 1487 5743 l,
1516 5693 1618 5736 art.
1654 5682 1740 5745 10.
1778 5685 1869 5740 ubi
1905 5687 1973 5743 de
2003 5690 2113 5743 ori-

537 5740 682 5864 gine,
716 5742 937 5796 nomine
986 5740 1049 5800 ac
1092 5756 1331 5816 tempore
1350 5740 1674 5808 'Antichristi
1706 5740 2107 5825 disseruimus;

558 5825 627 5864 ιιο
674 5811 938 5864 duntaxat
990 5814 1169 5864 adhuc
1216 5818 1696 5864 anilnatlvnrlilnne
1764 5829 1907 5864 nnnd
1963 5831 2107 5864 nulln

558 5825 627 5865 nc
674 5811 938 5867 duntaxat
990 5814 1169 5873 adhuc
1200 5811 1719 5894 animadvertimus,
1764 5811 1933 5898 quod
1963 5811 2111 5888 nullo

2235 1979 2509 2033 instanter
2561 1980 2632 2034 ab
2679 1995 2747 2034 eo
2786 1989 3051 2050 peterent.
3090 2000 3108 2034 ι
3137 1982 3215 2051 ld,
3263 1985 3459 2055 inquit,
3507 1986 3603 2041 500
3642 1990 3775 2044 annis

2238 2069 2703 2139 «postChristum,
2727 2074 2892 2127 lixum
2913 2074 3108 2139 voluit,
3129 2076 3290 2145 quasi
3308 2078 3540 2133 mundus
3556 2094 3640 2133 sex
3657 2080 3775 2136 mille

2239 2160 2427 2216 «annis
2451 2177 2558 2215 non
2583 2163 2818 2232 amplius
2847 2164 3144 2221 duraturus
3173 2175 3323 2222 esset
3356 2186 3370 2222 :
3403 2168 3456 2222 id
3483 2169 3633 2226 nimis
3668 2173 3772 2227 sub-

2237 2254 2386 2309 «tie.
2416 2254 2550 2325 Ejus
2583 2256 2857 2312 scribendi
2883 2258 3024 2313 ratio
3062 2260 3355 2331 perspicua
3398 2271 3501 2329 est,
3533 2272 3584 2318 et
3611 2265 3772 2334 nitida,

2236 2355 2321 2401 «et
2343 2346 2408 2402 ad
2433 2349 2886 2403 commentarium
2925 2358 3071 2420 apta,
3100 2352 3225 2408 licet
3262 2368 3293 2407 a
3317 2354 3440 2424 styli
3466 2353 3769 2410 Atheniensis

2235 2437 2478 2509 «legibus
2499 2451 2553 2494 et
2576 2440 2813 2509 puritate
2847 2443 3087 2497 recedat.
3119 2442 3316 2500 Exstat
3339 2446 3500 2501 etiam
3536 2447 3689 2518 ipsius
3713 2446 3769 2501 De

2233 2527 2483 2584 «Christo
2508 2532 2898 2587 etAntt‘christo
2929 2535 3250 2601 ltomilia,in
3280 2553 3409 2608 qua,
3438 2539 3534 2594 etsi
3559 2540 3767 2594 eumdem

2232 2621 2538 2677 «scribendi
2568 2623 2789 2678 modum
2819 2627 3138 2693 servaverit,
3169 2629 3474 2699 simplicior
3492 2640 3653 2686 tamen
3684 2640 3765 2697 est,

2233 2717 2315 2765 «et
2342 2713 2516 2782 magis
2543 2715 2746 2770 redolet
2777 2717 3212 2787 antiquitatem»
3250 2717 3349 2775 His
3375 2720 3547 2776 Ph0tii
3564 2722 3680 2777 locis
3702 2721 3765 2775 in-

2226 2806 2465 2858 notescit
2491 2820 2600 2859 non
2645 2807 2825 2862 solum
2864 2806 3138 2881 Hippolyti
3169 2826 3423 2881 Operum,
3444 2829 3559 2884 qua:
3583 2814 3763 2883 legerat.

2225 2903 2626 2964 argumentum,
2672 2899 2764 2953 sed
2802 2911 2856 2955 et
2890 2902 3037 2957 illius
3065 2904 3312 2959 auctoris
3338 2912 3451 2959 tum
3480 2906 3654 2976 stylus,
3678 2914 3765 2959 tum

2224 2988 2524 3051 character.
2558 3011 2577 3044 ι
2613 2990 2889 3048 Hactenus
2920 2996 3209 3065 perdoctus
3238 2996 3405 3054 Ellies
3431 2998 3690 3069 Dupinius.

2771 3106 3173 3165 ARTICULUS
3211 3109 3284 3167 ll.

2149 3232 2192 3288 C
2309 3213 2636 3258 NCULIARES
2669 3214 2945 3257 OPINIONES
2972 3218 3037 3257 AC
3063 3219 3311 3262 ERRORES
3344 3222 3388 3261 S.
3426 3216 3694 3259 HIPPOLY'I'I.

2297 3286 2442 3341 Num
2473 3287 2531 3343 S.
2570 3287 2889 3360 Hippolytus
2918 3292 3012 3345 sub
3030 3293 3364 3349 Antichristo
3393 3293 3644 3347 diabolum
3671 3306 3763 3359 per-

2220 3390 2486 3444 sonatum,
2517 3392 2568 3435 et
2610 3392 2897 3450 serpentem
2930 3383 3296 3440 intellexerit?
3320 3417 3389 3427 —-
3420 3384 3567 3451 Quod
3595 3389 3763 3452 spectat

2223 3470 2291 3526 ad
2315 3471 2598 3542 opiniones
2623 3474 2923 3544 peculiares
2954 3491 3284 3547 erroresque
3309 3477 3479 3533 sancti
3510 3475 3656 3545 hujus
3675 3472 3762 3541 epi-

2223 3562 2395 3633 sc0pi,
2453 3572 2651 3633 praeter
2696 3565 2810 3636 jam
2851 3567 2997 3621 dicta
3044 3569 3302 3638 superius
3350 3569 3489 3624 circa
3532 3563 3762 3620 Antichri-

2223 3663 2366 3709 stum
2396 3654 2533 3726 (53),
2564 3656 2968 3714 observandum
2990 3661 3193 3729 pariter
3222 3663 3317 3718 hic
3346 3663 3506 3728 venit,
3530 3659 3660 3729 quod
3689 3670 3761 3709 ve-

2221 3752 2402 3800 tustus
2441 3745 2530 3803 hic
2564 3746 2722 3803 Pater
2760 3750 2812 3804 in
2856 3749 2993 3806 libro
3022 3751 3095 3806 De
3127 3752 3345 3809 Christo
3377 3765 3423 3809 et
3454 3749 3752 3809 Antichrisltn

2223 3853 2277 3891 n.
2310 3837 2397 3904 14,
2428 3850 2802 3896 commentans
2833 3841 2885 3896 in
2919 3843 3050 3898 illud
3089 3843 3290 3902 Cenes.
3320 3862 3464 3911 mx,
3493 3844 3591 3899 l7:
3657 3838 3755 3891 Fiat

2221 3926 2340 3981 Dan
2409 3944 2644 3999 serpens,
2682 3932 2864 3985 sedens
2919 3932 2974 3986 in
3031 3942 3196 4002 terra,
3228 3937 3469 3989 mordens
3490 3932 3752 3986 calcaneum

2221 4020 2377 4090 equi;
2433 4036 2530 4091 per
2592 4022 3073 4094 interrogationem
3134 4030 3401 4084 scribat:
3483 4024 3754 4092 «Quisnam

2221 4110 2385 4179 igitur
2413 4128 2657 4182 serpens,
2694 4116 2799 4169 nisi
2827 4118 3218 4186 Antichristus,
3265 4120 3515 4177 seductor
3557 4115 3652 4177 ille,
3681 4107 3755 4180 qui

2222 4202 2402 4258 dictus
2451 4203 2503 4257 in
2558 4203 2754 4261 Genesi
2772 4205 2819 4238 “
2847 4218 2950 4275 est,
2979 4210 3072 4280 qui
3112 4212 3327 4267 seduxit
3358 4211 3538 4275 Evam,
3571 4218 3618 4261 et
3640 4203 3755 4256 Ada-

2221 4309 2367 4347 mum
2402 4295 2770 4365 supplantavit
2801 4298 2949 4373 (54)?
2969 4321 2988 4354 ι
3021 4300 3078 4357 Si
3107 4318 3232 4358 eum
3264 4306 3437 4375 ipsum
3472 4303 3750 4368 serpentem.

2220 4388 2313 4457 qui
2342 4388 2547 4458 primos
2572 4399 2824 4458 parentes
2845 4393 3060 4449 seduxit
3081 4403 3133 4448 et
3164 4393 3525 4467 supplantavit
3549 4391 3597 4443 in
3625 4398 3753 4457 para‘

2220 4479 2361 4547 «liso,
2395 4482 2523 4535 velit
2556 4481 2876 4555 Hippolytus
2899 4501 3021 4542 esse
3050 4487 3468 4552 Antichristum,
3500 4492 3547 4537 et
3575 4481 3621 4533 in
3652 4490 3751 4546 per-

2154 4584 2196 4636 ι)
2222 4583 2391 4635 sona;
2424 4572 2581 4637 quasi
2615 4571 2684 4640 is,
2712 4573 2808 4643 qui
2856 4574 2947 4629 illa
2994 4578 3173 4646 specie
3221 4577 3471 4649 apparuit
3493 4582 3542 4629 et
3571 4571 3750 4624 locutus

2213 4668 2315 4724 est,
2346 4661 2461 4731 ipse
2512 4672 2660 4718 tanta
2700 4664 2813 4729 illa,
2856 4681 2978 4733 quae
3028 4668 3096 4723 de
3137 4667 3473 4725 Antichristo
3518 4662 3746 4716 feruntur.

2214 4752 2286 4805 sit
2333 4762 2680 4823 cperaturus,
2708 4757 2804 4827 qui
2854 4773 2982 4814 vere
3022 4759 3139 4829 ipse
3190 4761 3458 4822 diabolus,
3492 4751 3748 4819 aut,P"’“‘

2214 4841 2532 4916 Hippolytus
2549 4849 2942 4913 vocat,diaboli
2968 4851 3112 4908 ﬁlius
3147 4853 3238 4921 sit,
3266 4868 3374 4908 non
3401 4849 3566 4905 solum
3594 4840 3745 4897 imita-

2213 4934 2379 5002 tione,
2413 4936 2508 4991 sed
2541 4938 2704 4993 etiam
2733 4949 2965 5010 natura;
2995 4960 3138 5000 unus
3172 4947 3380 5000 scilicet
3414 4940 3531 5012 quis
3559 4930 3746 5001 ηθίιυίε·

2215 5025 2477 5081 simorum
2510 5027 2951 5100 daemonum,etsi
2972 5034 3233 5106 nonfurte
3254 5035 3342 5091 ille
3365 5031 3594 5088 omnium
3613 5018 3742 5093 prin“

2216 5202 2376 5288 modo
2418 5207 2719 5288 audiendus
2753 5212 3075 5288 sitsanetus
3121 5206 3570 5288 Hippolyttts,_‘l“,i
3593 5213 3735 5288 ,ἓτθφῖ

2215 5276 2546 5361 plemenlum
2564 5265 2946 5361 "septuagint—a'
2959 5265 2979 5270 ν
2989 5265 3652 5361 hibu'diiiitiiimfusiset?
3661 5265 3733 5361 ἓξ

2214 5348 2508 5426 secundum
2558 5348 2761 5426 Christi
2793 5348 3116 5426 'advyntum,
3167 5370 3222 5413 et
3273 5358 3338 5412 ad
3385 5348 3735 5426 Anticht'iifw“?

2214 5415 2411 5494 trahit;
2465 5435 2590 5473 eum
2643 5424 2834 5494 reliqui
2877 5415 3130 5483 Ecclesiae
3178 5429 3362 5484 Patres
3390 5438 3451 5477 ac
3479 5416 3733 5494 scripltmf

2215 5486 2776 5569 iuterpretes__melius
2822 5496 2890 5550 ad
2938 5497 3141 5553 Christi
3197 5500 3426 5569 primum
3479 5488 3732 5569 εειχειιξξιξη

2213 5567 2456 5639 spectare
2480 5561 2680 5639 velint,
2700 5564 2926 5639 ejusque
2953 5570 3145 5623 mortis
3176 5557 3485 5639 plenam_._et
3506 5557 3728 5639 llierqsfﬂ'

2212 5614 2480 5710 ly'mo‘rum
2509 5614 3346 5710 θχςίᾇίίιξῖῐῖξξῖδωξιιῖοῆἶωνδιίοε
3369 5614 3727 5710 Τ,ἱ,ιοξ,(1¹¹ξ¹,¹ξ⁴ίίῖ

2211 5692 2405 5770 exusto
2437 5702 2657 5770 templo,
2685 5704 2764 5758 sic
2789 5692 3012 5762 victima
3045 5692 3282 5765 cessavit
3300 5692 3360 5764 ret
3386 5692 3574 5765 libatis,
3594 5692 3727 5748 (10³0⁸

2213 5766 2323 5823 lato
2362 5769 2482 5825 loco
2510 5766 2620 5838 quo
2643 5766 2821 5829 solum
2848 5776 3025 5833 facere
3050 5780 3261 5836 licebat.

2282 5838 2397 5912 (54)
2440 5838 2814 5918 S..Hippolyt.,
2849 5847 2923 5904 De
2945 5847 3210 5923 Atttic/tr.,
3244 5868 3298 5907 n.
3329 5846 3410 5904 ιιι.
