3986 6358
255 386 355 444 335

1239 375 1328 436 DE
1371 372 1533 429 VITA
1563 370 1652 451 ΕΤ
1699 363 2012 425 SCRIPTIS
2042 362 2100 417 S.
2141 354 2529 416 HlPPOLYTl.

3406 347 3516 406 383

255 520 395 576 ceps,
420 511 476 559 et
516 505 643 558 κατ’
668 500 864 573 ἐξοχὴν
905 496 1157 554 diabolus
1183 513 1198 551 :
1223 494 1360 553 nihil
1398 489 1827 549 ecclesiasticum
1858 488 1905 548 Α
1934 495 2081 544 nam,
2113 486 2172 533 ut
2196 476 2409 547 egregie
2442 469 2726 574 subiungit
2756 466 3121 576 eruditus'ille
3148 465 3393 576 criticus,
3416 469 3512 537 qui

256 609 351 663 est,
390 598 482 653 sed
518 612 747 667 prorsus
779 595 1081 650 abhorrens
1109 605 1138 645 a
1169 588 1296 652 ﬁde,
1332 587 1448 642 sive
1494 583 1828 653 intelligatur

257 688 367 746 fore
391 687 717 743 Antichristi
743 687 947 743 anima.
985 683 1100 737 sive
1125 680 1262 736 alias
1296 679 1372 733 illi
1402 690 1657 748 persona.
1701 672 1834 726 Ani-

260 798 369 839 mos
391 781 678 835 hominum
703 778 848 833 aliud
875 791 1047 847 genus
1076 770 1368 843 spirituum
1402 767 1650 840 agnoscit
1673 766 1828 831 tides,

257 889 287 930 a
330 871 682 939 substantiis,
710 884 847 939 quas
898 867 1041 921 Deus
1084 872 1238 919 extra
1280 875 1511 931 corpora
1554 857 1828 924 condidit;

256 982 347 1022 nec
374 980 535 1020 sacra
564 962 814 1017 doctrina
842 959 1096 1024 admittit,
1115 965 1268 1012 extra
1293 953 1508 1011 divinas
1531 950 1827 1015 Personas,

253 1073 481 1130 quarum
514 1057 603 1110 vis
633 1053 865 1117 intinita,
899 1066 1060 1122 posse
1091 1064 1258 1104 unum
1290 1046 1443 1102 alteri
1472 1061 1502 1100 a
1534 1060 1592 1101 se
1616 1044 1833 1101 diverso

252 1164 540 1221 personam
596 1162 736 1209 esse,
787 1160 880 1200 seu
939 1144 1013 1198 illi
1073 1139 1415 1214 hypostatice
1464 1136 1626 1191 uniri.
1674 1133 1832 1202 Quod

249 1259 373 1297 vero
422 1240 801 1295 Antichristus
845 1239 919 1293 ita
967 1236 1230 1292 daemonis
1278 1232 1470 1304 spiritu
1515 1230 1746 1294 allletur,
1776 1237 1836 1284 ut

240 1338 362 1392 suis
405 1335 680 1389 omnibus
709 1332 858 1386 illum
904 1329 1127 1394 referat,
1156 1338 1211 1384 et
1236 1328 1393 1397 quasi
1427 1327 1565 1382 alter
1596 1325 1687 1380 ille
1717 1339 1834 1379 ser-

245 1441 380 1495 pens
410 1425 684 1493 antiquus
727 1422 995 1486 videatur,
1024 1421 1140 1489 ipse
1188 1419 1443 1473 seductor
1490 1416 1660 1481 orbis,
1689 1414 1836 1469 velut

251 1519 341 1572 ille
366 1516 477 1571 l‘uit
506 1516 810 1585 primorum
847 1520 1152 1582 parentum,
1184 1526 1214 1564 a
1254 1508 1406 1563 Pauli
1435 1506 1613 1561 verbis
1643 1520 1838 1561 sensu-

242 1624 347 1679 que
379 1624 495 1662 non
530 1606 741 1660 abludit
778 1622 791 1658 :
820 1610 1074 1672 recteque
1102 1600 1272 1657 sensit
1303 1590 1645 1669 Hippolytus,
1686 1596 1732 1651 si
1762 1596 1833 1649 ita

241 1700 439 1762 voluit,
471 1699 578 1752 etsi
615 1695 918 1766 simplicius
947 1694 1162 1748 locutus
1194 1700 1279 1747 est
1311 1710 1325 1746 :
1360 1706 1460 1745 nec
1493 1687 1836 1762 improbabili

242 1792 595 1860 conjectura.
631 1786 897 1856 serpentis
952 1785 1032 1839 sic
1072 1782 1381 1838 insidiantis
1428 1790 1554 1851 typo
1585 1779 1836 1850 designa-

247 1894 356 1944 tum
391 1899 425 1937 a
458 1879 669 1936 Jacobo
712 1877 1105 1937 Antichristum
1137 1876 1396 1935 ostendit.
1438 1872 1609 1929 Verba
1636 1872 1840 1927 Graecis

246 1985 390 2035 sunt,
447 1973 579 2043 ὄφις
626 1971 712 2042 ἐφ’
741 1970 883 2033 ὁδοῦ,
916 1969 1284 2039 ἐγκαθήμενος
1332 1966 1424 2020 ἐπὶ
1474 1966 1680 2037 τρίϐου.
1730 1961 1842 2017 Nec

247 2067 379 2123 forte
428 2066 598 2119 aliter
637 2064 919 2132 scripserit
965 2061 1307 2131 Hippolytus.
1338 2057 1541 2111 Auctor
1572 2054 1839 2111 subdititii

247 2156 426 2226 operis
460 2155 542 2209 De
576 2154 905 2209 Anticltristo
942 2162 991 2206 et
1038 2150 1220 2204 mundi
1260 2149 1710 2203 consummatione
1742 2163 1839 2202 ex-

248 2249 369 2318 poni
402 2263 519 2302 non
559 2256 758 2317 potest.
790 2246 922 2315 quin
960 2259 1147 2299 verum
1175 2250 1368 2296 natura
1396 2240 1697 2295 dzemouem
1727 2239 1842 2293 An-

250 2340 569 2394 tichristum
605 2338 896 2406 putaverit,
925 2337 1018 2408 qui
1049 2336 1156 2393 sibi
1187 2351 1372 2390 verum
1402 2334 1752 2405 Hippolytum
1786 2334 1841 2388 in
1911 2394 1917 2401 ,

246 2445 367 2485 eum
400 2444 637 2484 sensum
667 2428 894 2482 traxerit
926 2449 938 2483 :
969 2428 1111 2498 quod
1140 2442 1269 2482 vero
1303 2425 1589 2497 llippolyto
1624 2442 1733 2480 non
1759 2423 1844 2480 of-

251 2520 421 2587 ﬁciat,
455 2519 594 2589 quin
637 2517 926 2588 posteriori
955 2532 1084 2571 vero
1116 2532 1277 2571 sensu
1305 2515 1499 2584 exponi
1530 2524 1711 2585 queat.

317 2611 395 2664 De
426 2620 585 2664 statu
610 2610 913 2662 animarum
936 2617 1052 2677 post
1076 2616 1385 2677 prtesentem
1419 2606 1602 2660 vitam.
1628 2634 1701 2646 ——
1728 2603 1841 2660 Ob-

247 2703 589 2759 servandum
616 2701 878 2767 secundo,
899 2701 1055 2769 juxta
1084 2708 1331 2755 sanctum
1363 2688 1711 2769 Hippolytum
1728 2699 1841 2769 (55)

245 2796 679 2853 subterraneum
709 2792 998 2863 quemdam
1031 2791 1210 2847 locum
1241 2790 1449 2854 haberi,
1481 2788 1532 2843 in
1558 2805 1720 2861 quem
1753 2805 1845 2845 se-

247 2888 455 2942 cedunt
482 2900 687 2941 omnes
714 2886 966 2940 homines
989 2893 1111 2954 post
1134 2892 1455 2955 praesentem
1487 2883 1630 2940 hanc
1652 2885 1841 2951 vitam;

245 2978 400 3036 hunc
436 2978 623 3034 locum
668 2992 910 3034 eoaevum
939 2992 1059 3032 esse
1101 2976 1328 3041 mundo,
1359 2984 1578 3047 tresque
1601 2976 1844 3033 diversas

245 3072 413 3128 sedes
439 3069 927 3141 comprehendere.
960 3067 1163 3134 Prima,
1191 3084 1355 3139 quam
1381 3068 1470 3124 ille
1493 3079 1649 3123 vocat
1669 3068 1845 3123 Abra-

247 3166 335 3221 hae
368 3166 588 3229 sinunt,
614 3164 779 3235 iustis
802 3170 886 3219 est
915 3162 1228 3233 assignata;
1261 3163 1498 3218 secunda
1528 3172 1841 3231 peccatores
1870 3174 1913 3232 c

248 3258 472 3321 retinet,
492 3255 593 3327 qui
623 3255 820 3310 ibidem
851 3254 1129 3324 patiuntur
1157 3255 1481 3324 temporales
1508 3269 1697 3324 pinnas
1725 3269 1846 3310 ma-

252 3348 319 3404 lis
363 3362 566 3402 eorum
618 3344 875 3415 operibus
904 3345 1149 3409 debitas;
1182 3345 1397 3399 tertiam
1442 3345 1845 3417 ell‘ormatqui-

252 3444 377 3497 dam
432 3441 586 3510 ignis
614 3437 802 3493 aeterni
836 3437 1004 3502 lacus,
1033 3452 1197 3507 quem
1248 3437 1436 3493 nullus
1467 3438 1648 3494 adhuc
1690 3439 1846 3509 juxta

259 3535 316 3591 S.
348 3533 737 3605 Hippolytum,
768 3531 1047 3599 ingressus
1084 3540 1201 3596 est;
1251 3529 1356 3584 hoc
1399 3529 1597 3602 quippe
1643 3530 1847 3601 suppli.

263 3629 428 3693 cium,
461 3635 523 3681 ut
574 3626 669 3680 ille
692 3624 790 3692 ait,
818 3625 885 3680 ad
916 3623 1145 3680 extremi
1174 3622 1366 3692 judicii
1399 3631 1643 3692 tempora
1675 3638 1851 3678 reser-

269 3729 445 3772 vatum
476 3726 589 3773 est.
624 3715 778 3770 Tunc
815 3714 1026 3785 injusti,
1062 3713 1238 3783 inquit
1270 3712 1383 3776 ille,
1412 3721 1618 3768 aeterno
1645 3712 1852 3782 suppli-

273 3812 358 3867 cio
380 3808 876 3881 adjudicabuntur;
907 3807 1039 3876 justi
1073 3821 1202 3861 vero
1234 3804 1542 3876 regnabunt
1575 3805 1629 3858 in
1660 3820 1851 3874 perpe-

266 3914 446 3970 tuum;
476 3918 645 3972 atque
669 3901 813 3956 enim
840 3902 996 3957 docet
1013 3900 1099 3955 hic
1125 3909 1319 3956 auctor
1335 3906 1595 3954 aeternam
1620 3898 1854 3968 gloriam

259 3996 428 4067 justis
454 4001 795 4049 reservatam
816 4007 939 4048 esse
960 4000 1084 4062 post
1109 3990 1469 4046 universalem
1496 3989 1855 4046 resurrectio-

261 4106 411 4156 nem,
436 4089 548 4145 etsi
599 4096 728 4159 post
773 4096 1004 4142 mortem
1051 4087 1287 4141 maxima
1331 4084 1683 4155 perfruantur
1709 4095 1857 4141 tran-

264 4187 544 4256 quillitate
576 4185 632 4239 in
661 4181 1123 4251 contemplatione
1151 4181 1451 4236 visibilium
1487 4181 1779 4246 bonorum,
1803 4189 1859 4236 et

266 4277 322 4331 in
349 4292 448 4347 spe
485 4273 801 4346 perfruendi
845 4273 1060 4329 tandem
1091 4271 1387 4341 aliquando
1419 4270 1738 4327 ctelestibus
1759 4270 1859 4324 bo-

267 4371 377 4426 nis.
414 4368 689 4439 Opinatur
729 4368 952 4436 insuper
979 4365 1138 4420 divus
1169 4362 1513 4434 Hippolytus,
1546 4363 1599 4417 in
1639 4363 1856 4418 subter-

271 4479 443 4519 raneo
468 4464 565 4518 illo
594 4462 717 4516 loco
739 4460 964 4530 angelos
994 4458 1187 4515 adesse
1208 4456 1298 4527 qui
1323 4456 1547 4526 praesint
1568 4455 1856 4510 animabus

272 4556 477 4611 ibidem
508 4553 764 4619 detentis,
786 4566 1023 4621 quorum
1059 4549 1226 4619 aliqui
1253 4548 1485 4603 debeant
1506 4546 1685 4616 justos
1710 4546 1854 4603 eoin

270 4649 401 4705 loco
428 4645 725 4711 comitari;
773 4644 867 4699 alii
900 4658 1027 4698 vero
1052 4640 1380 4712 promeritas
1421 4654 1612 4708 poenas
1640 4637 1860 4708 injustis

274 4740 543 4809 inﬂigere.
577 4736 876 4806 Opiniones
896 4734 1012 4790 ista:
1036 4731 1360 4787 audaciores
1390 4739 1538 4797 sunt,
1563 4744 1729 4799 quam
1763 4744 1860 4797 par

275 4842 396 4899 est;
425 4834 538 4886 imo
561 4846 751 4886 earum
776 4829 972 4899 aliqua:
991 4826 1193 4882 erroris
1218 4832 1402 4879 notam
1430 4838 1538 4876 non
1561 4821 1858 4892 etl’ugiunt:

275 4936 367 4982 ast
394 4939 761 4995 agnoscamus
799 4937 923 4976 cum
955 4919 1150 4975 Photio
1188 4917 1300 4988 (56)
1330 4929 1545 4971 errores
1567 4914 1723 4978 istos,
1756 4912 1863 4967 sic-

277 5019 362 5072 ιιιί
411 5026 468 5071 et
519 5017 681 5079 alios,
719 5014 810 5084 qui
845 5013 898 5067 in
928 5010 1171 5082 ejusdem
1204 5007 1445 5063 auctoris
1473 5004 1731 5075 operibus
1769 5004 1864 5058 de-

277 5109 546 5180 prehendi
598 5113 848 5176 possunt,
883 5104 1182 5173 primorum
1237 5098 1490 5155 Ecclesia:
1538 5096 1861 5152 seculorum

281 5201 524 5255 indolem
584 5212 807 5268 sapere;
841 5197 1067 5265 ideoque
1115 5208 1271 5263 aequo
1310 5191 1435 5261 jure
1487 5189 1590 5243 hac
1642 5202 1753 5243 una
1799 5188 1866 5243 de

281 5308 455 5349 causa
503 5305 763 5361 magnum
811 5289 958 5343 hunc
1009 5288 1187 5341 virum
1224 5281 1475 5340 damnari
1505 5295 1615 5336 non
1650 5293 1812 5349 posse
1847 5296 1862 5332 :

360 5456 477 5527 (55)
520 5453 581 5509 S.
612 5451 887 5522 llippolyt.
924 5449 978 5504 in
1007 5452 1238 5501 tractatu
1270 5443 1389 5497 adv.
1426 5438 1633 5494 Grtecos
1656 5445 1703 5490 et
1736 5435 1868 5489 Pla-

360 5543 461 5564 ηοηι
540 5524 681 5564 ειη-ιιι
729 5522 965 5564 ραιιτίρ--
1000 5517 1132 5564 ηηη.
1169 5525 1299 5564 tom.
1328 5510 1368 5564 l.
1400 5527 1452 5564 ι).
1478 5508 1603 5564 2‘20.
1640 5515 1692 5561 et
1724 5505 1868 5564 apud

285 5517 485 5590 tonem',
538 5517 699 5595 apud'
721 5517 967 5605 Fabric”
1000 5517 1132 5587 Opp.
1169 5525 1299 5570 tom.
1328 5517 1368 5575 l,
1400 5527 1452 5581 p.
1478 5517 1603 5586 22.0,
1640 5517 1692 5561 et
1724 5522 1828 5576 apu

283 5598 569 5658 Galland.,
615 5605 653 5649 t.
685 5593 729 5648 ll
767 5590 1020 5646 Btbltoth.
1058 5586 1194 5649 PP.,
1224 5584 1426 5658 colum.
1455 5581 1583 5642 451,
1610 5594 1666 5632 ιι.
1704 5576 1759 5631 1.

363 5670 476 5738 (διε)
516 5656 751 5722 Photius
778 5666 835 5717 in
864 5660 1140 5738 molior/2..
1175 5656 1295 5711 cod.
1327 5668 1465 5738 ceu.‘
1538 5723 1549 5734 .
1594 5668 1619 5738 ε-
1798 5714 1844 5738 Α

368 5722 548 5810 δή]
593 5738 737 5790 Audi
758 5734 903 5810 quod
926 5730 1147 5810 gravius
1181 5738 1234 5782 et
1264 5723 1626 5810 periculosius
1647 5722 1874 5810 (ξιξ-*ξιξ

289 5800 441 5870 enim
466 5800 639 5865 Vates
688 5800 872 5875 regius
906 5800 941 5856 :’
979 5800 1149 5854 Darsa
1205 5811 1385 5853 eorum
1426 5808 1627 5865 semper
1655 5800 1871 5844 incurva

1933 570 2339 641 Scripturarum
2388 563 2648 636 mysteria
2699 570 2754 616 et
2796 559 3115 617 abscondita
3149 558 3420 628 explicare
3450 572 3518 613 ac

1932 662 2180 718 evolvere
2228 655 2471 731 aggressi
2525 662 2654 710 sunt
2700 653 2946 707 omnium
2996 650 3181 721 primi,
3214 647 3518 719 vituperari

1932 771 2041 810 non
2074 754 2292 815 debent,
2328 751 2372 807 si
2414 764 2522 804 non
2561 744 2747 801 omnia
2783 752 3158 816 penetrarunt,
3191 744 3301 798 imo
3325 759 3355 798 e
3381 759 3517 798 con-

1932 860 2091 907 verso
2134 840 2506 899 commendari
2551 838 2710 893 debet
2740 852 2927 891 eorum
2962 837 3130 900 zelus,
3162 833 3520 905 quantumvis

1932 951 2125 1008 parum
2160 932 2492 1006 prol‘ecerint
2526 931 2580 985 in
2612 927 2953 999 expositione
2977 942 3168 983 eorum
3195 941 3316 997 quae
3348 939 3518 997 expo—

1935 1026 2112 1083 nenda
2148 1030 2528 1093 susceperunt.

2004 1115 2173 1171 Error
2206 1114 2264 1170 S.
2303 1113 2573 1184 Hippolyti
2607 1110 2751 1164 circa
2782 1109 3113 1180 septuaginta
3167 1107 3518 1162 hebdomadas

1935 1207 2172 1262 Danielis
2206 1207 2433 1277 primum
2467 1205 2521 1257 in
2552 1203 2779 1255 adventu
2816 1200 3132 1253 Antichristi
3162 1200 3519 1270 complendas.

1935 1330 2007 1339 —-
2038 1298 2326 1354 Innuimus
2348 1297 2461 1366 jam
2496 1294 2751 1364 superius
2804 1301 3074 1347 vetustum
3120 1292 3267 1346 hunc
3301 1290 3520 1347 Patrem

1935 1400 2248 1447 assecutum
2306 1404 2414 1443 non
2468 1402 2590 1442 esse
2652 1400 2838 1440 verum
2906 1399 3127 1439 sensum
3179 1374 3521 1453 septuaginta

1936 1483 2428 1548 hebdomadarum,
2482 1479 2552 1535 de
2601 1479 2802 1549 quibus
2849 1486 2934 1533 est
2960 1491 3140 1532 sermo
3174 1476 3227 1530 in
3258 1476 3521 1547 propheta

1938 1575 2177 1639 Daniele,
2233 1572 2657 1641 earumdemque
2710 1569 3176 1624 hebdomadarum
3225 1569 3522 1623 terminum

1937 1666 2167 1720 nimium
2206 1664 2522 1735 protendere
2548 1680 2561 1728 ;
2607 1662 2700 1731 qui
2727 1676 2860 1716 sane
2889 1676 3044 1716 error
3074 1660 3408 1716 excusabilis
3437 1670 3520 1716 est

1939 1758 2104 1812 etiam
2133 1756 2202 1812 ob
2234 1757 2453 1813 allatam
2482 1754 2641 1808 modo
2666 1752 2956 1807 rationem.
3018 1751 3217 1807 Verum
3245 1768 3401 1823 aequa
3435 1751 3523 1808 fa-

1871 1834 1913 1890 Β
1942 1849 2146 1903 cilitate
2181 1846 2430 1902 excusari
2481 1860 2589 1900 non
2638 1852 2816 1914 potest
2861 1844 2998 1899 alter
3051 1844 3294 1914 ejusdem
3342 1860 3519 1908 error,

1950 1939 2170 2010 quando
2205 1940 2413 1994 scilicet
2440 1937 2634 1994 asserit
2664 1946 2879 2007 tempus
2909 1935 3251 2007 Babyloniam
3295 1936 3523 2007 captivi-

1946 2032 2072 2086 tatis
2092 2029 2259 2085 fuisse
2285 2044 2553 2083 annorum
2582 2028 3107 2099 quadringentorum
3137 2027 3352 2096 triginta
3384 2027 3521 2097 (57),

1942 2139 2064 2177 cum
2101 2131 2278 2177 tamen
2308 2118 2591 2189 Scriptura
2639 2118 2982 2188 septuaginta
3016 2125 3226 2171 tantum
3253 2131 3523 2172 annorum

1943 2213 2113 2269 fuisse
2163 2212 2343 2276 dicat;
2397 2210 2558 2265 sicuti
2593 2208 2775 2263 videre
2804 2216 2889 2264 est
2913 2208 2967 2262 in
2998 2207 3257 2278 propheta
3289 2204 3526 2263 Jeremia

1942 2321 2062 2376 cap.
2100 2321 2225 2369 xxv,
2261 2320 2313 2358 ν.
2352 2303 2386 2358 9
2415 2312 2468 2358 et
2491 2303 2577 2357 li.

2469 2392 2867 2451 ARTICULUS
2905 2394 2997 2447 ΙΙΙ.

2100 2504 2400 2544 εοιτιοκυιι
2438 2503 2487 2544 8.
2526 2501 2806 2541 BIPPOLYTI
2848 2498 3058 2538 οιιειιυιι
3092 2498 3370 2539 RECENSIO.

2013 2580 2153 2635 Ante
2207 2581 2423 2635 initium
2482 2578 2767 2650 praesentis
2823 2576 3007 2633 smculi
3052 2577 3236 2630 nullus
3283 2576 3526 2630 virorum

1944 2673 2279 2728 eruditorum
2332 2672 2387 2728 id
2442 2672 2645 2727 laboris
2695 2686 2758 2725 ac
2787 2669 2973 2736 studii,
3020 2669 3164 2738 quod
3220 2677 3400 2722 tamen
3450 2674 3531 2721 tot

1850 2778 1859 2786 ‘
1947 2764 2068 2819 aliis
2119 2764 2278 2834 longe
2312 2762 2633 2818 inferiorum
2667 2771 2721 2817 et
2753 2769 3061 2831 temporum
3106 2769 3161 2815 et
3210 2760 3526 2814 neritorum

1946 2856 2305 2925 scriptoribus
2337 2856 2643 2924 impensum
2677 2863 2762 2909 est
2786 2854 2955 2907 multa
2988 2868 3112 2908 cum
3147 2851 3330 2920 laude,
3379 2852 3432 2905 in
3469 2866 3533 2908 se

1946 2947 2207 3016 suscepit,
2266 2953 2327 2999 ut
2356 2943 2414 2998 S.
2449 2942 2637 2998 lrenzei
2669 2943 2943 3013 discipuli,
2971 2952 3023 2997 et
3056 2952 3217 2998 tantae
3246 2942 3533 2999 vetustatis

1946 3048 2218 3108 tantaque
2243 3036 2588 3092 auctoritatis
2611 3036 2874 3103 doctoris,
2898 3036 3068 3090 sancti
3100 3035 3309 3090 scilicet
3330 3033 3534 3106 [lippo-

1945 3132 2039 3205 lyti
2087 3131 2406 3188 Portuensis
2453 3131 2694 3202 episcopi
2742 3145 2806 3184 ac
2853 3130 3107 3201 martyris
3148 3144 3334 3199 opera,
3381 3144 3535 3199 qua:-

1949 3239 2166 3294 eunque
2195 3223 2419 3294 reperiri
2450 3231 2699 3294 possent,
2728 3221 3024 3292 colligeret,
3068 3221 3404 3291 collettaque
3431 3235 3535 3290 pu-

1949 3314 2195 3370 blicaret.

2019 3405 2258 3471 Primus,
2310 3406 2402 3476 qui
2433 3422 2552 3460 eam
2589 3406 2641 3460 in
2672 3404 3059 3477 cogitationem
3096 3402 3398 3468 descendit,
3433 3417 3534 3457 ne-

1952 3499 2290 3571 glectamque
2343 3499 2629 3570 hucusque
2673 3507 2914 3568 spartam
2946 3497 3192 3562 tentavit,
3226 3504 3344 3551 erat
3397 3512 3535 3567 pra:-

1952 3590 2291 3647 clarissimus
2330 3590 2414 3644 vir
2438 3588 2680 3644 Joannes
2708 3588 2929 3649 Millius,
2965 3587 3127 3656 quive
3152 3586 3296 3639 illam
3328 3601 3538 3640 ornan-

1953 3683 2077 3738 dam
2107 3682 2375 3751 sumpsit,
2409 3681 2788 3751 potuissetque
2816 3679 3031 3748 egregie
3047 3677 3385 3742 ornare,nisi
3410 3688 3539 3733 ante

1952 3789 2176 3829 manum
2211 3773 2455 3827 ultimam
2487 3772 2792 3842 appositam
2824 3769 3081 3824 humanis
3123 3770 3286 3822 rebus
3315 3776 3538 3838 ereptus

1954 3863 2172 3920 fuisset.
2225 3860 2415 3916 Omnis
2446 3861 2664 3931 quidem
2699 3874 2824 3929 spes
2856 3872 2979 3913 cum
3014 3855 3167 3911 Miilii
3201 3871 3428 3926 corpore
3452 3871 3540 3911 se-

1956 3955 2105 4026 pulta
2134 3966 2243 4008 non
2272 3952 2616 4019 credebatur,
2651 3968 2774 4007 cum
2810 3951 3046 4021 spissum
3074 3949 3326 4003 volumen
3362 3948 3543 4002 anim-

1955 4046 2340 4103 adversionum
2388 4044 2510 4114 ejus
2558 4042 2624 4097 ad
2678 4041 2736 4097 S.
2769 4040 3038 4111 Hippolyti
3075 4040 3271 4109 scripta
3300 4036 3541 4095 Joannes

1957 4139 2280 4208 Guilielmus
2312 4135 2483 4193 Janus
2512 4134 2806 4191 academiae
2833 4131 3285 4204 Wittebergensis
3325 4129 3538 4203 profes-

1959 4247 2051 4287 sor
2098 4240 2295 4286 nactus
2322 4239 2491 4297 esset,
2538 4227 2988 4301 Ilippolyleisque
3032 4225 3248 4295 scriptis
3276 4224 3537 4294 colligen-

1958 4325 2067 4389 dis,
2114 4321 2456 4393 expoliendis
2484 4329 2649 4391 atque
2680 4317 2996 4389 evulgandis
3026 4318 3285 4371 insudare
3321 4314 3543 4369 nuntia-

1959 4426 2127 4471 retur.
2196 4414 2300 4470 Sed
2329 4414 2607 4469 incassum
2651 4411 2891 4467 cultores
2917 4408 3258 4480 antiquitatis
3283 4407 3547 4464 ecclesia-

1887 4522 1932 4577 υ
1962 4512 2112 4567 sticae
2132 4509 2282 4563 hunc
2312 4507 2631 4562 thesaurum
2658 4511 3049 4574 exspectarunt
3086 4502 3155 4556 ah
3183 4500 3395 4556 eodem.

2029 4600 2212 4654 Eduio
2255 4595 2657 4653 Greco-Latina
2682 4594 2940 4649 Fabricii.
2966 4623 3039 4634 —
3064 4594 3274 4648 interea
3301 4590 3545 4645 celeber-

1959 4693 2135 4748 rimus
2164 4689 2447 4745 Fabricius
2494 4688 2684 4742 doctor
2710 4696 2761 4741 et
2804 4683 3084 4756 professor
3119 4680 3219 4736 SS.
3257 4679 3546 4749 theologia:

1961 4788 2016 4841 in
2049 4783 2331 4858 gymnasio
2374 4782 2791 4850 Hamburgensi,
2827 4788 2905 4835 tot
2945 4776 3176 4847 egregiis
3213 4774 3327 4844 jam
3368 4770 3548 4842 operi-

1960 4887 2066 4943 bus
2100 4887 2394 4942 litteratum
2432 4883 2618 4937 orhem
2667 4877 2768 4934 sibi
2808 4876 3122 4930 devinctum
3149 4870 3378 4933 habens,
3412 4866 3548 4938 Hip-

1964 4979 2152 5051 polyti,
2207 4978 2273 5032 de
2307 4976 2464 5046 cujus
2513 4985 2747 5042 persona
2795 4976 2848 5022 ct
2877 4964 3094 5034 scriptis
3131 4978 3229 5033 pro
3254 4959 3549 5016 diﬂusissi-

1967 5087 2054 5126 ma
2085 5086 2183 5127 sua
2210 5069 2441 5124 lectione
2474 5061 2816 5119 Bibiiothecw
2851 5074 2961 5113 suae
2990 5056 3187 5111 Grazcw
3218 5056 3310 5110 lib.
3341 5071 3397 5119 v,
3418 5069 3543 5125 cap.

1967 5161 2021 5229 Ι,
2080 5159 2228 5233 §25,
2279 5154 2691 5227 diligentissime
2729 5149 3006 5215 disseruit,
3062 5159 3402 5218 quacunque
3449 5160 3546 5198 su-

1967 5260 2215 5326 persunt,
2270 5253 2620 5304 monumenta
2676 5244 2730 5297 in
2782 5256 2950 5295 unum
3005 5253 3206 5308 corpus
3258 5250 3449 5306 cogere
3478 5248 3544 5290 ac

1978 5430 2159 5504 (Ιτειιιἶ
2185 5440 2377 5504 vatn,
2406 5422 2521 5489 2i).
2540 5418 2623 5504 ‘ld
2651 5425 2759 5504 est.
2804 5405 3408 5504 utgservia-n't’

1972 5472 2382 5575 quadrina-gentis
2410 5472 3086 5575 quadragintaangnisﬂit
3098 5472 3544 5575 Ised

2531 5543 2845 5616 servitutem
2865 5543 3110 5609 incurva.
3125 5568 3143 5601 ι
3167 5543 3228 5601 ΒΣ
3240 5543 3542 5629 llippolyt.,

1974 5645 2051 5675 ιηι
2110 5650 2258 5675 mm.-
2326 5634 2561 5675 Judmns-
2613 5645 2765 5675 nnm-
2796 5628 2860 5675 6:
2917 5622 3056 5675 anud
3095 5618 3309 5673 Fabric.
3340 5626 3472 5669 tom.
3499 5610 3548 5671 ιι

1974 5645 2070 5699 lib.
2094 5629 2276 5695 'contr.
2306 5629 2563 5694 'Judwos.
2613 5645 2765 5684 num.
2796 5629 2861 5694 6;
2917 5629 3056 5693 apud
3095 5629 3309 5673 r'abrtc.
3340 5629 3472 5669 tom.

1980 5713 2139 5785 0pp.,
2170 5725 2291 5781 pag.
2319 5707 2383 5776 3;
2412 5713 2468 5762 et
2497 5701 2639 5774 apud
2672 5695 2920 5757 Galland.
2955 5704 3086 5749 tom.
3120 5688 3185 5758 ll,
3213 5688 3318 5745 col.
3346 5683 3475 5743 449.
