3928 6336
479 369 586 426 587

1469 368 1559 425 DE
1595 367 1767 425 VITA
1804 368 1892 424 ET
1931 368 2246 426 SCRIPTIS
2278 371 2340 425 S.
2371 370 2762 427 HIPPOLYTI.

3628 377 3736 434 588

480 491 761 563 splendide
806 492 1074 547 illustrata
1100 491 1302 562 publici
1342 491 1485 563 juris
1512 493 1694 548 facere
1722 492 1778 547 in
1812 492 2054 547 animum
2086 500 2132 554 Α
2160 492 2437 546 duodecim
2470 493 2744 562 apostolis,
2809 491 3030 548 ubinam
3058 492 3293 563 quisque
3318 509 3508 550 eorum
3545 496 3747 563 pradi-

482 583 718 650 induxit,
750 584 957 639 inscius
993 583 1170 639 adhuc
1193 600 1357 655 quem
1392 585 1600 641 exitum
1629 585 1941 640 habiturum
1970 599 2059 639 es-

482 691 566 736 set
590 681 660 736 cl.
686 680 808 735 lani
839 679 1129 736 consilium
1158 679 1216 734 in
1239 679 1464 736 edendis
1497 680 1607 735 divi
1628 679 1902 750 Ilippolyti
1933 695 2061 751 ope-

373 821 377 825 .
480 773 654 827 ribus.
708 770 841 826 Post
898 770 1229 827 indefessam
1285 772 1451 843 igitur
1509 772 1563 826 in
1618 771 1940 841 indagandis
1996 787 2062 827 ac

479 857 814 931 colligendis,
863 876 986 931 qua:
1035 861 1238 932 injuria
1268 871 1573 931 temporum
1616 862 1857 915 nondum
1891 861 2060 915 inter-

477 954 750 1017 ciderunt,
806 953 980 1008 sancti
1034 955 1210 1009 nostri
1259 955 1496 1025 scriptis,
1522 954 1735 1009 duobus
1762 954 2057 1008 volumini-

476 1044 580 1099 bus
605 1045 657 1098 in
690 1043 821 1099 folio
854 1045 1067 1100 minore
1099 1044 1449 1117 Hippolytum
1502 1044 1774 1115 evolgavit
1805 1046 2057 1101 laudatus

476 1135 730 1192 Albertus
784 1134 1069 1191 Fabricius
1138 1135 1475 1206 Hamburgi,
1531 1150 1766 1206 quorum
1819 1136 2057 1206 primum

475 1228 729 1282 volumen
785 1243 930 1283 anno
982 1226 1140 1294 1716,
1196 1228 1427 1284 alterum
1478 1228 1614 1283 1718
1658 1228 1833 1284 lucem
1879 1230 2057 1298 publi-

477 1337 595 1376 cam
631 1323 785 1377 vidit.

558 1416 615 1468 In
646 1417 896 1470 volumen
933 1417 1084 1486 prius
1121 1418 1399 1489 congessit
1426 1433 1768 1490 quaecunque
1802 1418 2059 1491 Hippoly-

477 1507 518 1560 ti
556 1508 716 1577 hujus
752 1508 986 1577 reperire
1032 1510 1226 1578 potuit.
1313 1508 1497 1565 Primo
1529 1512 1648 1567 loco
1669 1525 1893 1581 apparet
1922 1513 2059 1568 liber

475 1597 554 1651 De
582 1590 958 1664 'Antichristo,
1026 1602 1185 1670 cujus
1250 1602 1542 1657 editionem
1604 1602 2057 1658 Combeﬁsianam

418 1736 421 1739 .
474 1690 748 1743 recensuit
780 1690 846 1744 ad
884 1689 1115 1759 primam
1160 1689 1529 1746 Parisiensem
1580 1690 1884 1746 Gudianam
1929 1699 2060 1754 anni

476 1777 633 1842 1661,
670 1794 769 1834 nec
802 1796 975 1850 pauca
1002 1780 1328 1835 emendavit.
1392 1778 1691 1837 Substratae
1734 1782 1897 1837 etiam
1925 1794 2054 1838 sunt

473 1868 703 1938 singulis
734 1871 946 1940 paginis
979 1872 1359 1927 adnotationes
1388 1871 1738 1941 Combelisii;
1793 1875 1921 1929 item
1952 1889 2050 1937 cae,

472 1977 610 2030 quas
646 1977 758 2018 sua:
800 1963 1026 2018 editioni
1073 1980 1240 2018 manu
1285 1967 1504 2035 propria
1537 1965 1795 2021 alleverat
1822 1966 2050 2035 Gudius,

470 2067 580 2105 non
615 2054 835 2108 omissis
864 2054 952 2116 iis,
981 2069 1119 2123 quas
1176 2053 1436 2124 Epistolis
1490 2058 1606 2113 suis
1665 2059 1866 2112 criticis
1910 2060 2055 2115 inse-

470 2154 654 2198 ruerat
696 2143 1052 2216 Tanaquillus
1078 2146 1272 2203 Faber.
1328 2147 1426 2205 His
1460 2164 1590 2205 suas
1612 2151 1818 2227 passim
1857 2150 2054 2220 adjecit

471 2236 878 2294 observationes
935 2240 1050 2309 ipse
1097 2240 1404 2308 Fabricius,
1457 2243 1549 2311 qui
1600 2253 1655 2298 et
1702 2253 1944 2298 veterum
1985 2246 2053 2302 de

471 2329 564 2381 illo
594 2330 734 2382 libro
771 2332 1081 2387 testimonia
1115 2334 1384 2403 adjunxit.
1444 2333 1703 2406 Sequitur
1747 2336 1927 2392 Conon
1955 2356 2078 2409 pa-.

469 2418 690 2485 scholis,
739 2420 793 2474 in
845 2420 959 2491 jam
1008 2432 1311 2478 memorata
1361 2435 1539 2481 statua
1588 2443 1931 2491 marmorea,
1982 2434 2050 2483 ad

472 2509 663 2564 urbem
712 2510 938 2565 Romam
974 2512 1194 2579 ellossa,
1244 2514 1429 2572 Greece
1462 2527 1516 2572 et
1546 2518 1757 2583 Latine,
1800 2536 1922 2574 cum
1959 2521 2047 2590 iis,

471 2615 593 2669 qua:
636 2615 745 2655 non
797 2604 973 2657 solum
1023 2603 1078 2658 in
1108 2602 1373 2660 Cononem
1403 2608 1549 2664 hunc
1578 2607 1847 2680 Iosephus
1878 2611 2050 2667 Scali-

469 2706 593 2760 ger,
648 2690 942 2764 Dionysius
981 2691 1270 2763 Petavius,
1323 2697 1571 2769 IEgidius
1614 2700 1943 2771 Bucherius,
1995 2703 2046 2762 J.

469 2779 788 2851 Dominicus
816 2783 1113 2853 Cassinus;
1151 2789 1243 2844 sed
1273 2790 1435 2843 etiam
1478 2791 1531 2843 in
1568 2790 1882 2863 Catalogum
1912 2797 2046 2849 scri—

466 2885 678 2941 ptorum
725 2874 1037 2948 Hippolyti,
1106 2879 1161 2933 in
1228 2881 1414 2935 eadem
1466 2890 1641 2937 statua
1690 2884 2045 2955 descriptum,

469 2965 776 3036 Stephanus
834 2971 883 3024 le
932 2969 1149 3042 Moyne,
1211 2971 1449 3029 Thomas
1498 2973 1719 3043 Galeas,
1760 2977 2046 3036 Eduardus

465 3055 794 3127 Bernartius,
845 3060 990 3119 Guil.
1034 3062 1248 3119 Caveus
1299 3065 1653 3135 scripserunt,
1700 3070 1881 3127 addita
1927 3073 2046 3142 ipsa

466 3151 666 3210 statua,
728 3147 902 3203 tribus
951 3150 1150 3205 tabulis
1198 3153 1362 3207 :eneis
1404 3169 1684 3223 expressa.
1738 3158 1875 3214 Cum
1914 3179 2043 3218 vero

462 3246 659 3305 praeter
699 3237 966 3294 Cononem
1006 3243 1309 3312 paschalem
1336 3245 1499 3300 etiam
1532 3246 2041 3308 Demonstrationem

465 3335 754 3395 temporum
786 3328 1068 3385 Paschalis
1094 3342 1148 3387 et
1176 3330 1471 3388 Chronicon
1524 3335 1846 3412 Hippolytus
1893 3359 2043 3398 com-

462 3422 724 3488 posuerit,
773 3424 1087 3481 testimonia
1129 3437 1398 3495 veterum,
1450 3431 1504 3486 in
1550 3435 1750 3503 quibus
1786 3438 1948 3493 unius
1975 3455 2040 3499 ex

460 3510 548 3567 his
592 3514 769 3568 tribus
811 3516 1014 3571 mentio
1066 3517 1145 3584 lit,
1197 3520 1530 3590 conjunctim
1564 3504 1904 3583 exhibentur
1932 3546 2040 3586 una

462 3617 586 3657 cum
635 3605 855 3674 antiqua
898 3609 1146 3664 versione
1193 3609 1383 3666 Latina
1435 3613 1721 3684 Chronici,
1775 3602 2038 3690 quodex

460 3694 648 3750 multis
688 3696 912 3765 judiciis
946 3700 1012 3754 ad
1048 3699 1397 3775 Hippolytum
1450 3708 1685 3764 retulere
1737 3712 2036 3771 doctissimi

457 3785 580 3840 viri.
643 3785 806 3844 Hisce
836 3791 1085 3861 adjunxit
1110 3794 1374 3867 integram
1404 3796 1841 3858 dissertationem
1864 3803 2036 3862 Fran-

457 3878 587 3933 cisci
614 3879 896 3937 Blanchini
928 3884 1002 3939 De
1029 3884 1238 3942 Conone
1260 3891 1499 3960 paschali
1525 3893 1821 3967 Hippolyti,
1848 3897 2034 3957 Romae

454 3987 601 4026 anno
653 3973 791 4028 1705
832 3977 1031 4032 editam
1060 4022 1074 4044 ,
1130 3991 1185 4036 et
1231 3983 1672 4054 disceptationes,
1724 3992 1924 4061 quibus
1965 3995 2033 4051 de

454 4076 600 4116 anno
647 4066 823 4134 primo
866 4068 1078 4138 imperii
1115 4071 1299 4130 Severi
1323 4077 1639 4144 Alexandri,
1694 4082 1745 4135 in
1773 4085 2030 4142 cathedra

452 4169 762 4212 marmorea
815 4157 1085 4234 Hippolyti
1112 4178 1436 4236 memorato,
1485 4172 1626 4227 inter
1648 4189 1706 4229 se
1739 4180 2030 4234 contende-

450 4253 581 4335 runt
622 4243 898 4316 Virginius
934 4248 1276 4321 Valsechius,
1330 4257 1612 4330 Philippus
1653 4264 1719 4317 de
1753 4264 1804 4319 la
1834 4265 2024 4335 Turre,

452 4343 508 4389 et
532 4332 688 4391 Joan.
726 4336 1031 4410 Vignolius.
1086 4344 1217 4410 Quae
1237 4363 1401 4416 porro
1430 4351 1521 4406 hic
1549 4354 1771 4425 scripta,
1804 4359 1888 4412 vel
1914 4332 2026 4415 ira;

451 4437 669 4498 gmenta
698 4428 989 4503 Hippolyti,
1024 4447 1154 4491 sunt
1183 4457 1197 4493 :
1230 4440 1626 4498 Demonstratio
1647 4446 1895 4505 adversus
1923 4451 2025 4506 Ju-

2164 581 2391 648 caverit,
2424 597 2490 636 ac
2527 582 2619 635 uhi
2650 593 3061 637 consummatus
3090 582 3179 645 sit,
3213 597 3375 653 quam
3401 585 3604 638 nudam
3625 586 3747 652 jam

2159 674 2530 744 publicaverat
2562 673 2845 729 Fabricius
2872 690 3021 729 anno
3053 675 3210 738 1714,
3272 690 3509 729 unacum
3560 677 3747 732 tribus

2158 765 2267 820 illis
2297 764 2373 817 De
2406 765 2514 818 vita
2541 763 2744 833 Moysis
2793 764 2967 831 libris,
3019 764 3291 819 Gaulmini
3338 768 3747 821 commentario

2160 856 2448 912 illustratis
2477 871 2600 926 pag.
2630 855 2758 921 508,
2791 859 2883 911 sed
2924 872 3069 911 nunc
3098 858 3352 927 stipatam
3379 859 3747 929 amplissimis

2160 949 2604 1003 adnotationibus
2624 948 2900 1004 Francisci
2925 948 3257 1005 Combelisii.
3278 948 3408 1005 ltem
3428 950 3500 1004 De
3521 962 3747 1021 septua-

2159 1040 2310 1109 ginta
2358 1039 2657 1106 apostolis,
2710 1054 2774 1092 ac
2807 1054 2928 1108 qua:
2965 1040 3190 1109 reperiri
3245 1051 3471 1111 potuere
3499 1057 3565 1096 ex
3602 1045 3750 1097 scri-

2162 1134 2272 1203 ptis
2293 1131 2569 1204 Hippolyti
2593 1133 2832 1202 junioris
2863 1132 3129 1190 Thebani.
3156 1132 3441 1188 Volumine
3468 1136 3749 1204 poSterio-

2155 1226 2202 1278 ri
2237 1226 2431 1279 horum
2480 1240 2703 1295 operum
2760 1226 3113 1279 continentur
3142 1244 3155 1279 :
3184 1224 3457 1297 Hippolyti
3503 1226 3749 1280 Demon-

2157 1316 2348 1367 stratio
2398 1314 2650 1368 adversus
2682 1312 2924 1382 Judwos,
2975 1315 3330 1384 ejusdemque
3357 1319 3604 1370 adversus
3629 1317 3754 1370 Ιιω-

2159 1409 2298 1461 resin
2332 1406 2513 1473 Nocti,
2555 1417 2784 1477 utraque
2811 1423 2958 1462 nunc
2977 1409 3214 1478 primum
3240 1408 3424 1464 Grmce
3451 1427 3517 1465 ex
3552 1412 3751 1468 codice

2163 1498 2427 1555 Vaticano
2453 1516 2555 1555 ms.
2588 1500 2753 1566 edita,
2795 1516 2919 1554 cum
2941 1503 3128 1555 eadem
3165 1499 3416 1556 Turriani
3462 1504 3747 1572 versione,

2159 1598 2214 1644 et
2253 1590 2443 1645 iisdem
2487 1591 2650 1656 notis,
2699 1606 2821 1660 quae
2851 1591 2965 1661 jam
3014 1593 3120 1647 vol.
3152 1594 3194 1659 Ι,
3240 1609 3361 1663 pag.
3393 1593 3499 1648 228
3529 1605 3580 1650 el
3607 1595 3744 1663 255,

2158 1683 2376 1739 insertae
2429 1684 2793 1754 reperiuntur.
2847 1684 3173 1755 Fragmenta
3214 1703 3280 1740 ex
3325 1686 3743 1742 Commentariis

2158 1775 2215 1828 in
2258 1773 2501 1844 Cenesin,
2541 1775 2726 1831 Graece
2750 1787 2803 1831 et
2828 1776 3019 1832 Latine
3064 1778 3250 1833 itidem
3284 1780 3518 1849 primum
3559 1782 3615 1835 in
3652 1782 3747 1836 lu-

2154 1881 2272 1921 cem
2300 1867 2500 1923 emissa
2532 1883 2599 1922 ex
2617 1868 2820 1927 Catena
2845 1867 3069 1923 Patrum
3098 1868 3408 1926 Graecorum
3439 1871 3508 1926 88
3534 1873 3744 1928 biblioo

2155 1960 2325 2014 thecae
2376 1960 2837 2025 Vindobonensis,
2886 1977 3009 2032 quae
3046 1964 3326 2019 continent
3353 1964 3742 2021 adnotationes

2153 2051 2221 2106 ad
2249 2050 2443 2107 Genes.
2477 2069 2515 2115 r,
2552 2053 2605 2118 5,
2633 2053 2698 2120 6;
2736 2070 2817 2121 ιιι,
2853 2054 2916 2120 8;
2950 2072 3100 2118 χιιι.
3131 2058 3184 2123 5,
3219 2058 3274 2119 4,
3311 2057 3363 2124 5,
3399 2058 3485 2123 11,
3518 2057 3605 2123 12,
3643 2058 3741 2116 16.

2153 2146 2273 2200 Alia
2314 2146 2564 2215 quaedam
2611 2145 2934 2215 fragmenta,
2991 2155 3048 2199 ut
3095 2146 3162 2202 de
3190 2146 3441 2211 Ezechia,
3490 2147 3543 2201 in
3578 2149 3740 2203 lsaiae

2151 2250 2384 2301 xxxviii,
2417 2234 2470 2299 5,
2505 2251 2571 2289 ex
2602 2235 2720 2289 cod.
2755 2233 2983 2288 Coislin.
3019 2235 3142 2289 195.
3179 2234 3358 2292 Locus
3379 2252 3443 2291 ex
3471 2235 3737 2309 Hippoly-

2151 2327 2192 2381 ti
2224 2342 2476 2381 sermone
2501 2327 2535 2379 2
2556 2366 2570 2389 ,
2604 2326 2657 2379 in
2697 2324 2992 2392 Danielem,
3011 2327 3210 2383 citatus
3239 2327 3577 2393 Eustrathio,
3608 2344 3735 2399 cap.

2149 2416 2216 2473 19
2238 2418 2499 2473 adversus
2522 2416 3119 2489 Psychopannychitas,
3155 2430 3209 2475 et
3239 2420 3501 2475 nonnulla
3538 2422 3596 2475 in
3619 2421 3734 2476 Rc-

2148 2513 2373 2568 naudoti
2434 2512 2679 2566 Historia
2739 2513 3167 2583 patriarcharum
3222 2516 3538 2584 Alexandr.,
3602 2533 3728 2588 pag.

2148 2604 2294 2677 560,.
2338 2603 2629 2675 Hippolyto
2680 2605 2937 2674 ascripta,
2986 2621 3108 2675 qua:
3153 2615 3334 2661 tamen
3377 2609 3560 2677 potius
3601 2607 3733 2665 Julii

2148 2694 2381 2751 Romani
2432 2713 2555 2753 esse
2604 2697 2854 2767 praefatio
2902 2698 3078 2753 docet.
3138 2698 3640 2757 Commentationes
3672 2702 3733 2758 in

2155 2786 2353 2843 Genes.
2383 2804 2488 2855 vn,
2546 2788 2608 2856 6;
2645 2805 2772 2855 vui,
2804 2791 2867 2857 1,
2902 2799 2956 2845 et
2984 2789 3279 2845 Deuteron.
3316 2807 3518 2860 xxxiii,
3567 2793 3631 2858 1,
3658 2809 3734 2851 ex

2153 2877 2522 2936 Pentateucho
2568 2881 2802 2937 Arabico
2840 2882 3090 2938 biblioth.
3126 2882 3452 2950 Bodleianae,
3486 2900 3624 2954 quas
3652 2885 3729 2943 cl.

2146 2970 2381 3042 Gagnier
2406 2973 2531 3028 inde
2557 2984 2843 3045 excerptas
2874 2975 3068 3031 Latine
3097 2976 3258 3030 vertit
3286 2995 3299 3029 :
3332 2976 3386 3030 in
3412 2978 3615 3047 quibus
3644 2986 3730 3031 ta-

2145 3077 2270 3117 men
2295 3064 2430 3117 nihil
2458 3064 2881 3122 Commentariis
2916 3065 3188 3137 Hippolyti
3226 3066 3429 3123 Grazcis
3460 3070 3516 3121 in
3550 3067 3730 3123 Gene-

2146 3156 2251 3211 sim
2284 3158 2591 3226 respondet.
2648 3157 2794 3214 Loca
2820 3160 3084 3214 nonnulla
3109 3160 3163 3213 in
3191 3160 3405 3215 Leontii
3438 3159 3725 3232 Byzantini

2146 3251 2241 3305 lib.
2272 3267 2288 3304 ι
2315 3261 2498 3305 contra
2533 3251 2867 3317 Nestorium,
2917 3263 2971 3307 et
3016 3253 3069 3307 in
3095 3253 3338 3312 Concilio
3365 3252 3725 3308 Laterancnsi

2144 3358 2290 3397 anno
2318 3343 2442 3409 649,
2477 3360 2600 3415 pag.
2631 3345 2733 3399 281
2763 3356 2818 3399 et
2848 3345 2976 3410 287,
3028 3359 3095 3399 ex
3124 3343 3414 3417 Hippolyto
3464 3346 3719 3400 adducta.

2142 3433 2435 3491 Doctorum
2471 3438 2716 3491 virorum
2767 3436 3148 3493 adnotationes
3175 3439 3243 3493 de
3269 3437 3581 3509 Hippolyto,
3616 3452 3723 3492 no-

2141 3529 2388 3582 minatim
2420 3543 2487 3583 ex
2524 3527 2675 3583 Sam.
2711 3526 2869 3583 Petiti
2900 3526 3087 3597 Eclog.
3115 3528 3440 3599 cltronolog.,
3494 3529 3589 3584 lih.
3632 3546 3717 3593 ιιι,

2140 3635 2258 3690 cap.
2289 3619 2344 3687 2,
2389 3620 2455 3675 de
2488 3619 3010 3678 heckaadecaeteride
3024 3630 3077 3679 et
3093 3639 3158 3679 ex
3208 3619 3406 3690 Georg.
3447 3620 3587 3675 Bulli
3610 3620 3721 3674 De-

2138 3712 2272 3781 fens.
2308 3712 2404 3782 fid.
2438 3711 2674 3778 Niciam,
2716 3720 2848 3767 sect.
2885 3728 2947 3777 ιι,
2984 3727 3105 3783 cap.
3141 3712 3197 3779 8,
3230 3723 3285 3767 et
3306 3720 3437 3768 sect.
3477 3727 3558 3776 ιιι,
3590 3727 3714 3782 cap.

2136 3804 2189 3872 8,
2240 3807 2307 3862 de
2349 3807 2598 3862 doctrina
2629 3806 2922 3879 Hippolyti,
2984 3822 3221 3862 unacum
3242 3804 3292 3860 Ι.
3355 3806 3487 3864 Ern.
3516 3805 3712 3861 Grabii

2135 3898 2578 3954 adnotationibus
2631 3900 2821 3954 eodem
2880 3900 3271 3969 spectantibus.
3325 3900 3421 3956 His
3480 3901 3717 3972 denique

2133 3994 2481 4066 subjungitur
2510 3993 2785 4067 Hippolyti
2814 3995 3052 4064 junioris
3080 3994 3323 4051 Thebani
3347 3993 3714 4065 fragmentum

2131 4099 2197 4138 ex
2250 4084 2525 4142 Chronico
2559 4087 2957 4142 commentario
2999 4086 3067 4141 ab
3111 4085 3344 4142 Henrico
3389 4086 3611 4141 Canisio
3655 4085 3713 4141 in

2112 4183 2264 4231 'tom.
2300 4175 2370 4230 lll
2400 4175 2713 4231 Lectionum
2756 4178 3098 4249 antiquarum
3144 4179 3372 4235 editum.
3412 4179 3550 4245 Quia
3578 4193 3710 4234 vero

2131 4270 2245 4323 haec
2271 4269 2456 4324 omnia
2482 4283 2592 4324 non
2623 4269 2765 4325 ultra
2792 4268 2861 4324 62
2883 4270 3110 4341 paginas
3137 4271 3382 4341 implent,
3412 4273 3481 4327 ad
3494 4272 3709 4340 justum

2128 4360 2379 4415 volumen
2403 4360 2801 4417 conﬁciendum
2824 4361 3044 4417 additur
3057 4363 3323 4433 appendix
3341 4364 3708 4433 complectens

2128 4450 2471 4522 Spicilegium
2496 4450 2724 4506 Palfum
2747 4453 2930 4508 saeculi
2961 4468 3044 4521 in,
3061 4464 3116 4509 et
3143 4452 3410 4510 Chalcidii
3430 4455 3709 4510 Commen-

450 4521 594 4575 dtcos
623 4537 689 4576 ex
718 4525 971 4613 versione
1005 4526 1196 4585 Latina
1225 4531 1499 4590 Francisci
1532 4535 1804 4607 Turriani,
1856 4559 2021 4613 quam
2055 4544 2098 4601 D
2129 4544 2292 4595 tarios
2323 4521 2380 4595 in
2421 4541 2677 4597 Timaeum
2709 4541 2952 4599 Platonis
2985 4545 3324 4612 emendatos,
3378 4555 3433 4601 et
3457 4549 3602 4602 notis
3641 4547 3708 4602 il-

449 4623 573 4666 esse
604 4606 929 4681 particulam
953 4617 1461 4680 Commentariorum
1481 4626 1753 4702 Hippolyti
1786 4606 1840 4687 in
1867 4606 2023 4690 Psal-

449 4717 560 4755 mos
592 4702 874 4763 Fabricius
924 4713 1269 4784 suspicatur;
1322 4717 1626 4791 fragmenta
1656 4742 1718 4779 ex
1751 4726 1892 4781 libro
1920 4730 1989 4782 ad
2002 4759 2021 4772 -

447 4809 623 4849 versus
655 4796 884 4867 Crtccos,
947 4805 1040 4873 qui
1070 4807 1388 4865 inscribitur
1421 4814 1713 4871 :Adversus
1744 4817 2020 4876 Platonem

446 4885 511 4939 de
551 4905 715 4943 causa
762 4894 1027 4962 unit'ersi;
1081 4914 1147 4953 ex
1178 4918 1342 4971 opere
1386 4904 1637 4963 adversus
1666 4909 1909 4980 ha'reses,
1963 4915 2018 4968 in

446 4976 647 5047 quibus
660 4984 966 5052 copiosiora
989 4998 1137 5052 sunt,
1165 5008 1287 5061 qua:
1311 4994 1575 5053 Adversus
1599 4996 1876 5069 Beronem,
1897 4976 2022 5058 ser—

445 5077 570 5122 vata
598 5085 629 5123 a
653 5069 961 5143 Nicephoro
1004 5078 1607 5152 Constantinopolitano
1650 5097 1703 5142 et
1732 5089 2020 5147 Anastasio

442 5153 885 5231 Bibliothecario,
919 5178 975 5223 et
1006 5171 1255 5225 adversus
1283 5172 1512 5229 Noetum
1548 5176 1739 5235 Latine
1786 5190 2017 5253 tantum,

443 5251 534 5308 hic
563 5255 930 5347 (inhibentur;
970 5261 1098 5315 item
1136 5264 1271 5336 Περὶ
1299 5269 1655 5339 χαρισμάτων
1688 5251 2017 5347 ἀποστολικῆ

443 5345 761 5416 παράδοσις,
797 5348 1040 5406 Homilia
1070 5355 1123 5408 in
1157 5369 1496 5413 sacrosancto
1522 5345 2021 5436 ΤΙιεορΙιαιιὶα,,ρι“ἰέ

438 5451 591 5493 mum
611 5440 754 5495 edita
781 5456 847 5497 ex
865 5459 996 5500 mss.
1028 5448 1215 5505 codice
1233 5448 1455 5507 Thoma:
1480 5452 1651 5522 Galei,
1673 5457 2018 5528 interspersis

442 5529 646 5586 notulis
662 5530 927 5603 Fabricii;
951 5547 1003 5590 et
1026 5536 1326 5607 fragmenta
1350 5557 1416 5596 cx
1444 5541 1718 5617 Hippolyti
1744 5547 2017 5602 Commen-

444 5621 597 5675 tariis
642 5622 696 5676 in
745 5628 917 5681 varios
972 5626 1262 5700 Scriptura:
1290 5631 1473 5700 libros,
1506 5644 1559 5689 et
1586 5650 1649 5690 ex
1680 5637 1798 5706 ejus
1828 5638 2017 5692 Hmni-

442 5712 553 5769 liis.
622 5714 877 5788 Subiecta
903 5725 1172 5792 appendix
1202 5727 1582 5797 complectitur
1617 5732 1819 5801 scripta
1850 5732 2015 5787 dubia

439 5815 494 5861 et
520 5811 819 5881 supposita,
874 5814 1073 5871 librum
1100 5816 1178 5872 De
1202 5824 1649 5880 consummatione
1688 5826 1903 5895 mundi;
1937 5826 2014 5882 De

2122 4634 2404 4690 lustratos.
2459 4634 2517 4689 ln
2567 4633 2852 4707 Spicilcgio
2903 4636 2996 4692 illo
3032 4647 3332 4693 occurrunt
3368 4657 3382 4693 :
3422 4640 3482 4694 l°
3510 4641 3707 4695 Irenaei

2121 4725 2423 4798 fragmenta
2460 4743 2632 4797 nuper
2658 4744 2688 4783 a
2713 4729 2783 4783 cl.
2813 4728 3124 4800 Christoph.
3161 4728 3349 4786 Matth.
3377 4730 3566 4787 Pfallio
3585 4733 3707 4788 edi-

2122 4829 2212 4886 ta;
2261 4821 2327 4877 2ο
2362 4818 2658 4875 Clementis
2699 4821 3053 4877 Alexandrini
3107 4822 3433 4896 fragmenta,
3478 4841 3603 4895 qua“:
3646 4827 3705 4882 in

2120 4913 2359 4967 editione
2404 4912 2701 4968 Oxoniensi
2750 4923 2960 4970 tanttim
3018 4914 3205 4972 Greece
3251 4917 3539 4987 leguntur;
3594 4920 3704 4975 alia

2122 5004 2249 5057 item
2283 5019 2312 5058 a
2340 5004 2579 5062 Macario
2605 5004 3046 5076 Chrysocephalo
3066 5049 3081 5073 ,
3132 5008 3422 5064 Anastasio
3466 5008 3699 5077 Sinaita,

2122 5096 2430 5168 Nicephoro
2484 5097 2590 5152 CP.
2621 5109 2675 5152 et
2722 5096 2879 5152 Joan.
2919 5099 3276 5167 Damasceno,
3324 5118 3388 5157 ex
3418 5101 3703 5160 Clemente

2117 5189 2271 5244 Alex.
2304 5192 2505 5255 citata;
2561 5190 2618 5244 '5'
2645 5189 2909 5246 Methodii
2943 5192 3161 5249 Eubulii
3187 5194 3492 5250 Convivium
3518 5198 3701 5253 decem

2119 5282 2382 5351 virginum
2419 5298 2449 5335 a
2479 5280 2660 5336 Leone
2692 5281 2892 5337 Allatio
2926 5294 2980 5338 et
3012 5283 3174 5340 Petro
3202 5285 3434 5343 Possino
3466 5291 3696 5357 editum,

2118 5388 2222 5427 nec
2264 5387 2372 5427 non
2408 5372 2718 5427 Combelisii
2750 5373 3044 5429 Auctuario
3074 5375 3216 5432 Bibl.
3254 5377 3480 5433 Patrum
3518 5382 3699 5438 inser-

2119 5474 2256 5531 tum,
2290 5481 2413 5520 cum
2444 5464 2646 5520 Leonis
2675 5465 2855 5520 Allatii
2906 5467 3141 5523 diatriba
3186 5471 3250 5525 de
3278 5470 3594 5539 Met/radiis;
3627 5475 3695 5530 4ο

2116 5557 2329 5612 Claudii
2375 5555 2629 5612 Salmasii
2663 5556 3085 5613 Commentarios
3131 5563 3405 5617 inchoatus
3436 5567 3489 5617 in
3519 5568 3695 5621 Arna-

2117 5649 2258 5702 bium
2313 5664 2379 5703 ex
2426 5651 2740 5720 apographo
2770 5650 3019 5706 Gudiano
3063 5652 3273 5717 editus;
3330 5655 3394 5709 5'
3420 5657 3553 5711 Acta
3588 5660 3694 5713 Ar-

2116 5739 2313 5806 chelai,
2347 5740 2588 5810 episcopi
2607 5740 3010 5811 Mesopotamia:
3040 5758 3163 5798 cum
3191 5744 3400 5800 Mancte
3420 5787 3436 5811 ,
3470 5763 3536 5801 ex
3571 5750 3690 5802 edi-

2116 5831 2263 5887 tione
2289 5830 2456 5888 Laur.
2487 5832 2782 5891 Alexandri
2812 5833 3099 5905 Zaccagnii
3122 5879 3137 5903 ,
3174 5838 3374 5908 quibus
3406 5839 3691 5909 sulijungi—
