3986 6358
226 362 323 420 889

1208 365 1297 421 DE
1328 363 1492 419 VITA
1521 363 1608 418 ET
1647 363 1963 421 SCRIPTIS
2002 364 2060 420 S.
2102 360 2485 423 HlPPOLYTl.

3278 373 3463 428 ’590

221 492 309 538 tur
351 480 565 538 Ludov.
609 485 809 540 Anton.
862 484 1139 541 Muratorii
1182 487 1492 559 disquisitio
1533 489 1586 542 in
1618 488 1793 543 Mani-
1823 498 1869 550 Α
1898 490 2131 559 phania;
2183 491 2247 545 5°
2291 493 2537 562 sequitur
2587 490 2659 547 De
2702 492 3109 548 charismatibus
3169 495 3464 564 apostolica

215 576 490 630 chteorum
538 579 1061 647 auathematismos;
1112 580 1176 635 6°
1207 579 1262 635 S.
1290 581 1553 651 Pamphili
1587 592 1790 653 marty-

216 669 295 722 ris
313 666 593 737 Expositio
610 670 843 739 capitum
865 670 1088 725 Actuum
1112 673 1539 742 apostolicorum,
1559 690 1588 727 a
1606 673 1790 728 Mont—

212 758 468 813 fauconio
498 770 555 813 et
585 758 890 830 Zaccagnio
917 761 1082 826 edita,
1131 763 1219 817 cui
1249 776 1302 819 et
1333 765 1453 818 aliae
1498 765 1787 835 κεφαλαιο-

212 848 429 919 μέτριαι
463 850 714 919 ejusdem
739 851 862 906 libri
907 853 1045 908 sacri
1076 852 1505 925 subjunguntur;
1561 856 1625 909 7°
1655 859 1788 912 Acta

212 939 480 1008 passionis
537 941 600 996 S.
647 940 915 1012 Pamphili
959 946 1213 1015 martyris
1262 962 1325 1001 ex
1372 946 1529 1001 libris
1569 946 1787 1004 Eusebii

202 1030 567 1088 Casariensis
609 1034 677 1089 de
706 1034 853 1090 illius
878 1033 1021 1103 Vita,
1068 1053 1192 1092 cum
1220 1040 1363 1094 notis
1392 1039 1745 1111 Papebrochii
1769 1059 1784 1109 ;

205 1122 272 1177 8°
302 1123 553 1195 Gregorii
597 1124 987 1200 Thaumaturgi
1024 1128 1298 1200 Expositio
1324 1133 1470 1211 ﬁdei.

275 1213 557 1270 Iudicium
577 1216 836 1275 Ceillierii
856 1220 920 1276 de
939 1222 1038 1276 hac
1065 1224 1676 1301 editione—Cancrum,
1696 1227 1777 1282 ob—

202 1318 457 1364 servante
491 1311 803 1368 clarissimo
830 1314 1075 1387 Remigio
1104 1317 1374 1373 Ceillierio
1403 1319 1534 1391 (58),
1569 1322 1785 1377 laudata

201 1402 438 1459 Fabricii
455 1420 689 1475 operum
709 1405 1150 1481 Hippolyteorum
1168 1411 1334 1467 editio
1349 1426 1457 1466 non
1473 1414 1608 1469 satis
1628 1414 1784 1469 nobis

197 1506 383 1551 exacta
403 1498 648 1554 videtur.
666 1498 852 1572 Neque
867 1502 1010 1557 enim
1031 1504 1320 1573 perdoctus
1345 1504 1521 1560 editor
1535 1507 1779 1561 ordinem

198 1595 507 1656 temporum
561 1606 740 1662 neque
784 1594 1136 1648 materiarum
1186 1606 1435 1651 accurate
1476 1599 1784 1657 observavit

196 1680 246 1733 in
284 1683 651 1739 recensendis
698 1685 818 1755 ejus
857 1686 1107 1756 scriptis;
1162 1696 1323 1758 atque
1357 1691 1663 1751 verosimile
1698 1701 1783 1748 est

193 1777 333 1845 quod
362 1793 431 1831 ea
465 1779 710 1849 imprimi
742 1783 1032 1850 curaverit,
1061 1792 1225 1852 prout
1244 1798 1306 1839 ea
1334 1788 1778 1858 receperiteique

192 1869 245 1922 in
284 1885 493 1926 manus
547 1872 860 1929 inciderint.
917 1873 1043 1931 Ilaec
1093 1886 1275 1933 tamen
1314 1878 1434 1933 laus
1478 1880 1548 1934 cl.
1582 1879 1774 1936 Fabri-

190 1961 271 2015 cio
291 1960 554 2030 debetur,
606 1966 753 2035 quod
798 1966 853 2021 in
897 1969 1199 2040 colligenda
1229 1969 1657 2041 fragmentorum
1684 1989 1776 2029 co-

197 2056 275 2124 pia
304 2057 650 2128 scriptorum
682 2059 849 2131 hujus
880 2060 1059 2117 Patris
1082 2063 1226 2119 haud
1251 2064 1536 2122 infeliciter
1562 2067 1776 2124 labora—

192 2149 339 2215 verit,
384 2165 521 2221 qute
566 2151 622 2206 in
671 2161 910 2208 veterum
938 2165 1219 2211 auctorum
1248 2159 1526 2228 operibus,
1558 2161 1612 2216 in
1645 2178 1776 2217 con-

195 2243 443 2297 ciliorum
485 2243 667 2308 Actis,
721 2253 778 2300 et
824 2246 878 2300 in
922 2247 1373 2304 bibliothecarum
1424 2249 1770 2321 Parisiensis,

194 2334 501 2391 Germaniae
530 2347 588 2393 et
619 2336 917 2394 Britanniae
960 2341 1174 2412 angulis
1199 2343 1440 2413 dispersa
1480 2345 1721 2403 latebant
1755 2365 1768 2400 :

191 2430 325 2499 quod
355 2446 427 2485 ex
461 2430 536 2486 iis
564 2430 815 2501 quaedam
847 2449 877 2487 e
901 2432 1089 2489 Graeco
1127 2434 1180 2490 in
1214 2435 1465 2493 Latinum
1514 2439 1772 2497 traduxe—

190 2521 284 2587 rit,
335 2522 613 2591 plurimis
655 2524 1127 2582 observationibus
1177 2530 1411 2585 maxime
1460 2547 1772 2601 peraccom-

186 2615 357 2670 modis
391 2624 517 2670 tum
573 2617 641 2672 ad
694 2626 898 2673 textum
953 2619 1359 2676 dilucitlandum
1382 2662 1396 2686 ,
1424 2634 1537 2678 tum
1577 2626 1642 2680 ad
1674 2627 1771 2683 do—

171 2707 367 2763 ctrina:
396 2708 589 2778 capita
622 2709 929 2774 enodanda,
985 2726 1106 2780 qua:
1134 2712 1308 2781 prima
1340 2714 1518 2771 fronte
1542 2716 1770 2774 lectores

180 2794 472 2864 perplexas
505 2794 741 2849 reddere
769 2806 1009 2865 possent,
1043 2796 1416 2854 illustraverit.

249 2886 441 2940 Editia
496 2885 801 2941 Gallandii.
838 2919 906 2928 —
942 2888 1099 2943 Anno
1146 2889 1304 2956 1766,
1356 2892 1768 2961 vir-perdoctus

177 2980 428 3033 Andreas
459 2976 787 3035 Gallandius
818 2977 1087 3052 Hippolyti
1127 2980 1299 3051 Opera
1333 2982 1387 3035 in
1410 2983 1651 3037 ordinem
1686 2983 1768 3037 di—

168 3080 350 3143 gesta,
403 3070 668 3142 duasque
711 3073 768 3127 in
811 3084 993 3142 partes
1028 3074 1250 3143 tributa,
1292 3090 1484 3132 rursus
1508 3077 1560 3130 in
1592 3077 1765 3132 lucem

1894 584 2130 639 traditio.
2189 583 2387 640 Ultimo
2438 588 2652 641 tandem
2704 588 2826 644 loco
2883 589 3097 645 sistitur
3147 587 3328 644 Conon
3366 607 3449 660 pa-

1890 676 2082 730 schalis
2135 676 2321 732 Graece
2360 694 2424 733 ac
2473 677 2701 745 Latine,
2758 679 3050 750 interprete
3090 682 3461 738 eruditissimo

1888 766 2185 823 Francisco
2235 767 2576 836 Blanchinio,
2607 770 2860 841 notisque
2883 772 3083 841 Egidii
3117 771 3371 828 Bucherii
3397 773 3446 828 il-

1888 858 2175 916 lustratus.

1956 952 2096 1006 Alite
2125 951 2377 1008 editiones
2422 956 2774 1025 quorumdam
2815 954 3183 1025 opusculorum
3227 954 3285 1012 S.
3322 955 3457 1025 Hip-

1885 1043 2074 1112 polyti.
2132 1043 2313 1099 Editio
2354 1045 2503 1116 Cycli
2547 1045 2834 1115 paschalis.
2865 1077 2935 1088 --
2968 1044 3235 1101 Caeterum
3302 1062 3457 1102 novae

1885 1136 2138 1193 editionis
2178 1154 2402 1208 operum
2430 1138 2486 1192 S.
2515 1136 2784 1208 Hippolyti
2815 1154 2965 1208 spem
3017 1138 3145 1193 fecit
3194 1154 3246 1194 v.
3276 1139 3345 1195 cl.
3401 1138 3452 1195 J.

1885 1228 2029 1284 Guil.
2078 1228 2249 1285 Janus
2294 1231 2538 1285 historia:
2586 1231 2641 1285 in
2672 1230 2947 1285 academia
2998 1229 3455 1302 Wittenbergensi

1884 1320 2200 1390 professor,
2232 1324 2286 1377 in
2341 1324 2495 1393 cujus
2542 1323 2795 1378 manibus
2822 1322 3043 1378 fuerttnt
3088 1324 3300 1379 schedae
3335 1323 3456 1378 Mil-

1884 1413 2062 1480 liante,
2091 1429 2212 1484 qua:
2240 1431 2365 1469 cum
2397 1416 2656 1470 nonnulla
2688 1416 2866 1470 adhuc
2890 1416 3091 1470 inedita
3128 1417 3455 1485 complecte-

1885 1514 1992 1571 tur,
2025 1517 2139 1561 tum
2172 1508 2275 1561 alia
2320 1524 2386 1562 ex
2431 1508 2593 1562 unius
2635 1517 2843 1562 tantum
2886 1508 3092 1563 codicis
3139 1509 3453 1579 apograplio

1882 1599 2046 1666 edita,
2076 1615 2197 1653 cum
2225 1599 2471 1668 pluribus
2492 1600 2731 1654 melioris
2762 1609 2906 1654 notae
2939 1615 3042 1654 ms.
3068 1599 3284 1664 collata,
3312 1600 3453 1654 mul-

1881 1690 2060 1758 iisque
2107 1689 2352 1757 partibus
2406 1688 2776 1742 etnendatiora
2830 1686 3136 1751 exhibebit,
3190 1686 3285 1752 iis,
3330 1701 3452 1757 quae

1881 1790 2065 1850 aperte
2111 1779 2398 1849 Hippolyto
2445 1781 2724 1850 supposita
2770 1788 2928 1845 sunt,
2975 1780 3306 1851 segregatis,
3355 1786 3452 1833 aut

1878 1875 2069 1930 saltem
2112 1872 2427 1928 distinctis:
2483 1871 2847 1941 quorumdam
2898 1872 3060 1926 etiam
3110 1886 3282 1925 novas
3327 1885 3449 1925 ver-

1876 1969 2061 2023 siones
2078 1967 2232 2037 juxta
2259 1966 2575 2019 relationem
2602 1965 2653 2018 in
2673 1964 2823 2020 Actis
2842 1964 3180 2019 eruditorum
3200 1963 3450 2033 Lipsien-

1876 2060 2030 2114 sibus
2070 2057 2226 2124 1718,
2264 2073 2386 2127 pag.
2436 2057 2563 2123 444,
2609 2056 2867 2111 daturum
2919 2070 2979 2109 se
3022 2055 3294 2124 promisit.
3336 2054 3447 2127 ﬁed

1874 2151 2205 2221 promissum
2275 2165 2384 2203 non
2460 2149 2713 2204 exsolvit.
2783 2148 3089 2217 Antequam
3162 2145 3447 2202 Fabricius

1875 2246 2074 2314 scripta
2130 2241 2188 2298 S.
2240 2240 2511 2313 Hippolyti
2561 2258 2731 2296 unum
2774 2241 2830 2295 in
2871 2256 3071 2312 corpus
3118 2240 3445 2311 collegisset,

1873 2337 2120 2407 quietiam
2152 2336 2266 2406 jam
2315 2335 2609 2406 separatim
2660 2336 2929 2405 impressa
2977 2334 3313 2390 visebantur.
3353 2332 3446 2387 Sic

1873 2429 2065 2502 Cyclus
2117 2429 2383 2501 paschalis
2429 2429 2484 2483 in
2538 2444 2701 2499 opere
2752 2429 2897 2499 quod
2952 2428 3023 2483 cl.
3073 2427 3311 2500 Scaliger
3368 2426 3445 2482 De

1872 2524 2230 2577 emendatione
2285 2535 2575 2593 temporum
2631 2520 2865 2577 confecit
2914 2521 3213 2590 impressus
3258 2519 3445 2576 Graece

1871 2616 2111 2671 occurrit
2140 2615 2310 2680 1585,
2357 2612 2607 2668 Paris.in
2649 2613 2769 2679 fol.,
2822 2612 3072 2682 Lugduni
3117 2610 3442 2666 Batavorum

1871 2709 2044 2772 1598,
2110 2708 2348 2763 Colonia:
2412 2708 2764 2777 Allobrogum
2824 2722 2918 2762 seu
2980 2705 3210 2762 Genevae
3279 2705 3439 2762 1629.

1869 2802 1953 2857 Cl.
2003 2801 2270 2857 Gruterus
2306 2802 2361 2855 in
2402 2800 2723 2856 collectione
2766 2799 3179 2869 Inscriptionum
3223 2797 3438 2853 Heidel-

1867 2892 2046 2964 bergte
2095 2892 2235 2947 1600
2258 2893 2531 2963 evulgata,
2578 2901 2634 2948 et
2683 2907 2828 2947 anno
2863 2891 3002 2947 1707
3048 2890 3438 2947 Amstelodami

1868 2984 2232 3055 reimpressa,
2299 2986 2550 3039 eumdem
2604 2984 2823 3056 Cyclum
2892 2983 3192 3052 pose/talem
3252 2982 3437 3039 Graece

1866 3077 2180 3147 publicavit.
2232 3077 2295 3134 P.
2340 3076 2610 3133 Bucberio
2662 3077 2955 3147 interprete
2999 3075 3192 3131 Latine
3235 3076 3440 3146 prodiit

174 3164 356 3217 emisit
406 3178 514 3218 sua
546 3163 604 3216 in
635 3161 965 3218 Bibliotheca
1009 3177 1235 3219 veterum
1260 3166 1668 3233 Patrum,tomo
1697 3167 1761 3235 ll,
1790 3188 1833 3247 ο
1867 3184 2012 3224 anno
2046 3168 2204 3237 163.5,
2236 3170 2291 3224 in
2327 3169 2448 3233 fol.,
2493 3169 2841 3239 Antwerpite,
2872 3170 3011 3235 Icum
3044 3168 3437 3225 commentario

176 3251 444 3310 Venetiis.
508 3256 575 3309 1n
607 3255 712 3310 hac
749 3256 984 3311 editione
1010 3272 1133 3327 quae
1156 3259 1419 3328 ampliora
1465 3269 1610 3328 sunt,
1653 3261 1767 3316 sive

174 3347 407 3418 integra,
441 3349 569 3404 sive
597 3347 811 3415 mutila,
863 3348 1096 3419 priorem
1126 3350 1304 3405 locum
1347 3351 1620 3421 obtinent;
1668 3368 1767 3423 po-

176 3443 463 3496 steriorem
499 3457 639 3495 vero
670 3440 967 3512 fragmenta
992 3443 1197 3513 reliqua
1238 3443 1524 3501 minutiora
1551 3462 1649 3515 pro
1677 3462 1766 3501 ar-

176 3534 417 3602 gumenti
465 3532 743 3601 dignitate
782 3541 879 3587 aut
923 3533 1181 3588 varietate
1217 3533 1469 3590 discreta.
1518 3535 1763 3591 Primum

186 3625 351 3680 locum
388 3627 446 3680 in
471 3626 723 3681 editione
755 3624 1022 3681 Gallandii
1051 3626 1448 3682 Demonstratio
1478 3627 1535 3683 S.
1560 3628 1762 3699 Hippo-

191 3717 280 3789 lyti
302 3720 360 3771 de
383 3717 611 3773 Christo
635 3728 686 3772 et
716 3717 1041 3772 Amic/triste
1078 3731 1337 3789 occupat;
1382 3721 1522 3776 hanc
1565 3722 1765 3791 excipit

189 3814 505 3883 opusculum
551 3812 608 3866 in
642 3808 964 3866 Susannam.
1034 3810 1216 3867 Tertio
1261 3813 1507 3883 sequitur
1536 3813 1763 3867 Demon-

177 3907 358 3959 stratio
410 3905 676 3959 adversus
719 3903 956 3960 Iudaeos.
999 3903 1133 3960 Dein
1158 3904 1518 3977 fragmentum
1549 3905 1761 3977 insigne

174 3999 467 4069 subjicitur
493 4015 566 4054 ex
599 3998 741 4052 libro
770 3998 1018 4051 adversus
1050 3996 1280 4063 ercos,
1318 3998 1414 4068 qui
1445 3997 1761 4053 inscribitur

166 4092 436 4147 Aduersus
453 4091 746 4146 Platonem
762 4091 826 4145 de
844 4107 1006 4146 causa
1031 4092 1279 4146 universi.
1293 4090 1552 4158 Quintum
1576 4092 1756 4147 locum

169 4194 406 4256 occupat
456 4184 681 4257 egregia
732 4199 862 4240 sane
885 4183 1192 4239 lucubratio
1229 4185 1475 4239 adversus
1505 4183 1754 4240 Nectum.

171 4278 420 4336 Tandem
462 4277 916 4350 Hippolyteorum
967 4286 1173 4348 partem
1204 4278 1436 4349 primam
1460 4277 1604 4348 apud
1633 4277 1759 4333 Gal-

168 4373 423 4428 laudium
449 4372 720 4429 claudunt
736 4370 1032 4441 fragmenta
1065 4371 1398 4442 8,‘excerpta
1419 4387 1486 4426 ex
1506 4386 1757 4427 sermone

162 4467 236 4520 de
254 4466 524 4536 theologia
539 4474 590 4517 et
609 4464 974 4518 incarnatione
989 4474 1175 4518 contra
1189 4464 1453 4518 Berouem
1475 4474 1527 4518 et
1544 4462 1756 4519 Helico-

1866 3272 1920 3316 et
1957 3268 2202 3316 veterum
2237 3262 2304 3318 de
2334 3260 2392 3317 S.
2438 3260 2728 3333 Hippolyto
2763 3262 3089 3317 testimoniis
3112 3263 3166 3316 in
3191 3262 3437 3331 ejusdem

1866 3352 2119 3407 Bucherii
2168 3351 2424 3406 Doctrina
2460 3361 2770 3421 temporum.
2816 3352 3142 3407 Franciscus
3186 3351 3438 3408 Blanchi-

1865 3444 1990 3501 nius
2020 3445 2168 3500 hunc
2200 3443 2418 3514 Cyclum
2461 3453 2646 3513 postea
2679 3444 2911 3499 inseruit
2954 3444 3436 3501 dissertationibus

1864 3542 1980 3593 suis
2029 3538 2107 3593 De
2151 3538 2455 3593 calendario
2486 3547 2535 3593 et
2592 3536 2738 3608 cyclo
2786 3535 3011 3591 Iuliano
3046 3536 3234 3594 Romae
3294 3537 3436 3593 1705

1863 3631 2168 3699 impressis.

1933 3722 2207 3777 Editiones
2239 3722 2363 3776 libri
2396 3720 2460 3775 de
2501 3720 2826 3775 Antichristo
2861 3728 2911 3773 et
2942 3718 3181 3788 opusculi
3220 3722 3276 3772 in
3323 3717 3433 3775 S1-

1862 3831 2104 3868 sannam.
2139 3844 2211 3855 —
2238 3806 2769 3869 Demonstrationem
2808 3811 2881 3866 De
2931 3809 3141 3864 Christo
3190 3820 3239 3864 et
3272 3810 3434 3864 Anti-

1830 3908 2058 3975 christo
2090 3908 2297 3978 primus
2345 3907 2401 3960 in
2444 3907 2621 3962 lucem
2668 3906 2881 3969 extulit,
2922 3903 3235 3972 Graecisque
3286 3905 3432 3976 typis

1859 4002 2030 4057 edidit
2054 4000 2209 4066 1661,
2252 3999 2308 4053 in
2337 3998 2413 4066 8°,
2459 3998 2822 4068 Marquardus
2867 3995 3078 4052 Gudius
3125 3995 3428 4052 Holsatus:

1859 4094 2055 4149 deinde
2095 4107 2241 4147 anno
2268 4091 2427 4157 1672,
2459 4089 2877 4146 Caeco-Latine
2901 4089 3139 4160 vulgavit
3183 4089 3428 4144 illustra-

1858 4186 2042 4256 vitque
2061 4183 2388 4240 Franciscus
2408 4183 2770 4239 Combelisius
2795 4184 2850 4237 in
2866 4183 3120 4237 Auctario
3146 4183 3428 4237 novissimo

1857 4270 2199 4325 Bibliotheca:
2228 4270 2476 4335 Patrum,
2506 4280 2655 4325 tomo
2683 4269 2726 4336 Ι,
2758 4286 2884 4341 pag.
2910 4270 3092 4337 26-62,
3117 4269 3342 4327 Parisiis
3373 4272 3430 4326 in

1858 4365 1977 4433 fol.,
2007 4365 2192 4419 addito
2218 4364 2383 4419 etiam
2417 4365 2681 4435 opusculo
2705 4364 2759 4418 in
2792 4363 3096 4419 Susannam
3120 4381 3152 4419 a
3180 4380 3301 4436 pag.
3332 4356 3430 4421 50-

1857 4458 1947 4513 56.
1990 4456 2303 4513 Combelisi‘i
2344 4457 2527 4513 versio
2574 4456 2768 4511 Latina
2793 4456 3038 4527 quinque
3086 4465 3212 4527 post
3253 4470 3428 4512 annos

170 4573 297 4612 nem
323 4558 492 4629 (alias
522 4554 808 4623 Helicem).
834 4553 970 4610 lluic
998 4553 1313 4610 Gallandius
1335 4556 1751 4624 praecedentium
1787 4536 1831 4590 D
1860 4551 2084 4620 repetita
2115 4550 2168 4604 in
2190 4548 2518 4604 Bibliotheca
2534 4548 2654 4605 PP.
2675 4548 3029 4619 Lugdunensi
3046 4559 3179 4604 tom.
3208 4547 3301 4602 XX
3314 4547 3424 4618 VII,

166 4650 449 4704 editorum
490 4647 905 4703 observationes
934 4648 1146 4718 adjecit,
1175 4663 1351 4718 neque
1374 4657 1530 4702 notas
1546 4646 1751 4711 omisit,

166 4761 317 4817 quas
344 4742 601 4798 eruditus
633 4738 1141 4796 Sirmondianorum
1183 4741 1361 4796 editor
1410 4741 1643 4811 margini
1670 4741 1753 4795 al-

75 4898 84 4913 ,
161 4839 343 4904 levit;
393 4836 675 4891 Anastasii
724 4833 961 4888 versioni
1018 4834 1450 4889 testimoniorum
1497 4832 1754 4904 Hippoly-

158 4942 390 4987 teorum
409 4927 872 4984 Combelisianam
901 4926 1271 4982 recensionem
1300 4924 1751 4996 apposuit.atque

158 5025 417 5093 integras
448 5019 898 5090 Cappcronnierii
941 5018 1442 5074 animadversiones
1489 5017 1767 5102 subdidit:

160 5116 227 5170 In
256 5124 419 5185 parte
444 5130 485 5168 tt
518 5113 873 5168 continentur
900 5110 1108 5180 reliqua
1142 5110 1343 5179 scripta
1379 5108 1696 5180 Hippolytea
1734 5126 1746 5162 :

158 5218 222 5263 et
246 5208 309 5260 1ο
334 5213 909 5272 occurruntexcerpta
932 5202 1442 5257 Commentariorum
1471 5202 1524 5254 in
1542 5200 1749 5269 aliquot

159 5315 341 5355 sacrae
383 5296 688 5366 Scriptura:
729 5297 898 5352 libros
926 5312 956 5351 a
998 5295 1207 5351 Joanne
1246 5293 1467 5350 Alberto
1498 5293 1747 5349 Fabricio

161 5402 280 5445 tum
314 5405 349 5444 e
374 5404 481 5443 ms.
509 5387 794 5443 codicibus
823 5397 977 5443 eruta
996 5427 1012 5452 ,
1064 5398 1176 5441 tum
1202 5401 1268 5441 ex
1293 5386 1531 5456 antiquis
1555 5384 1744 5442 Eccle-

159 5484 257 5538 siae
306 5482 675 5549 scriptoribus
721 5482 963 5537 studiose
1006 5480 1260 5545 collecta;
1318 5479 1383 5532 2°
1422 5479 1749 5534 exhibentur

158 5575 318 5628 varia
380 5573 560 5641 λόγων
612 5587 708 5627 seu
771 5570 1082 5626 Sermonum
1128 5571 1586 5641 homiliarumque
1635 5571 1748 5626 fra-

160 5675 387 5738 gmenta
418 5684 433 5721 :
464 5667 642 5736 iisque
663 5664 1012 5736 praemittitur
1034 5664 1259 5719 homilia
1286 5664 1339 5717 in
1369 5672 1552 5718 sancta
1580 5664 1743 5717 Theo-

1856 4658 1980 4714 pag.
2011 4642 2118 4707 1-9,
2152 4657 2298 4697 anno
2323 4642 2533 4697 scilicet
2562 4640 2721 4696 1677.

1926 4733 2196 4787 Editiones
2228 4740 2488 4787 tractatus
2514 4733 2764 4787 adversus
2791 4730 3009 4787 Juda'os
3029 4740 3079 4787 et
3110 4731 3339 4787 ercos.
3356 4761 3429 4773 —

1855 4827 2382 4884 Demonstrationem
2411 4828 2659 4883 adversus
2706 4828 2923 4883 Judteos
2950 4870 2966 4895 ,
3000 4830 3114 4884 sive
3158 4829 3277 4898 ejus
3312 4825 3425 4881 fra-

1855 4930 2135 4991 gmentum
2182 4919 2375 4974 Latine
2427 4936 2495 4974 ex
2539 4920 2820 4976 Francisci
2872 4919 3127 4973 Turriani
3170 4919 3422 4973 versione

1857 5012 2067 5082 primus
2095 5012 2333 5082 vulgavit
2372 5010 2698 5067 Possevinus
2727 5014 2780 5066 in
2812 5013 3088 5081 Apparatu
3110 5027 3293 5078 sacro,
3327 5011 3419 5066 ubi

1855 5104 1923 5158 tle
1969 5102 2262 5174 Hippolyto
2300 5085 2550 5169 disserit,
2605 5102 2844 5157 Venetiis
2892 5101 3063 5169 1605,
3094 5110 3149 5156 et
3180 5102 3422 5158 Coloniae

1856 5196 2017 5263 1608,
2046 5198 2100 5251 in
2134 5197 2228 5251 fol.
2257 5213 2271 5263 ;
2312 5205 2360 5249 et
2390 5194 2619 5249 Carolus
2644 5193 2913 5263 Iosephus
2952 5193 3269 5250 lmbonatus
3308 5192 3424 5248 Me-

1853 5289 2186 5345 diolauensis
2226 5290 2283 5343 in
2314 5286 2646 5342 Bibliotheca
2689 5285 3177 5341 Latino-Hebraica
3230 5284 3420 5339 Romae

1855 5384 2023 5449 1694,
2049 5384 2103 5438 in
2132 5382 2249 5448 fol.,
2277 5399 2401 5453 pag.
2434 5382 2520 5437 74.
2559 5382 2945 5455 Fragmentum
2990 5382 3203 5451 insigne
3237 5379 3417 5433 adver-

1852 5496 1943 5533 sua
1977 5477 2186 5534 Graecos
2217 5486 2267 5531 et
2307 5476 2585 5530 Platonem
2619 5475 2836 5541 Graece,
2872 5485 2932 5530 ut
2978 5490 3046 5529 ex
3075 5474 3225 5529 Italia
3260 5486 3418 5525 acce-

1852 5581 2025 5641 perat,
2056 5570 2265 5640 primus
2294 5568 2461 5623 edidit
2507 5566 2678 5623 David
2714 5566 3056 5623 Hmschelius
3087 5567 3139 5621 in
3174 5565 3318 5620 notis
3350 5565 3419 5618 ad

1852 5661 2104 5719 Photium
2132 5677 2255 5732 pag.
2285 5662 2686 5734 9'23,Augustte
2721 5659 3124 5717 Viudelicorum
3155 5657 3317 5728 1601,
3359 5657 3419 5715 in

231 5827 351 5899 (58)
394 5826 551 5883 Remi
585 5824 828 5894 Ceillier,
884 5823 1120 5880 Histoire
1164 5826 1336 5896 génér.
1383 5830 1475 5881 des
1529 5834 1763 5892 auteurs,
1796 5833 1931 5881 tom.
1958 5824 2023 5894 ll,
2057 5840 2177 5895 pag.
2212 5822 2335 5879 572.
