3986 6358
585 329 686 387 ssi
1559 319 1651 375 nn
1683 318 1853 376 VlTA
1890 317 1979 373 ET
2020 313 2333 372 seruans
2371 315 2432 371 s.
2473 312 2864 370 HlPPOLYTl.
3245 323 3253 344 ι
3693 315 3778 370 ωε

587 447 720 515 fol.,
754 455 810 504 et
839 454 1092 502 re'cusum
1134 443 1364 501 Genevae
1393 441 1566 509 1615,
1610 441 1936 512 Rothomagi
1979 438 2148 503 1635,
2181 440 2224 499 Δ
2256 435 2397 491 riani
2453 435 2706 491 versione
2770 433 2981 505 primus
3023 431 3262 506 vulgavit
3301 433 3542 495 Canisius
3590 447 3704 497 tom.
3740 443 3775 498 ν

586 540 641 595 in
663 539 980 596 fol.Dcinde
1005 555 1129 594 cum
1162 553 1262 594 sua
1284 537 1534 593 versione
1563 535 1874 607 Stephanus
1899 536 1950 590 le
1970 533 2164 606 Moyne
2265 530 2616 599 Antiquarum
2646 527 2956 592 lectionum,
2990 541 3114 596 pag.
3148 525 3272 593 154,
3311 525 3605 598 lngolstadii
3642 535 3773 606 16M,

588 628 644 684 in
679 629 855 685 Variis
886 631 1076 696 s'acris,
1106 645 1230 702 pag.
1253 630 1344 696 55,
1371 628 1620 700 Lugduni
1649 627 1976 682 Batavorum
2001 623 2161 689 1685,
2265 623 2319 678 in
2359 625 2434 679 4ο.
2469 623 2596 680 Haec
2630 623 2931 694 fragmenta
2972 637 3099 678 cum
3133 621 3323 677 eadem
3367 626 3602 683 versione
3626 629 3671 684 in
3706 631 3780 686 Bi-

594 724 754 790 1694,
789 724 842 776 in
869 723 944 777 4ο.
968 721 1103 777 Cum
1133 723 1319 776 eadem
1339 719 1781 790 interpretatione
1811 718 1974 773 etiam
2003 730 2164 771 recuo
2265 714 2538 770 bliothecis
2570 714 2669 770 SS.
2706 714 2930 768 Patrum
2971 712 3321 777 Coloniensi,
3356 712 3707 785 Lugdunensi,
3740 732 3781 777 et

600 815 837 870 dendum
897 814 1045 869 dedit
1085 812 1134 867 J.
1172 813 1424 867 Albertus
1459 809 1741 864 Fabricius
1780 809 1832 863 in
1869 805 2166 877 appendice
2265 805 2491 863 Parisiis
2519 806 2651 860 1654
2677 806 3006 876 reimpressa
3036 803 3276 859 fuerunt.
3304 805 3497 861 Eadem
3525 808 3780 880 fragmenta

591 909 656 964 ad
685 923 848 977 opera
876 905 1313 978 Josephiludaei,
1342 905 1541 976 Lipsia:
1565 903 1722 968 1691,
1749 902 1802 956 in
1827 900 1922 956 fol.
2268 896 2462 953 Latine
2522 897 2731 968 pridem
2800 897 2962 951 vertit
3018 895 3344 952 Anastasius
3407 900 3780 969 apocrisiarius,

640 1000 1192 1056 Editionestroctotus
1212 996 2167 1061 odt'ersuslueresinNoeti,etcontra
2267 986 2433 1058 inque
2480 986 2830 1042 Collectaneis
2882 986 3161 1042 Anastasii
3210 985 3600 1046 Bibliothecarii
3649 982 3781 1051 edidit

591 1094 844 1150 Beronem
886 1104 934 1147 et
968 1093 1297 1147 llelicem.—
1327 1091 1712 1162 Fragmentum
1744 1087 1821 1142 De
1850 1087 1957 1141 Deo
1982 1103 2086 1141 uno
2115 1096 2165 1140 et
2267 1079 2494 1136 Parisiis
2520 1081 2678 1145 1620,
2713 1081 2766 1135 in
2803 1080 2881 1148 8°,
2909 1078 3257 1148 Sirmondus,
3293 1081 3485 1138 additis
3515 1099 3543 1138 e
3573 1083 3781 1141 Tun-iani

595 1188 768 1250 trino,
795 1196 842 1240 et
883 1186 946 1240 de
987 1187 1233 1255 mysterio
1285 1183 1668 1240 incarnationis
1709 1191 1896 1236 contra
1945 1180 2167 1235 hwrcsin
2269 1174 2455 1230 codice
2479 1172 2704 1240 Graecis,
2741 1184 2906 1244 atque
2937 1173 3009 1228 ita
3042 1172 3230 1228 Graec
3275 1189 3337 1227 ac
3369 1172 3548 1230 Latine
3574 1176 3784 1255 leguntur

597 1276 758 1331 Nocti
802 1278 903 1332 sub
961 1254 1198 1332 homilim
1245 1276 1466 1332 nomine
1515 1275 1710 1329 Latine
1753 1273 1920 1328 edidit
1961 1287 2028 1326 ex
2071 1285 2170 1326 sua
2269 1268 2430 1323 etiam
2461 1268 2514 1321 in
2557 1276 2694 1322 tom.
2738 1266 2807 1320 Ill
2842 1265 3081 1338 Operum
3115 1265 3390 1321 Sirmondi
3424 1254 3780 1338 Parisiisl696,

591 1369 844 1424 versione
887 1367 1162 1424 Gerardus
1195 1365 1423 1422 Vossius
1465 1362 1824 1435 Tungrensis,
1867 1361 1935 1416 ad
1967 1361 2170 1416 calcem
2271 1362 2325 1416 in
2360 1361 2478 1427 fol.,
2519 1376 2641 1430 pag.
2675 1359 2806 1416 585.
2857 1358 3041 1415 Grzece
3090 1360 3221 1414 item
3270 1368 3325 1415 et
3378 1359 3557 1416 Latine
3591 1362 3783 1433 Operum

595 1458 842 1532 Gregorii
869 1459 1288 1530 Thaumaturgi,
1315 1457 1629 1526 Moguntina,
1653 1454 1812 1519 1601,
1846 1453 1902 1508 in
1925 1453 2002 1518 4°,
2029 1451 2171 1506 notis
2272 1453 2447 1508 sancti
2471 1451 2693 1507 Maximi
2719 1459 2850 1506 tom.
2885 1450 2907 1503 l
2947 1450 3232 1520 prmmissa
3266 1450 3433 1506 edidit
3458 1452 3783 1522 Comhelisius,

596 1553 759 1606 etiam
793 1553 1050 1621 subjectis
1091 1569 1120 1605 τι
1156 1568 1276 1622 pag.
1314 1549 1502 1604 58-68.
1549 1548 1667 1615 Qua
1714 1563 1846 1602 vero
1897 1545 1965 1601 de
2006 1559 2171 1600 causa
2274 1547 2367 1617 qui
2392 1545 2735 1600 etAuastasii
2759 1543 3067 1599 versionem
3099 1545 3397 1598 recensuit.
3421 1543 3604 1599 Eadem
3631 1547 3784 1601 exinde

597 1658 722 1697 cum
749 1642 1004 1712 operibus
1029 1641 1086 1695 S.
1115 1640 1359 1711 Gregorii
1388 1637 1779 1708 Thaumaturgi
1803 1636 1892 1692 hic
1912 1644 2174 1690 tractatus
2275 1638 2329 1692 in
2370 1653 2528 1692 suum
2575 1635 2924 1707 Hippolytum
2958 1635 3236 1690 transtulit
3267 1635 3558 1692 Fabricius.
3586 1636 3784 1694 Posthac

597 1731 823 1786 Parisiis
852 1731 989 1785 1622
1015 1731 1378 1800 rcimpressus
1429 1743 1536 1782 non
1582 1727 1780 1790 fuerit,
1836 1727 2169 1797 ignoramus.
2202 1791 2241 1800 _
2274 1744 2341 1784 ex
2369 1728 2679 1800 Cpmbelisii
2705 1728 2943 1782 editione
2975 1726 3161 1782 Graeca
3192 1727 3493 1797 desumpsit
3517 1727 3784 1800 Basnagius,

598 1823 756 1877 Anno
791 1832 968 1876 tamen
1001 1791 1223 1876 lGlSin
1255 1820 1585 1874 Bibliotheca
1608 1818 1830 1872 Patrum
1858 1791 2171 1873 Coloniensi
2202 1791 2245 1846 Β
2276 1837 2339 1877 ac
2361 1792 2616 1876 Turriaui
2653 1820 2892 1876 versioni
2923 1819 3174 1889 adjunxit
3194 1828 3329 1874 tom.
3363 1791 3784 1875 I-Thesauriéani;

601 1914 718 1968 sine
751 1915 894 1968 notis
923 1914 1140 1983 prodiit,
1174 1927 1227 1967 et
1260 1912 1511 1983 Lugduni
1546 1912 1703 1977 l677,
1734 1923 1868 1966 tom.
1909 1909 1994 1978 lll,
2027 1919 2081 1965 et
2116 1911 2171 1965 in
2277 1913 2445 1981 siani;
2507 1911 2574 1967 ad
2621 1912 2780 1982 cujus
2828 1912 3031 1968 calcem
3092 1922 3356 1984 praeterea
3407 1929 3460 1966 v.
3507 1912 3570 1966 cl.
3615 1911 3783 1967 Claudii

599 2006 974 2075 supplemento
1008 2005 1320 2060 Morelliano
1355 2004 1528 2058 Paris.
1552 2003 1711 2067 1659,
1744 2012 1878 2058 ιοω.
1904 2002 2018 2073 l,p.
2044 2003 2166 2057 620.
2277 2005 2726 2075 Capperonnierii
2775 2006 3280 2062 animadversiones
3317 2008 3368 2061 in
3412 2006 3660 2061 Anastasii
3695 2022 3785 2060 ver-

614 2094 939 2165 Fragmenta
973 2106 1096 2150 octo
1137 2097 1201 2148 de
1231 2095 1489 2166 theologia
1517 2105 1568 2150 et
1597 2097 1958 2149 incarnatione
1987 2096 2164 2149 adver-
2278 2097 2487 2152 sionem
2527 2112 2652 2151 cum
2697 2099 2902 2152 Graecis
2951 2099 3206 2154 collatam
3257 2099 3452 2169 adjecit
3499 2113 3628 2154 anno
3652 2097 3784 2164 1725,

605 2201 697 2240 sua
720 2185 978 2239 Beronem
1001 2195 1051 2239 et
1079 2185 1314 2240 Helicem
1358 2186 1662 2253 han-eticos,
1715 2185 1904 2242 Latine
1932 2202 1998 2241 ex
2031 2185 2171 2240 Tur-
2280 2189 2673 2246 Amstelodanii
2709 2190 2762 2244 in
2794 2189 2944 2246 folio.

603 2437 722 2500 DE
775 2437 1191 2503 ΑΝΟΝΥΜΟ
1247 2439 1670 2504 CHRONICI
1722 2439 2112 2504 AUCTORE
2160 2443 2315 2506 SUB
2375 2443 2885 2506 ALEXANDRO
2930 2442 3262 2505 SEVERO
3319 2440 3782 2507 CONSCRIPTI.

1237 2567 1430 2629 Varia
1464 2569 1871 2632 eruditorum
1916 2568 2152 2648 placita
2207 2571 2291 2634 de
2349 2571 2549 2652 hujus
2581 2570 2882 2634 Chronici
2931 2582 3215 2634 auctore.

673 2693 822 2750 Inter
849 2696 1022 2765 Opera
1052 2694 1111 2749 S.
1143 2684 1418 2767 Hippolyti
1449 2696 1689 2767 episcopi
1719 2705 1775 2751 et
1804 2696 2082 2767 martyris,
2112 2697 2181 2754 de
2287 2713 2406 2752 rum
2439 2697 2672 2768 primus.
2702 2694 3253 2752 Occurrebati'dolort
3283 2703 3468 2749 nostro
3492 2693 3568 2748 vir
3587 2690 3784 2747 doctissi-

604 2787 804 2858 quibus
840 2788 1122 2858 hucusque
1150 2788 1545 2853 disseruimus,
1585 2790 1836 2844 nonnulli
1881 2791 1986 2844 viri
2030 2790 2180 2846 docti
2280 2805 2404 2845 mus
2429 2790 2684 2845 dominus
2729 2788 2810 2842 Du
2843 2788 3027 2859 Cange
3069 2788 3122 2841 in
3153 2797 3427 2858 postrema
3463 2785 3674 2840 editione
3700 2782 3782 2836 Pa-

605 2884 1000 2936 rccensendum
1035 2879 1420 2936 existimarunt
1448 2889 1502 2936 et
1530 2881 1822 2936 Chronicon
1855 2883 2015 2950 illud,
2035 2886 2182 2956 quod
2283 2883 2477 2937 scholis
2505 2883 2752 2938 Chronici
2771 2899 2790 2947 ;
2819 2882 2911 2936 ubi
2935 2883 3002 2936 de
3032 2879 3309 2952 Hippolyti
3337 2879 3557 2944 Conone,
3591 2886 3638 2932 et
3666 2873 3784 2931 Coin-

605 2989 934 3044 anonymus,
970 2973 1062 3043 qui
1099 2977 1201 3028 sub
1237 2975 1498 3031 extremis
1539 2974 1832 3031 Alexandri
1865 2975 2050 3032 Severi
2081 2979 2185 3033 im-
2290 2975 2545 3031 mentorio
2571 2975 2795 3030 Paschw
2822 2975 3056 3044 plurima
3077 2988 3202 3028 cum
3224 2973 3551 3029 disseruerat
3574 2969 3783 3032 solidiori,

607 3065 875 3135 peratoris
901 3066 1238 3134 temporibus
1261 3065 1465 3132 lloruit,
1489 3065 1749 3123 Africano
1774 3083 2012 3136 coaevus,
2035 3071 2179 3125 circa
2285 3083 2394 3137 qua
2426 3068 2611 3138 pollet,
2646 3068 2953 3122 eruditione
2999 3067 3052 3120 in
3087 3065 3240 3120 omni
3290 3080 3482 3135 genere
3522 3065 3787 3125 litterarum,

602 3155 811 3211 Christi
858 3171 1063 3210 annum
1107 3156 1234 3222 9.56,
1287 3158 1574 3227 scripsisse
1619 3162 1970 3230 comperitur.
2028 3161 2180 3218 Hanc
2285 3155 2437 3210 visus
2458 3165 2541 3210 est
2569 3156 2807 3225 aliquam
2833 3155 2890 3209 in
2921 3169 3073 3224 spem
3105 3170 3206 3210 nos
3239 3155 3504 3210 adducere
3547 3154 3657 3208 libri
3687 3151 3787 3220 Hip-

608 3249 932 3305 senteutiam
969 3263 1080 3318 prae
1119 3249 1330 3304 caeteris
1377 3258 1460 3304 est
1513 3251 1797 3320 amplexus
1839 3268 1894 3307 v.
1924 3254 1993 3310 cl.
2037 3253 2180 3309 Cau~
2286 3247 2485 3318 polytei
2543 3245 2850 3316 reperiunt“
2898 3246 2951 3300 in
3000 3254 3218 3302 vetusto
3271 3246 3364 3300 illo
3413 3245 3613 3309 codice.
3667 3257 3787 3312 quem

608 3338 733 3410 gius
762 3338 896 3408 (59).
935 3337 1039 3393 Sed
1065 3339 1120 3393 in
1149 3340 1313 3394 aliam
1352 3340 1604 3396 abierunt
1629 3340 1962 3400 Pearsonius
1987 3344 2096 3417 (60)
2129 3353 2182 3401 et
2210 3321 2255 3384 C
2285 3334 2540 3392 Cauisius
2566 3338 2918 3407 Antiquarum
2948 3336 3234 3390 lectionum
3259 3346 3390 3391 tom.
3417 3334 3503 3402 Ill,
3523 3343 3571 3388 et
3594 3333 3788 3387 Labbeus

609 3429 1082 3500 Dodwellus(61):
1113 3445 1347 3500 quorum
1380 3432 1653 3501 posterior
1692 3447 2049 3506 anonymum,
2073 3452 2182 3506 quo
2287 3428 2342 3483 in
2375 3429 2551 3499 primo
2580 3428 2923 3484 Bibliotheca
2949 3423 3436 3498 manuscriptorum
3463 3426 3658 3496 publico
3683 3424 3789 3478 bono

610 3519 680 3574 de
717 3520 954 3590 agimus.
989 3520 1278 3590 scripsisse
1303 3522 1493 3577 statuit
1522 3523 1714 3592 paucis
1761 3534 1888 3594 post
1930 3525 2185 3599 llippoly-
2286 3521 2342 3575 in
2385 3521 2561 3576 lucem
2608 3520 3308 3591 protulerant.'Adoruavit
3347 3537 3472 3576 vero
3521 3525 3664 3579 etiam
3706 3523 3789 3589 ipse

611 3620 728 3665 tum
755 3611 948 3677 annis;
985 3626 1109 3666 cum
1151 3612 1289 3668 alias
1341 3623 1566 3670 sanctus
1599 3614 1702 3670 iste
1731 3627 1937 3688 martyr
1979 3627 2031 3672 et
2065 3621 2183 3689 epi-
2287 3629 2336 3666 ν.
2358 3614 2428 3669 cl.
2455 3613 2667 3668 tertiam
2704 3613 2948 3683 ejusdem
2979 3616 3224 3683 opusculi
3259 3617 3564 3684 editionem,
3597 3631 3721 3671 num.
3743 3607 3789 3665 IV

613 3719 813 3774 scopus
871 3705 1052 3774 primo
1121 3704 1368 3776 ejusdem
1434 3705 1731 3764 Alexandri
1786 3708 1974 3765 Severi
2039 3727 2184 3768 anno
2285 3706 2342 3758 iu
2381 3704 2600 3760 Selectis
2633 3707 2701 3759 ad
2737 3706 3117 3760 illustrandum
3155 3707 3479 3777 Chronicon,
3521 3711 3650 3779 quod
3673 3720 3791 3777 para-

613 3799 833 3870 Cyclum
863 3815 1026 3854 suum
1052 3801 1341 3857 inchoasse
1364 3813 1641 3861 noscatur.
1663 3803 1954 3873 Caeterum,
1985 3807 2182 3877 inquit,
2286 3797 2409 3852 bat:
2440 3798 2597 3868 cuius
2624 3798 2840 3852 titulum
2871 3799 2925 3852 in
2970 3799 3213 3855 indicuio
3250 3800 3464 3856 Seleclis
3495 3800 3713 3871 praeﬁxo.
3743 3811 3790 3850 ει

612 3895 784 3949 multa
829 3903 1015 3950 noster
1043 3909 1350 3967 anonynius
1382 3897 1565 3964 habet,
1612 3914 1734 3968 quae
1763 3914 1887 3953 cum
1923 3899 2187 3971 hypothe-
2289 3890 2528 3960 amiQUiS
2572 3890 2905 3946 membranis
2960 3907 3087 3946 cum
3141 3893 3397 3949 redderet
3442 3911 3558 3965 pag.
3601 3892 3712 3955 405.
3739 3892 3790 3942 ita

614 3987 767 4042 sibus
801 3984 1077 4058 Hippolyti
1123 3988 1530 4060 chronologicis
1559 3989 1614 4044 in
1658 3991 1903 4060 ejusdem
1948 3992 2185 4061 paschali
2289 3983 2749 4038 rommeudavit:
2793 3985 2886 4041 ιν.
2953 3987 3117 4042 Liber
3172 3987 3530 4055 generationis
3578 3985 3638 4039 ab
3661 3983 3792 4066 Atiam

614 4077 824 4132 Conone
873 4078 1177 4134 observatis
1227 4081 1541 4136 consentire
1591 4081 1900 4149 videantur,
1957 4097 2188 4153 quaeque
2302 4089 2472 4145 usque
2538 4075 2604 4131 ad
2659 4075 2926 4140 Ordinem.
2957 4090 3081 4145 quae
3114 4077 3238 4149 (sic)
3269 4079 3600 4135 continentur
3634 4076 3678 4129 in
3718 4073 3792 4126 hoc

615 4167 753 4222 adeo
801 4165 1089 4239 Hippolyto
1138 4184 1473 4240 anonymum
1523 4169 1777 4226 debuisse
1845 4171 1929 4226 fas
1985 4182 2069 4228 est
2129 4182 2190 4228 ut
2301 4164 2471 4220 libro.
2550 4167 2694 4237 Opus
2760 4169 2900 4239 quod
2955 4168 3248 4241 Hippolyto
3315 4171 3586 4225 Parmensi
3643 4164 3793 4221 ascribi

617 4257 980 4326 suspicemur.
1006 4261 1250 4324 Quorum
1302 4261 1522 4331 quidem
1570 4263 1813 4317 virorum
1848 4263 2188 4319 eruditorum
2291 4274 2441 4327 posse
2479 4259 2728 4314 duximus
2768 4262 2824 4314 in
2864 4261 3178 4330 praefatione
3221 4281 3242 4320 :
3279 4279 3344 4319 ea:
3394 4265 3604 4320 editione
3626 4255 3793 4314 Ilrnriti

617 4350 901 4407 sententiae
932 4351 1020 4404 illa
1053 4350 1107 4405 in
1150 4353 1346 4422 primis
1376 4367 1476 4408 nos
1512 4363 1712 4424 cogunt
1749 4357 2030 4422 accedere,
2066 4372 2188 4426 qua:
2294 4350 2503 4404 Canisii
2522 4393 2538 4418 ,
2580 4360 2628 4405 et
2659 4351 2895 4422 Philippi
2936 4352 3132 4408 Labbei
3172 4357 3242 4408 ad
3281 4356 3435 4425 ﬁdem
3471 4355 3643 4408 codicis
3677 4347 3795 4403 colle-

619 4440 724 4498 bac
755 4441 822 4497 de
853 4457 912 4496 re
938 4443 1194 4512 prteclare
1238 4445 1373 4500 satis
1399 4444 1695 4500 edisseruit
1737 4445 1965 4502 illustris
1991 4449 2190 4519 praesul
2293 4442 2366 4512 9ῖί
2418 4458 2528 4498 80¢.
2575 4443 2703 4498 Jesu
2751 4444 3077 4500 Parisiensis
3125 4451 3465 4520 recognitum.
3511 4448 3570 4500 Et
3613 4459 3716 4499 ecce
3753 4441 3793 4493 in

621 4533 950 4592 Franciseus
979 4535 1336 4592 Blauchinius
1360 4536 1493 4608 (62).
1527 4538 1620 4594 Sic
1652 4539 1816 4610 igitur
1845 4541 1968 4597 ille:
2291 4535 2611 4607 praefatione
2633 4537 2904 4607 plurimus
2922 4547 3005 4592 est
3029 4539 3082 4592 in
3107 4540 3438 4609 conjecturis
3452 4533 3793 4608 conquirendis.

700 4647 718 4678 ι
750 4628 1252 4700 Dolebamus'quod
1293 4631 1430 4685 liber
1455 4632 1546 4686 ille
1584 4632 1938 4699 interciderit,
1979 4635 2070 4690 ubi
2105 4635 2191 4692 di-
2223 4661 2268 4716 D

2223 4661 2268 4716 Β
2298 4628 2439 4683 unde
2467 4626 2754 4699 Hippolyto
2781 4631 3031 4700 martyri,
3072 4647 3232 4700 quem
3268 4632 3603 4687 Portucusem
3625 4627 3793 4716 episcof

625 4732 863 4791 gesserat
934 4721 1258 4795 Hippolytus
1326 4725 1825 4781 demonstrationem
1898 4737 2192 4798 temporum
2224 4713 2256 4716 ⁷
2295 4737 2425 4792 pum
2464 4737 2532 4776 ex
2593 4736 2673 4776 Yil
2739 4722 3137 4778 SUbUl'i-iical‘iis
3171 4723 3344 4781 fuisse
3391 4731 3638 4785 θυιυιῐιθῐν
3668 4713 3794 4772 "imi

626 4809 869 4878 Paschaz,
905 4816 1343 4884 quemadmodum
1373 4819 1430 4870 in
1458 4817 1656 4871 tabula.
1687 4817 1836 4890 Opus
1864 4823 2006 4876 enim
2037 4824 2189 4890 illud,
2296 4829 2407 4885 prae
2429 4814 2643 4869 εωιθΐίε
2670 4813 2882 4868 debeai-
2911 4833 2929 4867 ι

627 4904 674 4959 si
733 4903 799 4959 ad
852 4921 953 4960 nos
1011 4907 1284 4978 integrum
1337 4912 1704 4979 pervenisset,
1748 4913 1938 4969 haberi
1977 4916 2196 4972 deberet
2375 4907 2592 4974 verum.
2619 4909 2661 4963 Si
2695 4910 2760 4963 ad
2793 4908 3139 4982 HiPPOIYlum
3161 4911 3468 4981 episcopum
3491 4914 3795 4974 Cimal‘il'm"

630 5004 753 5065 post
783 5011 968 5052 sacras
988 4998 1198 5055 litteras
1229 5005 1476 5057 omnium
1500 5005 1978 5074 pretiosissimum.
2012 5007 2196 5079 Siqui-
2299 4999 2477 5056 Conon
2515 4999 2614 5054 iste
2641 5015 2983 5056 marmoreus
3018 5001 3334 5058 referendus
3362 5013 3462 5068 est,
3508 5012 3562 5054 ut
3598 4996 3795 5052 omnium

629 5085 750 5140 dem
795 5096 920 5142 ante
961 5087 1308 5162 Hippolytum
1353 5108 1513 5147 nemo
1542 5095 1840 5166 digesserat
1887 5097 1943 5152 in
1987 5109 2193 5154 certam
2299 5093 2584 5147 doctorum
2617 5090 2898 5161 ipsiusque
2928 5093 3063 5148 adeo
3090 5092 3281 5163 Cangii
3306 5093 3553 5163 suffragio
3578 5087 3794 5144 refertur;

627 5178 861 5243 seriem,
917 5196 1016 5235 nec
1063 5183 1129 5237 ad
1178 5185 1313 5254 cycli
1365 5201 1614 5240 normam
1668 5189 1947 5259 redegerat
2010 5207 2197 5247 sacros
2301 5183 2800 5238 demonstraturum
2858 5200 2945 5239 me
2997 5200 3118 5240 esse
3166 5187 3416 5251 confido,
3473 5185 3535 5239 ad
3594 5178 3794 5235 eumdem

628 5273 857 5329 urnales
883 5290 896 5326 :
926 5273 1073 5343 quod
1103 5274 1191 5330 ille
1221 5278 1470 5345 prmstitit
1501 5277 1940 5337 Christianorum
1967 5285 2201 5354 seripto-
2302 5271 2651 5344 Hippolytum
2684 5289 2794 5328 non
2832 5274 3106 5345 pertinere
3134 5275 3374 5329 codicem
3419 5274 3560 5327 illum
3597 5263 3797 5324 Canisia—

705 5430 942 5523 Q9231},
989 5431 1204 5505 Cange,
1239 5433 1456 5491 Praefat.
1508 5437 1577 5493 ad
1623 5437 1918 5496 Chronicon
1973 5441 2193 5513 Pasch.,
2303 5466 2567 5518 suceess.,
2606 5467 2724 5522 cap.
2756 5452 2841 5517 14,
2879 5451 3023 5523 §19.

637 5497 666 5572 5
700 5502 1141 5625 iEOilggérson..
1175 5574 1402 5625 Dissert-
1431 5577 1456 5625 1
1484 5577 1549 5625 de
1573 5594 1812 5625 suam“-
1846 5537 2004 5625 nrim-
2039 5583 2169 5625 an

2305 5593 2319 5625 1
2363 5524 2487 5625 1(62)
2527 5497 2776 5625 lilazncghg
2818 5497 3058 5625 ὺιῖςρῖι..
3083 5525 3151 5581 de
3187 5523 3514 5625 (20:.Iptlsdt'.
3554 5518 3605 5574 S-

646 5571 657 5572 ’
706 5571 816 5653 (66)
857 5571 1142 5640 Pearson.,
1175 5574 1402 5632 Dissert.
1431 5577 1457 5631 1
1484 5577 1549 5634 de
1573 5594 1812 5638 success.
1845 5581 2007 5652 prim.
2035 5583 2193 5641 Rom.
2304 5571 2776 5664 lyti;_tzlap.g,n§m'i
2801 5571 3062 5667 seqvi-et
3084 5571 3603 5668 Eufriihiéiibni.
3630 5571 3742 5658 Ορὶὲ
3763 5578 3796 5645 ιν

633 5643 981 5719 ΡθΗΨ-,οθ-Ρ·
1013 5645 1164 5719 10οῶ
1194 5647 1244 5702 ί·
1371 5692 1400 5719 κο
2305 5679 2426 5719 nan.
2459 5665 2558 5719 114
2580 5674 2634 5719 et
2669 5679 2821 5719 seua.

690 5674 1535 5793 {liliiD‘oidliveirDsis-gert.singul.
1555 5721 1621 5778 de
1638 5719 1794 5780 Rom.
1816 5724 2008 5796 pontif.
2032 5726 2196 5793 prim.

1246 5692 1535 5793 :rt.singul.
1555 5721 1621 5778 de
1638 5719 1794 5780 Rom.
1816 5724 2008 5796 pontif.
2032 5726 2196 5793 prim.
2301 5679 2426 5736 pag.
2459 5674 2558 5719 1”
2580 5674 2634 5720 et
2669 5679 2820 5734 seqq'
