3928 6336
196 285 293 341 393
544 292 551 298 ’
1179 284 1265 340 DE
1303 283 1466 342 VITA
1500 283 1593 374 ΕΤ
1635 278 1948 339 SCRIPTIS
1981 284 2041 341 S.
2071 285 2462 347 HlP-POLYTI.
3345 287 3452 349 394

197 423 320 462 unm
361 417 419 463 et
465 405 838 471 Labbcanum,
873 407 1204 477 cazteroquin
1240 407 1591 477 spectabilem
1619 425 1632 461 :
1676 404 1771 461 sed
1801 409 1849 465 Α
1881 427 1900 456 ‹
1937 406 2145 462 bratur.
2176 407 2293 478 Ipse
2321 410 2466 463 enim
2491 417 2610 464 erat
2629 408 2838 479 justum
2861 408 3086 466 Pascha.
3112 411 3155 464 Α
3188 408 3451 468 Passione

198 516 311 556 esse
341 501 533 570 potius
579 500 944 564 referendum,
975 501 1058 555 vel
1093 501 1161 554 ad
1195 499 1471 576 Heronem
1513 499 1664 554 illum
1705 514 1774 554 ex
1881 517 1901 552 ι
1942 508 2124 554 autem
2176 498 2393 556 Domini
2455 515 2630 570 usque
2688 502 2743 555 in
2794 518 2890 557 xut
2967 517 3172 556 annum
3232 503 3448 572 imperii

198 594 524 666 philosopho
554 593 925 649 Christianum
949 602 1004 647 et
1034 601 1326 664 martyrem
1356 610 1369 648 :
1401 607 1562 662 quem
1597 591 1711 662 ipse
1739 605 1771 646 a

199 697 489 741 ueocoratu
532 688 716 756 templi
765 686 1046 756 Serapidis
1096 687 1151 739 in
1201 685 1367 739 Portu
1430 684 1680 738 Romano
1703 683 1770 738 ad

193 780 387 836 Christi
429 780 595 834 ﬁdem
646 789 930 835 evocatum
985 781 1297 848 suspicatur
1343 794 1409 833 ex
1459 776 1643 832 Graeca
1686 778 1771 830 iu-

191 874 490 942 scriptione
515 874 658 944 apud
689 873 952 944 Spouium
993 881 1125 926 sect.
1171 889 1224 937 x,
1254 888 1406 924 num.
1438 870 1529 936 9:2,
1566 867 1768 924 Severo

185 968 498 1023 Alexandro
529 969 851 1038 imperante,
881 967 1092 1038 ipsique
1118 966 1252 1020 adeo
1276 963 1564 1035 Hippolyto
1584 948 1769 1032 aequa.-

180 1059 282 1114 ιω
306 1078 320 1123 ;
348 1070 406 1113 et
439 1059 507 1114 de
542 1059 881 1127 temporibus
921 1057 1212 1127 scripsisse
1240 1057 1400 1110 docet
1429 1072 1495 1111 ex
1523 1067 1764 1110 veterum

177 1151 541 1216 testimoniis,
592 1165 827 1220 eumque
886 1150 1216 1219 necphytum
1261 1147 1507 1217 explesse
1557 1156 1766 1218 marty-

169 1245 338 1298 rium.
387 1244 615 1298 Accedo
663 1243 844 1311 itaque
888 1241 954 1296 ad
1008 1256 1128 1296 eam
1190 1241 1551 1307 sententiam,
1597 1255 1762 1311 quam

166 1338 423 1392 secundo
473 1337 600 1392 loco
649 1337 790 1390 idem
826 1335 1076 1390 laudatus
1108 1345 1300 1390 auctor
1341 1337 1397 1389 in
1446 1334 1764 1405 praefatione

162 1433 474 1496 snbtexuit,
493 1433 684 1488 dicens
707 1434 788 1487 vel
807 1416 1092 1503 Hippolyto
1107 1432 1382 1502 episcopo,
1400 1432 1482 1486 vel
1511 1450 1529 1482 ι
1554 1431 1762 1485 auctori

159 1527 516 1596 synchrono,
566 1528 660 1596 qui
703 1527 903 1582 vixerit
948 1528 1050 1584 sub
1084 1527 1396 1582 Alexandro
1436 1528 1703 1597 Augusto,
1737 1544 1755 1578 ι

157 1633 284 1672 esse
343 1617 562 1671 librum
624 1617 1074 1686 adjudicandum.
1127 1618 1358 1674 Prmstat
1408 1618 1529 1689 ejus
1591 1619 1757 1673 verba

158 1711 542 1765 transcribere
562 1726 629 1765 ex
652 1727 806 1765 num.
830 1711 897 1764 18
925 1711 1293 1781 praefationis:

230 1821 249 1852 ι
281 1802 571 1856 Caeterum
609 1800 886 1873 Hippolyti
934 1803 1209 1868 Chronico,
1257 1803 1325 1858 de
1366 1817 1477 1873 quo
1511 1802 1754 1872 agimus,

152 1895 443 1963 geminum
479 1909 651 1964 prope
689 1902 812 1958 est,
848 1893 951 1947 nisi
983 1894 1277 1964 ipsummet
1300 1893 1566 1948 exstiterit
1592 1893 1760 1947 Chro-

151 1987 308 2038 ηεροδ
341 1985 512 2051 illud,
544 1987 694 2055 quod
724 1987 896 2045 edidit
923 1986 1192 2042 Henricus
1226 1987 1483 2042 Canisius
1521 1995 1653 2041 tom.
1688 1987 1759 2042 ΠΙ

151 2079 338 2146 Antig.
354 2079 610 2145 lection.,
633 2089 687 2133 et
710 2077 991 2149 Philippus
1012 2077 1264 2134 Labbeus
1297 2089 1429 2134 tom.
1458 2078 1641 2135 [novre
1663 2080 1760 2134 Bi-

154 2170 443 2224 ιιὶοεΙιεειε
496 2185 564 2224 ex
611 2187 714 2226 ms.
751 2171 939 2227 codice
982 2172 1198 2240 collegii
1239 2170 1414 2227 Paris.
1463 2187 1580 2228 soc.
1627 2171 1757 2228 Jesu

150 2266 325 2320 hocce
377 2266 606 2321 titulo:
677 2266 754 2322 De
804 2268 1156 2322 divisionibus
1221 2279 1270 2323 et
1333 2270 1755 2340 generationibus

151 2361 411 2428 gentium.
445 2358 611 2426 Quod
629 2361 848 2430 quidem
867 2361 1160 2416 Chronicon
1173 2362 1239 2418 ad
1261 2363 1552 2417 Alexandri
1571 2361 1755 2419 Severi

151 2467 358 2506 annum
389 2469 529 2517 xm,
557 2469 792 2525 eumque
819 2455 1031 2526 imperii
1059 2465 1414 2526 postremum,
1448 2471 1558 2526 quo
1585 2457 1756 2526 impe-

149 2555 307 2600 rante
338 2561 406 2600 se
445 2546 658 2601 vixisse
701 2562 811 2602 non
869 2549 1036 2604 semel
1066 2561 1264 2604 auctor
1315 2549 1511 2614 innuit,
1548 2551 1752 2620 perdu-

147 2637 313 2691 citur.
346 2635 404 2693 Is
454 2654 588 2693 vero
627 2639 683 2692 in
735 2641 1052 2711 praefatione
1084 2642 1488 2712 descripturum
1531 2657 1590 2698 se
1633 2643 1749 2697 ait:

154 2747 175 2780 ι
211 2729 485 2785 Gentium
541 2730 901 2799 divisionem,
931 2743 986 2788 et
1021 2744 1310 2804 parentum
1347 2735 1749 2789 dinumeratam

155 2839 177 2871 ς
213 2823 664 2894 generationem,
701 2824 1117 2880 inhabitationis
1149 2841 1369 2896 quoque
1401 2837 1670 2896 tempora,
1697 2835 1752 2880 et

155 2931 176 2962 ε
212 2913 494 2968 bellorum
522 2914 962 2983 commissiones,
985 2925 1039 2970 et
1055 2916 1304 2986 judicum
1335 2925 1604 2987 tempora,
1628 2917 1746 2988 qui,

155 3022 175 3055 ι
210 3014 269 3059 et
301 3006 516 3077 quibus
561 3007 781 3079 regibus
823 3009 935 3063 nati
985 3017 1134 3076 sunt,
1181 3009 1483 3079 qualesque
1521 3009 1748 3080 captivi-

155 3115 176 3148 ι
216 3108 366 3154 tates
420 3099 644 3170 populi,
705 3107 760 3156 et
797 3101 998 3172 quibus
1052 3101 1330 3172 judicibus
1377 3101 1740 3172 contigerint,
1769 3114 1813 3173 (ξ

159 3207 180 3239 ι
215 3189 430 3260 quique
464 3190 801 3259 sacerdotes,
830 3191 1031 3262 quibus
1065 3191 1404 3261 temporibus
1428 3190 1668 3259 fuerant,
1691 3202 1746 3248 et

163 3303 181 3335 ι
216 3301 343 3354 quae.
373 3285 607 3354 divisio,
639 3294 694 3341 et
740 3301 860 3356 quae
912 3286 1146 3357 perditio
1186 3286 1325 3342 facta
1362 3287 1472 3354 sit,
1504 3301 1743 3357 quonam

167 3394 185 3427 ι
220 3377 387 3432 modo
441 3377 722 3448 generatio
771 3378 998 3434 seminis
1055 3378 1223 3433 Israel
1284 3378 1350 3432 de.
1391 3377 1646 3434 Patribus
1687 3381 1741 3434 iu

169 3469 443 3526 «Christo
504 3471 776 3541 completa
833 3471 946 3537 sit,
997 3481 1051 3526 et
1107 3477 1243 3541 quot
1294 3471 1594 3541 quantique
1647 3487 1744 3541 per

168 3581 186 3613 ι
215 3573 420 3631 quanta
467 3572 713 3633 tempora
757 3562 1172 3620 dinumerentur
1222 3567 1351 3616 anni
1408 3579 1440 3618 a
1491 3571 1741 3618 creatura

164 3675 183 3707 ι
213 3657 407 3712 επυυιί
459 3669 642 3726 usque
682 3658 736 3711 in
776 3655 922 3712 hunc
967 3658 1134 3712 diem.
1166 3675 1185 3709 ι
1230 3653 1542 3711 Praefationi
1577 3656 1736 3711 index

158 3750 474 3818 subjicitur,
524 3749 684 3818 cujus
719 3751 752 3803 6
786 3759 949 3819 caput
985 3748 1138 3804 hisce
1177 3746 1358 3803 verbis
1413 3755 1735 3816 conceptum

157 3841 350 3912 legitur
382 3859 400 3896 :
454 3859 472 3891 ι
509 3841 815 3895 Declaratio
843 3838 1088 3906 Paschm,
1119 3847 1173 3894 et
1206 3841 1330 3910 quis
1371 3836 1589 3907 quando
1621 3852 1738 3891 ser-

159 3952 179 3985 ι
205 3936 356 3990 vavit
391 3950 464 3990 ex
500 3933 839 4004 temporibus
877 3931 1051 4004 Moysi
1085 3933 1138 3985 in
1176 3931 1324 3985 hunc
1351 3930 1518 3984 diem.
1554 3947 1572 3980 ι
1605 3926 1737 3995 Quae

153 4029 372 4097 quidem
399 4028 470 4082 ad
494 4042 560 4081 ea
582 4025 914 4092 referuntur,
929 4040 1050 4095 quae
1074 4023 1343 4077 habentur
1366 4021 1421 4075 in
1445 4036 1505 4076 ea
1533 4020 1731 4076 sectio-

153 4135 235 4183 ne,
269 4121 368 4176 ubi
395 4119 463 4174 de
484 4117 752 4174 Paschate
777 4117 1006 4173 subinde
1027 4131 1055 4170 a
1077 4114 1280 4170 Iudaeis
1309 4122 1501 4168 exacto
1529 4112 1728 4183 agitur.

155 4207 284 4265 Tum
305 4210 534 4266 additur
556 4228 570 4264 :
605 4225 624 4260 ι
645 4209 688 4262 Α
709 4207 1052 4278 generatione
1075 4215 1257 4261 autem
1291 4203 1492 4260 Christi
1520 4211 1643 4274 post
1663 4202 1733 4258 30

159 4320 176 4352 ι
213 4318 397 4358 annos
452 4315 582 4356 cum
635 4314 832 4370 passus
881 4307 967 4354 est
997 4294 1557 4370 Doniinus,jPascha
1589 4293 1733 4350 celem

401 5825 679 5885 ΡΑτιιοι..
717 5815 835 5876 Gn.
867 5815 949 5876 x.

1880 613 1900 647 ι
1937 593 2230 649 Alexandri
2254 593 2486 650 Ctesaris
2514 595 2640 650 anni
2665 594 2790 660 206,
2810 604 3084 652 servatum
3106 604 3191 651 est
3210 595 3443 661 Pascha,

1879 704 1899 738 ι
1935 685 2082 754 quod
2119 685 2174 739 in
2214 686 2790 741 commemorationem
2836 685 3054 741 Domini
3102 688 3276 742 nostri
3312 687 3444 744 Jesu

1877 798 1895 830 ι
1934 779 2136 833 Christi
2171 789 2421 834 servatur
2442 795 2474 832 a
2500 779 2679 835 nobis.
2705 777 2866 832 Fiunt
2894 779 3061 849 igitur
3093 796 3284 836 omnes
3312 781 3446 836 anni

1877 891 1896 922 ι
1935 872 2003 925 ab
2028 871 2199 926 Adam
2235 887 2409 942 usque
2451 872 2505 926 in
2543 854 2864 928 huuc'diem
2894 875 3022 928 anui
3053 873 3214 930 5738.
3253 895 3271 927 ι
3309 875 3444 942 Qua:

1869 961 2088 1030 quidem
2125 961 2212 1015 hic
2252 977 2282 1014 a
2309 961 2468 1017 nobis
2510 962 2673 1017 allata
2708 963 2753 1017 si
2795 963 2918 1034 quis
2952 979 3078 1019 cum
3102 966 3189 1031 iis,
3223 982 3343 1036 quae
3371 965 3444 1022 de

1869 1051 2138 1124 Hippolyti
2166 1052 2424 1108 Chronico
2450 1056 2752 1125 attigimus,
2784 1056 2849 1110 ad
2879 1057 3143 1111 amussim
3186 1058 3440 1114 conferre

1865 1148 2034 1212 velit;
2075 1147 2206 1201 illud
2264 1147 2442 1219 ipsum
2497 1157 2618 1204 esse
2664 1149 2908 1218 ejusdem
2950 1150 3247 1204 Chronicon
3293 1152 3438 1207 haud

1867 1235 2152 1292 dilliculter
2179 1237 2316 1294 forte
2347 1239 2628 1306 concedet,
2665 1240 2753 1294 cui
2787 1240 3107 1296 latcrculum
3145 1242 3192 1297 is
3222 1244 3438 1312 przemi-

1866 1330 2019 1392 serit,
2058 1331 2140 1384 vel
2162 1330 2481 1396 subdiderit,
2542 1329 2597 1383 in
2653 1327 2935 1385 Paschalis
2966 1329 3109 1395 festi,
3141 1330 3207 1385 de
3239 1347 3348 1401 quo
3380 1331 3438 1387 in

1863 1424 1975 1490 illa,
2007 1440 2169 1494 quam
2198 1423 2460 1489 diximus,
2499 1425 2738 1480 sectione
2765 1425 2894 1494 egit,
2920 1424 3230 1480 inveniendi
3271 1439 3436 1478 cano-

1862 1532 1986 1570 nem
2013 1532 2108 1572 seu
2140 1517 2380 1586 regulam
2403 1533 2417 1582 ;
2443 1517 2508 1570 ad
2536 1533 2699 1586 quam
2730 1518 3034 1588 praeteritos
3061 1526 3116 1572 et
3143 1527 3434 1586 sequentes

1862 1622 2040 1662 annos
2074 1608 2383 1678 expendere
2417 1609 2675 1664 lectorem
2713 1611 2967 1665 voluerit.
3001 1630 3021 1663 ι

1786 1756 1830 1814 Β
1930 1749 2098 1810 Recte
2146 1753 2367 1824 quidem
2415 1760 2828 1824 argumentatur
2875 1769 2944 1808 ex
3009 1753 3161 1808 hisce
3215 1751 3433 1808 duobus

1863 1848 2109 1903 numeris
2142 1861 2412 1902 annorum
2434 1864 2464 1902 a
2482 1846 2745 1903 Passione
2765 1845 2983 1900 Domini
3007 1846 3075 1901 ad
3105 1861 3309 1900 annum
3332 1859 3433 1900 χιιι

1864 1940 2050 1996 Severi
2082 1942 2398 2008 Alexandri,
2431 1957 2534 1997 nec
2559 1957 2668 1996 non
2705 1941 2772 1995 ab
2801 1955 2888 2005 eo,
2917 1955 3082 2010 quem
3118 1956 3251 1994 xxxi
3301 1948 3429 1993 ante

1859 2033 2178 2091 Passionem
2209 2051 2277 2090 ex
2322 2044 2565 2090 veterum
2608 2035 2872 2090 sententia
2918 2033 3279 2088 incarnationi
3327 2031 3434 2087 Do-

1858 2129 2077 2184 minicte
2107 2127 2400 2182 tribuebat.
2441 2125 2782 2193 Quinetiam,
2838 2133 2898 2179 ut
2944 2125 3139 2180 addam
3187 2125 3431 2192 reliquas

1856 2221 2096 2290 epochas
2129 2221 2184 2275 in
2219 2233 2529 2274 marmoreo
2545 2215 2756 2272 Canone
2784 2218 3101 2283 recensitas,
3129 2211 3424 2271 cencedam

1856 2314 2146 2383 plerasque
2176 2327 2366 2366 earum
2393 2326 2517 2366 cum
2553 2309 2799 2364 numeris
2832 2309 3038 2364 codicis
3065 2307 3338 2362 Labbeani
3375 2315 3432 2364 et

1856 2404 2135 2460 Canisiani
2196 2418 2521 2474 congruere.
2580 2401 2780 2456 Verum
2815 2416 2941 2455 cum
3001 2399 3309 2469 discrepent
3357 2399 3427 2453 ab

1854 2496 2061 2552 eisdem
2119 2495 2379 2564 reliquae,
2445 2508 2620 2563 eaque
2670 2493 3016 2564 potissimum
3066 2506 3188 2561 qua:
3240 2490 3430 2544 deﬁnit

1855 2585 2202 2642 intervallum
2231 2585 2374 2639 inter
2405 2584 2514 2638 duo
2538 2583 2826 2650 Paschate,
2857 2583 3030 2637 Exodi
3056 2592 3110 2637 et
3146 2582 3424 2648 Ezechiae;

1852 2683 2133 2737 evidenter
2172 2680 2483 2736 ostenditur
2525 2693 2895 2733 marmoreum
2938 2677 3211 2748 Hippolyti
3253 2676 3423 2731 Chro-

1852 2778 2008 2831 nicon
2035 2777 2310 2830 diversum
2347 2789 2468 2828 esse
2501 2788 2532 2826 a
2580 2772 2784 2841 scripto
2814 2770 2916 2840 ipsi
2943 2769 3160 2840 aequali,
3189 2768 3242 2821 in
3269 2782 3425 2822 com-

1850 2871 1996 2940 putis
2052 2867 2417 2924 dissentienti.
2474 2865 2612 2921 Cum
2667 2880 2798 2920 vero
2854 2870 3096 2929 constet,
3150 2860 3425 2934 Hippolyti

1851 2975 2112 3015 numeros
2141 2969 2252 3015 tam
2293 2973 2465 3028 prope
2496 2956 2758 3012 accedere
2798 2955 2866 3010 ad
2899 2955 3221 3024 peritiorum
3259 2953 3422 3009 chro‘

1849 3055 2170 3125 nol0gorum
2232 3051 2548 3114 sententias,
2627 3050 2707 3104 uti
2751 3065 2815 3103 ex
2876 3047 3282 3117 comparatione
3325 3062 3426 3102 os-

1847 3162 2061 3208 tensum
2104 3145 2208 3204 fuit
2261 3159 2424 3214 supra
2469 3151 2738 3198 :econtra
2784 3156 2912 3196 vero
2953 3140 3176 3211 ;vitiosa
3247 3139 3423 3194 mani-

1845 3243 1984 3299 feste
2024 3241 2097 3298 sit
2139 3221 2474 3309 computatio
2524 3235 2782 3307 anonymi
2817 3235 2873 3290 in
2925 3233 3231 3290 deﬁniendo
3278 3249 3421 3304 prte-

1847 3335 2034 3392 scrtim
2066 3331 2351 3388 intervallo
2385 3346 2416 3385 a
2443 3329 2711 3384 Paschate
2738 3327 2907 3383 Josue
2941 3328 3008 3383 ad
3041 3326 3249 3382 Pascha
3284 3325 3421 3383 Eze—

1845 3430 2014 3496 chim;
2052 3441 2228 3497 operte
2259 3424 2491 3494 pretium
2530 3422 2688 3488 duco,
2719 3420 2958 3474 rationes
3003 3417 3274 3490 Hippolyti
3315 3418 3420 3476 hoc

1849 3521 1904 3574 in
1947 3526 2307 3574 monumento
2342 3513 2664 3583 superstites
2696 3510 2986 3574 exhibere;
3032 3518 3092 3563 ut
3121 3510 3236 3563 haec
3270 3509 3417 3570 anti-

1847 3610 2111 3676 quissima
2151 3607 2395 3662 omnium
2446 3603 2800 3673 chronologia
2839 3600 3131 3670 paschalis,
3163 3598 3418 3654 maxime

1845 3700 2119 3772 Ilippolyti
2155 3698 2359 3769 peritia;
2384 3695 2560 3758 testis.
2595 3694 2648 3748 in
2689 3691 3214 3748 commendationem
3259 3689 3418 3744 cedat

1845 3796 2126 3866 sapientiae
2157 3789 2401 3851 Patrum.
2443 3790 2537 3861 qui
2579 3787 2813 3858 proximi
2853 3786 2921 3840 ab
2952 3783 3235 3854 apostolis,
3261 3789 3315 3838 et
3343 3781 3413 3836 ab

1846 3887 2159 3958 apostolicis
2180 3885 2313 3939 viris
2339 3882 2513 3953 prima
2537 3880 2792 3936 Ecclesiae
2819 3878 3034 3941 saecula,
3061 3885 3122 3930 ut
3149 3874 3412 3944 sanguine

1844 3997 1944 4052 pro
1990 3978 2211 4036 Christo
2274 3976 2425 4042 fuso,
2470 3975 2543 4030 ita
2594 3974 2758 4029 etiam
2810 3970 3027 4042 scriptis
3086 3965 3414 4024 clarissimis

1841 4077 2203 4131 illustrarunt.

1841 4193 2134 4266 (Canonem
2159 4190 2460 4263 paschalem
2486 4185 2544 4243 S.
2569 4183 2845 4258 Hippolyti
2880 4181 2994 4236 vide
3029 4177 3217 4250 infra.)
3247 4175 3408 4234 Eutr.

1841 4292 2010 4346 Pars.

3007 5775 3085 5843 13
