3928 6336
529 353 636 411 399
1326 351 1410 408 DE
1446 348 1838 406 PORTUENSI
1872 349 1928 404 S.
1978 347 2339 408 IIIPPOLYTI
2380 350 2573 426 SEDE.
2610 383 2678 394 -
2711 353 2890 409 PARS
2919 353 2958 407 1.
3669 358 3764 417 ιοο

565 487 633 524 ua
682 470 941 543 evincitur
967 470 1277 543 episcopum
1324 464 1686 543 Portueusem,
1729 481 1906 543 quem
1929 465 2251 543 Prudentius
2283 467 2675 543 elegantissimo
2725 471 2956 543 carmine
2985 467 3253 543 laudavit,
3277 482 3416 543 eius
3453 468 3595 543 urbis
3616 486 3764 543 prope

579 557 754 594 omam
777 535 1072 609 episcopum
1107 537 1287 609 fuisse.
1333 556 1349 586 ι
1386 536 1691 609 Dominic_us
1720 535 1971 609 Georgius
2001 537 2168 590 eidem
2194 539 2431 606 pontiﬁci
2463 543 2536 609 ab,
2557 540 2742 594 intimo
2769 540 2986 604 sacello,
3023 541 3101 592 vir
3146 535 3489 591 clarissimus
3511 580 3524 598 ,
3558 535 3625 594 iu-
3657 535 3758 599 suis
3811 593 3818 602 ,

533 606 1072 682 adyMartyrologium
1089 608 1288 660 Adonis
1317 609 1452 682 notis
1475 606 1733 682 prcedara
1760 607 2001 682 doctrina
2042 610 2454 682 priestantibus,
2504 608 2568 662 de
2597 611 2776 663 eadem
2807 610 3182 682 dissertatione
3215 609 3331 663 haec
3386 611 3570 682 scribit
3621 611 3763 682 (69):

535 700 555 731 ς
595 680 698 735 Sed
721 675 1065 734 et'eruditum
1095 679 1529 748 commentarium
1558 677 1622 748 de
1643 689 1825 731 sancto
1856 675 2141 746 Hippolyto
2171 677 2453 732 Portuensi
2483 690 2841 748 exspectamus
2865 685 2930 733 ab
2974 681 3144 733 amico
3197 689 3386 732 nostro
3431 675 3765 739 Constantino

527 751 810 818 Ruggerio,
843 749 934 802 ubi
957 748 1197 820 plurarde
1223 747 1526 816 Hippolytis
1558 747 1995 820 illustrabuntur.
2041 767 2059 799 ι
2095 748 2315 802 Thomas
2363 749 2535 820 Maria
2577 747 2910 803 ’Mumaeltius
2945 767 3010 803 ea:
3053 749 3496 820 Prtedicatorum
3547 751 3765 820 familia,

527 817 684 876 editis
709 821 856 873 libris
881 819 1266 881 celeberrimus,
1317 835 1538 888 quorum
1569 817 1859 889 Ruggerius
1891 819 2072 886 aliqua
2097 821 2160 873 de
2187 831 2370 873 sancto
2409 819 2697 889 Hippolyto
2767 823 3195 884 communicavit,
3265 821 3327 872 in
3369 817 3677 888 Originibus
3720 817 3768 880 et

527 891 944 959 antiquitatibus
984 889 1310 943 Christianis
1342 891 1450 942 Ittec
1477 890 1674 956 scripta
1700 889 1911 958 reliquit
1941 889 2052 958 (70)
2077 909 2088 942 :
2123 910 2141 940 ι
2176 890 2382 943 Interea
2406 892 2514 943 tunc
2550 907 2749 952 immeo,
2784 908 2815 943 a
2840 890 3193 944 Constantino
3223 889 3494 958 Huggerio
3524 893 3632 945 viro
3655 911 3765 948 eru-

461 1018 470 1025 ,
527 963 791 1016 ditissima
813 970 863 1015 et
889 962 1059 1012 amico
1091 976 1203 1012 meo
1249 961 1313 1012 de
1337 962 1639 1028 episcopatu
1669 960 1943 1028 Hippolyti
1982 969 2030 1013 et
2071 961 2359 1031 originibus
2394 960 2710 1031 Ultristianw
2733 961 2995 1031 religionis
3026 979 3080 1014 in
3111 979 3174 1014 ea
3215 961 3497 1028 provincia
3521 978 3627 1015 esse
3661 966 3764 1020 dis-

528 1041 770 1101 putatum
818 1047 944 1085 sane
979 1031 1309 1103 accurateqin
1339 1031 1650 1098 gravissima
1683 1031 2053 1103 dissertatione
2074 1032 2138 1103 de
2175 1031 2233 1086 S.
2265 1030 2549 1100 Hippolyto
2573 1070 2587 1085 .
2617 1069 2630 1082 .
2665 1071 2678 1084 .
2709 1030 2881 1103 Quam
2909 1049 3002 1084 nos
3029 1033 3472 1103 dissertationem
3502 1047 3619 1083 cum
3641 1034 3766 1103 lege-

528 1100 722 1164 remus,
750 1103 1001 1154 admirati
1025 1117 1204 1152 sumus
1228 1101 1514 1170 ingenium,
1541 1100 2000 1172 incredibilemque
2026 1101 2137 1172 _riri
2161 1105 2214 1154 in
2258 1117 2310 1153 re
2359 1103 2663 1171 antiquaria
2687 1102 3034 1171 diligentiam,
3079 1113 3242 1171 atque
3289 1102 3564 1172 peritiam.
3613 1100 3764 1172 Atque

528 1175 815 1242 optandum
839 1189 962 1225 sane
992 1173 1146 1242 (oret,
1194 1181 1246 1223 ut
1271 1169 1407 1224 brevi
1431 1187 1491 1224 ea
1535 1169 1921 1239 publicaretur.
1966 1191 1984 1223 ι
2016 1170 2258 1241 Idipsum
2293 1172 2421 1224 alibi
2468 1169 2649 1239 repetit
2701 1169 2799 1225 ltis'
2840 1174 3003 1242 verbis
3037 1169 3184 1240 (7U:
3225 1191 3243 1222 ι
3434 1169 3764 1242 Hippolytum

524 1241 820 1311 episcopum
856 1242 1044 1294 Portus
1070 1241 1291 1294 Romani
1320 1242 1503 1311 fuisse.
1527 1252 1682 1312 atque
1708 1243 1843 1312 [tunc
1872 1245 2108 1294 eumdem
2145 1259 2272 1305 esse,
2301 1258 2452 1311 quem
2504 1243 2780 1305 Eusebius,
2817 1241 3166 1312 Hieronymus
3208 1251 3259 1294 et
3299 1241 3642 1312 Prudentius
3668 1261 3765 1297 me-

525 1310 754 1386 morant,
781 1313 935 1380 plane
963 1312 1290 1386 demonstrat
1319 1310 1700 1386 Constantinus
1728 1311 2016 1386 Ruggerius
2040 1328 2118 1364 ευ*
2137 1310 2528 1367 eruditissimus
2555 1313 2925 1368 dissertatione
2956 1310 3028 1366 de
3067 1311 3368 1365 Parmensi
3403 1310 3465 1366 8.
3501 1310 3760 1386 Hippolyti

526 1385 665 1446 sede,
703 1399 840 1453 qum,
871 1394 926 1436 ut
951 1399 1121 1450 spero,
1151 1383 1359 1436 tandem
1404 1383 1693 1452 aliquando
1723 1383 2101 1451 publicabitur.
2147 1403 2164 1434 ι

603 1452 759 1506 Hisce
783 1455 957 1506 causis
980 1463 1245 1521 permotus
1273 1471 1475 1507 omnem
1504 1454 1568 1506 de
1606 1453 1664 1508 8.
1700 1453 1973 1522 Hippolyti
1994 1453 2112 1505 sede
2142 1453 2402 1508 scribendi
2429 1454 2780 1523 syntagmatis
2805 1469 2988 1506 curam
3039 1452 3264 1523 deposui
3288 1467 3308 1515 ;
3359 1461 3412 1523 et
3443 1452 3760 1523 dissertatio-

523 1539 640 1594 nem
663 1525 798 1576 lianc
819 1525 1014 1592 potius,
1041 1532 1217 1594 utpote
1255 1524 1484 1594 hominis
1506 1525 1578 1577 rei
1607 1521 1978 1577 ecclesiasticte
2010 1525 2200 1590 peritia
2223 1534 2271 1578 et
2297 1521 2602 1578 eruditione
2623 1526 2676 1576 in
2709 1525 2893 1592 primis
2927 1523 3082 1588 clari,
3101 1522 3321 1594 publici
3352 1521 3495 1594 iuris
3519 1524 3647 1590 feci;
3669 1541 3761 1594 qua

526 1593 778 1648 Ecclesia:
805 1604 1006 1648 nostra:
1030 1593 1311 1648 Portuensi
1342 1592 1401 1649 8.
1439 1593 1754 1663 Hippolytus
1779 1595 2094 1655 restituitur,
2124 1594 2286 1662 deque
2322 1595 2485 1662 ipsius
2521 1594 2805 1663 episcopali
2834 1594 3082 1648 cathedra
3116 1593 3357 1663 quaestio
3391 1592 3686 1654 dirimitur,
3716 1604 3760 1647 et

525 1666 661 1716 tanti
695 1666 920 1734 episcopi
952 1681 1013 1717 ac
1053 1667 1322 1734 martyris,
1350 1667 1439 1735 qui
1449 1665 1573 1733 jure
1601 1681 1663 1718 ac
1698 1665 1884 1718 merito
1907 1665 2045 1718 inter
2074 1667 2213 1718 tertii
2243 1666 2424 1719 διεσαιὶ
2454 1666 2847 1734 prtestantiores
2878 1663 3066 1717 Patre;
3116 1676 3430 1716 recensetur
3449 1701 3464 1725 ,
3500 1675 3755 1717 revocatur

527 1736 779 1788 memoria
819 1747 868 1789 et
901 1747 1240 1806 propagatur.

1609 2049 2662 2229 DISSEBTATIO

2121 2360 2198 2401 DE

995 2526 1806 2648 PORTUENSI
1872 2527 1988 2640 s.
2055 2486 2838 2642 HIPPOLYTI
2882 2528 3289 2642 SEDE.

1726 2889 2013 2980 PARS
2126 2889 2545 2980 PRIMA.

951 3081 1323 3148 VETERUM
1372 3085 1479 3146 DE
1543 3085 1602 3145 S.
1668 3080 2129 3143 HIPPOLYTO
2171 3079 2513 3154 EJUSQUE
2569 3079 2772 3143 SEDE
2828 3081 3355 3146 TESTIMONIA.

653 3253 697 3310 1.
728 3249 986 3307 Eusebius
1007 3257 1055 3302 et
1086 3246 1437 3315 Hieronymus
1472 3245 1745 3317 Hippolyti
1775 3245 1948 3299 sedem
2117 3249 2161 3305 Α
2190 3243 2483 3299 Eusebium
2521 3257 2690 3300 SCCUII
2747 3254 2874 3301 sunt
2917 3244 2974 3300 S.
3017 3243 3364 3318 Epiphanius
3399 3247 3551 3318 (72).
3594 3242 3750 3303 Ther

1127 3319 1452 3386 ignorarunt.

587 3454 839 3510 Veterum
886 3453 1248 3522 scriptorum,
1290 3451 1383 3520 qui
1429 3449 1600 3506 sancti
1656 3447 1930 3522 Hippolyti
1983 3449 2093 3520 epi-

507 3547 660 3617 ecopi
708 3555 757 3600 et
815 3543 1069 3614 martyris
1132 3541 1540 3608 meminerunt,
1589 3541 1832 3594 omnium
1884 3541 2091 3611 primus

514 3636 758 3692 occurrit
788 3633 1057 3688 Eusebius
1088 3633 1350 3686 Caesareae
1381 3632 1433 3684 in
1461 3629 1746 3686 Palu-stitia
1781 3632 2088 3702 episcopus,

507 3724 602 3794 qui
645 3721 904 3776 Historiw
943 3737 1056 3776 sua:
1082 3721 1177 3775 lib.
1220 3736 1296 3786 rt,
1333 3736 1452 3789 cap.
1493 3721 1582 3786 20,
1617 3721 1766 3775 illum
1817 3723 1954 3776 inter
2009 3723 2090 3776 ri-

511 3830 608 3868 ros
649 3813 1050 3868 ecclesiasticos
1091 3811 1385 3875 recensuit,
1434 3812 1525 3879 qui
1571 3812 1873 3866 litterarum
1919 3814 2090 3884 gloria

511 3911 674 3964 tertio
708 3909 907 3964 sarculo
943 3907 1160 3961 ineunte
1206 3905 1538 3972 ﬂoruerunt,
1588 3921 1930 3977 quorumque
1972 3911 2088 3979 epi-

505 3999 678 4053 Stolas
710 3999 764 4052 in
793 3997 1119 4052 bibliotheca
1148 3993 1307 4049 AEliae
1341 3995 1512 4061 urbis,
1545 3999 1612 4049 ab
1645 3997 1952 4053 Alexandro
1983 4001 2092 4069 epi-

506 4103 673 4156 scopo
697 4096 1036 4150 constructa,
1070 4103 1127 4141 se
1158 4087 1352 4156 legisse
1386 4095 1633 4141 testatur.
1675 4086 1797 4141 Mox
1821 4091 1994 4158 capite
2019 4090 2089 4142 22

508 4178 847 4232 nobilissima
897 4193 1228 4231 enumerans
1282 4177 1482 4246 ingenii
1532 4188 1917 4244 monumenta,
1967 4195 2088 4250 quae

503 4265 823 4338 Hippolytus
871 4267 1087 4336 publico
1110 4268 1389 4321 catholica:
1415 4266 1536 4320 ﬁdei
1571 4268 1710 4320 bono
1765 4267 1952 4332 edidit,
1985 4285 2086 4324 no-

505 4376 629 4415 men
661 4358 826 4425 sedis,
877 4359 964 4413 cui
1010 4361 1125 4428 ipse
1168 4359 1402 4429 praefuit,
1444 4359 1668 4413 animine
1710 4361 1956 4428 reticuit;
2006 4361 2087 4416 id-

505 4455 653 4508 circo
685 4454 789 4507 viri
813 4452 956 4507 docti
993 4452 1238 4506 eamdem
1269 4452 1366 4521 ipsi
1391 4468 1615 4521 prorsus
1647 4453 1884 4522 ignotam
1917 4453 2084 4508 fuisse

503 4556 747 4612 censent,
782 4562 845 4600 ea
877 4545 1218 4616 potissimum
1249 4547 1478 4608 ratione,
1527 4547 1670 4615 quod
1725 4549 2080 4617 sequentibus

504 4637 886 4693 tantummodo
939 4648 1120 4691 utatur
1167 4637 1382 4702 verbis,
1431 4637 1560 4691 dum
1608 4639 1752 4692 illam
1797 4640 2081 4710 designat,

503 4737 789 4798 postquam
825 4728 890 4780 de
929 4726 1128 4782 Berillo
1179 4727 1560 4783 Bostrenorum
1613 4731 1664 4783 in
1716 4731 1914 4784 Arabia
1966 4731 2083 4800 epi-

509 4835 676 4888 scopo
710 4819 924 4873 locutus
961 4829 1074 4875 est:
1116 4842 1134 4872 ι
1170 4820 1370 4876 Eodem
1404 4823 1584 4886 modo,
1619 4823 1810 4893 inquit,
1837 4833 1921 4878 est
1955 4822 2086 4894 Hip-

503 4914 719 4983 polytus
753 4915 978 4970 alterius
1002 4915 1284 4986 cujusdam
1303 4926 1357 4971 et
1383 4917 1497 4974 inse
1515 4917 1767 4974 Ecclesiae
1786 4919 2030 4973 antistes.
2057 4938 2076 4971 ι

595 5160 711 5240 69)“
737 5161 1251 5240 quinic.__G_eorg.
1299 5165 1364 5218 ad
1407 5165 1550 5220 diem
1584 5166 1648 5220 l5
1672 5167 1924 5236 Augusti,
1951 5183 2073 5240 pag.

502 5221 607 5285 4Οᾶ
630 5221 759 5286 edit.
795 5232 980 5288 Roma:
1011 5235 1169 5289 1745.

578 5303 689 5371 (70)
715 5303 1024 5375 Mamachq
1043 5304 1250 5375 Origin.
1279 5316 1329 5359 et
1361 5306 1680 5374 Antiquitat.
1720 5305 2072 5362 tiltristianor.

504 5372 598 5426 lib.
634 5389 845 5456 επὶ-ειη).
895 5378 950 5441 2,
1007 5374 1033 5446 §
1063 5376 1116 5443 5,
1143 5372 1393 5431 adnotat.
1429 5377 1470 5443 Ι,
1500 5372 1639 5447 pag.
1672 5378 1761 5442 85,
1807 5380 1935 5433 edit.
1968 5377 2076 5432 lio-

500 5459 604 5496 mae
634 5446 789 5499 1750.
1599 5446 1608 5447 ί

515 5581 539 5588 _
571 5513 684 5588 ﬁl)
711 5516 888 5588 Idem,
917 5515 1056 5588 ibid.
1074 5532 1193 5585 cap.
1219 5515 1308 5583 2|,
1341 5515 1446 5588 §‘2,
1479 5533 1600 5588 pag.
1629 5517 1753 5582 258,
1781 5527 1831 5570 et
1868 5518 1961 5571 lib.
1991 5533 2071 5586 In,

567 5585 656 5649 29,
677 5601 797 5653 pag.
831 5586 919 5641 88.
959 5586 1063 5641 Ubi
1099 5588 1260 5641 habet
1287 5611 1299 5641 :
1327 5585 1443 5638 (De
1470 5585 1654 5642 eodem
1699 5588 1754 5642 S.
1787 5588 2073 5658 Hippolyto

502 5657 935 5734 dissertationem
963 5659 1292 5727 singularem
1321 5659 1543 5728 scripsit
1566 5662 1917 5714 doctissimus
1937 5657 2075 5730 1mg-

510 5739 942 5866 μίὲἓῗείάυενε.
991 5798 1250 5869 Ιιωνρεεε,
1300 5800 1394 5859 lib.
1425 5817 1470 5868 ι,
1516 5800 1707 5857 lauros.
1756 5801 1845 5868 5i,
1891 5812 2075 5882 contra

2192 3337 2411 3391 doretus
2445 3335 2592 3407 (7'5),
2641 3344 2695 3391 et
2724 3337 2942 3391 demum
2978 3337 3034 3392 S.
3077 3337 3452 3412 Hieronymus
3483 3341 3589 3410 ("iit
3613 3380 3626 3404 ,
3668 3335 3747 3408 qui

2192 3427 2247 3481 in
2277 3426 2531 3498 Catalogo
2563 3429 2794 3482 uirorum
2844 3429 3136 3484 illustrium
3180 3432 3422 3503 ingenue
3452 3432 3640 3488 fatetur
3677 3446 3749 3495 se,

2191 3519 2412 3574 ubinam
2448 3521 2687 3590 gentium
2725 3520 3045 3594 Hippolytus
3075 3523 3245 3579 fuerit
3274 3526 3581 3596 episcopus,
3625 3523 3746 3578 scire

2193 3625 2296 3663 non
2334 3613 2605 3680 potuisse:
2639 3631 2657 3663 ι
2702 3611 3048 3686 Hippolytus,
3097 3616 3306 3686 inquit,
3345 3617 3620 3687 cujusdam
3658 3613 3744 3669 Ec-

2191 3703 2368 3757 clesiae
2400 3705 2707 3775 episcopus,
2741 3721 2934 3760 nomen
2967 3707 3166 3777 quippe
3195 3709 3353 3766 urbis
3379 3710 3516 3764 scire
3541 3723 3641 3762 non
3669 3720 3742 3777 po-

2193 3792 2289 3846 tui.
2326 3811 2342 3843 ι

2228 3909 2292 3966 Il.
2336 3911 2396 3966 S.
2442 3910 2790 3987 Hieronymus
2839 3913 2898 3970 8.
2943 3914 3303 3987 Hippolytum
3342 3929 3392 3972 et
3424 3919 3484 3973 S.
3518 3917 3712 3987 Apollo-

2471 3984 2615 4036 nium
2647 3995 2912 4039 senatores
2932 3984 3196 4042 Romanos
3232 3991 3488 4060 appellat.

2259 4093 2458 4150 Verum
2513 4099 2566 4150 in
2610 4099 2835 4167 epistola
2885 4117 3047 4170 quam
3104 4105 3330 4172 scripsit
3368 4105 3435 4158 ad
3470 4101 3734 4172 Magnum,

2188 4189 2458 4258 aliquibus
2487 4197 2607 4258 post
2645 4193 2845 4246 editum
2881 4198 3194 4264 scriptorum
3235 4197 3531 4250 illustrium
3555 4191 3738 4248 Catalo-
3792 4190 3798 4198 ’

2187 4300 2307 4352 gum
2339 4284 2495 4338 annis
2531 4283 2666 4354 ('75),
2704 4285 2760 4338 ὃ.
2795 4285 3138 4358 Hippolytum
3167 4291 3466 4360 conspicuo
3492 4283 3734 4343 senatoris

2187 4375 2414 4430 Romani
2448 4375 2668 4430 nomine
2708 4385 2930 4432 sanctus
2974 4380 3167 4433 doctor
3213 4383 3460 4436 donavit.
3500 4397 3518 4430 ι
3557 4377 3734 4445 [lippo-

2187 4467 2348 4537 lytus,
2397 4467 2492 4534 ait,
2546 4478 2598 4523 et
2627 4469 2949 4538 Apollonius
2982 4470 3238 4528 Romana
3285 4474 3437 4528 urbis
3479 4478 3729 4526 senatores

2185 4560 2400 4629 propria
2441 4562 2701 4628 opuscula
2724 4564 3099 4618 condiderunt.
3133 4583 3150 4616 ι
3181 4565 3308 4621 Haec
3330 4565 3542 4637 quidem
3571 4566 3731 4630 aperte

2183 4653 2557 4707 demonstrant
2598 4657 2923 4708 senatoriam
2973 4655 3240 4728 Hippolyti
3283 4658 3588 4728 dignitatem
3621 4645 3724 4718 ροδε

2181 4745 2384 4799 editum
2428 4746 2740 4813 scriptorum
2782 4747 3069 4801 illustrium
3103 4749 3415 4820 Catalogum
3462 4747 3516 4802 S.
3557 4743 3723 4798 lliero-

2181 4852 2342 4907 nymo
2373 4837 2604 4905 primum
2636 4837 2974 4905 innotuisse;
3013 4843 3262 4894 eunulem
3295 4841 3437 4896 enim
3465 4851 3558 4890 nec
3585 4843 3720 4886 θείη·

2180 4937 2384 4993 torem,
2445 4927 2554 4980 imo
2608 4942 2709 4982 nec
2757 4938 3050 4999 martyrem
3101 4931 3299 4987 ibidem
3344 4927 3713 5001 appellaverat;

2176 5169 2585 5244 Valgntinianos
2611 5179 2673 5244 ct_
2701 5170 3009 5244 Quosticos,
3046 5187 3167 5244 cap.
3203 5175 3293 5230 55.

2249 5240 2361 5308 (75)
2403 5239 2540 5292 Dial.
2567 5240 2616 5303 ι,
2647 5241 2700 5303 2,
2729 5243 2781 5294 δ.

2247 5309 2358 5384 (Η)
2546 5309 2620 5384 De
2649 5313 2773 5364 ciris
2812 5311 3129 5380 illustribus,
3159 5332 3207 5371 c.
3237 5315 3320 5371 61.
3547 5373 3602 5384 ,υ

2399 5379 2557 5432 Liber
2587 5381 2659 5434 De
2697 5383 2820 5435 riris
2863 5373 3179 5456 illustribus,
3217 5396 3274 5440 ut
3303 5387 3518 5456 ipsemet
3547 5373 3710 5456 Ηξςξξζ·

2176 5440 2374 5524 ιιγὶῃιιιέ
2427 5459 2664 5524 testatur
2690 5469 2810 5521 cap.
2856 5455 2959 5509 155
2989 5440 3230 5524 ejusdem
3280 5440 3420 5518 libri,
3455 5465 3566 5520 pag.
3597 5440 3704 5524 93?}

2177 5518 2411 5589 scriptus
2460 5523 2562 5596 luit
2607 5518 2913 5596 Theodosii
2959 5518 3217 5596 principis
3285 5518 3487 5582 decimo
3529 5518 3702 5596 ςμδνίξξ

2178 5584 2350 5652 anno,
2407 5592 2496 5660 qui
2547 5609 2688 5646 anno
2719 5609 2748 5647 a
2791 5584 3159 5651 (lbrisio-nato
3194 5599 3297 5653 592
3326 5584 3615 5661 rcspomlél;
3640 5584 3702 5661 ,ἐξ

2177 5651 2344 5738 epist.
2383 5651 2457 5738 agt
2498 5661 2746 5738 lilagtnnn
2796 5680 2938 5718 anno
2962 5668 3088 5738 7597
3131 5651 3382 5738 scriptam
3411 5651 3572 5738 luisse
3595 5651 3698 5738 sibi

2178 5727 2369 5809 siiadet
2415 5727 2710 5809 Velini-Sitis
2751 5737 3062 5809 corumdein
3094 5727 3328 5809 Operum
3368 5749 3490 5792 tom.
3525 5727 3563 5794 Ι,
3591 5732 3699 5796 9³5-

2178 5802 2280 5857 425
2308 5819 2418 5860 sua:
2452 5805 2703 5860 editionis
2747 5804 2939 5861 Veron.
2964 5807 3123 5864 1755.
