3966 6344
255 393 348 449 801

1046 393 1135 450 DE
1170 393 1568 452 PORTUENSI
1601 395 1659 451 S.
1703 395 2068 454 HIPPOLYTI
2103 398 2295 454 SEDE.
2337 432 2404 440 —
2433 398 2613 456 PARS
2647 401 2688 456 l.

3403 405 3506 460 408

251 515 502 586 quamvis
579 515 634 569 in
662 516 900 586 "epistola
963 515 1028 571 ad
1095 516 1382 571 Damasum
1456 517 1642 572 multis
1718 527 1842 572 ante
1870 526 1913 579 Α
1942 518 2178 578 doctori,
2225 517 2354 572 dum
2401 519 2650 573 eumdem
2700 517 3012 590 Catalogum
3060 518 3310 590 scripsit,
3347 538 3508 578 sena-

249 604 569 675 Catalogum
612 605 774 660 annis
833 605 1032 676 scripta
1078 605 1232 676 (76),
1295 615 1350 661 et
1407 607 1460 660 in
1519 609 1832 678 prtel'atione

249 710 358 750 suae
390 696 448 748 in
481 695 798 751 Matthwum
827 695 1182 764 Expositionis
1210 739 1225 763 ,
1272 698 1392 753 solo
1432 699 1688 770 martyris
1724 713 1828 753 no—

254 788 397 840 mine
423 785 780 859 Hippolytum
807 797 1052 843 nostrum
1085 789 1419 844 decorasset.
1445 788 1829 861 Hieronymum

246 877 658 947 quodammodo
714 878 767 931 in
822 878 922 932 hac
953 893 1011 932 re
1051 887 1272 933 secutus
1313 887 1397 933 est
1437 877 1687 940 Photius.
1737 879 1830 948 qui

248 985 368 1024 cum
400 969 629 1024 duobus
663 971 717 1023 in
749 970 881 1024 locis
913 968 1183 1040 Hippolyti
1211 971 1382 1026 nostri
1415 972 1743 1036 meminerit,
1775 973 1832 1026 in

245 1075 435 1114 eorum
466 1061 646 1115 altero
673 1061 782 1131 (77)
818 1061 967 1116 illum
998 1063 1147 1116 nullo
1169 1077 1268 1117 nec
1302 1063 1556 1134 martyris
1581 1078 1678 1117 nec
1711 1063 1831 1134 epi-

245 1153 393 1222 scOpi
449 1153 615 1206 titulo
666 1153 979 1222 insignivit;
1033 1155 1087 1208 in
1140 1155 1311 1208 altero
1343 1170 1468 1210 vero
1497 1156 1744 1210 eumdem
1779 1165 1831 1210 et

246 1243 570 1310 episcopum
595 1250 650 1296 et
680 1252 970 1314 martyrem
1004 1244 1364 1299 disertissime
1385 1246 1672 1314 appellavit
1694 1246 1826 1318 (78).

248 1333 303 1387 Si
337 1334 512 1404 igitur
555 1333 836 1390 Romanus
879 1345 1096 1390 senator
1141 1335 1243 1389 fuit
1288 1334 1634 1407 Hippolytus,
1686 1348 1830 1392 recte

245 1424 370 1482 inde
410 1425 616 1481 deduci
652 1441 810 1496 posse
840 1426 1169 1481 arbitramur
1211 1428 1386 1496 ipsum
1421 1428 1474 1480 in
1517 1426 1827 1495 Occidente,

244 1532 350 1573 non
383 1519 442 1572 in
477 1517 702 1573 Oriente
735 1519 956 1585 vixisse,
1006 1528 1397 1590 pmptereaque
1442 1520 1497 1574 in
1540 1518 1829 1576 Occidente

244 1609 619 1678 episcopalem
655 1609 841 1665 sedem
875 1611 1158 1667 obtulisse.

310 1719 400 1774 Ill.
442 1720 729 1796 .i‘larianus
788 1719 1046 1776 Victorius
1097 1741 1200 1778 non
1240 1722 1613 1796 Hippolytum,
1669 1727 1757 1779 sed

448 1792 798 1861 Apollonium
828 1803 1115 1847 senatorem
1145 1796 1306 1864 fuisse
1330 1792 1616 1850 contendit.

312 1883 544 1939 Scimus
581 1885 928 1941 doctissimos
960 1886 1108 1940 viros
1131 1927 1146 1950 ,
1188 1887 1330 1940 inter
1380 1902 1519 1955 quos
1549 1886 1826 1941 Marianus
1856 1864 1901 1922 Β

244 1972 286 2030 ν
307 1977 524 2032 ctorius
560 1977 854 2042 lieatinus,
886 1977 1328 2034 accuratissimus
1348 1978 1582 2047 ()perum
1607 1977 1664 2033 S.
1700 1976 1826 2032 llic-

248 2069 457 2138 ronymi
494 2069 698 2131 editor,
749 2069 999 2123 arbitrari
1032 2070 1175 2124 hunc
1208 2069 1519 2142 Hieronymi
1558 2071 1736 2124 locum
1768 2069 1831 2123 li-

249 2157 563 2211 brariorum
621 2159 912 2212 oscitantia
949 2159 1116 2214 fuisse
1163 2161 1553 2230 depravatum;
1616 2169 1824 2215 senato-

248 2250 372 2303 riam
415 2249 633 2304 idcirco
661 2250 977 2316 dignitatem
1007 2268 1112 2305 non
1143 2249 1450 2323 Hippolyto,
1493 2251 1588 2306 sed
1615 2252 1830 2321 Apollo-

247 2340 327 2393 nio
343 2341 700 2395 tribuendam
725 2357 971 2406 censens,
1003 2352 1240 2398 vetustos
1258 2345 1474 2398 codices
1500 2344 1724 2414 hujusce
1752 2343 1832 2398 rei

246 2444 290 2486 te
319 2443 405 2488 tes
437 2434 496 2486 in
530 2434 713 2488 medio
743 2435 1012 2504 producit,
1047 2435 1100 2489 in
1135 2435 1331 2505 quibus
1362 2436 1589 2506 legitur:
1631 2456 1648 2488 ι
1699 2435 1829 2506 Ilip-

245 2524 465 2595 polytus
499 2534 557 2578 et
580 2525 900 2595 Apollonius
926 2526 1180 2582 Romana:
1213 2529 1364 2583 urbis
1397 2537 1613 2582 senator
1643 2529 1775 2599 (79).
1806 2548 1824 2580 ι

248 2617 556 2675 Victorium
610 2631 833 2677 secutus
864 2631 948 2676 est
975 2623 1326 2677 doctissimus
1370 2623 1675 2678 monachus
1725 2621 1835 2675 Re-

244 2713 450 2782 migius
501 2712 813 2768 Ceillierius
858 2715 911 2767 in
963 2713 1208 2769 Historia
1241 2724 1518 2768 auctorum
1558 2730 1832 2768 sacrorum

237 2819 288 2864 et
337 2809 828 2863 ecclesiasticarum
853 2808 1001 2877 (80),
1032 2824 1098 2862 eo
1125 2809 1467 2878 potissimum
1493 2817 1839 2890 argumento,

241 2902 392 2970 quod
423 2900 484 2955 8.
525 2899 890 2971 Hieronymus
936 2901 988 2954 in
1030 2917 1194 2971 supra
1242 2903 1460 2957 laudato
1489 2901 1742 2972 Catalogo
1773 2899 1828 2955 S.

246 2993 606 3064 Hippolytum
643 3003 948 3048 senatorem
979 2994 1226 3063 nuspiam
1257 2995 1507 3064 appellet.
1551 2993 1746 3049 Verum
1783 2995 1836 3048 si

243 3088 528 3143 Ccillierio
581 3089 635 3140 in
696 3089 798 3143 bac
845 3103 904 3140 re
951 3087 1084 3143 ﬁdes
1117 3089 1424 3144 adhibenda
1469 3099 1649 3155 esset,
1689 3089 1836 3143 illius

1933 610 2126 662 toriam
2187 607 2456 682 Hippolyti
2529 611 2843 682 dignitatem
2895 613 3055 682 plane
3113 613 3505 686 incompertam

1934 698 2121 753 fuisse.

2005 812 2091 867 IV.
2134 812 2392 886 Scaligeri
2421 821 2469 886 et
2508 811 2710 883 Moynii
2761 815 2824 866 de
2858 817 3124 868 senatoria
3169 816 3436 886 Apollonii

2302 885 2558 952 dignitate
2590 885 2848 938 sententia
2879 887 3133 950 reficitur.

2001 973 2270 1046 Josepbus
2291 972 2531 1042 Scaliger
2579 975 2718 1045 (89.)
2752 975 2804 1028 in
2836 976 2950 1031 suis
2978 979 3046 1032 ad
3077 977 3288 1032 Eusebii
3341 979 3508 1033 Chro-

1929 1075 2085 1128 nicon
2135 1072 2733 1136 auimadversionibus,
2785 1082 2838 1126 et
2875 1082 2995 1141 post
3039 1090 3160 1127 cum
3200 1074 3506 1144 Stephanus

1931 1165 1981 1218 le
2015 1163 2206 1234 Moyne
2234 1164 2344 1235 (85)
2386 1173 2439 1218 et
2479 1165 2747 1218 Antonius
2778 1161 2974 1232 Pagius
3003 1163 3114 1232 (8i)
3152 1167 3334 1219 senior
3371 1168 3508 1220 scri-

1930 1255 2066 1308 bunt
2092 1256 2149 1308 8.
2181 1253 2598 1325 Hieronymum,
2644 1264 2836 1322 printer
2869 1255 3113 1308 omnium
3158 1266 3401 1311 veterum
3440 1259 3504 1312 ﬁ-

1929 1345 2075 1410 dem,
2101 1345 2447 1414 Apollonium
2475 1345 2625 1398 urbis
2647 1343 2904 1397 Romana:
2930 1354 3234 1397 senatorem
3258 1360 3505 1410 vocasse,

1929 1454 1998 1494 eo
2044 1438 2385 1508 potissimum
2433 1445 2753 1504 argumento
2801 1436 3004 1499 innixi,
3050 1437 3196 1506 quod
3241 1437 3507 1492 Eusebius

1930 1531 2071 1586 hanc
2106 1530 2375 1600 Apollonii
2406 1530 2720 1600 dignitatem
2758 1530 3113 1601 ignoraverit.
3167 1528 3506 1600 Quapropter

1930 1621 2191 1676 Ruﬁnum
2242 1620 2472 1676 inscitia:
2516 1630 2783 1692 arguunt,
2833 1620 2989 1690 quasi
3037 1621 3151 1689 ipse
3186 1637 3505 1688 germanum

1929 1713 2221 1768 Eusebiani
2266 1721 2552 1768 contextus
2595 1728 2816 1768 sensum
2857 1729 3021 1782 prava
3057 1713 3505 1782 interpretatione

1930 1807 2152 1861 vitiarit.
2213 1829 2233 1857 ι
2297 1805 2614 1875 Apollonius
2658 1807 2840 1868 enim,
2901 1806 3076 1875 inquit
3137 1805 3422 1878 Moynius,
3475 1825 3507 1862 a

1931 1899 2155 1954 Pet-enni
2189 1897 2441 1968 praefecto
2469 1899 2722 1969 praetorio
2745 1899 2920 1967 capite
2949 1897 3236 1953 damnatus
3265 1898 3396 1968 fuit,
3440 1900 3505 1954 ad

1930 2006 2092 2061 quem
2125 1991 2178 2044 in
2209 1999 2488 2046 senatores
2543 1990 2751 2044 nullum
2785 1990 2876 2059 jus
2925 1998 2978 2044 et
3027 1990 3313 2059 imperium
3345 1992 3510 2060 perti-

1930 2084 2112 2137 nebat.
2160 2102 2178 2133 ι
2215 2080 2414 2152 Pagius
2453 2095 2583 2134 vero
2618 2080 2675 2134 S.
2712 2079 3132 2151 Hieronymum,
3172 2099 3191 2130 ‹
3229 2081 3343 2134 haec
3384 2097 3513 2151 pro-

1932 2176 2050 2244 prio
2077 2175 2292 2246 ingenio
2316 2189 2383 2228 ex
2409 2173 2642 2228 Eusebio
2663 2188 3015 2243 exaggerasse
3048 2193 3065 2224 ›
3093 2172 3193 2227 sibi
3219 2177 3508 2244 persuasit.

1932 2265 2255 2335 llujusmodi
2304 2277 2485 2321 tamen
2538 2267 2827 2321 doctorum
2888 2266 3130 2319 virorum
3187 2276 3510 2335 argumenta

1934 2359 2064 2413 nihil
2091 2375 2191 2415 nos
2219 2368 2521 2422 morantur,
2563 2359 2856 2428 quominus
2883 2357 3229 2431 Hippolytum
3257 2369 3311 2414 et
3338 2358 3508 2429 Apol-

1934 2447 2140 2506 lonium
2192 2459 2469 2505 senatores
2507 2447 2673 2504 fuisse
2724 2449 3030 2506 credamus.
3085 2450 3162 2504 Ex
3219 2466 3286 2506 eo
3325 2451 3507 2510 enim.

1933 2545 2077 2613 quod
2126 2542 2394 2598 Eusebius
2446 2541 2772 2597 senatoriam
2821 2540 3092 2613 Hippolyti
3140 2553 3195 2598 et
3239 2543 3510 2613 Apollonii

1933 2635 2249 2705 dignitatem
2298 2633 2596 2704 ignorarit,
2653 2632 2778 2703 quis
2833 2649 3074 2703 unquam
3125 2633 3183 2688 8.
3241 2633 3510 2706 Hierony-

1935 2744 2104 2796 mum,
2133 2729 2227 2798 qui
2261 2743 2369 2782 non
2401 2727 2585 2782 multis
2630 2736 2752 2796 post
2782 2726 3074 2782 Eusebium
3117 2729 3276 2784 annis
3302 2729 3515 2794 ﬂoruit,

1935 2823 2140 2877 nullam
2171 2821 2400 2891 hujusce
2434 2821 2508 2876 rei
2542 2820 2786 2875 notitiam
2821 2821 3022 2876 habere
3053 2822 3292 2891 potuisse
3326 2822 3511 2876 ﬁrma-

1935 2915 2052 2970 bit?
2084 2911 2196 2968 Hoc
2225 2911 2420 2967 falsum
2455 2913 2678 2966 omnino
2705 2912 2863 2966 nobis
2887 2913 3134 2978 videtur;
3169 2929 3290 2965 nam
3324 2911 3514 2967 Hiero-

1935 3021 2134 3078 nymus
2161 3005 2366 3060 diutius
2391 3003 2578 3058 Romae
2625 3013 2872 3059 moratus
2904 3015 3007 3068 est,
3059 3006 3150 3059 ubi
3186 3007 3506 3076 martyrium

1938 3096 2338 3153 consummavit
2371 3095 2722 3164 Apollonius,
2774 3097 3230 3164 quemadmodum
3282 3097 3513 3166 ipsemet

245 3183 414 3237 etiam
471 3181 795 3252 martyrium
833 3181 1023 3236 eodem
1074 3182 1235 3251 plane
1284 3183 1586 3251 argumenti
1642 3197 1835 3252 genere
1863 3210 1904 3267 ο
1937 3185 2100 3241 etiam
2135 3184 2384 3256 Moynius
2412 3173 2539 3239 alibi
2569 3184 2800 3251 fatetur;
2837 3185 3065 3255 ideoque
3097 3186 3228 3250 haec,
3262 3201 3384 3255 quin
3427 3202 3513 3242 re-

248 3274 483 3329 inliciari
530 3289 854 3344 possemus,
905 3290 1028 3328 cum
1071 3273 1430 3346 Hieronymus
1481 3275 1534 3328 in
1583 3274 1838 3345 Catalogo

247 3365 604 3438 Hippolytum
639 3375 885 3422 nostrum
933 3367 1190 3437 martyris
1240 3367 1459 3422 nomine
1506 3366 1650 3422 haud
1693 3367 1839 3421 desi-

250 3459 455 3530 gnarit.
510 3457 853 3529 Quapropter
881 3475 1004 3514 cum
1039 3459 1246 3528 antiqui
1275 3457 1490 3514 codices
1527 3467 1584 3512 et
1615 3467 1838 3514 vetusta:

244 3553 546 3617 editiones,
580 3569 719 3623 quas
751 3563 972 3608 secutus
1007 3562 1090 3607 est
1119 3553 1448 3608 Martianeus
1493 3552 1604 3622 (8l)
1650 3553 1702 3607 in
1738 3569 1835 3608 sua

247 3659 483 3714 cperum
519 3645 692 3700 sancti
737 3642 1050 3712 Hieronymi
1097 3645 1356 3706 editione,
1405 3643 1751 3715 Hippolytum
1783 3648 1838 3699 et

245 3737 602 3808 Apollonium
637 3746 919 3791 senatores
952 3736 1119 3792 fuisse
1145 3745 1430 3801 testentur,
1460 3747 1514 3791 et
1559 3737 1616 3792 S.
1647 3736 1838 3792 Hiero-

247 3847 453 3902 nymus
487 3831 630 3886 hanc
669 3831 978 3900 epistolam,
1022 3841 1080 3884 ut
1114 3831 1376 3895 diximus,
1411 3832 1685 3900 aliquibus
1714 3841 1838 3900 post

244 3925 459 3977 e-litum
494 3924 814 3991 scriptorum
848 3922 1137 3976 illustrium
1164 3923 1475 3993 Catalogum
1507 3925 1663 3977 annis
1702 3939 1834 3978 cou-

247 4015 581 4084 scripserit;
635 4023 784 4068 recte
833 4014 1050 4083 quidem
1110 4013 1378 4083 conjicere
1429 4029 1720 4083 possumus
1774 4014 1833 4066 S-

322 4167 438 4238 (76)
481 4164 538 4238 in
563 4166 720 4238 epist.
756 4165 821 4238 ad
853 4164 1141 4220 Damasum
1172 4168 1368 4234 scripta
1395 4184 1539 4221 anno
1569 4169 1692 4222 584.

326 4239 442 4306 (77)
486 4237 541 4310 lu
572 4237 920 4310 Bibliotheca,
950 4240 1069 4291 cod.
1099 4253 1246 4304 cui,
1277 4255 1402 4310 pag.
1433 4239 1538 4292 302
1566 4241 1695 4294 edit.
1727 4239 1836 4296 R0-

253 4309 497 4375 tlmmagi
528 4307 657 4360 anni
684 4308 841 4360 1655.

321 4379 439 4460 (ἒξ)
479 4377 618 4460 9⁰άι
652 4392 950 4460 οὖνμντιδ·
980 4377 1154 4460 595-...

321 4450 440 4572 S79)
483 4447 560 4502 Ita
608 4447 734 4517 legit
778 4449 1055 4503 Marianus
1093 4448 1366 4504 Victorius
1401 4451 1452 4504 in
1485 4465 1581 4503 sua
1599 4449 1830 4521 Operum

248 4519 308 4575 S.
365 4517 659 4588 licronymi
685 4518 944 4592 editione,
975 4521 1026 4571 in
1052 4521 1216 4592 citata
1243 4524 1426 4588 epist,
1459 4525 1734 4592 quaaapud
1754 4524 1834 4592 ip-

248 4607 376 4648 sum
403 4599 490 4643 est
508 4605 728 4660 (numer.
756 4590 828 4660 784
856 4591 908 4643 in
937 4598 1048 4643 tom
1074 4659 1077 4660 ν
1104 4589 1167 4660 ll,
1194 4607 1315 4660 pag.
1345 4592 1440 4644 ‘25l
1478 4589 1624 4646 iedit.
1654 4589 1835 4647 llonize

249 4661 386 4716 anni
419 4659 588 4720 1564,
626 4659 764 4727 apud
808 4657 1036 4713 Paulum
1067 4657 1363 4715 Manutium
1402 4663 1518 4714 Aldi
1573 4664 1742 4715 liliutn
1780 4663 1831 4716 in

249 4732 471 4785 avdibus
519 4731 702 4798 populi
770 4729 1020 4784 Romani.
1077 4732 1220 4786 Inter
1285 4733 1617 4787 recentiores
1668 4733 1830 4786 etiam

247 4801 581 4871 Dominicus
610 4798 902 4854 Vallarsius
933 4803 986 4854 in
1019 4802 1205 4855 eadem
1237 4802 1396 4871 epist.
1426 4819 1548 4871 qua:
1574 4810 1656 4856 est
1681 4803 1834 4870 juxta

248 4872 432 4939 ipsius
483 4870 975 4942 editionem_nutn.
1031 4871 1115 4934 70,
1160 4874 1213 4925 in
1259 4870 1390 4926 totn.
1431 4870 1473 4935 l,
1527 4875 1596 4926 ita
1636 4875 1836 4942 pariter

247 4942 405 5009 legit,
436 4949 602 5010 atque
630 4956 750 5010 pag.
777 4939 880 4993 49.7
916 4943 1026 4997 haec
1060 4958 1159 4996 nos
1183 4951 1362 4997 monet
1403 4961 1414 4996 :
1456 4963 1473 4993 ι
1502 4939 1661 4998 Falso
1701 4945 1836 4997 Era-

250 5029 440 5066 sinum
458 5021 678 5066 secutus
704 5012 878 5066 editor
895 5010 1278 5067 Bcnedictinus
1308 5015 1507 5078 legerat
1533 5024 1833 5078 senatores,

249 5098 381 5138 cum
411 5083 481 5137 de
528 5081 820 5150 Apollonio
847 5091 1076 5146 tantum,
1130 5093 1184 5137 ut
1233 5100 1296 5137 ex
1349 5083 1604 5152 Catalogo
1647 5086 1834 5153 liquet,

248 5154 465 5226 dictum
497 5153 604 5226 _sit_,
657 5155 929 5226 imoucum
956 5154 1172 5226 nedum
1203 5154 1270 5208 de
1302 5153 1606 5226 Hippolyto,
1642 5155 1736 5208 sed
1769 5156 1836 5210 de

251 5223 551 5291 Apollonio
575 5223 692 5292 ipso
720 5223 809 5276 alii
843 5223 1106 5286 dubitent,
1146 5223 1381 5278 fueritne
1411 5223 1646 5292 unquam
1676 5240 1836 5278 sena-

252 5305 388 5357 tor,
437 5310 504 5347 an
562 5298 780 5366 proprio
838 5293 1058 5363 ingenio
1089 5311 1156 5348 ex
1192 5295 1424 5350 Eusebio
1476 5293 1836 5366 Hieronymus

251 5365 689 5434 exaggeraverit.
733 5383 750 5414 ›

331 5436 443 5504 (80)
485 5433 723 5488 Histoire
744 5436 982 5505 générale
1020 5436 1109 5490 des
1152 5445 1364 5489 autcurs
1388 5439 1563 5490 sacres
1600 5446 1648 5490 et
1681 5437 1840 5490 ecclé—

254 5507 563 5579 siastiques,
607 5519 726 5573 cap.
782 5506 896 5579 27,
925 5507 1170 5579 insaint
1209 5506 1489 5579 Hippolyte
1537 5507 1741 5577 évéquc
1785 5518 1838 5561 et

254 5587 487 5649 rnartyr,
518 5577 767 5649 docteitr
786 5577 853 5632 de
884 5577 1121 5648 l'Eglise,
1157 5587 1288 5631 toni.
1320 5577 1381 5644 ll,
1408 5577 1533 5649 pag.
1570 5579 1673 5633 ‘5lb‘
1704 5579 1835 5634 edit.

255 5646 435 5702 Paris.
470 5646 600 5699 anui
640 5646 794 5700 1730.

329 5719 442 5786 (81)
483 5715 642 5768 Tum.
671 5715 760 5782 IV,
793 5733 912 5786 pag.
939 5718 1061 5771 (536.

328 5789 439 5858 (82)
481 5787 572 5859 Adi
614 5804 816 5859 annum
862 5789 1032 5850 1205,
1083 5803 1203 5859 pag.
1243 5787 1349 5842 9.23
1383 5791 1512 5843 edit.
1573 5790 1829 5845 Atnstelo-

261 5858 401 5915 dumi
449 5858 580 5913 anni
615 5858 782 5915 1658:
825 5879 841 5910 ι
878 5860 1010 5926 Quis
1037 5877 1099 5916 ex
1140 5858 1223 5915 liis
1251 5861 1488 5930 colligat,
1534 5875 1835 5918 senatorem

1940 3279 2098 3333 ticuit
2133 3276 2419 3342 Eusebius,
2458 3277 2541 3331 vel
2573 3293 2638 3330 ex
2677 3275 2926 3346 genuinis
2960 3277 3225 3346 Apollonii
3257 3279 3514 3349 martyris

1937 3369 2088 3424 Actis
2116 3369 2184 3422 ab
2216 3366 2452 3422 Eusebio
2484 3368 2816 3433 memoratis,
2845 3368 2929 3422 vel
2962 3383 3027 3423 ex
3058 3368 3200 3431 aliis,
3234 3384 3354 3436 quae
3383 3377 3515 3424 tunc

1939 3467 2278 3531 supererant,
2313 3459 2702 3522 monumentis,
2727 3458 2961 3513 Eusebio
2991 3457 3175 3512 forsan
3209 3459 3426 3526 ignotis,
3451 3457 3512 3514 S.

1935 3554 2127 3609 doctor
2163 3551 2432 3608 deducere
2461 3553 2634 3622 potuit
2664 3551 2796 3622 (εδ).
2825 3549 2934 3606 Nec
2961 3552 3210 3605 eumdem
3237 3550 3296 3606 S.
3333 3552 3516 3606 docto-

1937 3662 2050 3701 rem
2088 3645 2271 3700 vitiata
2287 3644 2466 3699 Rulini
2487 3645 2736 3700 versione
2761 3645 3070 3712 deceptum,
3096 3659 3220 3697 cum
3241 3643 3515 3714 Scaligero

1937 3748 1990 3794 et
2024 3737 2238 3809 Moynio
2267 3737 2516 3792 dubitare
2546 3735 2812 3805 quispiam
2859 3735 3072 3804 poterit.
3098 3733 3254 3794 Nam,
3291 3743 3351 3788 ut
3381 3735 3516 3788 scite

1937 3848 2035 3901 pro
2098 3847 2248 3884 more
2317 3844 2418 3884 suo
2501 3829 2754 3884 observat
2812 3827 3161 3882 doctissimus
3216 3827 3514 3881 Tillemon-

1939 3926 2047 3978 tius
2075 3925 2218 3992 (86),
2255 3923 2312 3978 S.
2361 3923 2717 3992 Hieronymus
2744 3923 2972 3974 virorum
3019 3920 3310 3973 illustrium
3348 3920 3512 3972 Cata-

1935 4009 2111 4086 logum
2145 4017 2352 4077 decem,
2404 4013 2687 4082 epistolam
2734 4027 2862 4066 vero
2904 4013 2969 4064 ad
3019 4010 3270 4081 Magnum
3305 4010 3512 4080 aliquot

1936 4169 2104 4223 fuisse
2157 4165 2630 4237 (Apollonium)?
2665 4166 2806 4237 unde
2855 4180 2983 4217 vero
3027 4164 3092 4217 de
3137 4163 3240 4216 hoc
3277 4173 3513 4237 martyre

1937 4234 2299 4310 Hieronymus
2348 4246 2402 4292 et
2445 4237 2673 4310 liulinus
2719 4236 2860 4310 scire
2909 4243 3232 4303 potuerunt,
3285 4234 3390 4288 nisi
3432 4251 3513 4310 ex

1934 4304 2209 4364 Eusebio?
2276 4309 2330 4362 In
2385 4308 2544 4376 epist.
2600 4307 2664 4359 ad
2719 4304 2970 4376 Magnum
3028 4315 3298 4376 oratorem
3361 4306 3513 4360 urbis

1935 4380 2148 4434 Romae:
2181 4397 2200 4428 ι
2241 4373 2557 4449 Hippolytus
2579 4390 2817 4449 quoque,
2837 4385 2890 4428 et
2919 4374 3236 4449 Apollonius
3255 4373 3514 4449 Humana:

1941 4469 1958 4502 ι
2002 4451 2151 4504 urbis
2191 4445 2466 4504 senatores
2496 4445 2711 4516 propria
2771 4447 3030 4514 opuscula
3075 4445 3447 4516 condiderunt.
3489 4464 3508 4495 ι

1937 4520 2041 4574 Iste
2072 4519 2390 4590 Hippolytus
2422 4515 2679 4572 Romanae
2721 4516 2868 4570 urbis
2915 4526 3132 4590 senator
3161 4526 3263 4590 tam
3297 4515 3520 4590 ignotus

1941 4593 2114 4661 potuit
2141 4585 2652 4661 cisse'Hieronymo,
2707 4603 2868 4661 quam
2917 4587 3054 4642 liber
3092 4585 3382 4661 Apollonii.
3417 4588 3512 4654 qui

1939 4654 2216 4732 nunquam
2252 4660 2371 4714 fuit.
2414 4654 2672 4732 litec,_ut
2705 4654 2845 4732 dixi,
2875 4673 2938 4711 ex
2983 4665 3310 4732 praepostera
3346 4654 3514 4732 Ense-

1937 4728 2089 4785 biani
2122 4732 2222 4784 loci
2261 4729 2703 4797 interpretatione
2735 4729 2974 4782 derivata
3007 4740 3154 4792 sunt,
3199 4728 3332 4797 dum
3375 4728 3514 4778 ἁπο-

1935 4802 2120 4870 ὶογῐαν
2153 4816 2250 4870 pro
2284 4795 2462 4854 libello
2488 4799 2825 4868 apologetieo
2855 4800 3146 4867 accipiunt.
3197 4795 3382 4870 Neque
3411 4799 3512 4851 du—

1937 4874 2048 4926 bito
2082 4869 2490 4942 Hieronymum,
2528 4870 2773 4942 cum_illa
2805 4871 3084 4934 scriberet,
3119 4883 3226 4942 non
3264 4869 3512 4942 Graecum

1939 4943 2153 4995 Eusebii
2187 4936 2478 5009 exemplar,
2513 4941 2606 4993 sed
2644 4938 2823 4992 Rulini
2869 4938 3366 5008 interpretationem
3415 4936 3514 4992 La-

1937 5017 2103 5068 tinam
2134 5013 2184 5063 in
2217 5013 2470 5065 manibus
2495 5011 2769 5064 habuisse.
2803 5029 2820 5060 ι

2010 5085 2122 5148 (85)
2167 5082 2467 5150 Prolegom.
2503 5082 2566 5133 ad
2608 5079 2772 5133 Varia
2802 5097 2938 5133 sarr.
2963 5121 2976 5140 ,
3008 5090 3046 5133 t.
3085 5079 3124 5144 l,
3158 5098 3209 5149 p.
3243 5083 3334 5135 52.

2008 5155 2120 5222 (8-1)
2160 5151 2237 5204 Ad
2273 5168 2360 5204 an.
2401 5152 2524 5215 189,
2560 5168 2710 5204 nunt.
2743 5152 2796 5211 4,
2829 5153 2885 5222 in
2911 5151 3104 5204 Annal.
3132 5151 3350 5207 Bat‘onii
3375 5159 3507 5204 tom.

1937 5221 2157 5292 ll,p:tg.
2191 5222 2315 5284 5&2,
2341 5223 2471 5275 edit.
2501 5222 2658 5275 Lucze
2684 5222 2810 5275 anni
2849 5221 2997 5275 1758.

2011 5290 2120 5364 (85)
2165 5293 2410 5362 Legenda
2437 5302 2562 5364 sunt
2585 5309 2672 5357 ea,
2705 5309 2825 5361 quae
2849 5293 2900 5345 in
2929 5293 3072 5345 notis
3097 5293 3164 5346 ad
3197 5290 3506 5364 c.42l,_lib.

1939 5382 1968 5417 v
2003 5361 2140 5417 Hist.
2183 5361 2308 5417 ectl.
2352 5363 2603 5432 Eusebii,
2648 5380 2767 5432 pag.
2799 5363 2934 5428 illi),
2967 5363 3195 5418 allirmat
3229 5361 3509 5414 Valesius:

1945 5457 1962 5487 ι
1999 5434 2197 5497 νυιιιίι,
2237 5434 2431 5502 inquit,
2465 5431 2824 5505 Hieronymus
2869 5435 3042 5504 legere
3067 5433 3194 5505 Acta
3240 5434 3353 5505 ipsa
3385 5447 3512 5505 pas-

1939 5507 2111 5561 sionis
2153 5498 2442 5574 Apollonii,
2473 5505 2538 5558 ad
2566 5498 2706 5575 quae
2726 5520 2824 5557 nos
2873 5498 3082 5575 ablegat
3130 5498 3415 5556 Eusebius.
3454 5498 3512 5552 In

1938 5579 2136 5646 quibus
2180 5573 2328 5630 Actis
2356 5586 2409 5628 et
2438 5573 2655 5629 senator
2683 5573 3079 5646 Romanus,'et
3129 5589 3158 5626 a
3213 5586 3370 5626 servo
3413 5586 3513 5625 suo

1939 5645 2183 5716 proditus
2232 5646 2530 5710 dicebatur,
2584 5655 2641 5700 ut
2679 5645 2932 5699 credibile
2959 5655 3074 5709 est;
3114 5663 3130 5694 ι
3167 5658 3378 5716 necnon
3425 5659 3510 5704 ea,

1939 5715 2058 5786 qua:
2080 5718 2132 5769 in
2161 5725 2398 5770 nostram
2433 5718 2752 5770 sententiam
2788 5717 2949 5769 etiam
2981 5717 3032 5767 in
3067 5716 3209 5770 notis
3239 5715 3512 5782 variorum

1941 5790 2006 5842 ad
2043 5792 2184 5840 hunc
2215 5787 2463 5841 etundetn
2499 5787 2675 5839 locum
2709 5793 3020 5840 monentur.

2011 5860 2120 5930 (86)
2162 5856 2316 5915 Tom.
2355 5856 2443 5926 Ill,
2477 5857 2748 5910 .llémoires
2789 5873 2921 5926 pout'
2964 5858 3126 5910 sel't‘lt'
3171 5860 3202 5912 ὰ
3239 5855 3514 5912 ΓΗίειοιω
