3966 6344
220 388 311 443 ωε

1000 386 1088 444 DE
1126 387 1521 447 PORTUENSI
1562 393 1620 448 S.
1656 390 2014 448 HIPPOLYTI
2048 391 2242 449 SEDE.
2275 421 2346 432 -
2374 391 2554 448 PARS
2584 391 2625 447 Ι.

215 521 376 566 autem
410 508 702 566 Commodi
727 510 964 566 animum
997 513 1308 581 praesciens,
1332 513 1552 576 invenit,
1577 530 1766 582 quem-
1794 521 1840 577 Α
1867 515 1987 578 eius
2029 515 2237 586 judicio
2282 516 2335 568 in
2377 524 2567 572 senatu
2615 513 2956 581 interfuerit,
2991 516 3154 586 quod
3191 517 3442 588 impossi-

212 603 486 657 admodum
533 603 653 672 ipse
692 612 879 672 potens
913 613 1087 669 esset;
1134 621 1260 658 nam
1294 606 1563 674 persuasit
1605 607 1769 660 Com-
1870 607 1976 661 bile
2021 621 2084 661 ac
2131 606 2359 677 penitus
2387 607 2747 676 incongruum
2797 606 2973 663 doctis
3001 609 3134 663 viris
3188 608 3325 664 falso
3358 611 3440 666 vi-

211 695 378 756 modo,
408 702 471 746 ut
501 693 621 763 ipse
643 693 856 748 deliciis
882 703 1120 754 vacaret,
1165 694 1306 748 idem
1355 709 1482 748 vero
1510 693 1767 750 Perennis
1867 712 1989 752 sum
2016 706 2118 752 est.

208 784 341 839 curis
369 782 749 850 incumberet,
798 783 943 853 quod
971 783 1302 839 Commodus
1348 785 1590 839 laetantcr
1612 801 1767 841 acce-

207 876 290 946 pit.
312 895 331 927 ι
365 875 431 930 Et
456 877 630 944 paulo
655 886 780 946 post
807 893 822 929 :
856 894 874 926 ι
899 875 1051 929 Tunc
1079 883 1258 930 tamen
1281 875 1543 932 Perennis
1571 889 1764 934 cuncta

205 969 408 1024 sibimet
434 969 759 1034 vindicavit,
795 984 932 1040 quos
966 969 1135 1023 voluit
1182 970 1476 1034 interemit,
1510 971 1765 1039 spoliavit

205 1058 490 1130 plurimos,
530 1062 718 1115 omnia
765 1061 887 1131 jura
914 1060 1196 1116 subvertit.
1227 1080 1248 1114 ι
1284 1060 1594 1131 Lampridio
1633 1076 1768 1116 con-

201 1152 427 1208 sentiunt
451 1150 560 1208 Dio
579 1151 691 1224 (96)
715 1161 768 1208 et
798 1151 1160 1220 Herodianus,
1182 1152 1325 1208 unde
1352 1153 1512 1209 nobis
1533 1169 1764 1225 arguere

201 1243 312 1298 licet
338 1260 507 1314 quam
541 1245 680 1300 altas
710 1244 765 1298 in
815 1244 1046 1315 imperio
1077 1244 1324 1301 Romano
1358 1246 1568 1303 radices
1593 1248 1764 1318 egerit

199 1332 447 1391 Perennis
497 1336 766 1406 potentia.
818 1334 964 1402 Sed,
1019 1351 1089 1392 ne
1131 1337 1219 1391 cui
1265 1338 1491 1392 dubium
1524 1341 1762 1408 supersit

198 1426 487 1483 Perennem
541 1428 800 1498 capitales
839 1428 1340 1484 animadversiones
1394 1431 1448 1484 in
1503 1431 1763 1500 ipsosmet

196 1528 464 1576 senatores
490 1519 833 1586 exercuisse,
861 1520 1236 1575 exscribamus
1263 1521 1351 1576 hic
1394 1522 1762 1578 luculentissi-

194 1625 330 1664 mum
348 1607 652 1664 Herodiani
675 1608 789 1680 (97)
813 1609 1207 1678 testimonium,
1223 1626 1289 1665 ex
1312 1627 1423 1682 quo
1448 1627 1556 1666 non
1579 1614 1758 1668 solum

193 1711 395 1757 constat
443 1700 752 1757 Perennem
783 1702 996 1772 plenam
1034 1702 1088 1757 iu
1133 1703 1423 1773 primarios
1448 1714 1757 1773 senatores,

192 1795 312 1864 qui,
340 1793 730 1863 coniuratione
760 1793 923 1860 facta,
953 1793 1312 1850 Commodum
1343 1795 1409 1851 de
1435 1797 1615 1852 medio
1650 1799 1756 1853 tol-

1867 851 1983 928 VH.
2024 850 2345 928 Prudentius
2373 853 2735 928 Hippolytum
2773 853 3116 911 Portuemem
3153 859 3437 928 elegantis-

1937 923 2069 975 simo
2104 925 2335 976 carmine
2365 923 2630 990 laudavit,
2673 927 2736 978 de
2783 943 2884 995 quo
2928 936 3099 983 tamen
3133 923 3273 984 varie
3314 947 3436 984 sen-

1940 995 2085 1046 tiunt
2125 995 2342 1046 eruditi.

1935 1143 2294 1212 Prudentius,
2350 1147 2441 1216 qui
2508 1147 2610 1202 sub
2679 1145 2990 1204 Theodosio
3038 1148 3265 1204 Juuiore
3336 1149 3438 1206 ﬂo-

1863 1237 2006 1301 ruit,
2049 1237 2100 1290 in
2157 1238 2296 1292 libro
2343 1238 2483 1305 Hspl
2535 1237 2887 1307 Στεφάνων,
2945 1241 3149 1311 hymno
3204 1243 3260 1295 11
3318 1244 3432 1314 (l),

1864 1329 2208 1399 Hippolytum
2244 1337 2533 1401 martyrem
2568 1329 2923 1386 Portuensem
2949 1334 3287 1390 carminibus
3317 1337 3434 1390 suis

1861 1421 2174 1486 celebravit,
2192 1422 2352 1490 cujus
2380 1424 2751 1478 cmmeterium
2789 1425 2842 1479 in
2866 1441 2997 1496 agro
3022 1425 3236 1481 Verano
3267 1428 3433 1483 situm

1861 1520 2017 1566 aetate
2045 1527 2143 1565 sua
2170 1526 2517 1582 summOpcre
2551 1516 2953 1570 venerabantur
2979 1516 3208 1572 Romani
3234 1520 3434 1573 exteri-
3487 1553 3500 1567 .

1860 1619 1984 1673 que.
2013 1602 2212 1658 Verum
2245 1621 2312 1660 ex
2343 1614 2423 1660 tot
2452 1606 2777 1680 Hippolytis,
2805 1625 2944 1679 quos
2976 1611 3146 1665 sacris
3176 1611 3436 1667 Ecclesia:

1861 1694 2017 1748 fastis
2043 1694 2309 1763 ascriptos
2334 1697 2631 1763 cernimus,
2661 1701 2916 1769 quisnam
2946 1701 3033 1754 ille
3058 1701 3240 1768 fuerit,
3267 1718 3434 1771 quem

1860 1787 2188 1844 Prudentius
2231 1791 2444 1861 egregio
2493 1793 2594 1846 hoc
2637 1792 2882 1846 carmine
2924 1793 3186 1858 laudarit,
3232 1795 3439 1848 acriter

196 1886 297 1940 lene
343 1887 703 1956 cogitarunt,
749 1885 1182 1956 iurisdictionem
1230 1887 1513 1956 habuisse,
1561 1905 1750 1945 verum
1781 1880 1825 1934 Β
1854 1883 2138 1952 hucusque
2185 1883 2520 1952 disputatum
2577 1883 2680 1939 l'uit
2727 1901 2756 1941 a
2805 1886 3200 1941 recentioribus
3247 1888 3430 1957 magni

196 1977 376 2043 etiam,
444 1977 600 2047 quod
653 1992 998 2048 summopere
1062 1978 1404 2044 mirandum,
1467 1981 1758 2050 ipsammet

202 2067 462 2122 Commodi
510 2084 764 2124 sororem
813 2071 946 2124 tanti
983 2071 1205 2126 sceleris
1253 2073 1531 2128 consciam
1564 2076 1756 2130 mortis

209 2160 446 2230 supplicio
495 2162 814 2230 mulctasse.
858 2181 876 2214 ι
915 2161 1257 2229 Quaestiones
1317 2174 1533 2230 autem,
1581 2167 1757 2236 inquit

210 2251 552 2318 Herodianus,
602 2251 872 2309 Perennio
907 2255 1192 2326 diligenter
1235 2266 1553 2321 exercente,
1599 2273 1755 2314 soror

207 2345 297 2411 ipsa
321 2345 644 2409 Commodi,
674 2345 1048 2416 coniuratique
1072 2363 1282 2410 omnes,
1311 2349 1601 2418 caaterique
1624 2364 1756 2418 pra:-

199 2443 320 2490 terea
352 2437 848 2508 quantulacunque
893 2439 1204 2508 suspicione
1233 2440 1442 2506 attacti,
1488 2440 1754 2509 supplicio

194 2530 347 2585 δεθειί
399 2537 558 2584 sunt.
609 2547 629 2581 ι
663 2528 983 2599 Spartianus
1029 2531 1084 2585 in
1139 2529 1357 2596 Severo,
1408 2541 1467 2586 ut
1508 2533 1754 2586 animad-

190 2623 333 2678 vertit
358 2621 753 2678 'l‘illemontius
790 2622 926 2693 (98),
960 2638 990 2677 a
1019 2622 1288 2692 praefectis
1311 2625 1563 2693 praetorio
1596 2640 1753 2681 sena-

188 2715 344 2769 torios
372 2715 527 2769 viros
545 2714 818 2784 iudicatos
849 2713 1019 2770 fuisse
1045 2724 1294 2770 testatur.
1324 2714 1559 2771 Severus
1583 2717 1749 2784 enim,

190 2825 208 2856 ε
231 2805 322 2874 qui
349 2822 381 2859 a
412 2805 544 2860 divo
573 2806 754 2861 Marco
778 2807 945 2861 latum
972 2806 1183 2860 clavum
1207 2807 1379 2876 petiit,
1403 2817 1458 2861 et
1485 2808 1747 2877 accepit,»

179 2909 230 2952 et
260 2899 686 2968 quamplurimis
725 2898 939 2970 prmluit
980 2899 1307 2970 provinciis,
1363 2919 1382 2950 ‹
1422 2900 1476 2953 in
1525 2899 1750 2968 Silicia,

180 2990 336 3057 quasi
364 2990 433 3044 de
466 2991 700 3059 imperio
724 2991 806 3045 vel
835 2999 1008 3055 vates,
1031 2990 1114 3046 vel
1136 2990 1418 3046 Chaldaeos
1446 2992 1756 3049 consuluis-

176 3092 289 3146 set,
337 3098 464 3138 reus
514 3081 692 3138 factus
725 3084 867 3153 apud
903 3082 1184 3153 praefeCtos
1235 3084 1521 3153 praetorio,
1555 3085 1753 3153 quibus

176 3172 487 3229 audiendus
533 3175 693 3228 datus
742 3174 948 3240 fuerat,
995 3175 1107 3246 jam
1141 3177 1441 3232 Commodo
1473 3179 1526 3232 in
1560 3179 1748 3234 odium

175 3272 467 3332 veniente,
519 3267 804 3322 absolutus
835 3277 947 3333 est,
991 3268 1386 3324 calumniatore
1435 3270 1491 3324 in
1531 3286 1746 3326 crucem

177 3368 302 3413 acto
331 3359 472 3429 (99).
500 3377 521 3411 ι
557 3359 638 3414 Ex
667 3359 754 3415 his
787 3361 968 3431 itaque
1017 3361 1464 3436 luculentissimis
1489 3364 1752 3436 exemplis

173 3461 362 3520 aperte
391 3459 659 3518 constat,
710 3450 1006 3508 Perennem
1033 3492 1048 3518 ,
1089 3463 1424 3524 caaterosque
1469 3455 1749 3525 praefectos

169 3544 433 3612 praetorio
472 3543 580 3600 sub
628 3543 927 3600 Commodo
976 3545 1185 3615 plenam
1231 3546 1285 3600 in
1331 3558 1612 3604 senatores
1648 3567 1748 3621 po-

170 3634 788 3704 testatemﬁhabuisse;
843 3651 1013 3706 quare
1066 3637 1220 3691 irrito
1269 3653 1494 3708 prorsus
1549 3653 1748 3696 conatu

171 3725 456 3795 Scaliger,
485 3734 541 3780 et
567 3735 690 3796 post
719 3741 840 3780 eum
880 3727 1131 3798 Moynius
1173 3737 1227 3781 et
1268 3727 1499 3800 Pagius,
1551 3729 1747 3785 Rulino

169 3818 408 3874 inscitia:
429 3829 486 3874 et
512 3817 570 3874 S.
608 3818 932 3890 Hieronymo
975 3821 1310 3878 credulitatis
1337 3833 1494 3878 notas
1535 3823 1750 3879 inurere

170 3917 458 3963 tentarunt
482 3947 499 3973 ,
550 3922 673 3962 cum
703 3909 1024 3978 Apollonius
1064 3911 1213 3966 urbis
1250 3923 1471 3968 senator
1509 3930 1628 3968 esse
1657 3930 1750 3984 po-

169 4001 361 4067 tuerit,
379 3999 634 4070 quamvis
656 3998 917 4056 Perennis
951 4005 1203 4072 praetorio
1226 4005 1508 4074 praefectus
1533 4008 1747 4076 capitali

247 4217 362 4290 (96)
411 4217 662 4290 Cassius
691 4217 789 4272 Dio
822 4220 1188 4287 Cocceianus,
1241 4222 1445 4278 Hister.
1500 4225 1749 4280 Romcmce

171 4287 267 4367 lib.
290 4287 457 4367 _t.'xx__u
481 4290 591 4367 ,_in
623 4287 906 4367 Commodo
930 4332 958 4367 ,_
994 4303 1124 4367 tom.
1157 4292 1200 4348 ll
1221 4334 1236 4360 ,
1273 4296 1300 4364 §
1327 4296 1394 4362 9,
1430 4313 1550 4367 pag.
1589 4297 1745 4361 1210,

173 4361 305 4414 l2”
339 4360 474 4430 edit.
509 4357 805 4430 Hamburgi
833 4363 961 4415 anni
995 4361 1152 4416 1752.

240 4430 362 4500 (97)
395 4429 526 4501 Lib.
567 4444 616 4492 ι,
667 4429 786 4498 cap.
820 4431 882 4495 8,
929 4449 1047 4501 pag.
1098 4433 1169 4488 25
1217 4435 1346 4490 edit.
1392 4434 1476 4491 Jo.
1531 4435 1746 4495 chrici

172 4500 765 4572 Βερσῑεξτί-ξιιιηο]59)Δ
783 4500 1146 4572 Argentorati.

1857 1976 2099 2032 nominis
2147 1979 2529 2047 scriptoribus.
2576 1980 2681 2034 Alii
2724 1981 2903 2044 enim,
2950 1997 3186 2050 quorum
3233 1998 3430 2052 agmen

1855 2067 2005 2124 ducit
2052 2071 2322 2125 maximus
2367 2072 2653 2126 Annalium
2700 2075 3176 2128 ecclesiasticarum
3231 2089 3430 2143 parens

1855 2161 2122 2218 Baronius
2159 2163 2272 2231 (2),
2321 2163 2615 2220 Prudentio
2659 2165 2793 2219 vitio
2825 2174 3077 2231 vertunt,
3125 2167 3269 2236 quod
3315 2176 3427 2221 tres

1855 2251 2172 2325 Hippolytos
2201 2255 2254 2309 in
2291 2271 2457 2310 unum
2503 2256 2838 2321 confuderit,
2870 2259 3183 2327 episcopum
3220 2257 3429 2312 scilicet

1855 2356 2102 2401 nostrum
2122 2387 2136 2411 ,
2164 2347 2391 2402 militem
2429 2349 2532 2403 sub
2562 2347 2852 2403 Valeriano
2877 2365 3096 2418 passum
3128 2359 3182 2403 et
3205 2350 3425 2404 demum

1853 2435 2200 2508 Hippolytum
2237 2440 2611 2511 presbyterum
2661 2441 3092 2508 Antiochenum,
3130 2443 3282 2512 prius
3311 2441 3426 2496 Νο-

1850 2533 1960 2587 vati
1983 2533 2328 2604 discipulum,
2353 2544 2538 2604 postea
2563 2536 2857 2604 gloriosum
2888 2535 3090 2591 Christi
3131 2546 3430 2606 martyrem

1852 2623 1956 2676 sub
1987 2620 2170 2677 Decio.
2211 2623 2316 2676 Alii
2349 2637 2501 2688 vero,
2555 2623 2696 2676 inter
2727 2637 2865 2692 quos
2895 2621 3268 2677 Tlieodoricus
3299 2621 3430 2677 Rui-

1852 2715 2063 2770 nartius
2085 2715 2186 2782 (5),
2219 2713 2576 2770 Sebastianus
2605 2713 2982 2768 Tillemontius
3012 2713 3112 2784 (4),
3143 2712 3426 2783 Remigius

1851 2805 2155 2864 Ceillierius
2199 2805 2279 2877 (5)
2305 2846 2319 2868 ,
2366 2805 2565 2874 aliique
2594 2805 2921 2859 contrariam
2953 2820 3178 2875 prorsus
3202 2815 3426 2859 tuentur

1853 2898 2199 2961 sententiam,
2229 2907 2284 2952 et
2304 2896 2657 2952 Prudentium
2690 2897 2758 2950 ab
2788 2897 2892 2951 hoc
2915 2896 3254 2951 confusionis
3289 2897 3423 2952 vitio

1849 2991 2125 3045 vindicare
2159 3001 2464 3056 conantur,
2489 2990 2618 3044 dum
2661 2991 2882 3044 unicum
2919 2988 3264 3060 Hippolytum
3299 3006 3421 3060 pre-

1852 3083 2126 3154 sbyterum
2147 3083 2214 3136 ab
2237 3082 2353 3152 ipso
2369 3083 2645 3137 laudatum
2662 3083 2868 3146 dicunt,
2887 3083 2978 3152 qui
2994 3082 3424 3138 Novatianorum

1853 3182 2015 3230 sectae
2066 3174 2276 3244 laqueis
2326 3175 2602 3244 quondam
2662 3175 2936 3242 irretitus,
2987 3191 3178 3230 eorum
3226 3175 3426 3231 hazresi

1851 3268 2193 3337 postmodum
2222 3267 2429 3337 eiurata
2456 3309 2471 3332 ,
2516 3267 2780 3334 insignem
2828 3267 3073 3337 martyrii
3101 3267 3336 3336 palmam
3364 3265 3423 3322 in

1852 3359 2020 3414 Portu
2072 3357 2319 3413 Romano
2364 3368 2446 3414 est
2489 3358 2738 3428 adeptus.
2775 3357 3001 3413 Demum
3049 3358 3252 3412 Fl'OlllO
3307 3356 3420 3411 Du-

1851 3466 1996 3507 caeus
2019 3450 2094 3523 (6)
2124 3451 2357 3506 mediam
2383 3451 2523 3506 inter
2543 3453 2643 3505 hos
2667 3450 2946 3520 professus
2971 3460 3052 3504 est
3075 3450 3421 3516 sententiam;

1850 3544 1979 3598 dum
2011 3544 2357 3616 Hippolytum
2389 3545 2702 3614 episcopum
2729 3543 3084 3598 Portuensem
3111 3559 3142 3596 a
3171 3541 3420 3597 Pruden-

1849 3637 1926 3693 tio
1971 3637 2076 3693 hoc
2124 3637 2367 3692 carmine
2410 3637 2688 3692 laudatum
2735 3636 2980 3701 censuit,
3025 3649 3186 3704 quem
3227 3632 3423 3689 Novati

1849 3729 2128 3785 erroribus
2168 3738 2386 3798 captum
2429 3738 2484 3782 et
2535 3744 2659 3782 mox
2701 3738 2824 3782 ante
2869 3727 3117 3797 martyrii
3158 3741 3424 3782 coronam

1848 3822 2153 3876 exsolutum
2179 3819 2415 3874 tradidit.
2445 3819 2654 3886 Quibus
2677 3836 2806 3875 vero
2828 3821 3099 3875 rationum
3130 3821 3424 3878 momentis

1848 3913 2134 3983 praecipua:
2164 3928 2488 3982 magnorum
2525 3913 2765 3968 virorum
2810 3913 3052 3968 nitantur
3098 3914 3419 3980 sententiae,

1849 4006 2001 4074 prius
2031 4004 2324 4074 inquirere,
2348 4015 2404 4059 et
2433 4005 2650 4060 demum
2682 4005 2810 4074 quid
2843 4016 2966 4076 post
3019 4015 3422 4078 tot.tantosque

1849 4233 2196 4302 imperatore.
2229 4250 2250 4282 ›
2294 4231 2352 4285 Id
2386 4231 2564 4303 ipsum
2600 4233 2794 4303 repetit
2837 4232 2891 4286 iu
2935 4232 3079 4287 notis
3117 4232 3182 4286 ad
3217 4231 3418 4303 Marty-

1849 4304 2112 4372 rologium
2165 4304 2469 4356 ltomanum
2497 4302 2583 4356 die
2611 4303 2680 4356 50
2706 4302 2972 4368 Januarii,
3021 4319 3073 4372 p.
3104 4303 3194 4370 55,
3225 4305 3312 4358 die
3348 4302 3416 4359 i5

1849 4373 2077 4442 Augusti
2101 4412 2114 4431 ,
2136 4388 2285 4444 _pag.
2317 4373 2421 4444 540
2440 4414 2454 4438 ,
2481 4383 2536 4428 et
2562 4373 2632 4426 22
2659 4373 2901 4443 ejusdem
2948 4375 3186 4442 mensis,
3219 4391 3270 4444 p.
3311 4375 3418 4430 555

1849 4444 2102 4498 editionis
2136 4442 2428 4496 Rosweidi.

1925 4514 2001 4584 ('5)
2040 4514 2173 4565 Acta
2216 4522 2505 4582 martyrum
2548 4514 2774 4573 sincera,
2813 4529 2932 4584 pag.
2981 4515 3085 4568 145
3131 4517 3224 4570 cit.
3261 4516 3416 4580 edit.,

239 4569 566 4666 (9823mm.
596 4567 660 4623 ΙΙΙ
681 4613 696 4637 ,
722 4567 888 4631 Notcs
919 4589 1014 4628 sur
1045 4573 1188 4628 saint
1215 4573 1510 4644 Apollone,
1537 4587 1663 4634 note
1694 4581 1748 4647 4,
1781 4586 1825 4641 D
1855 4567 2225 4666 admonitione
2277 4585 2329 4636 in
2355 4567 2825 4666 "martyrium
2852 4567 3121 4666 Hippolyti
3270 4567 3417 4666 ficii

171 4641 547 4781 Ρῧῗέέὶῗιὲἶιηῐ
579 4708 1006 4794 ᾼΞΙὶξ-ξρτιηίίξηὶ
1052 4713 1216 4794 verba
1260 4715 1314 4794 i_n
1350 4715 1536 4794 Severo
1571 4719 1745 4790 impe-

169 4793 398 4856 ratore1
425 4781 650 4856 pag._tj5
683 4781 887 4856 Hister.
918 4786 1144 4856 August.
1173 4787 1379 4856 script.,
1425 4790 1553 4842 edit.
1590 4781 1742 4844 ciiat.

239 4851 500 4923 (l)‘Pag.
543 4851 664 4923 194Δ
681 4853 810 4906 edit.
852 4851 1164 4923 Antuerpiae
1205 4851 1332 4910 anui
1366 4851 1531 4912 ⁷1564.
1581 4861 1748 4915 Aure-

172 4920 283 4995 lius
330 4920 588 4995 Clemens
638 4920 962 4978 Prudentius
999 4920 1158 4980 natus
1185 4937 1269 4980 est
1297 4943 1442 4981 anno
1476 4929 1611 4995 548,
1644 4931 1746 4985 sub

173 4993 342 5067 Saliae
393 4991 720 5067 consulatu,
773 4995 1274 5067 ut_ipse_gtestatur
1329 4999 1382 5051 in
1434 4991 1746 5067 praefatione

171 5063 638 5139 Cathemerinwu,
680 5079 800 5139 pag.
838 5063 926 5139 3§.
979 5062 1108 5139 Ejus
1142 5066 1379 5135 Uperum
1434 5062 1744 5139 catalogum

175 5132 688 5205 texitgcnnadius
718 5132 794 5205 _in
863 5133 1119 5205 Catalogo
1172 5132 1402 5190 uirorum
1450 5132 1744 5196 illustrium

173 5219 298 5272 cap.
335 5203 436 5280 15,
467 5217 528 5280 ρε
557 5202 873 5280 _'_l‘0_t_l_l._
899 5202 1297 5280 l'|_0perum_S.
1329 5207 1639 5280 Hieronymi
1666 5216 1746 5267 ci-

173 5270 303 5351 tata:
325 5273 458 5327 edit.
488 5270 758 5351 Vallarsii.
778 5274 910 5351 Vide
936 5270 1183 5331 Ruinart.
1214 5278 1267 5330 in
1285 5279 1418 5351 _Act_.
1445 5270 1744 5351 Martyrum

174 5347 412 5409 sincer.,
457 5357 585 5412 pag.
632 5343 770 5411 144,
821 5346 913 5399 ubi
961 5358 1242 5402 auctorum
1282 5349 1336 5403 in
1389 5343 1742 5407 Pruden'tium

174 5413 368 5468 laudes
397 5413 686 5481 descripta:
710 5417 1068 5481 reperiuntur.

242 5483 446 5561 (ξ)
500 5497 716 5561 anitum
743 5483 944 5541 Christi
987 5488 1123 5561 229,
1167 5505 1322 5561 num.
1372 5490 1437 5556 9,
1485 5499 1617 5546 tom.
1656 5492 1741 5561 ll,

176 5553 310 5622 pag.
336 5555 437 5608 481
501 5553 632 5632 edit.
697 5555 854 5610 Luca:
885 5575 899 5610 ε
936 5574 963 5632 «Α
985 5553 1116 5613 Haec
1163 5553 1506 5632 Prudentius,
1535 5566 1627 5632 qui
1660 5553 1742 5620 ta;

179 5640 304 5704 men
332 5639 524 5704 errore
565 5625 780 5693 lapsus,
811 5635 920 5682 tres
953 5629 1004 5682 in
1043 5645 1208 5704 unum
1242 5625 1522 5704 confundit
1549 5625 1744 5704 Hippo-

183 5694 341 5765 lytos.
393 5695 622 5775 militent
644 5711 850 5775 _uemp_e
879 5715 1095 5766 passum
1122 5701 1222 5775 sub
1266 5699 1554 5757 Valeriano
1573 5745 1587 5766 ,
1615 5694 1742 5775 epi-

181 5777 406 5833 Icoputn
442 5767 548 5841 sub
595 5765 899 5841 Alexandro
945 5781 996 5824 et
1039 5772 1410 5841 presbyterum
1453 5765 1742 5831 Antioche-

183 5847 348 5902 uum,
417 5835 550 5891 olim
624 5833 1008 5907 Novatianum,
1040 5833 1358 5912 'mart'yrem
1415 5845 1518 5901 sub
1581 5846 1740 5904 Decio

1851 4654 2016 4724 igitur
2055 4655 2234 4725 alium
2287 4653 2636 4725 agnoscimus
2681 4653 3021 4725 Hippolytum
3053 4653 3103 4708 in
3143 4656 3245 4712 hoc
3279 4655 3419 4712 PH]?

1847 4723 2014 4778 dentii
2052 4724 2276 4795 hymno,
2316 4733 2506 4793 pneter
2535 4723 2890 4778 Portuenseni
2938 4735 3229 4795 martyrem
3274 4729 3417 4782 cele-

1850 4795 2167 4860 berrimum,
2219 4795 2306 4847 cui
2361 4795 2475 4848 haec
2518 4796 2720 4859 omnia,
2768 4811 2891 4862 quae
2933 4796 3001 4849 ab
3041 4796 3143 4850 hoc
3197 4807 3419 4852 auctore

1847 4863 2175 4927 referuntur,
2209 4865 2412 4930 optime
2434 4874 2742 4932 competere
2764 4866 3163 4919 cuistiltlamtts.
3205 4887 3223 4918 ι

1919 4934 2189 5058 (4)41‘0111.
2222 4934 2309 5000 lll,
2341 4951 2460 5004 pag.
2487 4935 2791 5000 675,Notes
2825 4952 2920 4990 sur
2944 4938 3089 4991 saint
3113 4935 3414 5009 Hippolyte,

1943 5022 1972 5057 θ
2037 5045 2049 5056 .

1845 5015 1972 5060 note
1997 5015 2049 5058 4.

1918 5075 1996 5146 (5)
2037 5073 2196 5130 Tom.
2228 5075 2293 5138 ll,
2323 5091 2445 5145 cap.
2478 5076 2568 5139 55,
2599 5092 2719 5145 pag.
2747 5075 2872 5138 567,
2911 5075 2939 5146 §
2973 5075 3027 5129 6.

1917 5149 1994 5215 (6)
2036 5146 2093 5199 In
2123 5162 2220 5200 sua
2248 5146 2538 5215 Nicephori
2569 5148 2778 5201 Callisti
2811 5146 3203 5204 Ecclesiasticw
3248 5150 3417 5202 histo—

1844 5217 1941 5271 ria:
1972 5217 2410 5289 interpretatione
2437 5232 2558 5270 cum
2577 5216 2778 5289 Graecis
2818 5218 3013 5289 collata
3038 5228 3094 5274 et
3118 5220 3415 5289 recognita,

1847 5300 1953 5359 tam
1981 5289 2047 5340 ad
2081 5303 2202 5357 cap.
2231 5288 2319 5352 51,
2357 5287 2464 5359 lib._
2490 5303 2539 5340 Iv
2591 5286 2758 5351 Hist.,
2789 5304 2841 5357 p.
2867 5288 2991 5353 550,
3020 5304 3182 5359 quam
3209 5286 3334 5359 cap.
3358 5289 3414 5350 5,

1845 5358 1938 5411 Lb.
1965 5374 2038 5422 v1,
2072 5373 2126 5426 p.
2181 5359 2286 5412 595
2311 5357 2674 5413 edit.Lutetiae
2711 5357 3053 5413 ParisiOrum
3090 5361 3219 5412 anni
3255 5358 3412 5419 1650.

1847 5428 1936 5481 ubi
1982 5429 2080 5498 de__
2107 5427 2315 5483 Novato
2363 5432 2586 5498 suisque
2649 5431 2872 5484 asseclis
2907 5429 3148 5493 disserit,
3205 5429 3414 5482 nullum

1846 5498 2012 5552 alium
2041 5496 2385 5569 Hippolytum
2419 5515 2448 5553 a
2483 5496 2780 5554 Prudentio
2825 5501 2876 5553 iu
2912 5515 3013 5556 suo
3047 5500 3247 5569 hymno
3297 5499 3413 5552 Iau-

1845 5569 2031 5623 datum
2065 5571 2330 5639 agnoscit,
2357 5585 2521 5639 quam
2551 5580 2798 5625 nostrum
2829 5571 3182 5624 Portueusem
3205 5569 3418 5637 episcoc

1847 5655 1994 5708 pum.
2028 5656 2047 5711 ς
2081 5638 2398 5711 Hippolytus
2437 5641 2754 5695 Portueusis
2782 5641 3066 5708 episcopus
3092 5649 3146 5711 et
3177 5648 3414 5711 tuartyr,

1846 5725 1968 5762 cum
1985 5710 2052 5764 ad
2084 5709 2408 5780 supplicium
2444 5721 2744 5779 raperetur,
2780 5721 2838 5764 ut
2875 5718 2958 5780 est.
2997 5710 3138 5779 apud
3173 5709 3416 5764 Pruden-

1845 5782 2002 5843 tium,
2031 5799 2049 5832 ι
2077 5779 2386 5854 reSpondit:
2411 5799 2430 5831 ι
2459 5780 2671 5854 Fugite,
2706 5796 2746 5854 op
2767 5779 2973 5845 miseri,
2998 5798 3018 5854 ξ
3050 5789 3179 5844 etc.,
3205 5781 3415 5854 insigne

1845 5851 2246 5909 retractationis
2282 5868 2376 5908 seu
2420 5851 2780 5910 revocationis
2812 5852 3146 5922 exemplum.
