3966 6344
537 374 642 435 ιιι

1332 372 1420 427 DE
1457 370 1852 430 PORTUENSI
1899 373 1955 426 S.
2003 370 2372 429 HIPPOLYTI
2405 371 2595 428 SEDE.
2630 401 2698 412 -—
2727 371 2906 427 PARS
2930 370 2969 424 Ι.
3642 382 3730 437 412

527 496 730 568 vulgus
755 494 957 552 emisit.
1008 490 1188 550 Pridie
1225 494 1495 553 Kalendas
1529 496 1810 552 Februarii
1839 495 2104 567 Mar-tyro—
2133 502 2181 557 Α
2208 497 2316 552 cris
2338 495 2594 553 Ecclesia
2616 496 2772 552 fastis
2793 496 3057 565 ascriptos
3079 497 3368 565 cernimus,
3394 496 3729 570 Prudentium,

532 589 738 659 legium
780 587 1079 642 Florentini
1126 588 1263 659 (22),
1295 588 1692 644 Dacherianum
1733 586 1869 659 (25),
1898 596 1951 643 et
1981 586 2109 642 Gel-

532 681 759 737 lonense
813 680 957 751 (24),
1012 678 1362 753 Hippolytum
1416 683 1706 752 quemdam
1770 681 2111 738 Alexandria:

533 779 860 827 memorant.
903 790 922 822 ‹
977 771 1030 826 In
1081 772 1410 828 Alexandria
1455 773 1686 841 Tarsici,
1741 773 1933 842 Zotici,
1977 776 2111 829 Am-

530 863 704 929 moni,
759 861 1055 930 Commini,
1108 863 1344 936 Cyriaci,
1394 865 1641 933 Gemini,
1702 865 1917 933 Gelasi,
1967 867 2111 937 Epo-

530 953 636 1021 liti,
672 972 691 1005 ι
728 963 831 1010 etc.
862 954 999 1026 (sive
1029 953 1324 1028 Hippolyti)
1351 973 1512 1027 quem
1540 957 1675 1014 alias
1704 976 1723 1010 ι
1756 958 2105 1031 Appolytum,

531 1046 878 1119 Eppolytum,
909 1048 1258 1120 Oppolytum,
1309 1047 1656 1120 Yppolytum,
1688 1068 1706 1101 ι
1748 1051 1983 1121 majores
2007 1067 2110 1105 no-

531 1141 632 1196 stri
656 1141 849 1196 mediis
880 1141 1030 1197 hisce
1069 1140 1403 1211 temporibus
1443 1143 1712 1198 dixerunt.
1751 1143 1959 1210 Quarto
2000 1142 2109 1198 No-

474 1302 477 1307 }
530 1248 633 1290 nas
665 1232 950 1288 Februarii
995 1252 1015 1285 ι
1059 1233 1498 1304 Forosempronii
1526 1237 1614 1290 via
1653 1234 1942 1304 Flaminia,
1994 1238 2110 1291 mil-

530 1323 690 1380 liario
710 1325 780 1379 ab
810 1325 946 1380 urbe
972 1325 1096 1392 174,
1130 1324 1429 1393 Laurentii,
1458 1325 1700 1399 Eppolyti
1735 1347 1754 1379 ι
1789 1330 2105 1383 memoriam

529 1417 803 1473 celebrant
848 1417 1230 1491 Martyrologia
1287 1418 1623 1487 Florentini,
1673 1420 1953 1487 Dacherii,
2004 1422 2111 1476 An-

529 1508 839 1578 tuerpiense
873 1517 929 1564 et
953 1509 1412 1579 Aquisgranense.
1458 1508 1781 1566 Cellonense
1840 1526 1972 1567 vero
2015 1527 2107 1568 se-

530 1595 719 1666 quenti
746 1596 836 1652 die
869 1596 1218 1670 Hippolytum
1254 1600 1545 1669 quemdam
1577 1599 1851 1656 Africanis
1892 1602 2108 1671 adjudi-

528 1697 664 1743 cat:
704 1706 724 1741 σ
754 1688 940 1745 Africa
978 1688 1196 1755 Felicis,
1248 1689 1551 1756 Laurentii,
1583 1692 1866 1757 Celerinae,
1907 1691 2109 1763 Hippo-

2209 589 2276 643 de
2303 604 2412 660 quo
2468 605 2613 645 nunc
2652 588 2886 660 agimus,
2925 588 3155 643 duorum
3188 589 3271 645 vel
3313 591 3467 645 trium
3506 602 3640 662 gesta
3685 595 3731 651 ia

2210 697 2377 736 unum
2409 681 2681 739 conﬂasse
2725 681 2882 738 facile
2921 683 3190 753 quispiam
3223 697 3346 737 cum
3382 684 3605 739 maximo
3638 688 3730 738 An-

2211 773 2410 826 nalium
2465 773 2747 829 conditore
2798 775 3066 845 suspicari
3110 783 3312 846 posset,
3363 773 3408 829 si
3457 774 3732 844 hujusmodi

2212 875 2686 922 monumentorum
2720 875 2871 921 tanta
2902 868 2984 922 vis
3020 876 3182 932 esset,
3214 875 3273 921 ut
3305 877 3513 933 cuncta,
3554 884 3662 938 qua:
3688 871 3733 924 in

2209 958 2277 1013 iis
2306 957 2593 1026 habentur,
2660 958 2899 1014 indubiis
2924 959 3206 1014 doctorum
3237 959 3475 1012 virorum
3500 960 3735 1031 suﬂ'ragiis

2209 1050 2389 1104 statim
2412 1051 2689 1121 probanda
2707 1052 2902 1106 forent.
2939 1049 3034 1106 His
3055 1051 3324 1120 siquidem
3355 1050 3565 1118 positis,
3601 1067 3628 1105 a
3652 1052 3736 1107 Ba—

2210 1144 2350 1198 ronii
2410 1145 2675 1200 sententia
2722 1144 2807 1198 vel
2861 1145 3146 1198 minimum
3180 1144 3460 1198 deflectere
3496 1144 3735 1214 piaculum

2208 1237 2551 1301 duceremus,
2577 1251 2703 1291 cum
2735 1236 2874 1302 Ado,
2914 1234 3218 1301 Usuardus,
3270 1234 3546 1302 Notkerus,
3590 1238 3737 1293 tribus

2206 1327 2327 1384 istis
2352 1326 2654 1399 Hippolytis
2681 1343 2745 1383 ea
2776 1328 3058 1399 perspicue
3093 1328 3352 1393 tribuant,
3381 1342 3498 1397 quae
3523 1342 3614 1383 suo
3641 1338 3738 1383 tan-

2206 1428 2320 1475 tum
2350 1418 2637 1491 Hippolyto
2665 1419 2957 1475 vindicavit
2985 1419 3335 1475 Prudentius.
3371 1418 3518 1474 Illum
3543 1421 3669 1476 enim
3693 1431 3739 1477 et

2206 1513 2603 1584 presbyterum,
2659 1512 2959 1568 Novatiano
3003 1513 3131 1567 olim
3175 1512 3450 1567 scliismati
3502 1513 3736 1567 addictum

2207 1601 2357 1666 facit,
2401 1611 2454 1658 et
2490 1605 2832 1673 postmodum
2867 1603 3036 1673 plebis
3073 1602 3393 1659 Portuensis
3417 1614 3582 1675 caput,
3611 1620 3667 1660 ac
3692 1605 3738 1662 in

2208 1695 2374 1750 Portu
2405 1695 2653 1750 Romano
2690 1696 2845 1766 equis
2873 1695 3204 1765 discerptum
3238 1703 3526 1766 martyrem
3550 1694 3739 1765 obiisse,

529 1779 647 1850 lyti,
696 1778 1015 1838 Felicitatis.
1058 1799 1077 1833 ι
1114 1780 1723 1852 Forosemproniensem
1757 1781 2106 1855 Hippolytum
2139 1853 2167 1857 _
2211 1802 2477 1856 sacraque
2506 1787 2676 1856 ipsius
2701 1788 2925 1857 pignora
2950 1787 3003 1840 in
3025 1787 3212 1841 urbem
3251 1788 3525 1852 translata,
3557 1788 3605 1842 in
3632 1804 3739 1857 agro

530 1869 791 1928 Rabanus
819 1872 953 1943 (25),
979 1881 1034 1927 et
1065 1871 1337 1929 Notkerus
1370 1872 1483 1944 (26)
1518 1890 1572 1929 ιν
1606 1875 1787 1930 Nonas
1826 1853 2106 1952 Februarii
2139 1853 2182 1907 Β
2213 1853 2425 1933 Verano
2453 1894 2483 1932 a
2519 1853 3011 1934 lidelibus‘condita
3030 1879 3220 1934 scribit
3240 1877 3575 1934 Christianus
3590 1853 3738 1949 poeta.

525 1965 806 2021 exhibent.
836 1964 1081 2037 Septimo
1102 1964 1373 2022 Kalendas
1401 1966 1525 2021 Maii
1554 1985 1573 2019 ‹
1606 1968 1659 2022 in
1686 1967 1870 2024 Africa
1895 1968 2108 2025 Grisco-

532 2058 637 2126 nis,
669 2058 930 2126 Zenonis,
956 2058 1280 2125 lminandri,
1307 2059 1606 2120 Carmiani.
1642 2060 1887 2126 Arionis,
1949 2056 2106 2131 l'ppo-

527 2148 647 2222 lyti,
674 2148 903 2206 Diuduri
941 2170 959 2203 ι
990 2151 1317 2206 mentionem
1356 2151 1552 2206 habent
1573 2150 1952 2223 Martyrologia
1986 2152 2110 2207 Flo—

529 2240 731 2297 rentini
779 2251 835 2297 et
886 2243 1157 2299 Dacherii.
1212 2241 1538 2298 Gellonense
1591 2244 1801 2297 nullum
1866 2244 1971 2299 hac
2021 2244 2108 2299 die

530 2331 880 2407 Hippolytum
912 2333 1100 2402 refert,
1140 2333 1375 2391 fortasse
1400 2335 1528 2406 quia
1566 2336 1737 2406 ipsius
1783 2337 2106 2391 memoriam

531 2441 586 2481 IV
607 2422 790 2480 Nonas
810 2425 1117 2491 Februarii,
1152 2436 1210 2482 ut
1246 2427 1507 2492 diximus,
1544 2429 1835 2485 recensuit.
1876 2446 1975 2484 xui
2004 2429 2108 2485 Ka-

529 2515 724 2572 lendas
769 2515 924 2583 Julii,
980 2536 1001 2570 ι
1054 2517 1241 2574 Romae
1293 2519 1555 2590 Yppoliti,
1588 2520 1836 2590 Honorii,
1892 2523 2106 2588 Evodii.

530 2607 678 2664 Petri
721 2626 742 2662 ι
790 2609 843 2667 in
883 2607 1046 2666 dictis
1087 2611 1263 2667 tribus
1296 2611 1695 2684 Martyrologiis
1733 2614 1984 2684 leguntur
2010 2633 2111 2671 no-

531 2700 703 2758 mina.
730 2699 1176 2774 Martyrologium
1211 2713 1393 2759 tamen
1431 2706 1867 2776 manuscriptum
1910 2710 2110 2777 reginae

530 2786 762 2854 Suecite,
792 2789 1109 2845 Florentino
1140 2791 1253 2863 (27)
1292 2801 1451 2857 teste,
1486 2810 1594 2848 non
1622 2793 1989 2867 Hippolytum,
2014 2798 2108 2852 sed

533 2899 558 2934 ι
592 2881 647 2937 in
679 2880 952 2954 Hippolyti
978 2886 1293 2939 cmmeterio
1338 2904 1359 2937 ι
1389 2886 1693 2940 natalitium
1729 2888 2107 2956 praedictorum

531 2985 836 3047 martyrum
874 2975 1019 3032 diem
1050 2977 1382 3032 celebratum
1419 2978 1670 3034 aﬂirmat.
1701 2980 1876 3047 Quam
1917 2984 2109 3053 optimi

532 3067 744 3124 codicis
769 3068 1056 3143 lectionem
1084 3070 1281 3124 merito
1310 3069 1506 3139 probat
1533 3072 1619 3126 vir
1645 3072 2016 3141 doctissimus,
2042 3090 2109 3131 ex

530 3173 642 3232 qua
662 3173 781 3215 eam
808 3157 1041 3216 fortasse
1060 3161 1347 3231 descripsit
1368 3161 1676 3231 Stephanus
1701 3164 1751 3219 le
1765 3164 1810 3218 Μ
1820 3166 2105 3239 oyne(28).
2134 3184 2180 3247 ς

533 3249 742 3305 Octavo
766 3248 894 3306 Idus
920 3252 1151 3321 Augusti
1182 3270 1201 3303 ι
1239 3251 1425 3307 Romae
1464 3253 1517 3306 in
1564 3257 1875 3311 cmnieterio
1914 3256 2112 3314 Calixti

532 3340 625 3396 via
673 3341 847 3412 Appia
903 3343 1101 3399 natalis
1146 3342 1292 3398 Xisti
1330 3345 1593 3415 episcopi,
1626 3355 1757 3412 etc.,
1811 3346 2111 3422 Laurentii,

532 3433 793 3505 Eppoliti,
822 3445 879 3490 et
899 3436 1134 3490 militum
1164 3435 1288 3502 465,
1337 3454 1357 3489 ι
1414 3452 1482 3492 ex
1529 3438 1802 3507 praedictis
1838 3439 2111 3513 Martyro-

535 3525 701 3598 logiis
757 3528 1081 3583 memoriam
1130 3529 1404 3593 eruimus,
1472 3539 1698 3600 excepto
1743 3533 2113 3594 vetustissimo

532 3618 920 3692 Martyrologio
940 3620 1000 3677 S.
1033 3619 1340 3689 Villibrodi,
1369 3630 1424 3679 et
1449 3624 1620 3680 altero
1647 3625 1849 3696 reginae
1883 3625 2109 3694 Sueciaa,

532 3726 679 3783 quae,
713 3722 774 3769 ut
793 3712 1141 3770 Florentinus
1171 3724 1345 3780 notat,
1389 3714 1738 3789 Hippolytum
1776 3718 1881 3776 hac
1907 3720 1996 3779 die
2031 3737 2115 3776 re-

534 3804 725 3871 ticent,
778 3806 1008 3876 ideoque
1060 3805 1208 3862 hunc
1248 3807 1318 3863 ab
1367 3805 1676 3881 Hippolyto,
1728 3825 1890 3880 quem
1931 3811 2113 3869 idibus

535 3897 768 3968 Augusti
794 3905 981 3953 sancta
1003 3908 1295 3956 veneratur
1330 3898 1608 3968 Ecclesia,
1650 3904 1794 3958 haud
1836 3904 2112 3959 diversum

534 3997 723 4045 censet
749 3990 816 4044 ad
848 3989 1052 4045 dictum
1084 3992 1227 4047 diem
1260 3992 1492 4062 ipsemet
1523 3995 1893 4053 Florentinus.

607 4076 665 4134 In
700 4088 853 4136 tanto
884 4081 1050 4153 igitur
1098 4082 1513 4157 Hippolytorum
1551 4105 1804 4158 numero,
1837 4107 1975 4162 quos
2019 4108 2111 4149 sa-

614 4350 726 4416 (22)
767 4350 899 4428 Vide
922 4351 1262 4428 pridigllal.
1290 4352 1465 4428 AFebr.
1513 4370 1638 4428 pag.
1684 4354 1811 4420 291,
1859 4355 1951 4411 ubi
2006 4355 2110 4428 legi

539 4422 1033 4495 possuntgcjusdem
1064 4421 1363 4495 Florentini
1390 4421 1719 4495 natationes.

2209 1969 2414 2025 Horum
2446 1970 2664 2041 quidem
2710 1972 2922 2042 singula
2954 1972 3182 2043 singulis
3228 1980 3476 2027 veterum
3516 1971 3737 2044 Martyro.

2208 2061 2474 2132 logiorum
2520 2060 2823 2134 Hippolytis
2866 2064 3155 2119 convenire
3191 2078 3391 2119 omnes
3432 2062 3619 2118 vident.
3666 2061 3740 2117 Et-

2208 2153 2352 2205 enim
2395 2152 2767 2223 presbyterum
2814 2151 3170 2207 Novatianum
3213 2152 3515 2207 Antiochiae
3554 2167 3738 2222 passum

2208 2242 2295 2298 his
2357 2241 2470 2298 fere
2510 2244 2688 2299 verbis
2734 2259 2923 2300 omnes
2950 2259 3072 2299 cum
3126 2242 3370 2298 Notkcro
3413 2243 3736 2298 describunt:

2215 2352 2233 2384 ι
2288 2334 2445 2404 Apud
2494 2334 2837 2389 Antiochiam
2900 2335 3083 2404 passio
3133 2333 3319 2389 sancti
3367 2331 3639 2404 Hippolyti,
3664 2333 3737 2402 qui

2209 2422 2401 2480 Novati
2438 2425 2731 2481 schismate
2772 2425 3165 2495 aliquantulum
3200 2425 3485 2495 deceptus,
3523 2434 3743 2494 operante

2209 2515 2379 2586 gratia
2404 2513 2609 2571 Christi
2657 2524 2965 2579 correctus,
3022 2513 3090 2569 ad
3152 2515 3479 2570 charitatem
3525 2512 3741 2568 Ecclesia

2211 2610 2390 2674 rediit,
2421 2623 2521 2679 pro
2544 2622 2673 2678 qua,
2706 2617 2760 2663 et
2789 2608 2842 2662 in
2885 2623 2990 2678 qua
3038 2607 3255 2663 illustre
3295 2608 3599 2679 martyrium
3637 2623 3739 2663 con-

2210 2702 2501 2757 summavit
2530 2700 2663 2771 (29).
2704 2718 2725 2751 ι
2754 2697 3099 2768 Hippolytum
3131 2698 3361 2753 militem
3397 2699 3548 2769 equis
3570 2697 3739 2752 discere

2210 2803 2359 2864 ptum
2406 2792 2548 2847 Beda
2600 2806 2723 2846 cum
2774 2805 2903 2845 mox
2949 2791 3232 2845 recensitis
3283 2789 3659 2862 Martyrologiis
3696 2804 3739 2851 ei

2210 2884 2484 2940 Breviario
2506 2882 2795 2937 Mozarabo
2817 2881 2930 2953 (30)
2965 2890 3198 2937 testatur
3237 2881 3348 2938 hoc
3386 2891 3577 2953 pacto:
3608 2900 3625 2933 ι
3651 2879 3739 2935 llo-

2210 2989 2313 3028 ma:
2341 2971 2399 3028 S.
2436 2971 2729 3044 Hippolyti,
2764 2972 2859 3042 qui
2900 2980 3140 3041 tempore
3185 2970 3339 3027 Decii
3387 2974 3573 3043 ligatus
3610 2972 3741 3041 pedes

2210 3064 2278 3119 ad
2310 3065 2449 3120 colla
2495 3065 2883 3120 indomitorum
2937 3079 3228 3135 equorum,
3296 3067 3377 3121 sic
3418 3082 3512 3137 per
3546 3064 3741 3121 carduos

2211 3158 2547 3227 tribulosque
2577 3166 2782 3213 tractus
2818 3158 2999 3214 emisit
3038 3159 3293 3229 spiritum
3326 3160 3455 3230 (51).
3495 3177 3514 3210 ι
3549 3157 3734 3228 Episco-

2214 3267 2342 3321 pum
2377 3266 2504 3321 vero
2551 3262 2760 3307 veteres
2804 3251 2896 3306 isti
2933 3252 3429 3307 ecclesiasticarum
3476 3250 3740 3306 tabularu-

2214 3343 2508 3414 scriptores
2535 3343 2655 3398 solo
2679 3343 2917 3413 episc0pi
2948 3343 3239 3414 designant
3279 3343 3515 3398 nomine.
3551 3341 3603 3396 ln
3623 3339 3742 3394 Har-

2213 3435 2479 3507 tyrologio
2508 3442 2690 3489 tamen
2723 3433 2990 3499 Romano,
3045 3436 3149 3490 hoc
3191 3450 3260 3490 ex
3303 3435 3452 3491 Actis
3491 3436 3547 3489 S.
3583 3434 3743 3488 Aurea:

2213 3528 2542 3597 descriptum
2578 3526 2777 3597 legitur
2809 3526 2981 3596 ipsius
3006 3526 3241 3598 elogium
3278 3527 3391 3599 (52)
3422 3547 3437 3583 :
3469 3546 3487 3581 ι
3529 3527 3582 3581 ln
3606 3525 3743 3580 Porta

2215 3618 2465 3676 Romano
2502 3616 2775 3689 Hippolyti
2825 3618 3065 3688 episcopi
3123 3619 3430 3674 eruditione
3475 3614 3742 3677 clarissimi,

2213 3713 2309 3783 qui
2338 3711 2441 3769 sub
2479 3710 2789 3765 Alexandro
2828 3708 3177 3780 imperatore,
3211 3710 3286 3765 ob
3318 3710 3616 3781 praeclaram
3644 3706 3744 3763 fidei

2214 3803 2613 3860 confessionem
2644 3803 2897 3858 manibus
2930 3801 3269 3872 pedibusque
3312 3803 3491 3875 ligatis
3524 3803 3574 3856 in
3611 3800 3742 3854 altam

2213 3895 2428 3951 foveam
2475 3896 2632 3967 aquis
2665 3898 2881 3966 plenam
2929 3896 3321 3965 praecipitatus,
3382 3895 3616 3966 martyrii
3655 3893 3746 3964 pal—

2213 4004 2359 4042 mam
2404 3989 2651 4058 accepit;
2705 3987 2863 4057 cujus
2920 4002 3119 4056 corpus
3170 4003 3203 4042 a
3256 3988 3577 4043 Christianis
3629 3983 3745 4055 apud

2213 4082 2461 4138 eumdem
2498 4084 2678 4138 locum
2713 4082 2984 4152 sepultum
3027 4081 3149 4137 fuit.
3191 4100 3209 4134 ι
3268 4082 3367 4138 His
3400 4083 3576 4152 itaque
3615 4094 3747 4151 argu-

2218 4354 2548 4422 totidemque
2578 4358 2634 4405 et
2664 4348 2851 4404 iisdem
2885 4349 3199 4422 nominibus
3239 4358 3506 4422 martyres
3542 4348 3592 4403 in
3620 4355 3746 4401 vetu-

2215 4420 2893 4488 Stissimo'Antuerpiensi,
2934 4420 3274 4484 Corbeiensi,
3326 4420 3592 4476 et‘nostro
3629 4432 3748 4470 mar-

746 4488 917 4576 .Apud
940 4491 1144 4587 Lucam
1166 4494 1435 4551 d'Acherii
1460 4505 1591 4551 tom.
1625 4494 1669 4549 ll
1694 4495 1985 4568 Spicilegii,
2012 4498 2103 4553 cit.
2137 4531 2182 4587 Β
2215 4494 2497 4587 tyrologio
2522 4491 2734 4587 ﬁcri-py
2756 4488 3746 4587 “salii-‘E'm-e‘lidaliganqnuaprpp‘te‘rjﬂ

537 4563 792 4619 editionis
825 4579 944 4633 pag.
988 4563 1039 4617 3.

609 4633 724 4703 (24)
763 4634 954 4702 Apudi
998 4648 1117 4688 sum
1156 4633 1374 4691 Acherii
1403 4643 1535 4692 tom.
1571 4637 1718 4703 eod.,
1752 4652 1817 4708 pa
1863 4678 1876 4692 .
1904 4637 1995 4694 27.

610 4702 724 4760 (25)
763 4704 917 4760 Apud
961 4649 1260 4760 glenricum
1301 4704 1581 4760 Canisium
1629 4717 1760 4760 tom.
1797 4653 1860 4760 If.
1885 4716 1995 4760 narl

610 4702 724 4778 (25)
763 4704 917 4778 Apud
970 4702 1260 4778 Henricum
1301 4704 1581 4778 Canisium
1629 4702 1770 4763 tom:
1797 4702 1861 4774 ll,
1885 4724 1919 4778 p

2208 4559 2500 4637 postremis
2522 4559 2737 4637 lacuna,
2755 4569 2808 4615 et
2825 4561 3116 4637 legendum
3147 4577 3219 4637 :_¢
3250 4559 3441 4615 Ronize
3458 4559 3508 4637 in
3532 4565 3749 4637 cmmem-

2210 4629 2228 4687 ἱ
2242 4638 2322 4690 rio
2336 4632 2672 4706 Hyppolyti.)
2683 4631 2808 4706 Erat
2825 4629 2907 4684 l).'
2921 4630 3186 4706 Hippolyti
3204 4633 3569 4706 cmmeterium
3584 4629 3631 4681 in
3643 4640 3748 4696 agro

1923 4716 2035 4764 arte
2066 4724 2106 4764 ιι
2206 4701 2876 4767 Verano’via‘Tiburtina,
2914 4701 2997 4755 vel
3029 4701 3193 4761 idem,
3237 4702 3323 4756 vel
3370 4714 3535 4771 prope
3557 4712 3749 4771 puerne-

538 4767 723 4847 An'tiq'.
767 4767 914 4837 (6a.,
947 4775 1223 4847 editionis
1279 4777 1456 4833 citata:
1500 4794 1620 4847 pag.
1668 4779 1771 4833 519
1806 4796 1818 4831 :
1849 4767 2108 4835 't'Romze
2209 4778 2402 4833 teriuni
2432 4774 2490 4827 Β.
2517 4771 2969 4847 _Cyriaca3,__quod
3003 4772 3076 4825 ita
3095 4767 3516 4847 designat'libe'r
3552 4767 3747 4846 Pontili-

542 4842 991 4915 Forosempronii
1011 4847 1097 4899 via
1142 4845 1406 4900 Flaminia
1445 4842 1698 4903 milliario
1737 4850 1803 4901 ah
1826 4850 1958 4904 urbe
1982 4851 2105 4915 174,

540 4912 841 4988 Laurentii,
873 4923 929 4988 et
949 4914 1243 4988 Hippolyti,
1279 4927 1332 4971 et
1360 4919 1617 4974 nativitas
1736 4919 2041 4976 Fortunati.
2084 4912 2101 4972 ι

613 4984 728 5057 (26)
780 4986 934 5054 Apud
972 4984 1240 5057 canitiem
1284 4988 1565 5043 Canisium
1623 5001 1756 5045 tom.
1805 4992 1993 5045 eodem
2040 4990 2105 5057 H,

538 5056 788 5130 [ειη-ιιι,
812 5056 1070 5130 pag.‘987:
1102 5076 1121 5108 ι
1166 5056 1293 5130 item
1338 5058 1523 5115 Romae
1555 5060 1990 5130 Forosempronii
2022 5056 2109 5117 via

537 5122 1090 5204 Flaminia'milliarig
1138 5129 1206 5204 ab
1235 5127 1379 5184 Urbe
1407 5132 1535 5204 itis,
1562 5122 1867 5200 Laurentii,
1908 5130 2111 5204 Hippo-

536 5195 655 5267 lyti,
676 5205 740 5267 et
767 5198 1024 5267 uatjvitas
1055 5196 1111 5252 S.
1140 5198 1440 5255 Fortunati.
1473 5221 1491 5254 ι

611 5266 726 5339 (27)
764 5285 789 5345 _c
854 5265 1045 5345 Plures
1085 5267 1359 5345 Hippolyti
1408 5272 1629 5345 nomine
1668 5272 1897 5345 caelites,
1929 5273 2115 5345 inquit

536 5334 888 5416 Florentinus
917 5339 971 5393 in
993 5342 1139 5416 notis
1157 5334 1236 5394 'a'd
1277 5334 1415 5416 [iane
1446 5344 1588 5416 diem
1621 5359 1743 5416 pag.
1771 5334 1899 5416 695,
1928 5334 2115 5400 Romae

536 5407 761 5482 fuerunt
793 5410 1036 5482 venerati
1069 5428 1083 5465 :
1132 5426 1254 5466 cum
1287 5411 1527 5469 Honorio
1563 5407 1765 5482 tainevn,
1803 5407 2013 5470 Evodio
2062 5426 2117 5470 et

538 5476 910 5548 Petrosociis,
935 5482 1061 5537 alibi
1086 5496 1193 5535 non
1215 5485 1505 5539 succurrit.
1536 5485 1641 5541 Eos
1665 5476 1898 5548 tantum,
1925 5495 1979 5541 et
2006 5501 2114 5540 non

538 5549 679 5605 alios
707 5547 895 5605 Romae
927 5566 1026 5605 xm
1067 5551 1187 5606 Kal.
1220 5555 1274 5605 in
1304 5556 1410 5608 [ine
1440 5557 1630 5610 recolit
1658 5557 1822 5611 etiam
1850 5547 1985 5611 mss.
2027 5571 2117 5611 re-

539 5621 683 5695 ginae
709 5618 938 5695 Suecim,
969 5622 1074 5695 hac
1110 5633 1290 5678 tamen
1321 5624 1640 5695 differentia,
1679 5634 1742 5680 ut
1776 5643 1883 5681 non
1918 5625 2118 5695 Hippo-

542 5689 737 5765 lylum,
766 5693 858 5746 sed
890 5692 959 5765 in,
981 5694 1103 5763 ejus
1129 5698 1443 5750 ctenieterio
1470 5689 1797 5765 Honorium,
1850 5689 2117 5751 Evodium

540 5769 595 5812 et
620 5758 1081 5837 Petrumreddat,
1110 5765 1466 5837 quodniagis
1499 5768 1675 5837 placet
1718 5789 1731 5821 :
1772 5758 1795 5820 ἑ
1845 5769 2033 5823 Romae
2060 5767 2115 5820 in

544 5848 566 5885 ι
590 5834 900 5890 ςωιιιειειὶο
919 5833 1186 5908 Hippolyti
1218 5834 1316 5891 SS.
1350 5833 1595 5905 Honorii,
1626 5838 1812 5895 Evodii
1834 5847 1885 5896 et
1901 5837 2063 5902 Petri,
2101 5858 2119 5891 ι

2207 4849 2340 4902 calis
2371 4847 2421 4898 in
2452 4839 2674 4898 Adriani
2729 4843 2746 4895 l
2784 4839 2905 4896 Vita
2951 4860 2963 4894 :
3017 4860 3034 4891 ι
3093 4839 3265 4895 Simul
3310 4851 3366 4896 et
3415 4839 3746 4896 cmmeterium

2215 4939 2233 4970 ι
2268 4918 2328 4974 Β.
2366 4915 2635 4985 Hippolyti
2663 4911 2904 4990 juxta
2938 4910 3316 4975 Laurentium,
3351 4913 3494 4980 quod
3520 4926 3551 4990 ιι
3582 4906 3749 4983 priscis

2214 5008 2233 5041 ι
2268 4984 2577 5043 marcuerat
2622 4984 2977 5053 temporibus,
2999 4998 3055 5053 _a
3092 4997 3236 5037 novo
3279 4984 3556 5053 renovavit
3596 5021 3607 5032 .
3639 4989 3747 5053 pari

2214 5079 2234 5112 ι
2270 5061 2444 5120 modo,
2477 5066 2532 5111 et
2570 5048 2853 5110 ecclesiam
2890 5052 2951 5107 Β.
2986 5051 3190 5106 Christi
3219 5053 3474 5124 martyris
3510 5048 3746 5124 _$_teph_aoi

2218 5150 2235 5183 ι
2275 5117 2614 5197 sitamjuxta
2640 5125 2959 5195 praedictum
2989 5117 3380 5179 cmmeterium'
3414 5122 3470 5176 S.
3509 5117 3747 5191 Hippolyti

2219 5221 2238 5253 ι
2277 5200 2531 5253 similiter
2558 5196 2908 5251 restauravit.
2952 5213 2970 5247 ι

2219 5221 2238 5253 ί
2277 5213 2320 5255 Sl
2329 5213 2531 5254 mllllel'
2558 5213 2908 5251 reStauravu.

2277 5218 2531 5257 similiter
2558 5218 2908 5251 restauravit.
2952 5218 2970 5247 ι

2284 5271 2395 5343 (28)
2435 5268 2739 5343 Prolegom.
2777 5264 2866 5343 ad_
2887 5263 3008 5343 V_ar.
3027 5281 3203 5343 βασι..
3240 5263 3335 5343 fol.
3364 5263 3434 5319 32
3456 5270 3509 5317 et
3532 5273 3717 5343 seqql

2285 5331 2398 5413 (29)
2438 5331 2784 5413 Suntfipsius
2820 5334 3043 5391 Notlteri
3088 5342 3249 5391 verba
3297 5335 3353 5389 in
3381 5331 3590 5405 (nostris
3623 5331 3744 5383 notis

2215 5409 2478 5485 superius
2492 5409 2738 5485 recitata:

2288 5476 2403 5557 (ξο)
2439 5480 2555 5557 Fol.
2709 5477 2970 5557 Breviarii
2993 5476 3329 5557 hiozarabi."
3388 5543 3449 5557 η,
3558 5542 3570 5557 _

2292 5536 2404 5626 (Si)
2456 5553 2533 5626 Ita
2580 5550 2764 5626 idibus
2798 5548 3029 5626 Augusti
3078 5551 3260 5619 passio
3295 5544 3353 5626 S.
3388 5536 3740 5626 Hippolytidﬁ'

2220 5609 2473 5681 scribiiur
2502 5609 2969 5694 inMartyrologio
2990 5609 3145 5674 Beda:
3173 5633 3295 5673 cum
3328 5609 3738 5694 Aucta'rio'Flori.

2219 5680 2273 5750 et
2296 5696 2527 5749 aliorum
2560 5692 2616 5746 in
2657 5680 2792 5745 tom.
2836 5680 3041 5744 ll'Act.
3078 5699 3390 5744 sanctorum
3421 5683 3610 5740 mensis
3629 5680 3741 5734 Har-

2221 5767 2279 5821 tii
2301 5766 2605 5844 Igilitonpag.
2645 5760 2866 5844 26-edit.
2901 5758 3117 5844 Yenctte
3144 5761 3267 5814 anni
3304 5756 3462 5812 1755.

2292 5834 2404 5905 (52)
2444 5832 2539 5889 Die
2568 5846 2682 5888 xxii
2712 5832 2959 5901 Augusti.
