3966 6344
173 393 256 450 H5

889 385 982 458 DE
1016 387 1415 445 PORTUENSI
1448 389 1508 445 S.
1543 385 1903 442 HIPPOLYTI
1949 389 2142 444 SEDE.
2172 423 2240 430 —
2267 390 2446 446 PARS
2486 391 2524 446 Ι.

3235 394 3338 448 ιη

167 510 330 567 mentis
352 525 573 580 magnus
594 509 851 564 Baronius
884 526 1038 566 suam
1072 513 1308 567 firmavit
1337 514 1682 577 sententiam,
1713 523 1754 574 Α
1785 529 1946 582 quam
1976 529 2042 568 ex
2073 513 2236 568 veteri
2266 514 2474 584 pictura
2503 511 2673 583 ipsius
2696 485 2907 568 tumulo
2932 513 3196 584 apposita,
3219 529 3343 570 car—

165 621 246 676 qua
275 602 611 657 Prudentium
642 603 975 658 confusionis
1007 604 1140 659 vitio
1190 605 1244 658 in
1287 607 1388 660 hac
1427 621 1484 660 re
1527 605 1680 660 labo-

163 706 334 752 rantetn
361 694 673 749 ostenderet.
706 692 964 761 Quamvis
997 712 1122 750 vero
1145 696 1451 766 hujusmodi
1486 712 1681 750 monu-

163 798 325 851 menta,
355 803 419 842 ex
460 787 657 856 quibus
695 785 924 854 hujusce
963 790 1243 844 sententiae
1287 798 1396 844 tota
1437 789 1519 842 vis
1551 805 1683 858 pen-

159 881 243 945 det,
265 878 508 942 maxima,
547 887 608 932 ut
644 879 858 948 egregie
894 895 994 933 nos
1034 879 1239 942 docuit,
1273 890 1326 934 et
1367 881 1581 950 pietate,
1627 889 1682 935 et

161 969 359 1024 doctrina
388 967 470 1021 vir
501 969 731 1038 insignis
768 967 1143 1024 Theudoricus
1179 969 1500 1025 Ruinartius
1539 971 1675 1043 (⁸55),

160 1061 352 1130 polleant
399 1060 743 1126 auctoritate,
780 1069 966 1130 utpote
1011 1078 1133 1132 qua:
1177 1077 1243 1116 ex
1293 1063 1680 1120 vetustissimis

160 1151 476 1207 Ecclesiarum
516 1151 738 1214 tabulis,
782 1151 918 1222 quas
961 1153 1177 1208 illorum
1214 1154 1509 1223 scriptores
1548 1170 1681 1208 con-

131 1248 350 1322 Zsuluere,
388 1245 495 1300 sint
525 1245 878 1316 deprompta;
927 1256 1105 1302 tamen
1137 1263 1260 1302 cum
1290 1248 1438 1302 omni
1463 1249 1681 1317 penitus

135 1339 312 1398 ,inendo
365 1337 553 1392 eadem
609 1353 796 1393 carere
849 1355 1010 1394 nemo
1051 1339 1322 1394 afﬁrmare
1373 1341 1564 1409 possit,
1599 1340 1678 1394 id-

126 1435 272 1507 ~:circo
296 1431 405 1487 solo
435 1431 659 1484 illorum
688 1431 1001 1486 testimdnio
1033 1431 1388 1487 Prudentium
1433 1431 1680 1488 disertis-

160 1527 314 1577 simum
351 1524 527 1593 quarti
570 1524 759 1578 saeculi
793 1524 1110 1593 scriptorem
1151 1524 1488 1579 confusionis
1527 1538 1681 1580 reum

160 1617 322 1672 traduci
351 1616 489 1671 haud
527 1631 697 1686 posse
719 1617 862 1672 docti
900 1617 999 1670 viri
1035 1617 1487 1672 animadvertunt.

159 1731 211 1787 Χ.
237 1730 521 1784 Ruinartius
549 1731 771 1802 unicum
812 1749 843 1784 a
869 1730 1160 1784 Prudentia
1193 1729 1535 1802 Hippolytum
1563 1731 1684 1786 lau-

685 1801 868 1854 datum
897 1803 1119 1856 censuit.

1713 1861 1754 1914 Β

1782 607 2019 661 minibus
2045 623 2104 662 se
2133 606 2387 661 didicisse
2417 614 2641 660 testatur
2663 605 2774 673 (ii)
2802 623 2816 660 :

1852 700 2013 755 Erexi
2048 699 2116 752 ad
2157 700 2338 752 cretum
2367 699 2577 767 faciem,
2610 700 2750 751 stetit
2781 697 2931 752 obvia
2967 706 3153 754 contra

1923 769 2088 824 Facis
2116 770 2348 823 colorum
2377 771 2519 838 picta
2549 769 2724 838 imago
2755 771 3028 839 martyris.

1780 863 1848 918 Et
1879 864 2066 934 paucis
2099 861 2395 931 interjectis
2422 878 2436 914 :

1853 975 2152 1031 Historiam
2182 976 2390 1045 pictura
2418 974 2574 1043 refert
2599 989 2617 1026 :
2643 988 2760 1042 quae
2787 972 2986 1026 tradita
3007 973 3182 1040 libris,

1932 1046 2116 1100 Veram
2148 1048 2337 1100 vetusti
2373 1045 2617 1112 temporis
2645 1053 2900 1097 monstrat
2927 1045 3104 1112 ﬁdem.

1779 1159 2133 1216 Prudentium
2163 1159 2328 1229 igitur
2361 1167 2683 1229 martyrum,
2711 1172 2850 1226 quos
2885 1157 3144 1218 laudavit,
3189 1169 3343 1226 gesta

1781 1254 2193 1310 accuratissime
2220 1251 2504 1321 scripsisse
2532 1259 2697 1320 patet.
2730 1248 3072 1318 Quapropter
3102 1248 3339 1304 Ruinar-

1782 1348 1891 1401 tius
1919 1362 1977 1401 se
2025 1361 2131 1399 non
2189 1345 2354 1397 alium
2404 1342 2752 1414 Hippolytum
2804 1343 2858 1396 in
2907 1343 3011 1396 hoc
3062 1340 3342 1396 Prudentii

1782 1439 1983 1510 hymno
2015 1452 2310 1506 agnoscere
2343 1434 2561 1500 fatetur,
2599 1445 2790 1504 prmter
2816 1434 3166 1488 Portuensem
3196 1449 3345 1487 mar-

1782 1537 1953 1601 tyrem
1988 1528 2420 1592 celeberrimum,
2456 1526 2544 1580 cui
2592 1527 2705 1579 haec
2737 1526 2940 1589 omnia,
2975 1541 3094 1593 quae
3137 1525 3204 1578 ab
3245 1540 3344 1579 au-

1781 1630 1932 1676 ctore
1956 1619 2288 1683 referuntur,
2320 1618 2522 1688 optime
2548 1625 2854 1685 competere
2881 1616 3179 1671 existimat.
3217 1614 3345 1669 Rui-

1781 1714 1941 1768 nartii
1974 1712 2292 1766 sententiam
2344 1710 2516 1765 secuti
2553 1718 2702 1774 sunt,
2745 1717 2803 1762 ut
2830 1708 3090 1773 diximus,
3127 1707 3343 1762 Ceillie-

1781 1803 1897 1856 rius
1914 1809 1968 1856 et
1989 1798 2392 1854 Tillemontius.
2419 1798 2524 1853 Sed
2543 1815 2666 1852 cum
2689 1797 2866 1850 virum
2888 1797 3102 1867 egregie
3122 1797 3342 1851 doctum

213 1895 490 1950 Ruinartius
533 1895 656 1966 (δι)
704 1895 906 1964 itaque,
957 1905 1012 1950 et
1055 1905 1176 1966 post
1217 1911 1339 1949 eum
1387 1894 1682 1950 Tillemon-
1713 1888 1754 1914 υ
1783 1895 2006 1949 minime
2048 1893 2315 1956 latuisset,
2347 1892 2700 1945 Prudentium
2753 1888 3036 1961 Hippolyto
3085 1905 3186 1943 suo
3229 1891 3343 1958 epi-

165 1986 245 2040 tius
271 1985 384 2056 ('55),
413 1985 710 2040 Ceillierus
739 1985 873 2057 (56),
899 1986 1110 2040 Caveus
1141 1986 1276 2058 (57),
1319 1986 1536 2042 Samuel
1582 1988 1680 2040 Ba-

171 2080 334 2147 saagius
361 2079 466 2149 (38)
509 2079 724 2149 aliique
764 2096 828 2133 ex
885 2080 1292 2143 recentioribus,
1340 2080 1680 2134 Christiano-

176 2185 259 2223 rum
278 2179 534 2239 poetarum
583 2171 890 2241 principem
927 2170 1280 2226 Prudentium
1329 2171 1676 2243 Hippolytum

179 2261 497 2332 presbyterum,
521 2280 636 2318 non
663 2264 972 2334 episcopum
999 2264 1349 2320 Portuensem
1369 2265 1681 2324 Novatianas

181 2365 285 2410 secta:
303 2355 494 2426 laqueis
516 2357 806 2426 quondam
830 2368 1048 2425 captum
1079 2358 1293 2427 egregio
1315 2358 1416 2412 hoc
1439 2359 1680 2413 carmine

177 2444 361 2500 laudasse
387 2456 650 2514 censent;
711 2446 964 2517 quodque
1012 2463 1077 2503 ex
1125 2449 1475 2518 sequentibus
1505 2450 1680 2520 ipsius

175 2537 435 2593 carminibus
465 2545 590 2593 tuto
627 2536 826 2592 deduci
857 2553 1016 2609 posse
1042 2539 1142 2594 sibi
1176 2539 1540 2610 persuadent;

171 2646 330 2723 Insania
377 2651 754 2723 Hippolytum,
796 2655 885 2723 qui
927 2655 1190 2723 quondam
1224 2655 1450 2710 schisma
1483 2655 1678 2711 Novati

218 2721 455 2793 Presbyter
486 2721 753 2794 attigerat
785 2721 966 2778 nostra
986 2727 1244 2794 sequenda
1283 2743 1474 2796 negans
1509 2729 1640 2799 (59).

218 2811 299 2869 Nec
333 2817 496 2884 ipsum
531 2818 657 2870 ullo
700 2815 1039 2871 confusionis
1075 2817 1208 2871 vitio
1243 2817 1297 2870 in
1331 2821 1680 2877 recensendis

168 2901 383 2978 Hippolyti
424 2908 694 2980 martyris
738 2909 1028 2978 triumphis
1063 2912 1344 2969 laborasse
1389 2923 1676 2979 asserunt,

169 3008 309 3066 utpote
335 3001 420 3070 qui
445 3017 555 3056 non
591 3002 856 3058 inanibus
889 3005 1036 3074 vulgi
1071 3007 1414 3071 commentis,
1450 3007 1680 3076 aliisque

168 3091 345 3146 turbidis
374 3092 620 3149 fontibus
651 3095 787 3149 tanti
817 3096 1072 3167 martyris
1094 3113 1182 3152 res
1207 3107 1386 3168 gestas
1414 3098 1676 3165 hauserit,

166 3185 236 3273 sed
259 3187 438 3254 optimo
466 3187 682 3243 veteris
715 3187 939 3258 picturae
972 3189 1284 3244 testimonio
1312 3189 1582 3252 suffultus,
1610 3193 1676 3246 ad
1706 3212 1752 3273 ρ

168 3272 256 3340 ejus
276 3275 414 3330 fidem
441 3278 867 3334 celeberrimum
897 3278 1045 3334 illius
1071 3287 1346 3335 certamen
1372 3281 1457 3336 bis
1480 3284 1681 3337 carmi-

170 3365 288 3422 nibus
310 3368 656 3440 descripserit
683 3388 697 3424 :

217 3477 465 3559 Exemplar
485 3485 713 3559 sceleris
740 3486 910 3559 paries
933 3485 1084 3559 liabet
1109 3485 1300 3559 illitus,
1332 3488 1388 3541 in
1414 3505 1515 3559 quo

274 3552 556 3608 Multicolor
582 3552 746 3623 fucus
773 3557 963 3624 digerit
995 3573 1143 3610 onme
1173 3558 1341 3625 nefas.

219 3620 354 3698 Picta
362 3642 509 3694 super
529 3620 800 3698 tumulum
822 3620 1013 3698 s'pecies
1037 3620 1252 3697 liquidis
1270 3630 1402 3698 viget
1421 3627 1645 3695 umbris,

272 3691 500 3765 Eﬂigians
525 3697 694 3749 tracti
720 3691 953 3750 mem—bra
979 3691 1197 3751 cruenta
1223 3691 1482 3771 viri'(40).

218 3803 305 3860 Nec
325 3808 430 3862 sola
455 3807 735 3881 Hippolyti
765 3818 914 3880 gesta
945 3811 1013 3864 ad
1037 3811 1234 3866 veteris
1265 3812 1492 3882 picturae
1525 3813 1682 3868 tidem

171 3892 464 3953 Prudentium
502 3915 768 3956 narrasse
808 3909 1052 3968 constat;
1093 3917 1219 3956 nam
1262 3913 1316 3956 et
1348 3904 1682 3958 horrendum

173 3989 269 4044 illud
293 3993 505 4048 ethnica:
553 3993 918 4049 immanitatis
952 3995 1282 4064 exemplum,
1327 3995 1473 4065 quod
1524 3997 1684 4050 tertio

174 4079 324 4139 Christi
343 4088 534 4143 mulo
554 4086 761 4141 Forum
778 4086 1037 4151 Cornelii,
1058 4088 1474 4156 prazclarissima
1510 4087 1686 4142 Emi-

176 4169 444 4244 lizeciritas,
491 4177 731 4247 aspexit,
766 4177 893 4232 dum
938 4177 997 4232 S.
1049 4177 1348 4233 Cassianus
1388 4179 1682 4249 gloriosam

176 4270 366 4340 martyrii
412 4272 655 4342 palmam
705 4269 781 4324 ibi
833 4269 935 4324 fuit
969 4270 1219 4340 adeptus,
1269 4285 1380 4324 non
1410 4271 1682 4340 ‘aliunde,

181 4490 191 4503 θ
227 4425 314 4495 ('53)
350 4429 632 4503 Legendus
659 4429 984 4503 Bguinartius
1013 4431 1067 4483 in
1105 4429 1267 4503 citata
1320 4427 1687 4503 admonitione

181 4499 523 4572 in‘martyri'um
554 4500 617 4554 S.
659 4499 949 4572 Hippolyti,
980 4516 1100 4569 pag.
1135 4501 1258 4563 1M,
1293 4499 1436 4572 p.745.

227 4566 313 4640 (Eb)
345 4560 397 4640 In
413 4572 667 4639 pmdicta
698 4560 1087 4635 a'd'rnoiiitidnev,
1118 4560 1252 4640 pag.
1274 4570 1406 4640 145,
1448 4585 1610 4640 num.
1632 4569 1683 4622 1.
1718 4560 1764 4614 ι)

230 4636 316 4703 (55)
350 4636 471 4696 an.
526 4642 780 4710 superius
823 4642 1011 4704 citato,
1053 4636 1213 4696 ῑοὶη.⁷
1247 4639 1334 4701 ΙΙΙ,
1392 4655 1513 4710 pag.
1565 4639 1688 4704 675,

181 4710 337 4781 note},
355 4727 455 4781 _sur
487 4713 635 4766 saint
658 4710 960 4781 Hippolyte.

230 4779 317 4850 (£15)
352 4779 501 4850 Tom.
535 4781 602 4843 ll,
633 4779 951 4850 pag.’cit‘ata
982 4781 1104 4835 567.

228 4843 317 4919 ('57)
351 4843 669 4907 Guilielmu's
705 4843 876 4914 Cave,
912 4852 1094 4918 script.
1127 4851 1252 4904 eccl.
1303 4849 1509 4905 Histor.
1551 4849 1692 4904 litte-

180 4920 430 4992 rariatom.
465 4922 505 4986 Ι,
539 4938 662 4992 pug.
695 4922 798 4975 102
825 4923 954 4977 edit.
980 4919 1173 4975 Oxonii
1202 4923 1329 4975 anni
1369 4921 1524 4974 1740.

233 4989 322 5062 ('58)
370 4989 588 5047 Samuel
619 4989 934 5062 'Basnagius
979 4993 1525 5062 Flottemanvillmus,
1576 4992 1686 5043 An-

183 5059 465 5126 sal.politic.
501 5059 842 5117 ecclesiastici
879 5075 1011 5118 tom.
1036 5061 1100 5126 ll,
1135 5077 1279 5116 anno
1317 5063 1440 5126 2'22,
1475 5077 1687 5118 numer.

185 5126 223 5190 8,
248 5146 347 5198 pag.
368 5133 470 5187 288
493 5134 624 5188 edit.
647 5132 992 5188 Roterodami
1023 5150 1164 5192 ann.
1185 5133 1342 5186 1706.

236 5199 328 5273 (39),
343 5201 656 5258 Prudentius
669 5219 734 5257 ex
757 5204 850 5258 lib.
880 5205 1020 5272 Περὶ
1052 5204 1390 5273 στεφάνων,
1425 5201 1575 5273 hym.
1603 5201 1688 5265 11,

186 5272 582 5343 spuit-Ruinam"
621 5275 737 5327 Act.
766 5277 964 5337 select.,
995 5289 1142 5343 pag.,
1165 5272 1298 5336 145,
1329 5290 1381 5326 v.
1416 5272 1502 5327 18.

239 5340 328 5406 (40)
341 5343 472 5397 Idem
491 5343 812 5398 Prudentius
831 5345 884 5398 in
905 5340 1027 5400 eod.
1045 5340 1218 5416 b—ym.,
1241 5359 1384 5399 vers.
1404 5343 1528 5406 12.4,
1548 5342 1691 5412 apud

191 5405 416 5467 Ruinart..
442 5429 563 5467 nae.
595 5413 713 5467 “8.

226 5421 416 5483 |I_Inart_.,
442 5429 563 5483 pag.
595 5421 713 5468 148.

241 5480 344 5557 (41)Δ
360 5480 674 5557 Prudentius
713 5485 901 5557 hymn.
947 5484 1003 5549 9,
1043 5483 1110 5540 de
1139 5482 1488 5557 S.7C_assian_o
1517 5483 1691 5557 Foro-

191 5552 469 5626 corneliano,
524 5552 767 5626 v.g9ﬁget'
805 5571 943 5624 seq.,
1013 5571 1135 5626 pag.
1207 5555 1309 5609 156
1378 5555 1511 5626 edit.
1576 5553 1691 5626 An-

192 5621 468 5747 ἓξὲξῖῧιιδῖε
497 5623 623 5678 anni
657 5623 812 5693 1664,
841 5621 1042 5682 affabre
1064 5621 1380 5697 martyrium
1415 5625 1588 5695 ipsius
1617 5625 1691 5679 ita

219 5704 404 5748 9501b".
429 5712 444 5749 2

249 5825 422 5902 Plagas
450 5838 586 5893 mille
611 5856 785 5911 gerens
813 5848 944 5894 totos
983 5840 1216 5896 lacerata
1245 5855 1334 5910 per
1360 5851 1530 5905 ανιιιδι

1781 1987 1930 2056 scopi
1964 1993 2143 2055 partes
2170 2001 2227 2040 re
2249 1992 2304 2040 et
2331 1985 2549 2039 nomine
2579 1985 2862 2055 perspicue
2893 1984 2978 2039 his
3007 1983 3344 2038 carminibus

1778 2079 2038 2134 tribuisse
2065 2097 2079 2132 :

1853 2171 2028 2225 Plebis
2057 2187 2233 2226 amore
2257 2188 2368 2226 sua:
2393 2171 2572 2224 multis
2603 2171 2971 2224 comitantibus
2997 2171 3131 2234 ibat,

1920 2242 2203 2297 Consultus
2229 2258 2469 2312 quamam
2494 2251 2634 2296 secta
2664 2243 2799 2311 foret
2829 2243 3012 2296 melior
3045 2240 3199 2312 (42);

1780 2335 1846 2390 Et
1871 2335 2032 2404 paulo
2064 2342 2185 2405 post
2212 2335 2326 2405 (45)
2359 2351 2374 2389 :

1852 2448 1982 2503 Herc.
2010 2449 2324 2516 persultanti
2353 2447 2543 2502 celsum
2572 2449 2746 2502 subito
2779 2455 2899 2500 ante
2929 2444 3165 2500 tribunal

1924 2519 2159 2588 Offertur
2179 2520 2351 2571 senior
2381 2519 2598 2571 nexibus
2628 2519 2936 2584 implicitus.

1851 2590 2047 2653 Stipati
2079 2590 2273 2642 circum
2293 2589 2508 2656 juvenes
2531 2588 2761 2642 clamore
2786 2587 3094 2656 fremebant,

1930 2659 2112 2729 Ipsum
2141 2658 2471 2713 Christicolis
2498 2675 2607 2712 esse
2633 2669 2788 2727 caput
2813 2657 3044 2729 populis.

1847 2731 1906 2787 Si
1933 2723 2064 2800 foret
2092 2731 2407 2800 exstinctum
2433 2745 2646 2798 propere
2674 2723 2848 2797 caput,
2878 2723 3055 2800 ontnia
3079 2723 3224 2796 vulgi

1920 2797 2142 2855 Pectora
2170 2797 2637 2870 Romanissponte
2666 2797 2927 2852 sacranda
2963 2798 3109 2860 deis;

1779 2911 1841 2957 ut
1877 2900 2179 2971 argumenti
2209 2898 2520 2968 hujusmodi
2569 2899 2674 2953 vim
2709 2897 3036 2958 declinaret,
3071 2908 3180 2964 quo
3217 2908 3354 2949 sane

1780 2993 1976 3063 posito,
2013 2990 2296 3060 potissima
2321 2989 2440 3058 ejus
2470 2988 2780 3058 conjectura
2808 2987 2876 3042 de
2907 2985 3194 3056 Hippolyto
3223 2999 3346 3053 pre-

1780 3085 1995 3156 sbytcro
2026 3083 2238 3156 penitus
2261 3089 2560 3146 corrueret,
2591 3079 2657 3134 ad
2685 3079 3048 3134 Sozomenum
3080 3075 3346 3146 confugit,

1780 3176 2006 3245 ejusque
2036 3173 2348 3228 testimonio
2384 3173 2520 3238 haec,
2566 3188 2690 3241 quae
2721 3171 2790 3226 ad
2836 3169 3184 3242 Hippolytum
3226 3167 3344 3238 epi-

1782 3283 2005 3336 scopum
2063 3265 2309 3321 referunt
2357 3265 2628 3319 Baronius
2689 3263 2980 3333 cazterique
3030 3261 3351 3334 presbytero

1779 3362 1942 3415 etiam
1971 3373 2271 3428 congruere
2299 3373 2458 3427 posse
2487 3357 2755 3412 dictitavit
2796 3355 2931 3426 (44).
2953 3354 3044 3409 Ille
3074 3353 3218 3408 enim
3237 3351 3350 3422 (45)

1783 3450 2038 3504 Historiae
2084 3448 2456 3503 ecclesiasticae
2508 3447 2650 3502 libro
2691 3448 2868 3517 primo
2923 3445 3254 3514 praecipuum
3295 3441 3354 3496 in

1780 3541 2141 3597 Alexandrina
2175 3539 2414 3595 Ecclesia
2445 3555 2652 3594 morem
2684 3538 2991 3593 obtinuisse
3031 3535 3250 3596 scribit,
3293 3542 3356 3588 ut

1783 3633 1884 3686 sub
1915 3647 2026 3686 uno
2052 3631 2330 3700 episcopo,
2374 3629 2468 3698 qui
2497 3630 2754 3683 omnibus
2805 3639 3020 3697 praeest,
3053 3626 3354 3696 presbyteri

1785 3723 2072 3792 separatim
2102 3721 2374 3777 Ecclesias
2406 3720 2712 3774 obtinerent
2742 3729 2796 3774 et
2826 3717 3084 3788 populum
3137 3718 3205 3772 ad
3234 3717 3356 3771 illas

1783 3814 2074 3870 convenire
2102 3812 2323 3869 solitum
2355 3811 2705 3882 colligerent,
2750 3825 2912 3880 quem
2939 3810 3103 3864 etiam
3143 3823 3353 3862 morem

1785 3906 1841 3959 in
1869 3903 2157 3959 Portuensi
2184 3902 2427 3956 Ecclesia
2451 3903 2691 3972 viguisse
2716 3902 2857 3956 haud
2885 3899 3219 3970 impossibile
3241 3914 3354 3953 cre-

1785 3997 1920 4052 didit
1947 3997 2030 4050 vir
2051 3995 2401 4050 doctissimus
2427 4013 2441 4059 ;
2476 3995 2704 4064 ideoque
2725 3994 3072 4065 Hippolytum
3102 4001 3350 4046 nostrum

1785 4090 1839 4144 in
1873 4089 2058 4144 eadem
2091 4087 2333 4143 Ecclesia
2381 4087 2617 4156 aliquam
2673 4106 2690 4137 (
2728 4086 2902 4157 plebis
2933 4095 3137 4155 partem
3181 4103 3198 4135 ι
3240 4099 3353 4138 suae

1785 4198 1930 4238 cura:
1953 4180 2306 4236 commissam
2333 4179 2587 4234 habuisse
2614 4179 2846 4245 censuit,
2874 4179 3062 4232 eodem
3094 4176 3353 4230 nimirum

1781 4277 1924 4346 jure,
1953 4290 2062 4346 quo
2093 4273 2300 4329 nostris
2326 4271 2478 4327 hisce
2504 4271 2840 4341 temporibus
2867 4269 3132 4340 parochos
3178 4283 3354 4339 popu-

1926 4437 2147 4505 Ruptam
2179 4435 2396 4489 minutis
2423 4432 2692 4503 proferens
2719 4430 3130 4505 pu_n_c_tis_cut_em
3161 4443 3182 4491 ;

1863 4499 2133 4560 Innumeri
2159 4508 2355 4560 circum
2383 4499 2553 4573 pueri,
2575 4501 2878 4573 miserabile
2900 4499 3012 4552 visu

1935 4576 2191 4645 Confossa
2221 4569 2393 4644 parvis
2423 4572 2656 4645 membra
2678 4569 2904 4639 ﬁgebant
2943 4569 3131 4638 stylis:

1869 4647 2014 4701 Unde
2040 4643 2324 4716 pugillares
2352 4643 2496 4699 soliti
2523 4656 2823 4716 percurrere
2847 4655 2993 4716 ceras

1935 4710 2182 4772 Scltoldre
2221 4730 2461 4769 murmur
2490 4710 2805 4766 adnotantes
2834 4710 3172 4777 scripserant.

1863 4789 2117 4843 {Edituus
2150 4787 2420 4839 consultus
2453 4784 2528 4836 ait
2554 4799 2571 4836 :
2603 4781 2752 4844 Quod
2784 4781 3068 4849 prospicis,
3094 4779 3277 4847 hospes

1935 4858 2057 4911 Non
2084 4867 2160 4911 est
2185 4857 2380 4920 inanis,
2413 4863 2502 4908 aut
2534 4852 2692 4906 anilis
2725 4851 2928 4920 fabula.

1865 4929 2160 4983 Historiam
2185 4928 2393 4997 pictura
2418 4925 2598 4994 refert,
2627 4931 2730 4976 etc.

1865 5066 1974 5135 (49)
2019 5063 2348 5135 Prudentius
2393 5060 2459 5135 in_
2489 5058 2678 5135 eodem
2716 5055 3026 5135 hymn._1_l_,
3067 5069 3209 5110 vers.
3248 5052 3357 5120 27,

1793 5127 1932 5207 apud
1959 5127 2136 5207 ipsum
2165 5131 2552 5207 Ruinartlloc.
2589 5129 2722 5207 cit1
2746 5145 2867 5207 pag.
2904 5127 3028 5181 145.

1887 5193 2374 5275 d3)'Nempegvers.
2404 5200 2488 5275 77,
2523 5201 2664 5275 apud
2687 5193 2960 5275 ξξὺἰιιῖιτιη
2986 5211 3112 5275 pag.
3145 5193 3268 5275 15,7.

1887 5209 1974 5275 45)
2006 5209 2207 5273 Nempe
2233 5218 2374 5256 vers.
2404 5209 2488 5265 Π,
2523 5209 2664 5269 apud
2688 5209 2960 5263 [ωηιξη-ιη
2991 5211 3112 5265 pag.
3145 5209 3268 5248 ut.

1863 5209 1974 5346 bis)
2008 5275 2182 5344 Ipsius
2214 5269 2772 5346 litiinartjiverba'in
2814 5279 2941 5324 nota
2982 5267 3017 5321 5
3045 5266 3112 5320 ad
3151 5263 3356 5318 dictum

1793 5341 2054 5418 hymnum
2078 5359 2218 5398 vers.
2247 5343 2411 5397 citato
2434 5341 2503 5394 9.7
2529 5356 2543 5372 ο

1933 5457 2111 5512 Plebis
2139 5470 2315 5509 amore
2345 5469 2476 5519 sum,
2505 5461 2635 5519 etc.,

1792 5551 2020 5607 inferius
2081 5549 2392 5605 referuntur
2457 5547 2623 5616 hujus
2697 5540 3099 5601 dissertationis
3160 5537 3189 5610 §
3244 5536 3356 5607 i3,

2030 5689 2377 5760 Sozomenusr
2410 5702 2602 5757 nempe
2635 5687 2730 5760 lib.
2775 5702 2793 5740 ι
2839 5683 2980 5760 Hist.
3010 5679 3308 5760 ecclesiast.
3334 5717 3352 5744 ,

1794 5751 1912 5832 cap.
1950 5751 2035 5824 15,
2067 5777 2186 5830 pag.
2220 5761 2289 5832 55
2321 5759 2448 5832 edit.
2480 5751 2820 5828 (tantabrigte
2845 5755 2972 5810 anni
3004 5751 3162 5820 1720,
3189 5751 3353 5820 cujus

1793 5829 1952 5890 verba
1988 5829 2213 5888 inferius
2243 5829 2635 5886 describentur.
