3966 6344
629 353 739 409 815

1434 347 1520 404 DE
1559 343 1952 404 PORTUENSI
1989 345 2048 401 S.
2086 340 2450 421 HIPPOLYTI
2481 338 2673 397 SEDE.
2706 369 2775 379 —
2800 337 2981 395 PARS
3010 338 3053 397 ἰ.

3589 347 3790 409 ’146

627 474 699 533 lis
728 471 843 530 suis
863 462 1150 543 sejunclim
1174 485 1412 542 praesse
1438 470 1719 537 videmus;
1747 469 2003 540 quodque
2025 468 2190 525 etiam
2221 476 2267 533 Α
2299 466 2507 523 sionem
2546 465 2749 535 hymno
2796 460 3095 532 prolixiore
3141 469 3456 530 prosecutus
3490 473 3571 520 est
3593 465 3792 530 Prudens.

630 566 887 621 Romana:
936 563 1193 619 Ecclesiae
1249 562 1498 633 exemplo
1550 558 1741 617 fulcire
1793 560 2021 625 nititur,
2072 575 2195 633 quas

626 656 877 713 eumdem
912 657 1070 725 plane
1107 669 1312 710 morem
1344 669 1408 708 ac
1434 651 1883 711 consuetudinem
1921 651 2189 720 servavit,

627 757 690 803 ut
719 747 953 817 singulis
996 746 1168 801 titulis
1196 745 1396 815 singuli
1426 744 1835 815 praeficereutur
1864 743 2191 815 presbyteri.

627 838 724 895 His
753 838 1001 910 profecto
1029 837 1364 908 argumentis
1396 838 1482 891 vir
1507 837 1857 892 doctissimus
1880 835 2193 905 hujusmodi

626 929 995 999 conjecturam
1027 930 1096 985 ab
1128 930 1247 999 ipso
1276 928 1512 999 primum
1544 927 1904 997 excogitatam
1938 927 2190 993 munivit,

623 1037 852 1092 quisque
884 1022 1047 1075 etiam
1080 1038 1255 1091 nuper
1281 1021 1527 1092 egregios
1572 1028 1731 1075 nacta
1778 1027 1863 1074 est
1911 1019 2154 1074 vindices
2174 1059 2190 1082 ,

600 1127 817 1182 .nempe
842 1110 1105 1167 Joannem
1126 1111 1424 1182 Baptistam
1453 1109 1724 1165 Solerium
1746 1117 1800 1163 et
1816 1108 2077 1167 Joannem
2102 1107 2194 1165 Pi-

621 1202 797 1266 nium,
837 1216 1071 1271 quorum
1107 1203 1244 1258 alter
1283 1201 1632 1273 Hippolytum
1675 1215 1706 1256 a
1751 1198 2045 1254 Prudentio
2073 1215 2190 1254 me-

620 1302 891 1348 moratum
933 1294 1183 1349 eumdem
1221 1311 1343 1351 esse
1375 1304 1582 1361 censet,
1616 1309 1777 1364 quem
1815 1302 2023 1348 veteres
2046 1292 2179 1345 Mar-

618 1384 846 1454 tyroIOgi
875 1385 1182 1441 Antiochiae
1214 1403 1440 1457 passum
1473 1387 1717 1450 tradunt,
1755 1393 1811 1441 et
1847 1400 2009 1456 quem
2043 1384 2191 1439 anti-

618 1475 712 1544 qui
726 1476 1037 1546 pontiﬁcum
1053 1477 1422 1534 Romanorum
1442 1479 1692 1549 catalogi,
1710 1476 2194 1533 Bueherianussci~

616 1566 745 1623 licet
768 1576 822 1623 et
848 1566 1300 1626 Henschenianus
1318 1571 1428 1643 (46)
1447 1587 1569 1627 cum
1589 1570 1646 1625 S.
1672 1570 1941 1624 Pontiano
1972 1584 2190 1625 summo

615 1659 869 1728 pontifice
923 1662 978 1716 in
1035 1661 1350 1718 Sardiniam
1404 1665 1701 1733 relegatum
1752 1663 1986 1727 docent;
2040 1661 2190 1731 quod

614 1751 778 1806 etiam
808 1763 933 1809 ante
965 1754 1144 1823 ipsum
1173 1757 1477 1811 autumavit
1507 1756 1821 1811 Dodwellus
1864 1753 2010 1826 (47);
2058 1752 2190 1824 ml);

614 1843 861 1915 polytum
900 1814 1031 1901 vero
1073 1848 1391 1918 episcopum
1422 1847 1725 1902 Antiochiae
1753 1814 1974 1918 passum
2016 1846 2190 1901 credit
2220 1814 2263 1873 Β

608 1932 768 2006 juxta
796 1935 1125 1993 Tillemontii
1153 1940 1519 2010 conjecturas,
1546 1940 1706 2010 cujus
1735 1946 2060 2009 argumenta
2087 1937 2189 1995 So-

612 2024 786 2082 lerius
821 2029 936 2099 ipse
967 2031 1278 2100 exscripsit,
1321 2031 1488 2086 tacito
1521 2031 1639 2101 ejus
1677 2032 1899 2086 nomine
1927 2030 2064 2103 (48).
2091 2031 2186 2087 Al-

612 2126 701 2174 ter
743 2135 899 2187 vero,
948 2138 1141 2191 nempe
1186 2121 1377 2177 Pinius
1409 2122 1544 2193 (49),
1592 2121 1862 2178 Ruinartii
1904 2122 2188 2178 sententiae

612 2208 916 2264 maximum
949 2224 1009 2266 se
1050 2211 1323 2267 addidisse
1355 2223 1687 2267 momentum
1734 2212 2051 2277 arbitratur,
2092 2228 2188 2283 pe-

613 2300 805 2355 culiari
833 2304 1069 2372 quadam
1112 2304 1429 2374 conjectura
1475 2305 1530 2359 in
1574 2304 1815 2359 medium
1846 2306 2043 2369 allata,
2078 2321 2185 2375 qua

611 2390 891 2448 Prudentii
915 2393 1259 2467 Hippolytum
1281 2412 1385 2451 non
1414 2397 1471 2453 in
1499 2411 1632 2468 agro
1659 2395 1898 2464 Verano,
1923 2404 1988 2452 ut
2003 2398 2187 2452 hacte-

610 2499 718 2540 nus
767 2485 912 2541 docti
956 2487 1058 2541 viri
1105 2489 1471 2554 crediderunt,
1515 2490 1792 2559 sepultum
1835 2490 2182 2561 suspicatur,

611 2575 707 2630 sed
760 2575 814 2630 in
859 2578 944 2632 via
985 2575 1255 2646 Ostiensi;
1296 2582 1554 2652 quodque
1587 2597 1654 2637 ex
1704 2581 2031 2637 Kalendario
2072 2581 2183 2636 Bu-

609 2665 895 2732 eberiauo,
924 2679 977 2724 et
1024 2686 1091 2725 ex
1131 2672 1485 2741 sequentibus
1522 2670 1802 2728 Prudentii
1845 2674 2185 2732 carminibus

606 2756 804 2814 deduci
829 2774 991 2828 posse
1021 2760 1251 2817 allirmat
1278 2780 1292 2816 :

682 2866 899 2947 Talibus
934 2872 1208 2947 Hippolyti
1235 2890 1423 2944 corpus
1448 2876 1738 2930 mandatur
1765 2879 1979 2947 opertis,

753 2941 973 3014 Propter
994 2941 1083 2996 ubi
1105 2941 1346 3014 apposita
1375 2958 1449 3000 est
1477 2963 1574 2999 ara
1598 2947 1776 3001 dicata
1797 2941 1934 3002 'Deo.

636 3008 644 3015 ’
682 3008 795 3089 Illa
820 3008 1148 3089 sacramenti
1170 3008 1420 3089 donatrix
1442 3033 1649 3089 Amettsa,
1675 3018 1956 3089 eademque

753 3081 1081 3166 Custosnﬁda
1112 3084 1197 3166 sui
1227 3087 1483 3166 martyris
1502 3087 1746 3166 apposita

678 3149 865 3226 δεῳαι
893 3149 1175 3226 adaterni
1196 3170 1338 3226 spem
1359 3149 1707 3226 judicis'ossa
1741 3157 2001 3226 sepulcro,

750 3220 1105 3298 Pascitidem
1130 3220 1328 3278 sanctis
1359 3220 1654 3282 Tibricolas
1675 3220 1920 3298 dapibus.

677 3289 825 3346 Mira
862 3291 965 3346 loci
990 3295 1184 3363 pietas,
1211 3303 1318 3351 etc.

607 3402 812 3462 Verum
851 3406 1066 3476 jurene,
1095 3424 1163 3462 an
1190 3408 1388 3478 injuria
1423 3410 1540 3466 hmo
1564 3410 1632 3465 de
1670 3410 1962 3485 Hippolyto
1988 3423 2174 3471 nostro

604 3498 921 3554 censuerint
948 3498 1051 3553 viri
1073 3499 1398 3567 doctissimi,
1427 3499 1603 3557 fusius
1631 3518 1732 3557 suo
1762 3505 1884 3560 loco
1906 3507 2176 3578 discepta-

606 3587 812 3645 bimus.

603 3696 760 3781 μυ.
800 3698 1002 3755 Fronto
1015 3699 1278 3781 “Dacicus,
1314 3704 1660 3781 Hippolytum
1694 3710 1995 3781 episcopum
2040 3711 2174 3766 Par-

672 3778 973 3852 tuensem_9
1004 3770 1296 3852 Prudentia
1318 3770 1616 3852 laudatum,
1637 3770 2015 3852 eumque'ante
2036 3800 2174 3838 mar-

674 3841 873 3912 tyrium
904 3840 1220 3898 Novatianis
1251 3848 1444 3915 favisse
1467 3840 1711 3904 credidit.

610 3996 611 3999 η
670 3954 963 4013 Frontonis
1011 3957 1190 4017 Ductei
1242 3964 1587 4029 sententiam,
1619 3982 1787 4036 quam
1832 3969 1994 4024 tertio
2045 3970 2168 4026 loco

600 4046 855 4116 superius
904 4051 1303 4116 recensuimus,
1356 4062 1436 4108 tot
1488 4057 1766 4126 tantisque
1814 4060 2171 4129 scriptoribus

600 4139 696 4210 qui
730 4139 798 4194 de
842 4138 1113 4213 Hippolyti
1156 4145 1330 4199 nostri
1363 4146 1491 4202 sede
1530 4149 1748 4204 curiose
1791 4165 1854 4203 ac
1886 4152 2170 4222 diligenter

600 4229 884 4301 hucusque
913 4232 1282 4303 disputarunt,
1313 4237 1527 4305 penitus
1560 4241 1957 4311 incompertam
2001 4246 2171 4302 fuisse

598 4319 1072 4388 deprehendimus.
1122 4322 1256 4379 Eam
1309 4325 1558 4381 brevibus
1622 4327 1731 4385 illis
1812 4332 1986 4399 notis,
2044 4333 2168 4402 qui-

596 4409 703 4467 bus
785 4411 1075 4484 Nicephori
1159 4414 1586 4473 Ecclesiasticam
1663 4420 1950 4477 illustravit
2003 4424 2168 4479 histo-

2296 559 2429 614 tius.
2466 576 2485 610 ι
2524 555 2751 611 Demum
2780 570 2903 610 cum
2947 553 3043 608 lib.
3074 568 3149 618 vr,
3175 568 3293 624 cap.
3320 555 3488 623 5(51)
3523 572 3614 613 nos
3637 561 3791 621 doceat

2260 649 2657 720 .Nicephorus,
2699 648 2979 703 decretum
3015 646 3185 703 fuisse
3221 647 3275 702 in
3324 650 3547 705 concilio
3576 651 3711 721 jussu
3743 656 3788 714 8.

2294 742 2534 799 Cornelii
2588 740 2864 812 pontiticis
2914 739 3161 806 maximi,
3209 739 3396 796 Homm
3438 752 3642 810 coacto,
3677 751 3790 818 quod

2292 834 2628 890 Novatianus
2660 848 2785 888 cum
2818 833 3089 905 episcopis
3116 832 3227 888 illis
3252 834 3576 906 ueterisque,
3615 840 3695 907 qui
3719 856 3790 895 ve-

2295 943 2443 984 sana:
2490 927 2638 983 illius
2692 925 2980 984 dementiae
3028 925 3488 996 subscripserant,
3530 942 3559 982 e
3598 928 3789 988 ﬁdelium

2292 1027 2435 1074 cmtu
2453 1018 2822 1075 ecclesiastico
2849 1019 3138 1075 interdicto
3162 1017 3675 1087 proscriberentur...
3695 1039 3712 1072 ι
3732 1022 3793 1077 la-

2292 1111 2377 1180 psi
2403 1125 2534 1165 vero
2563 1109 2759 1166 fratres
2784 1121 2839 1167 et
2868 1111 3249 1180 resipisceutes
3278 1107 3505 1178 benigne
3527 1108 3789 1166 admittendi

2293 1201 2712 1271 bumaniterque
2762 1202 3061 1267 tractandi;
3102 1219 3121 1252 ο
3172 1199 3374 1254 Fronto
3406 1199 3515 1254 haec
3555 1197 3790 1270 Nicepbori

2292 1294 2453 1348 verba
2482 1294 2549 1349 ad
2575 1293 2921 1367 Hippolytum
2959 1293 3276 1363 episcOpum
3310 1290 3511 1358 retulit,
3537 1306 3680 1361 quem
3706 1291 3787 1347 Νοι

2290 1384 2507 1439 vatiana
2552 1385 2673 1441 labe
2720 1386 3106 1456 inquinatum,
3159 1382 3503 1455 postmodum
3550 1383 3790 1452 resipuisse

2291 1475 2541 1540 credidit,
2597 1474 2893 1532 Prudentio
2936 1483 3072 1531 teste
3118 1493 3133 1529 :
3190 1492 3210 1526 ι
3241 1472 3572 1543 Hippolytus,
3622 1472 3788 1542 inquit,

2291 1565 2608 1625 Portuensis
2641 1568 2931 1639 episcopus
2953 1576 3008 1623 et
3028 1576 3257 1639 martyr,
3278 1581 3404 1621 cum
3431 1564 3497 1623 ad
3521 1564 3789 1636 supplicium

2290 1663 2592 1725 raperetur,
2620 1664 2680 1710 ut
2699 1664 2782 1711 est
2813 1656 2956 1726 apud
2972 1655 3350 1721 Prudentium,

2360 1766 2646 1839 Respondit
2672 1783 2692 1821 :
2722 1767 2936 1839 Fugite,
2961 1786 2995 1823 ο
3014 1770 3215 1831 miseri,
3243 1769 3553 1823 exsecranda
3577 1767 3740 1824 Novati

2428 1836 2729 1894 Schismata
2746 1855 2764 1903 ;
2794 1836 3069 1893 catholicis
3101 1839 3303 1893 reddite
3335 1857 3420 1893 vos
3448 1841 3652 1909 populis.

2364 1906 2481 1980 Una
2503 1909 2842 1980 fides_rigeat,
2870 1911 3044 1978 prisco
3073 1926 3190 1980 qua:
3216 1910 3430 1963 condita
3448 1906 3627 1980 templo
3648 1920 3738 1964 est:

2432 1978 2601 2050 Quam
2631 1977 2830 2033 Paulus
2855 1977 3061 2043 retinet,
3084 1977 3312 2050 quamve
3338 1977 3573 2033 cathedra
3600 1978 3735 2033 Petri.

2360 2048 2493 2123 Quae
2515 2049 2692 2113 docui,
2720 2050 2966 2123 docuisse
2983 2048 3121 2123 piget
3140 2050 3483 2123 {uenerabile
3506 2060 3683 2123 martyr

2431 2119 2619 2186 Cerno,
2649 2121 2787 2190 quod
2820 2137 2852 2173 a
2879 2120 3027 2177 cultu
3051 2119 3202 2173 rebar
3220 2121 3402 2175 abesse
3426 2119 3536 2175 Dei.

2294 2229 2563 2301 «insigne
2610 2232 3035 2297 retractationis,
3093 2248 3190 2288 seu
3246 2233 3595 2289 revocationis
3639 2248 3783 2287 essm-

2285 2323 2459 2393 plum.
2497 2343 2515 2374 ι
2573 2321 2847 2380 Hactenus
2891 2323 3119 2389 Fronto,
3159 2326 3327 2397 cujus
3360 2333 3652 2397 argumenta
3688 2326 3787 2380 inle-

2286 2416 2403 2472 rius
2435 2415 2814 2472 discutiemus.
3366 2434 3375 2443 ’

2546 2509 2661 2564 XII.
2700 2510 2923 2565 Baronii
2951 2513 3212 2565 sententia
3255 2510 3579 2580 impenditur.

2356 2600 2588 2657 Maxima
2619 2602 2783 2673 igitur
2819 2618 3157 2659 summorum
3189 2604 3434 2658 virorum
3477 2603 3540 2659 de
3568 2600 3784 2657 Prudentii

2285 2692 2575 2766 Hippolyto
2612 2694 2836 2750 dissidia
2883 2709 2990 2748 non
3041 2696 3210 2748 levem
3263 2711 3408 2752 nunc
3454 2695 3599 2750 nobis
3637 2694 3785 2749 dubio-

2285 2797 2404 2838 rum
2437 2791 2670 2851 segetem
2700 2782 2960 2852 praabent,
2990 2784 3192 2851 quibus
3220 2785 3309 2839 rei
3336 2786 3549 2847 veritas,
3575 2798 3709 2854 quam
3730 2790 3783 2836 to-

2283 2875 2357 2929 tis
2383 2874 2591 2930 viribus
2639 2874 2856 2944 assequi
2900 2890 3186 2943 conamur,
3236 2878 3415 2933 denso
3447 2877 3670 2948 caliginis
3696 2874 3782 2929 velo

2282 2964 2600 3021 oll‘unditur.
2636 2964 2861 3032 Verum,
2891 2976 2949 3023 ut
2983 2979 3168 3025 nostra
3205 2967 3319 3024 fert
3342 2970 3541 3039 Opinio,
3568 2983 3663 3023 rem
3682 2968 3783 3020 hanc

2284 3057 2448 3112 tantis
2478 3058 2884 3114 dillicultatibus
2919 3060 3199 3130 obseptam
3256 3060 3400 3114 haud
3429 3075 3543 3114 esse
3575 3056 3784 3128 comperi-

2206 3153 2249 3212 ο
2283 3162 2425 3212 mus,
2458 3148 2610 3217 quin,
2646 3164 2702 3203 re
2731 3149 2923 3203 sedulo
2951 3165 3244 3220 perpensa,
3292 3151 3636 3207 clarissimam
3667 3147 3783 3204 nobis

2277 3238 2476 3305 lucem,
2509 3241 2563 3294 in
2588 3241 2981 3297 obscurissima
3002 3242 3133 3298 licet
3154 3244 3463 3313 quaestione
3483 3240 3782 3306 versantibus,

2276 3333 2526 3400 protinus
2575 3333 2831 3405 aliulgere
2875 3335 3310 3405 conspiciamus.
3361 3334 3556 3391 Omnes
3590 3334 3782 3389 enimet

2274 3424 2450 3480 doctis
2480 3426 2630 3490 viris.
2657 3443 2892 3497 quorum
2927 3429 3214 3483 sententiae
3245 3444 3358 3483 non
3385 3430 3645 3483 minimum
3665 3422 3781 3479 nobis

2275 3518 2328 3573 in
2359 3519 2459 3574 hac
2487 3534 2546 3574 re
2593 3521 2797 3592 negotii
2845 3519 3120 3576 facessere
3158 3530 3404 3590 possent,
3458 3535 3565 3575 rem
3605 3515 3781 3573 summis

2272 3617 2484 3666 tantum
2515 3611 2674 3668 labiis
2707 3612 2979 3669 delibasse
3006 3619 3247 3677 constat,
3299 3627 3399 3668 nec
3428 3620 3611 3683 praeter
3634 3624 3688 3689 ea
3717 3621 3779 3661 ra-

2271 3702 2440 3757 tionis
2488 3711 2784 3770 momenta,
2821 3720 2944 3777 qua:
2977 3704 3225 3758 omnium
3273 3704 3482 3775 primus
3515 3699 3782 3772 excogitavit

2272 3794 2616 3860 Ruinartius,
2647 3804 2708 3852 ut
2748 3794 3104 3852 Prudentium
3140 3795 3482 3854 confusionis
3516 3797 3636 3852 vitio
3666 3793 3779 3848 labo-

2272 3896 2485 3943 rantem
2520 3897 2783 3954 tueretur,
2824 3889 2950 3943 novi
2983 3892 3122 3947 nihil
3171 3895 3242 3949 ab
3288 3895 3423 3965 ipsis
3467 3890 3775 3959 excogitatum

2271 3979 2776 4047 animadvertimus,
2831 3999 2943 4056 quo
2990 4000 3110 4051 nos,
3160 3986 3292 4042 licet
3340 3986 3555 4047 invitos,
3585 3982 3632 4036 in
3665 3978 3775 4031 illius

2271 4075 2537 4130 sententia
2575 4090 2834 4147 perpetuo
2872 4092 3094 4132 manere
3141 4079 3540 4148 compellerent.
3581 4073 3777 4140 Quapro-

2271 4171 2388 4233 pter
2443 4164 2490 4219 si
2542 4164 2786 4235 ejusdem
2839 4165 3109 4223 Buinartii
3172 4171 3494 4223 sententiam
3544 4164 3777 4234 ipsismet,

2269 4256 2471 4324 quibus
2527 4257 2716 4311 nititur
2766 4267 3008 4313 veterum
3055 4259 3410 4326 testimoniis,
3453 4267 3681 4313 corruere
3707 4249 3781 4304 de-

2270 4351 2718 4420 monstrabimus,
2758 4354 2833 4409 uil
2889 4355 3050 4411 nobis
3102 4356 3208 4411 erit
3266 4356 3481 4427 reliqui,
3535 4347 3780 4424 quominus

2270 4456 2523 4512 magnum
2552 4441 2901 4518 Hippolytum
2941 4447 3257 4517 episcopum
3283 4456 3338 4504 et
3377 4456 3649 4518 martyrem
3681 4439 3781 4494 Por-

598 4504 760 4572 riam,
818 4506 1036 4563 concise
1086 4508 1378 4564 admodum
1430 4508 1644 4569 duobus
1673 4513 1726 4569 in
1760 4514 1894 4572 locis
1921 4519 2171 4587 exposuit

2276 4504 2454 4590 luensi
2472 4504 2728 4591 Ecclesia:
2752 4504 3183 4607 adjudicandum
3230 4555 3299 4594 ex
3338 4504 3775 4609 ipsius'Prudeotii

597 4599 683 4654 vir
716 4599 1073 4656 clarissimus.
1109 4600 1307 4660 Narrat
1354 4603 1693 4677 Nicephorus
1742 4610 1880 4666 libro
1919 4626 1994 4676 ιν,
2042 4625 2166 4681 cap.

598 4689 662 4744 5i
707 4688 843 4759 (50),
885 4688 1230 4765 Hippolytum
1281 4707 1529 4753 nostrum
1577 4701 1826 4771 quendam
1877 4703 2165 4772 scripsisse

598 4792 719 4850 quae
761 4781 1178 4850 reprehensione
1203 4799 1311 4840 non
1340 4794 1549 4853 carent,
1592 4790 1814 4860 quibus,
1846 4793 2162 4864 martyrium

596 4873 941 4949 postmodum
966 4884 1315 4943 consecutus,
1348 4894 1565 4934 omnem
1607 4882 1924 4952 ignorantiae
1975 4899 2163 4940 rnacu-

594 4959 703 5021 lam
749 4963 991 5020 detersit.
1027 4964 1124 5022 His
1172 4966 1465 5038 Nicephori
1498 4973 1677 5028 verbis
1725 4974 1865 5029 hanc
1914 4975 2160 5029 notulam

594 5052 826 5124 subjecit
864 5050 1112 5114 Fronto:
1153 5076 1173 5112 α
1204 5056 1379 5130 Hujus
1418 5060 1635 5134 (nempe
1685 5060 1982 5137 Hippolyti)
2027 5080 2155 5137 pas-

665 5273 777 5359 ρβ)
804 5276 865 5359 l_r_i
903 5262 1047 5359 tom:
1084 5280 1104 5334 l
1134 5279 1254 5336 Act.
1277 5293 1468 5359 sanet.
1498 5286 1709 5359 mensis
1730 5286 1952 5355 Aprilis,
1982 5286 2009 5359 ς
2055 5289 2153 5354 i9,

2267 4624 2600 4682 carminibus
2623 4629 2997 4696 patentissime
3034 4632 3460 4702 conspiciamus.
3502 4623 3643 4699 Quod
3681 4617 3778 4690 ψιί·

2264 4714 2385 4769 dem
2435 4726 2563 4773 ante
2618 4728 2837 4775 centum
2887 4722 3282 4795 quinquaginta
3344 4731 3400 4777 et
3455 4721 3587 4775 ultra
3636 4723 3774 4768 annos

2265 4809 2504 4865 maximo
2536 4812 2827 4869 Annalium
2858 4814 3130 4870 conditori
3159 4815 3396 4887 primum
3421 4809 3698 4870 suboluisse
3716 4801 3776 4855 vi-

2262 4902 2477 4971 dimus;
2511 4920 2701 4960 verum
2726 4922 2850 4961 cum
2881 4923 3111 4977 magnus
3142 4908 3226 4963 vir
3271 4908 3535 4962 immensa
3562 4896 3775 4958 ecclesia-

2261 4995 2520 5050 sticorum
2552 4998 2831 5053 annalium
2864 4998 3007 5055 mole
3034 5000 3381 5063 obrueretur,
3428 5010 3575 5054 suam
3599 4991 3657 5045 de
3693 4987 3774 5041 hac

2260 5090 2562 5161 quaestione
2587 5091 2935 5157 sententiam,
2966 5108 3030 5148 ea
3081 5109 3189 5163 qua
3229 5101 3460 5163 peterat,
3495 5087 3771 5144 selectorum

2329 5292 2440 5362 (48)
2466 5290 2530 5367 in
2563 5292 2706 5348 uotis
2750 5294 2815 5367 ad
2848 5293 3288 5367 Martyrologium
3339 5290 3562 5367 Usuardi
3605 5278 3764 5367 (με,ᾇο

592 5360 647 5434 p.
672 5347 745 5402 24
773 5349 918 5434 edit;
935 5349 1146 5434 Veneta:
1165 5352 1477 5434 anui_l757,
1508 5356 1560 5409 in
1590 5356 1647 5411 S.
1680 5347 1949 5434 fontique
1975 5347 2009 5411 ἴ
2032 5376 2050 5409 ε
2081 5347 2156 5415 Eo
2254 5347 2520 5434 Januarii,
2573 5347 2699 5434 pag.
2750 5347 2817 5417 70
2874 5347 3005 5420 aut:
3024 5347 3035 5350 ⁷
3060 5347 3298 5422 iniiinii.
3348 5347 3549 5421 mensis
3606 5353 3728 5413 Junii
3749 5387 3763 5412 ο

593 5424 837 5499 tempore
879 5419 1179 5499 Pontianus
1230 5424 1549 5499 episcopus,
1581 5436 1635 5481 et
1676 5426 1997 5499 Hippolytus
2038 5446 2156 5497 pre-

593 5490 1032 5564 sbyterexsules
1077 5500 1207 5547 sunt
1230 5490 1496 5564 deportati
1538 5497 1593 5552 iu
1635 5490 2152 5556 iusulmn'nocivam

595 5556 927 5627 Sardiniam,
965 5582 984 5614 ι
1023 5573 1127 5618 etc.

665 5628 774 5700 (47)
796 5631 1163 5688 Disser:ation.
1179 5632 1778 5710 gyprianicw,_giissert.
1826 5639 1852 5710 i_
1866 5640 1883 5694 l
1919 5639 1995 5694 De
2015 5657 2149 5710 pan-

592 5698 789 5781 p‘itat‘el.
811 5716 1121 5781 martyrum,
1149 5707 1203 5781 μέ
1227 5698 1336 5781 3'9,
1372 5708 1598 5781 pag._85
1640 5710 1793 5781 etljt.~
1821 5698 2055 5781 Opertu'u
2089 5712 2147 5768 S.

591 5766 792 5826 Caecilii
821 5766 1116 5848 Cypfiauiz,
1134 5766 1521 5835 Aiustelo'daiui
1551 5795 1639 5834 an.
1671 5779 1824 5835 l700.

2258 5432 2574 5573 wi'i'ofti'ct.
2597 5517 2835 5562 sanctor.
2851 5510 3054 5563 mensis
3078 5508 3325 5573 Augusti,
3342 5515 3469 5559 tom.
3485 5500 3546 5555 Ill
3560 5497 3767 5573 ,tlie_sltt.,

2465 5576 2774 5648 Niceplior.,
2810 5595 2930 5648 pag.
2968 5580 3074 5634 550
3121 5565 3374 5637 editionis
3406 5573 3614 5633 Lutetiw
3637 5565 3763 5620 Pam“

2253 5645 2457 5699 sioruut
2482 5647 2606 5699 anui
2640 5647 2792 5701 1650.

2322 5715 2436 5788 (Si)
2468 5717 2649 5785 Idem,
2680 5734 2803 5790 pag.
2836 5720 2959 5776 595.
