3966 6344
135 356 233 414 ιη

927 354 1013 412 DE
1057 351 1453 411 PORTUENSI
1489 354 1546 410 S.
1586 343 1947 410 HlPPOLYTl
1987 353 2179 410 SEDE.
2223 383 2293 395 —-
2330 345 2510 410 PARS
2546 340 2591 410 Ῐ.

3295 346 3402 414 ιιε

137 484 588 545 argumentorum
616 473 794 544 c0pia,
822 475 1034 531 munire
1057 477 1320 548 nequivit,
1347 477 1420 532 ita
1448 486 1505 531 ut
1527 492 1719 533 omnes
1749 484 1792 540 Α
1821 491 1928 547 que
1960 476 2341 532 conventicula
2378 477 2502 542 vici,
2539 476 2653 532 sive
2688 476 2854 532 laurae
2902 477 2971 533 ab
3010 477 3402 534 Alexandrinis

140 568 427 622 dubitandi
481 569 666 623 aditus
709 567 778 622 iis
810 567 1248 634 occluderentur,
1299 568 1500 638 quibus
1533 568 1586 622 in
1619 583 1717 638 po-

137 671 341 717 Sterum
394 656 467 714 de
505 658 700 714 eadem
747 658 962 714 diverse
1001 675 1231 730 prorsus
1259 659 1326 714 ab
1365 659 1488 729 ipso
1515 661 1718 715 sentire

135 752 452 824 placuisset.
486 751 726 818 Etenim,
772 762 832 807 ut
863 753 1096 824 ingenue
1141 748 1448 819 fateamur,
1486 770 1618 824 pura
1656 769 1719 810 ac

133 854 254 916 puta
309 856 567 900 veterum
622 845 1134 918 Martyrologiorum
1197 845 1536 912 testimonia,
1597 862 1720 918 quae

131 937 283 1002 alias,
337 937 437 990 ubi
493 937 564 992 de
618 939 826 994 sanctis
875 938 1078 993 Christi
1115 939 1453 1011 martyribus
1500 939 1717 1010 agitur,

137 1046 318 1101 magna
354 1030 692 1085 auctoritate
728 1031 930 1101 pollere
961 1047 1067 1085 non
1101 1031 1415 1094 difﬁtentur,
1449 1032 1502 1087 in
1535 1032 1637 1087 hac
1662 1048 1720 1088 re

135 1123 432 1177 Prndcntio
502 1123 880 1177 vetustissimo
929 1123 1403 1193 disertissimoque
1465 1124 1716 1194 scriptori

135 1214 521 1284 anteponenda
576 1230 685 1270 non
727 1230 870 1281 esse,
906 1224 1274 1275 recte,nostro
1307 1215 1526 1286 quidem
1572 1216 1721 1284 judi-

133 1308 232 1370 cio,
266 1304 608 1362 Ruinartius
649 1314 706 1361 et
749 1305 1131 1362 Tillemontius
1173 1307 1433 1361 docuere.
1465 1306 1722 1376 Quapro-

135 1410 246 1470 pter
283 1399 396 1452 alia
456 1415 690 1469 prorsus
739 1399 826 1454 via
870 1399 1030 1454 nobis
1077 1397 1438 1454 incedendum
1479 1399 1720 1453 arbitra-

138 1507 270 1556 mur,
305 1506 423 1560 qua
468 1490 891 1545 intricatissituze
933 1491 1062 1546 huic
1087 1490 1376 1561 quaestioni
1414 1491 1720 1546 clarissima

137 1583 372 1639 veritatis
403 1583 504 1638 lux
538 1598 640 1653 pro
670 1583 878 1638 viribus
911 1570 1192 1640 aﬂ'eratur.

139 1693 266 1750 xm.
320 1694 605 1749 Ruinartii
656 1696 980 1764 conjectura,
1032 1698 1221 1765 quibus
1265 1699 1470 1754 nitatur
1524 1698 1722 1768 [ntida-

644 1767 856 1831 mentis,
892 1769 1214 1823 ostenditur.

204 1861 536 1917 Ruinartius
571 1861 778 1931 itaque,
807 1869 866 1914 ut
899 1863 1152 1930 superius
1188 1861 1468 1916 innuimus
1502 1901 1519 1926 ,
1555 1863 1719 1918 nullis

144 1955 252 2009 aliis
289 1964 552 2010 veterum
598 1955 966 2008 monumentis
1009 1956 1338 2022 coniecturae
1376 1970 1489 2009 suae
1523 1953 1720 2009 funda-

148 2058 307 2105 menta
359 2048 522 2117 iecit,
556 2050 934 2118 'praaterquam
984 2047 1103 2102 solo
1139 2047 1424 2102 Sozomeni
1477 2047 1720 2103 testimo-

152 2142 254 2196 nio.
287 2160 305 2191 ι
338 2139 510 2206 Haec,
566 2139 746 2210 inquit
794 2137 908 2208 (52)
961 2138 1200 2210 (nempe
1247 2153 1408 2208 supra
1454 2140 1719 2195 recensita

157 2231 414 2288 Prudentii
467 2232 795 2301 carmina),
860 2231 928 2286 ad
989 2231 1339 2302 Hippolytum
1401 2232 1719 2302 episcopum

158 2328 412 2391 referunt;
476 2326 577 2381 sed
634 2325 764 2395 quid
817 2331 966 2379 vetat
1030 2323 1403 2395 presbyterum
1475 2324 1717 2395 aliquam

156 2422 301 2491 plebis
333 2429 557 2489 partem
591 2433 707 2472 sua:
735 2432 881 2472 curae
914 2417 1267 2471 commissam
1315 2416 1606 2482 habuisse;
1640 2426 1722 2471 ta-

151 2512 217 2564 la
244 2523 370 2567 sunt
412 2512 600 2572 hodie,
632 2525 771 2580 quos
803 2509 1094 2578 parochos,
1125 2524 1221 2564 seu
1257 2509 1515 2564 curiones
1547 2509 1723 2581 appel-

145 2602 324 2658 lamus.
367 2602 567 2657 Refert
601 2601 958 2666 Sozomenns,
997 2620 1016 2654 ι
1056 2609 1162 2656 etc.
1197 2601 1370 2671 Cujus
1403 2602 1567 2656 verba
1595 2617 1719 2657 mox

143 2698 415 2753 dabimus.
473 2717 494 2750 ι
536 2697 680 2752 Idem
726 2697 1103 2768 (prosequitur
1147 2695 1492 2765 Ruinartius)
1536 2694 1723 2752 Romae

142 2791 402 2846 usitatum
435 2789 610 2844 fuisse
639 2790 799 2845 docet
831 2788 1124 2860 Dionysius
1155 2787 1430 2843 Petavius.
1460 2787 1593 2842 Vide
1619 2786 1723 2842 Va-

143 2883 247 2936 lesii
275 2891 459 2936 notas
490 2881 563 2936 ad
595 2882 741 2936 hunc
773 2879 1068 2936 Sozomeni
1102 2882 1308 2948 locum,
1349 2890 1404 2936 et
1431 2879 1722 2936 Commen-

148 2976 345 3030 larium
379 2975 650 3045 praevium
681 2973 745 3028 D.
776 2973 826 3030 J.
853 2973 1149 3029 Mabillonii
1182 2975 1236 3028 in
1263 2975 1509 3030 ordinem
1530 2973 1726 3029 Roma-

145 3083 266 3123 num
285 3083 426 3137 cap.
445 3068 503 3122 3.
531 3085 550 3119 ι
578 3067 986 3136 Verumtamen,
1011 3083 1144 3138 pace
1161 3068 1294 3122 tanti
1325 3067 1446 3131 viri,
1465 3068 1653 3134 multa,
1673 3075 1728 3123 et

1821 570 1988 639 vulgo
2025 571 2401 625 nominantur.
2445 589 2463 622 ι
2511 568 2623 625 Has
2652 586 2816 640 porro
2853 571 3123 628 Ecclesias
3149 573 3406 643 deinceps

1820 671 2106 716 enumerat
2135 661 2476 733 Epiphanius
2522 663 2658 734 (55),
2698 677 2890 731 nempe
2925 662 3166 736 Dionysii
3214 663 3405 720 Eccle-

1821 755 1982 820 siam,
2026 753 2284 817 Theonae,
2322 755 2504 818 Pierii,
2560 755 2900 824 Serapionis,
2939 753 3170 823 Persem,
3219 755 3403 827 Dizye,

1822 847 2102 914 Mendidii,
2127 848 2389 916 Anniani,
2414 847 2688 914 Baucalis,
2718 859 2771 903 et
2793 858 3040 914 caateras,
3069 865 3304 919 quarum
3329 865 3408 904 re-

1821 944 1954 1000 ticet
1981 943 2226 998 nomina.

2057 1034 2198 1090 XIV.
2227 1035 2499 1090 Ruinartii
2528 1044 2839 1106 argumenta
2869 1035 3170 1090 diluuntur.

1899 1125 2026 1182 Hanc
2070 1128 2236 1197 igitur
2281 1140 2527 1183 veterum
2576 1128 2889 1183 testimonia
2933 1129 3244 1182 clarissimo
3269 1127 3408 1181 Rul-

1823 1222 1998 1276 nartio
2049 1221 2375 1292 conjiciendi
2423 1235 2616 1275 ansam
2670 1222 2986 1290 praebuere,
3044 1219 3406 1276 Portuensem

1825 1313 2124 1368 Ecclesiam
2167 1314 2232 1368 ad
2279 1314 2454 1368 instar
2479 1313 2886 1378 Alexandrinae,
2917 1313 3102 1368 varios
3147 1313 3409 1367 habuisse

1825 1407 2012 1461 titulos
2061 1406 2501 1478 presbyterorum
2552 1421 2700 1460 cura:
2753 1406 3118 1471 commissos,
3171 1419 3409 1474 quorum

1825 1515 1994 1553 unum
2029 1497 2372 1568 Hippolytum
2420 1505 2669 1550 nostrum
2718 1496 3027 1550 obtinuisse
3061 1494 3313 1559 credidit,
3351 1501 3412 1550 ut

1821 1605 1888 1645 ex
1917 1606 2042 1645 mox
2071 1590 2248 1645 allatis
2280 1589 2426 1644 illius
2452 1589 2635 1643 verbis
2673 1587 3124 1643 manifestissime
3163 1597 3402 1643 constat.

1824 1683 2025 1737 Verum
2058 1683 2214 1754 longe
2238 1697 2336 1738 sua
2365 1682 2621 1752 opinione
2652 1679 2857 1735 fallitur
2887 1680 2974 1734 vir
3006 1679 3366 1735 doctissimus
3391 1697 3408 1746 ς

1825 1793 1950 1831 nam
1987 1776 2302 1846 huiusmodi
2353 1774 2826 1838 consuetudinem,
2868 1789 3035 1842 quam
3066 1771 3413 1827 Alexandria:

1752 1845 1794 1904 Β
1825 1845 2074 1938 viguisse
2103 1868 2328 1923 tradunt
2351 1866 2690 1937 Epiphanius
2719 1874 2774 1919 et
2805 1865 3168 1928 Sozomenus,
3205 1863 3258 1916 in
3293 1877 3411 1916 mae

1821 1963 1985 2018 ximis
2050 1970 2260 2016 tantum
2315 1960 2543 2014 urbibus
2607 1969 2740 2013 tunc
2787 1956 3050 2026 temporis
3101 1955 3410 2010 obtinuisse

1819 2054 2012 2109 docent
2047 2052 2345 2124 Dionysius
2373 2050 2648 2114 Petavius,
2684 2061 2736 2105 et
2766 2048 3038 2103 Henricus
3065 2046 3315 2102 Valesius
3347 2047 3404 2100 in

1820 2148 2012 2203 iisdem
2051 2147 2216 2213 notis,
2247 2162 2385 2216 quas
2423 2146 2526 2199 sibi
2567 2143 2746 2199 facere
2781 2142 3013 2197 credidit
3043 2143 3127 2195 vir
3158 2141 3404 2196 clarissi-

1819 2252 1963 2292 mus.
2025 2235 2114 2302 Et,
2158 2246 2218 2290 ut
2258 2253 2288 2289 a
2317 2233 2544 2290 Petavio
2598 2233 2948 2303 incipiamus,
2999 2232 3090 2285 hic
3131 2246 3285 2284 suam
3339 2230 3408 2283 de

1821 2332 1924 2386 hac
1954 2345 2013 2384 re
2043 2330 2370 2385 sententiam
2403 2328 2487 2383 his
2515 2326 2697 2382 verbis
2724 2325 2980 2396 exposuit
3015 2323 3127 2396 (56)
3157 2341 3170 2378 :
3229 2341 3246 2374 ι
3279 2321 3406 2376 Sin-

1819 2425 2064 2495 gularem
2096 2423 2242 2488 ,ait,
2303 2431 2434 2476 tunc
2494 2420 2756 2492 temporis
2814 2417 3155 2473 Alexandriae
3198 2430 3406 2470 morem

1820 2517 1968 2571 hunc
2003 2515 2194 2578 fuisse,
2231 2513 2315 2568 vel
2348 2513 2542 2568 saltem
2569 2511 2759 2581 paucis
2789 2510 2843 2563 in
2877 2508 3138 2564 Ecclesiis
3167 2523 3406 2576 usurpa—

1822 2617 1964 2675 tum,
1989 2623 2057 2663 ex
2085 2622 2150 2662 eo
2179 2606 2464 2676 coniicias,
2489 2604 2633 2674 quod
2662 2614 2772 2657 tam
2803 2616 3062 2671 expresse
3094 2597 3408 2654 istiusmodi

1822 2699 2236 2757 consuetudinis
2275 2708 2538 2767 tanquam
2583 2696 2969 2751 Alexandrina:
2998 2693 3260 2750 Ecclesia:
3309 2705 3408 2761 pe-

1823 2792 2068 2860 culiaris,
2096 2790 2345 2846 meminit
2379 2789 2789 2860 (Epiphanius),
2820 2787 2899 2841 uti
2931 2785 3194 2840 nimirum
3222 2785 3410 2854 plures

1823 2888 1878 2942 in
1907 2885 2098 2941 eadem
2136 2882 2271 2938 urbe
2315 2881 2459 2936 tituli
2504 2878 2702 2943 forent,
2742 2879 2944 2949 quibus
2990 2877 3220 2946 singulis
3273 2890 3413 2930 suus

1823 2976 2122 3031 attributus
2176 2979 2324 3028 esset
2353 2971 2658 3042 presbyter,
2703 2970 2796 3040 qui
2841 2967 3242 3024 ecclesiasticas
3286 2963 3414 3019 fun-

1826 3068 2038 3122 ctiones
2084 3064 2198 3120 illic
2237 3063 2437 3118 obiret.
2476 3080 2495 3114 ι
2563 3061 2632 3114 Ει
2680 3070 2805 3132 post
2855 3075 3029 3130 pauca
3079 3061 3192 3113 haec
3227 3057 3409 3112 addit:

141 3161 365 3232 quidem
396 3159 663 3225 maxima,
683 3176 783 3215 nos
797 3159 1129 3230 vetantquin
1159 3175 1314 3215 suam
1338 3161 1727 3230 amplectamur
1754 3199 1798 3256 ε
1834 3181 1854 3214 ο
1883 3160 2003 3217 Non
2027 3159 2218 3216 dubito
2247 3157 2553 3228 majoribus
2581 3155 2848 3211 duntaxat
2881 3155 2934 3209 in
2970 3153 3198 3208 urbibus
3226 3154 3412 3222 plures

138 3254 500 3310 sententiam.
528 3251 663 3319 lmo,
694 3253 966 3310 utmelius
994 3254 1268 3320 dicamus,
1291 3253 1455 3309 iidem
1472 3253 1728 3311 Petavius

139 3358 187 3402 et
209 3346 496 3413 Valesius,
522 3360 665 3416 quos
693 3355 950 3416 tanquam
983 3346 1309 3416 conjecturae
1340 3363 1451 3402 suae
1473 3357 1729 3417 patronos

143 3437 382 3507 appellat
403 3437 489 3490 vir
509 3436 873 3503 clarissimus,
901 3451 1000 3491 nos
1019 3435 1232 3490 diversa
1257 3452 1482 3506 prorsus
1515 3437 1582 3492 ab
1611 3437 1731 3506 ipso

142 3531 344 3585 sentire
361 3529 725 3598 compellunt.
745 3525 939 3584 Narrat
958 3527 1300 3584 Sozomenus
1324 3529 1416 3584 lib.
1439 3546 1478 3594 t,
1497 3545 1615 3599 cap.
1641 3529 1728 3597 15,

140 3622 330 3677 Arium
361 3621 582 3692 legatos
605 3620 823 3676 misis‘se
853 3621 918 3675 ad
941 3619 1232 3676 Paulinum
1261 3619 1410 3691 Tyri,
1435 3619 1730 3690 Eusebium

142 3713 436 3781 (ᾅδει-επ,
469 3723 527 3768 et
556 3713 624 3768 ad
652 3712 1022 3784 Patrophilum
1055 3713 1402 3786 Scythopolis
1425 3715 1730 3784 episcopos,

145 3810 410 3881 ipsosque
469 3823 694 3878 rogasse
724 3818 782 3864 ut
815 3810 920 3864 sibi
953 3810 1064 3880 (5'5)
1099 3825 1333 3866 unacum
1365 3811 1482 3866 suis
1517 3811 1733 3882 permit-

145 3912 320 3958 terent
368 3901 586 3972 plebem
627 3899 761 3970 ipsis
793 3902 1156 3957 adbmrentem
1203 3904 1255 3956 in
1286 3901 1530 3958 Ecclesia
1576 3904 1732 3957 colli-

146 4012 288 4067 gere,
324 3994 588 4050 eumdem
619 4008 682 4047 ex
714 4008 826 4063 quo
861 4009 988 4048 mox
1020 3995 1210 4065 deiecti
1241 3995 1477 4061 fuerant,
1503 3995 1730 4065 gradum

147 4090 550 4144 obtinentibus.
607 4086 731 4141 Mox
787 4087 989 4142 subdit:
1059 4106 1077 4139 ι
1129 4089 1400 4158 Antiquos
1453 4089 1598 4142 enim
1649 4097 1733 4143 est

149 4180 498 4235 Alexandria:
527 4192 667 4243 mos,
703 4177 798 4245 qui
844 4185 898 4230 et
931 4176 1096 4231 etiam
1148 4194 1294 4232 nunc
1329 4179 1495 4248 viget,
1533 4187 1592 4232 ut
1630 4180 1732 4234 sub

153 4291 254 4330 uno
286 4275 581 4344 episcopo,
610 4269 702 4340 qui
729 4269 986 4324 omnibus
1013 4279 1228 4339 praeest,
1261 4272 1558 4343 presbyteri
1582 4287 1733 4326 seor-

154 4383 268 4421 sum
318 4363 593 4420 ecclesias
641 4363 945 4426 obtineant,
995 4369 1050 4415 et
1100 4361 1156 4415 in
1223 4362 1418 4416 iisdem
1470 4363 1730 4432 populum

157 4467 514 4531 congregem.
554 4474 574 4507 ›
616 4453 814 4508 Eadem
847 4453 1010 4508 etiam
1039 4453 1198 4508 docet
1225 4451 1564 4524 Epiphanius
1592 4454 1728 4522 (54),

1831 3261 1974 3316 inter
1997 3259 2256 3330 pomaaria
2285 3257 2472 3311 titulos
2502 3254 2692 3318 fuisse,
2723 3269 2851 3309 cum
2878 3252 3019 3306 intra
3047 3251 3236 3306 eadem
3260 3259 3412 3318 septa

1831 3352 2119 3417 contineri,
2154 3364 2373 3420 unaque
2406 3345 2702 3402 convenire
2735 3359 2843 3399 non
2877 3351 3133 3414 possent;
3167 3341 3412 3412 adeoque

1830 3445 2175 3516 presbyteros
2205 3440 2436 3511 singulis
2469 3437 2727 3493 Ecclesiis
2778 3437 3084 3506 impositos.
3138 3433 3194 3488 lu
3229 3435 3414 3489 mino-

1830 3539 1984 3593 ribus
2034 3545 2214 3591 autem
2247 3549 2312 3588 ac
2342 3531 2523 3586 minus
2568 3530 2948 3600 frequentibus
2985 3527 3200 3598 Oppidis
3247 3541 3415 3580 unam

1829 3629 2097 3684 duntaxat
2149 3622 2451 3680 Ecclesiam
2502 3620 2809 3685 exstitisse,
2861 3619 2916 3672 in
2959 3632 3123 3687 quam
3172 3615 3416 3669 universi

1831 3720 2190 3784 conﬂuerent,
2245 3713 2558 3784 cuiusmodi
2593 3713 2758 3784 Cypri
2805 3711 2972 3765 urbes
3002 3718 3182 3764 erant.
3242 3707 3416 3772 Unde,

1831 3813 1977 3886 quod
2007 3809 2356 3866 Alexandria:
2401 3816 2677 3875 receptum
2713 3813 2853 3868 erat,
2883 3803 3031 3857 velut
3063 3801 3420 3870 popularibus

1833 3905 1949 3961 suis
2002 3901 2348 3973 peregrinum
2398 3907 2454 3953 et
2492 3897 2814 3951 inusitatum
2869 3892 3147 3946 adnotavit
3179 3889 3418 3958 Epipha.

1831 3997 1977 4051 nius.
2015 4013 2034 4046 ι
2095 3992 2192 4049 His
2223 3997 2536 4047 consonant
2581 3993 2746 4042 etiam
2796 4001 2882 4052 ea,
2919 3999 3041 4054 qua:
3083 3982 3246 4052 paulo
3277 3979 3421 4035 infra

1833 4089 1998 4144 habet
2045 4085 2186 4158 (57),
2233 4085 2363 4138 dum
2409 4083 2475 4137 de
2517 4069 3038 4148 chorepisc0porum
3091 4073 3419 4142 antiquitate

1833 4181 2114 4238 disseruit.
2155 4198 2174 4230 ‹
2206 4179 2385 4248 Atque
2423 4176 2561 4242 haec,
2605 4172 2802 4242 inquit,
2833 4168 3123 4239 Epiphanii
3165 4175 3276 4221 tam
3325 4181 3422 4220 ac-

1834 4282 2021 4328 curata
2063 4273 2128 4326 de
2154 4267 2540 4324 Alexandrinae
2583 4263 2842 4319 Ecclesia:
2880 4259 3129 4332 pluribus
3171 4257 3422 4314 ecclesiis

1835 4363 2164 4429 observatio,
2197 4377 2310 4415 rem
2356 4373 2456 4414 nec
2497 4356 2626 4411 alibi
2669 4353 2898 4425 passim,
2946 4367 3046 4408 nec
3089 4351 3218 4405 olim
3253 4366 3420 4405 usur-

1835 4463 2017 4526 palam
2071 4467 2135 4509 ac
2169 4461 2440 4522 receptam
2492 4449 2669 4503 fuisse
2711 4446 3068 4501 demonstrat.
3108 4462 3127 4494 ι
3177 4441 3287 4497 Nec
3319 4441 3424 4496 mi-

157 4561 343 4606 contra
366 4549 605 4603 Arianos
637 4545 906 4612 scribens,
941 4543 1070 4598 dum
1099 4545 1290 4599 Arium
1323 4561 1511 4600 eorum
1539 4561 1734 4616 paren-
1765 4585 1809 4640 Β
1839 4564 1959 4602 rum
2004 4547 2051 4602 si
2095 4546 2238 4600 hanc
2271 4539 2648 4598 Alexandrinae
2664 4537 2922 4593 Ecclesia
2972 4533 3422 4591 consuetudinem

159 4656 259 4698 tem
300 4662 321 4694 ι
360 4655 529 4697 unam
573 4654 639 4693 ex
672 4636 944 4708 praedictis
991 4637 1258 4700 ecclesiis,
1290 4653 1482 4705 nempe
1523 4636 1732 4691 Bauca-

159 4734 386 4797 lensem,
461 4729 766 4785 obtinuisse
819 4727 1061 4781 tradidit.
1118 4747 1136 4778 ι
1199 4730 1411 4784 Etenim
1468 4737 1739 4799 quotquot

158 4821 502 4879 Alexandriae
536 4819 819 4875 catholicae
853 4819 1260 4873 communionis
1326 4817 1570 4874 ecclesia:
1609 4829 1739 4873 sunt

162 4918 249 4971 uni
282 4912 702 4982 archiepiscopo
735 4909 1013 4979 subjectae,
1037 4926 1170 4965 suus
1196 4910 1394 4980 cuique
1417 4911 1739 4980 praepositus

165 5019 245 5062 est
299 5025 319 5058 ι
371 5005 682 5077 presbyter,
711 5002 806 5072 qui
832 5000 1196 5056 ecclesiastica
1221 5003 1532 5058 muneraiis
1561 5001 1739 5056 admi-

167 5105 381 5167 nistret,
416 5102 516 5172 qui
564 5100 709 5154 circa
758 5095 1018 5153 ecclesias
1057 5097 1176 5150 illas
1221 5096 1489 5160 habitant,
1517 5111 1740 5150 earum-

231 5217 343 5287 (52)
373 5214 652 5287 Ruinam,
670 5213 806 5266 Acta
834 5218 1123 5287 martyrum
1149 5210 1424 5287 sincera“
1451 5208 1662 5274 selecto,

170 5279 351 5341 sancto
390 5286 704 5356 Hippolyto,
733 5301 854 5356 pag.
889 5279 1012 5348 145,
1039 5291 1169 5338 nota
1204 5281 1238 5336 5
1263 5281 1333 5334 ad
1363 5281 1628 5351 hymnum
1676 5279 1737 5333 ll

171 5357 469 5413 Prudentii.

240 5431 349 5504 (ξιξ)
381 5429 504 5504 Lib.
539 5445 555 5482 ι
590 5426 734 5504 Hist.
759 5426 992 5504 eccl.,ic.
1020 5427 1110 5482 15.

239 5493 346 5571 (54)
379 5503 597 5554 Advers.
649 5500 833 5556 lateres.
878 5493 976 5558 lib.
1024 5517 1084 5565 ιι,
1131 5497 1323 5552 hzeres.
1365 5493 1457 5559 69,
1515 5509 1669 5549 num.
1711 5493 1733 5546 1

177 5582 358 5627 contra
389 5571 774 5625 Ariomanitas.

246 5643 358 5714 (55)
396 5641 527 5696 Loc.
556 5644 674 5706 cit.,
705 5655 824 5714 pag.
851 5642 973 5698 728.

385 5715 444 5767 In
475 5705 1038 5784 anitiiadvet7sionibus
1071 5713 1136 5767 ad
1162 5708 1623 5784 diclam_b:_eresin
1654 5705 1743 5784 ϐξ),

181 5778 295 5853 quae
336 5778 556 5839 cistam
608 5784 810 5856 loti-{il
841 5783 1077 5856 Operum
1114 5784 1287 5853 ipsius
1347 5780 1405 5835 ὃ.
1434 5778 1742 5850 Epiphanii,

184 5859 304 5911 edit.
334 5858 512 5914 citatas
540 5869 664 5926 pag.
687 5854 815 5909 ἐπὶ.

1838 4651 1949 4696 tam
1997 4648 2255 4694 accurate
2297 4635 2508 4691 notavit
2551 4631 2926 4702 Epiphanius;
2976 4644 3102 4682 nam
3147 4628 3200 4680 in
3245 4625 3423 4680 insula

1838 4733 2037 4802 Cypro,
2071 4730 2124 4782 in
2157 4743 2262 4798 qua
2306 4731 2422 4796 ipse
2450 4724 2824 4794 episcopatum
2857 4717 3117 4781 obtinuit,
3148 4715 3422 4770 interdum

1838 4823 2002 4876 etiam
2047 4819 2188 4882 vici,
2229 4826 2290 4871 ut
2332 4823 2516 4870 narrat
2557 4813 2898 4868 Sozomenus
2949 4809 3083 4880 (58),
3132 4824 3426 4864 consecra-

1839 4922 1927 4966 tos
1978 4925 2094 4965 arvo
2132 4925 2234 4964 suo
2273 4908 2584 4962 habuerunt
2627 4906 2936 4975 episcopos.
2983 4901 3092 4956 Nec
3137 4917 3164 4955 a
3201 4900 3426 4955 Petavio

1838 5003 1923 5059 vel
1982 5003 2266 5055 minimum
2312 4998 2567 5054 dissentit
2605 4995 2856 5051 Valesius
2893 4994 3026 5063 (59).
3082 4991 3195 5047 lmo
3229 4991 3424 5062 huius-

1841 5095 1987 5150 modi
2029 5107 2236 5149 morem
2276 5091 2412 5145 adeo
2457 5089 2842 5144 Alexandrinam
2869 5087 3126 5141 Ecclesia:
3175 5085 3426 5154 peculia.

1914 5204 2029 5274 (57)
2078 5203 2224 5274 Idem
2253 5200 2506 5274 Petavius
2546 5199 2599 5253 in
2634 5199 2822 5254 eadem
2855 5198 3326 5252 animadversione
3355 5196 3423 5250 ad

1843 5271 2076 5330 haireSin
2111 5273 2202 5336 69,
2251 5289 2371 5342 pag.
2405 5271 2532 5326 28!.

1914 5347 2028 5415 (58,)
2071 5345 2190 5400 Lib.
2222 5338 2295 5396 vii
2325 5338 2373 5395 Π
2385 5345 2469 5396 ist.
2500 5340 2710 5415 eccles_,
2744 5354 2863 5415 cap.
2894 5338 3019 5415 59?.

1915 5406 2030 5488 (59)
2069 5416 2124 5469 lu
2169 5417 2327 5488 notis
2345 5415 2408 5467 ad
2444 5422 2607 5488 caput
2638 5411 2724 5474 15,
2761 5406 2855 5488 lib.
2888 5428 2901 5463 t
2939 5409 3082 5464 Iiist.
3113 5411 3294 5488 (celes.
3325 5406 3427 5464 30--

1844 5481 2078 5552 zonteni,
2113 5501 2232 5556 pag.
2264 5486 2354 5548 55,
2401 5485 2490 5538 ubi
2514 5481 2655 5553 ipost
2687 5484 2931 5556 recitata,
2968 5496 3089 5550 quae
3131 5482 3184 5534 in
3219 5481 3426 5535 disser-

1844 5561 2050 5614 tatione
2098 5557 2366 5624 descripta
2423 5564 2553 5608 sunt
2594 5555 2778 5619 verba,
2831 5562 2891 5605 ut
2940 5555 3193 5624 probaret
3235 5560 3426 5624 contra
3503 5585 3508 5589 -

1845 5630 2124 5684 Petavium
2175 5643 2239 5680 ex
2281 5620 2346 5678 'S.
2375 5623 2675 5679 Innocentii
2725 5638 2876 5692 papa:
2923 5620 3149 5690 cpistola
3205 5620 3429 5679 minime

1847 5701 2063 5765 deduci,
2095 5698 2277 5751 linum
2305 5711 2402 5766 per
2436 5697 2623 5750 titulos
2659 5694 2829 5748 fuisse
2866 5693 3210 5766 presbyteros
3238 5693 3425 5766 distri-

1849 5763 2155 5838 butos,'qui
2185 5763 2392 5838 plebem
2427 5767 2721 5838 separatim
2758 5772 3023 5838 regerent,
3060 5763 3426 5838 luegsnbiun-

1854 5844 1930 5915 git
1960 5832 2122 5897 :c'A'd
2159 5832 2316 5912 cuius
2351 5837 2427 5894 rei
2466 5832 2841 5908 probationem
2878 5833 3097 5889 adducit
3128 5832 3427 5905 (Petavius)
