3966 6344
537 323 648 384 425

1331 306 1420 369 ne
1453 294 1850 371 mutumst
1908 308 1967 365 s.
2020 286 2384 363 lilPPOLYTl
2422 302 2615 360 sses.
2649 333 2719 344 -
2748 301 2931 359 rans
2960 303 3004 358 ι.

3673 288 3762 359 tit

540 459 666 502 mus
692 441 934 499 Joannes
965 435 1316 495 Mabillonius
1351 437 1488 510 (82),
1523 437 1732 508 optimo
1762 434 1821 490 S.
1846 432 2118 489 lnnocen-
2155 436 2201 493 Α
2229 440 2342 497 tur,
2386 429 2570 485 nullus
2598 426 2882 484 dubitandi
2913 426 3069 482 locus
3115 421 3402 494 supererit,
3444 421 3571 492 quin
3594 421 3759 480 iisdem

541 537 604 594 tii
628 534 651 591 l
678 533 995 592 testimonio
1036 530 1293 587 suﬂultus
1322 570 1338 597 ,
1387 530 1484 601 qui
1526 528 1964 585 coemeteriorum
2005 540 2131 596 pre-

542 629 792 703 sbyteros
820 644 851 683 a
879 625 1193 683 titularibus
1227 638 1324 679 seu
1374 622 1584 678 urbicis
1612 621 1839 678 omnino
1881 619 2130 674 diversos

542 730 783 779 testatur
808 721 862 775 in
898 719 1132 790 epistola
1176 718 1244 773 ad
1275 715 1616 771 Decentium.
1652 713 1969 769 Mabillonio
2000 712 2132 766 sub-

545 816 738 872 scribit
778 811 1187 868 eruditissimus
1228 800 1417 880 Lupus
1466 807 1619 880 (85),
1669 807 1765 878 qui
1813 805 2129 877 hujusmodi

545 906 806 964 ecclesias
838 906 894 960 in
933 903 1241 974 majoribus
1284 902 1449 957 etiam
1489 900 1809 956 civitatibus
1855 911 1964 953 non
2008 912 2133 968 pre-

546 1000 888 1075 sbyterorum
914 1013 1036 1069 ope,
1058 995 1152 1053 sed
1186 995 1355 1051 solius
1378 993 1617 1065 episcopi
1652 1004 1783 1048 cura
1820 991 2131 1046 moderatas

545 1103 798 1151 testatur.
838 1114 856 1147 ι
885 1090 1080 1147 Plures
1124 1089 1318 1158 fuisse,
1358 1087 1555 1158 inquit,
1590 1087 1850 1142 ecclesias
1878 1085 2041 1140 etiam
2075 1083 2130 1138 in

548 1187 674 1242 aliis
724 1185 1029 1257 majoribus
1071 1181 1408 1245 civitatibus,
1451 1195 1561 1235 non
1613 1187 1697 1235 est
1743 1177 2128 1233 dubitandum.

551 1276 754 1333 Verum
789 1276 844 1332 in
878 1276 1012 1345 ipsis
1040 1290 1147 1330 non
1173 1272 1500 1345 presbyteri,
1532 1271 1626 1325 sed
1654 1284 1749 1340 per
1793 1270 1976 1326 varios
2006 1284 2132 1324 suc-

548 1371 755 1426 cessive
784 1370 900 1424 dies
934 1368 1148 1423 videtur
1189 1365 1340 1422 solus
1365 1364 1494 1418 olim
1533 1363 1844 1432 episcopus,
1870 1369 1967 1417 aut
1996 1376 2134 1414 non-

548 1463 655 1518 nisi
682 1464 803 1534 ipso
832 1468 1108 1533 praesente
1142 1475 1208 1514 ac
1237 1458 1465 1528 jubente
1488 1456 1771 1527 presbyter
1791 1453 2065 1509 docuisse.
2107 1468 2126 1503 ι

556 1553 782 1615 ,Videtur
807 1554 960 1609 solus
987 1553 1280 1623 episcopus
1308 1549 1524 1605 cunctis
1547 1548 1667 1604 istis
1700 1547 1949 1603 ecclesiis
1980 1547 2133 1603 solus

548 1648 862 1703 immediate
893 1644 1236 1718 praesedisse.
1270 1642 1367 1698 His
1390 1642 1554 1713 igitur
1577 1640 1796 1712 positis,
1827 1640 2131 1696 doctissimi

549 1741 824 1798 Ruinartii
880 1739 1253 1809 conjecturam
1304 1736 1522 1807 penitus
1557 1734 1851 1792 evanuisse
1899 1733 2131 1789 conlidi-

551 1852 714 1904 mus;
750 1851 875 1892 cum
925 1833 1070 1888 enim
1105 1831 1379 1886 maximas
1413 1836 1623 1883 tantum
1660 1826 1826 1882 urbes
1860 1825 1916 1881 in
1945 1824 2131 1896 plures

552 1929 743 1985 titulos
800 1927 1246 2002 presbyterorum
1315 1935 1462 1977 cura!
1539 1919 1866 1975 commissos
1928 1915 2132 1972 divisas

552 2021 724 2079 fuisse
752 2027 985 2084 constet,
1016 2016 1259 2072 minores
1308 2029 1440 2069 vero
1477 2026 1641 2066 unam
1686 2020 1896 2065 tantum
1939 2009 2129 2063 titula—

550 2128 689 2182 rem,
727 2121 788 2167 ut
835 2110 911 2166 ita
957 2109 1226 2175 dicamus,
1278 2104 1567 2161 ecclesiam
1624 2103 1819 2175 primis
1871 2084 2133 2158 habuisse

551 2204 892 2276 temporibus
927 2202 1159 2256 doceant
1193 2197 1298 2253 viri
1341 2195 1646 2253 doctissimi
1672 2194 1953 2262 Petavius,
1985 2193 2131 2249 Tho-

551 2297 852 2360 massinus,
881 2291 1089 2364 Lupus,
1121 2300 1176 2347 et
1202 2291 1436 2361 ipsemet
1466 2288 1847 2343 Tillemontius
1877 2285 2012 2358 (84),
2035 2287 2130 2356 qui

553 2385 827 2442 Ruinartii
859 2384 1183 2440 sententiam
1212 2380 1484 2452 probavit,
1511 2379 1634 2450 quis
1660 2394 1900 2449 unquam
1926 2376 2123 2449 Hippo-

553 2482 723 2554 lytum
772 2484 1020 2533 nostrum
1066 2475 1399 2546 praecipuum
1454 2472 1693 2542 aliquem
1744 2470 1800 2525 in
1826 2469 2129 2554 Portuensi

554 2539 798 2627 Ecclesia
821 2569 1040 2623 titulum
1067 2566 1373 2622 obtinuisse
1403 2539 1715 2628 contendet,
1749 2539 1875 2617 cum
1903 2562 2128 2617 unicum

554 2666 780 2732 ibidem,
811 2670 999 2732 utpote
1039 2660 1094 2715 in
1137 2659 1337 2714 minori
1387 2657 1542 2723 urbe,
1576 2656 1795 2710 titulum
1832 2655 2159 2722 exstitisse,.

553 2759 810 2829 primaeva
848 2753 1120 2825 majorum
1171 2760 1489 2807 nostrorum
1532 2748 1822 2819 disciplina
1860 2764 1962 2803 nos
2010 2762 2130 2803 mo-

554 2851 868 2998 neaiittfblatis
910 2940 1096 3010 itaque
1135 2947 1216 2992 tot
1243 2936 1520 3007 tantisque
1560 2933 1851 2990 dubiorum
1882 2931 2128 2989 fontibus

552 3049 621 3091 es
644 3035 761 3091 sola
781 3032 1083 3091 doctissimi
1112 3027 1386 3085 Ruinartii
1410 3026 1724 3098 conjectura
1753 3024 2124 3093 manantibus,

556 3127 635 3183 nil
671 3125 834 3182 nobis
864 3137 1154 3194 superesse
1197 3120 1555 3183 arbitramur,
1589 3118 1885 3189 quominus
1926 3116 2128 3188 Hippo—
2157 3144 2200 3203 ο

555 3221 726 3294 lytum
755 3219 910 3274 illum
948 3216 1327 3282 Portuensem,
1355 3227 1518 3283 quem
1555 3210 1887 3266 Prudentius
1915 3210 2133 3281 elegan-

554 3313 775 3369 tissimo
796 3309 1040 3366 laudavit
1067 3307 1333 3373 carmine,
1364 3321 1474 3362 non
1508 3306 1656 3361 illius
1678 3305 1833 3363 urbis
1853 3307 2130 3362 titularem

555 3405 959 3480 presbyterum,
987 3401 1082 3458 sed
1128 3400 1443 3472 episcopum
1489 3400 1769 3455 exstitisse
1822 3400 2129 3455 credamus.

557 3497 627 3555 Et
654 3513 785 3555 sane
808 3494 1128 3567 pientissimi
1157 3501 1331 3564 poeta:
1359 3492 1625 3559 carmina,
1656 3501 1718 3547 ut
1739 3491 1853 3563 jam
1884 3492 2132 3547 animad-

556 3590 721 3648 vertit
745 3587 1038 3656 Baronius,
1074 3586 1439 3658 episcopalem
1493 3583 1769 3657 Hippolyti
1809 3585 2130 3656 dignitatem

558 3683 813 3758 graphice
843 3682 1003 3739 nobis
1035 3681 1106 3737 ob
1130 3681 1322 3737 oculos
1355 3688 1566 3750 ponunt
1595 3698 1610 3735 :

633 3800 769 3857 Cum
786 3800 906 3870 jam
948 3813 1137 3870 vesano
1181 3797 1347 3851 uictor
1388 3803 1660 3870 raperetur
1693 3796 1764 3870 ab
1804 3793 1950 3849 hoste

700 3866 1020 3926 Exsultante
1043 3869 1245 3934 anima,
1272 3870 1439 3921 victor
1466 3866 1536 3919 ad
1569 3866 1791 3919 exitium

629 3942 810 3999 Plebis
838 3957 1015 3995 amore
1043 3953 1154 3994 sua:
1185 3937 1364 3991 multis
1391 3936 1765 3991 comitantibus
1804 3934 1917 3989 ibat

660 4046 665 4051 ι
701 4011 1008 4079 Consultus,
1030 4025 1270 4082 quaenam
1295 4018 1438 4063 secta
1464 4007 1599 4076 foret
1632 4007 1835 4061 melior.

559 4129 628 4186 Et
654 4129 909 4198 deinceps
938 4142 952 4180 :

632 4242 762 4299 Haec
784 4239 1121 4303 persultanti,
1153 4236 1350 4292 celsum
1376 4237 1553 4291 subito
1584 4246 1705 4289 ante
1754 4233 1987 4288 tribunal

706 4307 943 4374 Offertur
974 4311 1150 4364 senior
1185 4307 1402 4361 nexibus
1431 4308 1538 4374 imp
1561 4307 1740 4359 icitus.

631 4375 831 4450 Stipati
860 4382 1058 4450 circum
1080 4379 1294 4450 juvenes
1324 4375 1555 4429 clamore
1576 4375 1888 4450 fremebant,

699 4445 881 4524 Ipsum
914 4445 1243 4505 Christicolis
1272 4463 1382 4502 esse
1403 4456 1560 4516 caput
1586 4445 1816 4516 populis.

560 4576 686 4633 Haec
710 4574 931 4648 quidem
971 4570 1254 4627 Prudentii
1294 4569 1484 4635 verba,
1514 4569 1559 4623 si
1605 4583 1731 4624 cum
1779 4568 2000 4639 antiqua
2035 4568 2129 4624 illa

559 4668 781 4726 Patrum
824 4675 1139 4749 nostrorum
1190 4662 1479 4733 disciplina
1511 4676 1801 4732 parumper
1842 4660 2131 4717 conferan-

633 4803 1155 4877 (82)AComme_ntar_'.
1204 4801 1266 4877 in
1295 4797 1548 4877 Qrdinem
1604 4797 1916 4868 Romanum,
1973 4813 2023 4854 c.
2071 4798 2126 4864 5,

559 4870 684 4947 pag.
714 4870 801 4947 ιδ,
831 4882 965 4947 tom.
996 4872 1041 4926 ll
1076 4870 1267 4926 Musaei
1290 4871 1492 4947 Italici.

632 4939 744 5018 (8'5)
776 4945 841 5018 in
887 4944 1107 4999 dissert.
1153 4943 1478 5011 pt‘OtBntiaIi,
1514 4956 1638 5011 cap.
1673 4939 1728 5006 6,
1762 4956 1884 5012 pag.
1916 4940 1986 4996 52
2031 4941 2122 4995 εἱι,

559 5013 694 5074 tom.
721 5013 740 5071 l
766 5013 1025 5085 Operam.

630 5080 962 5160 (84)__'i‘om.
1018 5083 1090 5160 Χ,
1141 5084 1206 5160 Ain
1240 5082 1423 5160 _Saint
1477 5080 1760 5160 inuocem,
1821 5097 1943 5160 pag.
2000 5080 2123 5143 663,

559 5150 832 5220 art‘icli'é,
885 5155 972 5209 Du
1020 5155 1188 5209 levain
1217 5150 1516 5222 dontparle
1548 5150 1936 5217 Innocent,_ubi
1983 5164 2127 5207 recte

560 5241 869 5287 sermonem
921 5226 1083 5280 habet
1123 5226 1191 5280 de
1239 5224 1505 5280 fermento
1553 5224 1642 5278 die
1694 5223 1977 5278 Dominico
2030 5238 2126 5292 per

557 5300 799 5372 acolytos
844 5295 989 5372 mitti
1031 5295 1215 5372 soli_to,
1245 5292 2130 5372 dequonlnnqcentiumpontiﬁ-

557 5363 1073 5438 cem'interrogabat
1118 5363 1407 5438 Decentius
1436 5363 1769 5438 :Eugubinus
1813 5363 2125 5438 episcopus.

629 5440 742 5512 (εξ)
766 5438 892 5512 illoc
914 5434 1303 5512 argumentum
1339 5434 1568 5512 miriﬁce
1592 5443 1891 5512 tractarunt
1918 5434 2126 5512 [ἰαμβεῖα

557 5504 648 5567 tus
690 5504 1048 5564 B'ellarrninus
1091 5507 1169 5562 De
1209 5508 1573 5562 controversiis
1618 5506 1935 5563 Christiame
1977 5504 2124 5574 ﬁdei,

559 5582 796 5651 Operam
844 5588 976 5634 tom.
1012 5577 1072 5646 ll,
1102 5579 1201 5651 lib.
1239 5593 1428 5651 1,7cap.
1468 5577 1616 5651 ifi_et
1652 5593 1829 5651 seqq.,
1872 5592 1994 5651 pag.
2024 5576 2119 5651 151

558 5645 692 5706 edit.
719 5649 936 5705 Venetae
967 5645 1067 5705 an.
1087 5650 1246 5704 17%|.
1286 5645 1510 5703 Vid’endi
1543 5645 1743 5701 Thom.
1763 5647 1900 5703 Mor.
1932 5645 1985 5701 in
2019 5645 2126 5699 Lu—

562 5722 694 5774 ther.
748 5735 873 5790 pag.
926 5720 1063 5788 M4;
1113 5718 1353 5775 Joannes
1404 5720 1557 5790 card.
1613 5717 1853 5774 Rotl‘ens.
1896 5717 2121 5790 ﬂefens.

557 5787 843 5857 socordem
880 5787 1157 5864 congress.
1205 5792 1256 5858 ί,
1293 5806 1347 5862 p.
1394 5788 1561 5856 1254;
1599 5790 1852 5845 Aibertus
1895 5787 2124 5861 Pighius

2233 538 2491 593 magnum
2566 520 2911 592 Hippolytum
2980 516 3340 572 Portucnsem
3394 515 3687 585 episcopum
3734 532 3763 573 a

2230 614 2526 670 Prudentio
2570 614 2915 684 designatum
2960 624 3085 665 cum
3137 607 3564 664 eminentissimo
3606 610 3762 663 Anne-

2231 708 2366 763 limn
2409 707 2693 763 conditore
2734 705 3116 761 decernamus.
3153 700 3288 768 Quis
3326 700 3470 756 enim
3514 699 3565 754 in
3602 694 3783 771 primis

2230 799 2489 855 Ecclesiae
2517 798 2856 869 temporibus
2879 796 3089 867 plebem
3119 792 3408 865 colligebat
3433 792 3766 864 docebatque?

2231 892 2367 958 Quis
2408 904 2509 962 pro
2542 890 2747 945 Christi
2781 888 3019 944 ﬁdelium
3061 885 3239 956 capite
3265 884 3429 955 vulgo
3461 883 3767 939 habebatur?

2230 982 2368 1050 Quis
2400 981 2724 1038 venerandis
2756 979 2862 1034 illis
2895 976 3128 1034 senioris
3158 984 3211 1030 et
3242 974 3538 1030 sacerdotis
3565 974 3767 1029 nomini-

2232 1075 2337 1130 bus
2396 1074 2465 1129 ab
2516 1072 2916 1143 antiquissimis
2973 1068 3337 1140 scriptoribus
3392 1070 3453 1121 ut
3506 1067 3763 1137 plurimum

2232 1165 2528 1236 insignitus
2555 1163 2699 1219 fuit?
2727 1162 3102 1234 Episcopusne
3134 1176 3202 1216 an
3236 1156 3551 1230 presbyter?
3575 1155 3764 1228 Episco-

2232 1274 2364 1330 pum
2396 1271 2528 1312 sane
2557 1254 2918 1310 sanctissimis
2966 1251 3279 1322 bujusmodi
3326 1248 3635 1304 muneribus
3662 1249 3766 1305 lun-

2232 1358 2406 1412 ctum,
2437 1363 2501 1403 ac
2542 1345 2834 1417 prmeipuis
2871 1344 3024 1400 hisce
3067 1341 3387 1399 nominibus
3432 1356 3461 1394 a
3509 1339 3767 1411 majoribus

2234 1443 2439 1499 nostris
2470 1440 2667 1511 priscis
2693 1440 2800 1494 illis
2834 1436 3173 1507 temporibus
3206 1433 3566 1505 designatum,
3589 1442 3767 1488 veteres

2235 1543 2504 1591 testantur
2533 1529 2744 1596 Patres,
2776 1545 3010 1601 quorum
3051 1527 3249 1599 placita
3289 1527 3342 1580 in
3388 1540 3548 1579 unum
3576 1526 3765 1582 collecta

2234 1643 2377 1698 szepe
2408 1633 2705 1682 occurrunt
2734 1624 2787 1677 in
2820 1622 3035 1677 eximiis
3061 1633 3388 1690 magnorum
3418 1619 3642 1672 virorum
3674 1618 3764 1689 (85)

2235 1719 2512 1792 operibus,
2555 1718 2757 1788 quibus
2788 1715 2857 1769 ab
2892 1715 3086 1769 insana
3137 1712 3656 1783 presbyterianorum
3694 1726 3767 1780 pe-

2238 1808 2466 1864 tulantia
2497 1805 2869 1877 episcopalem
2899 1803 3241 1874 dignitatem,
3270 1802 3324 1855 in
3355 1801 3484 1871 ipsis
3513 1800 3657 1856 etiam
3677 1799 3765 1854 Lu‘-

2235 1903 2474 1957 theranae
2530 1897 2824 1968 impietatis
2878 1895 3139 1962 exordiis,
3191 1909 3413 1950 summa
3469 1909 3584 1949 cum
3635 1893 3765 1947 laude

2232 1991 2598 2048 vindicarunt.
2629 1988 2856 2045 Monstri
2888 1988 3034 2042 enim
3060 1986 3241 2043 simile
3267 1994 3436 2053 esset,
3468 1987 3511 2042 si
3541 1981 3584 2037 li
3603 1985 3766 2056 ppon-

2234 2093 2347 2139 tum
2378 2082 2755 2155 presbyterum
2796 2098 2815 2132 ι
2874 2078 3046 2149 plebis
3087 2076 3412 2141 Portuensis
3452 2086 3603 2146 caput
3632 2075 3767 2130 exsti-

2232 2186 2362 2232 tisse
2393 2173 2774 2239 crederemus;
2813 2187 2938 2228 cum
2976 2170 3096 2226 sine
3124 2170 3412 2241 episcopo,
3448 2184 3543 2224 nec
3585 2167 3763 2232 oﬂ'errc,

2232 2280 2410 2336 neque
2457 2263 2788 2320 sacriﬁcium
2835 2263 3141 2329 immolare,
3190 2277 3376 2332 neque
3423 2260 3610 2315 missas
3652 2258 3765 2313 cele-

2232 2358 2392 2414 brare
2431 2357 2775 2429 presbyteros
2814 2355 3079 2426 potuisse,
3108 2354 3252 2409 miro
3281 2354 3515 2409 doceant
3542 2365 3761 2408 consensu

2230 2452 2601 2508 vetustissima
2629 2449 2852 2505 Patrum
2875 2458 2929 2504 et
2949 2449 3337 2506 Conciliorum
3365 2456 3716 2507 monumenta;
3745 2460 3758 2495 ι

2229 2542 2502 2613 ριιεείυιιθ
2532 2556 2664 2597 vero
2681 2539 2740 2595 S.
2768 2539 3010 2611 lgnatius
3026 2549 3230 2611 martyr
3248 2537 3388 2610 (86),
3412 2537 3499 2607 qui
3526 2536 3684 2592 divino
3699 2533 3761 2589 al-

2230 2632 2390 2688 llatus
2410 2632 2617 2705 Spiritu
2647 2633 2850 2703 ubique
2872 2633 3051 2689 ﬁdeles
3067 2643 3274 2698 monet,
3299 2646 3318 2683 ι
3340 2647 3407 2686 ne
3432 2631 3545 2686 sine
3557 2630 3761 2700 episcopo

2232 2727 2441 2796 aliquid
2467 2725 2692 2789 faciant,
2718 2727 2810 2782 sed
2843 2727 2995 2781 illum
3030 2734 3343 2795 sequantur
3374 2735 3433 2779 ut
3455 2732 3661 2794 patrem.
3692 2737 3707 2771 ι

2300 2818 2370 2873 At
2428 2819 2572 2874 dicet
2623 2818 2824 2888 aliquis
2878 2817 3232 2889 presbyteros
3280 2817 3492 2889 plebem
3537 2813 3763 2894 docuisse,

2228 2911 2440 2983 plebem
2467 2911 2769 2982 collegisse,
2792 2921 2845 2965 et
2872 2910 3162 2964 sacerdotis
3200 2914 3258 2963 et
3299 2909 3518 2964 senioris
3536 2906 3675 2963 etiam
3687 2916 3761 2958 nm

2230 3004 2474 3059 minibus
2504 3004 2608 3059 hoc
2641 3019 2756 3058 aevo
2788 3002 2958 3059 fuisse
2989 3003 3263 3059 interdum
3295 3002 3615 3084 designatps.
3637 2997 3757 3052 Fate-

2232 3112 2359 3152 mur
2381 3098 2493 3152 haec
2517 3098 2703 3153 omnia
2725 3096 2946 3152 licuisse
2965 3097 3128 3152 etiam
3152 3096 3511 3169 presbyteris,
3536 3090 3759 3166 permissu

2234 3198 2414 3245 tamen
2447 3190 2710 3260 episcopi,
2746 3204 2909 3259 quem
2953 3188 3127 3259 plebis
3171 3188 3278 3242 sibi
3308 3188 3605 3243 commissae
3637 3184 3759 3255 prin-

2233 3282 2406 3352 cipem
2454 3297 2521 3336 ac
2565 3282 2962 3337 moderatorem
2992 3279 3247 3334 Christus
3286 3278 3547 3334 Dominus
3592 3274 3760 3331 consti-

2232 3377 2355 3430 tuit.
2388 3373 2647 3430 Fatemur
2668 3374 2889 3428 senioris
2923 3381 2977 3428 et
3002 3373 3296 3428 sacerdotis
3329 3372 3548 3426 nomina
3571 3370 3663 3424 illis
3681 3368 3761 3421 hoc

2231 3482 2347 3522 :evo
2375 3467 2708 3537 quandoque
2737 3466 2964 3531 tributa,
2994 3464 3458 3538 quemadmodum
3502 3471 3554 3518 et
3589 3472 3759 3531 prope

2243 3559 2337 3614 siti
2359 3574 2557 3614 nomen
2590 3559 2723 3629 ipsis
2748 3558 3042 3629 episcopis,
3072 3558 3141 3612 ab
3165 3557 3408 3628 antiquis
3435 3569 3555 3613 cum
3576 3551 3758 3612 Grecis,

2232 3659 2346 3705 tum
2401 3649 2612 3707 Latinis
2657 3650 2915 3706 Patribus
2963 3665 3075 3705 non
3111 3650 3282 3705 semel
3323 3648 3588 3720 impertita
3626 3642 3759 3699 fuisse

2232 3752 2446 3799 constat
2491 3742 2653 3814 (86‘).
2684 3741 2797 3798 Nec
2832 3742 3044 3798 inﬁcias
3073 3743 3215 3798 imus
3261 3744 3594 3813 presbyteros
3630 3737 3757 3792 etiam

2230 3838 2444 3907 publice
2467 3836 2680 3906 plebem
2704 3835 2978 3902 docuisse,
3008 3836 3102 3892 sed
3125 3837 3500 3893 consentiente
3522 3832 3755 3905 episcopo.

2232 3932 2343 3986 imo
2370 3939 2424 3987 et
2448 3931 2620 3985 laicos
2643 3945 2878 3999 quoque,
2909 3928 3003 3998 qui
3035 3928 3103 3983 ab
3131 3928 3235 3982 hoc
3272 3936 3525 3983 arcentur
3552 3933 3755 3982 munere,

2229 4022 2421 4078 eodem
2479 4020 2807 4091 quandoque
2853 4018 3091 4086 functos,
3147 4028 3396 4075 veterum
3452 4019 3757 4073 monumenta

2232 4122 2525 4180 testantur;
2557 4113 2702 4183 quod
2729 4122 2908 4167 tamen
2945 4112 3369 4182 reprehensione
3398 4125 3503 4166 non
3532 4106 3753 4165 caruisse,

2231 4208 2301 4262 iis
2331 4214 2519 4261 notum
2548 4215 2651 4269 est,
2681 4205 2775 4275 qui
2814 4201 3066 4276 Origenis
3097 4219 3187 4260 res
3217 4212 3402 4275 gestas
3442 4202 3630 4273 optime
3664 4192 3754 4251 cal-

2231 4298 2340 4351 lent
2365 4295 2499 4363 (87).
2523 4294 2834 4368 Presbyteri
2860 4296 3025 4367 igitur
3053 4309 3210 4351 sacra
3237 4293 3546 4367 hujusmodi
3567 4299 3753 4346 munera

2230 4389 2500 4459 permissu
2534 4402 2749 4458 semper
2775 4387 3017 4459 episcopi
3060 4397 3189 4444 tunc
3239 4385 3496 4458 temporis
3534 4392 3754 4450 exseque-

2162 4495 2209 4555 ι)
2236 4481 2453 4545 bantur,
2480 4487 2534 4534 et
2561 4477 2776 4548 quidem
2817 4494 2925 4532 nun
2976 4478 3292 4548 promiscue
3326 4490 3542 4539 omnes;
3570 4483 3678 4526 nam
3700 4479 3755 4520 ex

2232 4574 2366 4643 ipsis
2394 4573 2698 4644 praecipuos
2714 4570 2783 4626 ab
2810 4571 3084 4642 episcopis
3112 4580 3322 4626 tantum
3366 4568 3585 4624 selectos
3612 4571 3753 4616 an'm'

2230 4664 2582 4729 advertimus,
2626 4678 2767 4735 quos
2836 4663 2905 4718 ab
2967 4663 3211 4734 injuncto
3275 4659 3500 4717 docendi
3547 4664 3751 4714 munere.

2234 4798 2435 4870 Eccles.
2464 4801 2728 4855 hierarch.
2780 4799 2877 4855 lib.
2914 4815 2995 4865 Ill,
3027 4815 3149 4870 cap.
3181 4801 3287 4861 10;
3325 4796 3612 4870 Stanislaus
3631 4786 3749 4870 card.

2231 4866 2433 4926 Hosius
2459 4873 2511 4925 in
2545 4870 2762 4925 Iudicio
2784 4880 2832 4925 et
2859 4887 3079 4925 censura
3096 4865 3175 4924 ‘de
3207 4871 3478 4925 adoranda
3510 4865 3749 4921 Trinitate.

2230 4959 2285 5012 p.
2315 4940 2416 4996 156
2449 4942 2577 4996 edit.
2606 4941 3061 5011 Antuerpireanni
3087 4940 3251 5012 ltili;
3278 4939 3540 5012 Petavius,
3560 4934 3747 4988 Dissert.

2229 5009 2423 5067 eccles.
2452 5012 2546 5082 lib.
2575 5013 2626 5078 l,
2652 5028 2772 5082 cap.
2814 5009 2831 5066 ι
2859 5021 2914 5066 et
2947 5028 3133 5082 seqq.;
3167 5009 3532 5082 Baroniusgad
3578 5012 3747 5058 annum

2230 5081 2515 5159 58,§1__5,_4
2536 5091 2591 5159 et
2624 5079 2807 5159 seqq.;
2836 5079 3041 5159 ᾼ-ηηρζξ
3062 5079 3194 5137 iom.
3225 5084 3263 5147 ι,
3288 5079 3525 5159 pag._49l
3546 5084 3744 5159 et'seqq-

2304 5144 2417 5223 (ςδ)
2439 5144 2505 5223 ⁷11]
2540 5144 2719 5223 Epist:
2741 5144 2810 5208 ad
2845 5150 3172 5217 Trallianos,
3210 5144 3448 5223 ιιιιῖηξῤ,
3477 5164 3526 5219 p.
3553 5144 3632 5223 64.
3684 5209 3696 5222 ο

2299 5213 2436 5296 (86')
2474 5221 2565 5278 Sic
2587 5213 2732 5296 apud
2781 5223 3101 5296 Eusebium
3135 5213 3308 5296 lib._v
3353 5213 3493 5296 Hist:
3535 5213 3745 5296 ecclesia:

2226 5282 2397 5376 uicta.
2417 5282 2560 5376 'cap.
2587 5282 2832 5376 21,.pag.
2862 5294 2989 5376 Qui,
3036 5294 3202 5376 etiam
3231 5292 3455 5349 Romani
3500 5282 3745 5376 pontiﬁces

2226 5362 2525 5436 presbyteri
2554 5362 3367 5436 nominantur,Praepositorum
3387 5362 3590 5436 nomine
3609 5363 3743 5436 ett-anu}

2227 5416 2525 5506 spissata;
2542 5416 3206 5507 {rising};sicinistas;
3220 5416 3505 5507 gaius,
3528 5442 3635 5507 επιε-
3657 5416 3740 5507 “l9

2226 5499 2355 5561 edit.
2388 5499 2563 5562 citata!
2591 5499 2993 5562 Ams'telodam'i'
3014 5507 3141 5561 anni
3184 5499 3341 5560 1700.
3376 5499 3502 5555 Vide
3529 5499 3741 5562 Ducange

2225 5561 2409 5648 verbo
2440 5576 2751 5648 Presbyter.
2787 5585 2841 5632 et
2886 5578 3058 5632 Macri
3104 5574 3160 5632 in
3212 5572 3565 5635 Hierolexico,
3608 5561 3742 5619 verbo

2224 5644 2509 5718 Presbyter
2538 5658 2592 5702 ct
2607 5644 2824 5703 'Senior.

2298 5702 2538 5791 (milk
2581 5702 2831 5791 Origenis
2880 5718 3046 5791 gestis
3090 5716 3349 5791 legendus
3390 5702 3741 5791 Tillemontius,

2226 5796 2360 5845 tom.
2393 5779 2481 5844 ΙΙΙ.
2517 5789 2567 5844 in
2602 5779 2843 5859 Origene,
2871 5779 2923 5846 Et
2955 5779 3276 5860 pnnscftim,
3304 5801 3422 5859 pag.
3461 5779 3573 5839 523.
