3966 6344
229 372 345 429 429

1017 370 1103 425 DE
1144 368 1537 427 PORTUENSI
1578 373 1636 428 S.
1678 373 2046 431 HIPPOLYTI
2089 372 2283 430 SEDE.
2325 405 2392 413 —
2434 372 2615 432 PARS
2648 374 2693 433 1.

223 490 314 545 vel
346 488 802 560 cborcpiscopum
836 489 1121 546 Portuensi
1157 490 1412 547 Ecclesia:
1446 507 1677 563 praeesse
1701 509 1810 549 non
1843 503 1882 558 Α
1917 494 2007 548 tali
2035 495 2256 550 nomine
2279 512 2556 567 nunquam
2580 498 2875 554 donassem
2896 499 3118 554 ethnici.
3143 497 3489 556 Tillemontio

221 582 491 654 potuisse,
522 580 967 637 manifestissime
1019 584 1408 638 evincitur..At
1440 584 1486 638 si
1534 586 1658 654 quis
1702 602 1809 640 un-

220 688 387 742 quam
413 670 773 727 Tillemontio
795 673 895 744 (7),
917 672 1159 729 Adriano
1192 673 1419 730 Bailetto
1450 675 1555 748 (8).
1581 675 1810 731 Claudio

220 762 418 834 Fleury
453 764 558 834 (9),
586 772 642 819 et
672 762 920 836 Remigio
941 764 1216 820 Ceillierio
1247 765 1359 836 (10)
1388 766 1640 822 assentiri
1672 768 1809 822 mal-

221 858 314 924 let,
341 857 464 927 qui,
500 856 757 927 quamvis
804 855 986 926 quoad
1032 855 1380 929 Hippolytum
1428 858 1805 931 presbyterum

220 965 344 1006 cum
376 948 675 1004 Ruinartio
705 948 863 1019 plane
888 949 1256 1015 consentiant,
1288 958 1470 1005 tamen
1494 950 1671 1021 ipsum
1698 966 1807 1005 non

218 1041 584 1106 Portuensis,
639 1041 750 1098 sed
804 1041 1063 1097 Romanae
1116 1041 1373 1100 Ecclesiae
1429 1044 1806 1116 presbyterum

217 1133 617 1199 crediderunt;
655 1133 704 1188 is
731 1131 976 1203 profecto
1020 1135 1159 1189 sciat
1182 1134 1494 1204 bujnsmodi
1526 1134 1805 1204 conjectu-

215 1240 335 1280 ram
368 1240 400 1280 a
429 1225 670 1297 genuina
699 1225 1024 1295 pientissimi
1051 1234 1222 1295 poeta:
1244 1234 1423 1280 mente
1454 1226 1613 1296 longe
1643 1227 1807 1283 nimis

213 1316 409 1372 abesse
435 1334 450 1370 :
474 1314 808 1391 Prudentius
834 1315 979 1370 enim
1008 1314 1354 1387 Hippolytum
1382 1332 1541 1372 suum
1564 1318 1617 1370 in
1638 1316 1805 1373 Portu

215 1408 471 1463 Romano
502 1409 717 1478 plebem
760 1408 1015 1465 habuisse
1041 1408 1193 1475 dicit,
1236 1410 1524 1479 ipsumque
1545 1425 1666 1466 eam
1702 1411 1807 1466 ibi-

211 1501 333 1556 dem
374 1502 754 1572 alloqueuteut
798 1500 1008 1557 inducit
1047 1517 1212 1572 supra
1262 1500 1497 1558 laudatis
1545 1504 1806 1558 carmini-

212 1595 317 1651 bus
349 1611 364 1645 :

282 1768 352 1799 ._.
384 1769 400 1782 .
443 1771 456 1782 .
488 1726 707 1799 Fugite,
739 1744 775 1799 of
798 1728 1002 1799 miseri,
1030 1727 1357 1799 exsecranda
1395 1725 1593 1799 Novati

280 1796 633 1864 Schismatd;
666 1798 942 1854 catholicis
976 1798 1177 1852 reddite
1210 1813 1298 1853 vos
1323 1796 1552 1867 populis,
1583 1809 1688 1853 etc.

211 1954 564 2026 Quapropter
614 1956 669 2011 iu
721 1955 1073 2012 convellenda
1115 1956 1432 2026 bujnsmodi
1487 1956 1799 2026 conjectura

214 2048 434 2117 longius
477 2049 791 2118 immorari,
825 2062 1007 2119 Operae
1051 2048 1285 2119 pretium
1330 2046 1472 2102 haud
1502 2062 1624 2103 esse
1643 2047 1797 2102 duci-

219 2158 365 2203 mus;
400 2142 524 2196 sola
552 2141 697 2195 enim
733 2139 1011 2195 Prudentii
1038 2141 1201 2195 verba
1249 2141 1382 2196 satis
1421 2154 1691 2210 superque
1720 2141 1798 2194 ei-

219 2234 331 2289 dem
362 2233 628 2289 falsitatis
661 2242 845 2288 notam
876 2234 1122 2287 inurunt.
1162 2234 1374 2288 Etenim
1408 2233 1532 2303 quis
1557 2247 1796 2303 unquam

222 2324 477 2381 Romanae
508 2324 768 2381 Ecclesia:
791 2326 1162 2397 presbyterum
1196 2341 1321 2381 cum
1363 2334 1474 2381 tota
1510 2326 1665 2397 plebe
1694 2325 1796 2382 sibi

216 2417 513 2472 commissa
553 2432 622 2471 ex
668 2416 801 2470 urbe
854 2416 908 2469 in
948 2414 1169 2470 Portum
1211 2427 1340 2471 tunc
1390 2418 1649 2487 temporis
1693 2416 1797 2470 mi-

213 2508 400 2578 grasse
428 2506 826 2563 arbitrabitur?
853 2506 987 2573 Quis
1015 2505 1363 2580 Hippolytum
1401 2508 1661 2565 Romanae
1688 2509 1793 2564 Ec-

214 2600 395 2655 clesia:
451 2598 830 2669 presbyterum
887 2596 1261 2653 Christianum
1334 2601 1573 2655 fidelium
1633 2616 1797 2672 caput

213 2694 401 2747 Rom
432 2690 543 2745 sub
565 2702 784 2744 summo
812 2689 1063 2758 pontilice
1084 2687 1518 2745 Christianorum
1550 2692 1792 2746 omnium

210 2793 437 2854 parente
468 2798 536 2837 ac
569 2782 814 2853 principe
840 2785 1119 2840 exstitisse
1144 2786 1439 2841 somniabit
1458 2787 1481 2839 ?
1503 2783 1614 2841 Nec
1641 2786 1796 2857 juvat

211 2876 451 2947 objicere
480 2875 837 2931 Prudentium
878 2877 1224 2933 sanctissima
1260 2878 1570 2949 bujnsmodi
1615 2881 1794 2935 nomi-

212 2985 301 3036 na,
333 2978 602 3040 tanquam
642 2969 922 3038 gentilium
954 2983 1050 3024 ore
1097 2970 1328 3039 prolata,
1360 2968 1647 3041 Hippolyto
1693 2986 1795 3027 suo

209 3058 511 3124 indidisse;
540 3074 667 3114 nam
693 3059 908 3130 ipsimet
926 3061 1129 3117 ethnici
1152 3062 1517 3117 hierarcbicos
1538 3061 1794 3118 Christia-

1914 586 2146 657 denique
2198 587 2330 641 nihil
2375 589 2631 657 prodesse
2680 599 2855 658 potest
2909 592 3293 661 antiquissima
3338 600 3489 649 vete-

1914 692 2036 731 rum
2073 678 2185 752 (15)
2221 680 2591 734 Romanorum
2623 683 2983 744 consuetudo.
3015 684 3067 737 in
3096 700 3327 752 quorum
3364 698 3491 753 pro-

1913 768 2107 824 vinciis
2141 770 2219 823 rei
2265 780 2417 824 extra
2456 771 2738 826 civitatum
2788 774 3052 843 pomoeria
3102 783 3347 831 extremo
3375 776 3489 831 alli-

1912 858 2194 912 ciebantur
2248 860 2550 930 supplicio,
2584 870 2643 915 ut
2670 876 2737 916 ex
2781 878 2845 918 ea
2894 864 3261 934 argumentari
3307 866 3484 931 liceat,

1913 945 2262 1020 Hippolytum
2294 949 2622 1018 Romanum,
2654 960 2715 1006 ut
2745 952 2930 1018 aiunt,
2952 954 3347 1024 presbyterum,
3386 958 3488 1011 bac

1910 1040 1977 1095 de
2006 1056 2173 1097 causa
2199 1053 2350 1099 extra
2386 1041 2584 1099 Urbem
2621 1045 2948 1110 adductum,
2992 1055 3048 1101 et
3090 1047 3142 1100 in
3176 1045 3340 1102 Portu
3377 1046 3487 1102 Ro-

1912 1146 2077 1187 mano
2113 1134 2374 1205 martyrio
2400 1132 2570 1190 fuisse
2604 1145 2965 1201 coronatum;
2997 1152 3144 1202 nam,
3175 1147 3234 1192 ut
3272 1139 3485 1209 egregie

1910 1238 2011 1278 nos
2054 1223 2267 1279 monuit
2317 1226 2401 1279 vir
2445 1226 2798 1281 doctissimus
2838 1225 3088 1283 Valesius
3117 1228 3251 1298 (16),
3294 1228 3485 1299 hujus-

1908 1313 2051 1367 modi
2076 1316 2526 1371 consuetudinem
2560 1333 2668 1371 non
2717 1332 2949 1388 semper,
2989 1319 3134 1388 quod
3169 1318 3235 1373 ad
3264 1329 3483 1376 sanctos

1904 1404 2106 1459 Christi
2156 1414 2423 1478 martyres
2485 1408 2708 1472 attinet,
2757 1408 2947 1463 eodem
2998 1416 3181 1478 paeto'
3212 1419 3481 1466 servatam

1904 1494 2072 1551 fuisse
2100 1496 2389 1552 dicendum
2424 1508 2538 1563 est,
2573 1499 2645 1553 ita
2682 1508 2740 1553 ut
2770 1515 2983 1570 semper
3020 1501 3072 1554 in
3104 1501 3484 1559 sanctissimos

1904 1590 2099 1645 heroas
2142 1600 2293 1645 extra
2345 1588 2506 1644 Urbis
2549 1591 2811 1660 pomoeria
2848 1592 3092 1647 saevitum
3122 1591 3303 1648 fuerit.
3335 1593 3481 1659 Qua-

1902 1690 2121 1750 propter
2175 1690 2230 1736 et
2273 1682 2533 1749 temporis
2576 1696 2688 1751 quo
2733 1682 2833 1752 ipsi
2876 1683 3056 1751 passi,
3092 1692 3147 1738 et
3186 1684 3481 1755 supplicio-

1902 1788 2024 1826 rum
2070 1772 2269 1843 quibus
2317 1772 2493 1827 alTecti
2537 1772 2791 1837 fuerunt,
2843 1776 3108 1831 rationem
3167 1769 3471 1832 habendam

1902 1873 2044 1918 recte
2100 1875 2285 1919 monet
2336 1862 2606 1932 Valesius,
2653 1875 2711 1920 ut
2744 1867 2938 1923 exinde
2992 1868 3308 1937 passionum
3356 1869 3476 1927 loca

1852 1950 1857 1955 ’
1900 1964 2020 2010 tuto
2074 1956 2319 2025 dignosci
2374 1958 2606 2027 possint.
2655 1956 2864 2012 Etenim
2916 1959 2986 2025 ii,
3034 1959 3127 2029 qui
3176 1970 3473 2029 praetorum

1901 2048 2166 2105 sententia
2200 2049 2379 2120 gladio
2415 2051 2799 2117 animadversi,
2849 2052 2932 2105 vel
2968 2052 3021 2104 in
3068 2066 3283 2106 crucem
3330 2052 3474 2120 acti,

1898 2142 1983 2198 vel
2011 2141 2134 2212 igne
2169 2142 2435 2208 damnati,
2472 2144 2556 2197 vel
2586 2143 2804 2199 demum
2838 2143 3107 2214 lapidibus
3137 2145 3318 2199 obruti
3352 2146 3472 2202 fue-

1898 2249 1991 2300 re;
2031 2234 2064 2288 ii
2114 2250 2247 2288 sane
2287 2243 2441 2289 extra
2491 2230 2650 2289 Urbis
2687 2236 2886 2291 moenia
2926 2236 3169 2308 martyrii
3214 2252 3471 2292 coronam

1898 2336 2023 2380 sunt
2051 2326 2249 2396 adepti,
2271 2325 2749 2396 quemadmodum,
2779 2336 2839 2381 ut
2863 2326 2930 2381 de
2955 2327 3166 2382 caeteris
3189 2328 3470 2394 sileamus,

1900 2416 1958 2473 S.
1987 2417 2294 2490 Cyprianus
2316 2428 2468 2473 extra
2499 2417 2847 2488 Carthaginis
2874 2433 3063 2473 muros
3093 2419 3147 2471 in
3173 2434 3300 2490 agro
3321 2416 3470 2474 Sexti

1896 2510 2074 2580 capite
2106 2510 2296 2580 plexus
2350 2508 2454 2565 fuit
2498 2510 2633 2581 (l7),
2679 2520 2733 2566 et
2763 2507 3157 2580 Lugdunenses
3203 2520 3471 2585 martyres

1895 2600 2162 2657 Athanaci
2207 2602 2319 2669 (18)
2351 2602 2675 2667 occubuere,
2724 2610 2779 2656 et
2826 2600 3265 2673 S..Polycarpus
3315 2612 3468 2658 extra

1898 2693 2300 2765 Smyrnazorum
2359 2696 2627 2765 pommria
2675 2693 2802 2765 igne
2832 2692 2935 2747 fuit
2975 2694 3297 2764 absumptus
3331 2695 3461 2765 (19).

1896 2785 1935 2839 li
1966 2802 2128 2851 vero,
2154 2788 2248 2858 qui
2301 2788 2367 2843 ad
2416 2787 2620 2842 bestias
2670 2785 2933 2850 damnati,
2962 2785 3048 2841 vel
3091 2787 3334 2856 quolibet
3357 2786 3467 2841 alio

1895 2877 2209 2948 bujnsmodi
2255 2879 2523 2949 supplicio
2566 2875 2814 2932 dilaniati
2850 2875 3036 2945 fuere,
3072 2877 3126 2932 lii
3172 2877 3226 2932 in
3271 2879 3468 2934 mediis

1895 2970 2124 3025 urbibus
2153 2980 2465 3041 cunctoque
2496 2977 2775 3039 spectante
2803 2970 3004 3041 populo
3040 2971 3092 3024 in
3128 2970 3467 3041 amphithea-

1895 3061 2014 3125 tris,
2040 3062 2093 3115 in
2122 3061 2254 3131 ipsis
2280 3062 2557 3118 Caesarum
2586 3061 2858 3116 natalibus
2881 3062 3199 3133 martyrium
3227 3062 3466 3131 plerum-

214 3168 410 3208 norum
455 3151 679 3207 ordines
725 3152 894 3221 probe
942 3162 1229 3221 noverunt,
1255 3162 1315 3207 ut
1343 3163 1489 3223 patet
1518 3168 1583 3208 ex
1619 3155 1792 3210 notis-
1819 3195 1860 3251 Ο
1895 3171 2002 3225 que
2046 3162 2568 3211 consummaverunt
2612 3154 2750 3226 (20).
2799 3152 2910 3210 Eos
2948 3154 3214 3226 denique,
3246 3156 3339 3225 qui
3375 3171 3465 3209 re—

210 3246 349 3300 simo
409 3245 509 3298 illo
558 3245 838 3299 Aureliani
895 3246 1239 3315 imperatoris
1286 3246 1582 3315 rescripto,
1640 3247 1789 3316 quod
1826 3243 1859 3251 “
1896 3245 2117 3315 pentino
2145 3245 2290 3315 vulgi
2323 3260 2389 3300 ac
2420 3245 2711 3315 prasidum
2741 3244 2924 3299 furore
2946 3244 3192 3314 oppressi
3221 3243 3464 3308 fuerunt,

212 3335 394 3390 laudat
426 3333 701 3389 Eusebius
734 3333 871 3403 (ll),
910 3341 967 3388 et
998 3349 1067 3389 ex
1108 3335 1300 3390 edictis
1336 3334 1611 3390 Maximini
1652 3335 1786 3406 (12),

214 3425 492 3481 Valeriani
527 3424 638 3497 (l5)
686 3435 739 3480 et
787 3426 1103 3482 Diocletiani
1154 3427 1307 3497 (14),
1349 3428 1548 3498 quibus
1590 3428 1693 3498 ipsi
1733 3430 1788 3482 in

208 3522 517 3589 episcopos,
547 3518 897 3589 presbyteros
937 3532 1002 3573 ac
1042 3517 1300 3573 diaconos
1332 3519 1514 3589 gladio
1544 3520 1790 3575 animad-

207 3613 348 3667 verti
394 3612 646 3681 jussere;
702 3610 931 3679 ideoque
986 3609 1033 3664 si
1097 3608 1416 3683 Hippolytus
1471 3610 1788 3668 Portuensis

205 3705 372 3773 plebis
413 3714 573 3772 caput
609 3718 793 3758 revera
841 3719 947 3757 non
992 3703 1312 3766 exstitisset,
1361 3702 1511 3758 illum
1544 3703 1787 3775 profecto

271 3862 353 3933 (7)
389 3860 555 3933 Tom).
587 3860 674 3923 Ill,
708 3876 830 3931 pag.
861 3858 986 3933 μς,
1017 3859 1244 3933 ἱηλὸεἰηῑ
1264 3856 1555 3924 Curncille,
1577 3868 1629 3912 et
1659 3874 1781 3930 pag.

202 3929 486 3996 675,th
514 3932 569 3996 4,
599 3947 694 3985 sur
712 3929 875 3986 saint
898 3929 1199 4000 Hippolyte.

270 4005 354 4075 (8)
389 4002 553 4075 Tom.
572 4001 650 4075 ll,
678 4001 781 4075 bes
811 4001 924 4075 Vies
947 3997 1038 4054 des
1066 3997 1255 4075 striata,
1284 4008 1408 4075 xtnf
1431 3998 1559 4075 jour
1577 3997 1780 4075 d‘aout,

201 4067 473 4144 pag.'163
517 4072 647 4126 edit.
683 4072 714 4125 ἐπι
750 4071 906 4127 Paris
924 4112 946 4144 ,
973 4087 1065 4144 ap.
1090 4068 1271 4144 _1704.
1294 4067 1469 4144 _Saint
1495 4067 1781 4144 Hippolyte

200 4137 652 4225 prétrenltomain
701 4156 905 4225 martyr
935 4142 964 4195 ὸ
991 4138 1141 4197 Ostie
1181 4155 1253 4195 ou
1289 4137 1320 4192 ὲ
1355 4137 1537 4204 Porto,
1570 4148 1625 4194 et
1652 4137 1781 4209 jdur

200 4225 341 4268 nne
367 4214 577 4274 d’aout,
602 4228 725 4281 pag.
758 4214 883 4266 545.

269 4284 349 4355 (9)
395 4278 618 4355 Abregé:
649 4278 713 4336 de
767 4282 1024 4355 l‘ltistoire
1076 4279 1500 4355 ecclesiastique,
1558 4286 1699 4355 ίῳρέ
1734 4278 1775 4341 1,

200 4348 394 4421 πίζό,
426 4364 513 4408 ιη’
541 4348 725 4416 siécle,
771 4355 825 4406 in
878 4354 1022 4407 saint
1071 4350 1394 4422 Hippolyte,
1430 4365 1552 4420 pag.
1597 4348 1701 4402 526
1724 4359 1777 4404 et

199 4442 356 4494 seqq.
390 4424 529 4494 edit.
555 4422 586 4477 ὲ
613 4422 872 4494 gologne,
903 4423 1061 4494 1754.

268 4486 384 4566 (1⁷0)
414 4492 575 4548 Τοηι.
611 4492 652 4545 ll
694 4486 809 4559 cii,
838 4486 958 4564 eap.
989 4492 1080 4559 ‘55,
1112 4507 1233 4562 pag.
1269 4488 1405 4551 567,
1442 4489 1509 4545 de
1555 4487 1613 4543 S.
1648 4486 1775 4559 Hip-

270 4567 402 4620 lvte.
442 4564 469 4620 ε
502 4564 556 4616 6.
1810 4541 1854 4595 θ

201 4564 402 4638 polyte,
442 4564 470 4635 §
502 4564 556 4616 6.

267 4638 385 4707 (11)
417 4634 570 4690 Libr.
604 4650 701 4699 vn,
726 4649 844 4704 cap.
878 4633 971 4707 56,
1004 4630 1277 4707 p:_ig._

300 4698 387 4777 12)
425 4707 501 4779 De
532 4698 905 4779 persecutione
922 4698 1201 4779 bitt-{imitri
1228 4700 1485 4779 legendus
1514 4698 1778 4756 Eusebius

198 4771 347 4831 Hist.
367 4771 572 4830 "cedes.
606 4775 701 4829 lib.
724 4789 799 4842 vr,
831 4790 951 4844 cap.
984 4773 1075 4837 28,
1105 4771 1381 4844 pagiﬁgﬁ.

265 4789 347 4830 ist.
381 4789 572 4830 ecctes.
606 4789 701 4829 ιιι).
724 4789 799 4842 vr,
831 4790 951 4844 cap.
984 4789 1075 4837 zu,
1105 4789 1225 4896 pag.
1255 4789 1381 4826 zao.
1520 4842 1530 4852 .

265 4848 383 4972 (15)
423 4846 570 4928 Satis
593 4846 851 4927 probatur
880 4862 945 4927 es
974 4844 1130 4913 epist.
1211 4840 1246 4895 0
1282 4840 1338 4894 S.
1370 4839 1626 4911 Cypriani
1645 4883 1662 4909 ,
1684 4842 1777 4923 qui

286 4929 374 4972 ert
426 4931 715 4972 scrmsrsse
758 4914 1107 4971 Valerianum
1149 4914 1231 4969 ad.
1257 4919 1540 4972 senatum,
1574 4921 1633 4966 ut
1659 4928 1777 4972 ρων

198 4914 374 4973 refert
426 4914 715 4986 scripsisse
758 4914 1107 4971 Valerianum
1144 4914 1231 4986 ad.
1257 4919 1633 4986 senat_um,_ut
1659 4914 1777 4986 epiw

190 4990 366 5058 scopi,
400 4998 456 5041 et
506 4982 827 5057 presbyteri,
856 4996 911 5042 et
942 4985 1158 5041 diaconi
1179 4985 1234 5038 in
1268 4982 1568 5037 continenti
1597 4985 1777 5037 anim-

189 5063 576 5113 advertantur.

263 5130 382 5199 (lt)
419 5127 703 5182 Summam
726 5127 898 5199 edicti
921 5142 951 5180 a
977 5124 1315 5199 Diocletiano
1343 5122 1580 5199 emopati
1613 5120 1777 5178 refert

192 5192 475 5255 Eusebius
500 5199 595 5252 lib.
623 5213 720 5252 vm
749 5197 821 5251 Η.
851 5197 941 5259 Ε.,
971 5210 1092 5264 cap.
1128 5196 1184 5262 2,
1216 5209 1339 5264 pag.
1385 5193 1510 5248 579.
1544 5192 1777 5248 Lactan-

196 5271 396 5325 tius’in
423 5270 521 5323 lib.
550 5268 627 5321 De
659 5277 814 5321 mort.
849 5263 1259 5336 persecutoruni,
1296 5279 1417 5336 cap.
1442 5263 1531 5336 15,
1556 5279 1678 5336 pag.
1704 5264 1775 5336 27

188 5343 324 5395 edit.
371 5340 551 5394 Paris.
584 5338 715 5393 anni
760 5334 919 5401 1710,
948 5339 1017 5391 de
1051 5335 1427 5406 persecutione
1453 5334 1772 5406 Diocletiani

190 5413 368 5465 multa
423 5411 624 5473 habet,
674 5418 725 5463 et
784 5408 838 5462 in
897 5423 960 5464 ea
1002 5404 1394 5476 eamme/tensos
1446 5404 1774 5474 presbyteros

192 5484 366 5536 etiam
400 5489 643 5535 enarrat.

262 5552 383 5622 (15)
411 5544 1364 5632 begenduanenrie.‘Valesipsnin
1410 5553 1522 5632 not.
1576 5545 1643 5632 ad
1676 5544 1770 5599 lib.

190 5616 374 5676 nvttt'
394 5616 675 5675 Aminiaui
708 5618 1023 5683 Marcelliani,
1054 5634 1174 5687 pag.
1199 5616 1323 5683 526,
1352 5626 1474 5669 nota
1498 5634 1549 5679 c,
1580 5617 1667 5670 ed.

261 5691 631 5765 (16}_Dejem.
660 5690 877 5760 discept.
924 5695 987 5743 de
1017 5684 1271 5751 basilicis,
1310 5702 1445 5757 part.
1482 5705 1539 5754 ll,
1569 5701 1690 5756 cap.
1714 5684 1770 5752 2,
1808 5730 1821 5745 κ

530 5829 796 5886 habemus
845 5831 896 5885 in
935 5830 1103 5900 ipsius
1148 5830 1330 5896 Act’s,
1364 5828 1545 5883 relatis
1576 5842 1604 5881 a
1640 5827 1762 5880 ltui-

1894 3336 1950 3391 in
1992 3336 2124 3406 ipsis
2155 3337 2384 3391 urbibus
2419 3351 2527 3390 non
2565 3349 2692 3391 raro
2721 3345 2986 3390 mactatos
3025 3333 3195 3390 fuisse
3226 3342 3461 3399 constat,

1892 3429 2352 3501 quemadmodum
2401 3427 2843 3483 Nicomedienses
2893 3437 3195 3498 martyres,
3229 3442 3368 3496 quos
3401 3443 3461 3482 se

1890 3529 2154 3590 prasente
2202 3520 2450 3574 comburi
2496 3519 2663 3589 jussit
2718 3518 3121 3586 Diocletianus,
3175 3516 3462 3573 Lactantio

1891 3620 2027 3667 teste
2052 3611 2195 3680 (21).
2221 3609 2299 3664 Ex
2326 3610 2617 3680 postremis
2651 3610 2736 3666 his
2762 3626 2904 3665 unus
2936 3609 3180 3680 profecto
3207 3608 3309 3664 fuit
3332 3608 3461 3681 Hip-

1889 3704 2127 3773 polytus,
2162 3718 2322 3773 quem
2354 3702 2652 3772 improviso
2684 3700 2911 3756 rectoris
2936 3711 2987 3755 et
3019 3701 3162 3772 vulgi
3192 3700 3376 3757 furore
3402 3702 3457 3756 in

1886 3860 2068 3914 nartio
2094 3859 2212 3913 Act.
2242 3870 2463 3927 martyr.
2491 3874 2610 3929 pag.
2645 3857 2766 3921 189,
2793 3873 2944 3929 num.
2971 3858 3004 3912 5
3035 3876 3049 3913 :
3078 3876 3097 3909 ι
3133 3856 3199 3911 Et
3220 3858 3455 3929 itaidem

1884 3930 2189 4001 Cyprianus
2210 3930 2291 4001 Ain
2337 3928 2522 3999 agrum
2567 3928 2714 4001 Sexti
2748 3928 3039 4001 perductus
3073 3936 3176 3993 est,
3214 3936 3268 3981 et
3294 3928 3367 4001 ibi
3400 3948 3458 3984 sc

1886 3999 2102 4055 lacerna
2136 4010 2191 4055 et
2210 3999 2375 4071 byrro
2400 3999 2743 4071 exspoliavit,
2773 4008 2829 4052 et
2850 4013 2991 4066 genu
3022 3999 3079 4052 in
3110 4007 3255 4053 terra
3286 3999 3454 4065 flexit,

1884 4080 1938 4125 et
1972 4071 2024 4123 in
2052 4069 2353 4125 orationem
2385 4085 2443 4124 se
2463 4069 2692 4124 Domino
2719 4071 3030 4138 prostravit.
3064 4086 3083 4121 ι

1954 4138 2066 4210 (18)
2098 4139 2484 4195 Perlustranda
2516 4149 2642 4210 sunt
2668 4137 2789 4209 quat
2808 4137 3074 4210 Eusebius
3101 4137 3243 4194 lib.v
3268 4137 3340 4193 H.
3364 4138 3454 4210 1&1,

1882 4208 2002 4280 cap.
2038 4210 2092 4275 1,
2124 4211 2192 4280 de
2236 4210 2568 4280 martyribus
2604 4208 3059 4279 Lugdunensib'us
3095 4210 3330 4280 scripsit.
3360 4208 3457 4265 Le-

1880 4279 2086 4349 gendus
2133 4279 2452 4334 Ruinartius
2491 4280 2609 4334 Act.
2645 4288 2889 4347 martyr.,
2918 4294 3037 4349 pag.
3074 4279 3143 4333 5‘2
3175 4288 3230 4332 ct
3276 4296 3452 4350 seqq.,

1880 4352 1973 4420 qui
2005 4352 2256 4405 observat
2293 4351 2556 4405 celebrem
2585 4350 2746 4404 etiam
2775 4364 2895 4404 esse
2917 4351 3096 4403 locum
3121 4350 3453 4405 Athenaeum

1881 4421 2229 4491 appellatum,
2259 4420 2348 4475 ubi
2382 4422 2528 4491 pa_ssi
2573 4420 2830 4474 dicuntur
2862 4420 2895 4471 ii
2932 4429 3218 4489 martyres,
3255 4435 3285 4473 a
3319 4437 3452 4491 quo,

1883 4489 1966 4545 uti
1986 4493 2061 4546 ait
2103 4490 2396 4560 Gregorius
2427 4489 2786 4555 Turonensis,
2819 4498 3082 4545 vocantur
3106 4504 3137 4543 a
3172 4489 3453 4545 nonnullis

1883 4571 2141 4632 martyres
2176 4560 2581 4632 Atltanacenses.

1950 4629 2393 4712 (1§)4deund‘us
2431 4629 2897 4712 Ruinartiusolct.
2939 4638 3162 4712 martyr.
3201 4646 3323 4712 pag:
3361 4630 3451 4712 52,

1879 4699 1971 4773 ubi
2005 4701 2262 4756 Ecclesia:
2300 4699 2649 4773 Smyrnensis
2681 4700 2966 4771 epistolam
3007 4699 3363 4772 de'martyrio
3392 4701 3449 4755 S.

1878 4770 2161 4841 Polycarpi
2191 4770 2449 4841 scriptam
2478 4770 2663 4825 refert.

1950 4789 1973 4823 >1
2013 4789 2106 4826 car
2144 4789 2161 4825 ι
2191 4789 2449 4841 scriptam
2478 4789 2663 4825 reteri.

1950 4789 2063 4913 (ἔο)
2088 4789 2289 4897 Ιῖοτυηι
2334 4843 2579 4911 exempla
2608 4843 2763 4913 plura
2802 4841 3073 4896 habentur
3101 4841 3245 4913 apud
3278 4842 3451 4913 Anto-

1881 4912 2028 4967 nium
2070 4912 2377 4968 Gallonium
2428 4914 2481 4966 in
2515 4913 2653 4967 libro
2677 4912 2753 4966 De
2782 4923 3075 4982 martyrum
3104 4912 3450 4975 cruciatibus,

1878 4982 2064 5037 multis
2094 4984 2147 5037 in
2166 4983 2332 5054 locis,
2356 4984 2735 5054 etprtesertim
2762 4987 2981 5054 quando
3003 4982 3129 5054 agit
3147 4982 3214 5036 de
3248 4992 3452 5054 marty-

1878 5054 2032 5107 ribus
2058 5054 2123 5107 ad
2162 5053 2365 5108 bestias
2396 5051 2688 5123 damnatis,
2720 5051 2913 5121 p.157
2950 5051 3076 5107 edit.
3105 5051 3450 5123 Antwerptie,

1878 5124 2009 5176 anni
2040 5123 2197 5178 1668.
2225 5123 2319 5193 De
2343 5124 2509 5176 natali
2565 5121 2840 5177 Caesarum
2885 5124 2993 5188 die,
3034 5139 3144 5193 quo
3185 5121 3452 5193 martyres

1878 5193 2216 5248 necabantur
2237 5235 2252 5259 ,
2299 5191 2555 5262 frequens
2587 5207 2768 5247 sermo
2796 5191 3111 5247 occurritin
3142 5194 3293 5246 Actis
3324 5191 3450 5245 san-

1877 5271 2439 5334 ctorumimartyrum,
2473 5273 2525 5317 et
2555 5262 2822 5334 praecipue
2852 5264 2905 5316 in
2934 5264 3086 5317 Actis
3117 5262 3218 5316 SS.
3250 5262 3451 5331 Perpe-

1877 5344 1984 5388 tua:
2008 5342 2063 5389 et
2095 5333 2412 5397 Felicitatis,
2450 5333 2635 5387 relatis
2669 5349 2700 5387 a
2731 5334 3017 5387 Huinartio
3062 5335 3116 5388 in
3150 5335 3268 5385 Act.
3304 5348 3450 5383 mar-

1877 5413 2007 5473 tyr.,
2038 5418 2160 5475 pag.
2193 5404 2283 5469 85,
2310 5404 2400 5458 ubi
2436 5402 2580 5475 Getae
2611 5403 2841 5475 Caesaris
2878 5404 3072 5475 natalis
3104 5402 3447 5472 exprimitur,

1877 5473 2071 5544 nempe
2117 5473 2244 5530 dies
2309 5490 2419 5544 quo
2466 5473 2649 5529 Caesar
2708 5473 2885 5530 factus
2936 5473 3143 5539 fuerat,
3193 5481 3252 5525 ut
3305 5481 3452 5526 recte

1877 5543 2195 5601 Huinartius
2224 5543 2424 5599 monet.

1947 5615 2315 5688 (21))LibsDe
2350 5613 2604 5688 mortibus
2645 5624 2989 5688 persecutor.,
3017 5612 3045 5685 §
3073 5611 3171 5673 14,
3203 5626 3325 5681 pag-
3352 5610 3446 5688 ΞΒ.

1874 5684 1973 5740 cit.
2003 5684 2132 5740 edit.
2166 5704 2185 5735 ι
2221 5686 2305 5739 Ira
2339 5684 2751 5755 (Diocletianus)
2786 5684 3171 5755 inﬂammatus,
3199 5684 3451 5755 excarni-

1875 5756 2028 5811 llcari
2054 5771 2246 5810 omnes
2275 5753 2405 5811 sues
2450 5758 2698 5825 protinus
2734 5753 3013 5826 praecepit.
3045 5754 3281 5811 Sedebat
3311 5753 3448 5824 ipse,

1876 5835 2038 5898 atque
2071 5827 2387 5884 innocentes
2418 5828 2541 5899 igne
2572 5828 2829 5883 torrebat.
2864 5844 2884 5877 ι

3384 375 3607 432 430.
