3966 6344
531 410 640 468 κζδᾶ

1312 407 1401 461 DE
1441 402 1831 460 PORTUENSI
1872 403 1930 459 S.
1974 400 2334 457 HIPPOLYTI
2376 399 2569 455 SEDE.
2611 432 2680 440 —-
2717 398 2898 454 PARS
2927 398 2967 453 1.
3630 403 3716 458 i3!

534 527 702 584 Portu
750 525 994 580 Romano
1041 520 1301 592 martyrio
1334 527 1653 575 coronatum
1687 518 2104 589 elegantissimis
2132 522 2174 578 Α
2205 517 2344 570 ratio
2390 514 2617 570 suadere
2661 512 2950 575 videretur,
2995 511 3139 582 quod
3177 520 3226 565 et
3267 508 3525 584 Hippolyti
3555 518 3712 569 memi-

538 622 623 678 itis
659 619 994 675 carminibus
1028 624 1255 670 testatur
1286 613 1612 667 Prudentius
1635 610 1748 680 (22)
1776 628 1789 663 :

614 734 664 789 Η
672 736 714 788 is
741 733 831 787 ubi
855 731 1074 785 detorsit
1101 729 1230 783 litvo
1257 727 1319 780 de
1350 726 1557 779 tramite
1592 722 1811 793 plebem,

682 804 730 858 Μ
740 803 1095 879 castraritque
1124 801 1288 879 sequi,
1318 813 1421 879 qua
1452 796 1534 879 via
1563 796 1749 879 deamo
1767 803 1964 879 .r‘acat;

611 872 775 937 Seque
807 875 988 926 ducem
1012 863 1147 924 ’τρί’ιὶ
1181 863 1367 937 spretis
1397 864 1727 934 anfractibus
1760 863 1896 916 idem

731 945 936 1001 rwbuit,
963 941 1157 993 erroris
1179 936 1268 1008 qui
1288 936 1439 1008 prius
1463 943 1649 1008 auc’ter
1675 941 1826 995 erat;

612 1012 831 1068 Sistitur
864 1014 1046 1066 insano
1074 1004 1296 1070 rectori,
1317 1004 1662 1061 Christicolas
1688 1014 1809 1056 tunc

683 1084 835 1139 Ostia
864 1083 1095 1141 vexanti,
1128 1094 1218 1147 per
1246 1076 1488 1131 Tiberina
1517 1076 1674 1147 viros.

612 1154 717 1208 Illo
747 1167 967 1221 namque
1004 1151 1089 1221 die
1121 1143 1284 1202 Roma
1320 1153 1620 1207 secesserat,
1652 1143 1791 1221 ipsos

681 1224 835 1277 Peste
860 1212 1184 1274 suburbanos
1208 1229 1264 1271 ut
1295 1225 1526 1287 quateret
1556 1212 1772 1283 populos
1796 1229 1814 1287 ς

615 1294 733 1348 Νοιι
767 1300 1036 1347 contentus
1065 1291 1280 1343 humum
1307 1280 1457 1340 'celsa
1496 1280 1639 1338 intra
1667 1283 1859 1335 mania
1892 1280 2071 1335 Roma:

685 1364 941 1432 Tinguere
962 1363 1232 1432 justorum
1263 1358 1492 1432 aedibus
1516 1353 1768 1432 assiduis.

612 1424 919 1487 laniculum
960 1424 1076 1484 cum
1114 1429 1230 1498 jam
1276 1426 1566 1491 madidum,
1599 1424 1735 1494 fora,
1783 1432 1975 1498 rostra,
2016 1439 2107 1474 su-

1800 1493 2036 1563 [burram

679 1573 919 1627 Cernere!
945 1571 1108 1623 eluvie
1131 1567 1403 1637 sanguinis
1430 1565 1666 1637 aﬂluere;

612 1643 912 1698 Protulerat
946 1642 1143 1693 rabiem
1178 1637 1431 1708 Tyrrheni
1459 1639 1528 1708 ad
1558 1636 1754 1708 litteris
1786 1650 1957 1708 oram,

683 1714 910 1781 Qquuc
938 1712 1052 1764 loca
1077 1704 1344 1780 wquoreus
1374 1706 1617 1776 proxima
1642 1704 1835 1757 Portus
1863 1704 2033 1755 habet.

542 1807 677 1860 Cum
730 1805 893 1874 igitur
940 1800 1266 1856 Prudentius
1315 1797 1659 1869 Hippolytum
1699 1811 1860 1850 suum
1900 1809 2007 1848 non
2042 1808 2106 1847 ex

2208 607 2354 660 nisse
2376 605 2683 670 debuerint,
2717 619 2878 675 quem
2904 605 3115 669 eodem,
3147 618 3256 672 quo
3281 603 3394 668 isti,
3421 603 3576 659 ferme
3607 615 3718 660 tem-

2209 713 2335 768 pore
2362 694 2719 751 Novatianum
2763 696 3048 767 reliquisse
3082 696 3287 750 dicunt.
3332 693 3432 750 Sed
3458 695 3592 750 hunc
3621 695 3724 767 Ilip-

2207 785 2446 855 polytum
2476 785 2575 839 sub
2601 784 2758 838 tinem
2794 785 2921 839 anui
2956 784 3055 839 251
3088 784 3327 838 nondum
3352 784 3623 854 resipuisse
3647 802 3723 856 pa-

2209 885 2283 929 tet
2313 892 2375 929 ex
2401 877 2628 945 epistola
2655 875 2714 932 S.
2742 874 2978 931 Cornelii
3006 873 3072 929 ad
3101 873 3324 929 Fabium
3349 875 3722 941 Antiochenam,

2208 978 2371 1033 quam
2399 965 2613 1019 labente
2641 965 2744 1020 hoc
2777 981 2921 1019 anno
2947 964 3201 1035 scriptam
3231 964 3424 1019 docent
3451 964 3584 1019 docti
3609 966 3723 1031 viri;

2209 1056 2263 1107 in
2306 1056 2392 1109 illa
2422 1055 2565 1109 enim
2605 1056 2661 1110 S.
2694 1055 2934 1125 pontifex
2976 1055 3224 1111 disertim
3266 1064 3489 1111 testatur
3513 1057 3726 1113 beatissi-

2212 1160 2360 1199 mum
2397 1156 2686 1217 martyrem
2718 1146 2981 1218 Moysem,
3016 1145 3109 1216 qui
3140 1145 3327 1200 Romae
3374 1162 3534 1216 nuper
3558 1150 3727 1204 eximio

2210 1247 2263 1291 et
2291 1237 2595 1291 admirabili
2617 1239 2872 1309 martyrio
2891 1238 3180 1293 decoratus
3197 1236 3392 1302 fuerat,
3409 1236 3726 1294 Novatianum

2211 1343 2317 1381 una
2352 1343 2475 1381 cum
2510 1327 2748 1398 quinque
2780 1329 3109 1400 presbyteris
3155 1329 3240 1384 sui
3270 1330 3480 1384 sceleris
3506 1332 3727 1399 consciis,

2215 1416 2473 1472 societate
2499 1425 2552 1469 et
2583 1418 2964 1473 communione
2993 1418 3075 1472 sui
3094 1433 3377 1487 separasse
3404 1418 3527 1489 (9.5).
3550 1414 3729 1492 Moyses

2210 1509 2312 1562 sub
2367 1509 2526 1562 tinem
2580 1508 2708 1562 anni
2759 1507 2858 1561 251
2914 1510 3173 1580 martyrio
3221 1518 3511 1564 coronatus
3553 1508 3658 1577 fuit,
3686 1522 3729 1567 et

2210 1600 2371 1668 paulo
2418 1609 2540 1669 post
2590 1600 2762 1669 ipsius
2811 1601 3119 1670 passionem
3175 1601 3234 1654 S.
3278 1599 3552 1657 Cornelius
3594 1618 3728 1671 supra

2211 1692 2484 1746 laudatam
2535 1691 2819 1760 epistolam
2874 1692 3038 1746 dedit.
3100 1690 3303 1746 Eodem
3358 1690 3470 1747 fere
3526 1701 3731 1763 tempore

2212 1785 2351 1839 idem
2400 1782 2457 1837 S.
2503 1781 2747 1853 pontifex
2791 1783 2906 1855 (25)
2941 1781 2998 1838 S.
3040 1782 3377 1855 Cyprianum
3418 1798 3512 1854 per
3554 1786 3728 1841 litteras

545 1898 691 1954 Urbe
734 1872 1052 1960 adductum,
1085 1893 1176 1947 sed
1228 1892 1280 1945 in
1331 1890 1495 1944 Portu
1533 1888 1801 1952 Romano,
1831 1886 1960 1941 dum
1995 1884 2105 1954 ple-
2139 1872 2177 1925 Β
2207 1877 2491 1931 certiorem
2537 1875 2769 1930 reddidit
2800 1876 2865 1930 de
2908 1875 3237 1946 presbyteris
3275 1884 3330 1930 et
3370 1875 3729 1932 caulessoribus

544 1993 664 2047 bent
719 1988 1116 2058 alloquebatur,
1173 1998 1492 2053 oppressum
1544 1981 1726 2047 dicat;
1786 1995 1947 2033 nemo
1998 1994 2105 2031 non

543 2084 687 2137 videt
720 2083 896 2151 ipsum
928 2093 1036 2132 non
1066 2077 1118 2130 in
1151 2073 1319 2139 Urbe,
1352 2073 1442 2130 scd
1488 2073 1539 2127 in
1578 2071 1741 2127 Porta
1773 2072 1982 2141 plebem
2012 2070 2113 2123 ba.

543 2173 747 2235 buisse,
800 2187 865 2225 ac
911 2169 1132 2229 ibidem,
1184 2167 1266 2220 vel
1302 2165 1354 2219 in
1403 2165 1546 2221 illius
1581 2163 1795 2217 viciuiis
1836 2159 2107 2216 horrcndo

543 2268 636 2323 illo
678 2264 922 2337 martyrii
972 2276 1166 2335 genere
1211 2260 1421 2315 fortiter
1450 2257 1792 2312 occubuisse.
1825 2254 2033 2309 Etenim
2061 2254 2105 2306 si

545 2337 863 2429 Hippolytus
919 2353 1180 2409 Romamn
1232 2350 1489 2406 Ecclesia;
1544 2349 1821 2418 presbyter
1865 2360 2105 2414 unquam

543 2450 864 2510 cxs:itisset,
913 2461 1024 2515 quo
1066 2445 1189 2514 jure
1234 2444 1286 2497 in
1328 2440 1613 2496 Portuensi
1656 2436 1917 2503 Ecclesia,
1943 2451 2106 2505 quam

545 2554 705 2596 suum
737 2549 867 2594 tunc
900 2536 1157 2607 temporis
1182 2534 1496 2604 episcopum
1532 2529 1785 2585 habuisse
1811 2528 2105 2585 credimus,

545 2636 659 2703 ipsc
688 2628 896 2700 plebem
937 2626 1134 2680 docere
1170 2622 1372 2693 potuit;
1405 2635 1528 2675 cum
1579 2629 1820 2674 veterum
1856 2616 2110 2671 Ecclesize

548 2734 814 2775 cantmum
871 2715 1151 2771 sanctione
1202 2711 1402 2765 exteris
1451 2707 1779 2779 presbyteris
1834 2706 1887 2759 in
1933 2704 2108 2758 aliena

546 2810 824 2884 parochia,
851 2824 917 2862 ex
947 2807 1036 2872 iis,
1066 2821 1186 2875 quae
1218 2803 1283 2858 ad
1312 2800 1610 2857 Ecclesiam
1643 2798 1931 2869 pertinent,
1957 2795 2110 2866 quid-

546 2919 708 2975 quam
742 2914 1000 2973 peragere
1035 2899 1256 2951 velitum
1288 2894 1453 2949 fuisse
1484 2905 1675 2946 omnes
1713 2888 1924 2945 sciant?
1961 2887 2108 2941 Tan-

546 2998 667 3051 dem
713 3009 835 3049 cum
889 2988 1158 3060 Hippolyti
1209 2986 1503 3049 Romanae,
1552 2993 1614 3038 ut
1652 2982 1823 3047 aiunt,
1854 2980 2108 3035 Ecclesiae

546 3082 844 3160 presbyteri
882 3082 1023 3135 haud
1059 3077 1403 3133 meminerint
1441 3076 1497 3130 S.
1531 3074 1856 3146 Cyprianus,
1882 3069 1940 3126 S.
1965 3070 2101 3125 Cor-

548 3179 719 3233 nelius
770 3185 821 3230 et
863 3174 922 3229 S.
957 3172 1224 3227 Paciauus
1274 3166 1711 3230 Barcinonensis,
1754 3180 1821 3220 ex
1870 3178 2103 3235 quorum
2136 3204 2177 3258 ϐ

549 3268 767 3336 scriptis
790 3264 1217 3319 Noratianorum
1256 3276 1345 3316 res
1391 3269 1569 3329 gestas
1597 3271 1789 3313 eruere
1823 3271 1922 3311 nos
1946 3271 2110 3325 opor—

549 3368 657 3424 tet;
686 3372 791 3411 nou
820 3356 952 3411 levis
995 3354 1118 3408 inde
1161 3352 1335 3406 oritur
1373 3349 1633 3419 suspicio,
1665 3348 1809 3419 quod
1841 3349 2109 3417 prazcipua

550 3454 666 3506 hiec
693 3450 976 3504 doctorum
1004 3447 1245 3499 virorum
1269 3445 1337 3501 de
1368 3442 1653 3514 Hippolyto
1697 3441 1962 3496 sententia
1987 3440 2109 3494 lalsi

546 3543 683 3597 vitio
707 3554 1050 3609 summopere
1084 3537 1309 3591 laboret.
1342 3535 1379 3589 li
1421 3535 1587 3598 enim,
1614 3549 1736 3588 cum
1768 3532 2108 3602 Hippolytum

550 3647 709 3689 suum
742 3632 795 3686 in
825 3631 958 3699 ipsis
987 3627 1417 3683 Novatiauorum
1447 3625 1707 3688 exordiis,
1739 3629 1841 3679 hoc
1866 3633 1948 3678 est
1969 3637 2113 3677 atino

550 3723 752 3779 Christi
795 3721 921 3785 252,
971 3720 1035 3774 ad
1088 3718 1382 3774 Ecelcsiam
1436 3715 1665 3771 rediisse
1701 3714 1902 3774 dicant.
1951 3723 2114 3782 atque

551 3832 763 3881 omnes,
792 3816 884 3884 qu’i
935 3814 1021 3868 bis
1057 3813 1356 3882 praesertim
1390 3810 1724 3879 temporibus
1751 3805 1942 3862 Novati
1969 3806 2115 3861 schi-

553 3923 669 3964 sma
704 3907 1011 3976 ejurarunt,
1053 3920 1083 3957 a
1122 3902 1394 3974 praedictis
1420 3900 1673 3955 Patribus
1702 3895 2115 3953 accuratissime

553 4000 863 4056 iudicentur
905 3996 1041 4067 (23),
1075 3995 1365 4064 episcopus
1404 4005 1596 4060 nempe
1629 3989 1716 4042 ille
1741 3987 1833 4057 qui
1862 3984 2114 4040 Novatia—

553 4103 682 4142 num
720 4084 963 4150 inunxit,
1007 4082 1269 4136 Maximus
1308 4079 1607 4150 presbyter,
1655 4076 1923 4141 Urbanus,
1957 4074 2116 4129 Sido-

555 4166 700 4246 nius,
723 4176 1004 4232 Celerinus
1028 4182 1082 4229 et
1116 4171 1381 4228 Macarius
1406 4169 1782 4237 confessores;
1816 4177 1961 4224 recta
1989 4167 2117 4223 biuc

626 4377 738 4449 (22)
769 4376 963 4449 Hymn.
1004 4375 1191 4449 eodem
1213 4374 1306 4449 ll,
1335 4389 1387 4428 ι’.
1417 4372 1486 4427 55
1512 4380 1566 4426 et
1600 4352 1789 4441 seqq.,'
1814 4369 1955 4440 apud
1985 4366 2118 4423 Rui-

560 4444 697 4503 nai't.
724 4444 836 4502 ιουζ
868 4447 985 4510 cit..
1013 4461 1135 4516 pag.
1167 4444 1289 4497 Hb.

627 4520 738 4583 (25)
769 4517 827 4572 S.
859 4506 1145 4571 Cornelius
1171 4516 1222 4568 in
1255 4528 1352 4568 sua
1376 4512 1532 4581 epist.
1576 4510 1642 4563 ad
1672 4506 1896 4583 Fabium
1928 4511 2117 4565 Antio-

2209 1971 2275 2025 ad
2329 1967 2621 2024 Ecclesium
2676 1967 2944 2035 reversis;
2992 1979 3155 2038 atque
3188 1967 3379 2022 ultimo
3436 1968 3585 2038 hujus
3625 1970 3727 2022 anni

2210 2067 2451 2126 tempore
2497 2053 2802 2126 Cyprianus
2846 2056 2914 2112 de
2952 2065 3062 2111 tam
3109 2056 3252 2112 felici
3288 2066 3479 2113 eventu
3509 2057 3724 2113 Cornelia

2210 2145 2510 2217 gratulatus
2542 2143 2678 2215 (26),
2712 2144 3005 2201 Maximum
3059 2147 3434 2219 presbyterum
3486 2158 3536 2204 et
3583 2150 3729 2205 socios

2210 2235 2552 2292 confessores
2574 2236 2790 2304 laudat;
2816 2235 3158 2309 Hippolytum
3188 2247 3371 2293 tamen
3394 2239 3620 2309 nusp‘am
3641 2257 3730 2293 me-

2211 2338 2407 2383 morat.
2442 2327 2556 2384 Hoc
2588 2329 2803 2383 interim
2845 2328 3007 2385 Decio
3040 2329 3153 2401 (27)
3196 2330 3412 2385 Abrutti
3452 2330 3501 2384 in
3536 2330 3727 2386 Moresia

2209 2421 2498 2487 exstincto,
2533 2436 2632 2491 pax
2662 2420 2916 2477 Ecclesia:
2946 2430 3026 2477 est
3062 2423 3307 2489 reddita;
3346 2423 3604 2493 sequentis
3626 2437 3728 2476 vero

2211 2512 2336 2566 anni
2383 2513 2537 2567 initio
2580 2511 2884 2585 Cyprianus
2936 2514 3129 2568 iisdem
3178 2513 3415 2569 Maximo
3461 2516 3727 2586 presbytero

2210 2612 2264 2658 et
2286 2604 2449 2659 sociis
2475 2604 2901 2661 humanissimas
2922 2606 3162 2661 exaravit
3184 2607 3393 2663 litteras
3419 2605 3544 2678 (28),
3570 2606 3728 2677 quibus

2213 2695 2344 2764 ipsis
2394 2710 2660 2766 nuperum
2711 2696 2776 2750 ad
2820 2696 3114 2752 Ecclesiam
3161 2698 3399 2753 reditum
3441 2698 3726 2769 gratulatur;

2210 2786 2404 2841 deinde
2431 2801 2615 2843 mense
2645 2785 2939 2843 Februario
2969 2788 3296 2844 luculentam
3328 2789 3483 2844 aliam
3516 2790 3575 2843 ad
3600 2791 3730 2842 Anto-

2211 2879 2430 2933 nianum
2463 2879 2787 2948 conscripsit
2817 2880 3101 2949 epistolam
3137 2881 3251 2952 (29)
3272 2922 3286 2948 ,
3320 2882 3371 2935 in
3397 2897 3500 2952 qua
3527 2879 3731 2936 Novatia.

2210 2983 2404 3022 norum
2429 2984 2518 3024 res
2546 2977 2726 3040 gestas
2748 2971 3155 3027 accuratissime
3175 2972 3504 3038 describens,
3530 2972 3728 3043 quinque

2210 3059 2330 3115 illos
2376 3059 2717 3131 presbyteros
2761 3060 2938 3115 adhuc
2993 3062 3046 3139 in
3094 3063 3390 3118 schismate
3418 3061 3729 3132 permansisse

2210 3168 2320 3207 non
2366 3152 2595 3208 obscure
2638 3152 2878 3220 indicat;
2919 3165 3281 3224 quapropter,
3329 3155 3376 3211 si
3416 3171 3547 3209 unus
3584 3168 3639 3209 ex
3677 3153 3729 3207 iis

2211 3244 2508 3300 exstitisset
2533 3241 2872 3314 Hippolytus,
2904 3244 3019 3315 ipse
3049 3245 3227 3299 adhuc
3258 3245 3309 3298 in
3341 3246 3611 3301 schismate
3631 3259 3727 3314 per-

2212 3335 2480 3389 mansisse
2505 3335 2766 3390 dicendus
2798 3345 2958 3389 esset.
2991 3334 3229 3391 Lubente
3254 3334 3413 3391 Junio
3433 3335 3728 3405 (50)Gallus,

2213 3434 2495 3495 grassante
2524 3425 2633 3492 lue,
2679 3427 3112 3495 persecutionem
3164 3427 3219 3480 in
3257 3428 3583 3482 Christianos
3614 3426 3733 3480 exci-

2214 3515 2367 3579 tavit,
2400 3530 2563 3584 quam
2592 3517 2864 3571 nescimus
2891 3532 2991 3571 cur
3013 3516 3373 3572 brevissimam
3404 3518 3561 3573 fuisse
3585 3518 3732 3572 dicant

2212 3606 2519 3663 Dodwellus
2554 3607 2664 3680 (5i)
2706 3617 2761 3664 et
2790 3607 2989 3680 Pagius
3033 3610 3146 3682 (52)
3171 3651 3185 3669 .
3242 3627 3366 3667 cum
3416 3612 3606 3679 integro
3644 3607 3730 3662 fere

2215 3714 2359 3753 anno
2382 3714 2501 3755 eam
2529 3700 2854 3770 perdurasse
2874 3700 3112 3757 sciamus
3136 3719 3150 3756 :
3183 3717 3248 3757 ea
3275 3702 3530 3773 siquidem
3559 3699 3731 3753 labente

2215 3788 2378 3843 .lunio
2408 3792 2570 3860 hujus
2595 3792 2723 3846 anui
2753 3792 2984 3847 excitata
3015 3792 3236 3848 sedente
3262 3793 3544 3864 Stephano,
3568 3799 3614 3844 et
3635 3796 3731 3859 post

2216 3881 2350 3937 Galli
2380 3882 2676 3948 interitum,
2709 3883 2810 3938 hoc
2837 3893 2939 3945 est,
2972 3899 3156 3939 mense
3181 3883 3323 3939 Maio
3348 3884 3469 3939 anni
3498 3880 3731 3951 sequentis

2215 3973 2479 4027 exstincta
2521 3972 2642 4027 fuit.
2688 3970 2804 4028 Hoc
2829 3988 2962 4028 sane
2988 3988 3132 4029 anno
3160 3973 3475 4047 Hippolytus
3505 3974 3596 4029 iste
3622 3985 3732 4024 mar-

2217 4065 2358 4136 tyrio
2387 4066 2635 4120 coronari
2677 4066 2878 4135 potuit;
2920 4081 3105 4121 verum
3127 4107 3142 4132 ,
3185 4068 3475 4135 quominus
3502 4065 3549 4119 id
3576 4060 3732 4118 creda-

2217 4172 2360 4224 mus,
2393 4166 2576 4227 aperte
2602 4158 2788 4215 suadet
2815 4158 3038 4229 epistola
3069 4157 3327 4230 Cypriani
3360 4158 3426 4215 ad
3446 4153 3732 4217 Cornelium,

2218 4372 2396 4427 adhuc
2440 4372 2495 4426 in
2537 4371 2675 4427 vivis
2726 4381 2899 4435 esset,
2948 4372 3231 4427 audaciam
3276 4370 3393 4441 ejus
3429 4383 3489 4423 ac
3532 4364 3728 4441 furerent

2220 4452 2558 4512 Perspectum
2613 4442 2851 4507 habens,
2886 4458 2917 4496 a
2956 4436 3341 4497 communione
3374 4452 3465 4495 sua
3505 4436 3731 4512 separavit

2221 4509 2478 4584 unacum_
2499 4513 2739 4584 quinque
2792 4513 3141 4584 presbyteris.
3173 4513 3266 4581 qui
3313 4526 3369 4566 se
3410 4509 3593 4580 pariter
3633 4514 3730 4556 cum

557 4572 775 4645 eheusis
806 4586 1059 4641 Ecclesia:
1084 4585 1370 4653 praesulem
1403 4572 1589 4644 missa,
1626 4581 1783 4648 cujus
1815 4582 2113 4653 fragmenta
2150 4572 2191 4625 Ῑ)
2221 4583 2408 4653 ἰΙιοᾳιι
2441 4572 2694 4653 Ecclesia:
2721 4572 3323 4653 corpore'abruperant.
3356 4599 3374 4631 ι

557 4666 721 4715 refert
761 4658 1027 4714 Eusebius
1064 4651 1135 4709 Π.
1177 4654 1266 4719 E.,
1296 4654 1396 4722 lib.
1419 4668 1489 4718 ιι,
1515 4666 1635 4722 cap.
1659 4652 1729 4705 45
1747 4691 1762 4716 ,
1787 4667 1905 4722 pag.
1931 4651 2034 4705 510
2067 4661 2120 4706 et

557 4747 735 4799 seqq.,
761 4730 877 4799 haec
908 4726 975 4799 de
999 4725 1231 4781 reversis
1260 4725 1324 4779 ad
1360 4721 1680 4799 Ecclesiam-
1687 4721 1883 4799 scribit
1912 4736 1926 4774 :
1958 4741 1975 4774 ι
2009 4721 2120 4799 bla-

557 4789 739 4853 x'nn'us
758 4795 1014 4853 Ecclesia:
1034 4806 1234 4850 nostrae
1268 4796 1544 4864 presbyter
1576 4800 1629 4846 et
1659 4789 1931 4864 Urbanus,
1957 4793 2119 4864 ambo

557 4886 622 4923 ex
653 4869 775 4923 ﬁdei
809 4868 1149 4923 confessione
1186 4862 1456 4936 egregiam
1491 4862 1603 4936 jam
1640 4862 2117 4936 secundoiaudcm

558 4939 755 5008 adepti.
793 4936 1049 4993 Sidonius
1077 4932 1243 4990 etiam
1276 4932 1669 5008 ethCelerinus,
1698 4932 1900 5008 vir__qui
1925 4941 2115 5008 cuncta

564 5001 952 5063 tormentorum
978 5021 1175 5077 genera
1219 5022 1321 5077 per
1341 5001 1434 5057 Dei
1469 5002 1900 5077 misericordiam
1931 5002 2118 5057 fortis-

560 5081 696 5133 sime
740 5074 1053 5131 sustinuit.
1098 5114 1112 5129 .
1157 5114 1171 5128 .
1216 5074 1229 5128 .
1274 5074 1326 5127 hi
1378 5088 1565 5126 omnes
1607 5111 1622 5126 .
1664 5112 1677 5125 .
1722 5111 1736 5127 .
1776 5074 1842 5126 ad
1875 5082 2116 5125 sanetam

562 5147 855 5203 iucclesiam
883 5147 1084 5201 reversi
1120 5154 1264 5200 sunt.
1295 5164 1313 5197 ι
1340 5142 1566 5208 Horum,
1596 5151 1819 5211 excepto
1846 5141 2115 5203 Celeriuo,

560 5227 733 5273 exstat
765 5216 990 5287 epistola
1023 5218 1090 5271 ad
1124 5226 1370 5287 sanctum
1396 5215 1719 5287 Cyprianum
1746 5214 1811 5267 de
1834 5228 1964 5283 pace
1993 5228 2117 5267 cum

561 5281 815 5342 Cornelio
844 5302 980 5357 papa
1003 5296 1208 5357 etcum
1237 5281 1490 5357 uniyerso
1527 5281 1856 5357 clerofacta,
1884 5290 2118 5357 quaeest

564 5375 712 5412 tium.
744 5356 814 5413 55
844 5352 996 5410 inter
1027 5354 1561 5426 ejttsdedeypriaui
1611 5353 1769 5423 epist.
1825 5370 1948 5423 pag.
1988 5352 2115 5426 259,

561 5431 655 5496 qui
693 5432 823 5497 ipsis
851 5424 1152 5497 rescripsit,
1178 5434 1233 5497 et
1276 5424 1490 5478 illurqu
1519 5427 1910 5497 regressionem,
1950 5424 2117 5476 eccle-

560 5494 828 5551 siasticam
860 5494 1070 5567 paceni,
1109 5506 1157 5549 et
1201 5496 1491 5563 fraternam
1520 5494 2007 5565 redintegratiouem
2036 5500 2120 5547 est

562 5563 879 5637 gratulatus.
1094 5635 1105 5637 _
1172 5634 1197 5637 ξ-
1563 5633 1628 5637 Η
1724 5563 1735 5565 “
1823 5632 1862 5637 __

634 5638 747 5709 (24)
775 5640 851 5693 En
882 5637 1051 5709 verba
1076 5635 1133 5690 S.
1160 5634 1395 5709 Cornelii
1438 5633 1578 5709 apud
1616 5633 1792 5709 ipsum
1823 5632 2115 5709 Eusebium

564 5702 662 5775 ιουξ.
717 5702 809 5762 cit.
854 5722 976 5778 pag.
1025 5708 1129 5761 515
1171 5722 1183 5755 :
1220 5724 1238 5755 ‹
1286 5706 1456 5770 Quem
1504 5707 1663 5778 etiam
1714 5702 2115 5774 (Novatianum)

561 5774 770 5849 .iluyses
816 5774 1161 5849 beatissimus
1209 5787 1446 5849 martyr,
1480 5774 1571 5843 qui
1618 5789 1795 5849 _nuper
1826 5778 1967 5843 apud
2001 5788 2115 5849 nus

562 5843 773 5917 egregio
802 5859 856 5904 et
882 5843 1197 5903 adtuirando
1230 5843 1488 5914 martyrio
1513 5843 1828 5915 perfunctus
1854 5852 1953 5911 est,
1983 5843 2112 5898 dum

2295 4652 2407 4723 (25)
2453 4636 3036 4723 Αήόοιιιιάυείιόειῃιιεδ
3083 4636 3410 4723 Ρρέιιςεοιιίυε
3466 4645 3517 4701 ἰιι
3567 4636 3726 4696 Annal.

2219 4720 2554 4793 Cyprianicis
2581 4723 2648 4777 ad
2678 4737 2809 4793 ann.
2835 4722 2962 4785 251,
2994 4737 3046 4793 p_.
3073 4721 3164 4786 25,
3202 4720 3230 4793 §
3258 4722 3344 4776 14.

2291 4784 2402 4864 (26)
2432 4791 2493 4864 lu
2520 4794 2679 4864 epist.
2707 4792 2796 4864 5A1,
2831 4784 2957 4864 pag.
2979 4784 3103 4846 256.

2290 4851 2401 4933 (27)
2431 4851 2877 4945 Legendusjdein
2904 4851 3239 4917 Pearsonius
3265 4862 3367 4916 loc.
3394 4858 3480 4913 cit.
3503 4851 3564 4909 ad
3584 4851 3728 4921 ipsum

2220 4932 2421 5005 anitum
2574 4973 2590 4998 ,
2621 4932 2649 5005 §
2682 4932 2771 4988 15.

2290 5003 2404 5072 (28)
2439 4988 2658 5073 Scilicet
2681 5018 2833 5057 num.
2867 5000 2957 5067 54,
2980 5017 3101 5073 pag.
3125 4997 3406 5073 9.40_._>‘y’ide
3430 4988 3728 5073 Pearsonium

2220 5072 2277 5127 in
2294 5059 2502 5129 ‘An'nal.
2531 5072 2860 5143 Cyprianicis
2890 5059 2956 5127 ad
2981 5059 3337 5143 ξιιιῖιιιιιι252,
3363 5086 3421 5143 ιι,
3445 5067 3530 5143 2ἶ,
3550 5079 3598 5117 n.
3625 5059 3669 5143 ὅτ

2290 5144 2401 5214 (29)
2439 5143 2533 5197 Est
2556 5135 2706 5197 tium.
2745 5143 2833 5207 55,
2861 5158 2915 5212 p.
2946 5141 3040 5214 24!
3070 5135 3461 5214 ;‘vide_ndus‘in
3492 5136 3615 5214 hanc
3632 5135 3725 5214 τξίξξ

2219 5206 2546 5269 Pearsbuius
2580 5214 2635 5267 in
2664 5206 2827 5267 dictis
2861 5206 3416 5281 Ἇηιιαιζεῃργίαηὶᾰε
3460 5206 3520 5259 ad
3562 5207 3729 5256 annum

2217 5283 2345 5338 252.
2378 5299 2432 5338 D.
2464 5284 2554 5338 27.
2583 5300 2637 5337 n.
2672 5283 2759 5337 14.
3637 5335 3646 5338 _

2329 5324 2345 5347 ,
2378 5300 2432 5350 p.
2464 5300 2554 5350 τι,
2583 5300 2637 5337 n.
2672 5300 2759 5337 ιιι.

2291 5299 2324 5335 z
2418 5320 2432 5336 .
2464 5299 2529 5336 ΖΙ
2583 5300 2637 5337 n.
2672 5299 2694 5336 ι
2742 5321 2759 5337 ο

2290 5299 2411 5425 (5’03)
2436 5352 2513 5425 pe
2539 5325 2666 5408 ’hac
2704 5299 3088 5425 persecutione
3136 5350 3385 5419 illiusque
3409 5355 3567 5425 causa
3584 5335 3728 5425 “vlg?

2218 5404 2399 5547 sagit,
2431 5404 3115 5478 Pearvsonitisnad'dictum
3164 5404 3363 5477 annu'm
3406 5415 3540 5479 252,
3583 5404 3621 5479 ς
3647 5404 3726 5460 Ν·

2258 5534 2270 5547 .
2298 5508 2384 5547 Ἅυ.

2216 5510 2270 5564 Ρ.
2291 5510 2400 5633 (Ξῖ)
2419 5560 2478 5616 lu
2507 5561 2780 5633 dissertat:
2811 5561 3170 5633 Cyprianieis,
3194 5560 3402 5633 dissert.
3433 5553 3518 5633 il,
3543 5546 3730 5633 Defuit:

2218 5621 2394 5687 citate'
2411 5645 2724 5701 martyrum,
2752 5630 2781 5702 §
2813 5621 2910 5698 53:
2933 5648 2987 5703 p.
3022 5631 3124 5686 86:
3156 5621 3186 5683 ἰ
3222 5625 3547 5686 Brevissimis
3566 5621 3728 5703 i134?"

2219 5704 2481 5757 limitibus
2503 5692 2614 5756 tota
2649 5692 3048 5756 illavltaltiemst
3074 5703 3328 5755 conclusa
3355 5692 3647 5768 persecutio.
3653 5692 3697 5768 Ως

2288 5741 2747 5845 (ἐξὲῖῖὶἑῗᾶιῖηἶῖιῖι
2768 5741 3560 5845 ΕῐῖἓξιῖΞέῖέῖίὶᾙὶἱιῗὶΐὲῐῐὲζ
3581 5770 3628 5826 ιι-
3653 5741 3728 5808 θθν

2220 5855 2256 5898 ι.
2290 5840 2352 5899 lH
2379 5840 2570 5897 Annal.
2597 5843 2882 5897 ecclesiast.
2919 5841 3156 5897 Barouii.
