3966 6344
260 354 380 411 435

1050 355 1135 409 DE
1175 352 1569 411 PORTUENSI
1609 353 1665 408 8.
1708 351 2067 409 IIIPPOLY'I'I
2110 352 2302 408 SEDE.
2349 383 2421 393 —
2459 352 2638 407 PARS
2675 352 2719 407 I.

3422 355 3537 410 454

252 472 435 529 Roma
467 475 713 531 exsulem
745 477 1128 534 Centumcellis
1151 478 1457 549 degentem.
1493 477 1549 531 in
1578 491 1684 547 qua
1708 475 1840 531 Cor—
1865 484 1909 536 Α
1939 474 2260 530 Latnbcrtus
2289 473 2434 545 (58),
2477 485 2530 530 et
2570 484 2695 544 post
2718 490 2841 530 eum
2876 474 3075 548 Pagius
3106 475 3250 543 (59),
3280 484 3334 531 et
3360 475 3522 534 Tille-
3580 454 3588 463 ’

248 567 404 620 nelio
435 568 745 636 gratulatur
771 569 838 625 de
868 570 1033 641 lapsis
1063 570 1298 640 gloriosa
1326 567 1668 624 confessione
1695 566 1849 622 resti-

246 658 385 711 tutis
419 657 584 728 (55),
627 676 694 715 ac
730 661 797 715 de
835 659 1122 715 Novatiani
1168 660 1389 731 perii-lia
1433 661 1547 717 haec
1588 659 1845 714 disserit:

250 766 271 799 ι
311 747 507 818 Neque
529 751 677 804 enim
726 752 921 821 quaerit
965 752 1104 823 illos,
1132 768 1273 821 quos
1308 752 1421 822 jam
1455 751 1708 821 subegit;
1751 762 1847 809 aut

241 840 410 909 gestit
442 849 719 905 evertere,
761 857 900 912 quos
936 840 1048 912 jam
1092 858 1222 898 suos
1282 841 1429 896 fecit.
1496 840 1750 897 Inimicus
1789 850 1846 899 et

242 929 428 986 hostis
450 930 733 1000 Ecclesiae,
778 948 918 1003 quos
956 933 1205 989 alienavit
1247 935 1315 989 ab
1338 933 1579 990 Ecclesia
1605 945 1659 990 et
1689 934 1840 990 foras

241 1021 425 1089 duxit,
456 1032 519 1077 ut
541 1024 786 1094 captivos
812 1033 866 1079 et
900 1025 1109 1081 vinctos
1134 1026 1433 1081 contemnit
1459 1039 1512 1081 et
1532 1027 1788 1096 praeterit.
1816 1046 1836 1080 υ

238 1111 322 1175 Ex
377 1115 592 1182 quibus
632 1114 813 1170 verbis
871 1116 1005 1171 satis
1049 1126 1303 1173 constare
1350 1127 1602 1188 putamus
1649 1116 1839 1173 Novati

239 1212 559 1261 sectatores
587 1202 767 1260 adhuc
805 1206 859 1259 in
891 1206 1063 1275 ipsius
1105 1208 1301 1263 castris
1337 1208 1632 1274 militasse;
1661 1209 1838 1280 lapso-

238 1311 363 1351 rum
425 1297 580 1351 enim
636 1300 856 1355 nomine
903 1299 961 1356 S.
1023 1298 1354 1369 Cyprianum
1415 1299 1837 1370 haudquaquam

239 1384 635 1442 schismaticos
659 1388 725 1442 ad
748 1388 1045 1445 Eeclesiam
1074 1404 1345 1447 reversos.
1372 1389 1465 1443 sed
1496 1389 1836 1446 thurilicatos

234 1478 589 1548 designasse.
637 1495 797 1535 nemo
835 1492 919 1537 est
951 1480 1045 1551 qui
1084 1481 1310 1536 nesciat.
1350 1478 1474 1536 Haec
1497 1497 1624 1536 vero
1649 1497 1834 1538 mense

234 1572 495 1642 Augusto
539 1573 654 1643 (54)
704 1574 868 1644 hujus
899 1577 1027 1630 anni
1068 1574 1348 1644 scripserit
1395 1573 1453 1629 8.
1493 1575 1829 1646 Cyprianus;

232 1676 583 1734 quapropter
624 1667 771 1720 hunc
808 1664 1153 1738 Hippolytum
1182 1665 1396 1732 eodem,
1429 1680 1538 1737 quo
1575 1667 1688 1721 hzec
1720 1665 1829 1737 Cy-

233 1756 470 1824 prianus
510 1755 806 1822 scribebat,
852 1766 1091 1826 tempore
1138 1758 1456 1829 martyrium
1503 1756 1736 1812 subiisse
1766 1771 1827 1810 o-

1950 568 2189 621 montius
2235 566 2380 638 (κιο),
2423 582 2489 622 ex
2522 566 2629 631 his,
2660 576 2713 622 et
2734 582 2797 622 ex
2830 567 2972 632 illis,
3016 584 3138 636 qua:
3176 568 3335 637 paulo
3357 584 3519 637 supra

1944 659 2011 713 de
2041 659 2143 713 hac
2173 661 2548 729 persecutione
2576 658 2838 715 disseruit
2862 659 2919 715 8.
2945 660 3155 726 doctor,
3186 662 3431 716 eamdem
3463 660 3517 716 in
3588 696 3593 711 ς

1944 749 2258 805 Catholicos
2307 760 2517 804 tantum
2547 749 2616 803 ad
2649 751 3042 818 confundenda:
3085 753 3354 807 haereticos
3376 735 3555 823 pra)».

1942 843 2104 913 cipuo
2146 841 2237 896 Dei
2280 842 2509 897 consilio
2556 842 2812 896 indictum
2872 842 3326 900 animadvertunt.
3380 843 3517 901 IIinc

1943 932 2291 1004 Hippolytum
2349 933 2526 1003 ipsum
2577 932 2877 996 Romanae,
2926 943 2985 988 ut
3026 936 3210 1001 aiunt,
3261 936 3517 993 Ecclesiae

1941 1026 2309 1096 presbyterum
2349 1022 2541 1077 Novati
2585 1024 2829 1093 partibus
2867 1024 3162 1091 addictum,
3209 1028 3310 1082 hac
3339 1044 3516 1096 perse-

1939 1116 2156 1193 cutione
2196 1115 2524 1171 exstinctum
2572 1115 2658 1170 vix
2699 1116 2919 1171 credere
2948 1132 3258 1186 possumus.
3304 1117 3511 1181 Etenim

1936 1205 2261 1263 Prudentius
2310 1208 2484 1277 ipsum
2544 1222 2651 1263 uno
2681 1248 2697 1272 ,
2746 1207 3043 1277 eodemque
3093 1222 3398 1274 momento,
3460 1220 3515 1265 et

1936 1301 2173 1356 schisma
2219 1300 2483 1371 ejurasse,
2522 1309 2575 1353 et
2625 1300 2942 1372 martyrium
2969 1300 3201 1357 subiisse
3240 1302 3389 1357 dicit.
3428 1303 3512 1357 Id-

1935 1392 2081 1445 circo
2131 1391 2183 1444 in
2231 1389 2362 1458 ipsis
2409 1389 2806 1459 persecutionis
2874 1391 3113 1445 exordiis
3166 1390 3508 1464 Hippolytum

1931 1479 2215 1537 Novatiani
2237 1482 2490 1553 dogmata
2507 1483 2659 1551 sequi
2676 1484 2931 1552 oportuit;
2964 1485 3106 1553 quod
3131 1485 3176 1538 si
3199 1500 3381 1540 verum
3406 1495 3506 1551 est,

1932 1570 2249 1643 Hippolytus
2282 1587 2413 1627 sane
2457 1586 2568 1625 non
2598 1572 2651 1625 in
2699 1573 2817 1642 ipso
2841 1573 3084 1645 martyrii
3124 1585 3398 1631 momento
3439 1577 3508 1631 ad

1932 1658 2227 1715 Ecclesiam
2272 1660 2448 1714 redire
2477 1660 2675 1731 potuit,
2720 1660 2812 1717 sed
2842 1663 3002 1733 longe
3034 1673 3159 1719 ante
3188 1667 3505 1738 martyrium

1929 1749 2119 1805 Novati
2150 1751 2384 1806 schisma
2415 1752 2659 1821 ejurasse
2687 1753 2947 1807 dicendus
2978 1764 3155 1811 esset:
3207 1759 3404 1812 etenim
3437 1759 3502 1823 si,

235 1856 516 1917 porteret;
548 1848 666 1914 sed,
695 1863 820 1902 cum
862 1864 1048 1903 mense
1074 1848 1219 1904 Julio
1244 1848 1302 1904 8.
1326 1848 1609 1904 Cornelius
1638 1848 1691 1903 in
1724 1864 1823 1903 ex-
1855 1833 1898 1893 Β
1925 1842 2053 1897 dum
2083 1843 2140 1897 in
2169 1841 2315 1897 Urbe
2358 1843 2695 1907 morabatur.
2726 1842 3041 1900 Novatianis
3071 1845 3204 1901 favit
3249 1847 3504 1920 Hippoly-

238 1938 421 1992 silium
456 1937 669 1993 missus
712 1936 873 1993 fuerit
902 1938 1048 2011 I35),
1073 1952 1136 1992 ac
1163 1952 1270 1991 non
1311 1938 1383 1992 ita
1415 1940 1522 1993 cito
1551 1938 1617 1992 ad
1643 1936 1702 1994 8.
1733 1938 1833 2010 Cy-

240 2029 495 2098 prianum
516 2068 533 2088 .
568 2028 661 2097 qui
700 2030 752 2083 in
784 2028 963 2084 Africa
992 2029 1249 2097 degebat,
1279 2030 1347 2085 de
1382 2029 1483 2095 hac
1517 2046 1573 2084 re
1602 2029 1831 2087 nuntius

243 2119 585 2189 pervenerit;
638 2119 750 2174 imo
792 2135 915 2175 cum
946 2137 1013 2175 ex
1039 2122 1158 2191 ipso
1179 2120 1420 2190 epistolae
1444 2130 1701 2177 contextu
1732 2138 1826 2192 pa-

244 2220 342 2265 teat
374 2208 438 2264 8.
471 2209 817 2274 Cornelium,
850 2212 978 2267 dum
1010 2213 1299 2278 scribebat,
1335 2213 1446 2283 jam
1480 2214 1665 2269 multis
1705 2215 1823 2269 dico

242 2300 336 2354 bus
353 2300 545 2354 exsilii
577 2300 923 2356 incommoda
954 2301 1267 2371 pertulisse;
1309 2303 1503 2357 merito
1539 2304 1679 2358 hanc
1704 2303 1822 2373 epi~

237 2392 428 2446 stolam
471 2391 695 2448 labente
733 2391 979 2458 Augusto
1028 2408 1057 2447 a
1109 2391 1166 2447 8.
1217 2391 1491 2463 Cypriano
1543 2406 1819 2448 exaratam

231 2479 544 2550 putandum
573 2488 680 2544 est,
712 2495 873 2550 quem
900 2480 1084 2536 forsan
1126 2482 1287 2551 paulo
1308 2489 1434 2537 ante
1457 2481 1581 2537 Idus
1616 2491 1680 2536 de
1719 2497 1821 2537 suo

227 2571 427 2627 exsilio
451 2571 746 2626 certiorem
782 2571 1089 2626 reddiderat
1113 2570 1171 2626 8.
1210 2571 1524 2636 Cornelius;
1565 2573 1820 2643 quocirca

227 2660 511 2734 Hippolyti
543 2662 706 2719 istius
744 2664 1063 2734 martyrium
1101 2662 1155 2719 in
1196 2665 1344 2719 hisce
1365 2665 1623 2733 temporis
1646 2679 1818 2734 angu-

223 2755 348 2811 stiis
379 2755 681 2817 locandum
731 2754 908 2822 foret,
956 2771 1079 2811 cum
1128 2754 1305 2826 ipsum
1359 2754 1543 2809 Idibus
1592 2756 1817 2826 Augusti

227 2861 463 2917 passum
497 2844 648 2901 dicat
676 2844 1027 2907 Prudentius.
1059 2847 1257 2903 Verum
1288 2846 1427 2901 hanc
1448 2847 1816 2901 narrationem

221 2951 338 2990 non
377 2935 737 2991 mediocriter
762 2945 1068 3005 suspectam
1092 2935 1326 2992 reddunt
1358 2953 1443 3003 ea,
1462 2951 1584 3006 qua:
1608 2936 1674 2991 de
1702 2934 1813 2992 No-

220 3027 468 3083 satianis
512 3027 658 3082 baud
688 3028 921 3083 obscure
967 3027 1170 3083 indicat
1195 3026 1253 3082 8.
1284 3027 1586 3100 Cyprianus
1609 3028 1722 3099 (56)
1758 3030 1810 3082 in

214 3120 458 3191 cpistola
497 3136 685 3191 quam,
709 3136 895 3177 mense
926 3118 1205 3176 Decembri
1236 3119 1347 3191 (57)
1376 3119 1593 3189 scripsit
1636 3120 1701 3174 ad
1747 3118 1804 3175 S.

220 3212 457 3267 Lucium
484 3210 821 3282 pbntilicem,
842 3211 904 3267 8.
931 3211 1169 3287 Cornelii
1196 3226 1588 3277 successorem,
1617 3227 1806 3281 nempe

221 3302 567 3361 Novatianos
595 3304 776 3374 quiete
812 3318 875 3359 ac
901 3305 1190 3374 tranquille
1231 3304 1464 3374 desisse.
1500 3317 1600 3358 nec
1630 3319 1813 3374 perse-

222 3393 468 3450 cutionis
516 3392 899 3459 incommodis,
940 3395 1243 3448 etiamtum
1271 3434 1286 3459 ,
1336 3393 1464 3448 dum
1516 3394 1806 3458 scribebat,

226 3487 399 3544 fuisse
425 3488 722 3545 obnoxios.
771 3506 791 3539 ι
835 3485 1020 3557 Neque
1049 3486 1215 3553 enim,
1242 3488 1435 3559 inquit,
1468 3489 1809 3558 persequitur

229 3588 281 3635 et
310 3581 602 3651 impugnat
636 3578 840 3635 Christi
874 3579 1241 3646 adversarius,
1285 3580 1390 3635 nisi
1427 3591 1603 3635 castra
1632 3589 1687 3635 et
1715 3582 1811 3634 mi-

230 3672 350 3734 lites
380 3673 625 3739 Christi,
670 3672 961 3729 haereticos
1007 3682 1309 3744 prostratos
1342 3674 1508 3728 semel
1559 3682 1613 3727 et
1653 3674 1807 3742 ipsos

232 3781 359 3823 suos
414 3765 596 3823 factos
643 3764 942 3821 contemnit
981 3772 1035 3820 et
1084 3764 1340 3836 praeterit.
1397 3783 1417 3817 ι
1470 3763 1806 3834 Quapropter

298 3899 414 3967 (ss)
456 3898 632 3969 Epist.
658 3898 753 3965 60,
786 3913 912 3968 pag.
945 3898 1069 3969 ξω.

318 3970 413 4037 54)
456 3967 536 4025 Ita
579 3970 742 4024 etiam
777 3970 1005 4024 atlirmat
1032 3967 1364 4027 Pearsonius
1397 3969 1449 4023 in
1497 3968 1657 4031 dictis
1688 3970 1803 4024 An-

230 4038 440 4093 nalibus
460 4039 542 4110 _ad
574 4055 776 4110 annum
803 4038 930 4110 252,
952 4038 993 4110 ᾗ
1024 4039 1108 4099 12.
1142 4055 1196 4109 p.
1236 4040 1326 4094 50.

453 4107 743 4189 gegendlu‘s
776 4109 913 4189 idem
948 4107 1278 4189 Pearso‘nius
1301 4109 1423 4189 e‘o_d_.
1457 4109 1486 4183 §
1524 4109 1607 4177 12,
1632 4127 1683 4181 p.
1711 4111 1801 4169 50.

319 4178 414 4249 56)
453 4177 624 4249 Epist.
663 4178 751 4249 ξι,
782 4178 951 4235 Lucio
980 4179 1127 4243 data,
1163 4195 1286 4249 pag.
1313 4180 1440 4235 272.

296 4247 414 4320 (57)
456 4248 640 4320 Mense
667 4247 946 4320 Decembri
984 4247 1325 4305 fuisse—hane
1359 4252 1639 4320 epistolam
1672 4253 1804 4305 scri-

226 4318 385 4391 ptam
406 4319 705 4391 prudenter
731 4318 1025 4391 arbitratur
1050 4318 1474 4391 Pearsoniusin
1510 4322 1801 4376 Annalibus

228 4388 487 4461 Cyprium
514 4388 696 4443 citatis
717 4389 784 4461 ad
806 4404 1007 4461 annum
1033 4390 1160 4461 252,
1188 4392 1215 4459 §
1257 4390 1353 4461 l9,
1374 4405 1499 4461 pag.
1529 4392 1618 4446 52.

290 4457 789 4584 g38g90t;;t'lag&.de
806 4457 875 4515 ,8.
900 4458 1162 4532 Cyprien,
1192 4457 1343 4530 praef.
1367 4457 1544 4537 ,pirt.
1580 4461 1622 4527 I,
1657 4460 1684 4533 ᾗ
1711 4460 1800 4523 61,

329 4569 345 4582 .
379 4537 475 4593 59,
513 4537 628 4582 not.
664 4545 716 4581 a.

222 4544 345 4599 pag.
379 4544 475 4593 aa,
513 4544 628 4582 not.
664 4545 716 4581 a.

222 4665 245 4673 _
292 4599 415 4673 (59)
454 4598 540 4673 Ad
570 4612 772 4673 annum
793 4596 923 4673 255,
952 4614 1106 4653 num.
1134 4599 1219 4673 19,
1248 4617 1370 4673 pag.
1396 4600 1487 4667 21,
1517 4602 1607 4656 ubi
1642 4602 1802 4655 etiam

222 4665 508 4725 Lamberti
544 4665 808 4722 sententia
839 4666 1091 4723 refertur.
1212 4670 1215 4677 ’

223 4739 408 4863 mum
450 4736 523 4792 In
550 4736 702 4793 Saint
730 4736 1019 4806 Corneille,
1051 4741 1205 4795 artic.
1243 4741 1328 4805 16,
1367 4757 1490 4812 pag.
1520 4741 1803 4807 461m".

292 4877 429 4951 (All
452 4877 601 4932 Inter
624 4877 897 4934 variorum
932 4886 1091 4933 notas
1129 4878 1201 4951 ad
1226 4880 1574 4935 Anastasium
1603 4879 1803 4933 Biblio-

222 4948 556 5012 thecariutn,
591 4964 712 5017 qua:
736 4959 953 5004 exstant
984 4951 1035 5002 in
1077 4950 1272 5004 celebri
1306 4952 1543 5005 editione
1574 4951 1644 5003 ab
1680 4966 1803 5001 cru-

219 5018 505 5074 ditissimo
537 5018 652 5088 viro
681 5017 971 5074 Francisco
1002 5017 1304 5076 Blanchino
1334 5022 1619 5083 adornata,
1651 5034 1803 5088 repe-

220 5091 443 5143 riuntur
490 5087 651 5141 etiam
701 5098 843 5144 notae
880 5088 1172 5145 clarissimi
1219 5090 1319 5144 viri
1363 5089 1618 5154 Bencini;
1666 5087 1801 5142 etin

221 5165 614 5229 tentinostraut
644 5157 863 5229 legenda
893 5167 1044 5225 sunt,
1064 5175 1185 5228 qua:
1214 5161 1267 5213 in
1293 5171 1417 5213 nota
1448 5161 1482 5214 5
1524 5161 1590 5213 ad
1627 5158 1801 5211 Vitam

222 5227 283 5301 8ἑ
296 5227 558 5301 Cornelii
583 5227 889 5301 paptepag.
917 5229 1039 5301 197,
1070 5227 1263 5301 eol.l2
1293 5231 1420 5283 edit.
1458 5229 1651 5301 Romae
1668 5229 1799 5301 anni

222 5241 277 5282 δ.
309 5241 558 5283 uox-nem
583 5241 735 5351 Rapa:
767 5243 889 5301 pag.
917 5241 1039 5294 un,
1070 5241 1177 5284 col.
1212 5241 1262 5287 ι.
1293 5241 1420 5311 edit.
1458 5241 1643 5283 nonne
1670 5243 1797 5282 anni

222 5298 384 5369 1725,
419 5307 554 5369 φη).
602 5338 645 5369 -Α,
681 5298 1497 5369 habenturawatrol.Latina:t.
1520 5297 1797 5363 CXXVII).

287 5368 409 5440 (42)
448 5364 507 5440 In
537 5367 703 5440 epist.
732 5367 792 5440 42
823 5370 908 5440 ad
965 5364 1447 5439 Symprnnianum,
1484 5385 1604 5440 quae
1629 5378 1802 5422 exstat

220 5436 272 5492 in
297 5434 442 5492 tom.
484 5434 859 5493 lellectionis
885 5434 1131 5493 maximae
1161 5434 1803 5506 conciliorum'ﬂispauia:

221 5509 373 5562 card.
401 5508 742 5579 d_eﬂAquirre
784 5509 1038 5563 editionis
1068 5507 1287 5579 Josephi
1336 5509 1579 5565 Catalani
1616 5508 1802 5562 llomm

222 5579 349 5631 anui
392 5577 551 5645 1755,
580 5579 643 5650 ῆι)Δ
666 5594 776 5646 quo
807 5580 920 5633 haec
946 5580 1052 5633 ait:
1080 5599 1098 5630 ι
1128 5577 1458 5635 Novatianus
1485 5580 1800 5650 martyrium

225 5663 507 5719 nunquam
550 5647 692 5719 tulit,
738 5663 837 5719 nec
881 5663 949 5703 ex
996 5649 1175 5704 verbis
1221 5650 1516 5705 beatissimi
1544 5647 1799 5719 Cypriani

227 5717 679 5789 auditumjstud,
703 5726 797 5772 aut
819 5718 1025 5789 lectum
1044 5728 1144 5784 cst,
1174 5738 1195 5772 ›
1223 5734 1342 5789 pag.
1372 5720 1496 5789 “525,
1523 5717 1673 5772 nutu.
1705 5719 1796 5772 55.

295 5787 409 5859 (Et)
449 5784 543 5843 Uti
595 5785 858 5843 habemus
906 5788 960 5844 in
1007 5788 1182 5844 l’hotii
1223 5784 1580 5855 Bibliotheca,
1617 5790 1799 5844 codice

1929 1940 2049 2000 tus,
2093 1934 2269 2003 ipsum
2313 1949 2587 2004 nunquam
2641 1934 2989 1990 damnassent
3036 1936 3278 2004 ethnici,
3320 1949 3507 2008 utpote

1927 2022 2018 2093 qui
2040 2023 2497 2092 persecutionem,
2521 2031 2581 2077 ut
2605 2022 2866 2088 diximus,
2892 2024 2944 2077 in
2962 2024 3268 2081 Catholicos
3293 2035 3501 2081 tantum

1926 2115 2290 2181 concitarint;
2321 2116 2431 2169 imo
2460 2115 2603 2169 hanc
2632 2115 2805 2185 ipsam
2842 2116 3270 2185 persecutionem
3320 2116 3499 2174 Nova-

1926 2205 2059 2260 tiani
2091 2203 2393 2268 molitione,
2416 2212 2473 2257 ut
2494 2212 2739 2259 sanctum
2772 2204 3081 2260 Cornelium
3109 2206 3211 2261 sibi
3242 2207 3497 2263 aemulum

1923 2296 1989 2351 de
2019 2294 2196 2349 medio
2241 2294 2483 2360 tolleret,
2533 2304 2862 2350 commotam
2897 2295 3063 2352 fuisse
3114 2313 3221 2352 non
3269 2299 3370 2353 levi
3413 2315 3501 2353 ra-

1924 2387 2088 2442 tionis
2118 2395 2395 2441 momento
2425 2401 2493 2441 ex
2538 2385 2699 2441 Libro
2735 2388 3031 2458 pontiﬁcali
3076 2391 3382 2461 suspicatus
3415 2401 3498 2447 est

1922 2478 2191 2533 Bencinus
2216 2478 2369 2549 (ll);
2424 2479 2570 2548 quod
2617 2494 2746 2533 sane
2785 2479 2927 2535 haud
2960 2480 3310 2537 inverisimilc
3338 2485 3497 2539 nobis

1921 2569 2153 2631 videtur,
2177 2583 2301 2622 eum
2333 2566 2667 2624 Novatianus
2708 2585 2988 2641 nunquam
3013 2611 3028 2635 ,
3066 2582 3122 2626 ut
3150 2574 3348 2629 diserte
3376 2591 3496 2631 mea

1919 2670 2010 2716 net
2048 2660 2107 2717 8.
2134 2660 2401 2717 Pacianus
2425 2662 2558 2732 (42),
2589 2662 2905 2734 martyrium
2943 2665 3204 2733 subierit;
3244 2670 3496 2736 quamvis

1920 2752 2064 2808 illius
2115 2752 2333 2808 assecla:
2384 2753 2629 2816 quasdam
2655 2754 2790 2807 Acta
2820 2754 2873 2808 in
2919 2754 3114 2825 vulgus
3162 2758 3490 2822 emiserint,

1917 2855 2038 2911 qua:
2060 2840 2420 2897 Novatianum
2453 2853 2746 2915 martyrem
2767 2844 2968 2900 obiisse
2998 2844 3198 2900 ferunt.
3230 2846 3352 2901 Iimc
3373 2863 3493 2904 mc-

1917 2932 2020 2986 ritu
2047 2932 2234 3002 rejecit
2263 2932 2322 2987 8.
2355 2932 2618 3004 Eulogius
2650 2934 3050 2991 Alexandrinus
3074 2937 3186 3008 (15)
3211 2979 3228 3004 ,
3276 2940 3369 3008 qui
3414 2956 3492 2995 se-

1917 3034 2008 3079 xto
2038 3024 2243 3080 Christi
2286 3025 2484 3080 saeculo
2522 3026 2721 3080 floruit.
2758 3026 2853 3082 llis
2887 3028 3010 3081 addi
3054 3037 3227 3098 potest
3252 3030 3500 3087 luculen-

1919 3116 2190 3171 tissimum
2223 3118 2579 3174 vetustissimi
2623 3119 2903 3189 scriptoris
2934 3120 3045 3192 (14)
3085 3123 3494 3199 testimonium,

1908 3208 2005 3278 qui
2037 3209 2138 3264 hoc
2177 3209 2368 3264 eodem
2417 3219 2659 3280 tempore
2688 3209 3112 3267 Novatianorum
3159 3213 3489 3271 dementiam

1909 3300 2109 3356 acriter
2158 3301 2453 3357 insectatus
2497 3312 2580 3357 est
2628 3303 2829 3374 insigni
2877 3303 2969 3359 illo
2999 3305 3300 3374 opusculo,
3343 3307 3489 3379 quod

1909 3394 2050 3449 inter
2100 3392 2157 3448 8.
2203 3394 2461 3466 Cypriani
2487 3395 2652 3450 dubia
2683 3398 2958 3452 recensuit
3002 3414 3165 3468 opera
3208 3399 3490 3454 Bellarmi-

1908 3502 2013 3543 nus
2040 3486 2186 3557 (45),
2214 3495 2263 3541 et
2293 3486 2564 3542 Pamclius
2609 3488 2721 3558 (46)
2769 3505 2834 3544 ac
2881 3491 3111 3546 Gravius
3158 3493 3270 3562 (17)
3312 3493 3485 3548 eidem

1910 3577 1972 3633 8.
2022 3576 2297 3649 Cypriano
2345 3580 2580 3635 tribuere
2623 3596 2732 3635 non
2761 3581 3101 3650 dubitarunt,
3138 3585 3190 3638 in
3214 3601 3322 3657 quo
3361 3601 3483 3640 cum

1907 3670 2211 3740 improbam
2238 3671 2384 3725 illam
2426 3672 2902 3729 schismaticorum
2934 3677 3282 3731 severitatem
3317 3678 3487 3747 lapsis

1904 3760 2166 3818 fratribus
2190 3763 2628 3821 communionem
2656 3768 2965 3838 negantium
3005 3769 3354 3838 perstringat,
3393 3784 3487 3822 eos

1904 3910 2144 3972 ccum,
2176 3897 2439 3972 pag._4l§_
2468 3917 2482 3952 :
2531 3917 2549 3949 ι
2572 3898 2653 3972 _At
2681 3900 2736 3953 in
2777 3910 2935 3972 sexto
2970 3900 3152 3968 (libro
3180 3902 3480 3972 Eulogius)

1905 3971 2124 4034 evertit,
2168 3968 2261 4036 qui
2296 3968 2362 4023 de
2394 3968 2692 4023 Novatiana
2726 3978 2870 4025 secta
2916 3971 3164 4026 feruntur
3210 3968 3487 4027 contini-n4

1905 4040 2095 4104 tarios,
2139 4045 2192 4091 et
2235 4038 2371 4112 falso
2416 4039 2739 4108 inscriptum
2784 4038 2976 4094 Novati
3028 4043 3267 4112 episcopi
3310 4057 3484 4097 certa-

1904 4124 2062 4174 men,
2101 4126 2120 4160 ι
2155 4117 2215 4179 e_t_
2249 4110 2371 4179 cod.
2406 4124 2654 4179 cccxxx,
2704 4124 2757 4179 p.
2808 4111 2980 4164 1622:
3033 4130 3051 4162 ι
3103 4110 3266 4167 Libro
3328 4125 3483 4167 sexto

1903 4179 2140 4257 ostendit
2172 4176 2362 4232 Novati
2393 4178 2612 4244 falsum,
2645 4176 2787 4250 quod
2836 4181 3236 4248 circumfertur,
3277 4195 3481 4256 marty-

1904 4264 2070 4314 rium,
2112 4268 2130 4300 ι
2168 4258 2272 4303 etc.

1975 4318 2088 4393 (41)
2110 4318 2315 4393 _Exstat
2336 4318 2476 4383 inter
2498 4318 2745 4393 operas.
2771 4321 3042 4393 Cypriano
3063 4322 3224 4393 vulgo
3248 4324 3479 4393 ascripta

1904 4387 1958 4441 in
1984 4382 2232 4463 :editione
2258 4387 2494 4463 Operam
2528 4382 2773 4463 ejusdem
2808 4382 2867 4447 S3
2906 4382 3186 4463 Cyprianiv
3207 4382 3480 4463 recognita

1905 4468 1958 4532 et
1986 4459 2254 4532 illustrata
2344 4455 2721 4532 Jo_annchell0
2742 4455 3035 4518 0x0|tieitsi
3066 4464 3320 4532 episcopo
3338 4455 3476 4518 vedit.

1841 4530 1879 4582 D
1909 4529 2001 4584 cit.
2032 4528 2419 4600 Amstelodami
2446 4530 2703 4600 pag._l5,
2749 4542 2803 4588 et
2854 4528 3163 4600 Itujusmodi
3219 4528 3478 4599 tractatus

1907 4600 1981 4673 ita
2023 4598 2371 4673 inscribitur;
2422 4599 2503 4651 Ad
2544 4597 3291 4673 Novatianum'hwreticunt,
3340 4605 3476 4673 quod

1905 4668 2077 4742 lapsis
2099 4686 2211 4742 spes
2238 4668 2400 4742 venia:
2428 4684 2530 4742 non
2560 4680 2637 4723 est
2661 4672 2984 4742 deneganda.

1924 4773 1941 4792 .
1976 4739 2088 4813 (45)
2128 4740 2203 4813 De
2232 4738 2574 4813 scriptoribus
2603 4738 2990 4813 ecclesiasticis,
3019 4743 3073 4796 in
3098 4741 3156 4798 S.
3189 4742 3476 4813 Cypriano,

1904 4823 1957 4878 p.
1986 4811 2048 4865 51
2069 4806 2212 4883 'edit.
2238 4806 2624 4883 Venetaranno
2652 4812 2812 4879 1728,
2845 4816 3078 4883 Uperum
3115 4806 3255 4868 tom:
3268 4806 3394 4875 Ἧι,
3423 4806 3477 4867 in

1904 4896 2034 4947 quo,
2073 4881 2240 4934 multa
2275 4880 2341 4932 de
2368 4880 2555 4934 eodem
2587 4890 2694 4936 tam
2729 4883 2781 4935 in
2812 4880 3194 4938 dissertatione
3221 4884 3478 4939 historica

1905 4965 2067 5019 quam
2098 4951 2152 5003 in
2187 4950 2561 5019 supplemento
2590 4953 2801 5006 erudite
2830 4953 3147 5007 afferuntur.

1976 5019 2087 5092 (46)
2126 5018 2661 5092 JacobusrPamelius
2690 5021 2983 5092 Brugensis
3021 5026 3073 5077 in
3108 5022 3359 5077 Flandria
3388 5039 3478 5077 ca—

1904 5091 2137 5163 nonicos
2176 5091 2694 5163 ctgarchidiaconus
2731 5091 2892 5162 opera
2946 5093 3003 5147 8.
3051 5094 3306 5163 Cypriani
3352 5110 3474 5147 cum

1906 5159 2210 5231 insignibus
2254 5161 2306 5213 i'n
2341 5176 2404 5212 ea
2438 5159 2844 5216 commentariis
2883 5159 3171 5227 evolgavit,
3212 5164 3475 5231 itttpt'esszt

1904 5229 1956 5303 in
1994 5229 2088 5303 f_ol.
2123 5230 2445 5303 Antwerpiae
2471 5246 2615 5285 anno
2644 5233 2803 5287 1568.
2855 5232 2929 5288 De
2975 5229 3301 5303 hujusmodi
3316 5247 3479 5301 opere

1904 5299 1963 5353 8.
1995 5300 2268 5372 Cypriane
2299 5302 2555 5370 ascripto,
2592 5303 2709 5356 vide
2751 5319 2871 5372 quae
2902 5299 3169 5357 habentur
3197 5317 3316 5370 pag.
3348 5299 3473 5364 151,

1903 5385 2027 5441 cap.
2046 5369 2107 5424 2.
2143 5369 2344 5424 Eadem
2369 5369 2534 5441 opera
2560 5373 2628 5426 ab
2654 5369 2954 5441 ipso'etiam
2984 5373 3309 5438 Antwerpia:
3331 5385 3482 5424 anno

1906 5440 2043 5512 1589
2084 5455 2274 5495 recusa
2307 5451 2468 5512 sunt:
2515 5440 2801 5512 legendum
2850 5444 3291 5512 supplementum
3326 5441 3477 5512 apud

1903 5508 2289 5583 _Bellartninum
2338 5511 2442 5565 loc.
2480 5508 2593 5565 cit.‘
2619 5528 2739 5583 pag.
2773 5514 2871 5572 55.
2922 5508 3011 5567 ubi
3056 5512 3176 5566 alite
3210 5508 3478 5563 editiones

1906 5580 2218 5651 hujusmodi
2246 5596 2472 5651 operum
2504 5580 2874 5637 recc-nscittur.

1973 5648 2084 5723 (l7)
2127 5648 2390 5723 Henricus
2414 5651 2645 5723 Gravius
2671 5669 2737 5706 ex
2767 5652 3245 5723 Donnitticanorutn
3275 5648 3479 5723 familia

1901 5718 2140 5790 ejusdem
2173 5719 2245 5792 VS.
2301 5722 2553 5792 Cypriani
2606 5737 2767 5791 opera
2805 5721 2970 5792 edidit
3018 5720 3254 5775 Colonia:
3293 5718 3473 5774 iit-fol.

1904 5808 2048 5849 anno
2083 5791 2253 5861 1549,
2274 5794 2328 5848 in
2351 5791 2570 5848 ’oﬂicina
2596 5791 2992 5859 Qtl(‘ﬂi'.‘llltlltil.
