3966 6344
251 304 367 372 ιδτ

1030 317 1118 372 DE
1158 315 1546 374 PORTUENSI
1586 316 1644 372 S.
1684 313 2041 370 HIPPOLYTI
2083 314 2275 369 SEDE.
2309 342 2376 354 ——
2416 311 2594 366 PARS
2632 311 2673 366 1.

3384 310 3516 395 ιδδς

238 446 457 490 tantum
493 434 561 489 ad
592 433 1009 497 Centumcellas,
1038 436 1218 489 locum
1250 436 1666 506 periucundum,
1688 435 1817 489 dor-
1844 439 1888 494 Α
1920 431 2126 496 fuerat;
2180 430 2409 500 ideoque
2459 446 2490 483 a
2533 437 2706 485 morte
2742 429 2888 485 Decii
2936 428 3001 484 ad
3037 426 3310 499 Hippolyti
3348 415 3516 519 mar-ﬁ

236 523 526 579 tuitionem
562 523 837 591 accepisse
869 523 1029 577 dicat.
1054 522 1334 579 Pearsonii
1364 524 1687 580 sententiam
1711 534 1818 579 sta-

237 616 337 668 tim
374 614 667 683 amplexus
697 623 777 667 est
800 613 995 683 Pagius
1016 614 1149 684 (6i),
1181 622 1236 669 et
1260 615 1512 685 deinceps
1536 614 1820 672 Tillemon-

234 703 346 757 tius
381 700 500 771 (62)
528 742 545 766 ,
597 711 652 755 et
684 700 877 772 Pagius
909 699 1098 754 Junior
1128 700 1272 770 (65);
1302 701 1605 757 Ceillierius
1640 710 1819 756 tamen

236 791 297 848 S.
360 792 686 847 Cornelium
742 803 1032 863 martyrem
1072 792 1277 847 obiisse
1334 794 1453 848 solo
1508 792 1818 865 Hieronymi

235 883 559 939 testimonio
593 885 824 940 credidit
848 885 981 953 (64).
1016 883 1378 954 Quapropter,
1416 894 1474 939 ut
1502 886 1569 939 ad
1608 900 1819 957 anony-

235 991 383 1029 mum
414 984 674 1030 nostrum
711 984 1068 1039 revertamur,
1113 976 1309 1029 mirum
1336 991 1467 1030 sane
1490 976 1658 1031 videri
1690 991 1818 1046 pos-

233 1075 316 1121 set
341 1065 674 1120 Africanum
728 1067 1048 1136 scriptorem
1094 1074 1490 1121 tam'accurate
1522 1067 1818 1136 exquisite-

231 1171 337 1225 que
365 1157 551 1211 sancti
577 1155 816 1211 Cornelii
838 1158 1065 1227 ejusque
1087 1159 1360 1212 sociorum
1382 1159 1725 1229 martyrium,
1755 1175 1817 1214 ac

233 1248 534 1317 ipsammet
573 1246 713 1302 Galli
745 1249 1175 1317 persecutionem
1209 1248 1485 1312 laudasse,
1525 1264 1665 1317 quin,
1715 1248 1818 1304 Pa-

230 1338 317 1407 gio
338 1336 461 1407 (65)
486 1346 646 1400 teste,
681 1336 966 1393 Africanos
989 1338 1172 1394 fideles
1194 1340 1335 1394 haud
1358 1340 1564 1394 aﬂlixit.
1589 1339 1698 1396 Nec
1717 1344 1815 1396 mi-

230 1443 347 1482 rum
371 1428 528 1498 quod
579 1430 858 1484 Romanus
881 1430 1108 1499 scriptor
1134 1429 1451 1486 Felicissimi
1485 1433 1814 1489 schismatici

229 1519 557 1574 meminisse
585 1520 857 1586 videatur;
884 1536 1008 1575 nam
1034 1518 1090 1574 8.
1113 1519 1415 1592 Cyprianus
1434 1522 1543 1592 (66)
1567 1525 1816 1593 perditis-

227 1610 351 1663 simi
376 1610 629 1665 hominis
647 1611 866 1666 fraudes
889 1626 984 1680 per
1007 1612 1262 1681 epistolas
1285 1628 1429 1668 anno
1459 1616 1727 1684 superiori
1754 1619 1807 1671 S.

225 1699 490 1756 Cornelio
511 1710 677 1771 atque
711 1702 883 1771 ipsius
909 1704 1056 1758 clero
1082 1704 1192 1773 jam
1215 1705 1572 1774 patefecerat;
1602 1707 1809 1777 ipsum-

1922 524 2119 594 tyrium
2167 537 2360 576 novem
2396 536 2613 577 menses
2647 522 3091 578 intercesserunt.
3137 518 3320 590 Neque
3350 535 3494 574 anno

1920 611 2206 682 superiori,
2255 609 2417 666 Decio
2461 609 2638 664 adhuc
2679 610 2914 674 vivente,
2952 608 3210 680 martyrio
3242 609 3493 662 coronari

1920 702 2094 772 potuit
2122 701 2440 773 Hippolytus
2473 701 2595 766 iste,
2632 715 2791 770 quem
2825 717 2994 755 unum
3026 716 3092 754 ex
3122 700 3359 769 quinque
3386 698 3493 754 illis

1925 794 2276 865 presbyteris,
2317 792 2411 863 qui
2440 791 2743 847 Novatiano
2771 807 2829 847 se
2862 793 3162 855 sociarunt,
3197 790 3365 846 fuisse
3394 807 3491 846 su-

1919 888 2227 957 spicantur;
2274 884 2619 955 presbyteros
2652 883 2796 938 enim
2821 882 2959 953 ,illos
2986 900 3170 938 mense
3200 881 3491 938 Novembri

1918 978 2160 1048 ejusdem
2199 976 2327 1030 anni
2358 976 2411 1029 in
2452 974 2743 1030 schismate
2777 974 2953 1030 adhuc
2992 975 3353 1043 permansisse
3376 974 3493 1043 epi-

1919 1069 2053 1122 stola
2108 1066 2165 1121 S.
2217 1066 2451 1121 Cornelii
2486 1066 2552 1120 ad
2607 1065 2831 1119 Fabium
2870 1065 3269 1119 Antiochenum
3308 1073 3492 1135 aperte

1919 1175 2020 1214 nos
2048 1169 2265 1223 monet;
2303 1157 2596 1227 quominus
2627 1172 2756 1212 vero
2796 1157 2970 1227 ipsum
3013 1155 3355 1228 Hippolytum
3388 1157 3492 1213 sub

1917 1250 2069 1304 Gallo
2115 1266 2332 1319 passum
2375 1249 2683 1314 credamus,
2732 1247 3089 1303 disertissima
3128 1248 3184 1303 S.
3233 1246 3490 1318 Cypriani

1914 1350 1971 1396 et
2015 1339 2365 1395 vetustissimi
2407 1339 2661 1409 anonyini
2697 1337 3001 1393 testimonia
3038 1353 3140 1393 nos
3178 1337 3487 1407 prohibent,

1915 1446 1980 1484 ex
2012 1431 2209 1500 quibus
2249 1430 2305 1483 in
2336 1429 2642 1491 Catliolicos
2690 1438 2897 1483 tantum
2937 1428 3366 1498 persecutionem
3394 1443 3492 1482 ex-

1915 1521 2134 1575 citatam
2177 1519 2346 1574 fuisse
2376 1527 2628 1589 apparet;
2684 1516 2829 1587 quod
2861 1532 2983 1572 cum
3019 1515 3491 1571 animadvertisset

1916 1610 2290 1667 Tillemontius
2312 1611 2455 1682 (70),
2498 1610 2839 1681 Hippolytum
2865 1650 2880 1673 ,
2916 1616 2973 1663 ut
3003 1608 3197 1677 inquit,
3232 1606 3491 1663 Romanm

1917 1702 2167 1758 Ecclesiae
2207 1703 2579 1772 presbyterum
2612 1742 2627 1766 ,
2685 1700 2787 1754 hac
2839 1700 3057 1769 quidem
3112 1698 3490 1767 persecutione

225 1806 332 1859 que
367 1793 545 1846 etiam
575 1793 641 1847 de
671 1792 810 1848 facie
838 1794 977 1847 idem
1000 1772 1234 1864 scriptor
1260 1811 1483 1851 noscere
1508 1798 1702 1867 potuit,
1737 1814 1803 1853 ex
1839 1772 1880 1831 Β
1912 1806 2155 1861 passum.
2188 1792 2279 1847 sed
2316 1791 2555 1846 schisma
2590 1791 2659 1845 ab
2689 1789 2807 1860 ipso
2840 1790 3105 1859 superiori
3137 1805 3283 1843 anno
3303 1790 3488 1859 ejuras

227 1896 292 1936 eo
316 1883 469 1952 quod
505 1899 697 1939 mense
728 1883 891 1940 Junio
921 1885 1084 1955 hujus
1115 1886 1245 1940 anni
1276 1884 1333 1940 8.
1370 1887 1658 1945 Cornelius
1693 1890 1805 1961 (67)

232 1992 253 2026 ι
287 1989 420 2030 cum
448 1974 687 2030 Romam
716 1977 1098 2033 schismaticus
1129 1978 1295 2033 homo
1320 1979 1559 2035 venisset
1576 1981 1807 2051 stipatus

232 2074 473 2133 caterva,
537 2076 591 2121 et
642 2066 877 2122 factione
930 2069 1370 2140 desperatorum,
1419 2072 1569 2127 illum
1628 2075 1808 2145 vigore

234 2158 390 2227 pleno
426 2156 499 2211 de
545 2156 789 2214 Ecclesia
830 2160 1054 2229 pepulit.
1106 2180 1125 2213 ι
1178 2162 1249 2217 At
1280 2178 1405 2220 cum
1435 2166 1807 2236 superioribus

234 2249 390 2304 annis
461 2250 818 2306 doctissimus
886 2253 1188 2309 monachus
1248 2254 1576 2313 Prudentius
1632 2257 1807 2314 Mara-

231 2354 329 2392 nus
364 2339 513 2411 (68),
543 2341 636 2410 qui
672 2340 729 2396 S.
766 2341 1019 2412 Cypriani
1041 2343 1217 2400 Vitam
1241 2347 1549 2419 descripsit,
1577 2366 1806 2421 eamque

227 2429 402 2498 ipsius
432 2428 709 2500 Operihus
756 2431 960 2487 Baluzii
1008 2436 1155 2493 curis
1212 2440 1509 2509 recognitis
1551 2441 1802 2511 praeﬁxit,

221 2521 368 2577 hanc
400 2523 545 2577 Galli
574 2525 1007 2593 persecutionem
1040 2527 1093 2582 in
1120 2528 1404 2586 Africanas
1426 2533 1589 2588 etiam
1623 2533 1803 2590 Eccle-

220 2612 335 2665 sias
365 2622 678 2681 grassatani
706 2628 828 2670 esse
847 2615 1253 2673 evidentissime
1275 2620 1592 2689 ostenderit,
1615 2639 1679 2679 ae
1708 2624 1806 2680 do-

215 2702 475 2756 ctissimo
519 2701 760 2760 Pamelio
802 2705 918 2762 hare
953 2712 1208 2780 anonymi
1232 2710 1417 2776 verba,
1469 2729 1489 2763 ι
1528 2722 1582 2767 et
1622 2729 1805 2769 saera-

216 2803 474 2847 mentum
501 2793 886 2865 Baptismatis,
916 2798 1061 2867 quod
1096 2800 1151 2853 in
1190 2801 1419 2856 salutem
1452 2805 1665 2874 generis
1702 2806 1803 2860 hu—

214 2886 374 2939 mani
402 2888 709 2956 provisum,
732 2900 785 2945 et
816 2891 917 2946 soli
944 2890 1199 2949 Ecclesia:
1227 2895 1434 2952 ccelesti
1473 2898 1683 2953 ratione
1715 2914 1802 2955 ce-

214 2975 440 3033 lebrare
483 2993 580 3048 per
609 2994 673 3035 os
706 2995 865 3035 suum
893 2985 1239 3051 prteostendit
1266 2985 1399 3057 (69),
1434 3006 1454 3041 ι
1492 2988 1800 3046 Africanam

1910 1892 2021 1937 tum
2073 1882 2336 1948 credidit;
2388 1882 2531 1951 quod
2584 1889 2766 1935 tamen
2820 1880 3021 1951 duplici
3084 1880 3309 1934 rationis
3364 1896 3485 1934 mo-

1909 1984 2093 2030 mento
2141 1974 2339 2030 falsum
2388 1988 2509 2029 esse
2554 1982 2733 2043 patet;
2787 1972 2965 2042 primo
2996 1973 3120 2042 quia
3157 1971 3485 2028 Prudentius

1909 2081 2019 2121 uno
2056 2066 2358 2135 eodemque
2404 2075 2647 2134 tempore
2680 2063 3029 2135 Hippolytum
3080 2064 3318 2119 sehisma
3362 2065 3482 2134 eju-

1907 2173 2058 2214 rasse
2094 2166 2148 2213 et
2196 2158 2515 2228 martyrium
2573 2157 2809 2213 subiisse
2858 2156 3037 2223 dicit;
3092 2157 3353 2220 secundo,
3415 2171 3483 2211 ex

1906 2250 2132 2320 epistola
2192 2248 2249 2305 S.
2292 2248 2550 2311 Cornelii,
2600 2263 2722 2317 quae
2761 2248 2863 2302 sub
2893 2247 3052 2302 finem
3081 2248 3322 2317 ejusdem
3354 2248 3483 2301 anni

1907 2340 2214 2409 conscripta
2264 2338 2384 2403 fuit,
2445 2339 2787 2409 apertissime
2836 2347 3048 2393 constat
3089 2342 3328 2409 quinque
3360 2338 3481 2393 illos

1906 2434 2269 2504 presbyteros,
2319 2433 2413 2503 qui
2449 2432 2738 2487 adversum
2784 2431 2959 2501 ipsum
3006 2448 3129 2486 cum
3179 2430 3482 2495 Novatiano

1904 2524 2145 2580 schisma
2185 2522 2570 2590 conflaverant,
2616 2523 2855 2579 nondum
2889 2526 3199 2595 resipuisse.
3235 2525 3483 2595 Quapro-

1904 2624 2023 2685 pter
2069 2613 2409 2686 Hippolytus,
2447 2614 2493 2670 si
2526 2630 2667 2671 unus
2697 2630 2763 2670 ex
2798 2615 2907 2671 illis
2931 2616 3055 2684 fuit,
3098 2618 3152 2672 in
3186 2619 3479 2674 schismate

1903 2713 2017 2760 toto
2048 2704 2153 2761 hoc
2181 2718 2326 2759 anno
2346 2704 2712 2774 permansisse
2735 2704 2999 2761 dicendas
3022 2718 3123 2761 est.

2009 2793 2148 2849 XVI.
2192 2793 2479 2849 Frontonis
2529 2794 2711 2851 Ducwi
2756 2798 3017 2850 sententia
3049 2797 3369 2867 exploditur.

1973 2883 2208 2955 Rejectis
2223 2885 2385 2955 igitur
2408 2885 2680 2941 Ruinartii
2702 2895 2756 2941 et
2779 2885 3107 2941 Tillemontii
3125 2888 3474 2957 conjecturis,

1904 2975 1981 3029 nil
2011 2977 2169 3030 nobis
2194 2986 2437 3046 superest
2470 2978 2765 3048 quominus
2788 2976 3133 3049 Hippolytum
3162 2979 3312 3032 illum
3339 2978 3477 3034 Pru-

222 3066 291 3121 de
308 3066 597 3137 Baptismo
626 3070 929 3127 doctrinam
959 3090 1150 3144 sapere
1176 3076 1293 3131 visa
1314 3078 1442 3145 sint,
1474 3093 1504 3132 ει
1531 3095 1638 3149 qua
1658 3097 1795 3137 sem-
1826 3104 1871 3167 ο
1905 3069 2071 3124 dentii
2116 3070 2451 3126 carminibus
2484 3069 2915 3137 celeberrimum,
2943 3070 3319 3126 vetustissimae
3341 3070 3476 3125 Por-

223 3175 337 3233 per.
354 3158 606 3216 Romana
632 3163 915 3220 abhorruit
941 3165 1212 3235 Ecclesia;
1236 3168 1522 3227 Africanus
1550 3172 1671 3228 ideo
1699 3174 1800 3229 hu-

222 3250 379 3319 jusee
403 3253 658 3321 opusculi
689 3266 880 3311 auctor
911 3257 1170 3314 dicendus
1192 3260 1314 3315 erit.
1348 3259 1453 3317 Sed
1481 3264 1564 3317 his
1595 3265 1799 3332 missis,

225 3343 291 3396 ad
326 3341 679 3415 Hippolytum
721 3355 967 3402 nostrum
999 3349 1193 3404 iterum
1220 3366 1277 3406 se
1298 3361 1576 3409 convertat
1603 3356 1796 3420 oratio,

224 3446 386 3499 quem
419 3448 558 3489 sane
580 3448 645 3489 ex
676 3435 782 3499 his,
816 3452 936 3505 quae
960 3437 1242 3509 hucusque
1262 3439 1681 3511 disputavimus,
1703 3461 1800 3499 nec

226 3518 391 3586 Decii,
458 3538 565 3578 nec
622 3523 758 3579 Galli
814 3529 1190 3595 persecutione
1243 3532 1561 3602 martyrium
1616 3535 1799 3590 subire

222 3612 491 3680 potuisse,
541 3623 600 3667 ut
647 3614 913 3672 hactenus
962 3618 1104 3673 docti
1140 3619 1243 3675 viri
1274 3623 1639 3692 crediderunt,
1687 3640 1796 3681 non

221 3700 457 3756 obscure
510 3719 612 3758 nos
674 3706 935 3775 probasse
1005 3710 1354 3767 arbitramur.
1419 3712 1676 3771 Bailettus
1742 3726 1792 3772 et

221 3787 530 3846 Ceillierius
559 3792 735 3862 ipsum
782 3792 966 3850 Idibus
1020 3795 1247 3866 Augusti
1281 3812 1426 3854 anno
1463 3799 1663 3855 Christi
1688 3800 1797 3857 252

221 3898 446 3953 passum
494 3884 601 3940 sub
634 3883 797 3940 Decio
841 3888 1060 3955 dicunt;
1096 3890 1189 3944 sed
1229 3890 1341 3960 jam
1386 3890 1584 3949 Decius
1611 3909 1796 3950 mense

218 3968 516 4031 Novembri
541 3975 669 4030 anni
710 3979 1028 4047 superioris,
1053 3990 1113 4035 ut
1145 3980 1404 4047 diximus,
1436 3982 1793 4055 interemptus

217 4125 656 4207 Papebrochiy'm
686 4128 863 4185 inAct.
894 4143 1201 4207 scaenarum
1224 4136 1427 4193 mensis
1457 4136 1656 4206 Aprilis
1686 4148 1724 4194 t.
1748 4139 1788 4205 1,

215 4213 268 4320 ἓ.
294 4194 377 4252 Ξῖ)
406 4197 541 4251 edit.
561 4194 778 4278 .Venque
806 4216 894 4256 an.
928 4202 1091 4287 17.37.:
1117 4223 1136 4255 ι
1166 4194 1521 4287 Cornelius":
1539 4219 1659 4277 post
1688 4194 1790 4291 hoc

257 4267 606 4320 entumcellts
649 4271 946 4320 exnulsus_
1004 4275 1076 4320 lhl
1121 4290 1245 4320 cum
1292 4278 1456 4320 alnrm
1495 4279 1785 4320 ιΙηιιιηίιιη-

240 4267 606 4347 Ientumcellis
649 4271 907 4339 expulsus
932 4314 947 4339 ,
1004 4274 1076 4328 ibi
1121 4290 1245 4329 cum
1291 4278 1458 4347 gloria
1495 4267 1785 4335 dormitio-

213 4352 336 4390 nem
367 4347 605 4405 accepit.
641 4356 660 4389 ι

211 4484 345 4530 ιοω.
378 4478 449 4528 in
477 4478 572 4529 cit.
604 4516 619 4540 ,
647 4492 702 4546 p.
738 4478 824 4531 17.
1055 4478 1061 4480 '

279 4545 400 4625 (62)
412 4544 542 4625 _Cit.
559 4556 690 4625 tom.
704 4546 800 4625 Ill,
818 4564 872 4618 p.
894 4549 1015 4625 7M,
1035 4549 1205 4625 N_ote_s
1221 4569 1316 4608 sur
1337 4556 1478 4610 saint
1493 4555 1780 4625 Corneille,

210 4625 336 4698 pote
517 4631 613 4669 sur
647 4619 733 4698 les
772 4616 933 4675 Actes
962 4623 1027 4676 de
1063 4620 1121 4676 8.
1148 4623 1436 4693 Corneille,
1470 4628 1518 4681 le
1553 4626 1700 4698 jour,
1735 4616 1781 4684 le

209 4684 398 4755 lieuet
427 4685 477 4755 lg
506 4699 669 4755 genre
690 4687 757 4741 de
782 4704 842 4741 sa
876 4701 1034 4745 mort.

275 4754 397 4822 (65)
431 4752 759 4812 Franciscus
791 4756 921 4822 Pagi
955 4761 1009 4814 in
1038 4760 1310 4816 Breviario
1353 4764 1782 4822 historico-chro-

206 4824 672 4908 uotegico-critico
699 4824 1019 4908 pggtifcunr
1043 4831 1422 4908 Romanorum,
1458 4845 1497 4890 t.
1523 4835 1574 4908 Vl,
1607 4853 1661 4908 p.
1686 4838 1777 4903 27,

205 4892 347 4975 edit.
394 4892 954 4975 Lu.e:1a_an.'l729:c
987 4900 1226 4975 Sanetus
1272 4902 1362 4959 hic
1384 4892 1626 4975 pontifei
1675 4892 1776 4963 sub

205 4962 364 5034 Gallo
390 4973 442 5018 et
473 4961 772 5020 Volusiano
796 4969 1183 5026 Centumcellis
1214 4972 1266 5025 in
1298 4961 1493 5030 exsilio
1524 4961 1662 5032 obiit
1682 4961 1779 5034 die

204 5047 293 5087 xrv
328 5031 938 5115 Septembrisejusdem
967 5055 1059 5095 an.
1083 5041 1211 5115 252,
1245 5053 1529 5115 postquam
1553 5031 1775 5115 annum,

202 5117 426 5177 menses
451 5112 563 5177 t_res
581 5114 638 5177 et
658 5106 771 5162 dies
794 5108 1001 5177 aliquot
1031 5106 1280 5167 sedisset.
1324 5132 1344 5165 ι

270 5172 415 5251 (64)-
452 5172 663 5243 8ωρὶυδ
718 5180 811 5232 cit.
881 5172 1015 5234 tom.
1057 5180 1123 5245 ll,
1170 5198 1291 5251 pag.
1357 5184 1482 5250 585,
1530 5195 1655 5241 nota
1691 5188 1719 5241 ὁ
1759 5209 1773 5242 :

207 5260 228 5295 ι
270 5242 804 5322 Quelquesauteurs
829 5258 925 5302 ont
944 5266 1051 5322 cru
1076 5242 1186 5322 que
1206 5242 1350 5307 saint
1369 5242 1637 5311 Cor'neille
1662 5259 1777 5312 n'a-

202 5316 313 5390 vait
357 5330 459 5390 pas
493 5314 586 5368 fini
619 5331 678 5369 sa
702 5318 789 5390 vie
819 5334 914 5387 par
942 5320 987 5374 le
1016 5314 1287 5390 supplice;
1335 5326 1474 5380 mais
1502 5329 1646 5381 saint
1685 5326 1773 5383 Jé-

200 5385 357 5439 rdine
382 5384 467 5438 dit
484 5384 894 5460 expressément
920 5391 1051 5460 qu‘il
1079 5384 1326 5460 repandit
1358 5395 1774 5452 heureusemeift

203 5467 302 5529 son
340 5469 479 5529 sang
510 5454 770 5521 a'Rome,
801 5470 853 5511 et
891 5454 995 5514 non
1032 5460 1061 5514 ἐι
1104 5454 1559 5529 Civita-Veechia,
1601 5467 1671 5521 oh
1703 5483 1773 5522 on

201 5523 613 5605 préteuti'que‘
644 5542 706 5580 ce
755 5528 896 5605 saint
949 5531 1098 5605 avait_
1149 5533 1234 5605 été
1275 5536 1481 5605 envoyé
1524 5523 1591 5590 en
1643 5539 1771 5603 exil,

203 5595 438 5716 :xslsitr’it
490 5594 652 5665 aprés
702 5598 832 5667 qu’il
880 5609 969 5655 eut
1012 5600 1193 5657 refusé
1250 5609 1317 5658 de
1376 5594 1619 5662 sacriﬁer
1668 5594 1774 5663 aui

261 5679 398 5716 oes.
440 5682 459 5716 ι

206 5677 375 5717 [GOIBS
383 5703 398 5714 .
440 5682 459 5716 ι

274 5734 388 5804 (65)
422 5733 503 5791 Ad
525 5734 731 5791 dictum
753 5737 982 5804 an.2£i5,
1010 5755 1155 5795 num.
1192 5741 1277 5810 18,
1307 5758 1359 5814 p.
1392 5744 1461 5798 20
1483 5755 1535 5802 et
1556 5748 1645 5817 2i,
1665 5751 1767 5805 loc.

1907 3162 2118 3217 tuensis
2160 3163 2305 3217 sedis
2353 3163 2648 3220 antistitem
2691 3161 2863 3218 fuisse
2910 3163 3206 3219 credimus.
3256 3163 3315 3219 Id
3343 3178 3475 3218 sane

1901 3262 2025 3321 post
2046 3252 2338 3307 Baronium
2367 3262 2512 3309 recte
2544 3262 2733 3310 nostro
2765 3255 2982 3323 quidem
3014 3255 3220 3324 judicio
3241 3255 3474 3326 conjecit

1901 3342 2105 3398 Fronto
2136 3343 2364 3400 Ducaeus
2391 3345 2524 3416 (71).
2559 3347 2619 3400 ln
2650 3361 2715 3400 eo
2751 3355 2930 3401 tamen
2966 3357 3152 3417 peccat
3180 3348 3470 3404 clarissimi

1902 3434 2002 3489 viri
2030 3435 2331 3497 sententia.
2378 3435 2522 3506 quod
2559 3452 2587 3490 a
2622 3434 2917 3493 Prudentia
2952 3439 3173 3493 unicum
3208 3437 3469 3510 Hippoly-

1899 3531 2014 3578 tum
2038 3523 2317 3578 lauilatum
2334 3527 2630 3590 censuerit,
2659 3542 2914 3597 magnum
2937 3542 3132 3599 nempe
3153 3528 3466 3598 episcopum

1896 3624 1951 3669 et
1979 3626 2292 3686 martyrem,
2321 3630 2558 3686 eumque
2596 3615 2801 3671 ideirco
2844 3619 3148 3673 Novatiano
3176 3621 3469 3676 schismate

1898 3704 2265 3775 inquinatum,
2301 3715 2414 3760 tota
2448 3706 2574 3761 licet
2608 3708 2938 3763 reclamante
2980 3710 3324 3780 antiquitate,
3370 3728 3468 3767 aus

1897 3795 2141 3849 tumarit.
2173 3793 2435 3851 Frontoni
2473 3796 2529 3851 in
2555 3798 2657 3853 hac
2685 3813 2744 3853 re
2768 3798 2940 3854 facem
2966 3801 3201 3869 praetulit
3229 3800 3466 3858 Joannes

1895 3884 2115 3956 Langus
2171 3885 2285 3957 (72)
2332 3885 2704 3954 Erfurdensis,
2761 3890 2972 3959 primus
3024 3890 3280 3946 Historiw
3310 3891 3464 3949 Nice-

1892 3979 2051 4049 phori
2073 3977 2268 4043 editor,
2299 3980 2415 4050 qui,
2452 3995 2575 4036 cum
2608 3982 2827 4037 notulas
2850 3983 2972 4037 illas
3002 3983 3069 4037 ad
3094 3999 3219 4038 mox
3248 3984 3463 4041 laudata

1891 4139 2009 4212 eit_.,
2062 4146 2117 4193 et
2166 4155 2318 4194 num.
2367 4140 2431 4195 l9
2487 4158 2500 4193 :
2559 4159 2578 4191 ι
2623 4138 2729 4195 Sed
2772 4155 2872 4196 nec
2913 4157 2978 4196 ea
3023 4138 3370 4212 (persecutio)
3405 4142 3460 4197 in

1889 4206 2072 4265 Afi'ica
2107 4220 2372 4278 grassata.
2412 4228 2431 4260 ι

1960 4280 2097 4351 (66)(
2132 4280 2185 4334 Id
2243 4280 2420 4350 ipsum
2466 4288 2697 4351 testatur
2746 4278 3161 4351 SACyprianus
3200 4281 3358 4351 epist.
3390 4282 3461 4339 45

1888 4347 2142 4404 Cornelio
2165 4347 2315 4419 papa:
2341 4352 2468 4404 data
2497 4366 2549 4419 p.
2586 4349 2691 4404 252
2726 4368 2739 4404 :
2771 4369 2789 4402 ι
2824 4347 3015 4407 Melius
3042 4347 3247 4414 autem,
3273 4353 3457 4420 frater,

281 4406 401 4528 (612
450 4404 535 4486 Ad
570 4422 663 4461 an.
697 4406 901 4464 Christi
942 4409 1069 4480 255,
1094 4427 1246 4467 num.
1284 4414 1351 4468 15
1379 4414 1576 4474 Annal.
1599 4420 1779 4474 eccles.
1816 4444 1859 4498 ο
1888 4420 2049 4480 scies,
2085 4420 2131 4474 si
2166 4404 2333 4475 etiam
2375 4404 2619 4490 exempla
2664 4404 3458 4503 litteraruin,‘quasaditele:

281 4491 345 4529 at.
405 4474 449 4528 11
477 4484 572 4529 ett.
604 4516 619 4529 .
647 4492 702 4529 n.
738 4478 824 4529 17.
1887 4489 2089 4529 σρηιιεη
2115 4505 2213 4529 nrn
2235 4491 2522 4529 ιΙίΙρΜίηημ
2561 4505 2835 4529 οηηηηιιιη.
2881 4508 2975 4529 amr
3005 4491 3363 4529 [τιμιιιιηηιηηι
3406 4504 3456 4529 ..ι

1921 4489 2089 4561 endas
2115 4505 2213 4558 pro
2235 4491 2522 4545 dilectione.
2561 4492 2839 4545 communi
2880 4508 2975 4561 per
3005 4489 3365 4547 Chaldonium
3406 4504 3460 4547 et

1928 4568 2242 4631 ortunatum
2307 4561 2544 4631 collegas
2576 4571 2814 4631 nostros
2876 4563 3122 4631 proxime
3178 4564 3456 4630 miseram,

1882 4644 2006 4703 qua:
2025 4630 2099 4703 _de
2119 4631 2321 4703 eodem,
2340 4629 2681 4686 Felicissimo
2701 4639 2755 4685 et
2774 4631 2843 4685 de
2870 4629 3184 4703 presbytero
3210 4629 3456 4702 ejusdem

1884 4698 2197 4773 adclerum
2238 4700 2363 4773 istic
2395 4710 2645 4773 nostrum
2678 4710 2732 4755 et
2762 4702 2828 4755 ad
2856 4698 3065 4771 plebem
3103 4698 3451 4773 scripseram,

1880 4769 1985 4840 legi
2021 4770 2130 4823 illic
2166 4769 2431 4826 fratribus
2458 4771 2654 4840 jubeas
2676 4811 2692 4835 ,
2736 4769 2939 4840 quaeet
2976 4769 3373 4828 ordinationem
3402 4769 3458 4829 et

1881 4839 2149 4914 rationem
2178 4840 2259 4894 rei
2298 4839 2470 4914 gestas
2509 4839 2803 4914 loquantur
2831 4880 2847 4905 ,
2891 4853 2951 4896 tit
2982 4853 3091 4897 tam
3120 4844 3245 4899 istic
3288 4860 3452 4914 quam

1882 4907 1999 4979 illic,
2038 4909 2182 4979 circa
2230 4907 2415 4964 omnia
2454 4925 2548 4979 per
2582 4907 2688 4964 nos
2721 4911 3031 4966 fraternitas
3064 4907 3382 4968 instruatur.
3428 4933 3447 4966 ι

1953 4977 2066 5046 (67)
2103 4977 2236 5034 Vide
2260 4981 2327 5035 de
2361 4977 2471 5035 hac
2492 4981 2723 5051 recpist.
2748 4980 2803 5036 S.
2835 4982 3092 5052 Cypriani
3120 4983 3211 5050 59,
3236 5000 3291 5054 p.
3323 4984 3450 5039 259.

1948 5049 2063 5121 (68)
2098 5048 2227 5121 Pas-
2275 5049 2369 5105 66-
2466 5120 2471 5121 ν
2554 5120 2557 5121 ,
2658 5120 2663 5121 ν

1993 5053 2063 5119 ἱ8)
2098 5053 2227 5119 Pag.
2275 5053 2369 5105 66.

1951 5118 2068 5190 (69)
2102 5118 2240 5174 Sunt
2267 5120 2431 5175 verba
2463 5120 2629 5189 ipsius
2654 5120 2843 5176 incerti
2875 5122 3111 5178 auctoris
3134 5123 3187 5176 in
3216 5130 3449 5180 tractatu

1878 5186 1968 5241 Ad
2016 5186 2376 5244 Novatianum
2419 5186 2719 5261 Inireticuim
2774 5194 3025 5260 superius
3080 5194 3265 5258 citato,
3328 5210 3452 5261 qum

1879 5267 2099 5329 exstant
2141 5276 2194 5329 p.
2231 5261 2296 5314 16
2332 5261 2424 5314 cit.
2461 5261 2589 5315 edit.
2636 5260 2875 5316 Videnda
2909 5280 3029 5328 qua:
3068 5264 3134 5317 ad
3185 5260 3451 5316 hunc'lo-

1880 5343 2002 5453 enim
2026 5328 2305 5452 lParnelius
2345 5331 2401 5384 in
2435 5346 2535 5385 sua
2558 5330 2792 5400 Operum
2828 5331 2885 5388 S.
2921 5333 3176 5404 Cypriani
3210 5333 3449 5387 editione

1880 5415 1908 5452 a
1951 5414 2021 5451 no
2046 5409 2175 5453 avrt.

1878 5401 2175 5453 adnotavit.

1948 5468 2061 5541 (70)
2088 5467 2148 5541 In
2176 5469 2343 5525 citato
2370 5477 2501 5524 tom.
2535 5469 2621 5534 Ill,
2651 5486 2771 5541 pag.
2806 5471 2929 5541 468.

1949 5538 2064 5659 (λς)
2114 5537 2172 5593 In
2216 5541 2307 5596 cit.
2361 5541 2484 5596 libr.
2544 5558 2592 5594 vi
2652 5537 2801 5595 Ηίῖςι.
2868 5540 3156 5610 Nicephori
3210 5539 3443 5608 Callisfr,

1962 5630 2011 5659 ι).
2034 5630 2087 5659 ὲ).

1916 5648 1930 5663 .
1962 5609 2087 5663 595.

1876 5624 2137 5747 ν’(ῗῐῗὶῖῖη
2162 5680 2254 5734 lib.
2286 5696 2357 5744 IV,
2388 5698 2507 5749 cap.
2533 5679 2625 5750 51,
2653 5681 2796 5750 quod
2824 5679 3168 5734 inscribitur:
3206 5680 3283 5736 De
3310 5679 3447 5749 Hip—

1874 5750 2049 5818 polyto
2096 5750 2290 5805 Portus
2328 5752 2555 5805 civitatis
2602 5749 2779 5807 Itonia?
2827 5761 2873 5804 ct
2928 5756 2988 5805 dc
3040 5751 3251 5824 scriptis
3308 5754 3442 5820 ejus.
