3966 6344
172 407 287 462 ηδ

996 401 1082 456 DE
1122 397 1513 455 PORTUENSI
1554 397 1611 453 S.
1652 390 2013 451 HIPPOLYTI
2054 389 2244 444 SEDE.
2286 420 2356 430 —
2392 383 2574 443 PARS
2604 383 2646 437 1.

3254 358 3424 437 ’με

173 537 324 585 uani,
386 521 492 575 hac
517 521 748 591 epistola
781 522 849 576 ab
874 518 1160 593 Hippolyto
1183 517 1562 589 compellatam
1596 515 1754 571 dicti-
1783 519 1828 575 Α
1856 520 1946 566 tus
1985 523 2185 564 munus
2210 506 2455 562 relictum
2482 502 2621 570 fuit;
2652 512 2983 573 quapropter
3008 500 3323 593 episcopum
3360 500 3426 593 il-

177 614 334 676 tarit,
390 613 547 668 nullo
572 612 792 683 quidem
820 622 979 677 teste,
1027 613 1141 667 imo
1167 620 1354 668 contra
1392 609 1756 680 antiquissimi

1859 605 1993 666 lum,
2023 615 2184 671 quem
2225 598 2294 653 ad
2334 597 2596 652 unitatem
2637 594 2892 650 Ecclesiae
2934 592 3162 648 rediisse
3205 592 3334 647 dicit
3367 590 3427 646 S.

176 704 427 759 laterculi
460 703 648 771 fidem,
691 720 849 775 quem
896 706 1011 775 ipse
1045 704 1101 759 in
1133 701 1479 759 secernendis
1505 700 1757 772 genuinis
1857 692 2165 756 Cornelius,
2200 691 2270 745 ab
2317 688 2605 759 Hippolyto
2647 694 2833 741 nostro
2877 700 3104 755 prorsus
3153 684 3429 775 diversum

177 793 459 866 Hippolyti
487 796 765 864 Operibus,
793 796 956 851 veluti
979 796 1306 851 tutissimam
1337 808 1606 855 normam,
1638 807 1760 873 per-

178 894 343 956 petuo
401 887 561 956 sequi
604 888 742 942 velle
782 896 1033 943 testatur.
1075 886 1405 957 Hippolytus
1434 887 1617 954 itaque
1654 876 1759 937 No-

181 975 535 1031 vatianorum
566 978 901 1047 temporibus
951 992 1234 1047 superesse
1260 978 1458 1048 potuit.
1513 975 1763 1030 Novatia-

183 1068 267 1121 nis
297 1077 493 1122 tamen
522 1067 728 1125 favisse
757 1084 864 1124 non
893 1070 1123 1125 obscure
1171 1069 1435 1124 indicaret
1461 1067 1518 1124 S.
1552 1067 1760 1122 Come-

181 1159 287 1214 lius
318 1158 480 1230 (21),
540 1159 596 1213 in
622 1161 848 1230 epistola
875 1162 940 1216 ad
976 1160 1202 1216 Fabium
1239 1160 1658 1222 Antiochenum,
1707 1160 1761 1213 in

186 1264 289 1319 qua
339 1258 460 1305 tres
503 1249 791 1320 episcopos
829 1249 1189 1306 Novatianum
1240 1253 1524 1308 ordinasse
1556 1259 1762 1317 narrat,

181 1354 429 1408 quorum
479 1355 653 1393 unum
705 1340 917 1409 eiurato
964 1342 1309 1411 postmodum
1359 1342 1651 1398 schismate
1695 1341 1763 1395 ad

186 1430 643 1486 communionem
697 1430 1023 1488 catholicam
1068 1434 1295 1490 rediisse
1337 1434 1548 1497 scribit,
1575 1448 1764 1504 quem-

1859 785 2030 842 fuisse
2052 782 2375 838 firmandum
2404 788 2506 835 est.
2531 778 2607 834 De
2634 792 2701 833 eo
2731 786 2933 842 tamen,
2963 777 3217 846 quisnam
3244 774 3429 839 fuerit,

1860 893 1969 934 non
2019 891 2128 932 una
2171 884 2255 931 est
2302 873 2639 928 eruditorum
2670 870 2953 925 sententia.
2984 867 3248 924 Henricus
3277 866 3432 922 Vale-

1862 967 1976 1023 sius
2007 966 2118 1038 (26)
2149 964 2502 1035 Trophimum
2556 962 2725 1016 fuisse
2773 959 3026 1030 coniecit.
3062 959 3276 1014 Valesio
3320 973 3432 1012 non

1862 1061 2214 1120 subscribunt
2260 1055 2636 1112 Tillemontius
2671 1054 2785 1122 (27)
2834 1060 2889 1106 et
2927 1050 3121 1105 Petrus
3161 1049 3431 1104 Constan-

1863 1156 1972 1211 tius
2001 1153 2133 1225 (28),
2164 1167 2230 1206 eo
2258 1151 2384 1221 quia
2408 1148 2737 1219 Trophimus
2761 1145 2831 1198 ob
2857 1144 3174 1198 idololatria:
3202 1142 3432 1206 crimen,

1865 1263 1971 1302 non
1990 1245 2134 1316 quod
2161 1242 2482 1299 Novatianis
2511 1238 2822 1301 adhteserit,
2849 1253 2913 1290 ex
2939 1234 3231 1305 episcopali
3261 1232 3434 1303 gradu

1863 1339 2144 1411 depulsus,
2173 1335 2310 1390 laica
2346 1341 2555 1388 tantum
2584 1329 2967 1386 communione
3000 1336 3285 1397 susceptus
3314 1324 3432 1380 fuit.

1864 1435 2018 1500 Acta,
2044 1446 2165 1503 quae
2190 1425 2554 1485 confessionis
2582 1422 2863 1478 Novatiani
2900 1421 3117 1475 titulum
3144 1417 3439 1488 praeferunt

183 1536 284 1589 que
312 1519 675 1593 Hippolytum
711 1533 959 1579 nostrum
985 1522 1174 1590 fuisse,
1202 1540 1307 1580 non
1339 1526 1509 1580 levem
1532 1523 1766 1581 fortasse
1865 1526 2007 1597 apud
2034 1522 2288 1577 Photium
2323 1519 2458 1591 (29),
2489 1514 2800 1571 Marcellum
2844 1522 2898 1568 et
2924 1512 3290 1567 Alexandrum
3320 1510 3437 1580 epi-

186 1612 469 1682 quispiam
522 1614 886 1683 suspicionem
931 1616 1132 1671 habere
1182 1626 1381 1686 posset.
1428 1615 1533 1671 Sed
1557 1632 1680 1672 cum
1705 1616 1762 1671 S.
1866 1632 2062 1687 scopos
2091 1613 2488 1684 Aquileienses,
2518 1621 2572 1665 et
2598 1608 3058 1680 Agamemnonem
3092 1603 3437 1659 Tiburtinum

183 1700 482 1758 Cornelius
528 1705 812 1774 episcopos
857 1706 980 1761 illos
1008 1707 1198 1775 exigua
1226 1717 1279 1761 et
1302 1709 1558 1761 vilissima
1588 1706 1767 1763 Italia:
1866 1709 2179 1778 episcopum
2205 1720 2329 1760 cum
2357 1701 2660 1756 Novatiano
2691 1699 2760 1754 ab
2804 1697 2937 1768 ipsis
2964 1697 3214 1751 ordinato
3242 1696 3298 1748 in
3332 1711 3439 1748 una

182 1800 358 1860 Ρστιεν
416 1800 586 1865 atque
629 1810 694 1850 ex
748 1795 1029 1853 vilioribus
1075 1799 1286 1868 oppidis
1342 1797 1766 1856 Novatianorqu
1801 1853 1839 1868 ἢ
1868 1800 2147 1865 eademque
2178 1794 2404 1853 «rdicula
2431 1794 2497 1848 ab
2522 1794 2651 1861 ipsis
2672 1801 2977 1846 constructa
3010 1789 3335 1843 cohabitasse
3363 1787 3441 1855 fc-

187 1891 479 1945 molitione
514 1890 715 1946 accitos
744 1892 906 1959 dicat,
937 1908 1143 1964 eosque
1180 1896 1413 1950 homines
1438 1897 1591 1967 plane
1613 1906 1767 1954 rudes

1881 1901 2013 1946 runt.
2044 1888 2426 1944 Tillemontius
2480 1895 2661 1940 tamen
2708 1883 2903 1937 merito
2952 1882 3148 1935 horum
3177 1880 3439 1934 Actorum

190 1999 248 2034 ac
270 1982 551 2053 sianpliccs
584 1984 852 2051 nominat,
886 1985 1068 2041 nullus
1092 1986 1213 2042 ideo
1240 1987 1553 2057 huiusmodi
1585 1990 1769 2060 conje-

194 2085 361 2130 ctura:
392 2075 554 2129 locus
579 2089 703 2129 esse
732 2075 910 2141 debet,
953 2092 1078 2132 cum
1122 2077 1238 2133 haec
1261 2077 1549 2151 Hippolyto
1583 2090 1770 2137 nostro

201 2165 523 2234 neutiquam
573 2166 863 2221 convenire
907 2167 1138 2236 possint.
1187 2167 1505 2240 Hippolytus
1536 2172 1679 2226 enim
1713 2172 1770 2226 in

201 2256 559 2310 nobilissima:
592 2253 759 2311 italiae
800 2257 1081 2326 provincia
1132 2259 1526 2331 notissimaque
1553 2261 1607 2315 in
1637 2262 1771 2317 urbe

198 2351 578 2417 episcopatum
627 2348 882 2414 obtinuit,
930 2366 1165 2420 eumque
1210 2360 1358 2407 tanta
1401 2353 1660 2410 doctrinae
1707 2371 1771 2411 ac

197 2438 480 2508 sapientia:
523 2438 685 2494 laude
731 2439 985 2496 ﬂoruisse
1008 2442 1223 2512 egregia
1261 2443 1437 2513 ipsius
1460 2446 1661 2516 scripta
1692 2453 1773 2500 te-

194 2539 433 2596 stantur,
465 2539 527 2584 ut
550 2530 929 2589 Theodoretus
965 2533 1078 2604 (22)
1119 2532 1464 2607 Hippolytum
1497 2537 1637 2593 inter
1666 2540 1774 2609 spi-

194 2622 421 2675 risuales
475 2623 815 2677 recensuerit
866 2624 1058 2693 fontes,
1111 2641 1179 2681 ex
1223 2627 1422 2697 quibus
1453 2631 1774 2699 evangelica:

191 2711 443 2767 veritatis
488 2711 585 2765 lux
636 2712 909 2768 uberrime
936 2716 1193 2772 manavit.
1247 2716 1473 2773 Demum
1509 2720 1557 2775 si
1598 2718 1775 2775 Nova-

190 2804 364 2858 tianis
408 2818 655 2872 unquam
685 2803 910 2859 favisset
950 2804 1294 2880 Hippolytus,
1330 2826 1394 2865 ac
1416 2820 1603 2881 postea
1635 2812 1777 2869 resi-

190 2895 433 2965 puisset,
460 2895 759 2965 episcopali
788 2895 970 2951 statim
994 2898 1186 2954 ordine
1206 2898 1467 2968 deiectus,
1496 2903 1633 2958 laica
1662 2913 1776 2958 tan-

189 2995 310 3039 tum
340 2986 734 3041 communione
763 2996 1023 3057 exceptus
1056 2988 1269 3057 fuisset,
1322 2991 1479 3060 juxta
1505 2994 1774 3064 rigidissi-

188 3093 345 3132 mam
380 3077 534 3132 illius
565 3078 665 3133 Levi
695 3078 1064 3149 disciplinam,
1112 3097 1277 3151 quam
1306 3084 1464 3139 nobis
1491 3084 1562 3140 ob
1586 3087 1775 3142 oculos

1869 1983 2028 2038 fidem
2078 1988 2385 2050 suspectam
2436 1978 2598 2031 habet
2626 1975 2739 2046 (50)
2774 1993 2787 2028 :
2822 1975 3021 2044 primo,
3067 1972 3196 2042 quia
3237 1972 3291 2025 in
3333 1984 3442 2025 una

1868 2076 2165 2145 eademque
2208 2075 2342 2127 urbe
2391 2072 2529 2127 duos
2570 2070 2854 2140 episcopos
2886 2066 3158 2122 exstitisse
3185 2072 3445 2133 repugnet

1870 2165 2103 2231 rationi;
2146 2163 2405 2222 secundo.
2429 2162 2556 2232 quia
2587 2160 2645 2215 S.
2677 2159 2966 2215 Cornelius
3000 2158 3286 2228 episcopos
3320 2156 3442 2208 illos

1868 2273 1936 2313 ex
1966 2271 2072 2311 una
2107 2256 2425 2324 eademque,
2456 2269 2629 2323 eaque
2659 2251 3069 2316 obscurissima,
3098 2248 3264 2303 Italiae
3293 2256 3445 2317 parte

1871 2351 2074 2407 accitos
2117 2348 2272 2415 dicit,
2304 2361 2425 2417 quae
2469 2346 2537 2401 de
2574 2344 2904 2415 Aquileiensi
2933 2353 2989 2399 et
3015 2342 3300 2397 Tiburtino
3332 2340 3446 2409 epi-

1872 2441 2053 2511 scopis
2085 2448 2237 2495 tanto
2282 2446 2547 2493 terrarum
2577 2437 2862 2492 intervallo
2892 2436 3031 2490 inter
3059 2451 3117 2491 se
3145 2434 3354 2489 dissitis
3381 2450 3446 2489 ac

1872 2531 2190 2586 notissimas
2231 2527 2395 2583 Italia:
2436 2526 2591 2582 sedes
2622 2524 3010 2590 obtinentibus,
3046 2537 3205 2578 nemo
3232 2523 3444 2593 uspiam

1872 2621 2153 2692 intelliget.
2176 2618 2251 2673 De
2282 2619 2385 2673 hac
2409 2633 2467 2672 re
2492 2616 2860 2672 consulendus
2887 2623 2971 2670 est
2997 2615 3162 2669 etiam
3189 2615 3271 2669 vir
3294 2628 3445 2669 sum-

1874 2729 1997 2769 mus
2011 2711 2248 2767 Joannes
2272 2710 2579 2765 Bernardus
2604 2709 2671 2763 de
2697 2707 2901 2763 Rubeis
2919 2707 3028 2778 (51)
3055 2707 3108 2761 in
3139 2706 3446 2760 Monumen-

1877 2807 1944 2860 tis
1978 2804 2228 2859 Ecclesia:
2258 2802 2627 2873 Aquileiensis,
2645 2801 2697 2854 in
2730 2800 2930 2870 quibus
2959 2799 3176 2854 lictitios
3204 2799 3304 2854 hos
3331 2798 3449 2868 epi-

1877 2914 2072 2969 scopos
2098 2913 2129 2952 e
2156 2897 2327 2953 sacris
2367 2895 2747 2950 vetustissimae
2792 2893 2939 2948 illius
2966 2891 3223 2948 Ecclesia:
3266 2894 3447 2961 dipty-

1877 2990 1998 3046 chis
2031 2989 2226 3043 merito
2251 2987 2467 3043 delevit.
2501 2986 2609 3041 Nec
2635 2985 2933 3055 quidquam
2960 2982 3251 3039 Frontonis
3291 2982 3449 3052 prod-

1877 3096 1997 3137 esse
2034 3087 2265 3151 possunt
2311 3078 2591 3135 sententiae
2640 3078 2755 3131 haec
2806 3073 3093 3145 Nicephori
3123 3072 3233 3144 (52)
3261 3072 3446 3138 verba,

188 3173 353 3241 ponit
385 3170 449 3227 S.
480 3170 770 3228 Cornelius
795 3172 929 3242 (25),
967 3175 1060 3245 qui
1091 3175 1145 3229 in
1176 3176 1405 3246 epistola
1431 3179 1617 3233 eadem
1664 3181 1779 3250 epi-
1804 3197 1847 3255 ε
1879 3175 2079 3245 quibus
2127 3172 2421 3229 secundam
2473 3172 2588 3242 ipse
2630 3170 2826 3239 adjecit
2881 3177 3064 3223 notam
3095 3185 3109 3221 :
3146 3186 3165 3219 ι
3189 3164 3447 3232 Quasdam

193 3277 432 3331 scopum
470 3261 651 3329 illum,
680 3263 772 3333 qui
798 3262 1156 3320 Novatianum
1190 3266 1425 3332 inunxit,
1454 3269 1634 3337 populi
1659 3286 1777 3341 pre-

197 3357 347 3411 cibus
379 3365 590 3421 motus,
622 3355 762 3410 laica
791 3365 999 3413 tantum
1028 3360 1389 3414 communione
1414 3360 1674 3416 donatum
1701 3370 1779 3417 te-

200 3459 400 3515 statur,
442 3450 533 3504 eui
559 3451 721 3505 etiam
766 3452 1061 3507 assentitur
1092 3449 1149 3506 S.
1182 3451 1486 3523 Cyprianus
1517 3453 1651 3524 (24),
1683 3455 1777 3524 qui

200 3541 553 3612 presbyteros
625 3542 808 3611 lapsos
865 3558 930 3600 ac
973 3544 1319 3613 postmodum
1398 3545 1778 3615 resipiscentes

207 3631 341 3688 laica
389 3643 604 3689 tantum
650 3634 1034 3690 communione
1084 3636 1346 3706 suscepit.
1420 3634 1777 3692 Severissima

205 3737 385 3782 tamen
436 3725 605 3796 hujus
650 3726 750 3780 aevi
792 3725 1077 3796 disciplina
1125 3726 1355 3781 nimium
1400 3725 1590 3782 forsan
1630 3727 1775 3798 rigo-

210 3834 319 3873 rem
375 3832 575 3887 sapere
630 3817 745 3872 visa
809 3827 894 3873 est
944 3814 1179 3873 Nicaenis
1227 3816 1519 3884 Patribus;
1579 3818 1777 3872 etenim

212 3912 379 3981 ipsam
405 3908 807 3980 aliquantisper
826 3909 1076 3981 mitigare
1100 3908 1429 3965 studuerunt
1453 3909 1599 3964 edito
1620 3925 1781 3965 cano-

212 4018 275 4058 ne
304 4002 450 4074 (25),
480 4003 539 4057 in
566 4017 676 4072 quo
699 4002 967 4072 episcopis
993 4018 1060 4057 ex
1082 4000 1382 4057 Novatiana
1406 4012 1552 4058 secta
1582 4002 1650 4058 ad
1678 4000 1781 4056 Ec-

210 4098 438 4154 elesiam
470 4096 850 4161 redeuntibus,
880 4094 1201 4167 presbyterii
1230 4094 1314 4150 vel
1360 4094 1781 4165 chorepiscopa—

277 4233 396 4303 (21)
467 4230 533 4303 In
583 4229 756 4303 Epist.
807 4229 1320 4303 _Roman.‘__pontif.
1407 4245 1438 4284 a
1492 4229 1778 4303 Coustant.

212 4299 438 4375 p.147,
470 4300 581 4375 _cit.
632 4299 764 4375 edit:
807 4299 981 4356 Paris.
1031 4300 1171 4375 1721
1198 4314 1371 4375 ,_quae
1396 4300 1565 4375 estin
1591 4299 1783 4375 ordine

208 4369 379 4445 epist.
398 4373 435 4427 9
456 4370 703 4445 Cornelii
724 4369 887 4445 Rapa:
911 4389 933 4445 _:
971 4388 990 4422 ι
1027 4370 1173 4445 Duos
1199 4370 1305 4445 sibi
1334 4370 1513 4445 socios
1535 4370 1783 4439 deplora-

206 4438 272 4499 tz'e
299 4443 504 4499 salutis
530 4441 690 4511 elegit
712 4438 1090 4509 (Novatianus)
1112 4455 1252 4511 quos
1275 4440 1330 4493 in
1348 4440 1599 4511 exiguam
1620 4448 1782 4511 atque

206 4515 535 4569 vilissimam
578 4509 747 4565 Italiae
794 4519 1000 4581 partem
1035 4509 1349 4573 destinaret,
1384 4518 1454 4581 fut
1492 4510 1617 4581 inde
1641 4510 1784 4581 acci-

206 4595 289 4640 tos
308 4584 608 4655 episcopos
642 4590 774 4645 tres,
796 4579 1068 4655 homines
1098 4580 1261 4655 plane
1295 4580 1552 4655 rudesac
1574 4579 1784 4650 simpli-

208 4671 316 4719 ces,
344 4649 724 4707 ’fraudulenta
771 4649 1006 4720 quadam
1051 4650 1331 4704 molitione
1368 4649 1640 4719 deciperet
1662 4649 1733 4720 .i.
1766 4689 1781 4704 .

208 4726 297 4795 qui
331 4738 467 4795 cum
500 4721 847 4795 advenissent
879 4720 1221 4795 homine_s.1_tt
1244 4720 1358 4789 iam
1378 4720 1634 4795 diximus,
1653 4719 1787 4775 sim-

211 4790 463 4865 plicioris
513 4790 715 4863 ingenii
750 4829 810 4865 ,ς
847 4832 860 4845 .
889 4791 1024 4865 hora
1064 4790 1281 4865 decima
1326 4790 1681 4856 temulentos,
1732 4797 1787 4844 et

208 4860 447 4933 crapula,
471 4860 764 4933 oppressos
792 4860 1112 4933 imaginaria
1136 4861 1392 4933 quadam,
1428 4869 1481 4915 et
1503 4875 1642 4933 vana
1667 4876 1785 4914 ma-

210 4930 382 4993 nuum
436 4930 823 5000 im’positiOne,
864 4930 1233 5000 episcopatum
1280 4931 1384 4986 sibi
1434 4931 1646 4984 tradere
1692 4945 1787 4999 per

209 5007 316 5061 vim
358 4998 569 5071 coegit.
598 5041 611 5055 .
647 5040 663 5055 .
698 5041 712 5056 .
759 4998 867 5056 Nec
899 4998 1080 5054 inulto
1120 5009 1241 5069 post
1280 5017 1422 5056 unus
1448 5015 1515 5054 ex
1544 5000 1648 5054 illis
1674 4998 1788 5069 epi-

210 5075 398 5143 scopis
429 5070 500 5125 ad
534 5070 1042 5143 Ecclesiamrediit,
1067 5086 1192 5125 cum
1222 5071 1475 5126 lamentis
1496 5079 1552 5127 et
1572 5071 1787 5125 ﬂetibus

213 5141 513 5217 peccatum
534 5157 708 5217 suum
723 5141 1007 5217 conﬁtens.
1043 5159 1063 5193 ι

281 5212 406 5282 (22)
450 5209 586 5266 Vide
606 5212 877 5282 dialogum
902 5212 956 5282 5,
994 5226 1115 5281 pag.
1150 5209 1271 5272 116,
1305 5221 1435 5264 tom.
1464 5209 1533 5264 l‘l
1550 5252 1565 5276 ,
1598 5210 1692 5282 ubi
1720 5225 1784 5282 ex

216 5301 236 5336 ι
269 5280 654 5339 Ecclesiarum
685 5280 1023 5346 doctoribus,
1050 5280 1103 5335 et
1135 5282 1284 5335 orbis
1331 5290 1598 5335 terrarum
1627 5280 1789 5335 lumi-

214 5355 403 5417 nibus,
444 5370 466 5404 υ
502 5351 650 5422 quod
683 5352 800 5420 ipse
820 5352 952 5406 dicit
974 5350 1275 5422 etscribit,
1325 5365 1383 5404 se
1417 5352 1665 5406 hausisse
1709 5351 1790 5404 af-

219 5425 427 5490 firmat,
480 5419 624 5477 inter
668 5419 807 5491 quos
850 5430 999 5492 certe
1029 5419 1347 5492 Hippolytus
1386 5433 1571 5477 noster
1603 5436 1790 5492 recen-

217 5495 427 5549 st-ndus
470 5500 578 5557 est,
632 5490 789 5559 cujus
833 5490 1038 5561 profert
1082 5490 1406 5545 testimonia.
1467 5492 1598 5547 Vide
1626 5491 1788 5546 etiam

218 5580 345 5634 pag.
375 5561 506 5634 15-43
536 5562 641 5634 loc.
667 5564 762 5634 cit.

280 5634 409 5703 (25)
454 5631 626 5702 Epist.
654 5632 688 5685 9
713 5634 873 5687 citata
895 5647 1017 5701 pag.
1054 5631 1156 5686 150
1188 5651 1199 5685 :
1239 5651 1256 5682 ς
1287 5631 1457 5697 Quem
1498 5647 1618 5697 nos.
1667 5647 1789 5686 cum

222 5704 521 5758 universus
566 5704 798 5771 populus
849 5718 1086 5771 praesens
1126 5705 1445 5771 deprecatus
1487 5713 1663 5770 esset,
1726 5703 1793 5758 ad

224 5772 671 5841 communionem
700 5773 890 5826 laicain
924 5775 1279 5841 suscepimus.
1312 5793 1331 5824 ι

296 5844 410 5914 (21)
456 5840 707 5916 Legenda
740 5854 847 5899 tota
876 5840 1101 5917 epistola
1134 5844 1221 5913 55,
1250 5843 1306 5898 S.
1339 5843 1594 5916 Cypriani
1618 5842 1783 5901 Anto-

1878 3282 2040 3337 porro
2064 3266 2263 3335 scripta
2287 3264 2406 3334 ejus
2437 3266 2651 3331 (nempe
2678 3260 2969 3332 Hippolyti)
2998 3274 3122 3314 cum
3148 3257 3448 3327 reprehen-

1878 3359 2033 3414 sione
2058 3373 2168 3412 non
2199 3364 2443 3422 careant,
2474 3354 2734 3425 martyrio
2765 3363 2951 3423 postea
2979 3366 3077 3421 pro
3104 3349 3306 3405 Christi
3350 3363 3453 3402 no-

1877 3450 2025 3506 mine
2051 3450 2299 3506 absoluto
2330 3446 2649 3519 ignorantiae
2670 3445 2790 3515 ejus
2817 3443 3086 3499 maculam
3118 3441 3337 3496 detrivit
3362 3450 3450 3495 at-

1878 3558 1986 3614 que
2027 3542 2266 3598 detersit.
2292 3561 2312 3595 »
2340 3540 2552 3596 Etenim
2605 3551 2838 3601 errores,
2879 3551 3021 3606 quos
3071 3535 3128 3589 in
3176 3533 3451 3604 Hippolyti

1879 3635 2096 3706 scriptis
2154 3642 2310 3689 notat
2356 3632 2607 3698 Photius,
2665 3631 2803 3686 nihil
2853 3644 2979 3684 cum
3024 3626 3450 3683 Novatianorum

1879 3727 2106 3784 somniis
2146 3726 2347 3780 habent
2391 3737 2703 3787 commune,
2752 3721 2845 3776 sed
2893 3729 3136 3775 veterum
3189 3734 3453 3788 quorum-

1877 3822 2003 3878 dam
2046 3821 2271 3875 Patrum
2307 3819 2525 3891 genium
2557 3818 2783 3873 omnino
2812 3816 3050 3886 sapiunt,
3079 3828 3219 3884 quos
3251 3811 3452 3866 similia

1877 3911 2203 3985 quandoque
2227 3911 2526 3969 dictitasse.
2557 3908 2791 3966 eruditis
2819 3908 3074 3963 omnibus
3104 3906 3451 3961 notissimum

1878 4011 1961 4058 est
1988 4002 2118 4073 (55).
2146 3999 2471 4071 Huiusmodi
2499 4012 2713 4055 errores
2735 3998 2790 4052 in
2820 3998 2961 4053 libro
2994 3995 3191 4053 Contra
3232 3996 3451 4052 hareses

1878 4095 2155 4153 exstitisse
2181 4093 2373 4149 scribit
2408 4092 2549 4146 idem
2586 4090 2813 4147 Photius
2837 4090 2973 4162 (54),
3002 4106 3164 4162 quem
3207 4090 3276 4145 ad
3306 4086 3451 4145 Noe-

1881 4231 2218 4314 nianodata,
2246 4229 2481 4302 Operum
2509 4244 2631 4299 pag.
2662 4227 2761 4282 2M
2799 4237 2854 4282 et
2888 4242 3041 4298 seqq.
3092 4228 3290 4297 sapius
3314 4227 3451 4283 cita-

1882 4312 1950 4358 tre
1976 4303 2254 4357 editionis.

1954 4371 2069 4443 (25)
2108 4371 2295 4443 Canon
2333 4368 2644 4443 huiusmodi
2676 4376 2759 4423 est
2790 4367 2926 4443 _8Ai_nA
2941 4377 3075 4443 tom.
3106 4365 3150 4420 ll
3184 4366 3451 4422 Concilio-

1883 4438 2005 4496 rum
2037 4438 2161 4512 pag.
2190 4442 2260 4497 55
2286 4438 2423 4512 edit.
2438 4439 2653 4494 Veneta:
2666 4438 2803 4512 anni
2832 4438 2990 4512 H28,

1957 4507 2068 4582 (26)
2108 4507 2165 4566 in
2197 4513 2339 4566 notis
2365 4511 2431 4565 ad
2465 4517 2628 4579 caput
2652 4508 2841 4582 45111).
2873 4524 2929 4562 vr
2957 4508 3101 4582 Hist.
3125 4508 3251 4582 eccl.
3283 4507 3451 4561 Euse~

1812 4547 1859 4606 θ
1886 4547 2199 4653 ὺίἰξῖ).15ί2ε
2227 4547 2419 4637 tullium
2439 4547 2821 4653 ipstimucujus
2852 4547 3058 4653 menti;
3087 4549 3257 4653 estin
3292 4595 3453 4653 supe-

1886 4647 2010 4709 rius
2045 4654 2207 4709 citata
2255 4653 2414 4722 epist.
2441 4651 2512 4705 55
2547 4649 2605 4722 ξ.
2635 4647 2891 4722 Cypriani
2926 4649 3024 4722 his
3047 4649 3267 4722 verbis:
3302 4667 3321 4700 ι
3358 4647 3451 4703 Sic

1892 4742 1911 4776 ι
1940 4733 2117 4778 tamen
2144 4718 2417 4777 admissus
2439 4730 2521 4774 est
2551 4718 2902 4788 Trophimus,
2923 4728 2982 4772 ut
3012 4719 3184 4775 laicus
3200 4734 3449 4774 commu-

1893 4814 1911 4847 ι
1942 4795 2102 4858 nicet,
2138 4808 2247 4847 non
2282 4791 2437 4860 quasi
2457 4791 2655 4860 locum
2692 4789 2990 4860 sacerdotis
3015 4800 3258 4858 usurpet.
3284 4808 3304 4840 ι

1958 4864 2069 4934 (27)
2110 4862 2277 4934 Tmne
2302 4858 2396 4925 'lll,
2423 4859 2587 4934 Notes
2619 4875 2714 4934 sur
2740 4858 3202 4934 _saint_Corneille,
3240 4868 3365 4915 note
3393 4860 3449 4925 6,

1889 4927 2324 5011 Quen'l'rophime
2355 4932 2498 5011 avait
2528 4927 2776 5011 idolatré,
2805 4945 2858 5011 ρ.
2885 4928 3017 5011 740.

1959 5004 2069 5074 (28)
2113 5000 2167 5055 In
2216 5003 2360 5074 notis
2388 5001 2453 5074 ad
2485 5000 2987 5074 superiuscitatam
3023 5000 3181 5070 epist.
3215 5000 3249 5054 9
3277 5001 3448 5074 sancti

1886 5070 2121 5131 Cornelii
2164 5073 2229 5127 ad
2272 5071 2672 5141 Fabium’,.pag.
2711 5070 2834 5135 H9,
2871 5078 2981 5124 not.
3013 5087 3066 5137 a,
3094 5081 3147 5125 et
3173 5086 3292 5140 pag.
3331 5070 3448 5135 ltiti,

1890 5158 2005 5199 ιιοι.
2036 5160 2082 5199 8.

1983 5214 2071 5282 29)
2112 5215 2171 5266 1η
2208 5211 2552 5282 Bibliotheca,
2583 5211 2703 5265 cod.
2736 5225 2978 5282 cnxxxtt,
3014 5226 3069 5279 p.
3095 5210 3220 5282 414.

1983 5278 2071 5343 50)
2114 5282 2281 5338 Tome
2309 5282 2396 5345 lll,
2416 5281 2577 5336 Notos
2611 5298 2706 5335 sur
2736 5283 2880 5334 saint
2908 5278 3199 5348 Corneille,
3224 5288 3337 5334 not.
3359 5278 3447 5342 lt),

1891 5350 1984 5408 sur
2014 5355 2089 5408 les
2122 5354 2464 5408 ordinatenrs
2494 5353 2559 5405 de
2593 5351 2876 5414 Novatien,
2907 5367 2959 5420 p.
2994 5350 3116 5405 742.

1960 5425 2245 5547 (51ὲ72ῧρ.
2281 5423 2336 5490 4,
2374 5422 2401 5494 §
2434 5423 2484 5486 7,
2532 5438 2584 5491 p.
2624 5422 2693 5475 44
2726 5430 2779 5476 et
2803 5437 2954 5492 seqq.
2985 5420 3112 5475 edit.
3142 5420 3452 5490 Argentinaa

1964 5510 2015 5547 III
2199 5532 2215 5547 .

1891 5510 2015 5547 alllll
2057 5510 2082 5546 1
2101 5510 2215 5547 Μυ.

1962 5564 2072 5635 (52)
2117 5563 2367 5635 Historia:
2412 5561 2775 5617 ecclesiastica:
2805 5563 2896 5617 lib.
2933 5578 3004 5621 iv,
3052 5576 3101 5614 c.
3131 5560 3219 5622 51,
3256 5573 3310 5629 p.
3345 5559 3450 5614 350

1892 5634 2067 5690 citata!
2090 5634 2362 5687 editionis.

1962 5703 2085 5845 (33%
2114 5703 2245 5827 ride
2271 5702 2503 5765 Bullum,
2539 5700 2743 5771 Defcns.
2788 5702 2911 5770 ﬁdei
2939 5700 3190 5765 Nirwnw,
3213 5710 3344 5755 sect.
3363 5718 3444 5761 in,

1894 5792 1939 5830 c.
1971 5780 2025 5835 ὅ,
2058 5780 2085 5835 §
2114 5780 2165 5827 4.

1963 5840 2081 5918 (54)
2110 5844 2191 5915 in,
2207 5844 2552 5910 Bibliotheca,
2601 5841 2720 5898 cod.
2757 5856 2901 5903 om,
2952 5856 3005 5912 p.
3038 5840 3182 5896 502:
3218 5859 3236 5894 ι
3265 5840 3446 5896 Refert
