3966 6344
590 387 692 443 “7

1386 379 1474 433 DE
1517 377 1909 435 PORTUESSI
1951 377 2009 432 S.
2049 373 2413 431 HIPPOLYTI
2447 373 2641 431 SEDE.
2681 402 2747 413 ——
2788 371 2968 429 PARS
3005 373 3045 428 Ι.

3695 380 3777 434 413

590 508 772 562 tianos
821 508 1031 558 tantum
1081 499 1405 571 productum
1456 507 1703 555 testatur.
1739 499 1858 554 Alia
1905 501 2067 555 etiam
2099 499 2168 553 ab
2200 508 2243 559 Α
2274 495 2451 552 tuensi
2483 494 2722 550 Ecclesia
2774 494 2954 549 locum
3008 494 3205 549 habere
3254 496 3485 564 potuisse
3526 510 3687 566 aperte
3705 503 3780 557 de-

590 602 709 667 ipso
752 594 1043 666 Hippolyto
1070 592 1253 648 minus
1304 601 1450 647 recte
1492 588 1741 662 exposita
1786 593 2166 647 animadvertit

589 689 787 760 saepius
836 688 1035 743 citatus
1088 695 1280 740 auctor
1316 683 1562 752 Photius,
1613 685 1666 738 in
1719 684 2165 754 interpretatione

588 780 848 847 Danielis,
883 787 938 833 et
980 776 1253 847 prmeipue
1302 775 1621 831 Antichristi
1654 775 1966 842 adventum,
2000 790 2163 845 quem

590 871 647 929 S.
683 871 974 941 episcopus
1021 868 1461 939 quingentesimo
1511 876 1633 937 post
1683 866 1963 922 Christum
2018 881 2164 922 anno

584 975 901 1032 venturum,
932 976 988 1021 et
1019 964 1451 1036 quamplurimos
1481 980 1634 1036 reges
1672 965 2162 1020 exterminaturum

583 1058 885 1126 dictitavit;
926 1059 1073 1113 hunc
1100 1059 1277 1127 ipsum
1308 1057 1471 1110 etiam
1507 1056 1790 1126 scopulum
1821 1056 2164 1115 offenderunt

586 1148 645 1204 S.
677 1148 932 1213 Irenaeus,
963 1146 1299 1211 Victorinus,
1331 1145 1666 1214 Lactantius,
1699 1148 1899 1218 aliique
1925 1162 1990 1202 ex
2022 1148 2162 1203 anti-

583 1240 868 1310 quissimis
919 1237 1209 1305 Patribus,
1253 1255 1392 1309 quos
1444 1239 1628 1294 laudat
1680 1239 1971 1296 Anselmus
2024 1240 2160 1296 Tut-

583 1345 704 1390 teus
733 1333 868 1404 ('53),
910 1333 1355 1388 accuratissimus
1382 1331 1617 1402 Operum
1649 1332 1707 1387 S.
1746 1331 1933 1403 Cyrilli
1964 1332 2159 1389 Hiero-

583 1424 892 1497 solymitani
915 1422 1108 1476 editor.
1135 1421 1273 1477 Cum
1298 1423 1464 1493 igitur
1487 1422 1651 1488 hanc,
1688 1439 1852 1493 quam
1898 1424 1966 1479 de
2006 1425 2161 1480 illius

582 1519 799 1589 scriptis
821 1514 1144 1572 sententiam
1169 1513 1270 1568 fert
1291 1513 1650 1583 Nicephorius,
1676 1531 1780 1570 non
1805 1516 2022 1571 aliunde
2049 1518 2156 1583 ille,

582 1620 641 1664 ut
698 1609 1062 1680 suspicamur,
1116 1623 1280 1679 quam
1333 1623 1397 1664 ex
1443 1606 1622 1661 Photii
1677 1607 2023 1674 Bibliotheca,
2059 1610 2157 1664 de-

579 1700 936 1773 prompserit;
958 1710 1143 1772 aperte
1173 1700 1480 1771 colligimus
1511 1700 1712 1754 nullam
1745 1700 1904 1755 nobis
1932 1716 1961 1755 a
1994 1700 2155 1756 Nice-

579 1794 752 1863 phoro
779 1793 1101 1864 conjiciendi
1140 1792 1407 1848 rationem
1442 1792 1793 1861 suppeditari,
1818 1808 1925 1863 qua
1954 1793 2156 1865 Hippo-

579 1884 749 1956 lytum
796 1882 1221 1938 Novatianorum
1256 1891 1563 1938 commenta
1611 1897 1849 1953 unquam
1894 1884 2156 1953 probaSse

576 1977 884 2034 credamus.
917 1976 1157 2031 Tandem
1207 1976 1253 2031 si
1299 1974 1570 2046 Hippolyti
1624 1983 1678 2029 et
1725 1974 2152 2033 Novatianorum

576 2080 819 2139 tempora
871 2078 1125 2124 accurate
1175 2083 1467 2138 parumper
1507 2068 1923 2136 expenduntur,
1970 2070 2153 2125 nullus

575 2171 764 2216 nostro
808 2161 1028 2236 quidem
1075 2160 1282 2231 judicio
1333 2159 1616 2214 dubitandi
1661 2159 1815 2216 locus
1860 2162 2148 2230 supererit,

572 2255 705 2323 quin
737 2253 1139 2309 sanctissimum
1174 2250 1429 2307 Ecclesiae
1460 2250 1672 2307 Patrem
1698 2253 1768 2306 ab
1793 2254 1942 2307 omni
1971 2252 2153 2309 Nova-

574 2350 737 2401 tianze
783 2344 1010 2400 hmresis
1061 2343 1375 2413 suspicione
1418 2351 1538 2397 tuto
1576 2358 1701 2398 cum
1735 2344 2008 2400 Ceillierio
2036 2345 2147 2417 (56)

573 2435 851 2490 vindicare
882 2436 1178 2505 pessimus,
1208 2434 1301 2503 qui
1333 2441 1588 2503 pneterea
1626 2434 1694 2489 ab
1722 2435 1867 2489 omni
1892 2433 2149 2491 Novatia-

573 2527 738 2583 nismi
770 2527 1079 2596 suspicione
1113 2524 1461 2597 Hippolytum
1496 2535 1740 2580 nostrum
1769 2527 1933 2581 etiam
1963 2542 2029 2582 eo
2053 2544 2151 2598 po-

571 2617 844 2674 tissimum
867 2617 1109 2673 vindicat
1129 2627 1467 2688 argumento,
1493 2617 1659 2687 quod,
1688 2617 1730 2673 si
1762 2618 1878 2688 ipse
1904 2634 2146 2690 unquam

570 2707 890 2767 Novatianis
924 2711 1260 2778 adhaesisset,
1292 2712 1345 2766 id
1389 2709 1631 2781 profecto
1660 2725 1767 2765 non
1802 2712 2148 2771 reticuissent

570 2802 940 2871 schismatici;
973 2803 1222 2873 quinimo
1264 2812 1474 2859 tantum
1509 2803 1688 2857 virum
1723 2813 1883 2860 sectae
1911 2821 2023 2862 suae
2054 2824 2148 2877 pa-

573 2904 790 2949 tronum
824 2894 1121 2953 Catholicis
1155 2904 1543 2953 ostentassent.

568 3002 733 3061 XVII.
776 3005 1128 3061 Prudentium
1159 3009 1523 3132 tt'es‘inéinum
1554 3008 1869 3084 Hippolytae
1890 3013 2148 3082 conﬂasse

1199 3095 1254 3131 as
1281 3096 1341 3132 en
1384 3092 1513 3132 itur.

1199 3092 1513 3135 ostenditur.

2268 597 2592 643 monstrent.
2648 585 2852 642 Eodem
2903 586 3068 641 etiam
3115 594 3275 656 pacto
3317 587 3640 657 rejiciendam
3685 608 3781 650 esse

2263 685 2505 741 diximus
2534 684 2862 755 peculiarem
2890 683 3035 737 illam
3064 680 3291 738 Joannis
3319 681 3482 754 Langi
3503 701 3563 741 ac
3588 684 3777 743 Fronto-

2262 779 2352 833 nis
2402 776 2583 832 Ducaei
2634 777 2701 832 de
2755 774 3041 845 Hippolyto
3073 774 3464 843 conjecturam,
3495 791 3593 845 qua
3643 778 3779 834 diser.

2263 868 2536 923 tissimum
2573 867 3093 936 sanctissimumque
3123 864 3375 921 Ecclesia:
3398 864 3595 921 Patrem
3621 869 3666 923 in
3694 868 3778 924 No-

2261 965 2605 1017 vatiauorum
2652 961 2849 1017 castris
2899 960 3163 1014 militasse
3192 958 3416 1024 dicunt;
3465 970 3641 1028 praeter
3665 965 3777 1019 enim

2260 1063 2503 1109 veterum
2530 1053 2773 1107 omnium
2820 1052 3147 1126 scriptorum
3182 1050 3250 1106 de
3284 1049 3542 1123 Hippolyti
3573 1051 3780 1111 Novatia-

2262 1148 2441 1202 nismo
2495 1145 2805 1211 silentium,
2852 1145 3025 1215 ipsius
3075 1152 3206 1198 aetas
3246 1159 3369 1199 cum
3416 1143 3778 1204 Novatianorum

2261 1237 2600 1306 temporibus
2622 1235 2767 1291 haud
2796 1236 3053 1306 conjungi
3080 1244 3279 1305 potest.
3318 1233 3500 1304 Neque
3526 1236 3678 1305 ipsius
3699 1238 3777 1293 do-

2260 1329 2436 1383 ctrina
2467 1327 2768 1399 quidquam
2810 1343 2935 1383 cum
2969 1327 3442 1383 schismaticerum
3473 1328 3677 1384 somniis
3703 1330 3778 1383 ha-

2260 1420 2377 1476 buit
2406 1419 3086 1495 communc.‘Quapropter
3125 1435 3248 1475 cum
3279 1418 3591 1474 Prudentius
3620 1421 3779 1491 hymuo

2261 1528 2364 1568 suo
2398 1511 2744 1584 Hippolytum
2796 1513 3170 1585 presbyterum
3225 1509 3570 1567 Novatianum
3615 1513 3774 1578 laudet,

2260 1616 2422 1676 atque
2451 1608 2528 1662 illi
2556 1606 2798 1677 episcopi
2823 1617 2877 1662 et
2903 1606 3206 1678 presbyteri
3250 1614 3429 1676 partes
3459 1620 3561 1659 uno
3601 1606 3778 1661 eodem—

2258 1716 2363 1770 que
2402 1709 2644 1769 tempore
2694 1700 2979 1769 perspicue
3030 1698 3265 1762 tribuat;
3317 1711 3476 1750 nemo
3522 1712 3618 1752 non
3665 1699 3777 1752 videt

2258 1807 2516 1861 magnum
2562 1790 2857 1846 Baro‘nium
2901 1790 3045 1845 haud
3092 1789 3336 1858 iniquam
3368 1789 3433 1845 de
3458 1789 3568 1860 ipso
3602 1799 3776 1845 senten-

2188 1866 2386 1938 Btiam
2441 1885 2650 1951 tulisse,
2686 1885 2818 1938 dum
2872 1892 2982 1939 tres
3036 1883 3358 1956 llippolytos
3411 1882 3462 1936 in
3512 1898 3661 1937 unum
3697 1884 3775 1937 hoc

2255 1976 2495 2030 carmine
2528 1976 2596 2030 ab
2627 1974 2816 2030 eodem
2853 1973 3114 2029 confusos
3143 1972 3537 2028 animadvertit.
3564 1971 3775 2039 Quamvis

2251 2068 2398 2121 enim
2449 2067 2777 2138 exquisitam
2809 2065 3135 2137 pientissimi
3189 2074 3365 2135 poetae
3388 2065 3688 2135 diligentiam
3712 2080 3775 2120 ve-

2252 2167 2396 2214 teres
2430 2174 2496 2214 ac
2543 2159 2876 2213 recentiores
2921 2160 3218 2227 scriptores
3265 2173 3376 2214 uno
3417 2173 3506 2213 ore
3550 2172 3774 2212 commen-

2251 2251 2399 2316 dent,
2429 2259 2608 2305 tamen
2639 2266 2763 2305 cum
2793 2250 3105 2320 hujusmodi
3137 2251 3311 2305 nawis
3342 2250 3447 2305 alia
3467 2249 3614 2304 etiam
3642 2247 3774 2317 ipsius

2250 2342 2493 2397 carmina
2554 2357 2806 2412 reSpersa
2860 2358 2983 2398 esse
3043 2352 3300 2408 constet,
3359 2341 3597 2411 colligere
3638 2341 3770 2410 juvat,

2250 2429 2454 2500 ipsum,
2494 2431 2624 2486 dum
2676 2429 2947 2503 Hippolyti
2994 2432 3078 2486 sui
3128 2431 3322 2487 laudes
3364 2431 3573 2496 cecinit,
3612 2429 3770 2498 aliquid

2250 2522 2474 2577 humani
2498 2538 2720 2593 passum
2751 2522 2921 2578 fuisse
2949 2539 3015 2577 ac
3041 2524 3258 2589 eodbm,
3297 2538 3408 2594 quo
3435 2523 3488 2576 in
3522 2522 3616 2576 alio
3643 2521 3771 2591 ipsius

2251 2614 2474 2687 hymno,
2510 2614 2850 2670 confusionis
2897 2614 3030 2669 vitio
3080 2615 3389 2682 laborasse,
3422 2614 3474 2668 in
3500 2629 3598 2685 quo
3620 2613 3669 2666 S.
3695 2610 3771 2681 Cy-

2247 2706 2522 2777 prianum,
2551 2707 2968 2762 celeberrimum
2990 2706 3141 2761 illum
3171 2718 3241 2762 ac
3276 2705 3607 2761 notissimum
3632 2702 3770 2757 Eccle‘

2247 2799 2344 2853 siae
2368 2796 2588 2853 Patrem
2615 2797 2753 2869 (57),
2795 2813 2920 2852 cum
2961 2796 3238 2868 Cypriane
3273 2795 3597 2850 Antiocheno
3623 2790 3770 2847 conlu-

2247 2890 2346 2954 dit,
2380 2904 2543 2960 quem
2573 2904 2793 2959 magum
2828 2888 3000 2943 luisse
3029 2888 3321 2959 perhibent
3348 2887 3484 2952 Ade,
3524 2883 3767 2947 Usuardus,

2246 2980 2535 3048 Notkerus,
2580 2981 2885 3051 caeteriquc,
2914 2989 2969 3036 et
3014 2980 3176 3047 cujus
3209 2979 3335 3036 tidei
3367 2978 3623 3035 confessio
3660 2977 3766 3030 edita

2245 3073 2567 3143 plerumque
2616 3072 2813 3141 legitur
2860 3072 2928 3126 ad
2979 3072 3184 3126 calcem
3236 3069 3471 3141 Operum
3518 3068 3570 3123 S.
3601 3066 3768 3138 Cypria-

638 3166 916 3225 Hactenus
951 3170 1251 3241 praecipuas
1298 3188 1619 3244 magnorum
1649 3175 1888 3231 virorum
1924 3187 2143 3233 senten-

2248 3165 2304 3217 ni
2337 3163 2475 3233 (58),
2513 3172 2678 3235 atque
2710 3164 2883 3234 ipsius
2914 3164 3046 3218 Acta
3092 3163 3374 3235 aliquibus
3420 3163 3604 3218 abhinc
3643 3159 3764 3214 annis

568 3259 696 3327 tias,
727 3260 926 3330 quibus
976 3259 1322 3333 Hippolytum
1373 3278 1405 3318 a
1460 3263 1756 3321 Prudentio
1818 3266 2139 3335 laudatum,

567 3349 891 3408 Portuensis
926 3351 1011 3407 vel
1042 3351 1302 3408 Romana:
1333 3353 1588 3411 Ecclesia:
1608 3359 1944 3430 presbyterio
1973 3359 2145 3413 ascri-

564 3442 719 3509 bere,
750 3455 915 3515 atque
938 3459 969 3500 e
1000 3460 1157 3500 sacro
1185 3443 1569 3503 Portuensium
1601 3450 1982 3522 episcoporum
2020 3453 2146 3507 albo

565 3538 747 3593 delere
772 3538 952 3593 conati
975 3545 1121 3603 sunt,
1154 3538 1210 3593 ni
1242 3550 1430 3595 nostra
1464 3557 1565 3597 nos
1592 3540 1730 3597 fallit
1753 3543 1959 3614 opinio,
1989 3546 2145 3615 peni-

566 3640 657 3685 tus
689 3629 995 3685 concidisse
1021 3631 1277 3696 vidimus,
1307 3648 1429 3688 cum
1465 3642 1519 3689 et
1563 3643 1866 3705 temporum
1902 3636 2062 3703 ratio,
2091 3647 2153 3692 et

566 3724 912 3779 sanctissima
939 3723 1204 3793 majorum
1233 3740 1541 3781 nosu'orum
1572 3727 1860 3797 disciplina
1889 3727 2145 3801 Hippoly-

567 3825 681 3871 tum
706 3816 851 3871 bunc
879 3817 1276 3890 presbyterum,
1302 3833 1400 3873 nec
1423 3817 1475 3871 in
1506 3816 1752 3873 Romana
1804 3836 1903 3875 nec
1928 3819 1981 3873 in
2008 3819 2142 3875 Por-

566 4003 757 4065 autem
782 4008 905 4046 cum
941 3993 1045 4047 alia
1096 4008 1203 4048 non
1231 3995 1454 4065 omnino
1474 3994 1670 4063 proba,
1695 4002 1810 4049 tum
1844 3993 2141 4065 Epistolam

566 4065 635 4119 ad
671 4063 925 4118 Hebraeos
957 4079 1066 4119 non
1099 4079 1219 4119 esse
1249 4061 1401 4117 Pauli
1432 4061 1682 4132 apostoli,
1716 4087 1735 4117 ι
1770 4074 1878 4122 etc.

660 4132 751 4203 35)
793 4135 850 4204 l_n
880 4133 1027 4204 netis
1059 4133 1123 4186 ad
1149 4133 1429 4204 Cateches.
1462 4134 1549 4201 15,
1586 4150 1639 4204 p.
1669 4135 1795 4201 231,
1825 4146 1938 4194 not.
1969 4139 2035 4193 A.

659 4204 759 4276 36),
794 4202 955 4276 Saint
974 4201 1280 4276 Hippolyte1
1309 4204 1500 4276 évéque
1543 4201 1600 4258 et
1647 4215 1873 4276 martyr,
1919 4209 2008 4264 ch.
2046 4208 2136 4273 27,

564 4271 699 4330 tom.
719 4273 784 4336 ll,
816 4289 867 4341 p.
898 4272 1022 4344 519,
1053 4272 1081 4344 §
1110 4271 1587 4344 5:}7Notresaint,
1609 4291 1678 4329 au
1699 4271 1992 4343 contraire,
2011 4271 2143 4334 était

567 4344 635 4401 né
661 4344 799 4417 dans
831 4344 879 4417 la
913 4342 1102 4417 Grece,
1136 4344 1173 4417 il
1200 4343 1332 4397 était
1365 4342 1592 4413 évéque,
1623 4355 1678 4399 et
1706 4361 1773 4401 ne
1804 4349 1914 4416 prit
1938 4342 2140 4417 jamais

566 4418 615 4471 le
652 4414 790 4485 parti
821 4414 932 4485 des,
957 4411 1289 4479 Novatiens;
1341 4411 1649 4485 autremcnt
1694 4431 1784 4471 ces
1806 4411 2142 4474 'schi'smati—

565 4482 701 4556 ques
726 4483 1034 4556 n'auraient
1069 4499 1175 4556 pas
1214 4482 1449 4556 manqué
1477 4485 1544 4540 de
1576 4486 1687 4556 s'elt
1719 4484 1856 4542 faire
1887 4490 2141 4544 honneur

563 4552 711 4611 etde
759 4570 818 4609 se
847 4552 1114 4624 prévaleir
1145 4553 1213 4608 de
1255 4569 1319 4608 ce
1347 4552 1518 4623 qu’uu
1572 4555 1790 4611 homme
1835 4559 1882 4614 si
1927 4557 2140 4614 celebre
2172 4554 2218 4612 D

565 4643 663 4696 par
692 4640 755 4706 sa
793 4625 1006 4678 science
1028 4634 1082 4679 et
1105 4639 1203 4694 par
1235 4639 1296 4679 sa
1324 4633 1480 4679 vertu
1510 4626 1687 4680 aurait
1710 4627 1990 4685 embrassé
2020 4631 2138 4685 leur

601 4706 726 4751 arti.
759 4713 777 4745 ι

563 4713 1000 4889 Ξῖζξῆἒῑὲἷιηηο
1026 4765 1083 4833 4,
1122 4782 1173 4821 v.
1212 4765 1300 4834 17,
1332 4781 1454 4837 pag.
1491 4765 1616 4833 124,
1649 4767 1780 4823 edit.
1814 4768 2140 4842 AntWerpia:

640 4853 697 4889 m
905 4876 918 4888 .

566 4852 697 4892 anni
727 4852 867 4889 1001
905 4876 918 4888 .

772 4905 909 4975 Afra
942 4903 1206 4975 Carthago
1240 4915 1329 4959 tua
1358 4918 1559 4975 promet
1588 4924 1732 4975 ossa,

775 4973 880 5028 Ore
911 4973 1431 5045 facundo‘Cypria'ne
1460 4977 1683 5038 doctor;

775 5044 1022 5101 Corduba
1054 5046 1321 5101 Acisclum
1348 5046 1520 5112 dabit,
1545 5058 1594 5102 et
1618 5047 1858 5104 Zoellum

848 5115 1072 5185 Tresque
1107 5133 1348 5171 coronas.

563 5184 759 5262 Utrum
810 5185 894 5262 his
939 5184 1118 5262 verbis
1166 5185 1491 5262 Prudentius
1518 5187 1657 5262 duos
1687 5189 1810 5262 illos
1838 5189 2141 5262 Cyprianos

559 5256 890 5332 confuderit,
923 5256 1051 5332 aliis
1094 5256 1464 5332 judicandum_
1494 5256 2138 5332 relinquimusfilypria-

562 5342 691 5380 num
726 5326 1128 5381 Antiochennm
1175 5342 1393 5396 magum
1441 5328 1608 5384 fuisse
1640 5326 2009 5385 certissimum
2056 5340 2139 5387 est

561 5407 615 5470 et
664 5397 948 5470 doctorem
1001 5407 1398 5470 nuncupatum,
1431 5399 1521 5467 qui
1557 5398 1827 5455 Justinam
1867 5401 2134 5470 virginem

564 5469 616 5520 in
647 5467 861 5538 Agladii
891 5482 1129 5538 amorem
1161 5468 1384 5538 magicis
1414 5471 1621 5523 artibus
1669 5471 1906 5526 excitare
1958 5467 2138 5526 tenta-

560 5536 855 5611 verat.__De
897 5537 1069 5611 ipsius
1109 5536 1465 5611 conversione
1495 5550 1548 5593 et
1583 5540 1844 5611 martyrio
1875 5541 2141 5611 videndus

561 5608 681 5682 Ade
719 5608 806 5661 dic
836 5623 965 5682 !X_V|
1002 5606 1355 5682 Septembris,
1388 5617 1451 5682 et
1480 5618 1623 5682 nota:
1656 5606 1919 5682 Do'minici
1955 5609 2137 5682 Giorgi

563 5681 629 5751 ad
661 5678 1008 5751 ipsam‘gtiem
1042 5694 1164 5749 pag.
1193 5678 1319 5744 497,
1365 5680 1455 5747 qui
1501 5681 1757 5751 observat
1801 5681 1867 5734 ab
1910 5678 2139 5751 ipsemet

564 5745 826 5818 Gregorio
841 5745 1180 5803 Nazianieue
1198 5745 1546 5804 commistum
1570 5748 1760 5814 fuisse,
1782 5745 2028 5806 oratione
2049 5753 2135 5814 18,

566 5817 895 5890 Cyprianum
940 5817 1426 5891 Carthagiuensem
1478 5834 1604 5876 cuiu
1650 5821 1919 5893 Cypriane
1943 5823 2137 5880 Antio-

2246 3254 2489 3326 vulgavit
2538 3255 2894 3310 doctissimus
2943 3256 3250 3311 monachus
3281 3254 3587 3310 Edmundus
3612 3251 3765 3305 Marte-

2245 3361 2314 3402 ne
2346 3346 2482 3417 (39).
2514 3345 2572 3401 S.
2606 3345 2820 3401 Sixtum
2849 3343 3159 3400 Romanum
3209 3346 3514 3417 pontificem
3559 3343 3685 3399 cruci
3705 3339 3765 3394 af-

2246 3440 2412 3494 tixum
2449 3438 2594 3493 idem
2618 3435 2948 3492 Prudentius
2980 3436 3121 3491 dixit
3151 3435 3290 3509 (40),
3323 3453 3481 3508 quem
3509 3433 3764 3490 luculentis.

2244 3528 2388 3586 sime
2428 3527 2485 3583 S.
2517 3527 2775 3599 Cypriani
2803 3527 2916 3599 (41)
2970 3527 3308 3595 testimonio,
3358 3527 3529 3599 gladio
3570 3522 3765 3579 animad-

2244 3635 2450 3676 versum
2478 3622 2706 3676 scimus.
2733 3617 2829 3674 His
2853 3619 3017 3690 igitur
3040 3619 3362 3688 praemissis,
3386 3618 3459 3672 nil
3482 3616 3659 3671 mirum
3682 3612 3766 3668 cui-

2245 3713 2387 3783 piam
2417 3729 2539 3769 esse
2562 3713 2739 3778 debet,
2766 3717 2910 3784 quod
2946 3713 3222 3768 maximus
3252 3711 3621 3766 Ecclesiaslicm
3645 3709 3765 3760 histo-

2244 3809 2340 3860 ria:
2370 3821 2565 3877 parens
2597 3806 2972 3861 vetustissimo
3017 3805 3145 3860 licet
3188 3820 3255 3860 ac
3302 3803 3639 3860 disertissimo
3663 3799 3763 3853 scri-

2243 4004 2439 4067 cbeno,
2468 4003 2623 4073 juxta
2654 4002 2872 4059 Baronii
2908 4007 3259 4062 sententiam.
3291 4006 3574 4062 Adeundus
3601 4003 3762 4060 Usuar-

2240 4076 2347 4130 dus
2385 4077 2577 4129 eadem
2624 4074 2731 4135 die,
2763 4086 2815 4129 et
2845 4074 3088 4132 Solerius
3117 4080 3171 4131 in
3205 4080 3349 4133 notis
3384 4087 3510 4132 tom.
3546 4075 3622 4130 VII
3647 4089 3762 4128 meu-

2243 4146 2321 4201 sis
2349 4142 2520 4217 Junii,
2568 4161 2623 4215 p.
2652 4144 2778 4211 538,
2808 4144 3078 4202 Notkerus
3116 4149 3305 4203 eadem
3357 4149 3442 4204 die
3478 4149 3605 4217 apud
3632 4144 3760 4217 Cani-

2243 4217 2384 4269 sium
2412 4211 2678 4269 Thesauro
2702 4228 3157 4271 monumentorum
3183 4211 3650 4277 ecclesiasticarum,
3668 4211 3760 4277 t.ll,

2242 4294 2382 4360 part.
2426 4301 2526 4360 Διιι,
2572 4302 2696 4357 pag.
2750 4286 2884 4353 176;
2924 4286 3363 4357 Wandelbertus,
3395 4289 3485 4360 qui
3514 4289 3615 4343 haec
3638 4286 3762 4341 deco

2242 4355 2465 4426 scripsit
2495 4374 2509 4409 :

2382 4424 2545 4499 Sexto
2572 4436 2777 4499 martyr
2799 4436 2916 4499 orat
2942 4425 3267 4497 Cyprianus,
3290 4430 3433 4499 virgo
3459 4429 3598 4482 beata

2385 4495 2551 4570 Quem
2577 4495 2799 4570 Iustina,
2829 4498 2925 4551 Dei
2950 4495 3072 4567 fecit
3094 4495 3397 4570 cognoscere
3420 4512 3630 4568 regnum,

2382 4566 2602 4621 Artibus
2626 4568 2829 4622 insanis
2860 4566 3072 4623 tandem
3103 4566 3362 4641 furiisque
3387 4566 3589 4624 relictis.

2237 4658 2392 4733 _Apu_d
2450 4657 2995 4733 Dacberji_Spicileg.
3049 4670 3181 4718 tom.
3222 4660 3289 4731 ll,
3338 4678 3391 4733 p.
3426 4661 3510 4728 55,
3535 4659 3616 4714 cit.
3646 4653 3749 4710 edit.

2238 4729 2416 4783 Paris.
2452 4730 2582 4783 anni
2613 4730 2772 4784 i723.

2312 4800 2425 4870 (38A)
2465 4798 2596 4870 Pag.
2635 4801 2705 4856 54
2733 4801 2866 4856 edit.
2897 4798 3117 4858 Oxonii.

2309 4862 2425 4951 (391
2465 4862 2730 4951 Thesauro
2759 4888 2887 4951 nouo
2908 4873 3452 4951 anecdotorum,‘t_ou_t.
3470 4869 3549 4935 Ill,
3571 4862 3756 4951 Exilii?r

2237 4939 2369 4995 edit.
2403 4939 2631 5011 Lutetiae
2677 4939 3014 4997 Parisiorum
3058 4944 3186 4998 anni
3224 4943 3380 5009 1717,
3414 4939 3615 5011 legenda
3649 4942 3757 5011 sunt

2237 5026 2300 5083 ea
2324 5026 2446 5083 quae
2471 5010 2630 5065 docte
2646 5012 2876 5083 quidem
2904 5014 2957 5068 in
2991 5015 3364 5069 admonitione
3391 5008 3575 5083 praevia
3601 5008 3755 5083 adfer

2237 5073 2360 5154 deni
2383 5081 2509 5154 Acta
2529 5073 2931 5154 eruditissimus
2950 5086 3253 5140 monachus
3269 5073 3554 5144 adnotavit,
3569 5073 3753 5154 p.ib18.

2240 5151 2527 5275 iib'Lmt'nta
2555 5151 2623 5207 de
2655 5150 2713 5206 S.
2745 5152 3019 5225 Cypriane
3047 5155 3303 5226 illiusque
3331 5154 3446 5208 tidei
3466 5149 3755 5206 confessione

2262 5237 2308 5275 ia
2350 5236 2417 5274 en
2451 5237 2534 5275 ur.

2262 5231 2534 5275 labentur.

2310 5290 2419 5364 (40)
2462 5290 2620 5364 Hym.
2652 5291 2710 5357 2,
2740 5292 2807 5349 de
2836 5292 2895 5348 S.
2933 5292 3250 5362 Laurentio,
3278 5313 3330 5351 v.
3359 5294 3445 5360 2i,
3479 5307 3528 5362 ι).
3554 5288 3649 5343 99:

2391 5430 2401 5443 ,
2489 5379 2533 5434 F
2536 5398 2624 5436 ore
2651 5381 2761 5437 hcce
2791 5385 3036 5439 sacerdos
3065 5387 3277 5442 dixerat

2481 5450 2609 5523 {aut
2641 5451 2831 5508 Xistus
2862 5454 3051 5523 afﬁxus
3079 5458 3246 5522 cruci,

2482 5520 2833 5577 Laurentium
2859 5520 3070 5592 flentem
3098 5520 3276 5583 uidens

2486 5591 2671 5646 Cruci:
2708 5592 2801 5647 sub
2829 5591 2943 5663 ipso
2969 5597 3169 5666 stipite.

2335 5680 2423 5758 ξι)
2452 5680 2623 5751 Epist.
2657 5682 2748 5749 80,
2774 5685 3045 5758 Successo
3074 5687 3249 5753 fratri,
3268 5704 3384 5758 pag.
3408 5686 3505 5742 353
3525 5681 3603 5738 cit.
3620 5673 3749 5758 edita

2248 5771 2267 5803 ι
2308 5752 2521 5807 Xistunt
2555 5762 2736 5808 autem
2770 5755 2825 5809 in
2856 5758 3169 5815 cmmeterio
3200 5752 3604 5812 animadversum
3628 5752 3749 5801 scil“

2245 5824 2317 5882 tis
2347 5836 2540 5879 octavo
2572 5821 2765 5881 Iduum
2797 5827 3166 5899 Augustarum
3191 5830 3297 5885 die.
3327 5849 3349 5882 ι
