3966 6344
546 349 649 407 451

1359 346 1446 400 DE
1474 340 1861 401 PORTUENSI
1903 341 1960 395 S.
2000 333 2359 393 HIPPOLYTI
2401 333 2592 390 SEDE.
2631 364 2699 374 —
2737 332 2920 387 PARS
2961 330 2998 383 ι.

3678 326 3796 382 452

549 472 747 524 lectum
774 467 1132 527 craticulae,ct
1161 465 1505 537 Hippolytum
1523 463 1748 519 dimittit
1775 462 2102 517 ᾕρει-θύραι.»
2142 468 2183 522 Α
2213 455 2495 510 testatibus
2546 453 2810 510 veraciter
2863 450 3183 512 conﬁtetur,
3242 448 3421 518 ptenis
3468 444 3796 537 subjicitur,

549 561 618 616 Et
639 576 865 616 rursus:
905 578 922 610 ι
962 558 1181 628 Regulze
1209 558 1313 612 iliae
1355 556 1631 612 craticula:
1658 553 1985 609 ﬂammantis
2021 567 2113 606 ca-

548 653 674 708 lami
710 660 864 706 erant
893 650 1091 719 linguai
1122 646 1377 718 martyris
1397 651 1781 700 testamentum
1804 640 2110 702 scribentis,

549 742 749 812 quibus
793 740 1018 797 calamis
1066 747 1121 795 et
1161 740 1327 809 impio
1349 736 1618 809 judicanti
1668 735 1977 790 minabatur
2023 748 2114 803 ge-

548 834 750 898 heniia,
781 843 834 887 et
854 830 1140 902 Hippolyto
1176 830 1424 901 sequenti
1454 828 1796 885 scribebatur
1825 841 2048 881 corona.
2089 843 2108 876 ι

548 919 770 976 Duobus
796 921 913 976 istis
941 919 1228 991 anonymis
1247 918 1557 989 jungendus
1585 925 1670 972 est
1691 915 1984 985 Gregorius
2006 913 2115 968 Tu-

546 1013 798 1068 ronensis
844 1010 977 1079 (59),
1025 1012 1119 1080 qui
1146 1020 1412 1082 martyres
1440 1008 1671 1063 Deciana
1698 1048 1713 1072 ,
1764 1014 1824 1060 ut
1866 1004 2111 1070 credidit,

547 1103 924 1172 persecutione
974 1118 1165 1172 passos
1199 1102 1426 1156 laudans
1454 1140 1471 1164 ,
1534 1119 1552 1151 ι
1595 1100 1807 1154 Sixtum
1858 1098 2116 1153 Romanae

547 1195 802 1251 Ecclesia:
825 1196 1160 1265 episcopum,
1183 1201 1237 1250 et
1262 1193 1611 1249 Laurentium
1642 1192 2111 1255 archidiaconum,

546 1294 600 1340 et
631 1285 973 1357 Hippolytum
1003 1286 1073 1340 ob
1111 1285 1377 1341 Dominici
1422 1286 1662 1342 nominis
1708 1282 2111 1340 confessionem

547 1392 643 1445 per
673 1377 989 1446 martyrium
1026 1383 1438 1431 consummatos
1466 1373 1634 1429 fuisse
1664 1393 1682 1427 ι
1735 1372 1944 1428 scribit.
1982 1370 2114 1425 Gre—

547 1467 759 1537 gorium
796 1468 968 1523 secuti
987 1477 1114 1523 sunt
1148 1466 1311 1522 medii
1333 1474 1384 1521 et
1406 1465 1576 1519 infimi
1608 1465 1707 1519 aevi
1736 1462 2115 1518 ecclesiasticae

2213 547 2444 601 vinculis
2474 546 2745 616 illigatur,
2780 543 2959 597 cardis
3006 540 3315 609 configitur,
3345 554 3613 608 equorum
3638 536 3798 592 fero-

2212 640 2375 694 citate
2404 637 2768 707 disjungitur;
2820 643 2874 689 et
2915 634 3104 702 adepta
3138 632 3313 701 palma
3346 630 3619 702 martyrii,
3676 630 3799 683 vita

2211 739 2467 801 perpetua
2500 742 2624 782 cum
2653 727 2927 781 lucratore
2980 733 3035 778 et
3068 722 3333 793 magistro
3357 720 3659 775 Laurentio
3693 734 3798 773 co-

2212 829 2437 877 ronatur
2464 818 2575 890 (66)
2602 858 2617 883 ,
2660 825 2764 872 etc.
2810 834 2829 869 ι
2863 814 3068 870 Missali
3096 812 3327 868 Gothico
3372 811 3653 881 jungenda
3712 817 3803 862 cst

2212 914 2581 970 vetustissima
2616 909 2961 965 Mozarabum
2992 906 3231 977 lilnrgia,
3249 920 3370 976 quae
3392 903 3641 974 quamvis
3662 917 3802 972 pro-

2209 1006 2385 1077 priam
2412 1001 2682 1074 Hippolyti
2720 1002 2941 1055 missam
2978 1014 3087 1053 non
3114 998 3327 1060 habeat,
3357 1005 3539 1051 tamen
3569 996 3622 1049 in
3683 994 3798 1048 im—

2211 1096 2504 1152 molatione
2538 1095 2718 1149 missae
2754 1089 2812 1146 S.
2832 1090 3134 1153 Laurentii,
3173 1107 3191 1140 ι
3216 1087 3536 1159 Hippolytus
3561 1085 3620 1141 S.
3640 1085 3801 1140 Lau-

2210 1188 2444 1242 rentium
2493 1184 2709 1240 militari
2757 1181 3004 1237 custodia
3050 1196 3365 1235 asscrvasse
3396 1178 3693 1245 asseritur,
3728 1193 3797 1232 ac

2211 1294 2334 1334 mox
2366 1276 2532 1331 animi
2560 1276 2840 1331 ferocitate
2871 1272 3118 1343 deposita
3158 1272 3225 1325 ad
3257 1271 3593 1341 sequendum
3622 1269 3799 1324 Chri-

2212 1377 2354 1425 stum
2391 1369 2573 1422 mitior
2599 1365 2795 1428 factus,
2830 1364 3043 1436 tyranni
3072 1365 3251 1434 jussu,
3284 1362 3537 1431 primitus
3574 1361 3798 1416 disten-

2212 1470 2322 1527 tus,
2347 1461 2527 1516 cardis
2570 1458 2762 1515 ferreis
2800 1458 3072 1522 laniatus,
3119 1471 3184 1510 ac
3209 1454 3403 1510 deinde
3447 1452 3796 1509 ferociorum

551 1558 1120 1629 historiaz'scriptores
1161 1556 1453 1613 0rdericus
1484 1556 1677 1612 Vitalis
1706 1556 1842 1627 (60),
1874 1556 2111 1611 chrono-
2206 1552 2575 1623 jumentorum
2610 1550 2835 1621 pedibus
2866 1549 3119 1620 alligatus
3146 1561 3242 1616 per
3268 1546 3422 1600 devia
3457 1554 3672 1599 tractus
3702 1544 3797 1597 di-

550 1651 786 1719 graphus
801 1648 945 1704 Saxo
959 1649 1042 1720 (6i
1054 1654 1093 1719 ),
1107 1665 1410 1721 anonyinus
1425 1648 1961 1719 Reicherspergensis
1977 1647 2111 1718 (62),

549 1749 739 1794 auctor
760 1739 1032 1794 Clirom’ar
1065 1738 1124 1794 S.
1156 1738 1363 1810 Egidii
1396 1738 1533 1810 (65),
1557 1740 1759 1808 aliique
1796 1752 1901 1792 non
1929 1736 2109 1806 pauci,

2211 1642 2371 1697 citur.
2413 1661 2431 1693 ι
2477 1639 2678 1696 Eadem
2721 1640 2788 1695 de
2821 1637 3107 1709 Hippolyto
3144 1637 3410 1691 habentur
3438 1636 3491 1689 in
3519 1635 3795 1690 vetustis-

2213 1734 2353 1789 simo
2379 1748 2660 1789 sacrarum
2684 1747 2903 1802 precum
2939 1729 3139 1793 libello,
3166 1728 3258 1798 qui
3288 1727 3357 1782 ad
3381 1725 3792 1781 Mozarabicum

549 1846 784 1901 quorum
818 1831 1128 1886 testimonia
1177 1831 1266 1886 hic
1313 1843 1592 1884 recensere
1657 1841 2114 1898 supervacaneum
2150 1811 2189 1870 Β
2218 1826 2381 1881 ritum
2413 1839 2756 1893 summopere
2802 1822 3048 1887 accedit,
3101 1835 3263 1892 quem
3305 1819 3468 1889 praelo
3502 1818 3794 1874 commisit

549 1940 669 1979 esse
692 1924 1022 1994 iudicamus.

618 2016 697 2070 Ex
721 2015 959 2087 antiquis
995 2013 1473 2070 Sacramentorum
1510 2011 1665 2068 libris
1711 2012 1804 2082 qui
1847 2009 2114 2083 Hippolyti

550 2110 739 2164 militis
768 2108 1153 2175 meminerunt,
1197 2105 1376 2175 primo
1420 2103 1658 2160 occurrit
1690 2104 2115 2160 vetustissimum

550 2200 766 2256 Missale
793 2198 1082 2254 Gothicum
1116 2212 1147 2251 a
1184 2196 1391 2268 magnis
1423 2195 1555 2250 viris
1581 2195 1818 2265 Josepbo
1854 2194 2115 2250 cardinali

549 2293 845 2347 Thomasio
886 2291 997 2363 (64)
1051 2299 1106 2344 et
1135 2288 1345 2345 Joanne
1382 2288 1696 2343 Mabillonio
1724 2287 1837 2360 (65)
1886 2288 2112 2355 editum,

550 2388 605 2440 in
641 2399 751 2454 quo
777 2381 1047 2453 Hippolyti
1070 2380 1264 2436 festum
1290 2380 1470 2437 Idibus
1485 2380 1714 2450 Augusti
1737 2379 2113 2450 consignatur,

550 2474 787 2543 atquein
820 2475 1003 2527 missa:
1033 2469 1403 2525 immolatione
1432 2469 1535 2524 hoc
1562 2470 1735 2540 ipsius
1761 2468 1990 2523 habetur
2009 2471 2113 2524 elo-

551 2569 745 2637 gium:
788 2584 806 2616 ι
849 2562 987 2619 Vere
1032 2562 1252 2632 dignum
1287 2571 1342 2616 et
1366 2561 1572 2631 justum
1617 2569 1721 2621 est.
1773 2560 2118 2630 omnipotens

550 2668 749 2714 aeterne
784 2655 947 2719 Deus,
1001 2655 1096 2724 qui
1147 2653 1365 2707 beatum
1418 2650 1761 2723 Hippolytum
1816 2654 2116 2722 tyrannicis

551 2750 728 2803 adhuc
762 2744 1039 2817 obsequiis
1074 2752 1422 2813 occupatum,
1461 2743 1642 2798 subito
1680 2740 1853 2797 fecisti
1878 2743 2116 2799 Lauren-

552 2842 610 2895 tii
644 2840 877 2895 socium.
904 2837 1005 2903 Qui
1034 2836 1264 2906 spiritali
1293 2834 1485 2890 ardore
1514 2850 1832 2902 succensus,
1851 2837 1978 2900 dum
2002 2840 2117 2892 uui-

553 2933 797 3003 genitum
819 2929 1016 2985 Filium
1043 2939 1194 2983 tuum
1222 2927 1509 2982 Dominum
1534 2937 1780 2983 nostrum
1805 2944 1987 2985 coram
2018 2945 2115 3000 po-

2218 1917 2416 1973 citatus
2443 1916 2847 1971 eruditissimus
2869 1914 2950 1968 vir
2984 1911 3253 1982 Iosephus
3290 1910 3645 1966 Blanchinus.
3674 1910 3794 1963 An-

2216 2008 2403 2078 tiquus
2431 2008 2615 2063 itidem
2642 2007 2823 2062 missae
2854 2002 3027 2071 Ordo,
3068 2018 3229 2074 quem
3257 2001 3532 2058 Ambrosii
3561 2003 3794 2057 nomine

2216 2101 2438 2158 donavit
2464 2098 2885 2170 Pamelius(67),
2912 2116 2930 2149 ι
2959 2095 3304 2167 Hippolytum
3324 2096 3516 2150 ducem
3547 2094 3791 2149 militum

2216 2197 2481 2263 celebrat,
2533 2210 2693 2266 quem
2736 2195 2952 2249 beatum
2992 2192 3341 2247 Laurentium
3369 2207 3484 2247 suae
3521 2190 3791 2246 custodia:

2218 2288 2582 2357 mancipatum
2608 2327 2624 2353 ,
2650 2300 2758 2340 non
2788 2294 3132 2355 persecutum
3154 2324 3171 2349 ,
3206 2282 3302 2338 sed
3332 2292 3581 2338 secutum
3613 2296 3742 2337 esse
3764 2300 3785 2331 ι

2216 2379 2512 2450 praedicat,
2566 2391 2837 2448 quemque
2877 2375 3041 2430 etiam
3089 2373 3358 2444 genuinus
3410 2374 3789 2430 Ambrosiam:

2216 2471 2398 2525 missa:
2421 2486 2619 2534 canon,
2660 2478 2717 2523 ut
2754 2467 3031 2523 Laurentii
3059 2466 3268 2523 socium
3299 2466 3570 2537 agnoscit,
3595 2467 3648 2519 in
3674 2481 3787 2535 quo

2216 2562 2558 2634 Hippolytus,
2590 2560 2748 2616 Petro
2765 2560 2814 2616 le
2835 2559 3037 2613 Brunio
3065 2550 3177 2630 (68)
3208 2566 3365 2625 teste,
3392 2569 3516 2628 post
3539 2555 3788 2612 Lauren-

2215 2654 2349 2709 tium
2372 2653 2571 2709 ibidem
2605 2652 2784 2707 statim
2809 2657 3287 2709 commemoratur.
3313 2647 3536 2704 Veteres
3562 2663 3789 2719 quoque

2214 2744 2565 2801 Prtefationes
2597 2758 2691 2813 per
2732 2742 2862 2796 anni
2902 2741 3196 2807 circulum,
3227 2755 3363 2810 quas
3390 2739 3560 2794 edidit
3582 2738 3784 2793 Pame-

2214 2837 2320 2891 lius
2348 2822 2482 2908 (69),
2506 2833 2852 2905 Hippolytum
2879 2843 3042 2904 atque
3074 2833 3247 2902 ipsius
3279 2832 3457 2887 socios
3482 2831 3785 2897 celebrant,

2216 2935 2380 2997 atque
2411 2926 2558 2981 hunc
2586 2941 2617 2979 a
2648 2933 2837 2981 nostro
2862 2924 3135 2980 diversum
3156 2922 3299 2979 haud
3314 2938 3435 2980 esse
3458 2932 3672 2979 veteres
3702 2934 3787 2979 te-

621 3167 732 3245 (."i_9)
768 3165 973 3245 Hister.
1006 3164 1337 3245 Fraucqrimi
1363 3205 1378 3230 ,
1414 3166 1508 3245 lib.
1534 3180 1598 3245 ι,
1626 3167 1880 3245 ηυηιρξ
1901 3210 1915 3234 ,
1952 3184 2007 3238 p.
2042 3170 2112 3225 22
2139 3146 2180 3204 δ
2218 3168 2479 3245 Υρρᾳιγιο
2511 3181 2843 3245 qua:_s_umu_s,
2871 3174 2931 3220 ut
2951 3180 3054 3245 pro
3088 3166 3245 3221 nobis
3276 3166 3781 3245 supplicantem...-

549 3250 603 3293 et
623 3239 695 3292 23
716 3235 847 3291 edit.
883 3235 1206 3291 Theodorici
1235 3237 1501 3291 Ruinartii
1534 3236 1708 3291 Paris.
1741 3237 1900 3293 1699.

534 3362 539 3365 .
623 3307 735 3374 (60)
770 3307 1012 3361 0rderiei
1070 3305 1263 3363 Vitalis
1298 3306 1567 3362 Uticensis
1624 3308 1877 3362 monachi
1926 3308 2020 3363 lib.
2073 3326 2110 3364 ιι

551 3377 937 3447 Erclesiasticw
977 3377 1164 3429 histor.
1189 3416 1205 3443 ,
1250 3377 1389 3447 apud
1432 3377 1702 3431 Andream
1744 3377 2111 3433 Dnchcsnium

553 3449 809 3522 Historia:
836 3446 1265 3522 Normaimorum
1284 3446 1565 3522 Scriptores
1584 3448 1815 3522 Διιᾼιιιὶᾳιρ,
1846 3464 1968 3518 pag.
2008 3450 2113 3504 459

548 3520 678 3573 edit.
719 3516 948 3586 Lutetia:
964 3515 1295 3586 Parisiorum
1326 3532 1469 3572 anno
1504 3517 1676 3572 1619:
1703 3515 1727 3572 ι’
1756 3515 1957 3586 Τιιιιιῖ(
1978 3528 2113 3573 tem-

589 3603 682 3642 nre
717 3602 868 3657 papa:
926 3584 1185 3657 Sixtill)
1242 3586 1569 3642 Laurentius
1622 3584 2037 3645 archidiaconus
2059 3599 2115 3644 et

589 3606 682 3642 ore
717 3606 868 3657 papa:
926 3606 1065 3640 Dlel
1106 3606 1185 3657 ιι)
1242 3606 1569 3642 Laurentius
1622 3606 2037 3645 archidiaconus
2059 3606 2114 3644 et

551 3606 870 3728 Hippolytus
892 3672 1015 3710 cum
1057 3654 1258 3712 familia
1294 3673 1392 3713 sua
1432 3657 1644 3721 Abdou,
1671 3669 1725 3714 et
1750 3659 1976 3720 Senties,
2013 3660 2114 3713 sub

552 3726 761 3798 regulis
777 3726 1099 3798 Persarum,
1138 3727 1340 3798 aliique
1382 3729 1537 3782 multi
1566 3730 1795 3785 diversis
1835 3730 2115 3798 suppliciis

552 3797 885 3868 martyrizati
913 3806 1059 3868 sunt.
1101 3815 1119 3847 ι

622 3865 733 3939 (6f)
782 3867 937 3937 Apud
983 3865 1333 3939 Godefridum
1381 3866 1727 3923 Guilielmum
1782 3867 2110 3939 Leibnitinm

553 3937 883 3993 Accessiones
913 3938 1177 4008 historica:
1221 3937 1288 3992 ad
1326 3954 1416 3993 an.
1452 3938 1578 4005 256,
1615 3955 1736 4008 pag.
1764 3939 1827 3993 41
1854 3940 1983 3993 edit.
2018 3937 2108 3989 Li-

550 4012 682 4077 psiae
714 4009 841 4063 anni
888 4007 1054 4062 l698:
1106 4026 1125 4058 ι
1162 4008 1389 4069 Decius.
1421 4009 1559 4062 utin
1603 4007 1924 4064 PaSsionum
1975 4008 2113 4063 libro

553 4082 839 4147 reperitur,
869 4078 1150 4133 interfecto
1181 4078 1354 4143 Sixto,
1379 4088 1433 4133 et
1459 4081 1842 4133 archidiacono
1870 4078 2112 4131 Lauren-

553 4150 650 4212 tio,
681 4159 733 4202 et
758 4148 984 4218 lpolyto,
1020 4150 1288 4217 sociisque
1316 4149 1434 4217 ejus
1476 4190 1488 4201 .
1525 4185 1541 4200 .
1569 4187 1583 4202 .
1621 4150 1837 4218 rediens
1873 4149 1938 4201 ad
1965 4148 2116 4216 pala-

553 4219 686 4270 tium
719 4217 897 4271 triduo
930 4227 1154 4271 vexatus
1183 4228 1283 4283 est,
1308 4229 1362 4272 et
1387 4222 1440 4271 in
1468 4228 1757 4287 conspectu
1799 4217 2110 4287 Tripboniie

555 4288 743 4342 uxoris
770 4302 883 4341 suae
904 4287 1195 4341 exhalavit.
1235 4307 1260 4336 ν

623 4355 919 4427 (62)(Αριιι1
974 4355 1231 4425 Ludewig
1269 4357 1522 4425 Scriptor.
1568 4372 1670 4411 rer.
1725 4356 2109 4421 Gei'iiiauicar.,

553 4426 684 4481 toni.
710 4426 775 4493 ll,
803 4443 921 4497 pag.
953 4428 1074 4497 155.

2216 3236 2316 3309 (eo
2345 3236 2405 3293 in
2427 3236 2801 3309 locorualiquid
2855 3237 3109 3309 omisisse
3137 3245 3400 3309 (veterem
3455 3237 3783 3306 scriptorem

2211 3306 2396 3366 censet
2423 3307 2798 3375 Mabillonius)
2838 3306 3021 3376 omnia
3058 3306 3214 3376 nobis
3259 3322 3518 3376 prospera
3542 3311 3784 3363 concede

2210 3395 2307 3449 per
2328 3377 2639 3449 Dominum,
2669 3386 2772 3430 etc.
2814 3395 2833 3426 ι
2867 3375 3126 3449 collectio
3152 3375 3431 3449 adApacem
3450 3393 3466 3449 ς
3521 3396 3541 3429 ι
3583 3376 3657 3432 Ut
3679 3395 3785 3449 iro-

2207 3445 2297 3504 bis
2327 3457 2441 3515 tua,
2473 3447 2714 3513 Domine,
2739 3446 2975 3499 remedia
3001 3445 3129 3499 dent
3155 3446 3405 3512 salutem,
3447 3447 3643 3502 beatus
3678 3446 3785 3517 Yp-

2215 3519 2430 3589 polytus
2461 3526 2703 3588 martyr,
2747 3531 3091 3589 qu_:esui_nus,_
3118 3530 3217 3586 pro
3264 3517 3419 3571 nobis
3461 3520 3785 3588 supplicans

2214 3584 2469 3657 copiosus
2508 3584 2778 3657 audiatur.
2808 3586 2913 3657 Per
2941 3584 3265 3657 Domitium,
3282 3595 3388 3657 etc.
3428 3605 3450 3638 ι

2286 3653 2399 3728 (65)
2425 3656 2669 3726 Liturgia
2706 3653 3027 3728 Gallicana,
3074 3671 3198 3726 pag.
3234 3655 3347 3724 .278
3387 3656 3514 3711 edit.
3554 3655 3785 3716 Lutetia:

2212 3726 2547 3781 Parisiorum
2591 3726 2720 3779 anni
2747 3726 2902 3779 1685.

2215 3868 2230 3922 ι
2284 3797 2549 3921 (66)ινίᾱ.
2610 3794 2959 3852 Thomasium
3015 3795 3119 3851 loc.
3169 3796 3264 3852 cit.
3319 3804 3374 3851 et
3401 3793 3781 3855 Mabillonium

2235 3883 2319 3922 oc.
2348 3884 2395 3921 ci
2430 3905 2441 3918 .

2235 3883 2319 3922 oc.
2348 3870 2441 3921 cit.
3120 3920 3131 3931 .

2283 3936 2402 4008 (67)
2432 3932 3210 4008 LiturgiaALatiitorumLtom.
3250 3934 3310 4008 _l,
3348 3952 3473 4006 pag.
3508 3935 3615 4008 ιιδ
3643 3939 3777 3993 edit.

2214 4004 2457 4061 Coloniae
2484 4004 2790 4080 Agrippina:
2815 4007 2943 4059 anni
2973 4006 3135 4080 1571Δ
3158 4007 3210 4059 in
3230 4004 3380 4080 festo
3418 4004 3476 4080 S.
3506 4006 3779 4080 Hippolyti

2215 4085 2326 4130 tres
2372 4076 2648 4130 orationes
2684 4085 3049 4130 recensentur.
3105 4075 3358 4131 Praefatio
3395 4078 3558 4130 etiam
3602 4075 3783 4133 exsiat

2213 4147 2437 4210 tenoris,
2463 4158 2519 4199 ut
2541 4147 2819 4214 sequitur:
2867 4165 2886 4197 ι
2922 4145 3144 4201 ιΕιθισιιε
3168 4145 3331 4212 Deus,
3358 4162 3565 4215 nosque
3589 4148 3646 4200 in
3678 4150 3781 4204 hac

2215 4216 2573 4288 solemnitatis
2594 4218 2681 4269 die
2704 4217 2845 4270 beati
2878 4217 3238 4288 martyristui
3265 4216 3534 4288 Hippolyti
3586 4220 3653 4271 ad
3698 4221 3779 4272 ιιιὶ

2216 4285 2452 4339 nominis
2502 4286 2726 4353 gloriam
2780 4285 3073 4340 exsultare.
3123 4285 3261 4351 Quia
3285 4285 3553 4341 te’verum
3580 4290 3775 4342 ducem

2216 4355 2588 4417 considerans,
2616 4357 2771 4411 miles
2805 4366 2931 4409 tuus
2963 4372 3081 4410 esse
3109 4358 3299 4410 maluit
3325 4373 3490 4425 quam
3519 4358 3629 4410 dux
3671 4360 3780 4412 mi-

2216 4426 2371 4479 litum
2401 4426 2761 4492 comprobari.
2791 4425 3122 4495 Beatumque
3146 4425 3498 4481 Laurentium
3538 4443 3652 4481 suae
3680 4444 3781 4482 cu-

620 4496 730 4566 (65)
780 4493 932 4565 Apud
952 4494 1323 4566 iGodefridum
1374 4493 1717 4551 Gnilielmum
1784 4496 2109 4552 Leibnitiuin
2144 4493 2187 4547 D
2219 4496 2407 4551 stodia:
2426 4495 2790 4564 mancipatum
2824 4512 2928 4548 non
2956 4493 3271 4565 persecutus
3294 4507 3397 4563 est,
3414 4498 3507 4551 sed
3531 4507 3775 4553 secutus.

552 4565 883 4636 Scriptorum
937 4565 1343 4636 Brunsviceiisia
1395 4566 1780 4620 illustrantium
1840 4577 1971 4622 toni.
2020 4566 2110 4631 HI,

549 4635 679 4705 pag.
713 4637 817 4690 565
843 4636 975 4693 edit.
1005 4635 1245 4689 Hannov.
1278 4652 1422 4690 anno
1449 4637 1615 4690 l7“:
1650 4655 1669 4687 ι
1704 4636 1861 4690 Auno
1895 4636 2109 4691 Domini

547 4709 671 4777 269.
703 4706 889 4760 Sixtns
913 4720 1047 4777 papa
1076 4721 1165 4777 xxi
1192 4708 1474 4761 ordinatus
1501 4708 1877 4777 seditimenses
1899 4709 2105 4762 decem.

550 4776 749 4848 l’assus
801 4785 884 4830 est
938 4775 1039 4828 sub
1074 4775 1245 4848 Deoio
1288 4786 1340 4830 et
1388 4779 1578 4833 beatus
1610 4776 1950 4848 Hippolytus,
1973 4786 2027 4831 et
2050 4776 2107 4832 S.

549 4844 897 4918 Laurentius.
920 4855 971 4898 et
997 4846 1148 4918 inulti
1181 4847 1269 4899 alii
1304 4860 1589 4918 martyres.
1631 4867 1650 4899 ι

619 4914 731 4982 (64)
763 4915 818 4968 1η
849 4928 978 4970 ιοιιι.
1010 4915 1071 4969 V’l
1095 4913 1351 4984 Operum,
1381 4913 1501 4986 quia
1533 4921 1599 4972 ad
1641 4934 1773 4973 mss.
1808 4918 1982 4973 codic.
2022 4933 2109 4972 rc-

548 4984 780 5055 censuit,
830 4987 1081 5055 uotisque
1133 4988 1285 5041 auxit
1319 4984 1410 5043 vir
1451 4990 1786 5043 clarissimus
1843 4989 2112 5043 Antonius

547 5053 873 5129 Fianciscns
908 5053 1131 5112 Veizosi
1186 5058 1247 5129 (ᾖ.
1299 5055 1362 5110 R.
1401 5074 1523 5129 pag.
1570 5058 1697 5125 517,
1745 5059 1873 5113 edit.
1926 5057 2112 5112 Romae

548 5124 1051 5200 i751,_ubimissa
1105 5129 1162 5182 ὃ.
1199 5124 1754 5200 llippolyti'niartyris
1802 5137 1997 5200 exstat,
2056 5128 2110 5181 in

545 5210 652 5264 qua
670 5197 833 5250 etiam
854 5209 1139 5267 sequentes
1162 5197 1435 5253 orationes
1454 5197 1749 5253 habentur:
1778 5219 1796 5250 ι
1830 5199 1903 5251 Da
1932 5200 2108 5261 nobis,

544 5267 991 5339 omiiipotensct
1040 5271 1355 5323 misericors
1401 5270 1573 5334 Deus,
1611 5282 1670 5324 ut
1693 5271 1834 5325 beati
1860 5268 2111 5339 Yppolyti

546 5339 798 5408 martyris
848 5337 926 5391 tui
967 5341 1273 5393 veneranda
1326 5340 1640 5395 solemiiitas
1672 5348 1727 5395 et
1769 5337 2111 5395 devotionem

545 5407 705 5479 nobis
729 5417 925 5479 augeat
953 5418 1007 5463 et
1035 5410 1262 5463 salutem
1283 5450 1298 5473 ,
1331 5424 1424 5477 per
1449 5410 1759 5473 Dominum,
1792 5420 1896 5465 etc.
1936 5428 1955 5459 ι
1984 5408 2112 5462 Col-

545 5476 702 5549 lectio
732 5476 1009 5549 sequitur:
1048 5497 1065 5528 ι
1109 5479 1309 5549 Prmsta
1332 5476 1525 5544 nobis,
1554 5481 1897 5549 omnipotens
1921 5489 1976 5533 et
2002 5481 2109 5533 iiii-

544 5548 779 5622 sericors
807 5548 971 5622 Deus,
1009 5557 1065 5601 ut
1092 5549 1230 5622 beati
1257 5548 1505 5622 Yppolyti
1555 5548 1809 5621 martyris
1846 5553 1926 5602 tui
1958 5564 2114 5622 repe—

545 5617 644 5690 tita
670 5619 985 5674 solemnitas
1017 5627 1069 5672 et
1094 5617 1464 5673 liberationem
1496 5623 1654 5675 nobis
1682 5617 1973 5690 perfectam
2008 5620 2107 5673 tri-

542 5687 676 5741 buat
705 5696 759 5742 et
787 5690 1036 5754 salutem,
1059 5699 1191 5753 etc.,
1217 5706 1309 5759 per
1330 5690 1638 5756 Dominum,
1662 5687 1765 5744 etc.
1802 5710 1819 5741 i
1849 5692 2109 5744 βοηθειίο

544 5769 663 5823 post
720 5761 970 5814 nomina:
1008 5778 1027 5810 ι
1060 5760 1200 5814 Deus
1238 5770 1454 5814 tuarum
1494 5762 1684 5831 gloria,
1745 5764 1963 5831 martyri
2013 5770 2107 5815 tuo

2214 4567 2316 4633 Qui
2347 4581 2470 4621 eum
2509 4567 2795 4620 thesauros
2835 4566 3088 4621 Ecclesiae
3133 4568 3371 4629 discutit,
3409 4568 3614 4621 invenit
3659 4570 3780 4625 the.-

2212 4652 2457 4701 saurum,
2509 4652 2617 4690 non
2647 4653 2808 4705 quem
2862 4647 3125 4707 tyrannus
3177 4640 3428 4705 eriperet,
3464 4641 3555 4692 sed
3611 4653 3779 4707 quem

2210 4708 2383 4777 pictas
2408 4707 2731 4775 possideret.
2764 4708 2968 4760 Invenit
2991 4708 3329 4777 thesaurum,
3356 4710 3500 4761 unde
3526 4723 3670 4762 verte
3691 4710 3780 4761 di-

2210 4775 2353 4848 vitia
2378 4787 2708 4847 peterentur.
2742 4778 2958 4845 Sprevit
2999 4775 3237 4830 faviirem
3282 4779 3519 4848 tyranni,
3557 4786 3616 4831 ut
3646 4794 3777 4833 cum

2213 4845 2391 4918 Regis»
2416 4849 2660 4917 perpetui
2710 4849 2882 4919 gratia
2925 4849 3267 4919 probaretur.
3307 4845 3582 4919 'Menibris
3606 4849 3779 4902 dividi

2211 4934 2318 4971 non
2358 4919 2576 4987 refugit,
2610 4933 2695 4988 ine
2746 4919 2976 4971 nexibus
3016 4918 3361 4988 divelleretur
3388 4918 3628 4981 aeternis,
3684 4922 3778 4988 qui

2210 4988 2386 5041 solum
2407 4986 2529 5042 vine
2552 4987 2738 5042 dilexit
2763 4998 3057 5042 auctorem.
3083 4986 3252 5053 Quem
3281 5004 3386 5041 una
3415 4986 3774 5053 tecuin,etc.i

2294 5060 2407 5129 (68)
2439 5058 2684 5129 Liturgia
2715 5059 2771 5111 di
2813 5059 3011 5112 tuttele
3057 5058 3254 5129 Cttirese,
3282 5068 3415 5112 tom.
3454 5056 3519 5117 ιι,
3546 5073 3670 5127 pag.
3707 5059 3776 5113 90

2209 5129 2338 5183 edit.
2364 5128 2589 5183 Verona:
2614 5128 2780 5181 1759.:
2816 5148 2834 5179 ‹
2873 5128 3350 5182 (lommunicantes
3374 5138 3428 5181 et
3454 5130 3777 5182 memoriam

2210 5209 2532 5253 venerantes
2569 5237 2582 5249 .
2620 5239 2632 5251 .
2667 5236 2677 5250 .
2720 5238 2733 5250 .
2762 5208 2816 5252 et
2839 5197 3076 5262 Tliada'i,
3112 5198 3272 5262 Sisti,
3317 5197 3618 5263 Laurentii,
3644 5196 3780 5268 Hip—

2210 5270 2399 5339 polyti,
2430 5268 2715 5339 Yincentii,
2755 5268 3016 5339 Cornelii,
3046 5268 3325 5339 Cypriani,
3359 5278 3523 5339 etc.,;

2281 5337 2392 5410 (69)
2420 5338 2729 5407 Liturgicou
2757 5338 3007 5392 Ecclesia:
3038 5337 3269 5410 Latium,
3299 5348 3431 5391 tom.
3473 5338 3540 5403 ll,
3574 5353 3649 5410 p.)
3674 5338 3774 5410 §9l

2210 5408 2389 5466 citata:
2447 5409 2702 5463 editionis
2748 5409 2987 5465 Colonia:
3045 5408 3354 5478 Agrippinae
3415 5413 3541 5461 anni
3602 5408 3776 5464 1571:

2214 5500 2233 5532 ι
2265 5480 2633 5534 ......Ᾱ·3ιειιιθ
2661 5479 2823 5547 Deus,
2854 5488 2908 5549 et
2933 5489 3079 5549 tuam
3109 5479 3448 5533 clementiam
3476 5478 3618 5533 votis
3641 5495 3780 5549 sup-

2209 5551 2442 5619 plicibus
2471 5550 2784 5619 implorare,
2812 5560 2870 5605 ut
2887 5548 3632 5618 B.Hippolylisocioruuique
3659 5548 3782 5617 ejus

2209 5622 2523 5674 intercessio
2554 5620 2901 5689 peccatorum
2932 5630 3244 5673 nostrorum
3266 5620 3510 5674 obtineat
3539 5620 3778 5684 veniam,

2208 5694 2299 5759 qui
2336 5706 2430 5759 per
2480 5699 2747 5745 toi-menta
2795 5691 3065 5760 passionis
3107 5699 3364 5745 aeternam
3411 5689 3658 5760 pervenit
3710 5690 3779 5743 ad

2211 5764 2455 5832 gloriam.
2494 5760 2596 5817 Per
2624 5762 2922 5825 Christum,
2947 5770 3054 5817 etc.
3085 5777 3104 5811 ι
