3966 6344
591 313 696 368 £59

1351 312 1434 388 DE
1473 310 1863 369 PORTUENSI
1904 311 1962 366 S.
2004 308 2374 368 lllPPOLY'l‘l
2417 312 2607 370 SEDE.
2652 346 2716 354 -—
2755 310 2935 370 PARS
2977 310 3019 370 Ι.
3697 319 3781 375 16L

587 448 805 505 quoque
851 442 1144 504 martyrem
1198 446 1344 486 anno
1393 432 1531 488 1650
1577 433 1857 489 Cameraci
1906 451 1973 490 ex
2021 435 2157 492 urbe
2187 438 2546 510 Asupercilio
2582 437 2742 491 nobis
2792 435 3032 503 obiiciat.
3079 431 3332 489 Fateatur
3379 435 3618 504 equidem
3669 441 3786 496 cele-

588 527 910 582 translatum
946 533 1176 580 testatur
1198 523 1283 579 lo.
1313 524 1610 582 Bollaudus
1639 527 1784 596 (21),
1815 528 2159 598 aliorumque

589 615 998 688 llippolytorum
1056 617 1280 672 nomina
1332 625 1543 672 vetusta
1601 618 1758 675 nobis
1813 619 2162 690 suppeditant

587 716 946 764 monumenta
992 706 1176 763 Romae
1203 724 1326 763 cum
1357 725 1548 764 eorum
1581 710 1858 766 cineribus
1906 711 2120 766 inventa
2143 753 2158 777 ,

589 811 750 868 atque
773 798 1117 868 abAringhio
1133 798 1268 870 (22),
1292 799 1536 856 Boldetti)
1558 800 1672 871 (25)
1697 810 1753 856 et
1773 801 2024 873 Vignolio
2047 802 2162 874 (24)

587 896 764 961 edita,
795 911 1022 965 qumque
1049 896 1139 950 hic
1169 897 1350 950 denuo
1377 895 1638 952 lectorum
1676 897 1853 954 oculis
1893 897 2162 968 subjicere

2261 527 2530 583 berrimos
2556 524 2810 581 Ecclesiae
2835 524 3046 588 Patres,
3081 524 3427 579 Ambrosium
3460 527 3568 597 (25)
3599 544 3782 601 nempe,

2259 619 2625 691 Augustinum
2658 617 2810 689 (26),
2838 615 3194 671 Prudentium
3227 615 3377 687 (27),
3410 615 3621 674 Petrum
3646 621 3791 696 Chry-

2261 715 2507 784 sologum
2542 713 2690 783 (28),
2737 711 2974 767 Leonem
3011 710 3158 782 (29),
3193 710 3486 768 Maximum
3526 715 3790 774 Taurinen-

2260 821 2374 863 sem
2411 805 2545 877 (50),
2575 806 2670 876 qui
2701 803 3055 860 Laurentium
3092 817 3386 875 martyrem
3431 803 3636 861 eximiis
3658 825 3792 864 orna.

2261 906 2391 952 runt
2419 897 2716 960 encomiis,
2765 912 2830 951 ac
2863 895 3162 967 gloriosum
3206 895 3354 950 illius
3398 905 3657 953 certamen
3695 914 3791 969 gra-

588 1003 765 1057 operze
795 989 1026 1058 pretium
1062 1003 1181 1044 esse
1209 988 1469 1045 duximus
1513 1005 1526 1042 :

931 1079 1321 1136 REFRIGERI.
1363 1080 1496 1136 TIBI
1537 1080 1822 1138 DOMNUS

2262 991 2420 1061 phice
2457 990 2898 1061 descripserunt,
2957 988 3161 1042 nullam
3210 989 3278 1043 de
3337 987 3615 1060 Hippolyto
3654 993 3794 1047 milite

2261 1084 2410 1139 illius
2456 1083 2608 1139 socio
2653 1083 2984 1137 mentionem
3017 1081 3231 1136 fecisse.
3282 1079 3600 1151 llujusmodi
3644 1091 3792 1138 tamen

2261 1176 2560 1239 silentium,
2589 1191 2714 1230 cum
2747 1175 2920 1231 solam
2947 1187 3096 1229 mere
3117 1173 3368 1244 negantis
3401 1175 3688 1244 argumenti
3708 1177 3794 1230 vim

2263 1267 2542 1333 obtineat,
2590 1264 2912 1321 venerandis
2959 1265 3066 1320 illis
3104 1280 3275 1320 sacrae
3317 1267 3594 1320 vetustatis
3633 1281 3795 1321 monu-

2265 1359 2486 1426 mentis,
2526 1373 2648 1428 qua:
2677 1358 2941 1412 hactenus
2975 1356 3378 1420 recensuimus,
3411 1371 3568 1410 nemo
3595 1358 3797 1426 prudens

2264 1451 2706 1520 anteponendum
2736 1450 2998 1506 censebit.
3033 1447 3100 1503 Et
3143 1464 3276 1504 sane
3322 1448 3369 1503 si
3413 1458 3558 1503 tanta
3587 1449 3698 1504 huic
3726 1467 3796 1504 ar-

2265 1551 2521 1612 gumento
2548 1542 2752 1598 inesset
2781 1543 3104 1606 auctoritas,
3131 1549 3191 1595 ut
3219 1541 3544 1610 posthabitis
3576 1549 3645 1595 tot
3672 1557 3798 1611 egre-

1135 1171 1451 1228 lPOLlTUS
1491 1171 1618 1227 SlD.

768 1262 1112 1322 YPOLITUS
1149 1263 1366 1318 ANIMA
1404 1262 1656 1320 DULCIS
1695 1262 1760 1317 1N
1799 1261 1976 1318 PACE

1278 1357 1342 1413 D.
1382 1357 1454 1412 M.

1004 1447 1339 1504 YPOLITUS
1374 1447 1440 1514 ρ.
1485 1446 1548 1502 ν.
1591 1446 1750 1500 ΑΝΝ.

1155 1539 1298 1617 xm,
1337 1539 1406 1592 M.
1458 1537 1588 1593 vnt.

1045 1625 1106 1680 Β.
1145 1626 1206 1682 P.
1249 1626 1314 1682 V.
1355 1626 1510 1682 ΚΑΙ..
1555 1627 1704 1684 SEC.
2267 1636 2369 1706 giis
2405 1645 2642 1691 veterum
2671 1635 3022 1702 testimoniis,
3051 1633 3167 1690 sola
3200 1633 3378 1703 ipsius
3402 1634 3596 1688 virtute
3625 1631 3793 1704 Hippo-

588 1719 891 1789 llippolyta:
937 1719 1099 1774 etiam
1156 1718 1482 1774 Christiana:
1531 1720 1778 1777 mulieris
1827 1721 2162 1793 epitaphium
2268 1728 2411 1802 lytus
2465 1726 2744 1782 Laurentii
2793 1726 2977 1783 socius
3042 1741 3074 1782 e
3151 1739 3314 1782 sacro
3367 1735 3654 1796 martyrum
3698 1725 3798 1780 albo

591 1813 832 1881 vulgavit
860 1810 1180 1880 Aringliius.
2195 1817 2238 1872 ll
2267 1818 2529 1876 delendus
2572 1826 2751 1884 esset,
2808 1815 3052 1887 profecto
3105 1827 3161 1871 et
3188 1816 3246 1871 S.
3297 1815 3642 1872 Laurentium
3682 1817 3799 1873 illius

829 1899 1238 1955 “IPPOLYTE.
1281 1899 1414 1957 HIC.
1454 1901 1724 1958 POSITA.
1764 1901 1919 1957 EST-
2271 1914 2591 1982 magistrum
2631 1911 2686 1966 in
2731 1910 2874 1966 idem
2926 1909 3039 1965 fere
3084 1909 3386 1964 discrimen
3426 1909 3792 1964 adduceremus.

2267 2003 2478 2059 Etenim
2512 2001 2569 2058 S.
2599 2001 2905 2074 Cyprianus
2939 2001 3082 2073 (51),
3114 2001 3243 2071 qui,
3282 2010 3342 2056 ut
3385 2015 3569 2056 omnes
3594 2010 3794 2063 norunt,

2266 2097 2568 2153 beatissimi
2617 2095 2890 2167 pontiﬁcis
2936 2093 3078 2149 Xisti
3135 2094 3463 2164 martyrium
3513 2093 3792 2162 descripsit,

2265 2191 2446 2260 ipsum
2477 2203 2602 2244 cum
2632 2186 2750 2242 solo
2773 2185 2978 2251 Quarto
3007 2185 3060 2240 in
3085 2185 3384 2239 caemeterio
3415 2184 3792 2238 animadvertunt

2263 2278 2493 2343 scribit,
2546 2291 2648 2332 nec
2700 2275 3092 2342 Laurentium,
3144 2274 3533 2346 Hippolytum,
3591 2273 3794 2343 aliosque

2263 2378 2532 2441 martyres
2576 2367 2852 2430 nominat,
2884 2381 3024 2436 quos
3079 2365 3490 2421 sanctissimum
3530 2363 3789 2435 pontiﬁcem

2264 2461 2318 2516 in
2348 2460 2596 2533 martyrii
2622 2459 2920 2515 certamine
2953 2457 3284 2514 subsecutos
3318 2457 3587 2514 novimus.
3623 2455 3784 2512 Verum

2264 2555 2320 2610 in
2356 2563 2509 2609 tanta
2541 2552 2853 2608 criticorum
2905 2550 3065 2605 turba
3088 2590 3106 2618 ,
3145 2565 3290 2620 quos
3338 2559 3522 2605 nostra
3561 2564 3620 2604 ac
3665 2563 3791 2618 supe-

2263 2647 2377 2701 rior
2411 2645 2533 2700 tulit
2574 2654 2738 2706 tetas,
2783 2641 3053 2696 neminem
3095 2640 3402 2710 reperimus
3437 2639 3530 2708 qui
3563 2638 3792 2693 levissimo

2261 2735 2368 2791 hoc
2432 2732 2740 2804 argumenti
2767 2714 3005 2803 'genere
3083 2730 3151 2786 de
3215 2729 3578 2785 celeberrimo
3633 2728 3793 2784 Christi

2260 2837 2502 2900 martyre
2532 2826 2787 2882 dubitare
2813 2841 2982 2880 ausus
3007 2823 3098 2892 sit,
3127 2832 3331 2894 praeter
3356 2822 3442 2878 ιο.
3467 2822 3662 2878 Tellum
3686 2819 3791 2890 (52),

925 1992 991 2058 Q.
1036 1991 1101 2048 V.
1140 1993 1204 2048 Α.
1248 1993 1382 2049 Llll.
1425 1993 1513 2049 ET
1558 1995 1714 2050 DIES
1754 1995 1816 2049 V.

587 2085 834 2141 Veterem
858 2100 1076 2156 quoque
1101 2083 1201 2141 SS.
1230 2085 1501 2159 Hippolyti
1529 2098 1584 2144 et
1611 2087 1810 2143 Justini
1848 2089 2155 2160 inscriptio-

586 2193 734 2244 nem,
767 2193 875 2232 una
905 2193 1030 2232 cum
1064 2178 1238 2233 sacris
1291 2194 1480 2234 eorum
1524 2180 1737 2236 exuviis
1795 2179 2166 2251 Septcmpedae

588 2273 643 2326 in
677 2271 901 2338 Piceno,
918 2271 973 2326 in
996 2271 1228 2327 ecclesia
1261 2289 1371 2328 non
1404 2273 1658 2343 ignobilis
1685 2274 1815 2329 olim
1843 2275 2162 2331 monasterii

586 2366 645 2419 S.
689 2364 972 2422 Laurentii
1009 2365 1077 2420 de
1108 2364 1321 2419 Doliolo
1347 2365 1624 2421 inventam
1647 2406 1662 2430 ,
1691 2365 1848 2422 nobis
1879 2366 2166 2421 buntanis-

585 2458 723 2513 sime
761 2443 1189 2512 communicavit
1242 2457 1492 2514 eruditus
1525 2456 1856 2514 Octavianus
1896 2457 2163 2514 Gentilius

584 2549 853 2606 Patricius
909 2548 1412 2620 Septetnpedanus,
1468 2549 1564 2620 qui
1602 2564 1724 2604 eam
1773 2565 1841 2605 ex
1907 2550 2162 2621 plumbeo

583 2643 924 2714 autographo
975 2642 1391 2714 diligentissime
1449 2642 1858 2713 exprimendam
1919 2644 2160 2708 curavit,

583 2749 815 2806 eamque
841 2734 928 2790 bic
953 2735 1220 2792 lectorum
1255 2734 1432 2790 oculis
1461 2733 1802 2805 subjicimus.

1228 2824 1340 2881 mc
1378 2823 1520 2892 REQ

1279 2917 1474 2973 VIESC
2259 2922 2354 2992 qui
2405 2933 2550 2976 caeco
2604 2918 2842 2989 quodam
2895 2915 3080 2971 furore
3141 2916 3408 2986 abreptus
3449 2931 3547 2982 ea,
3603 2929 3706 2985 quae
3743 2913 3793 2967 de

1243 3009 1383 3063 VNT
1419 3009 1508 3066 CO
2259 3011 2321 3069 S.
2380 3010 2659 3066 Laurentii
2720 3024 2785 3066 ac
2839 3007 3113 3080 Hippolyti
3175 3010 3444 3080 martyr-io
3514 3016 3796 3080 narrantur,

1219 3097 1522 3162 RPORAS
2265 3106 2322 3160 in
2379 3103 2606 3162 dubium
2646 3117 2841 3158 vocare
2899 3101 3044 3157 haud
3099 3110 3182 3157 est
3244 3104 3476 3167 veritus,
3529 3100 3671 3172 quasi
3705 3100 3793 3170 ipsa

1222 3177 1461 3248 (EORVM
1501 3191 1522 3246 1
2193 3175 2236 3234 ο
2270 3208 2540 3253 auctorem
2593 3197 2824 3267 aliquem
2875 3194 3271 3265 Martyrologit's
3339 3197 3560 3266 vulgatis
3617 3195 3705 3263 ﬁde
3731 3193 3797 3246 di-

1201 3283 1453 3340 POLYTI
1491 3283 1522 3338 Ε
2266 3285 2498 3355 gniorem
2519 3287 2836 3345 desiderent.
2907 3286 3108 3341 Eadem
3138 3288 3309 3341 etiam
3332 3327 3348 3351 ,
3382 3285 3691 3349 acTellum,
3730 3283 3796 3336 in.

1213 3375 1257 3429 T
1297 3374 1526 3430 IVSTIN
2271 3383 2423 3437 sania
2477 3381 2769 3437 llenricum
2826 3380 3156 3436 Dodwellum
3204 3380 3325 3448 (55)
3365 3381 3613 3451 ﬂagrasse
3654 3375 3798 3444 suspi-

1220 3467 1275 3523 1ο
2272 3487 2492 3537 camur;
2517 3471 2644 3526 dum
2675 3470 2820 3524 enim
2852 3479 3118 3540 martyres
3158 3468 3262 3524 sub
3327 3468 3608 3524 Valeriano
3640 3477 3798 3536 passos

587 3561 669 3617 Ex
698 3560 784 3616 bis
811 3568 888 3614 tot
911 3558 1187 3630 tantisque
1217 3570 1460 3613 veterum
1487 3558 1814 3628 scriptorum
1840 3552 2166 3614 testimoniis
2273 3573 2546 3629 numerat,
2582 3561 2798 3616 Xistum
2827 3563 3091 3625 nominat,
3130 3577 3194 3616 ac
3228 3560 3584 3617 Laurentium
3615 3557 3796 3613 omnino

589 3671 654 3711 ac
698 3653 1080 3709 remotissima:
1125 3651 1470 3722 antiquitatis
1510 3651 1918 3720 monumentis,
1957 3651 2166 3722 Hippo-
2276 3657 2486 3712 reticet.
2516 3654 2585 3709 At
2627 3654 2838 3710 Tellum
2892 3670 3071 3710 meras
3119 3669 3298 3724 nugas
3343 3655 3516 3724 egisse
3544 3665 3687 3707 nemo
3726 3647 3801 3702 ibit

588 3742 758 3814 ΙΥι-ιιω
782 3740 1007 3796 militem
1032 3739 1313 3795 Laurentii
1348 3741 1557 3795 εοείυπι
1585 3740 1882 3807 θκειίῑὶεεε,
1903 3757 2168 3812 sacraque
2277 3749 2508 3804 inficias.
2556 3746 2692 3814 Quis
2730 3748 2872 3802 enim
2919 3746 3252 3801 celeberrimi
3277 3745 3533 3818 martyris
3557 3759 3636 3799 res
3659 3748 3800 3814 gestas

588 3836 762 3906 ipsius
791 3835 1014 3906 pignora
1056 3834 1109 3888 in
1151 3831 1299 3889 Urbe
1326 3833 1594 3889 asservari
1627 3835 1786 3905 plane
1827 3850 1892 3890 ac
1916 3835 2170 3890 distincte
2277 3843 2393 3897 solo
2423 3841 2628 3896 Adonis
2651 3840 2991 3908 aliorumque
3014 3839 3503 3909 martyrologorum
3539 3833 3800 3892 testimonio

589 3945 692 3984 nos
745 3928 1008 3998 probasse
1052 3925 1404 3982 conﬁdimus.
1458 3925 1655 3982 Verum
1692 3942 1866 3997 pauca
1919 3927 2168 3998 quaedam
2279 3931 2748 3988 nitiantnmabit?
2793 3930 2984 3986 Nonne
3029 3930 3241 4000 egregia
3283 3931 3379 3985 illa
3432 3929 3662 3993 Pan-um,
3705 3937 3800 3994 quia

587 4021 770 4077 adhuc
798 4020 1140 4075 discutienda
1181 4029 1514 4090 supersunt,
1567 4029 1627 4074 ut
1656 4034 1848 4076 omnes
1881 4021 2168 4075 dubitandi
2279 4025 2531 4096 superius
2563 4025 2930 4088 laudavimus,
2969 4021 3306 4089 testimonia,
3356 4021 3611 4078 illustrem
3634 4011 3798 4073 Christi

588 4114 830 4169 rationes
863 4113 1126 4167 radicitus
1159 4112 1564 4178 convellamus,
1619 4127 1687 4166 ne
1732 4112 1871 4168 forte
1904 4127 2160 4168 morosus
2277 4118 2495 4171 heroem
2523 4116 2592 4171 ab
2622 4115 2832 4170 insanis
2875 4111 3013 4169 Telli
3073 4113 3405 4169 commentis
3452 4103 3800 4167 vindicabunt?

589 4207 860 4278 quispiam
891 4213 1152 4276 exsurgat
1199 4205 1446 4268 criticus,
1473 4205 1569 4274 qui
1602 4205 1862 4275 neglectis
1892 4214 1971 4260 tot
2003 4222 2169 4277 argu-
2282 4206 2659 4264 Vetustissima
2689 4219 2906 4280 quoque
2954 4205 3200 4260 omnium
3249 4205 3494 4276 gentium
3533 4197 3800 4272 Martyrolo-

589 4299 810 4366 mcntis,
827 4298 1025 4368 quibus
1053 4298 1305 4352 lectorem
1330 4295 1500 4351 ferme
1523 4295 1894 4363 oneravimus,
1922 4304 2166 4350 veterum
2275 4301 2382 4371 gia,
2423 4316 2543 4371 qua:
2565 4300 2813 4354 Adonem
2839 4299 3003 4371 longo
3025 4299 3350 4354 saeculorum
3407 4297 3672 4354 intervallo
3690 4307 3800 4364 pra:-

589 4394 952 4461 quorumdam
1004 4390 1228 4446 Patrum
1257 4390 1325 4445 de
1365 4387 1656 4459 Hippolyto
1689 4387 1964 4442 silentium
2019 4388 2167 4459 gravi
2203 4389 2247 4447 D
2274 4400 2582 4459 cesserunt,
2618 4405 2802 4446 nonne
2842 4387 3210 4446 Oxoniensem
3262 4389 3512 4447 criticum
3551 4383 3799 4462 praecipitis

2341 4569 2454 4642 (50)
2494 4567 2700 4653 llomil',
2726 4569 2795 4625 de
2823 4569 3046 4653 sanctis,
3089 4578 3222 4625 tom.
3250 4568 3334 4653 ll,
3369 4570 3435 4624 lll
3455 4613 3470 4635 ,
3497 4583 3615 4653 pag.
3640 4563 3796 4653 εξ

2269 4640 2443 4722 seqq.
2478 4641 2611 4722 edit.
2660 4640 2942 4722 liaynaudi
2968 4679 2983 4703 ,
3025 4657 3147 4710 quae
3171 4643 3376 4710 pariter
3405 4650 3531 4723 sunt
3557 4640 3800 4707 descripta

2269 4729 2321 4765 llt
2355 4713 2492 4767 libro
2522 4726 2611 4766 cut
2639 4715 2826 4766 titulus
2862 4730 2874 4764 :
2910 4709 3160 4766 Memorie
3187 4711 3331 4766 della
3377 4722 3503 4774 vita,
3534 4708 3612 4762 del
3639 4710 3798 4757 marti-

2269 4784 2368 4848 rio,
2400 4780 2482 4837 de’
2495 4784 2758 4849 miraculi,
2782 4782 2865 4836 del
2897 4782 3055 4848 colto,
3084 4791 3212 4846 etc.,
3250 4784 3308 4836 di
3336 4781 3394 4837 S.
3423 4781 3796 4849 Lorenzolttttr'

2267 4843 2368 4908 tire
2395 4853 2678 4938 ἐρίτιάίηο
2719 4843 2985 4919 Romano,
3130 4843 3206 4907 .70
3234 4863 3289 4908 et
3331 4869 3482 4923 seqq.
3512 4851 3634 4905 edit.
3663 4843 3796 4898 Rom-

2267 4923 2586 5067 illisiibiip.
2621 4993 2692 5049 80
2723 4993 2992 5049 Successo
3027 4991 3204 5057 fratri,
3242 5009 3295 5064 p.
3327 4994 3434 5048 555
3465 4991 3588 5046 edit.
3613 4990 3798 5040 Amate-

2267 5064 2466 5120 iOtlnni.
2500 5076 2593 5119 Ctt.

2337 5136 2450 5203 (52)
2502 5136 2558 5188 In
2611 5145 2726 5190 nrt.
2779 5134 2845 5188 ad
2877 5133 3120 5188 eamdem
3169 5132 3266 5203 Ep.

2268 5196 2458 5260 scribit
2497 5221 2649 5259 ntttn.
2700 5206 2770 5260 5:
2804 5224 2821 5255 ι
2855 5205 2986 5270 Quae
3037 5206 3105 5259 de
3136 5196 3617 5274 Felici-Agassae“,
3649 5196 3818 5274 090³⁸⁸

2268 5279 2447 5343 tiano,
2503 5274 2798 5341 Faustino,
2843 5265 3136 5342 Quarti-ato,
3189 5265 3517 5338 Laurentio,
3572 5265 3792 5343 Epolitt];

2265 5347 2395 5400 Afra
2423 5331 2447 5410 ,’
2467 5355 2520 5401 et
2568 5331 2830 5402 militibus
2853 5331 2964 5399 165
3000 5331 3136 5400 addi'
3175 5347 3385 5406 solent,
3424 5331 3795 5410 auctoremali-

2265 5404 2435 5488 quem'
2474 5415 2872 5488 Martyrologiis
2924 5416 3151 5488 vulgatis
3193 5417 3299 5471 ﬁde
3353 5404 3643 5481 digniorem
3674 5404 3794 5458 desi-

2268 5493 2733 5637 Jci55;.DissertA.n
2752 5558 3110 5637 Cyprianicm,
3142 5555 3277 5637 diss.
3322 5555 3410 5637 1,1,
3447 5553 3522 5637 ρε
3561 5547 3792 5637 Ρφξίξπαξθ

2265 5623 2639 5752 gem-qm?!“
2669 5628 2758 5695 60,
2798 5623 2864 5684 au
2892 5627 3093 5685 calcem
3137 5625 3294 5696 Oper.
3335 5623 3396 5678 S.
3447 5623 3705 5693 Cypria"):
3743 5623 3788 5680 P-

2359 5714 2404 5752 Cl
2439 5739 2449 5753 .
2485 5714 2513 5752 e
2557 5715 2568 5751 ι
2601 5739 2612 5750 .

665 4572 782 4697 (21)
801 4573 919 4626 Act.
946 4571 1047 4626 SS.
1077 4570 1164 4624 die
1193 4585 1267 4624 xu
1297 4568 1631 4632 Febr.,tom.
1664 4563 1704 4620 II
1742 4567 1947 4622 mensis
1973 4567 2160 4631 Febr”

665 4661 714 4697 st.
750 4679 762 4695 .
786 4643 855 4695 82
887 4643 1018 4697 edit.
1052 4640 1268 4695 Veneta
1302 4655 1392 4694 an.
1428 4638 1588 4692 1755.

589 4638 714 4714 pag.
750 4638 855 4697 582
887 4643 1018 4714 edit.
1052 4640 1276 4714 Veneta;
1302 4655 1392 4694 an.
1428 4638 1588 4714 1755.

661 4705 773 4784 (22)
803 4713 958 4784 Apud
983 4713 1209 4780 Aringh.
1239 4711 1390 4764 Rom.
1417 4709 1740 4774 subter-ram,
1763 4715 1898 4762 tom.
1922 4705 1986 4771 ll,
2021 4708 2057 4762 Ι.
2090 4725 2163 4773 tv,

592 4784 764 4845 (3.18,

666 4853 778 4923 (25)
799 4848 983 4923 'Apud
1020 4851 1248 4906 Boldetti
1285 4851 1654 4923 Osservatiottig
1693 4866 1848 4920 capra
1935 4848 2162 4903 cimitert

591 4923 656 4977 de
676 4921 1009 4984 'B.'martiri,
1035 4923 1128 4976 lib.
1167 4939 1225 4986 tt,
1261 4942 1310 4978 e.
1349 4924 1434 4983 18,
1466 4938 1518 4992 p.
1557 4921 1663 4992 55:1»
1695 4923 1824 4975 cuit.
1853 4921 1948 4973 cit.

610 5041 616 5046 .
662 4994 778 5063 (24)
813 4993 970 5063 Apud
1000 4992 1234 5062 Vignol.,
1273 4989 1523 5061 Inscript.
1555 4991 1758 5048 select..
1792 5007 1916 5063 pag.
1945 4989 2070 5044 5'29.

664 5061 777 5132 (‘25)
821 5061 941 5118 Ltb.
974 5079 989 5116 t
1023 5061 1112 5133 ille
1137 5066 1314 5133 ofﬁciis
1349 5065 1737 5127 ministrorum,
1769 5080 1818 5116 e.
1848 5061 2161 5133 41,_§211,

1315 5134 1446 5189 edit.
1509 5133 1701 5187 Paris.
1751 5149 1844 5187 an.
1892 5131 2061 5196 1690,
2109 5143 2166 5186 et

798 4781 864 4852 pi
885 4781 974 4837 60.

592 5124 790 5241 ΗΜ,
837 5132 1064 5241 ιοῖκῖιι
1101 5124 1263 5241 υέὲὲικ
1315 5134 1446 5189 edit.
1509 5124 1844 5187 Parisfan.
1892 5124 2061 5196 1690,
2109 5124 2160 5186 et

2337 5136 2450 5203 (52)
2502 5136 2558 5188 In
2611 5145 2726 5190 nrt.
2779 5134 2845 5188 ad
2877 5133 3120 5188 eamdem
3169 5132 3266 5203 Ep.
3303 5149 3361 5203 p.
3403 5132 3524 5196 555,
3571 5127 3654 5182 ubi
3701 5124 3797 5177 hac

2268 5207 2453 5241 cru-thl
2497 5221 2626 5241 ...ειη
2703 5206 2732 5241 ες
2758 5223 2769 5234 .
2804 5224 2820 5241 .
2855 5205 2986 5241 num
3037 5206 3105 5241 ,ια
3136 5204 3298 5241 ποιεί-ί
3337 5205 3613 5241 Δσειεεριο-
3649 5196 3796 5241 Doria-

593 5204 686 5258 lib.
722 5219 781 5268 ιι,
809 5219 863 5274 p.
901 5204 1024 5270 105,
1057 5220 1106 5258 c.
1139 5207 1227 5258 28.

663 5274 800 5346 (26)
819 5273 998 5346 Serm.
1033 5275 1138 5329 502
1163 5285 1218 5330 et
1242 5291 1424 5346 seqq.,
1455 5291 1578 5346 pag.
1607 5274 1734 5340 855,
1765 5285 1898 5330 tom.
1928 5273 1968 5325 V
1997 5270 2159 5344 Oper.

591 5344 850 5416 edits’cit.
886 5344 1281 5416 Antwerpiens.

666 5415 778 5486 (27)
815 5417 958 5498 ῌερι
991 5414 1328 5486 στεφάνων,
1376 5417 1523 5488 hym.
1568 5417 1637 5482 2,
1671 5431 1724 5486 p.
1771 5415 1840 5470 99
1867 5414 1998 5470 edit.
2049 5415 2162 5468 An-

592 5493 786 5556 tWet-p.
802 5493 896 5541 cit.

665 5557 777 5628 (28)
824 5556 1000 5612 Serm.
1030 5557 1152 5616 155.
1184 5574 1237 5626 p.
1266 5557 1369 5612 198
1394 5558 1521 5611 edit.
1554 5557 1736 5628 Venet.
1767 5574 1852 5612 an.
1887 5553 2048 5628 1759.

669 5625 782 5698 (‘29)
825 5630 999 5682 Serm.
1037 5629 1125 5691 85,
1158 5625 1208 5698 p7.
1242 5629 1366 5692 557,
1397 5639 1528 5682 tom.
1556 5628 1572 5680 l
1609 5625 1772 5696 Oper.
1802 5628 1927 5682 edit.
1961 5625 2153 5698 Venet.

597 5696 768 5762 1755,
789 5700 1106 5753 curantibus
1139 5696 1299 5754 Petro
1324 5710 1377 5753 et
1411 5699 1740 5768 Hieronymo
1770 5698 2024 5753 fratribus
2052 5697 2154 5750 Ba-

596 5769 801 5834 lerinis,
825 5771 978 5839 juxta
1007 5773 1278 5836 Quesnelli
1309 5774 1440 5829 edit.
1473 5787 1639 5826 scrin.
1675 5771 1760 5823 85.
