3966 6344
554 308 663 370 468

1331 311 1420 368 DE
1452 308 1845 369 PORTU-ENSI
1885 311 1944 370 S.
1985 309 2344 368 HIPPOLYTI
2383 308 2576 370 SEDE.
2617 343 2686 355 --
2723 307 2905 369 PARS
2942 311 2984 366 I.

3691 311 3802 368 ιω

553 445 652 487 ω
683 428 980 486 Daeherius
1001 424 1140 500 (64).
1171 427 1499 484 Ειιιιιιιιιᾱιιε
1530 426 1768 484 Martene
1796 429 1934 501 (55),
1957 439 2119 501 atque

2228 429 2408 500 gister,
2437 429 2596 500 cujus
2626 429 2836 500 glossas
2871 427 3040 484 edidit
3060 426 3326 483 Weitzius
3365 423 3505 498 (58).
3537 425 3802 483 Secundo

555 523 800 580 omnium
835 521 1282 578 accuratissimus
1318 519 1403 576 Jo.
1438 520 1594 591 Bapt.
1624 521 1869 577 Solerius
1898 522 2034 592 (56),
2069 523 2125 577 in

555 613 874 686 praefatione
889 613 956 667 ad
986 627 1181 668 novam
1216 612 1586 685 Martyrologii
1615 611 1912 668 Usuardini
1939 614 2127 669 editio-

557 722 706 772 nem,
737 706 958 776 aliique.
995 703 1150 760 Hunc
1173 703 1518 778 Hippolytum
1551 705 1906 761 Antiochense
1935 703 2123 760 Eccle-

555 799 652 853 site
687 798 1060 868 presbyterum
1091 796 1260 852 fuisse
1291 805 1451 867 atque
1482 794 1777 851 Novatiana
1803 796 1925 852 labe
1945 796 2126 867 inqui-

555 902 765 957 natum,
789 905 966 960 eaque
1018 889 1363 960 postmodum
1414 888 1646 959 ejurata,
1697 888 1994 959 gloriosum
2027 902 2124 959 pro

551 983 775 1040 Christo
802 981 1119 1054 martyrium
1177 996 1587 1036 consummasse
1613 981 1808 1035 docent
1831 979 2123 1048 Notkerus,

554 1077 692 1140 Ado,
721 1072 1028 1137 Usuardus,
1054 1088 1289 1144 quorum
1315 1072 1618 1128 testimonia
1650 1071 1901 1144 superius
1929 1074 2126 1128 recita-

552 1171 754 1224 vimus.
809 1165 1141 1221 Tillemontii
1185 1180 1249 1220 ac
1287 1163 1482 1220 Solerii
1528 1164 1892 1236 conjecturas,
1924 1166 2124 1235 quibus

554 1261 904 1332 Hippolytum
934 1259 1100 1325 hunc,
1143 1265 1203 1312 ut
1231 1257 1438 1322 dicunt,
1489 1257 1862 1330 presbyterum
1913 1273 1981 1313 ex
2009 1259 2123 1312 An-

553 1355 806 1409 tiochena
836 1350 1077 1406 Ecclesia
1131 1350 1186 1404 in
1239 1348 1542 1405 Romanam
1601 1349 1901 1406 transferre
1940 1351 2126 1406 volue-

554 1457 701 1512 runt,
727 1445 836 1516 jam
883 1443 1134 1513 superius
1183 1458 1338 1498 num.
1398 1443 1466 1498 15
1543 1457 1645 1498 nos
1681 1442 1906 1499 diluisse
1953 1445 2126 1499 conti-

554 1539 755 1594 dilnus.

553 1650 740 1705 XVIII.
782 1647 1007 1702 Joannis
1069 1645 1214 1700 Pinii
1263 1646 1325 1700 de
1364 1644 1660 1718 Hippolyti
1705 1645 1909 1700 tumulo
1951 1648 2126 1718 conje-

1107 1728 1257 1772 ctura
1289 1717 1571 1787 refellitur.

623 1835 969 1907 Hippolytum
1021 1833 1338 1904 episcopum
1399 1839 1455 1887 et
1488 1841 1782 1904 martyrem
1821 1833 2117 1900 exstitisse,

554 1943 714 1982 nemo
744 1936 828 1982 est
851 1925 944 1996 qui
971 1925 1197 1991 nesciat,
1225 1939 1460 1994 eumque
1503 1921 1801 1978 Prudentio
1840 1924 2118 1979 laudatum

551 2035 617 2076 ex
644 2020 731 2086 iis,
766 2035 888 2089 quae
919 2019 1180 2072 hactenus
1224 2016 1483 2080 diximus,
1517 2015 1650 2071 satis
1685 2025 1937 2071 constare
1963 2025 2119 2086 puta-

559 2113 1073 2184 mus.Qnaproptcr
1128 2111 1638 2182 prarstantissimum
1699 2122 1934 2182 poetam,
1987 2109 2118 2163 dum

554 2209 704 2263 illius
734 2207 930 2262 cecinit
956 2214 1129 2278 gesta,
1163 2204 1369 2274 aliquid
1415 2203 1637 2257 humani
1691 2217 1915 2273 passum
1951 2200 2122 2256 fuisse

551 2301 738 2356 docuit
767 2298 1054 2362 Baronius,
1079 2298 1236 2366 cujus
1265 2296 1586 2350 sententiam
1617 2303 1697 2350 tot
1719 2302 2006 2363 tantosque
2035 2292 2118 2346 vi-

551 2408 644 2447 ros
669 2392 932 2461 probasse
987 2390 1242 2460 superius
1295 2388 1636 2442 monuimus.
1687 2383 1874 2456 Neque
1937 2400 2036 2440 nos
2063 2386 2118 2439 in

550 2485 882 2541 contrariam
919 2483 1069 2538 abite
1106 2498 1344 2553 unquam
1384 2481 1623 2552 impellet
1670 2478 1981 2549 nuperrima
2030 2475 2115 2530 lo.

554 2577 690 2631 Pinii
738 2577 851 2648 (57)
880 2575 1218 2646 conjectura.
1266 2574 1382 2644 qui,
1437 2581 1728 2643 postquam
1771 2570 2116 2641 Hippolytum

550 2671 776 2725 militem
813 2668 1090 2724 Laurentii
1120 2667 1330 2722 socium
1365 2665 1577 2736 egregie
1618 2663 1934 2728 vindicavit,
1983 2660 2120 2714 Pru-

549 2765 717 2819 dentii
750 2764 912 2818 etiam
947 2760 1313 2832 patrocinium
1363 2759 1622 2828 suscepit,
1653 2757 1941 2828 ipsumque
1970 2756 2120 2810 omni

549 2855 891 2911 confusionis
924 2855 1057 2908 vitio
1113 2853 1411 2906 immunem
1445 2849 1699 2906 asseruit.
1736 2847 1947 2904 Etenim
1983 2852 2119 2904 duos

549 2957 602 3002 et
630 2949 744 3016 ipse
776 2946 1094 3016 Hippolytus
1121 2957 1440 3013 agnoscens,
1469 2940 1695 2995 militem
1721 2939 1994 2994 Laurentii
2029 2953 2120 2994 so-

548 3045 694 3102 cium
733 3045 788 3098 in
825 3057 960 3112 agro
984 3039 1204 3095 Verano
1239 3037 1512 3107 sepultum
1547 3036 1712 3102 dicit;
1742 3035 2117 3107 presbyterum

549 3152 679 3193 vero
703 3151 733 3190 a
757 3133 1054 3188 Prudentio
1081 3129 1359 3185 laudatum
1387 3128 1455 3184 ad
1485 3125 1802 3183 Tiberinum
1830 3127 1982 3182 urbis
2009 3135 2120 3182 tra-
2147 3156 2190 3216 α

548 3239 720 3290 ctum,
748 3241 844 3282 seu
887 3225 971 3279 via
998 3221 1257 3278 Ostiensi.
1321 3239 1340 3274 ι
1368 3219 1548 3277 Locus
1593 3235 1746 3291 ergo,
1802 3219 1998 3290 inquit,
2029 3233 2117 3274 se-

545 3319 778 3392 pultura:
814 3317 872 3371 S.
927 3315 1199 3388 Hippolyti
1242 3315 1416 3370 nostri
1447 3315 1658 3370 videtur
1684 3327 1805 3368 esse
1844 3313 2005 3382 longe
2033 3311 2116 3366 di-

545 3426 742 3466 versus
768 3425 801 3466 a
827 3409 948 3464 loco
977 3417 1196 3479 cryptaa,
1258 3407 1310 3462 in
1350 3422 1513 3478 quam
1573 3405 1873 3461 translatus
1910 3415 2116 3474 martyr

545 3517 885 3574 synonymus
905 3501 1106 3556 dicitur
1139 3499 1280 3569 apud
1308 3498 1681 3564 Prudentium,
1715 3497 1872 3567 cujus
1903 3495 2008 3550 loci
2035 3495 2115 3550 si-

544 3607 660 3652 tum
690 3595 1051 3657 individuum,
1085 3593 1295 3647 etiamsi
1345 3591 1416 3646 ab
1464 3591 1557 3646 illo
1609 3591 1950 3662 designatum
2005 3602 2112 3643 non

545 3690 800 3759 legimus,
827 3689 972 3759 quod
1023 3695 1204 3742 tamen
1231 3685 1296 3739 ad
1340 3683 1656 3739 Tiberinum
1696 3682 1849 3738 urbis
1878 3689 2113 3735 tractum

544 3781 592 3836 is
648 3781 848 3836 alicubi
899 3777 1190 3843 exstiterit,
1243 3778 1587 3848 suspicamur
1614 3791 1682 3831 ex
1729 3775 1815 3830 his
1868 3773 2114 3844 ejusdem

540 3882 718 3942 poetae
745 3871 924 3927 verbis
950 3889 965 3926 :

615 3987 832 4042 Talibus
865 3985 1344 4057 Ilippolyticorpus
1376 3983 1664 4057 mandatur
1687 3981 1900 4057 opertis,

684 4058 907 4128 Propter
939 4053 1028 4111 ubi
1056 4053 1297 4127 apposita
1321 4066 1396 4109 est
1425 4071 1519 4108 ara
1541 4053 1720 4128 dicata
1753 4053 1878 4106 Deo.

611 4127 723 4183 Illa
748 4123 1066 4182 sacramenti
1089 4123 1340 4181 donatrix
1369 4142 1566 4189 mensa,
1603 4123 1882 4193 eademque

679 4198 1008 4277 Custosﬁda
1031 4199 1119 4277 sui
1144 4197 1394 4277 martyris
1420 4195 1687 4277 apposita,

610 4268 794 4324 Servat
825 4262 908 4320 ad'
937 4270 1119 4322 (ωενιιὶ
1146 4262 1316 4336 ερρηῇ
1333 4262 1530 4336 judicia
1576 4262 2002 4336 ossausepulcro,

686 4339 865 4394 Pascit
891 4339 1027 4392 idem
1051 4334 1249 4392 sanctis
1277 4335 1570 4391 Tibricolas
1593 4334 1838 4404 dapibus.

538 4456 608 4510 At
641 4457 795 4521 longe
829 4469 927 4510 sua
961 4452 1216 4522 opinione
1241 4449 1446 4505 fallitur
1473 4449 1554 4504 vir
1586 4448 1958 4505 doctissimus.
1993 4445 2110 4501 Pri-

2232 535 2355 575 mox
2388 519 2552 576 allata
2601 519 2880 576 Prudentii
2925 520 3168 576 carmina
3215 520 3532 576 interiorem
3577 519 3802 589 quidem

2229 613 2527 669 cmmeterii
2553 613 2860 680 aediculam,
2894 627 3156 683 aramque
3173 627 3337 683 super
3364 610 3643 684 Hippolyti
3672 627 3804 665 cor-

2230 720 2333 774 pus
2355 715 2686 762 exstructam
2745 703 3078 767 describunt,
3121 704 3440 772 neutiquam
3475 719 3609 758 vero
3656 704 3807 759 illius

2231 799 2528 854 ctemeterii
2557 799 2745 863 situm,
2795 813 2956 865 quem
2986 811 3116 854 sane
3163 781 3519 866 sequentibus
3546 795 3807 852 carmini-

2232 889 2335 946 bus
2363 889 2716 946 Prudentium
2740 891 3055 961 designasse
3088 898 3336 946 constat:

2303 981 2464 1036 Haud
2498 983 2683 1052 procul
2707 993 2939 1038 extremo
2972 982 3115 1036 culta
3145 983 3214 1036 ad
3243 981 3494 1050 pomoeria
3521 980 3664 1036 vallo

2374 1053 2558 1108 Mensa
2590 1053 2862 1108 latebrosis
2884 1065 3069 1124 crypta
3100 1061 3244 1124 patet
3264 1053 3448 1124 foveis.

2232 1143 2300 1200 Et
2340 1148 2528 1217 paucis
2553 1146 2854 1218 interiectis
2881 1164 2896 1202 :

2304 1258 2606 1324 Quamlibet
2632 1259 2886 1329 ancipites
2926 1267 3106 1312 texunt
3133 1258 3254 1312 hinc
3275 1257 3409 1329 inde
3435 1271 3668 1311 recessus

2372 1333 2534 1384 Arcta
2563 1336 2658 1383 sub
2693 1328 2953 1384 umbrosis
2973 1330 3114 1383 atria
3142 1328 3468 1396 porticibus;

2301 1399 2548 1454 Attamen
2574 1400 2935 1458 excisisubter
2959 1416 3085 1453 cava
3114 1401 3312 1454 riscera
3346 1398 3543 1451 montis

2375 1469 2572 1526 Crebra
2603 1471 2861 1524 terebrato
2897 1470 3096 1540 fornice
3125 1469 3218 1523 lux
3237 1478 3494 1540 penetrat.

2305 1540 2395 1597 Sic
2422 1542 2585 1594 datur
2615 1541 2844 1595 absentis
2877 1557 2969 1610 per
2989 1539 3487 1610 subterraneasolis

2372 1611 2594 1668 Cernere
2621 1609 2884 1682 fulgorem
2907 1610 3292 1680 luminibusque
3317 1609 3449 1678 frui.

2232 1703 2328 1761 His
2356 1703 2577 1776 quidem
2608 1703 2946 1759 carminibus
2973 1701 3248 1757 Veranum
3293 1701 3355 1754 Β.
3385 1699 3663 1772 Hippolyti
3691 1711 3802 1756 eai-

2158 1797 2200 1853 B
2231 1797 2514 1853 meterium
2538 1812 2567 1851 a
2591 1793 2888 1852 Prudentio
2915 1795 3249 1864 descriptum
3282 1794 3532 1848 omnium
3561 1793 3798 1864 primum

2225 1888 2409 1944 docuit
2430 1886 2626 1958 Georg.
2661 1885 2944 1942 Fabricius
2975 1885 3248 1956 (59),dum
3280 1883 3498 1954 inquit:
3558 1900 3578 1935 ι
3601 1879 3800 1938 lntelli-

2227 1981 2305 2052 git
2331 1989 2574 2052 cryptam
2623 1976 2915 2034 Veranium
2947 1978 3001 2034 in
3029 1979 3118 2033 via
3164 1975 3472 2042 Tiburtina,
3502 1991 3670 2047 quam
3709 1976 3799 2032 de-

2227 2073 2468 2130 scribit.»
2497 2071 2806 2128 Fabricium
2855 2072 3027 2128 secuti
3077 2079 3208 2126 sunt
3250 2069 3562 2126 doctissimi
3585 2070 3714 2133 viri,
3738 2084 3798 2126 ac

2227 2180 2508 2221 sacrarum
2555 2162 2713 2221 Urbis
2755 2163 3142 2234 antiquitatum
3183 2162 3502 2234 peritissimi
3532 2160 3800 2217 Baronius

2227 2257 2364 2328 (60),
2400 2255 2594 2313 Bosius
2635 2255 2771 2327 (61),
2826 2255 3136 2311 Severanus
3166 2255 3302 2326 (62),
3335 2255 3643 2326 Aringbius
3667 2255 3798 2326 (63),

2225 2342 2483 2400 Boldetus
2527 2342 2666 2415 (64),
2700 2343 2794 2413 qui
2837 2345 2952 2399 haec
2982 2345 3170 2399 eadem
3227 2345 3462 2400 recitant
3518 2343 3798 2400 Prudentii

2225 2435 2486 2502 carmina,
2515 2435 2643 2490 dum
2676 2433 2948 2492 Veranum
2998 2433 3060 2490 Β.
3116 2435 3392 2508 Hippolyti
3420 2437 3797 2493 cmmeterium

2224 2527 2558 2582 describunt.
2589 2525 2656 2581 Et
2678 2542 2810 2583 sane
2838 2543 2962 2582 cum
3010 2525 3341 2585 Prudentius
3368 2529 3504 2585 illud
3533 2545 3646 2584 non
3688 2543 3799 2600 pro-

2226 2618 2316 2674 cul
2347 2619 2416 2673 ab
2441 2619 2590 2675 urbis
2614 2620 2918 2690 pomoeriis,
2944 2636 3009 2677 ac
3053 2621 3107 2676 in
3143 2630 3327 2678 monte
3355 2622 3524 2678 situm
3554 2622 3797 2690 adﬁrmet,

2227 2713 2340 2768 haec
2366 2715 2547 2768 omnia
2580 2729 2712 2786 agro
2745 2713 2961 2770 Verano
2997 2717 3243 2787 apprime
3294 2721 3676 2776 conveniunt:
3702 2717 3797 2775 Ye-

2226 2821 2394 2860 ranus
2421 2805 2689 2876 siquidem
2720 2821 2848 2878 ager
2870 2823 2978 2862 non
3009 2810 3200 2879 procul
3230 2810 3299 2866 ab
3318 2811 3471 2868 urbis
3496 2813 3796 2882 pomariis,

2226 2913 2290 2952 ac
2319 2897 2372 2952 in
2401 2908 2584 2953 monte
2611 2899 2751 2955 situs
2773 2909 2880 2966 est,
2903 2907 2965 2954 ut
2999 2915 3190 2957 omnes
3220 2911 3440 2957 norunt.
3472 2901 3795 2973 Neutiquatu

2224 3003 2354 3044 vero
2379 2989 2468 3045 ille
2493 2987 2732 3046 Ostiensi
2761 2992 2860 3047 vite
2891 2991 3204 3062 contiguus,
3251 2994 3346 3064 qui
3388 2995 3577 3064 potius
3601 2996 3660 3050 in
3691 2995 3796 3066 pla-

2228 3082 2415 3137 nitiem
2446 3084 2638 3155 vergit.
2665 3083 3008 3155 Quapropter
3037 3087 3090 3140 in
3115 3087 3493 3144 vetustissimo
3527 3089 3797 3160 epigram‘

2225 3184 2390 3243 male,
2414 3176 2558 3246 quod
2620 3177 2747 3232 olim
2783 3176 2934 3233 Galla
2981 3176 3218 3234 Placidia
3253 3178 3317 3237 Β.
3369 3179 3660 3236 Laurentii
3710 3192 3794 3236 tu-

2224 3267 2373 3322 mulo
2403 3283 2433 3322 a
2463 3283 2520 3323 se
2545 3269 2850 3327 instant-ato
2884 3271 3184 3343 inscripsit,
3217 3272 3334 3328 haec
3374 3271 3639 3343 leguntur
3663 3273 3795 3344 apud

2224 3358 2515 3414 Gruternm
2550 3360 2684 3432 (65),
2706 3362 2801 3431 qui
2834 3363 2970 3418 illud
3020 3378 3088 3418 ex
3117 3365 3344 3434 antiquo
3368 3364 3563 3421 codice
3614 3365 3796 3422 biblio-

2224 3452 2397 3505 thecae
2426 3449 2690 3507 Palatina:
2711 3453 2952 3524 primum
2979 3455 3219 3526 vulgavit
3243 3473 3258 3511 :

2296 3542 2466 3617 Erato
2488 3545 2734 3615 planities
2761 3549 2934 3616 patuit
2962 3549 3056 3602 sub
3087 3562 3260 3603 monte
3291 3550 3478 3617 recisa,

2364 3613 2560 3686 Estque
2591 3613 2790 3672 remota
2818 3619 2966 3688 gravi
2999 3619 3131 3674 mole
3161 3621 3316 3674 ruina
3347 3613 3555 3676 minax.

2222 3701 2465 3761 Tandem
2499 3705 2829 3764 Prudentius
2857 3709 3206 3779 magniﬁcum
3233 3710 3506 3781 quoddam
3538 3710 3799 3783 templum

2223 3793 2496 3870 Hippolyti
2519 3802 2833 3856 cosmeterio
2881 3801 3247 3873 propinquum
3284 3804 3338 3858 in
3363 3804 3556 3859 eodem
3597 3804 3798 3877 hymno

2222 3887 2309 3944 bis
2328 3891 2667 3948 carminibus
2689 3892 2948 3949 describit
2969 3910 2984 3950 :

2221 4003 2342 4078 Sta_t
2373 4003 2461 4058 sed
2473 4003 2634 4078 juxta
2667 4003 2836 4078 aliud,
2871 4004 3010 4078 quod
3035 4013 3189 4078 tanta
3217 4002 3514 4075 frequentia
3541 4006 3795 4078 templum

2299 4072 2444 4144 Tunc
2471 4072 2626 4144 adeat
2655 4073 2802 4127 cultu
2830 4072 3004 4129 nobile
3037 4075 3248 4144 regiﬁco

2220 4143 2520 4215 Parietibus
2552 4143 2748 4197 celsum
2780 4143 3274 4215 sublimibusatque
3303 4145 3542 4215 superbis

2293 4213 2576 4284 blajestate
2601 4224 2780 4284 potens
2814 4213 3216 4284 muneribusque
3239 4213 3476 4284 opulens.

2223 4283 2368 4355 Ordo
2385 4283 2767 4338 columnarum
2799 4286 3034 4355 geminus
3057 4283 3330 4354 laquearia
3361 4287 3486 4340 tecti

2289 4353 2548 4418 Sustinet,
2576 4355 2781 4408 auratis
2802 4353 3102 4426 suppositus
3127 4353 3384 4422 trabibus,
3404 4365 3511 4413 etc.

2220 4443 2316 4500 His
2350 4461 2484 4501 sane
2513 4446 2852 4502 carminibus
2897 4445 3163 4502 Veranam
3195 4447 3253 4502 S.
3289 4446 3574 4504 Laurentii
3607 4447 3794 4503 basili-

541 4563 690 4603 mum
733 4546 1001 4617 siquidem
1026 4561 1129 4599 vox
1164 4544 1253 4598 illa
1303 4540 1620 4607 Tibricolas,
1651 4556 1718 4596 ex
1768 4556 1876 4610 qua
1934 4541 2116 4609 conje‘
2147 4517 2194 4576 θ
2221 4553 2338 4592 cam
2366 4537 2722 4593 Prudentium
2777 4539 3031 4595 laudasse
3085 4539 3495 4607 existimamus,
3520 4555 3632 4594 non
3663 4556 3796 4596 vero

541 4652 708 4694 cturze
735 4655 848 4693 snas
877 4647 986 4691 tota
1016 4638 1096 4692 vis
1123 4635 1340 4707 pendet,
1371 4635 1655 4689 universos
1683 4633 1856 4699 urbis,
1885 4648 1990 4686 non
2014 4649 2112 4686 au-

542 4741 648 4786 tem
682 4731 941 4785 Tiberinw
970 4731 1199 4801 regionis
1231 4728 1440 4784 incolas
1465 4727 1737 4796 designat,
1765 4734 1823 4780 ut
1847 4736 1987 4780 recte
2013 4740 2112 4780 nos
2150 4762 2154 4766 -

539 4824 728 4879 docuit
782 4823 1199 4894 antiquissimus
1245 4819 1524 4878 Prudentii
1566 4819 1835 4890 interpres
1871 4818 1956 4873 lso
2003 4833 2114 4872 ma-

609 5016 724 5092 (51)
754 5020 829 5073 In
853 5018 1059 5092 monito
1092 5019 1159 5092 ad
1197 5016 1473 5092 Martyrol.
1504 5013 1922 5092 S._llieronymi,
1963 5013 2110 5084 quod

537 5086 712 5146 edidit
742 5101 876 5144 tom.
920 5087 964 5142 ll
1015 5086 1310 5158 Spicilegii,
1434 5089 1458 5158 1
1489 5086 1748 5158 θαίμρὶι.

614 5161 727 5230 (55)
774 5159 978 5230 Voyaqe
1007 5156 1285 5224 litteruire,
1328 5156 1367 5212 ti.
1402 5157 1467 5222 ll,
1499 5174 1553 5227 p.
1581 5156 1704 5211 I98.

612 5225 724 5298 (56)
751 5225 878 5312 -ᾼιί,
913 5225 965 5296 1,
982 5230 1030 5353 ὃ
1053 5234 1107 5297 ‘2,
1146 5247 1198 5301 p.
1231 5231 1296 5284 15
1319 5242 1381 5310 ⁸ιιι
1413 5225 1590 5298 seqq,
1643 5230 1764 5283 Act.
1823 5225 1923 5280 SS.
1957 5240 2112 5280 men-

612 5303 784 5353 ..lnnn
807 5313 943 5353 tom.
1033 5300 1070 5353 I.
1100 5317 1152 5353 ιι.
1188 5301 1212 5353 1
1247 5300 1376 5353 edit.
1416 5297 1632 5353 Veneta:
1662 5313 1751 5352 an.
1785 5296 1946 5351 1745.

540 5296 784 5357 sisJunii
807 5313 943 5356 tom.
982 5296 1070 5365 VI,
1247 5300 1376 5354 edit.
1416 5296 1632 5371 Veneta:
1662 5313 1751 5352 an.
1785 5296 1946 5371 I74§.

613 5373 727 5442 (57)
752 5373 874 5426 Act.
907 5364 1242 5432 SS..mcnsis
1271 5371 1500 5491 August.
1531 5369 1618 5422 die
1644 5383 1764 5432 χιιι,
1790 5369 1857 5422 de
1892 5366 1950 5421 S.
1978 5364 2111 5435 Hip-

613 5444 743 5491 Ivto-
775 5443 1103 5491 Concordia.
1157 5451 1286 5491 etc.“
1320 5439 1470 5491 ΜΛ..
1504 5455 1622 5491 οιιιι.
1676 5438 1732 5491 8.
1766 5447 1805 5491 ι.
1858 5436 1924 5491 ΙΙΙ
1974 5437 2106 5491 edit.

575 5436 744 5514 plyto,
775 5443 1103 5514 Concordia,
1137 5451 1286 5514 _etc.,
1320 5436 1622 5514 MM.,_pag.
1676 5438 1732 5502 8,
1766 5447 1805 5492 t.
1858 5436 1924 5491 III
1974 5437 2106 5492 edit.

586 5455 744 5514 Dlytt),
775 5455 1103 5506 UOIICOI‘tIla,
1157 5455 1286 5505 etc..,
1320 5455 1545 5564 5131.,3:

586 5516 908 5584 eneueanni
940 5513 1095 5575 1752,
1130 5512 1156 5584 §
1188 5511 1244 5578 2,
1269 5527 1425 5584 illiilli.
1454 5512 1506 5564 ‘2‘
1532 5549 1545 5564 .

610 5583 722 5654 (58)
754 5583 883 5654 Pag.
918 5584 1044 5648 5'35,
1079 5581 1220 5637 vers.
1258 5581 1381 5636 170.

610 5650 723 5726 (59)
750 5650 1018 5726 -Ίνιέδιιιιν,
1054 5663 1197 5726 poet.
1229 5653 1444 5726 Citron.,
1476 5667 1533 5726 p.
1559 5650 1648 5706 69.

609 5722 807 5790 (6min
857 5735 970 5778 not.
1027 5725 1093 5780 ad
1153 5723 1428 5796 lt-Iartyrol.
1477 5725 1564 5778 die
1620 5737 1716 5777 xm
1773 5723 1934 5795 Aug,
1988 5737 2106 5793 pag.

576 5796 643 5850 to
679 5800 770 5850 cit.
795 5796 924 5850 edit.

539 5792 643 5850 546
679 5800 770 5850 cit.
795 5796 924 5851 edit.

2217 4629 2497 4701 ipsiusmet
2534 4628 2807 4702 Hippolyti
2861 4630 3168 4698 ecclesiam,
3219 4631 3686 4701 Quemadmodum
3714 4631 3795 4686 vir

2213 4724 2281 4775 de
2312 4722 2484 4777 sacris
2511 4721 2707 4777 litteris
2731 4721 2935 4792 optime
2968 4723 3198 4778 meritus
3228 4723 3502 4779 Henricus
3534 4721 3791 4778 Valesius

2214 4811 2326 4882 (66)
2348 4810 2600 4868 credidit.
2615 4811 2765 4868 Hanc
2788 4813 3057 4883 siquidem
3088 4830 3196 4868 non
3214 4814 3392 4885 juxta,
3415 4815 3507 4870 sed
3528 4831 3699 4886 supra
3730 4815 3792 4869 il-

2283 5015 2404 5088 (61)
2422 5017 2573 5071 Rom.
2629 5025 2979 5088 sotterranea,
3028 5015 3123 5072 lib.
3175 5033 3260 5083 ιιι,
3296 5033 3417 5088 cap.
3452 5017 3544 5085 39,
3582 5033 3637 5088 p.
3684 5017 3790 5074 399

2211 5085 2342 5144 edit.
2376 5085 2535 5141 Rom.
2569 5103 2659 5141 an.
2696 5087 2854 5140 1652.

2284 5156 2397 5228 (62)
2451 5156 2701 5211 Memorie
2737 5174 2885 5211 sacre
2913 5157 3050 5212 delle
3102 5166 3232 5212 sette
3267 5156 3450 5228 Chiese
3489 5157 3547 5210 di
3594 5156 3786 5222 Roma,

2213 5224 2422 5350 tomiilt,
2451 5243 2504 5297 p.
2539 5228 2666 5294 645,
2720 5229 2812 5282 ubi
2857 5231 3228 5284 cmineterium
3279 5228 3336 5282 S.
3394 5224 3806 5299 11ἰρροΙ)·ιίόεο“

2213 5314 2356 5350 SCI‘I)
2407 5337 2420 5350 .

2213 5307 2420 5355 scribit.

2211 5365 2596 5493 διωὲὶιηιξοιὲα
2618 5364 2980 5434 subterranea,
3017 5365 3115 5423 lib.
3161 5381 3240 5434 tv,
3289 5381 3409 5437 cap.
3440 5365 3530 5434 16,
3557 5374 3598 5421 ι.
3634 5364 3703 5434 ΙΙ,
3725 5381 3782 5437 p.

2289 5483 2303 5503 ,
2332 5453 2484 5491 num.
2513 5453 2567 5490 ο.

2285 5506 2801 5591 Οδδετυαιὶοειξ
2834 5509 3059 5591 δορυ-,ειη
3108 5509 3335 5591 cimiteri
3355 5509 3442 5574 de,
3465 5509 3609 5567 salii
3637 5523 3783 5562 mr-

2215 5577 2462 5649 tiri,ﬂlib._
2488 5593 2547 5643 ιι,
2578 5591 2700 5649 cap.
2735 5577 2824 5643 18,
2857 5577 2911 5649 p.
2944 5578 3049 5632 568
3079 5581 3208 5633 edit.
3233 5583 3326 5634 cit.

2285 5647 2399 5721 (65)
2421 5645 2808 5721 inscriptiones
2839 5645 3092 5719 antiquae,
3125 5665 3266 5721 pag:
3293 5649 3454 5704 1175.

2283 5717 2394 5788 (66)
2419 5719 2474 5772 In
2506 5727 2620 5770 not.
2643 5718 2710 5772 ad
2740 5717 2937 5774 Euseb.
2968 5717 3046 5773 De
3093 5717 3585 5784 vita'Constantini,
3615 5717 3657 5776 1.
3687 5728 3778 5788 ιιι,

2214 5807 2261 5846 c.
2294 5787 2382 5860 58,
2417 5805 2467 5860 p.
2503 5788 2607 5846 599
2656 5788 2784 5844 edit.
2824 5791 2917 5845 cit.
2950 5789 3312 5862 Cantabrigte,
3341 5792 3432 5846 ubi
3485 5791 3602 5844 hate
3658 5787 3775 5843 ait:
