3966 6344
184 392 296 450 405

977 401 1066 458 DE
1102 403 1497 461 PORTUENSI
1538 404 1597 462 8.
1637 403 1996 461 HlPPOLY‘l'l
2035 405 2230 461 SEDE.
2270 435 2337 448 ι-
2375 404 2556 460 PARS
2590 405 2635 463 1.

3308 409 3417 465 £66

182 511 294 566 lius
323 511 703 568 cmmeterium
729 513 891 569 sitam
921 513 1110 581 fuisse.
1150 525 1412 588 tantaque
1437 516 1758 574 muniiicen-
1783 521 1834 578 Δ
1930 517 2178 593 Merenda
2199 518 2416 593 eligitur
2441 519 2641 573 tumulo
2665 518 2844 583 locus;
2869 518 3017 575 Ostia
3043 523 3308 593 linquunt,

179 603 256 658 tia
282 603 431 658 haud
459 604 723 674 polluisse
752 606 976 662 scimus.
1025 605 1082 662 8.
1109 607 1386 665 Laurentii
1418 625 1545 665 vero
1573 610 1750 666 basili-

179 707 302 748 cam
330 709 364 746 a
393 694 755 750 Constantino
780 694 850 749 Μ.
877 697 1310 766 splendidissime
1334 698 1748 770 excitatam,ju-

177 794 270 838 xta
302 783 368 841 S.
394 783 672 858 Hippolyti
703 789 1076 843 cmmeterium
1118 790 1351 859 positam
1405 807 1548 858 esse,
1571 793 1748 862 dupli-

177 876 340 946 cique
363 877 748 932 columnarum
787 878 980 933 ordine
1029 877 1222 935 fultam
1276 882 1552 948 novimus,
1609 884 1746 938 adeo

177 980 241 1023 ut
269 969 450 1024 eidem
509 984 636 1025 mox
686 971 845 1025 allata
917 970 1196 1028 Prudentii
1254 975 1498 1030 carmina
1543 977 1746 1046 optime

177 1062 531 1118 conveniant.
556 1064 846 1134 Antiquam
873 1065 1250 1120 Laurentianze
1288 1067 1524 1123 basilica:
1557 1069 1744 1123 ichne-

176 1154 464 1225 graphiam
489 1156 625 1210 mire
659 1156 948 1211 illustravit
993 1155 1228 1213 Joannes
1256 1157 1575 1229 Ciampinus
1604 1160 1740 1229 (67),

173 1247 430 1316 quem,si
467 1247 634 1314 lubet,
665 1249 912 1304 consulat
934 1249 1121 1304 lector.
1163 1247 1258 1304 His
1290 1249 1508 1306 demum
1537 1252 1744 1307 accedit

171 1337 675 1393 luculentissimum
736 1340 1010 1396 Anastasii
1051 1339 1450 1397 Bibliotheearii
1497 1344 1742 1398 testimo-

171 1431 328 1485 nium
378 1431 451 1485 ab
486 1430 750 1502 Aringhio
805 1432 915 1502 (68)
969 1433 1267 1500 laudatum,
1332 1435 1425 1504 qtti
1470 1433 1744 1507 Hippolyti

171 1521 552 1575 cameterium
585 1522 654 1575 ab
704 1520 942 1578 Adriano
988 1525 1010 1576 ι
1062 1522 1252 1594 pontii.
1304 1522 1376 1579 Μ.
1429 1525 1736 1580 restitutum

170 1627 431 1679 narrans,
459 1614 575 1668 haec
627 1614 824 1670 habet:
887 1634 906 1666 ι
940 1613 1113 1670 Simul
1146 1625 1200 1670 et
1258 1616 1626 1672 caemeterium
1670 1615 1733 1671 Β.

167 1701 449 1776 Hippolyti
479 1707 735 1778 martyris
784 1707 938 1778 juxta
997 1705 1054 1762 8.
1105 1707 1480 1776 Laurentium,
1527 1709 1673 1779 quod
1703 1725 1736 1764 a

165 1795 375 1863 priscis
400 1808 714 1853 marcuerat
766 1799 1122 1868 temporibus,
1179 1813 1210 1854 a
1261 1815 1400 1854 novo
1432 1799 1729 1855 renovavit.

1997 587 2162 643 Roma
2184 587 2374 659 placet,
2403 603 2611 643 sanctos
2640 606 2754 660 quae
2777 599 2944 644 teneat
2977 587 3193 647 cineres.

1851 693 1962 752 Nec
1999 695 2351 753 Prudentium
2394 698 2450 752 in
2501 697 2606 753 hac
2651 715 2709 753 rc
2759 697 2879 754 falsi
2923 716 3073 756 reum
3128 705 3410 762 traducere

1849 784 2121 855 quispiam
2180 787 2410 857 poterit;
2469 802 2596 841 nam
2647 787 2701 841 in
2752 788 2855 843 hoc
2893 791 3082 845 eodem
3137 791 3409 867 Hippolyti

1849 875 2078 942 tumulo,
2113 893 2276 948 quem
2304 877 2356 931 in
2405 877 2490 932 via
2522 876 2827 942 Tiburtina,
2855 890 2908 934 et
2948 881 3001 934 in
3034 898 3164 952 agro
3194 881 3408 940 Verane

1847 963 2012 1018 situm
2035 966 2312 1021 exstitisse
2336 965 2598 1030 diximus,
2629 967 2904 1034 egregium
2937 968 3064 1022 illud
3099 972 3229 1024 tanti
3262 989 3409 1027 mar-

1847 1055 1981 1122 tyris
2023 1065 2434 1110 monumentum
2486 1071 2630 1109 anno
2658 1055 2786 1109 1551
2835 1055 3004 1115 fuisse
3031 1070 3298 1129 repertum
3331 1073 3408 1117 te-

1845 1152 2057 1198 stantur
2103 1143 2308 1200 Paulus
2357 1145 2631 1202 Manutius
2659 1146 2791 1219 (71),
2834 1148 2956 1203 Aldi
2987 1150 3176 1215 illius,
3232 1153 3403 1208 Baro-

1843 1231 1968 1287 nius
2004 1233 2139 1305 (72),
2184 1236 2383 1304 aliique
2429 1237 2709 1306 permulti,
2757 1240 2902 1308 quod
2958 1242 3302 1310 postmodum
3345 1245 3402 1300 in

1841 1322 2225 1380 bibliothecam
2267 1325 2583 1383 Vaticanum
2617 1329 2849 1394 illatum,
2886 1344 3115 1388 curante
3148 1333 3406 1391 Marcello

1840 1411 2069 1468 Cervino
2100 1412 2158 1468 S.
2197 1412 2262 1468 R.
2297 1414 2358 1469 Ε.
2399 1415 2673 1471 cardinalc
2709 1417 3139 1482 hibliethccario,
3177 1420 3404 1474 immor-

1842 1504 1964 1559 talis
1992 1505 2270 1561 memorize
2305 1507 2441 1572 viro,
2479 1508 2808 1563 uberrimam
2857 1510 3032 1565 doctis
3061 1511 3192 1566 viris
3223 1510 3404 1566 disse:

1837 1595 1989 1648 rendi
2023 1605 2260 1666 segetem
2293 1597 2555 1666 praebuit,
2597 1597 2869 1670 Sealigere
2907 1615 3132 1671 nempe,
3168 1600 3401 1673 Egydie

1835 1683 2124 1754 Becherie,
2153 1686 2390 1755 Nerisio,
2430 1688 2721 1744 Franciseo
2750 1689 3084 1760 Blanchino,
3126 1693 3398 1765 Viguolio,

1839 1776 2090 1846 aliisque,
2131 1792 2364 1847 quorum
2402 1779 2608 1849 scripta.
2631 1780 2746 1850 jam
2785 1780 2877 1834 diu
2919 1783 3257 1837 eruditorum
3283 1800 3400 1838 ma-

165 1861 296 1941 Pari
324 1888 491 1943 modo
510 1896 566 1943 et
587 1861 954 1945 ecclesiam-Il.
979 1861 1178 1947 Christi
1203 1894 1454 1964 martyris
1475 1894 1735 1964 Stephani
1767 1861 1809 1916 Β
1838 1867 1997 1924 "ibus
2043 1868 2472 1964 ίθτυηίυνῇρυτθ
2520 1887 2644 1926 cum
2684 1873 2758 1964 lla
2809 1872 2954 1937 Sin"
2991 1889 3091 1928 nos
3139 1875 3243 1929 hoc
3287 1893 3397 1930 “"0

167 1979 333 2035 sitam
373 1981 535 2050 juxta
585 1982 897 2053 praedictum
949 1986 1320 2040 cmmeterium
1369 1986 1430 2041 S.
1466 1985 1734 2059 Hippolyti

167 2069 427 2125 similiter
488 2073 833 2128 restauravit.
860 2092 878 2125 ι
941 2071 1095 2128 Patet
1147 2075 1310 2145 igitur
1359 2076 1416 2131 S.
1463 2075 1736 2150 Hippolyti

167 2163 546 2218 cremeterium
585 2180 618 2219 a
664 2163 958 2220 Prudentie
1020 2167 1375 2238 descriptum,
1412 2185 1520 2224 non
1553 2171 1607 2224 in
1649 2171 1740 2225 via

169 2252 436 2316 Ostiensi,
491 2263 554 2309 ut
602 2255 776 2310 voluit
825 2253 1035 2323 Pinius,
1083 2259 1179 2314 sed
1233 2259 1289 2312 in
1347 2257 1650 2326 Tiburtina,
1681 2269 1737 2315 et

164 2343 323 2414 juxta
348 2343 409 2399 8.
444 2344 724 2401 Laurentii
760 2347 1038 2404 basilicam
1068 2349 1122 2404 in
1163 2364 1294 2421 agro
1328 2349 1541 2406 Verane
1569 2352 1731 2406 situm

170 2435 356 2491 fuisse.
389 2435 738 2506 Quapropter
791 2437 964 2508 ipsius
1011 2438 1376 2510 conjecturam
1418 2443 1485 2497 de
1517 2443 1734 2498 diverse

172 2525 446 2599 Hippolyti
468 2527 679 2596 militis,
702 2538 756 2584 et
790 2527 1085 2602 Hippolyti,
1133 2541 1194 2586 ut
1228 2532 1344 2602 ipse
1388 2535 1584 2604 inquit,
1612 2550 1736 2604 pre-

169 2620 370 2691 sbyteri
398 2621 676 2692 sepulcro,
709 2622 864 2693 cujus
885 2638 986 2693 ope
1016 2625 1352 2681 confusionis
1382 2637 1565 2681 notam
1596 2626 1732 2681 Pru-

168 2709 623 2766 dentia-inustam
660 2712 838 2768 delere
892 2723 1118 2770 conatus
1169 2725 1273 2781 est,
1334 2733 1558 2785 prorsus
1607 2733 1734 2772 erat-

164 2802 354 2858 nuisse
386 2812 670 2873 putamus.

161 2932 306 2992 XIX.
369 2934 694 3007 Hippolytus
750 2937 1019 3061 episcogus
1076 2939 1131 2992 in
1201 2956 1326 3014 agro
1393 2934 1595 2996 Verane
1645 2957 1729 2998 u-

843 3023 910 3061 ou
958 3025 1040 3061 us.

841 3023 1040 3076 puuus.

231 3159 466 3217 Summo
487 3161 670 3232 itaque
693 3161 818 3232 jure
839 3159 1090 3218 Historia:
1109 3161 1488 3220 ecclesiasticae
1517 3180 1720 3236 parens

165 3248 437 3306 Barenius
457 3250 812 3307 Prudentium
843 3262 952 3309 tres
978 3254 1031 3308 in
1055 3269 1220 3309 unum
1249 3252 1562 3328 Hippolytes
1588 3271 1721 3312 con-

163 3341 319 3398 llasse
344 3343 762 3413 pronuntiavit;
794 3360 895 3400 nec
924 3347 1196 3402 contraria
1232 3362 1552 3419 magnorum
1581 3349 1726 3405 vire-

157 3451 277 3490 rum
311 3435 516 3505 placita
556 3436 702 3492 illius
741 3438 1064 3492 sententiam
1097 3439 1182 3494 vel
1212 3441 1493 3496 minimum
1528 3442 1725 3498 infrin-

153 3543 284 3599 gere
309 3543 561 3597 unquam
596 3528 869 3584 valebunt.
912 3528 1235 3601 Hujusmodi
1273 3547 1405 3588 vero
1437 3533 1722 3590 conlusio-

149 3631 302 3681 nem,
327 3617 483 3688 quod
507 3616 573 3672 ad
595 3615 938 3690 Hippolytum
965 3621 1278 3691 episcopum
1302 3631 1358 3677 et
1380 3621 1723 3694 Hippolytum

149 3707 391 3761 militem
424 3707 639 3775 attinet,
661 3723 730 3764 ex
759 3724 828 3766 ee
864 3711 1209 3781 potissimum
1249 3728 1501 3770 manasse
1544 3715 1726 3784 suspi-

149 3814 372 3867 camur,
403 3800 553 3870 quod
583 3801 745 3856 ambo
781 3810 835 3858 et
874 3804 1120 3874 martyrii
1155 3819 1325 3876 genus
1362 3814 1417 3861 et
1455 3805 1722 3860 tumulum

149 3907 514 3948 communem
563 3893 883 3961 habuerint,
943 3896 1194 3965 quamvis
1243 3897 1453 3952 diverse
1485 3898 1725 3954 sentiant

151 3987 418 4058 superius
448 3987 669 4044 laudata
714 3987 771 4043 S.
813 3987 1006 4043 Aureae
1035 3989 1191 4054 Acta,
1229 4004 1328 4044 nec
1361 4004 1468 4043 non
1506 3987 1725 4046 Graeco-

150 4093 275 4133 rum
294 4077 415 4149 (69)
443 4085 500 4132 et
524 4076 817 4147 Ceptorum
839 4076 1136 4149 Menelogia
1160 4093 1224 4132 ac
1245 4077 1466 4145 Menzea,
1489 4093 1722 4149 quorum

150 4178 440 4240 postrema
467 4169 752 4224 nobiscum
774 4169 1166 4224 humanissime
1193 4171 1613 4226 communicavit
1635 4187 1724 4226 sa-

152 4259 538 4328 pientissimus
587 4259 787 4315 citatus
847 4259 1101 4318 Nicolaus
1158 4262 1512 4327 Antonellus,
1560 4278 1721 4333 quem

151 4352 361 4406 iterum
405 4349 634 4406 honoris
682 4365 847 4407 causa
893 4351 1260 4407 nominamus.
1287 4351 1617 4409 Prudentius
1647 4353 1722 4407 si-

151 4441 381 4512 quidem
426 4438 770 4512 Hippolytum
819 4443 1132 4514 episcopum
1169 4444 1327 4514 equis
1365 4444 1717 4515 discerptum,

1837 1967 2157 2028 argumento
2193 1960 2493 2016 maximum
2545 1963 2728 2032 operis
2775 1963 3153 2034 compendium
3201 1964 3396 2023 fecisse

1835 2057 2112 2118 putamus.
2159 2048 2486 2108 Prudentius
2555 2069 2744 2109 sacros
2811 2053 3080 2127 Hippolyti
3141 2059 3394 2127 martyris

1835 2141 2046 2197 cineres
2089 2158 2120 2197 e
2149 2141 2315 2198 Pertu
2362 2144 2414 2198 in
2459 2144 2658 2201 Urbem
2704 2148 2912 2213 illatus,
2956 2160 3119 2221 atque
3153 2150 3207 2204 in
3249 2150 3397 2208 illius

1834 2230 2144 2286 cmmeterio
2168 2231 2223 2286 in
2258 2248 2386 2304 agro
2413 2232 2625 2290 Verane
2657 2238 2903 2294 conditos
2935 2250 3216 2296 memorat.
3257 2239 3397 2295 Inter

1833 2319 2066 2390 hujusce
2095 2325 2391 2379 cmmeterii
2422 2326 2619 2382 rudera
2653 2330 3092 2400 antiquissimum
3121 2329 3396 2404 Hippolyti

1832 2411 1977 2468 illius
2020 2425 2435 2472 monumentum
2477 2417 2734 2474 etfessum
2785 2430 2900 2484 est,
2936 2437 3096 2491 quem
3148 2421 3394 2477 Romana

1832 2502 2072 2561 Ecclesia
2116 2510 2557 2565 constantissima
2605 2521 2683 2566 tot
2742 2513 3065 2567 saeculorum
3108 2513 3394 2569 traditione

1831 2593 2186 2652 Portuensem
2223 2598 2536 2669 episcopum
2574 2604 2814 2673 agnovit.
2844 2603 2978 2670 Quis
3017 2605 3179 2674 igitur
3220 2607 3396 2677 impe-

1831 2693 2036 2741 sterum
2068 2689 2270 2757 credet,
2310 2688 2663 2747 Prudentium
2697 2710 2804 2748 non
2836 2693 3102 2767 Hippolyti
3149 2698 3397 2768 episcopi.

1829 2784 1884 2829 et
1915 2777 2194 2848 martyris,
2228 2780 2321 2834 sed
2358 2783 2653 2854 presbyteri
2693 2782 3010 2841 Portuensis
3043 2787 3125 2840 vel
3161 2786 3392 2843 Romani

1830 2865 2018 2921 laudes
2051 2870 2354 2925 cecinisse?
2390 2871 2453 2926 Et
2495 2888 2626 2927 sane
2659 2882 2765 2928 tam
2804 2891 2997 2946 magna
3024 2874 3127 2931 fuit
3165 2878 3395 2948 hujusce

1831 2960 2168 3014 monumenti
2215 2963 2354 3031 apud
2383 2960 2502 3017 lac.
2543 2961 2868 3034 Basnagium
2911 2965 3024 3036 (73)
3069 2969 3391 3036 auctoritas,

1834 3053 1891 3098 ut
1913 3047 2106 3102 merito
2140 3047 2485 3123 Hippolytum
2522 3062 2767 3107 nostrum
2807 3056 2947 3124 apud
2978 3055 3142 3111 ltalos
3166 3058 3394 3126 ebiisse,

1833 3144 1888 3190 et
1919 3136 1974 3190 in
2005 3151 2136 3208 agro
2169 3139 2382 3197 Verane
2427 3144 2703 3198 conditum
2740 3160 2986 3226 asserere
3027 3163 3131 3201 non
3173 3148 3393 3205 dubita-

1830 3235 1990 3304 verit,
2018 3235 2336 3291 clarissimis
2386 3235 2536 3290 hisce
2585 3237 2803 3292 verbis:
2841 3255 2864 3288 ι
2902 3237 3107 3294 Interea
3130 3280 3144 3304 ,
3181 3241 3391 3310 inquit,

1828 3328 1945 3382 haec
2001 3327 2192 3383 suadet
2253 3328 2558 3398 inscriptio,
2601 3329 2742 3398 apud
2812 3329 2972 3384 Italos
3046 3329 3392 3404 Hippolytum

1826 3420 2052 3484 abiisse,
2094 3427 2149 3474 et
2196 3418 2382 3474 forsan
2426 3420 2480 3474 in
2517 3435 2646 3490 agre
2693 3419 2904 3475 Verane
2955 3422 3245 3491 sepultum.
3275 3443 3296 3476 ι
3335 3424 3393 3479 Si

1827 3513 1993 3584 igitur
2018 3513 2160 3583 apud
2198 3528 2300 3568 nos
2343 3521 2646 3567 extremum
2693 3513 2834 3567 diem
2874 3513 3008 3568 ehiit
3050 3513 3368 3589 Hippolytus

1827 3605 1874 3659 si
1920 3604 1975 3658 in
2026 3618 2158 3674 agro
2219 3602 2434 3665 Verane
2469 3618 2628 3658 sacra
2662 3604 2838 3673 ipsius
2871 3604 3098 3674 pignora
3144 3607 3389 3676 deposita

1826 3696 2069 3759 fuerunt,
2103 3711 2200 3751 cur
2240 3694 2561 3766 Hippolytus
2607 3695 2714 3761 ille,
2749 3710 2912 3764 quem
2945 3697 2998 3749 in
3046 3697 3237 3765 eodem
3270 3699 3392 3753 loco

1826 3788 2181 3851 tumulatum,
2232 3796 2287 3841 et
2333 3786 2770 3841 Christianorum
2803 3795 2966 3856 caput
3005 3787 3057 3841 in
3103 3786 3388 3843 Pertueusi

1823 3879 2067 3936 Ecclesia
2096 3879 2371 3934 exstitisse
2413 3877 2603 3932 scribit
2643 3876 3001 3942 Prudentius,
3039 3895 3145 3933 non
3174 3880 3388 3948 episco-

1825 3988 1950 4042 pus,
1979 3973 2071 4028 sed
2095 3971 2378 4043 presbyter
2403 3969 2664 4025 dicendus
2696 3968 2834 4024 erit?

1826 4079 1942 4137 XX.
1973 4081 2169 4135 Auctor
2196 4079 2320 4134 libri
2349 4079 2421 4133 De
2452 4078 2656 4132 duabus
2684 4080 2736 4133 in
2765 4076 2978 4134 Christo
3015 4080 3219 4134 naturis
3253 4078 3390 4148 Hip-

1899 4209 1906 4218 ,
1983 4151 2217 4221 polytum
2245 4150 2458 4204 Arabia
2487 4149 2951 4218 metrOpolitanum
2977 4150 3227 4220 appellat.

1895 4242 2068 4298 Aliam
2091 4241 2336 4313 profecto
2368 4242 2435 4297 de
2451 4239 2720 4314 Hippolyti
2754 4243 2928 4298 nostri
2957 4244 3084 4298 sede
3104 4243 3395 4312 professus.

1824 4342 1910 4389 est
1941 4335 2264 4389 sententiam
2317 4341 2510 4388 auctor
2544 4333 2668 4387 libri
2716 4333 2794 4388 De
2835 4334 3040 4388 duabus
3087 4337 3289 4389 naturis
3330 4337 3387 4388 in

1823 4425 2054 4492 Christo,
2087 4442 2247 4496 quem
2278 4425 2336 4481 S.
2367 4425 2583 4481 Gelasio
2615 4441 2766 4496 papa:
2796 4427 3042 4481 tribuunt
3062 4428 3395 4484 recentiores.

150 4549 460 4604 sacrasque
509 4534 682 4604 ipsius
737 4534 996 4598 reliquias
1040 4551 1072 4590 θ
1140 4534 1306 4589 pom,
1367 4536 1613 4591 ιιοηηιηο
1663 4538 1718 4592 in
1754 4516 2330 4597 unidam,maxime
2383 4517 2719 4572 heterodexi.
2770 4515 2869 4573 Hic
2931 4519 3093 4588 igitur
3152 4520 3386 4589 scriptor

155 4621 365 4680 Urbem
393 4639 426 4679 a
457 4625 705 4681 fidelibus
727 4627 1042 4694 translatas,
1063 4626 1434 4698 patentissime
1454 4627 1540 4682 his
1564 4637 1726 4685 testa-

150 4725 249 4770 tur
270 4715 611 4773 carminibus
634 4716 746 4788 (70)
764 4737 779 4774 :

158 4913 365 4990 «idem
392 4913 722 4990 Prudentius
771 4915 835 4990 _in
887 4917 1148 4990 Passione
1201 4916 1472 4990 Hippolyti
1495 4919 1563 4974 de
1589 4927 1730 4974 tern~

155 4987 249 5054 ple
309 4982 372 5040 S.
435 4984 712 5058 Hippolyti
769 4988 844 5043 ita
915 4989 1108 5045 scribit
1166 5007 1181 5044 :
1246 4982 1415 5044 0rdo'
1454 4990 1726 5044 columna-

157 5071 303 5114 rum.
328 5063 470 5110 etc.)

234 5124 354 5201 (67)_
375 5124 458 5201 9e
513 5125 790 5201 (adiﬁciis
824 5125 1262 5201 a_Conrtanti_n9_
1279 5130 1578 5201 exstructis,
1602 5145 1722 5201 cap.

167 5195 430 5266 6,p_._ll_l
465 5203 522 5250 et
554 5196 676 5260 112,
706 5197 838 5252 edit.
869 5195 1029 5252 Rem.
1053 5214 1143 5253 an.
1173 5198 1329 5255 1695.

231 5263 354 5336 (68)
385 5264 886 5336 Hom._sulgterran.,
917 5267 955 5324 ι.
991 5284 1066 5330 tv,
1091 5287 1140 5324 c.
1174 5269 1264 5336 14,
1301 5277 1341 5323 t.
1380 5267 1442 5322 ll.

229 5334 350 5411 (99)
385 5334 595 5411 Manet:
619 5334 959 5411 Grecorum,
989 5339 1074 5394 die
1112 5334 1256 5394 xxix
1279 5337 1425 5405 Jan.,
1469 5347 1610 5411 part.
1645 5356 1719 5408 tt,

158 5420 211 5472 p.
247 5405 356 5458 141
384 5404 515 5460 edit.
551 5403 742 5462 Urbini
775 5408 868 5462 cit.

387 5474 604 5549 §a3piu_s_
623 5477 716 5549 cit.
740 5477 889 5549 hym.
915 5477 1085 5549 llpv.
1111 5477 1200 5549 52.

228 5543 349 5612 (71)
386 5543 524 5600 Cod.
560 5543 822 5601 Vatican'e
847 5563 902 5600 η.
936 5547 1097 5612 5934,
1128 5548 1222 5602 fol.
1253 5549 1341 5604 58.

230 5613 349 5683 (72)
387 5613 587 5688 ln_net.
619 5617 684 5688 ad
708 5615 1148 5688 Martyrologium
1177 5617 1473 5674 Romanum
1503 5620 1589 5674 die
1610 5638 1724 5676 xxtt

158 5680 338 5758 ἕως..
355 5700 409 5754 p.
433 5685 540 5740 355
565 5687 694 5740 edit.
719 5680 1031 5758 Ross-venti?
1055 5708 1072 5739 ι
1100 5687 1255 5758 Viget
1276 5689 1451 5743 adhuc
1479 5691 1532 5744 in
1554 5691 1719 5745 Portu

161 5749 408 5829 Romano
455 5758 719 5829 memoria
777 5757 834 5812 8.
880 5757 1146 5829 Hippolyti
1168 5749 1466 5828 vepiscepi,
1526 5760 1722 5829 illaque

148 5825 506 5906 conspicitur
540 5826 647 5882 alta
695 5825 846 5883 fovea
887 5825 1044 5898 aquis
1075 5825 1267 5900 plena,
1313 5825 1561 5899 in'quarn
1595 5825 1721 5902 pro»

1827 4609 2077 4679 quisquis
2126 4609 2216 4672 sit,
2247 4624 2312 4662 ex
2343 4609 2551 4672 vitiata,
2590 4616 2649 4663 ut
2696 4619 2877 4664 monet
2920 4611 3117 4665 citatus
3147 4607 3396 4665 Joannes.

1831 4700 1983 4772 Bapt.
2003 4701 2323 4767 Cotelerius,
2359 4699 2575 4757 Eusebii
2598 4701 2843 4756 versione
2868 4702 3142 4773 deceptus,
3172 4701 3228 4757 8.
3255 4701 3386 4774 Hip-

1821 4919 2346 4990 jeetusimartyrium
2384 4921 2804 4976 consummavit.
2845 4918 2941 4976 His
2979 4921 3288 4990 adjicimus,
3317 4937 3392 4980 ex

1825 4989 1958 5062 agro
1987 4989 2200 5062 Verane
2247 5005 2277 5044 e
2321 4991 2598 5062 memoria:
2640 4990 2908 5062 Hippolyti
2956 4989 3386 5062 antiquzerude-

1824 5058 1976 5114 ribus
2023 5058 2287 5132 eﬂ‘essum‘
2327 5075 2450 5132 esse
2499 5058 2760 5132 ejusdem
2789 5058 3054 5132 Hippolyti
3089 5058 3391 5132 antiquum

1825 5143 2191 5200 marmoreum
2245 5129 2600 5200 simulacrum
2650 5131 2788 5185 solio
2841 5129 3116 5196 insidens,
3170 5129 3386 5200 in'quu

1823 5198 2180 5271 circumcirca
2243 5198 2445 5256 Graacis
2511 5201 2706 5255 litteris
2775 5200 3018 5269 inscripti
3073 5210 3200 5271 sunt
3249 5198 3387 5271 cycli

1824 5269 2110 5339 paschales
2149 5283 2415 5340 annorum
2455 5271 2762 5340 sexdecim;
2807 5268 2956 5340 quod
2995 5271 3117 5324 inde
3159 5268 3385 5324 Romam

1823 5340 2084 5403 delatum,
2102 5339 2340 5406 positum
2368 5348 2453 5394 est
2480 5341 2532 5395 in
2567 5339 3194 5401 Vaticana’bibliotheca,
3219 5356 3386 5406 opera

1823 5408 2179 5464 illustrissimi
2209 5423 2274 5463 ac
2296 5410 2732 5465 reverendissimi
2763 5410 2965 5464 domini
2988 5409 3224 5465 Marcelli
3253 5408 3388 5464 Cer—

1825 5479 1937 5550 yini
1961 5489 2074 5550 tum
2095 5477 2408 5550 cardinalis,
2438 5479 2562 5550 inde
2584 5487 2760 5535 autem
2781 5479 3009 5534 Romani
3042 5480 3331 5550 pontificis.
3361 5501 3379 5529 ι

1825 5547 1955 5618 γὶᾱ.
1990 5547 2124 5618 diss.
2163 5546 2200 5618 2
2245 5546 2438 5604 Franc.
2467 5548 2747 5604 Blanchini
2781 5550 2843 5602 de
2891 5546 3100 5603 Canohe
3147 5550 3384 5618 paschali

1824 5617 1883 5674 S.
1914 5617 2185 5690 Hippolyti
2212 5618 2408 5690 episc.,
2433 5635 2553 5690 cap.
2585 5623 2645 5690 l,
2672 5620 2827 5690 p.392
2851 5620 2978 5674 edit.
3009 5617 3194 5690 Roma:
3226 5619 3384 5674 1705.

1895 5687 2010 5758 (75)
2050 5687 2515 5760 ln'animadversI
2530 5691 2596 5744 de
2625 5687 2686 5760 8.
2718 5689 3004 5760 Hippolyto
3036 5692 3087 5744 in
3118 5689 3382 5760 Thesauro

1824 5766 2147 5813 monument.
2189 5757 2316 5811 eccl.
2356 5770 2404 5828 et
2452 5760 2575 5814 hist.
2623 5757 2837 5814 llenriCi
2881 5757 3120 5828 Canisii,
3180 5773 3309 5818 tom.
3339 5759 3380 5828 1,

1825 5846 1946 5904 pag.
1978 5831 2030 5894 ιι,
2065 5829 2287 5883 Amsch
2324 5827 2476 5884 1725.
