3966 6344
448 360 560 421 £79

1229 362 1318 420 DE
1356 362 1750 424 PORTUENSI
1789 368 1850 424 S.
1891 361 2255 422 HIPPOLYTI
2290 361 2484 420 SEDE.
2521 394 2593 410 -—
2629 361 2811 418 PARS
2846 359 2918 419 11.

3589 355 3696 412 ιεο

449 483 557 540 est,
583 474 866 548 epistolam
906 474 974 528 74
1004 472 1365 543 ejusdemmet
1417 473 1476 529 S.
1523 475 1711 531 Basilii
1763 478 2020 548 scriptam
2051 482 2094 539 Α
2127 475 2382 544 Eusebio,
2411 475 2471 532 S.
2501 475 2854 549 Hieronymo,
2885 473 3116 548 aliisque
3143 474 3384 547 antiquis
3417 472 3700 546 scriptori-

454 567 856 634 tantummodo,
890 581 997 621 non
1030 581 1159 621 vero
1208 567 1430 624 missam
1479 565 1651 623 fuisse
1693 568 1826 639 (51).
1874 567 2026 624 Peni-

453 661 725 718 tissimam
757 659 899 715 hanc
954 659 1203 716 notitiam
1252 657 1490 714 Jacobus
1521 659 1884 716 Comhetlsius
1913 661 2026 732 (52)

449 769 522 810 ex
555 752 870 823 hujusmodi
915 753 1064 807 notis
1091 751 1339 818 deduxit,
1374 767 1513 822 quas
1543 751 1596 806 in
1629 753 1872 824 antiquis
1905 753 2026 823 qui-

450 844 684 900 busdam
715 843 995 900 codicibus
1041 851 1233 900 nactus
1274 853 1379 910 est,
1421 859 1625 915 easque
1669 844 1724 899 in
1777 845 2029 916 publicos

449 937 792 992 eruditorum
824 952 958 992 usus
988 936 1250 1008 vulgavit.

455 1049 544 1104 Ill.
585 1050 761 1105 Variis
785 1067 959 1105 rerum
990 1051 1241 1121 exemplis
1270 1050 1576 1120 hujusmodi
1597 1053 1854 1108 sententia
1880 1052 2026 1108 rebo-

1159 1131 1332 1175 ratur.

520 1213 786 1279 Quisnam
815 1228 882 1267 ex
913 1212 1189 1268 veteribus
1216 1212 1404 1269 docuit
1438 1214 1890 1285 praestantissima
1925 1213 2024 1272 Se-

447 1304 582 1360 dulii
626 1314 899 1375 poemata,
934 1322 1056 1375 quae
1081 1306 1288 1361 diutius
1319 1306 1459 1388 inter
1485 1307 1718 1364 schedas
1751 1309 2026 1380 incompo-

449 1397 551 1452 sita
571 1397 885 1468 iacuerunt,
904 1415 934 1454 a
957 1398 1156 1453 Turcio
1182 1397 1325 1453 Rufo
1350 1399 1567 1455 Asterie
1595 1399 1807 1455 meliori
1831 1401 2024 1457 ordine

445 1489 620 1547 fuisse
652 1491 864 1562 digesta
911 1500 968 1547 et
1015 1492 1069 1546 in
1115 1492 1290 1548 lucem
1329 1491 1572 1547 emissa?
1609 1491 1860 1548 Profecto
1908 1493 2025 1549 haec

444 1584 581 1640 viris
609 1584 946 1641 doctissimis
991 1585 1311 1641 abscondita
1361 1583 1612 1649 fuissent,
1646 1587 1751 1641 nisi
1798 1588 2024 1657 antiqua

446 1685 600 1744 nota,
629 1692 752 1747 quas
781 1678 835 1732 in
868 1679 1046 1734 tribus
1073 1679 1475 1749 antiquissimis
1505 1678 1712 1734 Sedulii
1741 1678 2024 1737 codicibus

445 1778 660 1839 reperta
691 1779 796 1829 est.
831 1771 1160 1840 peculiarem
1190 1780 1246 1826 et
1294 1771 1634 1827 reconditam
1688 1771 1833 1826 hanc
1874 1772 2021 1827 noti-

444 1862 580 1917 tiam
621 1861 989 1931 patefecisset.
1027 1862 1177 1918 lllam
1227 1865 1478 1919 omnium
1511 1864 1724 1934 primus
1747 1865 2022 1935 evulgavit

442 1951 681 2009 Iacobus
720 1952 1046 2010 Sirmondus
1075 1970 1141 2010 ex
1174 1957 1363 2012 codice
1417 1955 1730 2024 Rhemensi,
1765 1958 2022 2028 deinceps

441 2043 682 2101 Jacobus
713 2044 967 2102 Usserius
999 2063 1066 2102 ex
1094 2048 1282 2103 codice
1307 2048 1606 2120 Anglicano
1638 2048 1772 2120 (55),
1800 2050 2020 2106 demum

442 2133 764 2204 nosmetipsi
812 2135 1235 2190 emendatiorem
1304 2138 1553 2192 eamdem
1606 2140 1912 2209 reperimus
1963 2142 2020 2196 iu

439 2224 827 2294 antiquissimo
891 2225 1098 2281 Sedulii
1149 2225 1338 2282 codice
1393 2228 1732 2286 bibliotheca:
1788 2228 2019 2286 Ottobo-

441 2317 620 2372 nianai
654 2332 802 2374 nono
847 2318 1066 2373 circiter
1098 2320 1302 2374 sarculo
1339 2330 1584 2388 exarato,
1622 2321 1675 2376 in
1719 2338 1849 2393 quo,
1898 2334 2023 2395 post

441 2410 729 2477 epistolam
765 2410 832 2464 ad
865 2410 1272 2479 Macedonium,
1307 2429 1472 2484 quam
1520 2414 1784 2484 integram
1837 2431 2022 2472 emen-

437 2501 733 2574 datamque
762 2505 1005 2575 vulgavit
1034 2509 1222 2576 paucis
1250 2509 1451 2564 abhinc
1479 2512 1640 2566 annis
1661 2511 2022 2584 Christopho-

439 2609 540 2650 rus
583 2594 851 2652 Cellarius
877 2597 931 2652 in
963 2599 1094 2654 edit.
1127 2600 1431 2664 Prudentii,
1480 2603 1594 2658 haec
1639 2605 1972 2660 adnotantur
2002 2625 2016 2662 :

445 2707 468 2742 ι
530 2685 644 2744 Hoc
690 2705 828 2760 opus
877 2690 1130 2748 Sedulius
1175 2694 1318 2749 inter
1379 2695 1660 2750 chartulas
1703 2698 2010 2767 dispersum

438 2782 681 2854 reliquit,
730 2785 875 2854 quod
930 2786 1303 2850 recollectam,
1358 2787 1679 2852 adunatum,
1729 2797 1894 2860 atque
1947 2789 2016 2845 ad

440 2891 660 2932 omnem
687 2877 1013 2948 elegantiam
1044 2878 1379 2949 divulgatum
1413 2896 1441 2933 a
1465 2879 1662 2937 Turcio
1685 2879 1828 2936 Rufo
1861 2881 2020 2937 Aste-

438 2967 526 3021 rio
568 2969 761 3036 quinto
791 2969 998 3023 vicario
1040 2969 1268 3024 consule
1317 2970 1619 3037 ordinario,
1648 2981 1811 3042 atque
1844 2973 2018 3043 patri-

439 3059 529 3114 cio
555 3059 668 3130 (54)
694 3077 708 3126 ;
749 3079 768 3112 ι
797 3077 922 3116 mox
949 3061 1198 3131 sequitur
1221 3062 1589 3132 epigramma:

513 3172 728 3248 Summe
754 3176 1156 3248 sacermeritis,
1194 3179 1394 3231 veracis
1425 3178 1567 3232 dicta
1599 3191 1765 3248 poetic

583 3243 715 3309 Quae
739 3246 852 3299 sine
889 3246 1126 3316 ﬁgmenti
1153 3249 1366 3301 condita
1397 3259 1518 3301 sunt
1549 3243 1696 3306 vitio.

511 3313 628 3390 aug
655 3326 797 3369 caret
839 3313 983 3390 alma
1020 3317 1170 3390 ﬁdes,
1197 3334 1299 3390 quo
1330 3320 1502 3390 sancti
1537 3322 1715 3389 gratia
1745 3320 1946 3378 Christi

583 3384 687 3438 Per
716 3402 874 3455 quam
899 3384 1084 3454 justus
1113 3388 1189 3442 ait
1210 3384 1349 3445 talia
1374 3384 1640 3456 Sedulius,

506 3453 809 3530 Asteriique
840 3453 917 3510 tui
942 3474 1142 3527 semper
1167 3460 1464 3514 meminisse
1491 3453 1696 3530 jubeto,

586 3524 754 3594 Cujus
797 3543 897 3600 ope
917 3541 966 3581 et
995 3524 1123 3582 cura
1150 3530 1292 3600 edita
1324 3541 1443 3583 sunt
1471 3524 1700 3600 populis.

2126 567 2230 626 bus
2279 569 2497 640 penitus
2544 569 2894 640 incomperta:
2946 569 3203 635 fuerunt;
3255 569 3484 640 ideoque
3533 583 3699 625 nemo

2126 675 2237 714 non
2266 660 2411 716 videt
2433 675 2595 732 quam
2626 661 2992 730 periculosum
3020 661 3350 732 quandoque
3377 662 3451 716 sit
3479 661 3586 718 hoc
3606 676 3701 716 ar-

2125 749 2367 822 gumenti
2396 765 2603 821 genus:
2631 749 2901 806 Eusebius
2926 760 2980 806 et
3002 750 3062 806 S.
3096 749 3458 822 Hieronymus
3484 751 3701 808 nescie-

2125 848 2257 895 runt
2282 841 2504 896 ubinam
2536 842 2778 912 gentium
2809 840 2868 897 S.
2907 841 3226 914 Hippolytus
3248 846 3543 913 episcopus
3572 841 3697 898 fue-

2124 934 2226 1002 rit;
2256 950 2387 1006 ergo
2426 934 2708 1003 Leontius,
2750 935 3099 1002 Anastasius,
3131 935 3332 1006 aliique
3366 935 3699 1006 posteriores

2124 1025 2272 1082 illius
2299 1027 2661 1098 episcopalem
2689 1027 2872 1084 sedem
2902 1027 3044 1083 scire
3066 1042 3174 1084 non
3198 1035 3512 1098 potuerunt.
3535 1024 3702 1094 Quod

2123 1119 2343 1187 quidem
2393 1119 2701 1190 argumenti
2752 1135 2946 1192 genus,
2984 1119 3031 1175 si
3082 1117 3411 1175 rectioribus
3457 1117 3741 1206 saniorisi

2123 1209 2322 1266 criticis
2370 1211 2572 1282 regulis
2620 1211 3025 1266 accenscndum
3068 1219 3236 1277 esset,
3270 1208 3506 1265 Henrico
3551 1208 3706 1264 Dod-

2123 1303 2280 1358 wello
2315 1303 2430 1374 (56)
2476 1303 2852 1359 inlensissimo
2883 1310 3201 1358 sanctorum
3241 1301 3446 1358 Christi
3488 1311 3706 1371 marty-

2123 1411 2246 1450 rum
2280 1395 2425 1450 hosti
2456 1410 2656 1451 manus
2682 1394 2850 1450 victas
2882 1393 3128 1464 profecto
3171 1409 3273 1448 nos
3299 1394 3430 1448 dare
3476 1401 3708 1467 oporte-

2124 1496 2228 1552 ret,
2256 1487 2345 1542 cui
2369 1484 2708 1550 Tertulliani,
2735 1483 2976 1550 Eusebii,
3006 1483 3315 1555 Epiphanii,
3344 1481 3706 1549 Theodoreti,

2124 1577 2466 1648 aliorumque
2508 1588 2754 1633 veterum
2804 1576 3134 1646 scriptorum
3189 1575 3466 1632 silentium
3515 1573 3704 1628 maxi-

2128 1686 2304 1734 mum,
2349 1679 2410 1725 ut
2442 1670 2559 1741 ipse
2607 1667 2861 1735 credidit,
2909 1667 3137 1723 rationis
3173 1666 3537 1738 suppeditavit
3569 1679 3702 1719 mo—

2127 1773 2394 1829 mentum,
2426 1772 2485 1818 ut
2523 1759 2583 1818 S.
2623 1760 2889 1822 Irenaeum
2923 1761 3336 1817 celeberrimum
3367 1758 3707 1830 Lugdunen-

2123 1856 2265 1910 sium
2313 1856 2636 1922 antistitem,
2684 1853 2959 1925 Hippolyti
3006 1852 3182 1908 nostri
3235 1851 3582 1922 magistrum,
3627 1865 3705 1905 ex

2123 1949 2323 2005 illustri
2351 1959 2652 2021 martyrum
2695 1949 2821 2003 albo
2856 1947 3077 2018 impune
3113 1945 3337 2001 deleret.
3367 1943 3438 1999 At
3469 1943 3705 1998 nimiam

2121 2042 2266 2098 hanc
2301 2041 2563 2099 Dodwelli
2605 2041 3014 2106 conlidentiam,
3044 2053 3114 2094 ne
3138 2038 3388 2093 dicamus
3419 2036 3708 2091 temerita-

2123 2141 2252 2200 tem,
2277 2133 2606 2190 iirmissimis
2633 2131 3064 2202 certissimisque
3087 2128 3428 2201 argumentis
3453 2125 3708 2182 coercuit

2121 2226 2474 2282 doctissimus
2533 2225 2840 2281 monachus
2893 2221 3136 2278 Renatus
3193 2219 3503 2276 Massuetus
3557 2217 3706 2289 (57),

2121 2321 2281 2390 cujus
2306 2320 2490 2383 verba,
2515 2325 2702 2389 utpote
2733 2335 2845 2373 rem
2882 2325 3128 2372 nostram
3165 2315 3396 2369 mirilice
3419 2313 3710 2367 illustran—

2121 2411 2218 2476 tia,
2249 2412 2338 2466 hic
2379 2411 2690 2466 exscribere
2733 2424 2840 2464 non
2875 2408 3245 2479 gravahimur.
3283 2425 3304 2458 ι
3350 2404 3580 2471 Verum,
3610 2404 3707 2458 in-

2121 2504 2260 2572 quit,
2297 2513 2357 2558 ut
2386 2503 2453 2557 ad
2488 2501 2908 2567 Tertullianum,
2943 2500 3262 2566 Eusebium,
3309 2496 3704 2568 Epiphanium,

2121 2590 2544 2654 Theodoretum,
2579 2599 2634 2645 et
2664 2591 2826 2655 alios,
2859 2605 2999 2660 quos
3030 2591 3086 2644 in
3127 2604 3309 2646 causae
3353 2602 3469 2644 sua:
3510 2586 3706 2642 delen-

2121 2683 2332 2738 siouem
2364 2683 2496 2738 citat
2524 2681 2855 2747 Dodwellus,
2881 2683 3070 2752 pedem
3100 2681 3436 2748 referamus;
3465 2679 3542 2735 illi
3572 2679 3706 2750 qui-

2119 2777 2244 2832 dem
2297 2777 2560 2832 Irenaeum
2609 2791 2882 2846 nusquam
2929 2775 3205 2846 appellant
3251 2783 3572 2844 martyrem,
3604 2770 3706 2828 sed

2120 2869 2256 2923 nihil
2291 2868 2438 2924 aliud
2477 2867 2545 2923 ad
2592 2882 2870 2923 summum
2901 2883 2965 2922 ex
3009 2882 3199 2922 eorum
3246 2864 3466 2920 silentio
3511 2862 3703 2932 colligi

2121 2971 2317 3028 potest,
2348 2960 2454 3015 nisi
2485 2960 2633 3030 quod
2665 2958 2734 3014 ad
2779 2974 2969 3014 eorum
3002 2959 3249 3014 notitiam
3277 2957 3413 3012 Acta
3447 2954 3703 3026 martyrii

2120 3065 2230 3105 non
2279 3051 2642 3120 pervenerint,
2674 3060 2769 3107 aut
2811 3060 3104 3123 martyrem
3155 3049 3329 3106 fuisse
3375 3047 3702 3103 nescierint.

2041 3175 2084 3234 Ε
2123 3139 2200 3194 Ex
2225 3157 2290 3196 eo
2321 3157 2452 3196 vero
2479 3143 2625 3213 quod
2649 3142 2715 3198 ad
2744 3142 3087 3234 Tertulliani,
3113 3139 3353 3208 Eusebii,
3377 3139 3704 3212 Epiphanii,

2117 3243 2172 3290 et
2205 3235 2440 3289 aliorum
2463 3237 2824 3305 quorumdam
2851 3233 3213 3290 Orientalium
3247 3235 3578 3303 scriptorum
3601 3246 3707 3286 no-

2119 3326 2294 3396 titiam
2338 3326 2594 3398 martyris
2619 3327 2853 3398 alicujus
2883 3327 3247 3382 Occitlentalis
3270 3328 3402 3380 Acta
3439 3340 3546 3379 non
3575 3337 3708 3394 per-

2119 3419 2386 3487 venerint,
2444 3429 2734 3490 martyrem
2795 3419 2963 3475 l‘uisse
3009 3418 3342 3474 conﬁdenter
3393 3432 3596 3488 negare
3661 3431 3704 3474 ι

2117 3511 2330 3566 ratione
2363 3525 2588 3581 prorsus
2617 3511 2859 3567 alienum
2888 3512 3124 3567 videtur.
3160 3529 3179 3562 ι
3213 3510 3277 3566 Et
3305 3510 3496 3581 paucis
3521 3509 3702 3566 inter-

511 3593 926 3676 ng,quanivis
959 3599 1152 3676 summi
1187 3599 1442 3676 celebrent
1466 3593 1559 3676 per
1588 3603 1784 3676 sarcula
1821 3603 2016 3673 fastus,
2112 3603 2273 3674 jectis
2309 3621 2324 3658 :
2380 3621 2400 3655 ι
2447 3601 2554 3658 Sed
2605 3612 2665 3659 ut
2709 3619 2898 3659 causa!
2941 3603 3194 3676 jugulum
3246 3603 3472 3674 propius
3518 3601 3706 3657 adhuc

585 3666 721 3720 Plus
756 3678 930 3721 tamen
965 3672 1033 3721 ad
1070 3671 1315 3723 meritum
1351 3666 1530 3738 est,'si
1552 3673 1686 3743 viget
1710 3690 1798 3728 ore
1821 3666 1942 3728 'tuo.

436 3777 524 3834 Ad
561 3779 765 3835 calcem
796 3781 1064 3849 poematis
1093 3783 1207 3837 haec
1240 3782 1532 3851 habentur,
1566 3802 1692 3856 quae
1717 3787 1879 3842 etiam
1903 3787 2018 3842 Ma-

439 3871 701 3927 billonius
725 3872 968 3942 vulgavit
999 3874 1113 3942 (55)
1148 3893 1163 3929 :
1193 3893 1211 3927 ι
1243 3875 1440 3948 Incipit
1470 3894 1561 3934 ars
1586 3878 1790 3934 Sedulii
1821 3893 2014 3951 poetae,

440 3964 538 4034 qui
595 3963 775 4035 primo
805 3965 980 4020 laicus
1026 3966 1080 4020 in
1136 3966 1289 4022 Italia
1349 3970 1750 4042 pliilOSOphiam
1805 3973 2015 4042 didicit,

436 4062 633 4126 postea
656 4071 780 4111 cum
806 4057 928 4113 aliis
956 4067 1254 4113 metrorum
1285 4061 1575 4130 generibus
1599 4062 1875 4117 heroicum
1901 4080 2016 4118 me-

437 4153 588 4200 trum
612 4145 933 4202 Macedonio
959 4149 1280 4204 consulente
1305 4150 1512 4214 docuit,
1539 4150 1596 4204 in
1622 4151 1826 4206 Achaia
1849 4153 2018 4209 libros

438 4252 575 4294 suos
595 4237 814 4306 scripsit
832 4247 1074 4307 tempore
1103 4240 1490 4309 imperatorum
1512 4239 1743 4297 minoris
1769 4241 2019 4299 Theodo-

439 4331 511 4389 sii
543 4330 639 4386 lilii
670 4330 908 4397 Arcadii,
925 4340 980 4386 et
996 4330 1354 4386 Valentiniani
1375 4332 1471 4388 lilii
1493 4332 1823 4389 Constantii.
1845 4333 2015 4390 Pax.i

437 4440 912 4514 IV.7Tillemontii
958 4455 1325 4514 argumentum
1373 4464 1439 4502 ex
1484 4447 1701 4503 Eusebii
1738 4459 1788 4503 et
1843 4453 2018 4504 sancti

2118 3703 2322 3764 petant,
2363 3691 2654 3758 Eusebius,
2679 3693 2838 3764 cujus
2871 3693 3149 3750 silentiutn
3181 3693 3315 3747 adeo
3349 3698 3506 3761 urget
3549 3688 3704 3745 Dod-

2117 3784 2326 3850 wellus,
2380 3782 2651 3856 Hippolyti
2698 3801 2806 3839 non
2853 3786 3022 3840 semel
3071 3785 3346 3848 meminit,
3386 3783 3699 3852 catalogum

2116 3875 2236 3944 ejus
2261 3890 2485 3945 Operum
2513 3876 2666 3937 texit,
2685 3878 3001 3946 episcopum
3029 3875 3202 3930 fuisse
3224 3875 3378 3941 dicit,
3397 3885 3700 3946 martyrem

2119 3967 2391 4037 nuspiam.
2427 3966 2688 4040 Martyrio
2732 3969 2897 4022 vitam
2943 3969 3129 4024 ﬁnisse
3169 3967 3540 4023 certissimum
3576 3981 3702 4024 esse

2117 4056 2278 4111 debet
2327 4056 2412 4110 vel
2461 4056 2564 4126 ipsi
2615 4055 2928 4124 Dodwello;
2981 4072 3108 4113 nam
3159 4057 3215 4111 in
3264 4056 3332 4112 iis
3376 4057 3510 4127 ipsis
3573 4072 3699 4127 qua:

2118 4147 2329 4220 profert
2387 4145 2715 4202 Theodoreti
2767 4149 3058 4204 adversum
3123 4147 3313 4203 ιπεηωί
3369 4150 3699 4221 martyrium

2118 4238 2254 4293 locis
2295 4247 2502 4310 martyr
2539 4239 2865 4308 appellatur.
2907 4257 2926 4290 ›
2969 4238 3025 4293 Si
3056 4239 3223 4308 igitur
3266 4237 3486 4294 Eusebii
3530 4239 3700 4294 silen-

2119 4332 2277 4394 tium,
2311 4332 2458 4401 quod
2495 4332 2654 4386 nobis
2682 4331 2951 4400 objiciunt
2983 4331 3364 4388 Tillemontius
3395 4341 3449 4386 et
3479 4329 3701 4387 Ceillie—

2119 4425 2255 4489 rius,
2299 4423 2643 4496 Hippolytum
2694 4436 2941 4479 nostrum
2993 4425 3304 4480 venerando
3340 4425 3598 4497 martyris
3629 4425 3700 4481 ti-

514 4513 826 4590 Hierongmi
854 4513 1061 4590 silentio
1089 4515 1423 4590 desumptum
1455 4531 1642 4573 contra
1670 4519 2010 4575 Portueusem
2044 4521 2088 4576 D
2118 4519 2230 4574 tulo
2267 4534 2466 4573 exuere
2500 4517 2725 4573 minime
2764 4519 2926 4583 valet,
2976 4533 3076 4574 nec
3109 4517 3426 4574 Portuensis
3472 4519 3698 4590 quidem

509 4587 681 4640 sancti
719 4584 995 4655 Hippolyti
1025 4587 1197 4639 sedem
1233 4589 1586 4659 nequidquam
1617 4590 1906 4646 concludit.

514 4697 595 4753 En
627 4699 792 4770 igitur
829 4715 940 4770 quo
959 4709 1118 4771 pacto
1148 4701 1422 4772 sequioris
1459 4703 1557 4758 aevi
1591 4702 1890 4772 scriptores
1921 4719 2016 4773 pe-

443 4792 677 4850 culiares
719 4793 982 4864 quasdam
1026 4809 1209 4849 rerum
1243 4795 1468 4852 notitias
1517 4797 1661 4853 nacti
1710 4807 1860 4863 sunt,
1895 4813 2018 4868 quae

514 4951 628 5024 (5i)
657 4951 954 5024 i_\deundus
977 4953 1211 5011 Lirouus
1237 4955 1343 5010 loc.
1371 4954 1490 5020 cit.,
1518 4969 1641 5024 pag.
1681 4954 1802 5009 l35.

515 5022 630 5095 (32)
658 5021 849 5095 Editus
891 5026 960 5079 ab
1003 5041 1068 5079 eo
1093 5037 1178 5081 est
1208 5025 1443 5080 Basilius
1490 5021 1783 5092 restitutus,
1817 5024 1870 5078 in
1906 5041 2016 5095 quo

443 5091 700 5166 ejusdem
715 5091 772 5147 S.
800 5093 977 5150 Patris
1005 5095 1245 5166 Operum
1287 5111 1354 5150 ex
1382 5096 1602 5166 Optimis
1637 5091 1774 5150 mss.
1803 5091 2011 5152 textum

441 5164 749 5229 castigavit,
779 5166 951 5228 auxit,
984 5164 1294 5233 illustravit,
1325 5175 1378 5221 et
1399 5164 1680 5221 versiones
1713 5167 2008 5224 recensuit.

444 5235 626 5291 Edidit
649 5235 752 5305 hoc
774 5251 912 5305 Opus
937 5235 1162 5292 Parisiis
1189 5254 1280 5292 an.
1313 5236 1471 5302 1679,
1503 5236 1538 5289 2
1562 5236 1668 5290 vol.
1707 5235 1871 5290 iii-8°.

517 5306 630 5376 (55)
671 5303 785 5359 Hac
814 5303 893 5360 ile
924 5322 979 5361 re
1010 5308 1270 5377 legendus
1292 5316 1376 5362 est
1405 5305 1747 5362 Fontaninus
1773 5307 1824 5360 in
1854 5307 2016 5362 Anti-

479 5376 734 5449 uitalibus
758 5375 965 5440 Hortw,
994 5377 1088 5449 lib.
1121 5393 1181 5443 ll,
1214 5394 1335 5449 cap.
1363 5379 1416 5449 5,
1447 5377 1474 5449 §
1498 5378 1551 5440 5,
1586 5393 1706 5447 pag.
1734 5376 1839 5431 225
1861 5393 2013 5448 seqq.

443 5393 734 5458 quitatwus
758 5393 965 5440 uariae,
994 5393 1088 5432 nn.
1121 5393 1181 5443 ιι,
1214 5394 1335 5458 cap.
1363 5393 1416 5444 ο,
1447 5393 1474 5449 3
1498 5393 1551 5440 ἱ),
1586 5393 1706 5447 pag.
1734 5393 1839 5431 zzz;
1861 5393 2013 5458 seqq.

445 5447 589 5529 ειάῃ.
615 5444 800 5529 Horme
826 5463 970 5500 anno
999 5448 1160 5529 di08,
1195 5449 1286 5529 ubi
1314 5448 1378 5529 ad
1415 5458 1657 5529 nostram
1691 5457 2014 5529 sententiam

445 5517 749 5575 instituitur
769 5532 971 5573 sermo.
986 5518 1285 5574 Adeundus
1305 5519 1470 5574 etiam
1502 5517 1738 5573 Lit-onus
1762 5517 1864 5572 loc.
1894 5519 2012 5586 cit.,

445 5586 800 5739 Ρθῗξέῗὶῖἰάθ
831 5654 1198 5713 Fontaninum
1237 5657 1344 5714 loc.
1378 5657 1498 5722 cit.,
1523 5672 1647 5739 pag.
1678 5656 1784 5738 22.6
1809 5666 1863 5712 et
1885 5655 2011 5738 227.

519 5747 526 5755 .
549 5727 631 5755 λιιι.
691 5724 872 5755 νηοηυιε
934 5727 1138 5755 Α..,.Ι..-ι
1220 5743 1322 5755 κη..
1383 5728 1488 5755 ἰοἾ
1539 5737 1605 5755 ...ο
1674 5728 1782 5755 ΛΑ..
1838 5726 1987 5755 IL.-.“

518 5724 632 5794 (55)
691 5724 872 5780 Vetera
922 5727 1187 5790 Analect.,
1220 5743 1344 5797 pag.
1383 5728 1488 5782 587
1525 5724 1629 5781 ’σεἰῇ
1671 5728 1805 5782 edit.
1838 5726 2010 5782 Paris.

451 5794 612 5854 i723.
653 5794 936 5867 Legendus
974 5799 1135 5854 etiam
1171 5797 1510 5854 Fontaninus
1548 5799 1650 5854 loc.
1679 5798 1770 5854 cit.
1807 5814 1858 5868 p.
1885 5799 2013 5865 9.30,

2122 4610 2296 4682 ipsius
2325 4609 2507 4674 sedes,
2541 4618 2621 4664 tot
2648 4611 2880 4681 egregiis
2909 4619 3156 4665 veterum
3181 4611 3511 4682 scriptorum
3536 4612 3699 4666 testi-

2122 4702 2322 4758 moniis
2357 4702 2631 4771 roborata,
2659 4705 2850 4758 eodem
2880 4703 3008 4758 licet
3038 4703 3233 4759 silente
3265 4703 3524 4768 Eusebio,
3564 4719 3700 4759 nus-

2122 4794 2267 4866 piam
2297 4795 2544 4866 profecto
2573 4803 2882 4853 cvanescet.
2912 4795 3017 4851 Sed
3050 4795 3182 4868 quid
3224 4793 3561 4852 Massnetum
3593 4810 3702 4866 ap-

2123 4952 2214 5008 ubi
2240 4953 2354 5008 haec
2381 4951 2502 5010 fuse
2539 4963 2852 5009 narrantur.

2193 5023 2306 5094 (56)
2334 5023 2562 5080 Dissert.
2588 5024 2622 5078 5
2657 5025 2710 5078 in
2743 5025 3032 5081 Irenaeum.
3056 5023 3335 5081 Videndus
3355 5025 3520 5081 etiam
3547 5025 3698 5083 Cave

2122 5094 2177 5150 in
2231 5095 2548 5164 scriptorum
2587 5095 3057 5150 ecclesiasticarum
3108 5095 3350 5149 Historia
3400 5095 3696 5163 litteraria,

2124 5165 2335 5237 tom._l,
2377 5181 2432 5236 p.
2466 5165 2554 5230 67,
2597 5166 2804 5237 saeculo,
2845 5164 3123 5230 Gnostico,
3160 5166 3254 5236 qui
3296 5166 3485 5221 eodem
3529 5183 3699 5237 argu-

2123 5235 2320 5307 inenti_
2347 5235 2586 5307 genere,
2645 5236 2970 5290 saeculorum
3029 5235 3376 5307 sequiorunt
3415 5235 3698 5307 commen-

2124 5313 2236 5358 tum
2289 5303 2568 5378 Sflrcnagi
2593 5307 3085 5378 martyriumdicit
3108 5303 3139 5360 “;
3173 5327 3197 5378 γ(
3229 5305 3390 5376 Quod
3422 5323 3552 5362 vero
3582 5306 3698 5362 Ire-

2122 5390 2271 5448 naeus
2297 5385 2500 5448 martyr
2529 5375 2699 5432 fuisse
2728 5375 2887 5448 vulgo
2910 5377 3144 5440 dicatur,
3169 5377 3561 5448 idsequiot'um
3590 5393 3684 5448 po-

2123 5447 2234 5515 tius
2256 5445 2578 5500 saeculorum
2608 5445 2978 5502 commentum
3011 5445 3343 5504 censendum
3374 5451 3512 5515 erit;
3545 5445 3695 5505 certe

2123 5514 2403 5583 ignorasse
2439 5515 2691 5570 videntur
2721 5518 3046 5573 vetustiores
3089 5514 3692 5584 Tertullianus,Euse-

2121 5584 2283 5666 ωιεῇ
2292 5585 2654 5666 Augustinus,
2694 5586 3091 5666 Theodoretus.
3126 5608 3152 5666 ε

2191 5655 2309 5733 (53)
2338 5653 2564 5712 Dissert.
2600 5673 2766 5728 pracv.
2804 5659 2859 5714 in
2907 5657 3095 5715 lrentci
3125 5657 3249 5725 lib.,
3279 5656 3373 5726 90,
3403 5657 3496 5727 91,
3531 5653 3563 5733 ε
3595 5656 3693 5731 31,

2120 5724 2209 5792 32,
2243 5725 2333 5781 55.
