3966 6344
459 320 563 378 487

1214 319 1303 376 ne
1335 312 1729 378 PORTUENSI
1771 313 1831 378 s.
1871 319 2237 378 HlPPOLYTl
2273 321 2472 380 sane.
2513 353 2585 366 —
2619 297 2802 379 rans
2841 323 2904 380 ιι.

3615 324 3743 380 438

460 438 788 512 quandoque
820 447 1136 507 occurrunt,
1167 438 1276 496 hoc
1315 455 1428 496 uno
1454 440 1706 511 exemplo
1749 455 1859 496 non
1900 455 1932 496 a
1961 439 2030 494 li-
2057 457 2106 516 Α
2137 441 2262 496 dem
2295 441 2488 498 codice
2524 442 2671 497 inter
2716 456 2924 496 annum
2955 440 3160 498 Christi
3181 440 3285 496 773
3312 451 3366 497 et
3394 441 3524 509 77d,
3573 440 3628 496 in
3643 435 3745 492 di-

463 533 661 594 brariis
692 541 893 589 temere
915 532 1182 589 conﬁctas
1207 533 1340 589 satis
1363 549 1638 605 superque
1663 542 1921 590 constare
1945 550 2037 589 ar-

459 625 760 693 bitramur;
817 623 912 679 sed
966 624 1186 679 easdem
1223 625 1292 679 ab
1341 624 1590 694 ipsismet
1638 625 2035 696 scriptoribus,

458 716 546 773 vel
572 717 640 771 ab
668 731 858 771 eorum
907 715 1122 781 amicis,
1155 715 1238 769 vel
1273 714 1580 786 discipulis,
1614 716 1699 771 vel
1741 717 1960 772 demum
2006 728 2038 772 a

460 807 652 878 peritis
678 805 811 861 viris
840 805 1080 875 propriis
1100 804 1384 860 codicibus
1413 805 1692 876 appositas
1724 804 1894 862 fuisse
1919 821 2040 861 cre-

461 899 674 966 dimus;
707 911 880 968 eoque
914 897 1108 966 magis.
1148 897 1277 967 quia
1309 911 1450 965 sazpe
1476 896 1693 962 accidit,
1725 904 1786 951 ut
1815 895 2038 952 easdem

462 1003 554 1043 res
584 988 714 1057 ipsae
738 984 1057 1048 exhibeant,
1080 1000 1204 1054 qua:
1226 999 1351 1039 cum
1378 983 1620 1054 antiquis
1641 999 1706 1038 ac
1730 983 1833 1038 tide
1861 981 2040 1052 dignis

462 1078 782 1134 auctoribus
828 1077 970 1132 mire
1015 1078 1391 1132 consentiunt.
1439 1073 1518 1131 lta
1563 1076 1618 1130 in
1655 1075 2040 1145 antiquissimo

463 1171 650 1226 codice
696 1169 1035 1225 bibliotheca:
1077 1168 1477 1236 Ottobonianae,
1515 1170 1571 1225 in
1617 1185 1728 1240 quo
1773 1169 2042 1224 habentur

463 1263 740 1318 orationes
772 1262 1212 1332 quamplurima,
1252 1261 1309 1315 S.
1345 1259 1590 1332 Gregorii
1620 1259 1945 1315 Nazianzeni
1972 1259 2040 1314 ad

463 1354 767 1408 orationem
822 1354 878 1408 in
934 1364 1123 1409 sancta
1175 1352 1409 1407 Lumina
1442 1352 1768 1422 hujusmodi
1817 1360 1946 1405 nota
1984 1351 2040 1406 in

461 1443 708 1515 margine
740 1443 971 1498 habetur
1000 1462 1013 1497 :
1041 1435 1210 1508 Οὗτος
1231 1442 1559 1514 δογματικὸς
1580 1441 1778 1515 season
1810 1444 1867 1497 ἐν
1890 1443 2044 1494 Κων-

467 1535 893 1601 σταντινοπόλει,
937 1554 956 1587 ‹
991 1535 1081 1590 hic
1110 1539 1328 1606 (nempe
1358 1534 1560 1605 sermo)
1591 1534 1936 1604 dogmaticus
1957 1533 2042 1587 di-

462 1637 590 1683 ctus
622 1637 705 1683 est
739 1627 793 1681 in
823 1626 1316 1696 Constantinopoli,
1357 1644 1376 1678 )
1412 1641 1535 1696 qua:
1564 1629 1727 1681 etiam
1762 1625 1958 1697 legitur
1984 1624 2040 1679 in

464 1719 713 1791 sequenti
745 1719 992 1774 oratione
1014 1719 1068 1773 in
1087 1718 1464 1774 Pentecosten.
1497 1717 1646 1785 Quas
1667 1718 1885 1789 quidem
1915 1733 2042 1773 ora-

2141 535 2324 590 ctione
2353 549 2452 597 xu,
2497 533 2614 590 haec
2650 534 2953 605 leguntur:
2995 553 3015 587 ι
3051 531 3165 591 Hac
3208 533 3507 589 indictione
3552 549 3730 590 vene.

2148 635 2277 683 runt
2325 625 2521 681 Franci
2573 626 2628 680 in
2679 625 2910 681 Italiam.
2960 645 2979 679 ι
3041 625 3285 682 Francos
3327 626 3518 682 eodem
3566 639 3728 680 anno

2141 718 2328 775 Caroli
2357 717 2431 774 Μ.
2467 719 2632 774 ductu
2663 717 2718 773 in
2761 717 2970 772 Italiam
3017 717 3188 774 fuisse
3225 732 3547 788 progressos
3570 757 3587 781 ,
3629 725 3726 770 te-

2138 818 2353 865 stantur
2382 809 2594 879 antiqui
2639 809 2935 880 scriptores
2983 808 3327 879 Eginhardu‘s
3362 808 3500 879 (70),
3545 807 3728 862 Chro-

2139 904 2295 958 nicon
2327 900 2587 971 Augiense
2623 900 2758 970 (71),
2789 913 2842 956 et
2871 901 3166 955 Chronicon
3198 899 3581 954 brevissimum
3609 916 3730 952 mo-

2142 991 2366 1046 nasterii
2413 989 2474 1044 S.
2518 988 2660 1044 Galli
2699 989 2844 1060 (72),
2877 1006 2909 1044 a
2935 989 3159 1044 Baluzio
3201 989 3344 1044 edita
3370 988 3503 1058 (7'5).
3535 987 3728 1042 Euse-

2139 1083 2266 1140 bius
2293 1083 2390 1138 lib.
2427 1099 2512 1148 ιιι,
2544 1098 2665 1153 cap.
2693 1082 2788 1150 24,
2824 1082 2900 1136 De
2952 1083 3063 1137 vita
3109 1081 3449 1136 Constantini
3496 1079 3729 1151 Magni,

2141 1176 2363 1246 scripsit
2401 1174 2515 1245 (74)
2552 1190 2611 1230 se
2661 1189 2852 1230 omnes
2885 1173 3129 1245 ejusdem
3183 1173 3527 1230 Constantini
3567 1174 3729 1244 leges

2141 1281 2206 1320 ac
2238 1265 2519 1336 epistolas,
2550 1265 2619 1320 ab
2653 1265 2772 1336 ipso
2801 1265 3130 1334 imperatore
3163 1264 3341 1324 datas.
3386 1279 3508 1330 quae
3546 1263 3616 1318 ad
3654 1264 3732 1318 li-

2142 1356 2264 1411 dem
2293 1356 2618 1412 catholicam
2651 1355 2992 1426 spectabant,
3017 1365 3270 1426 separato
3297 1355 3575 1410 volumine
3599 1353 3732 1410 col-

2141 1447 2310 1519 ligere
2335 1447 2490 1512 velle,
2535 1445 2683 1516 quod
2715 1461 2847 1501 num
2884 1446 2998 1516 ipse
3035 1446 3398 1516 praestitisset,
3430 1445 3575 1502 viros
3617 1446 3731 1500 do-

2142 1550 2260 1595 ctos
2283 1539 2490 1594 diutius
2522 1537 2715 1604 latuit;
2742 1537 3070 1609 penitusque
3093 1537 3194 1608 ipsi
3218 1537 3582 1608 ignorassent.
3606 1535 3727 1594 nisi

2141 1631 2409 1689 Henricus
2444 1630 2692 1686 Valesius
2721 1639 3004 1701 antiquam
3031 1630 3239 1686 codicis
3264 1627 3502 1684 Medicazi
3526 1637 3726 1682 notam

2141 1723 2437 1794 vulgasset,
2469 1737 2533 1777 ex
2561 1737 2666 1792 qua
2690 1719 2986 1776 Eusebium
3017 1736 3183 1792 supra
3221 1720 3567 1776 laudatarum
3597 1721 3728 1792 epi-

465 1811 647 1868 tiones
678 1809 736 1866 S.
769 1811 1089 1882 Gregorium
1133 1809 1609 1880 Constantinopoli
1646 1811 1905 1866 habuisse
1949 1826 2040 1866 re-
2069 1813 2112 1869 Β
2141 1816 2402 1870 stolarum
2439 1814 2612 1884 ipsius
2644 1814 2993 1870 Constantini
3027 1813 3208 1886 Magni
3247 1814 3493 1869 codicem
3526 1812 3728 1870 confe-

463 1919 552 1960 cte
565 1919 631 1959 ex
649 1903 892 1973 antiquis
921 1903 1289 1958 monumentis
1310 1907 1471 1959 docet
1492 1901 1879 1957 Tillemontius
1897 1901 2033 1974 (65).

463 1993 523 2049 In
554 1994 740 2050 codice
762 1993 1145 2050 Casanattensi
1175 1993 1312 2066 (66),
1343 2004 1468 2050 ante
1493 1995 1836 2065 octingentos
1863 2008 2038 2049 annos

463 2083 899 2155 Longobardicis
930 2083 1128 2138 litteris
1157 2091 1404 2147 exarato,
1443 2083 1498 2136 in
1528 2097 1640 2152 quo
1674 2081 1904 2135 habetur
1942 2095 2037 2150 ge-

463 2177 669 2233 nuinus
701 2175 859 2232 Beda:
889 2175 1101 2246 Cyclas,
1130 2173 1246 2245 qui,
1289 2183 1351 2228 ut
1393 2173 1580 2228 docuit
1619 2170 1846 2242 Magnus
1879 2167 2039 2224 Nori-

463 2267 582 2324 sius
631 2267 767 2338 (67),
809 2267 880 2322 ab
929 2280 1074 2321 anno
1105 2264 1310 2321 Christi
1363 2263 1470 2320 532
1509 2279 1684 2335 usque
1717 2263 1786 2317 ad
1831 2276 2035 2316 annum

375 2417 380 2419 _
421 2359 606 2434 .1063
651 2359 993 2430 producitur,
1043 2357 1214 2412 multa
1258 2357 1400 2412 scitu
1449 2357 1613 2427 digna
1663 2355 1894 2428 singulis
1927 2353 2040 2408 fere

359 2448 424 2493 "5
463 2458 626 2514 annis
675 2456 936 2512 adnotata
989 2463 1139 2519 sunt,
1189 2469 1423 2524 quorum
1463 2453 1552 2509 hic
1601 2453 1782 2524 aliqua
1832 2449 2038 2506 referre

464 2566 574 2607 non
613 2550 777 2621 piget.
811 2547 996 2603 Primo
1039 2547 1204 2619 igitur
1245 2547 1362 2602 haec
1395 2546 1665 2601 habentur
1704 2562 1718 2600 :
1755 2561 1774 2594 ‹
1819 2540 2038 2596 Primus

466 2642 712 2716 Dionysii
740 2641 980 2698 circulus
1006 2655 1036 2694 a
1063 2638 1360 2696 Justiniani
1389 2637 1651 2708 principis
1678 2649 1822 2690 anno
1850 2633 1914 2698 6,
1942 2631 2037 2702 qui

465 2733 715 2806 regnavit
757 2746 932 2788 annos
970 2730 1062 2797 38,
1101 2749 1120 2783 ι
1160 2745 1282 2800 qua:
1331 2728 1518 2784 omnia
1549 2725 1767 2780 veritati
1806 2735 2039 2795 prorsus

464 2839 595 2888 sunt
626 2837 1023 2889 consentanea;
1058 2824 1376 2896 Dionysium
1404 2822 1548 2877 enim
1571 2819 1841 2891 Exiguum
1874 2835 2035 2876 suum

465 2920 782 2977 Pasclialem
817 2917 1024 2989 cyclum
1059 2915 1130 2970 ab
1163 2929 1307 2970 anno
1340 2913 1373 2969 6
1403 2911 1696 2968 Justiniani
1738 2910 2038 2982 imperato-

465 3011 567 3080 ris,
597 3011 692 3083 qui
733 3008 925 3065 incidit
971 3007 1026 3062 in
1069 3020 1275 3061 annum
1310 3004 1437 3071 532,
1474 3003 1811 3072 auspicasse,
1848 3002 2037 3059 multis

465 3113 711 3161 veterum
750 3099 1085 3158 testimoniis
1115 3097 1365 3170 probavit
1402 3096 1543 3151 idem
1588 3094 1838 3151 Norisius
1887 3095 2035 3166 (68),

463 3195 828 3264 eumdemque
855 3168 1236 3262 imperatorem
1266 3189 1428 3245 annis
1457 3187 1547 3251 58,
1573 3203 1683 3242 non
1705 3186 1796 3251 40,
1842 3198 1902 3244 ut
1923 3190 2042 3259 qui-
2066 3168 2109 3226 (ἶ

464 3291 592 3347 dam
635 3301 919 3359 perperam
965 3276 1339 3354 scripserunt,
1388 3294 1669 3352 regnasse,
1718 3278 1846 3334 alibi
1897 3279 2040 3334 idem

465 3378 937 3440 eminentissimus
970 3386 1162 3432 auctor
1191 3373 1310 3430 [use
1338 3373 1682 3429 demonstrat
1707 3369 1840 3442 (69).
1873 3369 1932 3425 ln
1957 3385 2045 3426 eo-

466 3557 536 3614 de
580 3557 635 3612 S.
671 3552 939 3626 Agobardi
989 3549 1382 3626 archiepiscopi
1437 3547 1819 3620 Lugdunensis
1867 3547 2040 3618 cultu,

466 3629 619 3683 Actis
647 3637 698 3680 et
719 3620 878 3680 {etate
898 3623 1110 3677 erudite
1139 3620 1510 3690 preferuntur.

539 3697 652 3770 (65)
678 3694 834 3770 Tom.
863 3691 957 3757 1X,
984 3687 1259 3770 yfinoires
1283 3707 1418 3770 pou:
1437 3689 1602 3770 servir
1625 3688 1659 3742 ὰ
1673 3687 1935 3770 i’liistoire
1955 3706 2041 3744 ec-

466 3757 970 3838 cléSiaStiqtte,_pag.
993 3761 1119 3838 462,
1136 3763 1191 3816 in
1215 3757 1640 3838 sajntgreg‘oire
1656 3757 1726 3838 de
1743 3758 2038 3838 _NaziAaAtne,

468 3839 659 3894 article
688 3829 778 3904 6'6,
810 3829 907 3891 des
923 3829 1192 3890 'oraisons
1223 3831 1315 3901 58,
1341 3832 1433 3898 59,
1459 3829 1552 3891 41).
1577 3829 1670 3897 41,
1697 3831 1761 3885 51
1792 3838 1846 3884 et
1866 3829 1936 3886 26
1973 3831 2042 3886 de

467 3910 614 3966 saint
641 3907 915 3974 Grégoire.

541 3979 654 4049 (66)
685 3977 847 4032 Num.
879 3975 1004 4049 sit.

543 3981 632 4049 (66
685 3981 847 4032 Num.
879 3981 1004 4030 5M.

543 3981 656 4122 (67)
691 4046 1084 4122 Dissertatione
1112 4041 1412 4122 §_de_cyclo
1439 4037 2042 4122 paschali'llavennate

471 4109 740 4175 annorum
789 4117 879 4178 95,
933 4123 1066 4170 tom.
1123 4115 1167 4168 ll
1217 4109 1456 4184 Operuui
1501 4113 1634 4166 edit.
1673 4109 1903 4165 Veronae
1946 4127 2038 4165 an.

471 4191 631 4256 1729,
661 4204 782 4259 pag.
819 4191 943 4241 754.

542 4259 655 4330 (68)
685 4254 1046 4330 Dissert.__2de
1065 4251 1309 4330 paschali
1328 4250 1644 4330 Latinorum
1658 4249 1834 4330 cyclo,
1854 4264 1910 4320 p.
1936 4247 2041 4304 723

468 4340 524 4386 et
548 4322 876 4406 sequtorn.
906 4323 949 4378 ll
977 4322 1216 4406 Cpéruin
1247 4324 1426 4406 citata:
1463 4322 1742 4406 editionis:

540 4388 923 4473 (69')'Dissert.
982 4388 1229 4450 historic.
1275 4393 1342 4447 de
1393 4391 1858 4472 syriotlooiiinta,
1897 4388 1985 4462 μ
2022 4429 2038 4454 ,

469 4481 603 4526 tom.
627 4469 646 4523 ι
679 4469 936 4539 ()perum,
961 4479 1086 4539 pag.
1108 4463 1248 4518 683:
1277 4482 1308 4539 ε⁸
1325 4461 1490 4532 ldque
1506 4461 1778 4533 colligitur
1800 4477 1868 4515 ex
1890 4477 2036 4515 anno

468 4543 652 4598 obitus
677 4533 981 4594 Iustiniani
1001 4533 1386 4606 iiitperatoris._
1407 4550 1425 4583 ι

545 4609 658 4679 (70)
693 4607 1061 4679 Eginhardus,
1079 4597 1321 4679 'natione
1347 4603 1684 4679 Germanus,
1709 4597 1992 4679 Caroli“.
2018 4642 2036 4666 ,

507 4673 564 4737 ui
596 4673 848 4735 obiit'au.
879 4675 1006 4735 8M.
1037 4692 1067 4730 a
1095 4675 1340 4743 secretis,
1374 4673 1686 4743 imperatori
1716 4688 1817 4727 suo
1847 4673 2039 4728 admo-

467 4742 597 4808 dum
625 4752 825 4805 charus
856 4747 973 4801 fuit.
999 4745 1202 4800 Praeter
1231 4742 1406 4798 Vitam
1429 4742 1608 4798 Caroli
1629 4742 1830 4813 Magni,
1849 4746 2034 4813 Anna:

469 4825 543 4876 les
565 4822 726 4876 etiam
757 4833 929 4872 rerum
959 4825 1224 4887 gestarum
1246 4815 1425 4887 Pipini
1455 4815 1618 4883 regis,
1649 4810 2037 4887 CaroliMagni

468 4903 524 4948 et
553 4889 810 4945 Ludovici
841 4885 1039 4953 Pii,'ab
1068 4903 1213 4941 anno
1258 4885 1356 4940 741
1400 4887 1470 4940 ad
1507 4898 1710 4938 annum
1757 4885 1882 4952 829,
1905 4899 2040 4940 con-

470 4959 713 5031 scripsit,
738 4959 834 5031 qui
865 4958 1069 5028 pluries
1084 4955 1314 5031 _[uerunt
1344 4955 1831 5031 editi,_pra:serti_m
1857 4971 1890 5010 a
1924 4953 2038 5031 Du-

469 5025 696 5088 chesnio
723 5025 1053 5099 Scriptorum
1078 5025 1322 5099 Francia:
1349 5037 1483 5099 tom.
1513 5025 1577 5091 Il,
1607 5025 1850 5099 ubivide
1868 5042 1922 5096 p.
1943 5028 2035 5097 29,

471 5103 539 5158 ad
566 5118 657 5157 an.
687 5101 789 5154 774
817 5096 948 5155 edit.
974 5098 1201 5153 Lutetiae
1232 5096 1568 5152 Parisiorum
1597 5096 1727 5150 anni
1757 5096 1915 5150 1686.

543 5172 656 5244 (71)
688 5169 1303 5244 Chroiiicon_augie_nse
1328 5179 1412 5244 est
1445 5168 1631 5244 szeculi
1662 5182 1718 5232 χ,
1760 5177 1814 5221 et
1845 5167 2037 5244 incipit

472 5237 724 5299 ab'au'no
761 5241 965 5296 Christi
1010 5237 1140 5299 709;
1181 5240 1490 5309 desinitque
1537 5239 1604 5309 ad
1651 5253 1855 5292 annum
1906 5237 2032 5294 934.

472 5313 664 5371 Exstat
687 5311 830 5381 apud
863 5310 1121 5381 Stephani
1152 5309 1355 5364 Baluzii
1398 5307 1739 5381 Miscetlanea
1769 5323 1909 5381 novo
1929 5327 2036 5381 _ur-

471 5386 596 5441 dine
626 5377 833 5454 digesta
864 5391 918 5454 et
955 5377 1134 5454 aucta,
1169 5396 1332 5454 opera
1351 5389 1418 5454 _et
1453 5379 1634 5434 studio
1654 5377 2036 5454 JoannisDo-

470 5456 656 5511 minici
684 5447 903 5514 'Mansi.
939 5463 1072 5506 tom.
1112 5451 1130 5504 l
1174 5447 1303 5521 eitit.
1351 5448 1668 5521 Lucaganni
1697 5448 1855 5502 1761.
1891 5447 2035 5521 Lege

468 5539 524 5598 p.
557 5525 681 5591 120,
705 5525 796 5579 ubi
821 5523 889 5577 ad
918 5536 1120 5603 annum
1152 5520 1255 5574 775
1284 5527 1400 5600 haec
1420 5519 1621 5601 scripta
1645 5519 1989 5587 reperiuntur
2015 5540 2028 5574 :

473 5613 494 5648 ι
526 5594 694 5666 Capta
741 5602 828 5650 est
861 5594 1014 5648 [talia
1059 5608 1090 5646 a
1135 5588 1380 5655 Francis,
1424 5599 1480 5644 et
1517 5588 1746 5644 Carolus
1801 5589 2031 5645 Romam

468 5666 738 5736 pervenit.
779 5682 798 5716 ι
872 5733 882 5736 _
1025 5730 1038 5736 Δ
1104 5730 1116 5736 _
1298 5727 1334 5736 __
1617 5701 1647 5736 _;

539 5733 652 5803 (72)
682 5733 993 5803 Chronieon
1025 5727 1336 5803 huiusmodi
1360 5739 1444 5784 est
1472 5727 1656 5785 saculi
1680 5744 1761 5803 Ix,
1792 5727 2033 5803 illudque

471 5801 677 5878 pariter
702 5802 870 5858 edidit
902 5801 1156 5856 Baluzius
1184 5809 1317 5856 tom.
1351 5809 1406 5857 et
1431 5814 1554 5870 pag.
1586 5802 1768 5858 Ctlatis
1800 5818 1814 5855 :
1844 5801 2032 5874 incipit

2143 1907 2285 1963 cisse
2338 1905 2452 1978 (75)
2499 1916 2686 1976 aperte
2732 1907 3024 1978 colligitur.
3081 1906 3156 1961 Es
3215 1906 3302 1962 his
3351 1906 3549 1975 igitur,
3591 1922 3726 1977 quae

2142 1998 2431 2070 hucusque
2462 1997 2530 2054 de
2557 1999 2798 2069 antiquis
2827 1999 2991 2064 notis,
3046 1999 3103 2053 in
3151 1999 3380 2054 vetustis
3430 1999 3726 2055 codicibus

2145 2091 2474 2163 quandoque
2495 2091 2888 2146 exsistentibus
2911 2090 3033 2146 fuse
3057 2091 3240 2156 nimis,
3267 2107 3432 2162 quam
3453 2107 3551 2161 par
3573 2102 3724 2158 erat,

2144 2183 2567 2253 disputavimus.
2599 2183 2732 2238 satis
2761 2196 3034 2251 superque
3076 2183 3337 2252 probasse
3379 2181 3538 2236 nobis
3583 2197 3723 2237 sua-

2145 2273 2357 2337 demus,
2405 2271 2624 2327 easdem
2660 2279 2830 2341 (notas
2879 2271 3020 2325 inter
3070 2279 3312 2324 veterum
3364 2269 3721 2324 librariorum

2145 2365 2359 2420 somnia
2404 2379 2470 2418 ac
2497 2362 2783 2418 mendacia
2817 2362 2965 2416 haud
2995 2363 3326 2418 recensendo
3367 2377 3507 2416 csse.
3543 2361 3726 2432 Supe-

2145 2457 2290 2512 riora
2323 2455 2468 2510 enim
2509 2455 2755 2524 exempla
2787 2463 2972 2524 aperte
3012 2469 3114 2510 nos
3141 2453 3361 2519 docent,
3395 2469 3492 2510 eas
3533 2454 3618 2510 vel
3648 2454 3726 2509 ab

2145 2549 2391 2620 ipsismet
2421 2548 2737 2603 auctoribus
2778 2547 3058 2602 codicibus
3087 2546 3225 2612 suis,
3256 2546 3339 2600 vel
3370 2546 3440 2601 ab
3474 2547 3723 2616 ipsorum

2143 2641 2448 2712 discipulis,
2481 2640 2576 2710 qui
2609 2638 2959 2710 praaceptoris
2992 2638 3076 2693 sui
3103 2654 3189 2693 res
3214 2647 3395 2707 gestas
3421 2639 3591 2709 probe
3613 2654 3723 2694 no-

2143 2742 2357 2800 verunt,
2389 2733 2474 2789 vel
2500 2735 2718 2790 demum
2743 2747 2774 2788 a
2801 2731 2988 2804 peritis
3011 2741 3068 2787 et
3096 2732 3276 2787 doctis
3301 2730 3436 2786 viris
3461 2729 3721 2800 quando-

2145 2841 2251 2897 que
2291 2825 2460 2881 fuisse
2510 2825 2822 2896 appositas;
2860 2823 2976 2896 qui,
3026 2824 3132 2879 etsi
3179 2823 3541 2894 scriptoribus
3580 2822 3724 2892 ipsis

2145 2920 2472 2990 posteriores
2498 2927 2657 2974 aetate
2682 2917 2923 2984 fuerunt,
2949 2925 3130 2972 tamen
3157 2916 3378 2986 optimis
3399 2930 3725 2971 monumen-

2146 3011 2214 3065 tis
2229 3009 2426 3074 edocti,
2455 3009 2502 3066 si
2527 3008 2658 3080 quid
2688 3023 2930 3079 unquam
2954 3008 3021 3062 ad
3042 3007 3290 3063 codicum
3310 3021 3534 3061 suorum
3559 3021 3722 3061 oram

2144 3100 2498 3164 adnotarunt,
2543 3113 2654 3154 non
2693 3098 2866 3152 aniles
2897 3096 3132 3160 fabulas,
3162 3096 3255 3152 sed
3297 3111 3386 3150 res
3409 3095 3514 3149 sibi
3557 3095 3726 3165 plane

2143 3200 2452 3261 compertas
2491 3190 2725 3261 posteris
2755 3189 3116 3254 tradiderunt,
3163 3187 3313 3258 quod
3347 3187 3566 3256 quidem
3601 3188 3722 3243 cla-

2143 3284 2258 3338 rius
2290 3282 2447 3336 nobis
2481 3280 2737 3339 innotuit.
2771 3280 2900 3335 dum
2935 3294 3022 3342 ea,
3070 3294 3193 3349 quae
3236 3279 3292 3333 in
3321 3277 3529 3334 eisdem
3571 3279 3724 3336 notis

2142 3385 2464 3444 narrantur,
2512 3374 2845 3444 incorruptis
2893 3373 3183 3429 vetustatis
3232 3373 3605 3429 monumentis
3646 3373 3719 3430 ad

2141 3554 2210 3609 ab
2235 3568 2328 3610 an.
2363 3551 2461 3607 691
2495 3565 2670 3622 usque
2695 3549 2764 3606 ad
2797 3565 2889 3606 an.
2921 3549 3048 3606 8M.
3080 3550 3137 3605 ln
3171 3566 3237 3607 eo
3261 3550 3330 3606 ad
3365 3565 3571 3622 annum
3609 3550 3721 3608 774l-

2140 3625 2377 3695 legitur:
2416 3620 2594 3695 «_Hoc
2633 3624 3051 3695 anno_perrexit
3091 3622 3326 3677 domnus
3367 3620 3604 3695 Karolus
3642 3623 3717 3678 ad

2143 3690 2371 3749 Romam
2401 3693 2468 3747 ad
2499 3701 2748 3747 sanctum
2786 3690 3007 3746 Petrum
3029 3733 3046 3758 ,
3075 3701 3130 3747 et
3157 3701 3431 3747 revertens
3462 3692 3590 3746 inde
3618 3707 3718 3747 ac-

2141 3766 2364 3835 quisivit
2391 3762 2656 3835 ljeccunia
2683 3763 2902 3833 (melius
2921 3761 3106 3835 gavia)
3135 3763 3374 3824 civitate,
3393 3763 3508 3817 sive
3523 3763 3720 3835 Cicino

2141 3832 2359 3905 (melius
2391 3833 2604 3902 Ticino)
2628 3832 2762 3905 cum
2789 3847 2916 3905 rege
2945 3832 3243 3900 Desiderio,
3273 3845 3328 3888 et
3353 3847 3479 3888 cum
3511 3833 3719 3903 gaudio

2141 3901 2389 3961 reversus
2415 3913 2499 3958 est
2530 3905 2583 3956 in
2626 3901 2876 3958 Francia}
2911 3922 2930 3955 ι

2172 3973 2426 4100 agmini
2471 3973 2662 4032 eodem
2700 3983 2832 4028 tum.
2865 3972 2908 4040 l,
2957 3989 3079 4046 pag.
3113 3970 3215 4027 120
3245 3972 3424 4028 citata
3465 3972 3714 4043 ejusdem

2211 4063 2224 4098 Ι
2254 4061 2412 4098 101118.
2564 4096 2568 4100 .

2139 4057 2412 4100 εαιιιυιιιδ.
2564 4096 2568 4103 ,

2213 4114 2325 4186 (74)
2363 4115 2542 4186 Citato
2585 4113 2682 4169 lib.
2706 4129 2798 4182 ιιι,
2834 4130 2953 4185 cap.
2986 4114 3080 4181 24,
3123 4130 3246 4186 pag.
3291 4113 3417 4174 592.
3460 4113 3717 4186 ubigagit

2137 4184 2417 4256 quomodo
2433 4184 2829 4241 Constantinus
2851 4184 3134 4256 episcopis
3148 4184 3469 4256 et’plebibus
3494 4184 3716 4256 religion

2140 4253 2232 4327 sas
2262 4255 2470 4327 litteras
2517 4259 2715 4325 saepius
2756 4253 3072 4327 scripserit;
3120 4253 3333 4312 ubi'ait
3374 4274 3396 4327 εξ
3442 4275 3460 4307 ι
3503 4253 3623 4310 Sed
3656 4267 3713 4312 et

2141 4324 2246 4397 alia
2284 4326 2518 4396 plurima
2545 4324 2813 4396 ejusmodi
2842 4324 3085 4397 scripsit,
3117 4342 3182 4381 ac
3219 4341 3356 4396 pene
3386 4325 3709 4382 innumera-

2141 4396 2277 4452 biles
2321 4397 2564 4451 exaravit
2607 4398 2899 4466 epistolas;
2946 4396 3092 4453 nunc
3139 4397 3410 4466 episcopis
3454 4398 3710 4466 praescri-

2143 4466 2277 4522 bens
2305 4482 2368 4522 ea
2403 4482 2526 4536 qua:
2557 4465 2624 4520 ad
2642 4465 3025 4522 ’Ecclesiarum
3059 4468 3152 4522 Dei
3174 4465 3471 4521 utilitatem
3495 4477 3715 4536 specta.

2067 4523 2110 4579 Ῑ)
2141 4537 2301 4606 bant;
2337 4523 2482 4592 nunc
2533 4537 2680 4608 ipsas
2713 4538 2898 4608 plebes
2932 4553 3028 4608 per
3073 4538 3279 4592 litteras
3324 4523 3660 4608 compellans
3685 4579 3702 4603 ,

2139 4607 2445 4678 fratresque
2497 4607 2567 4663 et
2601 4607 2899 4664 conservos
2937 4607 3074 4678 suos
3123 4608 3415 4662 nominans
3449 4607 3710 4664 Ecclesiae

2177 4677 2390 4749 opulos,
2423 4678 2506 4733 vir
2530 4679 2900 4749 beatissimus.
2941 4677 3140 4734 Verum
3174 4680 3288 4734 haec
3314 4686 3575 4749 separato
3600 4693 3705 4733 vo-

2163 4747 2345 4804 uniine
2369 4749 2644 4821 colligere,
2674 4749 2808 4804 alias
2840 4748 3073 4804 fortasse
3101 4749 3272 4804 otium
3305 4747 3489 4813 fuerit,
3519 4763 3589 4803 ne
3610 4749 3709 4804 hu-

2133 4818 2727 4890 jushistorize'nostrge
2759 4821 2928 4875 series
2955 4821 3408 4890 inter-rumpatur;
3441 4837 3462 4870 ι

2210 4889 2323 4960 (75)
2363 4889 2490 4946 Haec
2520 4901 2650 4960 sunt
2675 4889 2876 4946 Valesii
2909 4891 3071 4946 verba
3099 4895 3164 4944 ad
3200 4887 3344 4943 hunc
3369 4887 3588 4944 Eusebii
3618 4888 3705 4944 lo-

2137 4959 2262 5018 cum
2290 4959 2313 5014 :’
2334 4980 2353 5013 ι
2375 4965 2535 5017 Certe
2560 4959 2849 5027 Eusebius,
2879 4963 3025 5030 quod
3050 4963 3137 5016 hic
3160 4960 3463 5031 pollicetur,
3516 4970 3706 5029 postea

2138 5032 2401 5102 implevit,
2430 5045 2732 5102 omnesque
2756 5033 3016 5102 epistolas
3046 5040 3101 5086 et
3125 5031 3438 5102 sanctiones
3468 5032 3704 5100 impera-

2141 5101 2275 5157 toris
2304 5101 2674 5167 Constantini,
2706 5101 2828 5171 qua:
2857 5105 2923 5156 ad
2949 5103 3273 5157 catholicam
3310 5101 3467 5155 ﬁdem
3496 5110 3704 5170 specta-

2137 5174 2288 5234 bant,
2319 5171 2540 5242 speciali
2568 5173 2706 5226 libro
2738 5174 3054 5242 complexus
3077 5182 3178 5228 est.
3206 5171 3264 5226 Id
3297 5187 3384 5226 me
3406 5173 3590 5226 docuit
3611 5186 3705 5227 co.

2137 5245 2238 5298 dex
2271 5241 2577 5305 Medicaaus,
2603 5248 2660 5298 in
2685 5256 2795 5312 quo
2829 5241 2897 5298 ad
2932 5245 3136 5298 calcem
3171 5243 3426 5297 Historia:
3453 5242 3702 5312 ecclesia-

2136 5315 2284 5368 sticw
2315 5314 2632 5384 praescripta
2672 5311 2756 5368 est
2783 5315 3015 5382 epistola
3053 5313 3396 5384 Constantini
3423 5311 3705 5384 adPahe—

2136 5382 2332 5450 stinos,
2354 5397 2518 5454 quam
2549 5385 2602 5438 in
2631 5385 2898 5454 superiori
2941 5386 3080 5438 libro
3113 5384 3296 5438 retulit
3320 5382 3611 5448 Eusebius,
3647 5391 3703 5437 et

2134 5464 2259 5526 post
2297 5455 2996 5526 supradictajn‘epistolam
3051 5457 3304 5526 leguntur
3352 5455 3698 5526 haacverba:

2134 5519 2318 5598 Τᾳῦτα
2349 5519 2448 5598 μὲν
2479 5521 2571 5598 οὖν
2719 5519 2828 5598 ρῖοιῆ
2842 5519 3228 5598 κείσθω-ᾕρεε
3246 5524 3314 5598 δὲ.
3328 5525 3514 5598 λριπόν
3533 5541 3556 5598 ξ
3578 5525 3704 5598 τεοὺς

2133 5595 2329 5668 νόμορς
2351 5594 2455 5668 διαὶ
2484 5597 2582 5658 τὰς
2604 5594 2744 5668 saep
2773 5596 2872 5664 τῆς
2896 5595 3128 5668 ἀληθοῦς
3156 5594 3436 5668 ἐὺσεῦείας
3467 5595 3560 5668 τοῦ
3584 5594 3705 5668 Oeo-

2133 5613 2329 5719 νοῗους
2361 5613 2455 5649 και
2484 5613 2582 5658 τας
2604 5613 2744 5668 accep
2773 5614 2872 5664 της
2896 5613 3128 5666 atquae;
3156 5613 3436 5661 ευσευειας
3467 5613 3560 5649 του
3584 5613 3702 5648 σεο-

2133 5683 2194 5735 φι
2227 5665 2321 5742 οῖις
2347 5667 2440 5742 x91
2463 5667 2772 5742 npaoro'trou
2827 5667 3090 5742 βασιλέῳς
3125 5667 3439 5737 ἐπιστολὰς,
3460 5667 3554 5737 ἀφ’
3581 5665 3702 5720 ἐτέ-

2135 5753 2232 5811 ρας
2265 5737 2442 5810 ἀρχῆς
2471 5735 2607 5807 ὁμυῦ
2632 5739 2810 5802 πάσας
2827 5735 3250 5810 ἶπυναγάγωμεν.
