3966 6344
1062 318 1154 374 DE
1187 319 1578 378 PORTUENSI
1615 324 1674 380 S.
1709 322 2067 380 HIPPOLY'I‘I
2104 324 2297 381 SEDE.
2339 355 2408 366 --
2445 325 2625 380 PARS
2665 325 2729 380 II.

3425 328 3536 385 509.

284 435 460 502 (nullo
512 443 694 492 tamen
741 446 985 493 veterum
1042 439 1376 511 testimonio)
1419 456 1614 511 pagum
1651 442 1861 496 Arabiae
1888 448 1935 504 Α
2036 444 2225 511 Quoad
2259 445 2518 515 primum,
2555 445 2787 524 celebris
2818 417 2901 502 est
2936 447 3076 503 inter
3115 447 3359 504 eruditos
3393 464 3531 503 con-

283 528 487 586 Ferrea:
513 530 825 586 Bostrensis
849 530 1104 585 dioecesis
1146 529 1224 584 illi
1247 533 1480 600 patriam
1508 531 1699 596 fuisse,
1735 533 1857 588 diu-

281 636 385 692 que
410 620 651 687 Bostrze,
696 635 819 690 quae
861 618 964 674 fuit
999 618 1244 689 ejusdem
1265 620 1478 676 Arabiae
1517 625 1854 692 metropolis,

281 713 504 778 vixisse,
533 722 586 768 et
611 713 927 782 episcopum
957 711 1154 768 Portus
1181 711 1410 766 Romani
1444 715 1497 767 in
1518 715 1719 769 Arabia
1751 715 1854 772 Fe-

278 804 379 859 lice
409 804 708 859 exstitisse.
739 802 944 859 Novam
975 806 1116 860 hanc
1151 804 1254 859 viri
1301 804 1498 860 eruditi
1531 807 1854 863 sententiam

277 896 343 952 de
374 895 617 950 Arabico
648 894 707 950 S.
735 895 1008 969 Hippolyti
1033 899 1349 967 episcopatu
1375 899 1678 969 probarunt
1715 916 1857 956 non-

277 986 412 1041 nulli
456 1000 527 1040 ex
569 987 918 1043 hcterodoxis
967 988 1269 1043 litterarum
1323 987 1467 1043 fama
1511 1000 1854 1060 praestantes,

278 1075 605 1134 Guilielmus
655 1079 862 1134 scilicet
909 1078 1053 1135 Cave
1097 1076 1198 1150 (9),
1243 1078 1554 1137 Fridericus
1608 1081 1855 1152 Spanhe-

277 1169 419 1224 mius
443 1169 584 1241 (l0),
615 1170 832 1227 Samuel
861 1171 1160 1243 Basnagius
1181 1172 1315 1245 (ll),
1349 1181 1402 1228 et
1437 1173 1734 1229 novissime
1761 1174 1854 1228 Al-

276 1259 461 1316 bertus
507 1261 794 1318 Fabricius
850 1261 1280 1336 Hamburgensis
1337 1265 1474 1336 (l2).
1542 1263 1646 1320 Sed
1686 1281 1851 1335 quam

276 1348 434 1421 longe
475 1366 510 1406 a
536 1367 671 1408 vero
697 1353 863 1409 distet
892 1354 1007 1410 haec
1034 1353 1294 1426 Stephani
1343 1357 1393 1412 le
1422 1355 1616 1428 Moyne
1639 1356 1852 1411 divina-

276 1446 370 1508 tio,
401 1461 471 1501 ex
507 1445 599 1513 iis,
627 1461 749 1517 qua:
777 1462 904 1504 mox
953 1448 1184 1504 dicenda
1238 1460 1385 1516 sunt,
1429 1451 1649 1506 cuilibet
1695 1449 1852 1505 facile

274 1539 502 1610 patebit.

271 1649 408 1706 XIII.
472 1651 856 1708 Fundamenta
911 1655 1067 1723 hujus
1113 1661 1386 1712 sententia:
1436 1660 1761 1722 indicantur,
1799 1669 1849 1714 et

337 1735 541 1806 auctor.
559 1725 746 1806 libelli,
768 1727 860 1795 qui
888 1725 1160 1782 S.Gelasii
1181 1726 1210 1781 Ι
1233 1745 1382 1798 papa:
1403 1745 1588 1783 nomen
1612 1731 1846 1800 prazfcrt,

338 1805 659 1865 inquiritur.

335 1907 596 1979 Moynius
629 1905 1016 1964 divinationem
1055 1925 1212 1964 suam
1243 1910 1461 1965 duobus
1488 1921 1730 1968 veterum
1766 1921 1845 1966 te-

264 2000 545 2056 stimoniis
599 1999 792 2056 fulcire
839 2010 1069 2056 conatur
1099 2003 1234 2071 (15),
1287 2019 1520 2072 quorum
1570 2021 1739 2062 unum
1779 2019 1847 2060 ex

261 2096 509 2163 quodam
539 2094 746 2164 scripto
776 2093 855 2148 De
874 2095 1079 2149 duabus
1113 2100 1319 2150 naturis
1353 2097 1408 2150 in
1437 2097 1668 2162 Christo,
1699 2097 1846 2167 quod

258 2185 469 2243 Gelasii
523 2202 681 2257 papa:
729 2185 752 2240 l
798 2202 996 2242 nomen
1032 2187 1270 2257 prml'ert,
1326 2189 1556 2244 alterum
1603 2206 1735 2244 vero
1781 2207 1845 2246 ex

259 2276 643 2349 Philostorgio
668 2279 924 2336 desumit.

255 2419 385 2488 dam
439 2427 625 2480 eruta,
677 2415 730 2488 in
780 2416 908 2472 sede
953 2417 1270 2486 episcopali,
1315 2432 1478 2486 quam
1530 2431 1850 2488 occupasset

254 2484 617 2558 Hippolytus,
659 2487 727 2540 ab
761 2488 905 2541 illius
943 2484 1249 2558 cultoribus
1277 2484 1451 2558 pesita
1495 2498 1549 2542 et
1585 2484 1846 2546 collocata

253 2557 502 2625 luisset;
532 2558 796 2612 nimirum
833 2559 973 2612 intra
1000 2557 1195 2613 Portus
1221 2557 1485 2613 Ostiensis
1512 2561 1846 2616 territorium

253 2641 311 2685 et
340 2627 801 2699 pornmria._Jam
837 2645 962 2683 vero
1019 2629 1297 2682 inventum
1345 2638 1430 2683 est
1467 2630 1518 2682 in
1553 2631 1665 2686 :ede
1698 2631 1843 2684 Lau-

253 2697 515 2755 rentiana
547 2704 615 2753 ad
646 2697 866 2763 Urbem,
896 2715 1002 2768 quo
1031 2707 1288 2753 constare
1319 2700 1448 2752 mihi
1479 2700 1709 2766 videtur,
1741 2702 1850 2754 Ro-

251 2785 462 2825 manos
496 2771 655 2824 illum
685 2770 1012 2833 vindicasse,
1041 2768 1228 2823 Romae
1255 2769 1524 2838 praecipue
1548 2774 1747 2839 egisse,
1774 2773 1847 2826 ibi

254 2839 571 2908 Evangelio
602 2841 970 2910 propagando,
1004 2849 1058 2894 et
1089 2841 1357 2894 haeresum
1389 2839 1506 2892 viru
1551 2852 1604 2894 et
1638 2858 1848 2898 veneno

251 2911 671 2979 exstinguendo
720 2912 972 2964 alacriter
1016 2919 1071 2963 et
1103 2920 1324 2964 strenue
1357 2910 1691 2978 incubuisse,
1729 2916 1851 2966 lltll-

253 2980 368 3038 lius
389 2981 727 3050 episcopalis
767 2981 912 3035 sedis
945 2981 1137 3034 vicina:
1176 2990 1441 3050 rectorem
1498 2982 1687 3046 fuisse,
1722 2983 1846 3037 etsi

253 3049 463 3107 Portus
503 3051 798 3120 episcopus
832 3051 1049 3106 habitus
1091 3061 1192 3116 est,
1243 3067 1351 3104 non
1382 3049 1576 3106 Portus
1610 3054 1663 3107 in
1693 3053 1848 3109 Latio

1875 1795 1920 1852 B

253 3133 314 3208 et
350 3123 616 3203 dioecesis
646 3120 922 3208 Romanae,
964 3121 1058 3208 sed
1092 3121 1289 3208 Portus
1339 3120 1566 3208 [lernam
1610 3123 1661 3177 in
1706 3126 1847 3208 nra-
1876 3152 1916 3208 ρ

256 3193 348 3318 lilii:
382 3193 707 3263 episcopum
732 3192 976 3264 agnitum
1008 3201 1063 3246 et
1088 3202 1396 3263 reputatum
1429 3190 1619 3248 fuisse.
1655 3214 1673 3245 ι
1721 3194 1845 3251 Haec

260 3281 276 3318 i
323 3281 374 3318 e.

260 3281 374 3318 me.

334 3334 415 3399 (9)
449 3330 511 3387 1η
550 3332 748 3403 smpius
779 3333 944 3388 citato
977 3343 1107 3389 tom.
1139 3332 1180 3386 Il
1221 3331 1550 3403 Scriptorum
1599 3335 1846 3389 ecclesia-

257 3406 524 3460 sticarum
554 3404 694 3457 (list.
715 3404 1007 3470 litterario,
1044 3421 1168 3475 pag.
1194 3404 1298 3457 102
1325 3423 1404 3476 ςηᾳ
1437 3406 1570 3458 Cum
1597 3406 1666 3459 cl.
1694 3405 1846 3476 Moy-

260 3479 354 3530 nio
383 3476 948 3547 meritoconcludere
989 3474 1303 3545 pessumus.
1337 3474 1682 3547 Hippolytum
1720 3474 1846 3530 l’o‘r-

258 3558 351 3601 tus
383 3544 648 3612 Romani,
678 3547 907 3615 emporii
939 3544 1220 3600 in’Arahia
1252 3544 1612 3609 celeberrimi,
1643 3548 1846 3601 Adenaa

255 3619 430 3671 etiam
463 3616 630 3682 dicti,
664 3624 716 3668 et
747 3614 784 3669 a
809 3614 1067 3670 Romanis
1104 3617 1499 3670 mercatoribus
1548 3618 1844 3672 admodum

254 3687 622 3757 frequentati,
670 3687 985 3756 episcOpum
1038 3687 1224 3742 fuisse.
1270 3686 1468 3740 Verum
1517 3688 1631 3741 haec
1683 3690 1844 3756 paulo

256 3759 471 3814 clarius
510 3766 567 3810 et
609 3758 933 3826 explicatius
979 3758 1297 3826 exponenda
1337 3766 1483 3811 sunt.
1529 3757 1679 3812 Aden
1712 3760 1844 3813 urbs

255 3839 382 3884 erat
416 3829 485 3882 ad
516 3827 763 3881 Rubrum
800 3843 950 3883 mare
983 3829 1176 3896 sita....
1200 3826 1396 3896 Inhac
1426 3829 1558 3882 urbe
1582 3830 1714 3896 quin
1759 3845 1846 3883 se-

258 3902 386 3953 dem
419 3898 674 3954 habuerit
698 3896 1020 3969 Hippolytus
1045 3895 1236 3951 l’ortus
1257 3891 1482 3969 Romani
1531 3891 1842 3968 episcopus,

257 3970 400 4024 nulli
451 3967 816 4024 dubitamus.’
856 3967 1007 4022 Unde
1053 3969 1231 4038 ipsum
1275 3967 1488 4024 Arabia:
1540 3967 1843 4037 metropolis

255 4042 586 4110 episcopum
607 4039 774 4094 fuisse
789 4039 977 4094 scribit
991 4038 1244 4110 Gelasius
1261 4054 1439 4110 papa"
1451 4055 1534 4093 .ex
1560 4042 1660 4093 hoc
1675 4039 1843 4093 I’oriu

257 4109 508 4166 Romano
544 4120 671 4164 nata
700 4118 796 4180 est
828 4109 1066 4180 vulgaris
1098 4109 1302 4180 fabula,
1334 4109 1677 4180 Hippolytum
1706 4111 1844 4180 [for-

262 4192 349 4235 tus
378 4181 609 4234 Romani
647 4179 714 4233 ad
739 4178 888 4234 Ostia
917 4151 1129 4234 liberis
1161 4153 1375 4233 deciino
1405 4151 1561 4235 gesti!)
1595 4181 1665 4234 ab
1703 4179 1845 4235 Urbe

259 4253 449 4321 lapide
503 4253 822 4320 episcopum
875 4250 1061 4305 fuisse.
1099 4269 1118 4301 ι
1175 4249 1307 4305 Vide
1356 4252 1521 4305 etiam
1569 4250 1845 4306 Oudinum

255 4325 435 4378 citato
468 4330 605 4376 toni.
641 4323 684 4384 l,
720 4335 773 4390 p.
794 4321 920 4375 22L

333 4392 452 4461 (10)
490 4391 745 4462 Ερὶιοηιογ
777 4393 1043 4462 isagogica
1097 4391 1166 4462 ad
1218 4391 1405 4446 histor.
1448 4391 1763 4456 ccclesiast.,
1790 4409 1842 4462 p.

1959 535 2225 592 troversia
2246 576 2262 601 ,
2297 537 2550 606 quisnam
2573 535 2824 592 Gelasius
2849 537 3037 604 libelli,
3065 554 3226 608 quem
3255 555 3381 592 mox
3410 539 3530 592 lau-

1956 627 2228 692 davimus,
2255 637 2446 682 auctor
2475 627 2640 683 fuerit
2666 628 2802 700 (M).
2826 627 3082 684 Nonnulli
3109 628 3328 685 Gelasio
3353 630 3530 698 primo

1958 719 2206 774 Romano
2231 719 2473 790 pontillci
2507 721 2786 786 tribuunt,
2839 722 2930 776 alii
2986 722 3201 778 Gelasio
3236 721 3530 793 Cyziceno,

1954 813 2175 880 quidam
2238 811 2455 868 Gelasio
2511 811 2847 870 Caesareensi
2902 815 3237 884 adjudicant.
3301 812 3531 884 Magnus

1956 905 2241 958 Annalium
2293 905 2770 959 ecclesiasticarum
2829 921 3026 976 parens
3073 905 3344 962 Baronius
3415 905 3528 976 (I5)

1955 995 2223 1050 immensa
2245 1033 2259 1059 ,
2295 1010 2403 1064 qua
2439 995 2712 1065 pollebat,
2747 994 3059 1050 eruditione
3081 1038 3096 1061 ,
3134 1011 3247 1050 rem
3279 996 3423 1051 hanc
3456 995 3525 1048 ad

1954 1085 2192 1141 sanioris
2235 1085 2452 1141 critices
2498 1087 2716 1157 regulas
2762 1086 3176 1156 diligentissime
3221 1087 3527 1152 revocavit,

1955 1178 2322 1249 maximisque
2359 1179 2700 1247 argumentis
2731 1179 2968 1232 ostendit
3017 1177 3294 1237 Gelasium
3329 1178 3531 1234 Roma-

1953 1286 2086 1324 num
2163 1269 2473 1340 pontiﬁcem
2535 1270 2766 1340 hujusce
2823 1271 2990 1326 libelli
3044 1280 3321 1325 auctorem
3383 1272 3530 1326 haud

1951 1362 2142 1418 fuisse.
2162 1361 2476 1417 Gennadius
2506 1361 2648 1415 enim
2669 1361 2779 1431 (16)
2799 1363 3008 1427 scribit,
3029 1361 3304 1418 Gelasium
3333 1379 3531 1433 papam

1951 1452 2190 1507 edidisse
2234 1459 2427 1506 contra
2475 1448 2847 1522 Eutychianos
2879 1454 3078 1522 grande
3114 1462 3163 1506 ct
3211 1454 3531 1522 prwclarum

1951 1543 2230 1607 volumen;
2265 1544 2351 1597 cui
2389 1544 2716 1600 Anastasius
2745 1543 3203 1600 Bibliothecarius
3248 1545 3360 1616 (17)
3394 1561 3530 1600 con-

1951 1635 2156 1690 sentire
2189 1635 2435 1700 videtur,
2477 1635 2572 1705 qui
2622 1635 2935 1705 hujusmodi
2965 1653 3104 1706 opus
3133 1637 3298 1691 libros
3332 1639 3533 1693 diserte

1952 1724 2208 1795 appellat.
2240 1721 2364 1778 Haec
2381 1723 2649 1779 Gennadii
2675 1724 2862 1786 verba,
2883 1725 2975 1793 qui
3006 1724 3304 1794 genuinum
3325 1723 3529 1778 Gelasii

1949 1831 2087 1886 opus
2117 1816 2353 1886 legerat,
2383 1831 2547 1886 quem
2587 1831 2733 1870 nunc
2763 1816 3032 1870 habemus
3066 1817 3314 1886 ,‘libellum
3337 1857 3352 1880 ,
3382 1816 3529 1870 desi-

1951 1921 2118 1978 gnare
2143 1922 2302 1976 posse
2332 1921 2491 1961 nemo
2521 1906 2794 1968 censebit;
2828 1922 2952 1958 nam
2989 1922 3112 1960 cum
3144 1906 3295 1960 illum
3327 1907 3529 1975 grand:

1949 2008 1997 2052 et
2023 1999 2340 2068 praeclarum
2375 1997 2614 2051 volumen
2644 1997 2892 2052 disertim
2921 1997 3238 2052 Gennadius
3267 1998 3526 2068 appellet,

1952 2102 2114 2162 atque
2147 2091 2458 2162 huiusmodi
2493 2091 2675 2146 verbis
2712 2107 2872 2160 parce
2909 2091 3205 2145 admodum
3252 2093 3366 2160 ipse
3395 2107 3530 2149 usus

1951 2186 2056 2250 sit,
2087 2194 2195 2240 tam
2233 2199 2413 2254 parvae
2447 2185 2608 2237 molis
2661 2183 2840 2237 libello
2871 2183 3162 2237 convenire
3212 2197 3318 2236 non
3370 2198 3530 2252 posse

1951 2293 2112 2334 nemo
2168 2294 2275 2333 non
2335 2277 2499 2330 videt.
2554 2276 2708 2342 Quod
2766 2291 2898 2331 sane
2956 2277 3187 2345 ipsomet
3244 2275 3528 2331 Gennadio

1947 2417 2184 2486 gessisse
2222 2415 2661 2490 doctissimis-iri
2697 2416 2954 2490 Stephani
3009 2419 3058 2472 le
3089 2418 3282 2490 Moyne
3330 2421 3524 2490 conje-

1948 2499 2099 2560 ctura
2133 2487 2357 2560 est,_qu_i
2389 2488 2456 2560 de
2483 2486 2770 2557 Hippolyto
2797 2486 3030 2559 ejusque
3055 2486 3273 2560 scriptis
3303 2486 3524 2560 copiose

1948 2557 2207 2611 disseruit
2247 2558 2298 2629 in
2325 2555 2734 2627 Prologo’menis
2764 2555 3015 2629 notisque
3048 2562 3116 2613 ad
3157 2559 3318 2614 Varia
3349 2555 3526 2624 sacra,

1948 2637 2001 2680 et
2030 2636 2224 2696 pra-ater
2259 2626 2666 2682 Tillemontium
2701 2645 2765 2684 ac
2786 2626 3026 2684 Caveuin
3058 2632 3125 2685 de
3153 2631 3255 2685 hoc
3280 2640 3364 2686 est
3396 2649 3529 2688 con-

1948 2697 2229 2751 sulendus.
2261 2716 2278 2748 ι

2020 2769 2132 2837 (15)
2185 2767 2576 2840 Prolegomena
2622 2770 2688 2840 ad
2725 2767 2889 2824 Varia
2931 2788 3105 2835 sacra,
3144 2787 3265 2840 pag.
3291 2769 3382 2837 28,
3431 2772 3526 2825 ubi

1948 2839 2024 2912 ait.
2057 2839 2247 2912 adhuc
2271 2839 2507 2912 ignorari
2543 2841 2601 2912 δ.
2623 2839 2896 2911 Hippolyti
2923 2839 3335 2912 episcopatum,
3363 2849 3528 2906 atque

1951 2910 2065 2965 lucc
2088 2909 2313 2981 scribit:
2365 2929 2383 2961 ι
2413 2909 2568 2975 Quod
2599 2909 2935 2981 'conlirniari
2972 2909 3161 2981 potest
3212 2913 3528 2966 testimonio

1951 2981 2129 3052 ipsius,
2151 2980 2353 3034 Gclasii
2389 2981 2662 3052 pont_i_licis
2691 2980 2940 3047 Romani,
2975 2980 3068 3052 qui
3099 2982 3288 3037 eodem
3325 2983 3528 3038 saeculo

1948 3048 1982 3104 ν
2009 3051 2172 3119 paulo
2209 3060 2330 3121 post
2368 3048 2474 3104 l'ata
2510 3048 2822 3121 Hieronymi
2867 3048 3050 3106 sedem
3097 3053 3400 3108 Romanam
3435 3069 3522 3108 oc-

1951 3123 2186 3189 cupavit.
2248 3119 2298 3174 Is
2339 3123 2542 3190 quippe
2581 3123 2634 3176 in
2688 3119 2828 3176 libro
2865 3122 2940 3176 De
2976 3125 3180 3182 duabus
3221 3125 3276 3177 in
3316 3123 3527 3178 Christo

1950 3194 2158 3254 naturis
2190 3193 2325 3262 ritat
2354 3191 2703 3261 Hippolytum
2732 3197 3032 3262 episcopum
3065 3194 3370 3262 metropolis
3398 3195 3532 3248 Ara-

1947 3264 2044 3316 bia:
2076 3281 2127 3315 tn
2148 3261 2404 3316 Memoria
2427 3265 2715 3316 liazresewv.
2747 3261 2928 3332 «Quod
2957 3280 3062 3318 non
3091 3261 3404 3332 suspectum
3429 3265 3526 3320 de-

1941 3334 2066 3388 buit
2097 3335 2318 3389 reddere
2346 3335 2490 3388 istud
2531 3334 2851 3402 opusculum
2884 3336 3320 3390 eminentissimo
3354 3337 3526 3391 cardi-

1945 3405 2078 3477 nali,
2113 3404 2428 3477 quasihnon
2469 3414 2613 3458 esset
2655 3421 2796 3473 Opus
2823 3404 3030 3477 Gelasii
3069 3407 3366 3477 pontiﬁcis,
3409 3408 3525 3477 qui,

1947 3472 2482 3548 inquiticardinalis,
2535 3491 2638 3548 n_on
2684 3472 2857 3543 potuit
2890 3472 3144 3546 ignorare
3178 3472 3523 3548 Hippolytum

1947 3544 2117 3600 fuisse
2175 3545 2490 3613 episcopum
2547 3544 3048 3604 Romanumfnon
3108 3544 3526 3602 vero'Arabem

1947 3617 2445 3688 metropolitanum.
2480 3615 2583 3688 Sed
2621 3617 2725 3670 hoc
2764 3617 3032 3688 ignoravit
3061 3615 3429 3688 Hieronymus
3468 3619 3524 3672 in

1947 3686 2064 3759 ipsa
2111 3686 2282 3759 Roma
2325 3686 2392 3738 50
2433 3687 2592 3759 annis
2630 3697 2755 3739 ante
2787 3685 3104 3751 Gelasium,
3152 3685 3341 3757 quidni
3394 3705 3526 3759 ergo

1947 3757 2198 3811 Gelasius
2234 3757 2375 3810 idem
2408 3758 2571 3810 etiam
2608 3759 2947 3825 ignorasset?
2997 3759 3156 3812 Gerte
3199 3774 3338 3826 opus
3377 3757 3523 3814 istud

1948 3840 2229 3897 propterea
2252 3827 2684 3897 insuSpicioneni
2715 3829 2895 3882 venire
2923 3844 3030 3881 non
3060 3830 3266 3883 debuit.
3299 3828 3409 3882 Nec
3441 3839 3527 3884 est

1946 3896 2088 3954 fctus
2113 3898 2400 3960 Gennadii,
2434 3915 2530 3951 nec
2549 3896 2748 3950 Gelasii
2778 3897 3156 3962 Gzesariensis,
3196 3915 3294 3953 nec
3319 3899 3524 3955 Gelasii

1947 3969 2220 4039 Cyziceni,
2261 3970 2354 4039 sed
2384 3968 2583 4022 Gelasd
2621 3971 2890 4035 pontiticis
2920 3968 3172 4023 Romani.
3215 3969 3370 4034 Quod
3401 3979 3526 4024 tan-

1946 4038 2070 4094 dem
2119 4038 2327 4093 calculo
2359 4054 2458 4093 suo
2491 4048 2680 4092 contra
2717 4049 2826 4092 tres
2865 4040 3328 4094 eminentissimos
3351 4041 3527 4095 cardi-

1948 4111 2101 4165 nales
2150 4108 2462 4172 Baronium,
2518 4107 2924 4175 Bellarminum,
2973 4111 3177 4164 l’erona
3230 4114 3526 4165 conﬁrma-

1948 4192 2078 4234 runt
2120 4179 2478 4244 Sirmondus,
2523 4178 2810 4243 Petavius,
2854 4182 3176 4245 Ghilletius,
3221 4179 3473 4238 LahbetIS
3506 4222 3523 4248 ,

1948 4252 2149 4320 aliique
2178 4253 2277 4303 viri
2309 4252 2559 4303 laudibus
2603 4252 2876 4305 litterariis
2917 4252 3096 4304 ornati
3139 4262 3194 4306 ct
3216 4253 3474 4321 insignes.
3501 4273 3520 4302 ι

2020 4323 2129 4391 (14)
2167 4321 2355 4374 Exstat
2390 4323 2488 4374 iste
2525 4321 2657 4373 liber
2691 4323 2743 4373 in
2782 4323 3029 4380 Antidota
3063 4321 3313 4376 adversus
3359 4324 3526 4375 horre-

1949 4409 2029 4445 ses
2061 4392 2285 4446 Basilea:
2319 4393 2474 4453 l528,
2501 4392 2618 4456 l‘ol.,
2649 4401 2702 4445 et
2733 4409 2855 4445 cum
2890 4395 3012 4454 aliis
3037 4404 3278 4446 veterum
3308 4394 3524 4461 scriptis

261 4465 572 4556 (oh-ton}.
609 4461 649 4527 l,
672 4461 812 4556 'edit.
842 4461 1456 4556 lfugduni'Batavoi-um
1476 4463 1622 4556 ianni
1650 4461 1822 4556 logei
1880 4499 1924 4556 ο
1951 4465 2018 4516 de
2308 4464 2518 4556 natulris
2548 4472 2608 4556 etl
2637 4479 2739 4541 una
2772 4464 3338 4556 ιιυτβυιιςξ›ξει¹1111νί510
3358 4461 3525 4556 ,οἰμ-

331 4533 473 4610 (11)
510 4533 1369 4610 Annal.”poliam-ecclesiastici,
1423 4533 1489 4586 ad
1542 4551 1674 4610 ann.
1716 4534 1844 4610 2:32,

254 4601 399 4662 tom.
430 4601 501 4670 11,
538 4620 658 4674 pag.
688 4601 815 4669 288,
869 4603 1102 4674 num]
1134 4601 1294 4674 edit."
1318 4603 1665 4674 lloterodami
1719 4606 1847 4658 anni

261 4676 407 4732 1706
455 4693 469 4728 :
520 4693 539 4726 ι
569 4673 800 4728 Guinatn
855 4673 1290 4744 verochclesize
1339 4673 1630 4744 praefectus
1685 4674 1850 4730 fuerit

261 4745 660 4818 (Hippolytus),
703 4761 802 4800 nec
821 4746 962 4800 dicit
989 4743 1290 4818 Eusebiiis,
1335 4755 1389 4798 et
1436 4762 1466 4798 a
1503 4761 1562 4800 se
1609 4746 1848 4818 ignorari

261 4814 553 4888 pro—litetur
583 4814 1018 4888 Hieronymus.,.
1071 4817 1126 4868 in
1164 4814 1396 4888 Oriente
1441 4825 1621 4869 tamen
1669 4816 1848 4869 ollicio

261 4887 515 4943 iunctum
567 4902 689 4942 esse
736 4887 999 4955 episcopi,
1053 4887 1424 4955 conjecturam
1477 4888 1729 4940 ducimus
1779 4903 1846 4939 ex

260 4959 604 5029 Hieronymo
630 4973 643 5008 :
673 4956 896 5025 Scripsit
912 4956 1186 5029 homiliam
1208 4959 1271 5009 de
1289 4956 1464 5029 laude
1487 4956 1844 5029 DominiSul-

259 5030 466 5086 tutoris
481 5026 551 5081 'in
570 5045 676 5096 qua
695 5037 949 5096 prwscnte
970 5027 1193 5098 Origene
1210 5044 1264 5081 se
1279 5028 1420 5096 loqui
1447 5029 1500 5080 in
1525 5026 1746 5098 ecclesia
1769 5027 1844 5079 si-

259 5102 509 5174 gniﬁcat.
531 5101 704 5174 Quem
727 5099 998 5166 dicentem
1018 5097 1293 5157 audivisse
1319 5101 1532 5174 videtur
1557 5097 1842 5174 Origenes,

259 5169 392 5227 cuin
439 5172 494 5223 in
539 5169 741 5222 Arabia
791 5179 1124 5231 versaretur,
1178 5185 1289 5238 quo
1337 5172 1417 5224 bis
1452 5171 1740 5223 tertiuinve
1785 5186 1844 5223 se

259 5244 666 5298 contulerat....
690 5240 879 5309 Itaque
909 5256 976 5294 eo
1009 5241 1233 5294 inclinat
1267 5243 1506 5304 animus,
1537 5249 1594 5294 ut
1622 5240 1675 5292 in
1711 5242 1846 5292 Ara-

261 5314 352 5367 bia
385 5312 764 5381 episcopatum
802 5310 1100 5381 obtinuerit
1129 5310 1470 5381 Hippolytus,
1509 5327 1615 5364 non
1659 5312 1711 5363 in
1742 5309 1845 5363 Ita-

258 5385 356 5448 lia,
385 5379 512 5437 cum
540 5379 905 5450 Portuensem,
923 5379 1185 5450 Origenes
1224 5379 1516 5436 Ecclesium
1555 5398 1662 5434 non
1694 5384 1844 5434 adie-

261 5458 357 5517 rit,
393 5463 456 5507 ut
481 5452 700 5506 auditor
727 5461 872 5505 esset
895 5449 1237 5521 llippolyti,..
1260 5454 1429 5506 multa
1465 5469 1523 5506 se
1557 5453 1845 5520 probabili-

255 5530 389 5580 tatis
419 5523 605 5592 specie
648 5525 992 5576 commendat
1033 5525 1336 5577 doctissimi
1393 5524 1705 5592 conjectura
1736 5521 1842 5577 Le-

258 5596 633 5666 muynii,_etc.
655 5611 672 5642 ι

335 5661 447 5736 (12)
489 5663 748 5736 Biblioth.
782 5661 951 5717 (:rwc.
981 5663 1075 5718 lib.
1101 5679 1157 5736 v,
1177 5680 1295 5732 cap.
1323 5665 1372 5729 1,
1408 5681 1528 5736 pag.
1552 5665 1674 5726 ‘AOS,
1707 5674 1836 5718 tom.

261 5735 387 5788 Ἴτε
420 5735 622 5790 Portus
668 5734 920 5797 Romani,
975 5752 1080 5787 non
1129 5735 1399 5790 Ostiensis
1454 5734 1506 5788 in
1541 5737 1713 5799 Italia,
1746 5738 1838 5790 sed

261 5809 497 5867 celebris
524 5809 577 5862 in
608 5805 807 5870 Arabia
841 5809 942 5864 hoc
969 5806 1189 5866 nomine
1215 5808 1441 5878 t'lllpul'll
1469 5810 1838 5880 episcopatum

2380 4535 2506 4598 l'ol.;
2579 4534 2814 4602 denique
2865 4534 2919 4589 in
2983 4533 3309 4588 Bibliotheca
3365 4533 3522 4588 Patr.

2265 4621 2316 4673 ν.
2352 4603 2475 4657 699.

1953 4535 2072 4602 guri
2139 4534 2307 4597 1571,

1953 4606 2061 4659 vol.
2096 4603 2227 4668 \‘lll,

2024 4677 2135 4744 (15)
2175 4677 2254 4746 Ad
2303 4691 2508 4728 annum
2550 4673 2933 4746 Christi7496,
2983 4691 3135 4729 num.
3172 4676 3196 4728 1
3245 4685 3300 4729 et
3346 4690 3523 4746 seqq.,

1952 4755 2083 4800 toni.
2128 4745 2237 4801 Vlll
2267 4745 2576 4810 Annalium,
2607 4762 2725 4813 pag.
2763 4745 2867 4799 592i
2901 4747 3030 4800 edit.
3064 4750 3259 4800 citatae.

2023 4817 2132 4886 (l6)
2178 4816 2338 4870 Libro
2363 4817 2438 4869 De
2464 4817 2590 4870 ciris
2617 4816 2935 4879 illustribus,
2967 4835 3085 4886 cap.
3119 4819 3208 4881 Uri,
3244 4819 3296 4868 in
3322 4826 3453 4869 tom.
3482 4816 3527 4870 Il

1949 4887 2184 4956 Operuni
2225 4890 2282 4941 ὃ.
2333 4888 2646 4958 Hieronymi
2693 4887 2822 4940 edit.
2868 4886 3151 4948 Vallarsii,
3202 4903 3323 4955 pag.
3369 4887 3521 4940 987:

1954 4975 1974 5008 ι
2004 4959 2254 5014 Gelasius
2294 4960 2444 5012 urbis
2480 4959 2666 5012 Romae
2703 4959 2995 5027 episc0pus
3023 4959 3240 5027 scripsit
3277 4958 3524 5012 adversus

1949 5028 2222 5098 Eutychen
2255 5039 2302 5083 et
2341 5027 2650 5084 Nestorium
2685 5031 2885 5097 grande
2925 5039 2978 5082 et
3015 5031 3334 5098 praeclarum
3368 5030 3523 5081 volu-

1949 5115 2104 5161 men,
2135 5108 2190 5152 ct
2233 5110 2498 5154 tractatus
2541 5101 2881 5153 diversarum
2921 5099 3327 5168 Scriptor-arum
3361 5109 3414 5152 et
3438 5117 3526 5153 sa-

1948 5180 2351 5225 cramentorum
2385 5171 2606 5224 elitnato
2640 5186 2915 5236 sermone,
2939 5181 2993 5232 et
3019 5171 3268 5228 adversus
3305 5168 3525 5224 Petrum

1945 5253 1992 5293 et
2025 5243 2278 5295 Acacium
2305 5242 2524 5309 scripsit
2551 5241 2830 5309 epistolas,
2853 5258 2978 5311 qua:
3009 5242 3170 5296 hodie
3199 5243 3251 5294 iu
3278 5239 3522 5311 Ecclesia

1948 5320 2210 5368 tenentur.
2244 5313 2536 5366 catholica.
2575 5312 2724 5365 b‘ccit
2751 5323 2805 5365 ct
2842 5310 3072 5383 hymnos
3103 5313 3156 5364 in
3208 5310 3524 5365 similitudi-

1947 5398 2068 5436 nem
2102 5383 2396 5436 Ambrosii.
2429 5385 2573 5438 Obiit
2606 5390 2708 5436 sub
2733 5383 3027 5438 Anastasio
3060 5385 3389 5452 Augusto.)

2018 5455 2129 5522 (17)
2168 5456 2225 5506 lu
2263 5452 2379 5508 Vita
2428 5456 2485 5507 ὃ.
2532 5454 2731 5509 Gelasii
2789 5465 2918 5510 tom.
2955 5453 3055 5518 Ill,
3088 5449 3356 5522 pa_g.I95
3387 5449 3518 5522 edit.

1950 5519 2134 5578 Romae
2161 5540 2225 5577 ex
2259 5527 2611 5595 typographia
2657 5523 2920 5579 Vaticana
2967 5519 3111 5578 anno
3141 5519 3321 5595 17°28;
3363 5539 3382 5574 ι
3423 5519 3522 5595 llic

1946 5595 2073 5649 fecit
2102 5593 2366 5650 tractatus
2408 5607 2462 5649 et
2491 5593 2763 5666 hymnos,
2803 5598 2945 5650 sicut
2978 5597 3167 5649 beatus
3196 5593 3523 5666 Ambrosius

1945 5666 2272 5734 episcopus,
2317 5676 2372 5720 et
2404 5662 2573 5721 Lbros
2618 5671 2866 5721 adrersus
2927 5668 3195 5734 Eutychen
3231 5675 3278 5716 et
3327 5662 3522 5717 Nesto-

1945 5754 2114 5799 rium,
2151 5739 2244 5804 qui
2276 5737 2436 5790 hodie
2466 5740 2517 5791 in
2553 5738 2870 5794 bibliotheca
2897 5749 2951 5793 et
2995 5737 3249 5798 Ecclesia:
3277 5736 3522 5793 arclnvio

1945 5807 2210 5868 reconditi
2245 5816 2493 5870 tenentur
2546 5828 2564 5864 υ
