3966 6344
480 322 590 383 503

1264 322 1355 379 ns
1393 301 1791 380 pon'ruitnsi
1831 321 1890 377 s.
1927 316 2301 376 HIPPOLY'I‘I
2336 318 2529 375 SEDE.
2567 348 2640 362 -
2666 316 2848 375 PARS
2871 281 2947 374 ii.

3626 308 3737 368 ΞΜ

480 455 622 501 teste
663 444 866 501 clarius
912 444 1201 514 elucescit;
1242 461 1389 503 nam.
1431 462 1595 517 opera
1639 444 1894 501 Antiochi
1940 444 2056 514 epi-
2083 447 2131 502 Δ
2157 442 2216 497 S.
2246 441 2599 514 Fulgentius,
2628 441 2724 511 qui
2759 442 2952 512 paucis
2993 447 3117 510 post
3142 436 3418 494 Gelasium
3452 433 3618 490 annis
3641 430 3740 489 llo-

482 537 633 607 scOpi
668 536 800 613 (18),
829 545 1018 592 contra
1046 537 1331 592 avaritiam
1355 579 1371 604 ,
1407 546 1463 592 et
1490 535 1774 607 Theophili
1820 534 2058 590 Alexan-

479 629 629 686 drini
667 629 778 701 (l9)
811 640 1001 685 contra
1020 628 1310 702 Origenem
1341 630 1539 702 grande
1577 630 1815 684 volumen
1844 629 1913 684 ab
1938 629 2058 699 ipso

481 721 852 791 appellantur.
887 722 1071 780 Severi
1105 734 1286 779 autem
1322 723 1541 795 Sulpitii
1572 722 1685 794 (20)
1719 722 2015 777 Historiam
2039 762 2055 788 ,

480 829 608 866 cum
661 814 875 869 caeteris
907 814 1151 884 ejusdem
1184 814 1475 884 operibus,
1512 815 1748 885 opusculi
1780 814 1936 870 titulo
1969 816 2055 869 in-

483 905 738 975 signivit;
792 923 915 978 qua:
961 907 1180 978 quidem
1216 908 1444 963 historia
1498 907 1659 978 triplo
1687 907 1864 985 major
1892 922 2055 977 supra

484 997 705 1052 laudato
734 997 917 1052 libello
936 1013 1057 1052 esse
1085 997 1306 1052 cuilibet
1329 997 1579 1053 eamdem
1615 996 1869 1051 lustranti
1898 996 2057 1051 facile

481 1092 689 1161 patebit
719 1091 853 1163 (21).
881 1090 977 1147 His
1012 1090 1243 1152 accedit,
1272 1088 1418 1161 quod
1447 1088 1713 1145 Gennadii
1745 1087 1812 1142 de
1838 1087 2058 1143 Gelasio

484 1183 858 1237 testimonium
919 1181 1259 1251 desideratur
1318 1182 1375 1236 in
1436 1182 1821 1250 antiquissimo
1869 1182 2057 1237 codice

487 1271 747 1329 Vaticano
775 1316 791 1341 ,
841 1288 1002 1344 quem
1052 1272 1330 1329 Vaticana;
1377 1272 1720 1328 bibliotheca:
1768 1273 2059 1343 acquisivit

481 1366 885 1421 eruditissimus
925 1367 1169 1436 ejusdem
1220 1365 1509 1436 praefectus
1557 1364 1887 1422 Laurentius
1922 1367 2056 1422 Zac-

477 1472 707 1529 eagnus.
742 1456 898 1516 Hunc
929 1460 1172 1515 codicem
1199 1458 1442 1514 laudavit
1487 1458 1571 1513 vir
1619 1460 2056 1529 sapientissimus

479 1547 659 1606 Lucas
699 1549 1031 1620 Holstenius,
1065 1551 1160 1622 qui
1189 1553 1439 1607 eumdem
1464 1552 1600 1607 vidit
1650 1553 1702 1606 iii
1729 1552 2055 1608 bibliotheca

480 1644 805 1697 clericorum
835 1642 1170 1714 regularium
1215 1641 1273 1699 S.
1303 1643 1533 1699 Andrca:
1558 1644 1628 1699 de
1660 1644 1836 1713 Valle,
1866 1645 2055 1714 illum-

477 1749 588 1803 que
618 1735 813 1788 merito
865 1734 1307 1805 antiquissimum
1341 1746 1531 1804 vocat;
1581 1737 1665 1815 ibi.
1698 1740 1843 1793 enim
1889 1713 2056 1808 mion-

478 1829 604 1880 dam
636 1826 919 1897 quadratis
966 1836 1021 1882 et
1066 1844 1191 1884 vere
1237 1830 1500 1885 Romanis
1550 1830 1744 1885 litteris
1772 1830 2053 1891 Ciceronis

476 1920 759 1975 orationes
806 1921 863 1974 in
936 1919 1148 1975 Verrem
1204 1920 1493 1991 descripta:
1547 1921 1799 1987 fuerunt,
1852 1923 2052 1993 quibus

477 2018 665 2079 postea
691 2010 882 2067 deletis
909 2027 972 2066 ac
998 2014 1258 2079 corrasis,
1282 2010 1340 2068 S.
1363 2011 1678 2085 Hieronymi
1704 2024 1757 2069 et
1783 2013 2052 2070 Gennadii

476 2099 766 2174 Catalogus
798 2105 1107 2160 uncialibus
1138 2106 1358 2170 iterum,
1394 2107 1488 2162 sed
1514 2108 1910 2163 recentioribus
1958 2107 2051 2163 lit-

473 2195 609 2250 teris
643 2198 1046 2268 superscriptus
1075 2198 1196 2254 fuit.
1225 2198 1476 2255 Secundo
1521 2212 1847 2272 argumento
1892 2201 2053 2256 Baro-

474 2287 603 2343 nius
637 2287 750 2357 (22)
780 2289 974 2358 probat
999 2291 1169 2345 multa
1197 2292 1252 2345 in
1283 2291 1387 2347 hoc
1418 2292 1599 2347 libello
1630 2292 1897 2359 inveniri,
1930 2309 2052 2363 quae

473 2395 507 2434 a
544 2379 603 2435 S.
638 2380 856 2437 Gelasio
887 2398 1025 2452 papa
1080 2393 1302 2439 exarata
1353 2400 1478 2440 esse
1527 2400 1665 2455 pene
1711 2385 2052 2456 impossibile

472 2483 560 2529 est
581 2516 597 2538 ,
649 2485 703 2529 et
733 2473 1028 2530 Eusebium
1062 2474 1455 2531 CaeSariensem
1489 2477 1675 2532 multis
1704 2477 1962 2533 observat
1994 2477 2057 2531 iir

471 2566 663 2621 eodem
688 2566 871 2623 libello
894 2568 1162 2624 encomiis
1187 2570 1396 2633 ornari,
1416 2585 1576 2638 quem
1592 2568 1855 2625 Arianum
1880 2568 2050 2624 fuisse

471 2665 684 2712 certum
719 2666 822 2723 est,
852 2658 1012 2729 cujus
1041 2672 1206 2728 opera
1245 2658 1385 2713 inter
1416 2658 1679 2713 libroruin
1708 2658 2050 2729 apocrypbo—

470 2762 595 2806 rum
642 2765 931 2805 numerum
980 2751 1049 2806 ab
1095 2750 1285 2806 eodem
1346 2751 1563 2807 Gelasio
1610 2750 1952 2819 rejiciuntur,
1996 2759 2051 2806 et

470 2836 690 2896 Graecos
721 2840 911 2896 Patres
962 2850 1176 2897 tantum
1220 2841 1474 2907 laudari,
1520 2857 1620 2898 nec
1669 2857 1778 2897 non
1817 2841 2049 2897 Ambro-

470 2930 639 3001 sium,
669 2931 1079 3005 Hieronymum,
1110 2942 1448 3003 caiterosque
1480 2949 1546 2989 ex
1579 2933 1790 2989 Latinis
1831 2932 2048 2988 silentio

469 3022 758 3088 praeteriri.
795 3022 999 3079 Verum
1043 3018 1281 3077 lacubus
1313 3023 1638 3080 Sirmondiis
1666 3023 1803 3093 (25),
1840 3023 2049 3095 Philip-

2159 535 2289 600 ruit,
2315 550 2381 590 ex
2420 536 2523 590 hoc
2578 534 2759 588 libello
2790 542 3046 604 tauquam
3075 530 3464 628 Gelasiipapae
3494 525 3616 628 tria.
3640 524 3783 628 (ιεῖ-ἱ

2159 626 2393 696 sumpsit
2413 627 2722 681 testimonia
2741 665 2758 693 ,
2793 641 2917 696 quae
2947 625 3000 679 in
3032 623 3232 678 libi-uin
3264 619 3337 675 De
3368 619 3402 674 5
3425 616 3740 689 quinetiam-

2159 721 2252 772 bus
2282 719 2426 788 apud
2460 717 2797 774 Ferrandum
2826 718 3117 773 diaconum
3143 756 3159 782 ,
3206 728 3328 785 cap.
3357 712 3424 768 18
3443 754 3459 778 ,
3509 710 3734 778 retulit;

2158 827 2344 865 verum
2383 812 2549 866 etiam
2596 811 2724 881 quia
2771 810 3024 865 laudatur
3072 825 3103 864 a
3148 806 3359 864 Joanne
3405 803 3448 859 ll
3494 818 3633 875 papa
3677 803 3736 857 in

2157 901 2384 971 epistola
2403 902 2471 955 ad
2484 903 2735 957 Aoieuum
2754 902 2867 973 (26)
2881 888 3195 971 craterasque
3214 907 3500 952 senatores.
3518 894 3626 950 Sed
3648 893 3737 949 his

2160 992 2435 1047 Sirmondi
2465 994 2802 1061 argumentis
2827 1008 3057 1062 magnus
3085 990 3355 1047 Baronius
3379 988 3593 1043 videtur
3623 999 3736 1040 non

2158 1086 2391 1140 obscure
2426 1084 2793 1151 satisfecisse;
2822 1122 2827 1125 -
2852 1086 3104 1156 quamvis
3135 1085 3251 1154 ipse
3278 1080 3542 1137 Ferrandi
3575 1076 3741 1135 testi—

2158 1178 2401 1232 monium
2420 1178 2601 1233 videre
2623 1194 2730 1233 non
2750 1178 3006 1250 potuerit,
3025 1176 3186 1247 cujus
3203 1174 3382 1246 Opera
3401 1171 3739 1228 Franciscus

2157 1268 2439 1324 Gbiﬂetius
2467 1270 2654 1326 multis
2677 1279 2798 1340 post
2827 1269 3049 1325 Baronii
3081 1278 3309 1324 mortem
3345 1265 3507 1321 annis
3536 1262 3739 1319 edidit.

2157 1358 2421 1415 Observat
2465 1359 2647 1432 itaque
2695 1361 3163 1417 eminentissimus
3215 1358 3546 1424 cardinalis,
3593 1368 3741 1410 non-

2158 1455 2306 1508 nulla
2338 1455 2407 1509 ab
2451 1455 2842 1523 impostoribus
2881 1454 2940 1510 S.
2989 1453 3208 1510 Gelasio
3240 1468 3393 1524 papae
3438 1451 3632 1506 eodem
3678 1463 3739 1506 vt

2157 1547 2379 1613 seculo,
2411 1547 2465 1601 in
2496 1562 2604 1617 quo
2632 1547 2747 1617 ipse
2774 1547 2907 1602 obiit
2937 1555 2990 1601 et
3022 1545 3340 1616 Fulgentius
3364 1541 3569 1608 ﬂoruit,
3601 1554 3738 1610 sup-

2157 1639 2334 1708 posita
2376 1637 2565 1695 fuisse.
2598 1637 2875 1708 Optimum
2907 1639 3190 1694 sententia:
3222 1652 3336 1692 suae
3370 1643 3561 1690 testem
3608 1631 3739 1688 lau-

2157 1731 2673 1796 datCassiodoruin,
2694 1733 2789 1802 qui
2807 1731 3012 1786 diserte
3041 1730 3232 1787 scribit
3260 1728 3321 1783 S.
3343 1728 3561 1785 Gelasio
3580 1742 3741 1798 papa

2157 1824 2468 1892 suppositas
2495 1822 2662 1879 fuisse
2693 1823 3076 1879 adnotationes
3099 1823 3365 1894 quasdam
3395 1822 3449 1875 in
3471 1818 3740 1891 epistolas

2153 1913 2217 1968 Π.
2273 1913 2465 1981 Pauli,
2519 1915 2571 1969 in
2623 1916 2822 1985 quibus
2870 1913 3149 1986 Pelagiani
3198 1914 3468 1985 dogmatis
3499 1912 3737 1982 vestigia

2153 2015 2474 2075 supererant
2500 2005 2640 2076 (27).
2693 2027 2712 2061 i
2745 2008 2807 2061 lii
2852 2006 3157 2077 Epistolas,
3190 2008 3398 2079 inquit,
3439 2005 3738 2062 tresdecim

2154 2097 2213 2154 S.
2264 2098 2419 2155 Pauli
2473 2102 2851 2157 adnotationes
2890 2102 3230 2171 conscriptas
3283 2103 3338 2157 in
3392 2102 3515 2172 ipso
3570 2099 3737 2156 initio

2153 2209 2289 2249 nica:
2322 2194 2573 2250 lectionis
2604 2196 2782 2249 inveni
2809 2238 2823 2262 ,
2857 2211 2977 2266 qua:
3023 2196 3075 2250 in
3118 2204 3443 2251 cunctorum
3476 2193 3738 2251 manibus

2152 2284 2225 2340 ita
2254 2286 2497 2351 celebres
2547 2286 2923 2353 habebantur,
2972 2296 3030 2341 ut
3073 2302 3170 2343 eas
3210 2303 3241 2342 a
3288 2295 3479 2342 sancto
3509 2285 3737 2343 Gelasio

2149 2394 2287 2452 papa
2320 2379 2468 2435 urbis
2495 2377 2714 2446 Romm,
2756 2379 3058 2436 doctissimi
3087 2379 3188 2435 viri
3245 2379 3427 2435 studio
3485 2378 3737 2435 dicerent

2150 2471 2323 2527 fuisse
2355 2470 2728 2541 conscriptas,
2782 2471 2931 2542 quod
2977 2472 3155 2527 solent
3184 2468 3364 2526 facere
3394 2469 3489 2541 qui
3529 2484 3622 2525 res
3650 2467 3735 2523 vi-

2149 2565 2320 2620 tiosas
2351 2565 2579 2635 cupiunt
2624 2564 2848 2637 gloriosi
2884 2564 3125 2620 nominis
3158 2557 3486 2619 auctoritate
3537 2559 3735 2618 defen-

2148 2656 2295 2712 dere.
2333 2657 2440 2714 Sed
2477 2658 2636 2713 nobis
2666 2673 2735 2714 ex
2769 2657 3199 2729 praecedentibus
3228 2655 3563 2713 lectionibus
3607 2653 3736 2709 dili-

2132 2747 2296 2819 genti
2323 2748 2712 2804 retractatione
2741 2756 3055 2817 patuerunt,
3082 2747 3472 2804 subtilissimas
3503 2745 3733 2817 quidem

2146 2856 2270 2896 esse
2300 2856 2366 2895 ac
2396 2840 2749 2895 brevissimas
2772 2839 3061 2906 dictiones,
3096 2841 3190 2896 sed
3216 2839 3494 2912 Pelagiani
3520 2840 3733 2897 erroris

2148 2948 2353 2987 venena
2381 2932 2491 2988 illic
2524 2948 2646 2987 esse
2677 2933 2967 2988 seminata.
2997 2952 3015 2985 ι
3043 2932 3360 2989 Cassiodori
3392 2933 3560 3003 igitur
3584 2947 3727 3000 aevo,

2147 3026 2241 3096 qui
2267 3026 2412 3080 circa
2441 3040 2645 3080 annum
2673 3023 2778 3080 556
2806 3025 2921 3080 haec
2955 3027 3177 3096 scripsit
3203 3026 3315 3098 (28)
3336 3068 3351 3093 ,
3376 3028 3729 3097 supposititia

471 3129 574 3185 pus
621 3113 870 3168 Labbeus
917 3115 1064 3186 (24),
1115 3114 1387 3173 Antonius
1435 3116 1633 3188 Pagius
1675 3116 1788 3188 (25)
1837 3117 2042 3185 senior,
2072 3136 2118 3199 ο
2149 3116 2355 3173 Gelasii
2404 3133 2559 3188 papae
2614 3133 2782 3188 opera
2828 3119 3169 3199 circumferri
3213 3120 3327 3190 jam
3372 3120 3547 3176 multo
3598 3131 3730 3178 ante

471 3210 532 3263 S.
573 3208 854 3263 Gelasium
907 3208 1225 3278 hujusmodi
1269 3208 1433 3263 libelli
1468 3218 1747 3264 auctorem
1779 3207 2045 3276 credunt,

470 3316 578 3355 non
616 3302 792 3357 solum
824 3303 952 3372 quia
985 3303 1038 3356 in
1087 3302 1487 3372 antiquissimis
1517 3302 1797 3367 codicibus
1842 3302 2049 3359 deseri-

470 3404 597 3466 ptus
645 3396 736 3450 ille
784 3405 869 3452 est
918 3396 1061 3452 inter
1101 3396 1438 3453 iiidubitatas
1490 3396 1611 3468 ejus
1658 3396 1945 3467 epistolas,
1991 3405 2048 3452 et

539 3529 653 3606 (l8)
692 3530 825 3602 Cap.
847 3532 939 3594 20,
968 3549 1090 3606 pag.
1125 3534 1231 3590 962
1260 3536 1438 3591 citata:
1465 3534 1598 3589 edit.
1636 3550 1650 3586 :
1694 3555 1712 3584 σ
1742 3534 2045 3591 Antiochus

466 3601 1066 3674 episcopusiscripﬁsit'
1113 3607 1375 3663 adversus
1428 3606 1712 3661 avaritiam
1770 3621 1937 3660 unum
1990 3617 2047 3662 et

469 3670 690 3736 longum
722 3670 994 3729 voliiuieii.
1036 3694 1056 3728 ι

541 3742 651 3813 (l9)
691 3742 823 3817 Cap.
859 3746 949 3809 ss,
982 3762 1103 3815 pag.
1138 3746 1244 3802 966
1272 3748 1430 3804 dictze
1457 3748 1589 3803 edit.
1617 3767 1630 3801 ε
1667 3765 1686 3798 ‹
1707 3745 2044 3817 TheOpbilus

467 3812 849 3888 Alexandrina:
891 3812 1128 3872 civitatis
1176 3818 1468 3888 episcOpus
1515 3818 1734 3888 scripsit
1781 3812 2044 3876 adversus

464 3884 754 3958 Origenem
812 3902 978 3940 unum
1019 3897 1073 3941 et
1121 3884 1323 3958 grande
1366 3884 1660 3952 volumeii',
1703 3903 1814 3958 quo
1857 3891 2042 3945 omnia

464 3968 603 4024 pene
624 3955 746 4024 ejus
770 3958 917 4031 dicta
941 3966 995 4031 et
1025 3955 1200 4027 ipsum
1234 3955 1736 4031 pariteridamiiat,‘
1756 3959 1917 4031 simul
1945 3961 2046 4015 do-

448 4036 595 4099 ‘cens
619 4041 726 4081 non
761 4044 790 4082 a
826 4043 884 4082 se
915 4029 1151 4099 primum
1180 4029 1330 4089 eum,
1366 4030 1461 4085 sed
1495 4031 1564 4084 ab
1585 4030 1827 4099 antiquis
1861 4029 2043 4084 Patri-

466 4092 568 4170 biis
619 4106 674 4151 et
726 4092 974 4170 maxime
1010 4097 1236 4156 Heracla
1296 4099 1465 4155 fuisse
1514 4109 1570 4154 et
1620 4116 1653 4154 a
1706 4092 2070 4170 presbyterio,

462 4166 697 4233 ejectum
719 4210 735 4236 ,
762 4169 907 4224 etde
936 4169 1179 4226 Ecclesia
1210 4171 1428 4241 pulsum
1450 4212 1465 4235 ,
1514 4178 1568 4224 et
1595 4170 1663 4226 de
1704 4166 1923 4225 civitate
1957 4171 2044 4226 l'u-

434 4246 824 4382 ὅθέἕὸςέθρ.
873 4310 942 4365 l9
972 4353 987 4377 ,
1041 4326 1164 4382 pag.
1200 4312 1307 4382 A961
1367 4311 1461 4365 cit.
1513 4309 1645 4365 edit.
1685 4328 1768 4382 :_i
1805 4308 2040 4368 Severus

463 4379 781 4448 presbyter,
799 4379 1161 4452 cognomento
1192 4379 1459 4452 Sulpitius
1484 4380 1791 4450 Aquitaniae
1819 4384 2043 4451 provin-

462 4452 583 4514 ciae,
604 4453 689 4505 vir
716 4451 913 4521 genere
945 4463 998 4507 et
1027 4452 1220 4506 litteris
1256 4451 1471 4516 nobilis,
1502 4463 1557 4504 et
1588 4453 1921 4522 paupertatis
1952 4464 2039 4508 at-

2150 3218 2323 3280 cmpta
2355 3219 2529 3275 erant,
2574 3227 2696 3281 quae
2726 3228 2757 3266 a
2791 3212 3169 3269 disertissimis
3203 3213 3332 3270 viris
3366 3230 3467 3285 pro
3492 3215 3638 3272 veris
3671 3229 3730 3273 et

2146 3304 2399 3375 genuinis
2452 3304 2827 3372 habebantur;
2903 3304 3137 3376 ideoque
3192 3321 3301 3361 non
3361 3306 3729 3376 improbabile

2146 3397 2474 3468 quibusdam
2514 3398 2786 3453 videbitur
2829 3396 2885 3454 S.
2934 3398 3279 3471 Fulgentium
3328 3401 3577 3473 aliosque
3630 3416 3728 3474 ge—

2146 3536 2344 3609 grmet,
2362 3544 2540 3592 tamen
2577 3539 2719 3595 inter
2739 3539 2923 3609 plures
2949 3547 3262 3609 sanctorum
3286 3539 3723 3598 orthodoxorum

2145 3605 2368 3680 Patrum
2390 3609 2723 3680 assertiones
2743 3605 2901 3678 ponit
2924 3618 3044 3680 post
3065 3608 3320 3680 Magnum
3334 3609 3723 3678 Athanasium,

2145 3687 2274 3732 ante
2293 3676 2614 3748 Gregorium
2641 3676 3067 3744 Naiianzci—ium,
3094 3676 3387 3741 Eusebium
3418 3676 3727 3737 Caesaran

2146 3763 2260 3821 sem
2290 3745 2751 3821 ,'conclamatum
2799 3751 2909 3821 jam
2967 3766 3109 3819 saepe
3155 3752 3225 3805 ab
3261 3751 3517 3807 omnibus
3568 3760 3727 3807 ante-

2146 3820 2430 3888 signanum
2463 3819 3054 3890 Arianorum,ejusque
3075 3830 3184 3875 tres
3214 3822 3513 3877 sententias
3540 3838 3612 3878 ex
3635 3822 3726 3877 di—

2146 3890 2323 3963 versis
2365 3890 2511 3963 locis
2527 3899 2778 3963 acceptas
2811 3890 2976 3946 refert
3005 3909 3019 3946 :
3054 3907 3173 3961 qua:
3197 3893 3418 3962 quidem
3442 3908 3610 3963 quam
3643 3896 3729 3947 in.

2144 3958 2306 4034 digna
2340 3961 2448 4034 sint
2472 3958 2688 4016 Gelasio
2726 3976 2864 4034 papa
2884 4003 2903 4034 Α,
2931 3958 3091 4034 nemo
3113 3958 3419 4034 nonvidet;
3443 3958 3727 4034 quamque

2143 4031 2357 4104 alienus
2398 4032 2471 4084 sit
2507 4040 2700 4087 auctor
2731 4033 2818 4086 ille
2845 4032 2926 4104 ab
2958 4032 3142 4101 aliquo
3171 4030 3371 4087 Latino
3413 4030 3720 4104 scriptore;

2145 4116 2270 4173 cum
2303 4101 2356 4154 in
2384 4116 2441 4173 re
2470 4110 2620 4156 tanta
2659 4103 2864 4173 nitatur
2889 4100 3202 4157 Graecarum
3233 4105 3502 4173 duntaxat
3526 4100 3719 4160 aucto-

2146 4172 2305 4243 ritate
2328 4212 2343 4234 ,
2389 4172 2477 4225 vix
2519 4172 2736 4227 duobus
2772 4172 2984 4227 Latinis
3013 4189 3075 4227 ex
3106 4172 3356 4243 plurimis
3384 4175 3437 4228 iii
3472 4176 3725 4230 testimo-

2144 4242 2294 4294 nium
2342 4242 2609 4297 adductis.
2659 4244 2832 4308 Quaiii
2880 4259 3012 4297 vero
3052 4253 3274 4299 econtra
3317 4259 3379 4298 ea
3429 4248 3723 4301 con‘veniat

2143 4309 2362 4389 Gelasio
2389 4312 2462 4365 illi
2497 4328 2527 4366 a
2563 4314 2755 4389 Pliqtio
2782 4314 3090 4389 recensita,
3112 4329 3379 4389 cognosce
3398 4316 3578 4389 ,_duin
3602 4318 3721 4389 ipse

2142 4381 2199 4435 iii
2215 4382 2363 4434 dicto
2386 4398 2550 4451 opere
2575 4384 2642 4438 de
2657 4383 2873 4438 Nicaeae
2899 4385 3130 4440 concilio
3153 4381 3400 4441 eumdem
3420 4381 3719 4444 Eusebium

2143 4452 2531 4524 Caesariensem
2564 4455 2856 4524 plurimum
2888 4454 3097 4521 laudat,
3124 4467 3179 4510 et
3205 4456 3377 4510 titulis
3405 4457 3720 4513 orthodoxe

460 4534 569 4588 que
612 4513 939 4606 humilitatis
984 4538 1173 4606 amore
1227 4513 1603 4606 conspicuus:
1633 4513 1826 4604 .clarus
1872 4524 2035 4606 etiam
2073 4513 2114 4568 D
2141 4536 2342 4606 magno
2365 4523 2483 4577 viro
2526 4513 2704 4606 (ῆς-πίε
2728 4535 2989 4606 exornat,
3023 4513 3186 4606 atque
3219 4528 3289 4605 ab
3314 4527 3465 4606 omni
3501 4527 3721 4606 Arianae

462 4595 1053 4663 sanctorumvirorum
1087 4592 1305 4647 Martini
1339 4592 1678 4647 Turonensis
1702 4594 1946 4663 episcopi
1982 4606 2038 4650 et

463 4660 685 4735 Paulini
705 4661 958 4720 Nolensis
991 4664 1219 4730 notitia,
1252 4663 1474 4735 scripsit
1506 4678 1613 4718 non
1639 4660 2035 4721 contemnenda

461 4733 744 4799 Opuscula.
781 4752 800 4785 ι
1366 4733 1381 4735 ⁷

533 4799 644 4870 (21)
687 4803 972 4873 Legendus
1014 4804 1282 4860 Baronius
1312 4804 1379 4860 ad
1416 4805 1621 4869 dictum
1658 4821 1860 4861 annum
1906 4805 2033 4871 496,

461 4873 685 4945 nummi,
725 4889 848 4945 pag.
873 4876 1000 4941 596,
1037 4886 1170 4931 tom.
1207 4875 1319 4930 VIII
1355 4877 1448 4930 cit.
1483 4877 1640 4939 edit.,
1678 4877 1765 4930 ubi
1797 4879 1910 4931 haec
1934 4893 2034 4932 nos

457 4944 619 5014 etiam
649 4944 847 5000 docet:
890 4966 909 4999 ‹
939 4947 1140 5001 Verum
1172 4962 1279 5001 non
1314 4963 1480 5001 unum
1508 4948 1774 5002 duntaxat
1797 4949 2030 5014 librum;

458 5013 551 5089 sed
587 5016 732 5089 quod
761 5018 966 5087 grande
995 5027 1051 5074 et
1078 5019 1399 5089 praeclarum
1428 5033 1566 5087 opus
1589 5017 1907 5074 Gennadius
1932 5013 2033 5071 no?

459 5085 1269 5159 inhiat,gin‘quinqiie'libros
1320 5085 1489 5144 fuisse
1536 5091 1790 5159 partitum
1842 5090 2029 5158 liquet.

459 5152 630 5209 Habet
669 5157 721 5212 id
761 5152 908 5213 enim
951 5152 1274 5214 Anastasius
1322 5152 1774 5215 Bibliotliecarius
1804 5160 1856 5213 in
1893 5152 2033 5215 libro

462 5226 534 5301 De
566 5226 821 5283 Romanis
852 5230 1220 5301 pontiﬁcibus,
1257 5246 1388 5301 cuin
1411 5232 1643 5284 allirmat
1671 5233 1915 5301 quinque
1968 5232 2033 5284 li-

458 5298 585 5372 bros
615 5298 881 5372 adversus
913 5298 1226 5357 NeStorium
1255 5311 1309 5356 et
1349 5298 1703 5372 Eutycheiem
1747 5298 2028 5357 ab'eodem

454 5367 671 5442 Gelasio
720 5370 895 5428 fuisse
919 5382 1256 5441 conscriptus
1276 5412 1290 5433 .
1321 5367 1655 5427 cum'tamen
1683 5372 2029 5442 epuseulum,

453 5441 594 5512 quod
621 5440 824 5498 Gi-lasii
857 5445 1081 5499 nomine
1109 5440 1290 5498 exstat
1317 5443 1546 5508 editum,
1589 5440 1755 5499 unius
1784 5444 1907 5498 libri
1933 5458 2030 5512 pe-

454 5511 610 5565 riodo
640 5515 930 5570 terniiiietu
940 5531 984 5569 r.
1021 5534 1041 5566 ι

525 5581 638 5665 (22)
680 5583 990 5665 Addictum
1023 5599 1236 5665 annum.
1257 5582 1391 5649 496,
1426 5583 1545 5665 n._7
1568 5626 1584 5650 ,
1608 5583 1840 5665 p..__59_6:
1877 5584 2031 5665 {Qui

452 5650 703 5725 Gelasius
728 5655 801 5709 De
824 5656 1029 5709 duabus
1057 5656 1262 5709 naturis
1285 5650 1622 5724 opusculum“
1639 5657 1768 5710 illud
1788 5650 2028 5725 scripsit.

450 5737 573 5796 cum
607 5724 660 5777 in
691 5726 797 5778 line
830 5727 1118 5796 protitetur
1158 5742 1217 5781 se
1262 5726 1677 5791 catholicorum,
1699 5736 1759 5781 ut
1787 5724 2032 5792 ait,’ma-

454 5794 745 5854 ,zistrorum
776 5794 1084 5855 teStiinonia
1110 5796 1323 5867 afferre,
1351 5797 1551 5870 quibus
1580 5814 1609 5852 a
1630 5812 1690 5853 se
1722 5797 1863 5853 dicta
1891 5812 2026 5855 con-

2139 4586 2363 4647 bieresis
2420 4586 2733 4665 suspicione
2781 4596 2899 4650 vult
2946 4586 3301 4666 exciri-ptum,
3337 4598 3467 4653 dum
3534 4597 3720 4666 ipsum

2137 4678 2417 4733 nunquam
2463 4666 2594 4721 Ariu
2646 4668 2995 4723 consensisse
3047 4682 3157 4721 non
3205 4669 3278 4723 sit
3318 4668 3527 4723 veritus
3578 4669 3723 4723 πων.

2137 4748 2307 4816 niare.
2342 4734 2680 4819 inLegeiidiis
2704 4737 3720 4819 Bellarmiiiu‘s__De‘script._ecclesiasti-

2136 4805 2233 4930 gis,
2269 4805 2417 4930 i285}.
2453 4805 2665 4863 Gelasio
2698 4824 2838 4879 papa
2867 4818 3000 4863 toni.
3030 4807 3122 4862 VII
3151 4805 3315 4879 Oper.
3345 4810 3524 4865 citata:
3553 4810 3714 4879 edit.,

2173 4892 2258 4930 au.
2406 4919 2420 4930 .

2134 4889 2258 4945 pag.
2302 4889 2420 4932 uti.

2207 4893 2519 5018 ῗ2ὅςδλίῇιιά
2553 4948 2728 5018 ipsum
2763 4949 3037 5003 Labbeiiin
3097 4951 3394 5005 citandam.

2207 5019 2341 5090 (24)
2363 5019 2591 5074 Dissert.
2630 5020 2980 5090 historica‘ad
3012 5021 3107 5076 lib.
3145 5019 3222 5079 lle
3251 5021 3434 5090 script.
3470 5024 3715 5085 ecclesia-

2133 5093 2281 5147 sticis
2311 5088 2657 5155 Bellarniini,
2692 5105 2815 5160 pag.
2849 5088 2972 5146 188.

2208 5160 2345 5285 (25),
2364 5162 2442 5215 Ad
2473 5176 2676 5213 annum
2710 5162 2913 5242 dictum
2950 5160 3090 5241 496,
3122 5177 3276 5244 num.
3307 5163 3379 5245 ᾇ,
3415 5180 3542 5236 pag.
3571 5166 3707 5233 598,

2208 5249 2266 5285 n.
2351 5230 2415 5285 III
2446 5234 2638 5284 Annal.
2673 5232 2894 5285 Baronii
2922 5241 3073 5285 citat.
3109 5232 3386 5285 editionis.

2135 5230 2266 5289 toni.
2303 5230 2415 5285 VIII
2446 5234 2638 5284 Annal.
2673 5231 2894 5286 Baronii
2922 5233 3073 5287 citat.
3109 5232 3386 5291 editionis.

2207 5303 2320 5374 (26)
2362 5302 2487 5357 Haec
2528 5310 2657 5356 sunt
2691 5305 2964 5375 rationum
3007 5314 3278 5375 momenta
3302 5346 3317 5370 ,
3348 5306 3550 5375 quibus
3594 5309 3710 5362 Sir.

2134 5373 2370 5449 niondus
2408 5382 2464 5449 et
2499 5388 2566 5426 ex
2604 5387 2674 5449 eo
2709 5373 2861 5449 citati
2905 5386 3160 5429 auctores
3210 5374 3271 5431 S.
3309 5373 3529 5449 Gelasio
3568 5393 3710 5449 opus

2132 5444 2446 5516 hujusmodi
2476 5443 2872 5516 ascribenduin
2892 5458 3014 5498 esse
3055 5457 3413 5516 prepugnant.
3450 5447 3545 5505 llis
3576 5443 3708 5505 sith-

2133 5516 2323 5571 scribit
2357 5515 2520 5569 etiam
2564 5514 2711 5568 Gave
2752 5514 2953 5584 διῆρε.
3011 5514 3194 5572 εεοιεέ.
3235 5514 3375 5573 Vliist.
3405 5519 3707 5585 litterario,

2132 5596 2265 5641 tom.
2296 5585 2337 5649 l,
2370 5600 2491 5655 pag.
2522 5585 2647 5639 465.

2203 5657 2335 5730 (27)
2357 5656 2433 5730 l_)e
2454 5657 3110 5730 institutioneﬂdivinarum
3139 5659 3463 5721 litterarum.
3494 5677 3617 5730 cap.
3647 5659 3703 5730 8,

2134 5726 2339 5804 tom_._ll
2357 5726 2617 5804 φρει-ων,
2638 5742 2755 5804 pag.
2777 5728 2902 5796 545,
2927 5732 3057 5804 edit.
3083 5730 3404 5803 Rothomagi
3431 5748 3523 5804 an.
3544 5726 3703 5794 [6⁸39.

2204 5799 2318 5875 (28)
2360 5799 2645 5875 Legendus
2666 5800 2810 5860 Cave
2838 5814 2971 5862 tum.
3004 5803 3023 5860 l
3058 5805 3248 5870 citato,
3280 5799 3406 5876 pag.
3434 5802 3560 5863 501.
