  <div class='ocr_page' id='page_1' title='image "/cluster/home/n/w/nwhite01/storage/ocr_20150623/10/hvd.32044073501348/259.png"; bbox 0 0 3966 6344; ppageno 0'>
   <div class='ocr_carea' id='block_1_1' title="bbox 526 316 628 377">
    <p class='ocr_par' dir='ltr' id='par_1_1' title="bbox 526 316 628 377">
     <span class='ocr_line' id='line_1_1' title="bbox 526 316 628 377; baseline 0 0"><span class='ocrx_word' id='word_1_1' title='bbox 526 316 628 377; x_wconf 74' lang='lat'><strong>507</strong></span> 
     </span>
    </p>
   </div>
   <div class='ocr_carea' id='block_1_2' title="bbox 1309 299 2991 376">
    <p class='ocr_par' dir='ltr' id='par_1_2' title="bbox 1309 299 2991 376">
     <span class='ocr_line' id='line_1_2' title="bbox 1309 299 2991 376; baseline -0.001 -4"><span class='ocrx_word' id='word_1_2' title='bbox 1309 315 1398 373; x_wconf 76' lang='lat' dir='ltr'><strong>ne</strong></span> <span class='ocrx_word' id='word_1_3' title='bbox 1435 317 1830 376; x_wconf 70' lang='lat' dir='ltr'><strong>ponrueusu</strong></span> <span class='ocrx_word' id='word_1_4' title='bbox 1871 319 1928 373; x_wconf 89' lang='lat' dir='ltr'><strong>s.</strong></span> <span class='ocrx_word' id='word_1_5' title='bbox 1967 299 2329 372; x_wconf 76' lang='lat' dir='ltr'><strong>HIPPOLYTI</strong></span> <span class='ocrx_word' id='word_1_6' title='bbox 2377 313 2585 370; x_wconf 68' lang='lat' dir='ltr'><strong>sane-</strong></span> <span class='ocrx_word' id='word_1_7' title='bbox 2608 345 2678 355; x_wconf 90' lang='lat'><em>_</em></span> <span class='ocrx_word' id='word_1_8' title='bbox 2711 313 2891 370; x_wconf 69' lang='lat' dir='ltr'><strong>psus</strong></span> <span class='ocrx_word' id='word_1_9' title='bbox 2921 315 2991 371; x_wconf 73' lang='grc' dir='ltr'>ιι.</span> 
     </span>
    </p>
   </div>
   <div class='ocr_carea' id='block_1_3' title="bbox 3657 311 3762 371">
    <p class='ocr_par' dir='ltr' id='par_1_3' title="bbox 3657 311 3762 371">
     <span class='ocr_line' id='line_1_3' title="bbox 3657 311 3762 371; baseline 0.029 -3"><span class='ocrx_word' id='word_1_10' title='bbox 3657 311 3762 371; x_wconf 69' lang='grc' dir='ltr'><strong>δρα</strong></span> 
     </span>
    </p>
   </div>
   <div class='ocr_carea' id='block_1_4' title="bbox 524 431 3764 508">
    <p class='ocr_par' dir='ltr' id='par_1_4' title="bbox 524 431 3764 508">
     <span class='ocr_line' id='line_1_4' title="bbox 524 431 3764 508; baseline 0.001 -20"><span class='ocrx_word' id='word_1_11' title='bbox 524 431 754 490; x_wconf 71' lang='lat' dir='ltr'><strong>Latinos</strong></span> <span class='ocrx_word' id='word_1_12' title='bbox 784 434 1126 504; x_wconf 89' lang='lat' dir='ltr'><strong>promiscue,</strong></span> <span class='ocrx_word' id='word_1_13' title='bbox 1165 450 1264 506; x_wconf 91' lang='lat' dir='ltr'><strong>pro</strong></span> <span class='ocrx_word' id='word_1_14' title='bbox 1296 436 1559 507; x_wconf 77' lang='lat' dir='ltr'><strong>speciebus</strong></span> <span class='ocrx_word' id='word_1_15' title='bbox 1586 454 1684 494; x_wconf 90' lang='lat' dir='ltr'><strong>seu</strong></span> <span class='ocrx_word' id='word_1_16' title='bbox 1715 439 2093 504; x_wconf 87' lang='lat' dir='ltr'><strong>accidentibus,</strong></span> <span class='ocrx_word' id='word_1_17' title='bbox 2125 443 2172 500; x_wconf 81' lang='grc' dir='ltr'><strong>Α</strong></span> <span class='ocrx_word' id='word_1_18' title='bbox 2198 451 2323 492; x_wconf 94' lang='lat' dir='ltr'><strong>cum</strong></span> <span class='ocrx_word' id='word_1_19' title='bbox 2364 438 2513 492; x_wconf 88' lang='lat' dir='ltr'><strong>nulla</strong></span> <span class='ocrx_word' id='word_1_20' title='bbox 2544 453 2612 492; x_wconf 84' lang='lat' dir='ltr'><strong>ex</strong></span> <span class='ocrx_word' id='word_1_21' title='bbox 2643 438 2729 493; x_wconf 91' lang='lat' dir='ltr'><strong>sui</strong></span> <span class='ocrx_word' id='word_1_22' title='bbox 2775 447 2930 508; x_wconf 87' lang='lat' dir='ltr'><strong>parte</strong></span> <span class='ocrx_word' id='word_1_23' title='bbox 2974 437 3042 492; x_wconf 89' lang='lat' dir='ltr'><strong>iis</strong></span> <span class='ocrx_word' id='word_1_24' title='bbox 3062 479 3077 502; x_wconf 97' lang='lat'><strong>,</strong></span> <span class='ocrx_word' id='word_1_25' title='bbox 3120 450 3242 506; x_wconf 66' lang='lat' dir='ltr'><strong>quae</strong></span> <span class='ocrx_word' id='word_1_26' title='bbox 3275 434 3343 490; x_wconf 91' lang='lat' dir='ltr'><strong>de</strong></span> <span class='ocrx_word' id='word_1_27' title='bbox 3389 433 3511 504; x_wconf 88' lang='lat' dir='ltr'><strong>ipso</strong></span> <span class='ocrx_word' id='word_1_28' title='bbox 3551 432 3764 504; x_wconf 88' lang='lat' dir='ltr'><strong>antiqui</strong></span> 
     </span>
    </p>
   </div>
   <div class='ocr_carea' id='block_1_5' title="bbox 525 525 2093 600">
    <p class='ocr_par' dir='ltr' id='par_1_5' title="bbox 525 525 2093 600">
     <span class='ocr_line' id='line_1_5' title="bbox 525 525 2093 600; baseline 0.003 -21"><span class='ocrx_word' id='word_1_29' title='bbox 525 534 820 596; x_wconf 83' lang='lat' dir='ltr'><strong>usurpatas</strong></span> <span class='ocrx_word' id='word_1_30' title='bbox 848 525 1020 582; x_wconf 88' lang='lat' dir='ltr'><strong>fuisse</strong></span> <span class='ocrx_word' id='word_1_31' title='bbox 1063 528 1270 583; x_wconf 75' lang='lat' dir='ltr'><strong>centies</strong></span> <span class='ocrx_word' id='word_1_32' title='bbox 1309 529 1616 584; x_wconf 88' lang='lat' dir='ltr'><strong>docuerunt</strong></span> <span class='ocrx_word' id='word_1_33' title='bbox 1647 530 1826 600; x_wconf 81' lang='lat' dir='ltr'><strong>magni</strong></span> <span class='ocrx_word' id='word_1_34' title='bbox 1855 531 1957 585; x_wconf 89' lang='lat' dir='ltr'><strong>viri</strong></span> <span class='ocrx_word' id='word_1_35' title='bbox 1985 529 2093 584; x_wconf 89' lang='lat' dir='ltr'><strong>Ba-</strong></span> 
     </span>
    </p>
   </div>
   <div class='ocr_carea' id='block_1_6' title="bbox 525 617 2096 692">
    <p class='ocr_par' dir='ltr' id='par_1_6' title="bbox 525 617 2096 692">
     <span class='ocr_line' id='line_1_6' title="bbox 525 617 2096 692; baseline 0.003 -20"><span class='ocrx_word' id='word_1_36' title='bbox 525 617 718 672; x_wconf 86' lang='lat' dir='ltr'><strong>ronins</strong></span> <span class='ocrx_word' id='word_1_37' title='bbox 757 617 906 686; x_wconf 78' lang='lat'><strong>(38),</strong></span> <span class='ocrx_word' id='word_1_38' title='bbox 950 618 1224 674; x_wconf 89' lang='lat' dir='ltr'><strong>Arnaldus</strong></span> <span class='ocrx_word' id='word_1_39' title='bbox 1273 619 1417 690; x_wconf 78' lang='lat'><strong>(59),</strong></span> <span class='ocrx_word' id='word_1_40' title='bbox 1458 619 1823 677; x_wconf 85' lang='lat' dir='ltr'><strong>Bellarminus</strong></span> <span class='ocrx_word' id='word_1_41' title='bbox 1859 620 1994 692; x_wconf 69' lang='grc'>(40),</span> <span class='ocrx_word' id='word_1_42' title='bbox 2021 630 2096 677; x_wconf 83' lang='lat' dir='ltr'><strong>-et</strong></span> 
     </span>
    </p>
   </div>
   <div class='ocr_carea' id='block_1_7' title="bbox 523 707 2092 782">
    <p class='ocr_par' dir='ltr' id='par_1_7' title="bbox 523 707 2092 782">
     <span class='ocr_line' id='line_1_7' title="bbox 523 707 2092 782; baseline 0.005 -20"><span class='ocrx_word' id='word_1_43' title='bbox 523 709 823 764; x_wconf 76' lang='lat' dir='ltr'><strong>novissime</strong></span> <span class='ocrx_word' id='word_1_44' title='bbox 867 707 1222 764; x_wconf 77' lang='lat' dir='ltr'><strong>Orientalium</strong></span> <span class='ocrx_word' id='word_1_45' title='bbox 1289 711 1597 782; x_wconf 80' lang='lat' dir='ltr'><strong>linguarum</strong></span> <span class='ocrx_word' id='word_1_46' title='bbox 1654 711 2092 770; x_wconf 73' lang='lat' dir='ltr'><strong>consultissimus</strong></span> 
     </span>
    </p>
   </div>
   <div class='ocr_carea' id='block_1_8' title="bbox 521 799 2094 875">
    <p class='ocr_par' dir='ltr' id='par_1_8' title="bbox 521 799 2094 875">
     <span class='ocr_line' id='line_1_8' title="bbox 521 799 2094 875; baseline 0.003 -19"><span class='ocrx_word' id='word_1_47' title='bbox 521 799 753 856; x_wconf 75' lang='lat' dir='ltr'><strong>Michael</strong></span> <span class='ocrx_word' id='word_1_48' title='bbox 793 801 1098 871; x_wconf 87' lang='lat' dir='ltr'><strong>Lequienus</strong></span> <span class='ocrx_word' id='word_1_49' title='bbox 1128 801 1238 873; x_wconf 74' lang='grc'><strong>(41)</strong></span> <span class='ocrx_word' id='word_1_50' title='bbox 1270 809 1390 858; x_wconf 89' lang='lat' dir='ltr'><strong>ord.</strong></span> <span class='ocrx_word' id='word_1_51' title='bbox 1424 803 1650 860; x_wconf 65' lang='lat' dir='ltr'><strong>Praedic.</strong></span> <span class='ocrx_word' id='word_1_52' title='bbox 1693 805 1978 875; x_wconf 77' lang='lat' dir='ltr'><strong>theologus</strong></span> <span class='ocrx_word' id='word_1_53' title='bbox 2010 806 2094 859; x_wconf 87' lang='lat' dir='ltr'><strong>in-</strong></span> 
     </span>
    </p>
   </div>
   <div class='ocr_carea' id='block_1_9' title="bbox 523 891 2091 969">
    <p class='ocr_par' dir='ltr' id='par_1_9' title="bbox 523 891 2091 969">
     <span class='ocr_line' id='line_1_9' title="bbox 523 891 2091 969; baseline 0.003 -18"><span class='ocrx_word' id='word_1_54' title='bbox 523 896 716 967; x_wconf 79' lang='lat' dir='ltr'><strong>signis.</strong></span> <span class='ocrx_word' id='word_1_55' title='bbox 761 896 1011 964; x_wconf 86' lang='lat' dir='ltr'><strong>Etenim,</strong></span> <span class='ocrx_word' id='word_1_56' title='bbox 1056 908 1117 953; x_wconf 90' lang='lat' dir='ltr'><strong>ut</strong></span> <span class='ocrx_word' id='word_1_57' title='bbox 1159 891 1295 954; x_wconf 84' lang='lat' dir='ltr'><strong>scite</strong></span> <span class='ocrx_word' id='word_1_58' title='bbox 1341 899 1595 953; x_wconf 77' lang='lat' dir='ltr'><strong>observat</strong></span> <span class='ocrx_word' id='word_1_59' title='bbox 1641 915 1871 969; x_wconf 87' lang='lat' dir='ltr'><strong>magnus</strong></span> <span class='ocrx_word' id='word_1_60' title='bbox 1906 902 2091 955; x_wconf 84' lang='lat' dir='ltr'><strong>Anna-</strong></span> 
     </span>
    </p>
   </div>
   <div class='ocr_carea' id='block_1_10' title="bbox 519 988 2092 1062">
    <p class='ocr_par' dir='ltr' id='par_1_10' title="bbox 519 988 2092 1062">
     <span class='ocr_line' id='line_1_10' title="bbox 519 988 2092 1062; baseline 0.003 -20"><span class='ocrx_word' id='word_1_61' title='bbox 519 988 653 1042; x_wconf 89' lang='lat' dir='ltr'><strong>lium</strong></span> <span class='ocrx_word' id='word_1_62' title='bbox 684 989 1155 1044; x_wconf 70' lang='lat' dir='ltr'><strong>ecclesiasticarum</strong></span> <span class='ocrx_word' id='word_1_63' title='bbox 1195 1006 1415 1060; x_wconf 88' lang='lat' dir='ltr'><strong>parens,</strong></span> <span class='ocrx_word' id='word_1_64' title='bbox 1448 991 1657 1061; x_wconf 85' lang='lat' dir='ltr'><strong>antiqui</strong></span> <span class='ocrx_word' id='word_1_65' title='bbox 1683 990 1872 1046; x_wconf 84' lang='lat' dir='ltr'><strong>Patres</strong></span> <span class='ocrx_word' id='word_1_66' title='bbox 1901 992 2092 1062; x_wconf 86' lang='lat' dir='ltr'><strong>hujus-</strong></span> 
     </span>
    </p>
   </div>
   <div class='ocr_carea' id='block_1_11' title="bbox 520 1081 2092 1152">
    <p class='ocr_par' dir='ltr' id='par_1_11' title="bbox 520 1081 2092 1152">
     <span class='ocr_line' id='line_1_11' title="bbox 520 1081 2092 1152; baseline 0.003 -16"><span class='ocrx_word' id='word_1_67' title='bbox 520 1081 668 1136; x_wconf 88' lang='lat' dir='ltr'><strong>modi</strong></span> <span class='ocrx_word' id='word_1_68' title='bbox 706 1082 930 1136; x_wconf 81' lang='lat' dir='ltr'><strong>vocibus</strong></span> <span class='ocrx_word' id='word_1_69' title='bbox 983 1082 1124 1138; x_wconf 88' lang='lat' dir='ltr'><strong>bona</strong></span> <span class='ocrx_word' id='word_1_70' title='bbox 1171 1081 1274 1138; x_wconf 82' lang='lat' dir='ltr'><strong>ﬁde</strong></span> <span class='ocrx_word' id='word_1_71' title='bbox 1317 1093 1448 1138; x_wconf 91' lang='lat' dir='ltr'><strong>tunc</strong></span> <span class='ocrx_word' id='word_1_72' title='bbox 1489 1084 1752 1152; x_wconf 88' lang='lat' dir='ltr'><strong>temporis</strong></span> <span class='ocrx_word' id='word_1_73' title='bbox 1781 1081 2092 1152; x_wconf 85' lang='lat' dir='ltr'><strong>promiscue</strong></span> 
     </span>
    </p>
   </div>
   <div class='ocr_carea' id='block_1_12' title="bbox 519 1174 2091 1238">
    <p class='ocr_par' dir='ltr' id='par_1_12' title="bbox 519 1174 2091 1238">
     <span class='ocr_line' id='line_1_12' title="bbox 519 1174 2091 1238; baseline 0.003 -10"><span class='ocrx_word' id='word_1_74' title='bbox 519 1174 604 1230; x_wconf 88' lang='lat' dir='ltr'><strong>usi</strong></span> <span class='ocrx_word' id='word_1_75' title='bbox 633 1185 792 1238; x_wconf 88' lang='lat' dir='ltr'><strong>sunt;</strong></span> <span class='ocrx_word' id='word_1_76' title='bbox 823 1174 1089 1230; x_wconf 61' lang='lat' dir='ltr'><strong>haereticis</strong></span> <span class='ocrx_word' id='word_1_77' title='bbox 1121 1175 1268 1229; x_wconf 89' lang='lat' dir='ltr'><strong>enim</strong></span> <span class='ocrx_word' id='word_1_78' title='bbox 1324 1176 1565 1230; x_wconf 89' lang='lat' dir='ltr'><strong>nondum</strong></span> <span class='ocrx_word' id='word_1_79' title='bbox 1609 1177 1814 1232; x_wconf 81' lang='lat' dir='ltr'><strong>exortis</strong></span> <span class='ocrx_word' id='word_1_80' title='bbox 1848 1180 2091 1232; x_wconf 87' lang='lat' dir='ltr'><strong>securior</strong></span> 
     </span>
    </p>
   </div>
   <div class='ocr_carea' id='block_1_13' title="bbox 518 1265 2089 1338">
    <p class='ocr_par' dir='ltr' id='par_1_13' title="bbox 518 1265 2089 1338">
     <span class='ocr_line' id='line_1_13' title="bbox 518 1265 2089 1338; baseline 0.004 -18"><span class='ocrx_word' id='word_1_81' title='bbox 518 1265 841 1335; x_wconf 80' lang='lat' dir='ltr'><strong>simplicitas</strong></span> <span class='ocrx_word' id='word_1_82' title='bbox 891 1266 1246 1336; x_wconf 82' lang='lat' dir='ltr'><strong>loquebatur;</strong></span> <span class='ocrx_word' id='word_1_83' title='bbox 1293 1282 1483 1322; x_wconf 90' lang='lat' dir='ltr'><strong>verum</strong></span> <span class='ocrx_word' id='word_1_84' title='bbox 1530 1283 1650 1323; x_wconf 90' lang='lat' dir='ltr'><strong>cum</strong></span> <span class='ocrx_word' id='word_1_85' title='bbox 1701 1268 2089 1338; x_wconf 84' lang='lat' dir='ltr'><strong>superveniens</strong></span> 
     </span>
    </p>
   </div>
   <div class='ocr_carea' id='block_1_14' title="bbox 515 1358 2090 1416">
    <p class='ocr_par' dir='ltr' id='par_1_14' title="bbox 515 1358 2090 1416">
     <span class='ocr_line' id='line_1_14' title="bbox 515 1358 2090 1416; baseline 0.001 -3"><span class='ocrx_word' id='word_1_86' title='bbox 515 1358 896 1414; x_wconf 60' lang='lat' dir='ltr'><strong>haereticorum</strong></span> <span class='ocrx_word' id='word_1_87' title='bbox 923 1359 1130 1414; x_wconf 89' lang='lat' dir='ltr'><strong>malitia</strong></span> <span class='ocrx_word' id='word_1_88' title='bbox 1181 1359 1475 1414; x_wconf 85' lang='lat' dir='ltr'><strong>subtilibus</strong></span> <span class='ocrx_word' id='word_1_89' title='bbox 1497 1360 1934 1416; x_wconf 81' lang='lat' dir='ltr'><strong>cavillationibus</strong></span> <span class='ocrx_word' id='word_1_90' title='bbox 1957 1361 2090 1416; x_wconf 90' lang='lat' dir='ltr'><strong>sim-</strong></span> 
     </span>
    </p>
   </div>
   <div class='ocr_carea' id='block_1_15' title="bbox 512 1451 2090 1524">
    <p class='ocr_par' dir='ltr' id='par_1_15' title="bbox 512 1451 2090 1524">
     <span class='ocr_line' id='line_1_15' title="bbox 512 1451 2090 1524; baseline 0.004 -23"><span class='ocrx_word' id='word_1_91' title='bbox 512 1451 797 1520; x_wconf 83' lang='lat' dir='ltr'><strong>pliciorum</strong></span> <span class='ocrx_word' id='word_1_92' title='bbox 829 1451 1028 1506; x_wconf 87' lang='lat' dir='ltr'><strong>animis</strong></span> <span class='ocrx_word' id='word_1_93' title='bbox 1055 1451 1238 1506; x_wconf 78' lang='lat' dir='ltr'><strong>fucum</strong></span> <span class='ocrx_word' id='word_1_94' title='bbox 1270 1451 1449 1507; x_wconf 84' lang='lat' dir='ltr'><strong>facere</strong></span> <span class='ocrx_word' id='word_1_95' title='bbox 1478 1463 1791 1520; x_wconf 91' lang='lat' dir='ltr'><strong>conaretur,</strong></span> <span class='ocrx_word' id='word_1_96' title='bbox 1823 1469 1962 1524; x_wconf 90' lang='lat' dir='ltr'><strong>opus</strong></span> <span class='ocrx_word' id='word_1_97' title='bbox 1984 1453 2090 1508; x_wconf 90' lang='lat' dir='ltr'><strong>fuit</strong></span> 
     </span>
    </p>
   </div>
   <div class='ocr_carea' id='block_1_16' title="bbox 511 1542 2089 1612">
    <p class='ocr_par' dir='ltr' id='par_1_16' title="bbox 511 1542 2089 1612">
     <span class='ocr_line' id='line_1_16' title="bbox 511 1542 2089 1612; baseline 0.005 -18"><span class='ocrx_word' id='word_1_98' title='bbox 511 1543 823 1612; x_wconf 83' lang='lat' dir='ltr'><strong>excogitare</strong></span> <span class='ocrx_word' id='word_1_99' title='bbox 845 1542 1094 1612; x_wconf 47' lang='lat' dir='ltr'><strong>quaedam</strong></span> <span class='ocrx_word' id='word_1_100' title='bbox 1138 1543 1436 1609; x_wconf 85' lang='lat' dir='ltr'><strong>vocabula,</strong></span> <span class='ocrx_word' id='word_1_101' title='bbox 1480 1545 1833 1598; x_wconf 86' lang='lat' dir='ltr'><strong>accidentium</strong></span> <span class='ocrx_word' id='word_1_102' title='bbox 1881 1546 2089 1602; x_wconf 88' lang='lat' dir='ltr'><strong>scilicet</strong></span> 
     </span>
    </p>
   </div>
   <div class='ocr_carea' id='block_1_17' title="bbox 511 1633 2088 1709">
    <p class='ocr_par' dir='ltr' id='par_1_17' title="bbox 511 1633 2088 1709">
     <span class='ocr_line' id='line_1_17' title="bbox 511 1633 2088 1709; baseline 0.005 -23"><span class='ocrx_word' id='word_1_103' title='bbox 511 1647 605 1686; x_wconf 89' lang='lat' dir='ltr'><strong>seu</strong></span> <span class='ocrx_word' id='word_1_104' title='bbox 638 1633 959 1700; x_wconf 77' lang='lat' dir='ltr'><strong>specierum,</strong></span> <span class='ocrx_word' id='word_1_105' title='bbox 990 1649 1112 1703; x_wconf 71' lang='lat' dir='ltr'><strong>quin</strong></span> <span class='ocrx_word' id='word_1_106' title='bbox 1141 1636 1486 1704; x_wconf 86' lang='lat' dir='ltr'><strong>apertissime</strong></span> <span class='ocrx_word' id='word_1_107' title='bbox 1521 1636 1901 1693; x_wconf 75' lang='lat' dir='ltr'><strong>haereticorum</strong></span> <span class='ocrx_word' id='word_1_108' title='bbox 1933 1639 2088 1709; x_wconf 84' lang='lat' dir='ltr'><strong>quis-</strong></span> 
     </span>
    </p>
   </div>
   <div class='ocr_carea' id='block_1_18' title="bbox 509 1724 2083 1798">
    <p class='ocr_par' dir='ltr' id='par_1_18' title="bbox 509 1724 2083 1798">
     <span class='ocr_line' id='line_1_18' title="bbox 509 1724 2083 1798; baseline 0.006 -22"><span class='ocrx_word' id='word_1_109' title='bbox 509 1724 709 1793; x_wconf 88' lang='lat' dir='ltr'><strong>quilias</strong></span> <span class='ocrx_word' id='word_1_110' title='bbox 763 1734 818 1780; x_wconf 91' lang='lat' dir='ltr'><strong>et</strong></span> <span class='ocrx_word' id='word_1_111' title='bbox 871 1726 1246 1782; x_wconf 82' lang='lat' dir='ltr'><strong>cavillationes</strong></span> <span class='ocrx_word' id='word_1_112' title='bbox 1294 1729 1731 1798; x_wconf 88' lang='lat' dir='ltr'><strong>pessumdarent.</strong></span> <span class='ocrx_word' id='word_1_113' title='bbox 1807 1730 2083 1785; x_wconf 89' lang='lat' dir='ltr'><strong>Immerito</strong></span> 
     </span>
    </p>
   </div>
   <div class='ocr_carea' id='block_1_19' title="bbox 2149 520 3765 596">
    <p class='ocr_par' dir='ltr' id='par_1_19' title="bbox 2149 520 3765 596">
     <span class='ocr_line' id='line_1_19' title="bbox 2149 520 3765 596; baseline -0.001 -14"><span class='ocrx_word' id='word_1_114' title='bbox 2149 520 2153 525; x_wconf 68' lang='grc'><strong>”</strong></span> <span class='ocrx_word' id='word_1_115' title='bbox 2197 527 2493 596; x_wconf 87' lang='lat' dir='ltr'><strong>scriptores</strong></span> <span class='ocrx_word' id='word_1_116' title='bbox 2515 528 2874 593; x_wconf 86' lang='lat' dir='ltr'><strong>tradiderunt,</strong></span> <span class='ocrx_word' id='word_1_117' title='bbox 2901 526 3247 596; x_wconf 87' lang='lat' dir='ltr'><strong>respondeat.</strong></span> <span class='ocrx_word' id='word_1_118' title='bbox 3267 523 3467 581; x_wconf 79' lang='lat' dir='ltr'><strong>Verum</strong></span> <span class='ocrx_word' id='word_1_119' title='bbox 3488 524 3534 580; x_wconf 91' lang='lat' dir='ltr'><strong>si</strong></span> <span class='ocrx_word' id='word_1_120' title='bbox 3565 524 3765 594; x_wconf 89' lang='lat' dir='ltr'><strong>aliquis</strong></span> 
     </span>
    </p>
   </div>
   <div class='ocr_carea' id='block_1_20' title="bbox 2193 615 3761 687">
    <p class='ocr_par' dir='ltr' id='par_1_20' title="bbox 2193 615 3761 687">
     <span class='ocr_line' id='line_1_20' title="bbox 2193 615 3761 687; baseline -0.003 -14"><span class='ocrx_word' id='word_1_121' title='bbox 2193 619 2433 674; x_wconf 80' lang='lat' dir='ltr'><strong>Antonio</strong></span> <span class='ocrx_word' id='word_1_122' title='bbox 2457 619 2698 674; x_wconf 85' lang='lat' dir='ltr'><strong>Arnaldo</strong></span> <span class='ocrx_word' id='word_1_123' title='bbox 2723 619 2975 674; x_wconf 88' lang='lat' dir='ltr'><strong>assentiri</strong></span> <span class='ocrx_word' id='word_1_124' title='bbox 3004 617 3290 683; x_wconf 88' lang='lat' dir='ltr'><strong>maluerit,</strong></span> <span class='ocrx_word' id='word_1_125' title='bbox 3331 617 3454 683; x_wconf 89' lang='lat' dir='ltr'><strong>hoc,</strong></span> <span class='ocrx_word' id='word_1_126' title='bbox 3485 617 3634 687; x_wconf 87' lang='lat' dir='ltr'><strong>quod</strong></span> <span class='ocrx_word' id='word_1_127' title='bbox 3669 615 3761 669; x_wconf 87' lang='lat' dir='ltr'><strong>ba-</strong></span> 
     </span>
    </p>
   </div>
   <div class='ocr_carea' id='block_1_21' title="bbox 2193 707 3763 780">
    <p class='ocr_par' dir='ltr' id='par_1_21' title="bbox 2193 707 3763 780">
     <span class='ocr_line' id='line_1_21' title="bbox 2193 707 3763 780; baseline -0.003 -14"><span class='ocrx_word' id='word_1_128' title='bbox 2193 710 2387 766; x_wconf 85' lang='lat' dir='ltr'><strong>hemus</strong></span> <span class='ocrx_word' id='word_1_129' title='bbox 2410 751 2426 776; x_wconf 88' lang='lat'><strong>,</strong></span> <span class='ocrx_word' id='word_1_130' title='bbox 2453 725 2575 766; x_wconf 88' lang='lat' dir='ltr'><strong>esse</strong></span> <span class='ocrx_word' id='word_1_131' title='bbox 2604 709 2879 766; x_wconf 86' lang='lat' dir='ltr'><strong>Gelasiani</strong></span> <span class='ocrx_word' id='word_1_132' title='bbox 2910 710 3089 780; x_wconf 90' lang='lat' dir='ltr'><strong>operis</strong></span> <span class='ocrx_word' id='word_1_133' title='bbox 3115 710 3364 764; x_wconf 91' lang='lat' dir='ltr'><strong>mutilum</strong></span> <span class='ocrx_word' id='word_1_134' title='bbox 3396 707 3763 779; x_wconf 88' lang='lat' dir='ltr'><strong>fragmentum</strong></span> 
     </span>
    </p>
   </div>
   <div class='ocr_carea' id='block_1_22' title="bbox 2191 799 3762 871">
    <p class='ocr_par' dir='ltr' id='par_1_22' title="bbox 2191 799 3762 871">
     <span class='ocr_line' id='line_1_22' title="bbox 2191 799 3762 871; baseline -0.002 -15"><span class='ocrx_word' id='word_1_135' title='bbox 2191 801 2448 856; x_wconf 91' lang='lat' dir='ltr'><strong>libentius</strong></span> <span class='ocrx_word' id='word_1_136' title='bbox 2489 802 2944 867; x_wconf 85' lang='lat' dir='ltr'><strong>concederemus;</strong></span> <span class='ocrx_word' id='word_1_137' title='bbox 3004 799 3099 856; x_wconf 87' lang='lat' dir='ltr'><strong>sed</strong></span> <span class='ocrx_word' id='word_1_138' title='bbox 3149 799 3280 871; x_wconf 89' lang='lat' dir='ltr'><strong>quid</strong></span> <span class='ocrx_word' id='word_1_139' title='bbox 3338 810 3548 855; x_wconf 61' lang='lat' dir='ltr'><strong>natura!</strong></span> <span class='ocrx_word' id='word_1_140' title='bbox 3595 800 3762 854; x_wconf 83' lang='lat' dir='ltr'><strong>verba</strong></span> 
     </span>
    </p>
   </div>
   <div class='ocr_carea' id='block_1_23' title="bbox 2169 889 3752 962">
    <p class='ocr_par' dir='ltr' id='par_1_23' title="bbox 2169 889 3752 962">
     <span class='ocr_line' id='line_1_23' title="bbox 2169 889 3752 962; baseline -0.001 -17"><span class='ocrx_word' id='word_1_141' title='bbox 2169 892 2333 961; x_wconf 71' lang='lat' dir='ltr'><strong>&#39;apud</strong></span> <span class='ocrx_word' id='word_1_142' title='bbox 2379 892 2558 962; x_wconf 85' lang='lat' dir='ltr'><strong>ipsum</strong></span> <span class='ocrx_word' id='word_1_143' title='bbox 2609 891 2666 946; x_wconf 93' lang='lat' dir='ltr'><strong>S.</strong></span> <span class='ocrx_word' id='word_1_144' title='bbox 2701 892 2977 948; x_wconf 89' lang='lat' dir='ltr'><strong>Gelasium</strong></span> <span class='ocrx_word' id='word_1_145' title='bbox 3026 891 3366 962; x_wconf 76' lang='lat' dir='ltr'><strong>significent,</strong></span> <span class='ocrx_word' id='word_1_146' title='bbox 3405 891 3638 960; x_wconf 89' lang='lat' dir='ltr'><strong>ipsemet</strong></span> <span class='ocrx_word' id='word_1_147' title='bbox 3691 889 3752 945; x_wconf 91' lang='lat' dir='ltr'><strong>S.</strong></span> 
     </span>
    </p>
   </div>
   <div class='ocr_carea' id='block_1_24' title="bbox 2191 979 3764 1053">
    <p class='ocr_par' dir='ltr' id='par_1_24' title="bbox 2191 979 3764 1053">
     <span class='ocr_line' id='line_1_24' title="bbox 2191 979 3764 1053; baseline 0.002 -19"><span class='ocrx_word' id='word_1_148' title='bbox 2191 979 2432 1050; x_wconf 79' lang='lat' dir='ltr'><strong>pontifex</strong></span> <span class='ocrx_word' id='word_1_149' title='bbox 2461 980 2620 1036; x_wconf 90' lang='lat' dir='ltr'><strong>docet</strong></span> <span class='ocrx_word' id='word_1_150' title='bbox 2641 1022 2655 1045; x_wconf 88' lang='lat'><strong>,</strong></span> <span class='ocrx_word' id='word_1_151' title='bbox 2691 983 2820 1037; x_wconf 91' lang='lat' dir='ltr'><strong>dum</strong></span> <span class='ocrx_word' id='word_1_152' title='bbox 2851 981 3218 1053; x_wconf 86' lang='lat' dir='ltr'><strong>Eutychianos</strong></span> <span class='ocrx_word' id='word_1_153' title='bbox 3267 982 3512 1037; x_wconf 67' lang='lat' dir='ltr'><strong>stultitiae</strong></span> <span class='ocrx_word' id='word_1_154' title='bbox 3542 981 3764 1052; x_wconf 77' lang='lat' dir='ltr'><strong>arguit,</strong></span> 
     </span>
    </p>
   </div>
   <div class='ocr_carea' id='block_1_25' title="bbox 2190 1071 3765 1142">
    <p class='ocr_par' dir='ltr' id='par_1_25' title="bbox 2190 1071 3765 1142">
     <span class='ocr_line' id='line_1_25' title="bbox 2190 1071 3765 1142; baseline 0.002 -17"><span class='ocrx_word' id='word_1_155' title='bbox 2190 1071 2337 1142; x_wconf 92' lang='lat' dir='ltr'><strong>quod</strong></span> <span class='ocrx_word' id='word_1_156' title='bbox 2367 1071 2743 1127; x_wconf 86' lang='lat' dir='ltr'><strong>inliciarentur</strong></span> <span class='ocrx_word' id='word_1_157' title='bbox 2786 1074 2924 1128; x_wconf 87' lang='lat' dir='ltr'><strong>duas</strong></span> <span class='ocrx_word' id='word_1_158' title='bbox 2965 1073 3048 1127; x_wconf 85' lang='lat' dir='ltr'><strong>vel</strong></span> <span class='ocrx_word' id='word_1_159' title='bbox 3090 1083 3196 1128; x_wconf 91' lang='lat' dir='ltr'><strong>tres</strong></span> <span class='ocrx_word' id='word_1_160' title='bbox 3235 1083 3459 1128; x_wconf 89' lang='lat' dir='ltr'><strong>naturas</strong></span> <span class='ocrx_word' id='word_1_161' title='bbox 3495 1089 3619 1130; x_wconf 88' lang='lat' dir='ltr'><strong>esse</strong></span> <span class='ocrx_word' id='word_1_162' title='bbox 3651 1089 3765 1130; x_wconf 91' lang='lat' dir='ltr'><strong>non</strong></span> 
     </span>
    </p>
   </div>
   <div class='ocr_carea' id='block_1_26' title="bbox 2189 1161 3765 1234">
    <p class='ocr_par' dir='ltr' id='par_1_26' title="bbox 2189 1161 3765 1234">
     <span class='ocr_line' id='line_1_26' title="bbox 2189 1161 3765 1234; baseline 0.001 -17"><span class='ocrx_word' id='word_1_163' title='bbox 2189 1177 2369 1233; x_wconf 85' lang='lat' dir='ltr'><strong>posse.</strong></span> <span class='ocrx_word' id='word_1_164' title='bbox 2402 1181 2422 1215; x_wconf 83' lang='grc'><strong>‹</strong></span> <span class='ocrx_word' id='word_1_165' title='bbox 2455 1161 2596 1229; x_wconf 92' lang='lat' dir='ltr'><strong>Quid</strong></span> <span class='ocrx_word' id='word_1_166' title='bbox 2629 1164 2776 1233; x_wconf 90' lang='lat' dir='ltr'><strong>quod</strong></span> <span class='ocrx_word' id='word_1_167' title='bbox 2810 1163 2913 1234; x_wconf 87' lang='lat' dir='ltr'><strong>ipsi</strong></span> <span class='ocrx_word' id='word_1_168' title='bbox 2939 1164 3107 1218; x_wconf 88' lang='lat' dir='ltr'><strong>etiam</strong></span> <span class='ocrx_word' id='word_1_169' title='bbox 3140 1180 3304 1218; x_wconf 85' lang='lat' dir='ltr'><strong>unam</strong></span> <span class='ocrx_word' id='word_1_170' title='bbox 3339 1164 3568 1220; x_wconf 88' lang='lat' dir='ltr'><strong>dicendo</strong></span> <span class='ocrx_word' id='word_1_171' title='bbox 3599 1174 3765 1220; x_wconf 88' lang='lat' dir='ltr'><strong>natu-</strong></span> 
     </span>
    </p>
   </div>
   <div class='ocr_carea' id='block_1_27' title="bbox 2189 1254 3762 1322">
    <p class='ocr_par' dir='ltr' id='par_1_27' title="bbox 2189 1254 3762 1322">
     <span class='ocr_line' id='line_1_27' title="bbox 2189 1254 3762 1322; baseline 0.002 -13"><span class='ocrx_word' id='word_1_172' title='bbox 2189 1271 2307 1309; x_wconf 86' lang='lat' dir='ltr'><strong>ram</strong></span> <span class='ocrx_word' id='word_1_173' title='bbox 2335 1255 2390 1309; x_wconf 90' lang='lat' dir='ltr'><strong>iu</strong></span> <span class='ocrx_word' id='word_1_174' title='bbox 2413 1254 2648 1310; x_wconf 90' lang='lat' dir='ltr'><strong>Domino</strong></span> <span class='ocrx_word' id='word_1_175' title='bbox 2677 1254 2806 1311; x_wconf 85' lang='lat' dir='ltr'><strong>Jesu</strong></span> <span class='ocrx_word' id='word_1_176' title='bbox 2836 1256 3078 1322; x_wconf 90' lang='lat' dir='ltr'><strong>Christo,</strong></span> <span class='ocrx_word' id='word_1_177' title='bbox 3109 1266 3318 1312; x_wconf 67' lang='lat' dir='ltr'><strong>natura:</strong></span> <span class='ocrx_word' id='word_1_178' title='bbox 3345 1267 3521 1312; x_wconf 88' lang='lat' dir='ltr'><strong>tamen</strong></span> <span class='ocrx_word' id='word_1_179' title='bbox 3554 1273 3762 1313; x_wconf 88' lang='lat' dir='ltr'><strong>nomen</strong></span> 
     </span>
    </p>
   </div>
   <div class='ocr_carea' id='block_1_28' title="bbox 2189 1345 3765 1412">
    <p class='ocr_par' dir='ltr' id='par_1_28' title="bbox 2189 1345 3765 1412">
     <span class='ocr_line' id='line_1_28' title="bbox 2189 1345 3765 1412; baseline 0.002 -12"><span class='ocrx_word' id='word_1_180' title='bbox 2189 1345 2592 1400; x_wconf 84' lang='lat' dir='ltr'><strong>convincuntur</strong></span> <span class='ocrx_word' id='word_1_181' title='bbox 2637 1361 2918 1412; x_wconf 88' lang='lat' dir='ltr'><strong>asserere,</strong></span> <span class='ocrx_word' id='word_1_182' title='bbox 2951 1361 3019 1400; x_wconf 90' lang='lat' dir='ltr'><strong>an</strong></span> <span class='ocrx_word' id='word_1_183' title='bbox 3066 1363 3230 1401; x_wconf 89' lang='lat' dir='ltr'><strong>unam</strong></span> <span class='ocrx_word' id='word_1_184' title='bbox 3273 1347 3432 1402; x_wconf 87' lang='lat' dir='ltr'><strong>liceat</strong></span> <span class='ocrx_word' id='word_1_185' title='bbox 3471 1349 3765 1406; x_wconf 85' lang='lat' dir='ltr'><strong>nominare</strong></span> 
     </span>
    </p>
   </div>
   <div class='ocr_carea' id='block_1_29' title="bbox 2189 1437 3766 1511">
    <p class='ocr_par' dir='ltr' id='par_1_29' title="bbox 2189 1437 3766 1511">
     <span class='ocr_line' id='line_1_29' title="bbox 2189 1437 3766 1511; baseline 0.003 -21"><span class='ocrx_word' id='word_1_186' title='bbox 2189 1448 2461 1503; x_wconf 89' lang='lat' dir='ltr'><strong>naturam,</strong></span> <span class='ocrx_word' id='word_1_187' title='bbox 2493 1445 2549 1492; x_wconf 91' lang='lat' dir='ltr'><strong>et</strong></span> <span class='ocrx_word' id='word_1_188' title='bbox 2574 1437 2735 1501; x_wconf 89' lang='lat' dir='ltr'><strong>duas,</strong></span> <span class='ocrx_word' id='word_1_189' title='bbox 2769 1439 2853 1491; x_wconf 89' lang='lat' dir='ltr'><strong>vel</strong></span> <span class='ocrx_word' id='word_1_190' title='bbox 2885 1438 3066 1508; x_wconf 90' lang='lat' dir='ltr'><strong>plures</strong></span> <span class='ocrx_word' id='word_1_191' title='bbox 3102 1453 3284 1493; x_wconf 91' lang='lat' dir='ltr'><strong>rerum</strong></span> <span class='ocrx_word' id='word_1_192' title='bbox 3313 1447 3632 1495; x_wconf 71' lang='lat' dir='ltr'><strong>eaeterarum</strong></span> <span class='ocrx_word' id='word_1_193' title='bbox 3663 1453 3766 1511; x_wconf 85' lang='lat' dir='ltr'><strong>ap-</strong></span> 
     </span>
    </p>
   </div>
   <div class='ocr_carea' id='block_1_30' title="bbox 2185 1529 3762 1600">
    <p class='ocr_par' dir='ltr' id='par_1_30' title="bbox 2185 1529 3762 1600">
     <span class='ocr_line' id='line_1_30' title="bbox 2185 1529 3762 1600; baseline 0.002 -16"><span class='ocrx_word' id='word_1_194' title='bbox 2185 1530 2385 1600; x_wconf 90' lang='lat' dir='ltr'><strong>pellare</strong></span> <span class='ocrx_word' id='word_1_195' title='bbox 2416 1529 2496 1585; x_wconf 85' lang='lat' dir='ltr'><strong>t&#39;as</strong></span> <span class='ocrx_word' id='word_1_196' title='bbox 2529 1546 2636 1585; x_wconf 91' lang='lat' dir='ltr'><strong>non</strong></span> <span class='ocrx_word' id='word_1_197' title='bbox 2665 1530 2812 1584; x_wconf 90' lang='lat' dir='ltr'><strong>erit?</strong></span> <span class='ocrx_word' id='word_1_198' title='bbox 2841 1529 2974 1597; x_wconf 85' lang='lat' dir='ltr'><strong>Quis</strong></span> <span class='ocrx_word' id='word_1_199' title='bbox 3011 1531 3114 1586; x_wconf 89' lang='lat' dir='ltr'><strong>ista</strong></span> <span class='ocrx_word' id='word_1_200' title='bbox 3158 1546 3264 1585; x_wconf 90' lang='lat' dir='ltr'><strong>non</strong></span> <span class='ocrx_word' id='word_1_201' title='bbox 3312 1532 3520 1596; x_wconf 84' lang='lat' dir='ltr'><strong>rideat,</strong></span> <span class='ocrx_word' id='word_1_202' title='bbox 3550 1541 3606 1586; x_wconf 89' lang='lat' dir='ltr'><strong>et</strong></span> <span class='ocrx_word' id='word_1_203' title='bbox 3637 1541 3762 1587; x_wconf 68' lang='grc' dir='ltr'><strong>ωηο</strong></span> 
     </span>
    </p>
   </div>
   <div class='ocr_carea' id='block_1_31' title="bbox 2185 1620 3762 1694">
    <p class='ocr_par' dir='ltr' id='par_1_31' title="bbox 2185 1620 3762 1694">
     <span class='ocr_line' id='line_1_31' title="bbox 2185 1620 3762 1694; baseline 0.004 -22"><span class='ocrx_word' id='word_1_204' title='bbox 2185 1635 2349 1689; x_wconf 85' lang='lat' dir='ltr'><strong>quam</strong></span> <span class='ocrx_word' id='word_1_205' title='bbox 2403 1620 2630 1689; x_wconf 88' lang='lat' dir='ltr'><strong>puerilia</strong></span> <span class='ocrx_word' id='word_1_206' title='bbox 2687 1621 3042 1676; x_wconf 82' lang='lat' dir='ltr'><strong>deliramenta</strong></span> <span class='ocrx_word' id='word_1_207' title='bbox 3111 1623 3374 1692; x_wconf 89' lang='lat' dir='ltr'><strong>despiciat</strong></span> <span class='ocrx_word' id='word_1_208' title='bbox 3423 1624 3576 1694; x_wconf 62' lang='grc' dir='ltr'>(ΗΠ</span> <span class='ocrx_word' id='word_1_209' title='bbox 3610 1642 3629 1675; x_wconf 75' lang='grc' dir='ltr'><strong>ι</strong></span> <span class='ocrx_word' id='word_1_210' title='bbox 3700 1621 3762 1678; x_wconf 88' lang='lat' dir='ltr'><strong>Si</strong></span> 
     </span>
    </p>
   </div>
   <div class='ocr_carea' id='block_1_32' title="bbox 2187 1710 3763 1786">
    <p class='ocr_par' dir='ltr' id='par_1_32' title="bbox 2187 1710 3763 1786">
     <span class='ocr_line' id='line_1_32' title="bbox 2187 1710 3763 1786; baseline 0.004 -21"><span class='ocrx_word' id='word_1_211' title='bbox 2187 1710 2353 1782; x_wconf 81' lang='lat' dir='ltr'><strong>igitur</strong></span> <span class='ocrx_word' id='word_1_212' title='bbox 2383 1712 2564 1781; x_wconf 89' lang='lat' dir='ltr'><strong>plures</strong></span> <span class='ocrx_word' id='word_1_213' title='bbox 2595 1713 2757 1768; x_wconf 89' lang='lat' dir='ltr'><strong>unius</strong></span> <span class='ocrx_word' id='word_1_214' title='bbox 2799 1715 2878 1767; x_wconf 89' lang='lat' dir='ltr'><strong>rei</strong></span> <span class='ocrx_word' id='word_1_215' title='bbox 2914 1724 3138 1769; x_wconf 90' lang='lat' dir='ltr'><strong>naturas</strong></span> <span class='ocrx_word' id='word_1_216' title='bbox 3179 1731 3300 1771; x_wconf 89' lang='lat' dir='ltr'><strong>esse</strong></span> <span class='ocrx_word' id='word_1_217' title='bbox 3333 1731 3494 1786; x_wconf 84' lang='lat' dir='ltr'><strong>posse</strong></span> <span class='ocrx_word' id='word_1_218' title='bbox 3526 1715 3763 1772; x_wconf 86' lang='lat' dir='ltr'><strong>credidit</strong></span> 
     </span>
    </p>
   </div>
   <div class='ocr_carea' id='block_1_33' title="bbox 507 1799 2065 1894">
    <p class='ocr_par' dir='ltr' id='par_1_33' title="bbox 507 1816 2065 1894">
     <span class='ocr_line' id='line_1_33' title="bbox 507 1816 2065 1894; baseline 0.006 -25"><span class='ocrx_word' id='word_1_219' title='bbox 507 1816 712 1885; x_wconf 87' lang='lat' dir='ltr'><strong>pariter</strong></span> <span class='ocrx_word' id='word_1_220' title='bbox 741 1816 1058 1872; x_wconf 87' lang='lat' dir='ltr'><strong>heterodoxi</strong></span> <span class='ocrx_word' id='word_1_221' title='bbox 1103 1819 1465 1884; x_wconf 86' lang='lat' dir='ltr'><strong>recentiores,</strong></span> <span class='ocrx_word' id='word_1_222' title='bbox 1513 1821 1773 1892; x_wconf 84' lang='lat' dir='ltr'><strong>neglectis</strong></span> <span class='ocrx_word' id='word_1_223' title='bbox 1816 1823 2065 1894; x_wconf 87' lang='lat' dir='ltr'><strong>antiquis-</strong></span> 
     </span>
    </p>
   </div>
   <div class='ocr_carea' id='block_1_34' title="bbox 2170 1799 3758 1894">
    <p class='ocr_par' dir='ltr' id='par_1_34' title="bbox 2184 1802 3758 1878">
     <span class='ocr_line' id='line_1_34' title="bbox 2184 1802 3758 1878; baseline 0.004 -22"><span class='ocrx_word' id='word_1_224' title='bbox 2184 1802 2242 1856; x_wconf 93' lang='lat' dir='ltr'><strong>S.</strong></span> <span class='ocrx_word' id='word_1_225' title='bbox 2286 1803 2564 1868; x_wconf 87' lang='lat' dir='ltr'><strong>Gelasius,</strong></span> <span class='ocrx_word' id='word_1_226' title='bbox 2616 1819 2775 1861; x_wconf 89' lang='lat' dir='ltr'><strong>nemo</strong></span> <span class='ocrx_word' id='word_1_227' title='bbox 2819 1821 2924 1859; x_wconf 91' lang='lat' dir='ltr'><strong>non</strong></span> <span class='ocrx_word' id='word_1_228' title='bbox 2972 1807 3118 1863; x_wconf 87' lang='lat' dir='ltr'><strong>videt</strong></span> <span class='ocrx_word' id='word_1_229' title='bbox 3160 1824 3257 1876; x_wconf 91' lang='lat' dir='ltr'><strong>pro</strong></span> <span class='ocrx_word' id='word_1_230' title='bbox 3293 1818 3506 1874; x_wconf 87' lang='lat' dir='ltr'><strong>natura,</strong></span> <span class='ocrx_word' id='word_1_231' title='bbox 3557 1811 3758 1878; x_wconf 76' lang='lat' dir='ltr'><strong>species</strong></span> 
     </span>
    </p>
   </div>
   <div class='ocr_carea' id='block_1_35' title="bbox 509 1905 2079 1992">
    <p class='ocr_par' dir='ltr' id='par_1_35' title="bbox 509 1905 2079 1992">
     <span class='ocr_line' id='line_1_35' title="bbox 509 1905 2079 1992; baseline 0.006 -31"><span class='ocrx_word' id='word_1_232' title='bbox 509 1906 665 1963; x_wconf 88' lang='lat' dir='ltr'><strong>simis</strong></span> <span class='ocrx_word' id='word_1_233' title='bbox 721 1905 1013 1976; x_wconf 88' lang='lat' dir='ltr'><strong>Patribus,</strong></span> <span class='ocrx_word' id='word_1_234' title='bbox 1070 1926 1101 1964; x_wconf 92' lang='lat' dir='ltr'><strong>a</strong></span> <span class='ocrx_word' id='word_1_235' title='bbox 1160 1911 1360 1980; x_wconf 85' lang='lat' dir='ltr'><strong>quibus</strong></span> <span class='ocrx_word' id='word_1_236' title='bbox 1411 1922 1761 1992; x_wconf 74' lang='lat' dir='ltr'><strong>sacrosancta</strong></span> <span class='ocrx_word' id='word_1_237' title='bbox 1814 1913 2079 1971; x_wconf 85' lang='lat' dir='ltr'><strong>Euchari-</strong></span> 
     </span>
    </p>
   </div>
   <div class='ocr_carea' id='block_1_36' title="bbox 504 1996 2093 2092">
    <p class='ocr_par' dir='ltr' id='par_1_36' title="bbox 504 1996 2093 2092">
     <span class='ocr_line' id='line_1_36' title="bbox 504 1996 2093 2092; baseline 0.008 -41"><span class='ocrx_word' id='word_1_238' title='bbox 504 1996 610 2051; x_wconf 86' lang='lat' dir='ltr'><strong>stia</strong></span> <span class='ocrx_word' id='word_1_239' title='bbox 655 2013 778 2051; x_wconf 88' lang='lat' dir='ltr'><strong>caro</strong></span> <span class='ocrx_word' id='word_1_240' title='bbox 829 1996 981 2053; x_wconf 83' lang='lat' dir='ltr'><strong>Verbi</strong></span> <span class='ocrx_word' id='word_1_241' title='bbox 1027 1998 1152 2063; x_wconf 84' lang='lat' dir='ltr'><strong>Dei,</strong></span> <span class='ocrx_word' id='word_1_242' title='bbox 1213 2017 1400 2071; x_wconf 84' lang='lat' dir='ltr'><strong>corpus</strong></span> <span class='ocrx_word' id='word_1_243' title='bbox 1451 2002 1666 2057; x_wconf 77' lang='lat' dir='ltr'><strong>Domini</strong></span> <span class='ocrx_word' id='word_1_244' title='bbox 1719 2005 2093 2092; x_wconf 42' lang='lat' dir='ltr'><strong>disertissime.</strong></span> 
     </span>
    </p>
   </div>
   <div class='ocr_carea' id='block_1_37' title="bbox 502 2089 2072 2164">
    <p class='ocr_par' dir='ltr' id='par_1_37' title="bbox 502 2089 2072 2164">
     <span class='ocr_line' id='line_1_37' title="bbox 502 2089 2072 2164; baseline 0.006 -22"><span class='ocrx_word' id='word_1_245' title='bbox 502 2089 824 2158; x_wconf 81' lang='lat' dir='ltr'><strong>appellatur,</strong></span> <span class='ocrx_word' id='word_1_246' title='bbox 855 2093 1010 2146; x_wconf 92' lang='lat' dir='ltr'><strong>nobis</strong></span> <span class='ocrx_word' id='word_1_247' title='bbox 1046 2093 1287 2162; x_wconf 76' lang='lat' dir='ltr'><strong>epistola:</strong></span> <span class='ocrx_word' id='word_1_248' title='bbox 1310 2094 1378 2147; x_wconf 85' lang='lat' dir='ltr'><strong>ad</strong></span> <span class='ocrx_word' id='word_1_249' title='bbox 1405 2093 1698 2149; x_wconf 65' lang='lat' dir='ltr'><strong>Caesarium</strong></span> <span class='ocrx_word' id='word_1_250' title='bbox 1737 2089 2072 2164; x_wconf 73' lang='lat' dir='ltr'><strong>monachum,</strong></span> 
     </span>
    </p>
   </div>
   <div class='ocr_carea' id='block_1_38' title="bbox 505 2177 2074 2253">
    <p class='ocr_par' dir='ltr' id='par_1_38' title="bbox 505 2177 2074 2253">
     <span class='ocr_line' id='line_1_38' title="bbox 505 2177 2074 2253; baseline 0.008 -20"><span class='ocrx_word' id='word_1_251' title='bbox 505 2177 563 2233; x_wconf 92' lang='lat' dir='ltr'><strong>S.</strong></span> <span class='ocrx_word' id='word_1_252' title='bbox 595 2177 790 2234; x_wconf 86' lang='lat' dir='ltr'><strong>Joanni</strong></span> <span class='ocrx_word' id='word_1_253' title='bbox 827 2181 1218 2253; x_wconf 88' lang='lat' dir='ltr'><strong>Chrysostomo</strong></span> <span class='ocrx_word' id='word_1_254' title='bbox 1242 2185 1548 2252; x_wconf 63' lang='lat' dir='ltr'><strong>attributae,</strong></span> <span class='ocrx_word' id='word_1_255' title='bbox 1596 2197 1650 2242; x_wconf 89' lang='lat' dir='ltr'><strong>et</strong></span> <span class='ocrx_word' id='word_1_256' title='bbox 1671 2189 1844 2243; x_wconf 88' lang='lat' dir='ltr'><strong>sancti</strong></span> <span class='ocrx_word' id='word_1_257' title='bbox 1875 2189 2074 2245; x_wconf 86' lang='lat' dir='ltr'><strong>Gelasii</strong></span> 
     </span>
    </p>
   </div>
   <div class='ocr_carea' id='block_1_39' title="bbox 491 2273 2071 2352">
    <p class='ocr_par' dir='ltr' id='par_1_39' title="bbox 491 2273 2071 2352">
     <span class='ocr_line' id='line_1_39' title="bbox 491 2273 2071 2352; baseline 0.007 -25"><span class='ocrx_word' id='word_1_258' title='bbox 491 2273 570 2327; x_wconf 84' lang='lat' dir='ltr'><strong>de</strong></span> <span class='ocrx_word' id='word_1_259' title='bbox 619 2273 834 2328; x_wconf 90' lang='lat' dir='ltr'><strong>duabus</strong></span> <span class='ocrx_word' id='word_1_260' title='bbox 884 2276 1096 2330; x_wconf 86' lang='lat' dir='ltr'><strong>naturis</strong></span> <span class='ocrx_word' id='word_1_261' title='bbox 1149 2275 1366 2333; x_wconf 89' lang='lat' dir='ltr'><strong>inlirma</strong></span> <span class='ocrx_word' id='word_1_262' title='bbox 1414 2279 1725 2337; x_wconf 88' lang='lat' dir='ltr'><strong>testimonia</strong></span> <span class='ocrx_word' id='word_1_263' title='bbox 1774 2282 2071 2352; x_wconf 89' lang='lat' dir='ltr'><strong>objiciunt,</strong></span> 
     </span>
    </p>
   </div>
   <div class='ocr_carea' id='block_1_40' title="bbox 501 2365 2072 2443">
    <p class='ocr_par' dir='ltr' id='par_1_40' title="bbox 501 2365 2072 2443">
     <span class='ocr_line' id='line_1_40' title="bbox 501 2365 2072 2443; baseline 0.008 -25"><span class='ocrx_word' id='word_1_264' title='bbox 501 2379 625 2418; x_wconf 91' lang='lat' dir='ltr'><strong>cum</strong></span> <span class='ocrx_word' id='word_1_265' title='bbox 675 2372 753 2418; x_wconf 92' lang='lat' dir='ltr'><strong>tot</strong></span> <span class='ocrx_word' id='word_1_266' title='bbox 783 2365 1129 2421; x_wconf 90' lang='lat' dir='ltr'><strong>disertissimi</strong></span> <span class='ocrx_word' id='word_1_267' title='bbox 1178 2368 1448 2436; x_wconf 69' lang='lat' dir='ltr'><strong>primaevae</strong></span> <span class='ocrx_word' id='word_1_268' title='bbox 1491 2369 1780 2438; x_wconf 67' lang='lat' dir='ltr'><strong>Ecclesiae,</strong></span> <span class='ocrx_word' id='word_1_269' title='bbox 1812 2384 1865 2428; x_wconf 89' lang='lat' dir='ltr'><strong>et</strong></span> <span class='ocrx_word' id='word_1_270' title='bbox 1890 2384 2072 2443; x_wconf 87' lang='lat' dir='ltr'><strong>poste-</strong></span> 
     </span>
    </p>
   </div>
   <div class='ocr_carea' id='block_1_41' title="bbox 499 2457 2071 2538">
    <p class='ocr_par' dir='ltr' id='par_1_41' title="bbox 499 2457 2071 2538">
     <span class='ocr_line' id='line_1_41' title="bbox 499 2457 2071 2538; baseline 0.009 -28"><span class='ocrx_word' id='word_1_271' title='bbox 499 2457 706 2512; x_wconf 89' lang='lat' dir='ltr'><strong>riorum</strong></span> <span class='ocrx_word' id='word_1_272' title='bbox 743 2468 1047 2527; x_wconf 83' lang='lat' dir='ltr'><strong>temporum</strong></span> <span class='ocrx_word' id='word_1_273' title='bbox 1082 2458 1273 2517; x_wconf 88' lang='lat' dir='ltr'><strong>Patres</strong></span> <span class='ocrx_word' id='word_1_274' title='bbox 1302 2478 1485 2518; x_wconf 87' lang='lat' dir='ltr'><strong>veram</strong></span> <span class='ocrx_word' id='word_1_275' title='bbox 1529 2465 1880 2521; x_wconf 85' lang='lat' dir='ltr'><strong>ecclesiastici</strong></span> <span class='ocrx_word' id='word_1_276' title='bbox 1916 2469 2071 2538; x_wconf 89' lang='lat' dir='ltr'><strong>panis</strong></span> 
     </span>
    </p>
   </div>
   <div class='ocr_carea' id='block_1_42' title="bbox 499 2551 2071 2624">
    <p class='ocr_par' dir='ltr' id='par_1_42' title="bbox 499 2551 2071 2624">
     <span class='ocr_line' id='line_1_42' title="bbox 499 2551 2071 2624; baseline 0.008 -20"><span class='ocrx_word' id='word_1_277' title='bbox 499 2551 1166 2608; x_wconf 87' lang='lat' dir='ltr'><strong>transsubstantiationem</strong></span> <span class='ocrx_word' id='word_1_278' title='bbox 1197 2557 1553 2624; x_wconf 87' lang='lat' dir='ltr'><strong>agnoverint,</strong></span> <span class='ocrx_word' id='word_1_279' title='bbox 1587 2566 1641 2612; x_wconf 89' lang='lat' dir='ltr'><strong>et</strong></span> <span class='ocrx_word' id='word_1_280' title='bbox 1669 2558 1736 2614; x_wconf 88' lang='lat' dir='ltr'><strong>de</strong></span> <span class='ocrx_word' id='word_1_281' title='bbox 1764 2561 1950 2615; x_wconf 91' lang='lat' dir='ltr'><strong>eadem</strong></span> <span class='ocrx_word' id='word_1_282' title='bbox 1986 2561 2071 2616; x_wconf 92' lang='lat' dir='ltr'><strong>iu-</strong></span> 
     </span>
    </p>
   </div>
   <div class='ocr_carea' id='block_1_43' title="bbox 496 2642 2069 2722">
    <p class='ocr_par' dir='ltr' id='par_1_43' title="bbox 496 2642 2069 2722">
     <span class='ocr_line' id='line_1_43' title="bbox 496 2642 2069 2722; baseline 0.01 -28"><span class='ocrx_word' id='word_1_283' title='bbox 496 2642 742 2697; x_wconf 90' lang='lat' dir='ltr'><strong>numcris</strong></span> <span class='ocrx_word' id='word_1_284' title='bbox 786 2642 898 2698; x_wconf 90' lang='lat' dir='ltr'><strong>fere</strong></span> <span class='ocrx_word' id='word_1_285' title='bbox 941 2644 1075 2700; x_wconf 92' lang='lat' dir='ltr'><strong>locis</strong></span> <span class='ocrx_word' id='word_1_286' title='bbox 1106 2647 1446 2716; x_wconf 88' lang='lat' dir='ltr'><strong>apertissime</strong></span> <span class='ocrx_word' id='word_1_287' title='bbox 1475 2649 1643 2704; x_wconf 91' lang='lat' dir='ltr'><strong>locuti</strong></span> <span class='ocrx_word' id='word_1_288' title='bbox 1693 2650 1836 2718; x_wconf 91' lang='lat' dir='ltr'><strong>sint;</strong></span> <span class='ocrx_word' id='word_1_289' title='bbox 1869 2654 2069 2722; x_wconf 90' lang='lat' dir='ltr'><strong>quibus</strong></span> 
     </span>
    </p>
   </div>
   <div class='ocr_carea' id='block_1_44' title="bbox 494 2731 2068 2816">
    <p class='ocr_par' dir='ltr' id='par_1_44' title="bbox 494 2731 2068 2816">
     <span class='ocr_line' id='line_1_44' title="bbox 494 2731 2068 2816; baseline 0.01 -31"><span class='ocrx_word' id='word_1_290' title='bbox 494 2731 714 2802; x_wconf 88' lang='lat' dir='ltr'><strong>putidas</strong></span> <span class='ocrx_word' id='word_1_291' title='bbox 749 2733 914 2791; x_wconf 78' lang='lat' dir='ltr'><strong>hasce</strong></span> <span class='ocrx_word' id='word_1_292' title='bbox 945 2738 1270 2807; x_wconf 87' lang='lat' dir='ltr'><strong>scripturum</strong></span> <span class='ocrx_word' id='word_1_293' title='bbox 1315 2739 1543 2795; x_wconf 89' lang='lat' dir='ltr'><strong>lacinias</strong></span> <span class='ocrx_word' id='word_1_294' title='bbox 1595 2745 1805 2813; x_wconf 87' lang='lat' dir='ltr'><strong>magnis</strong></span> <span class='ocrx_word' id='word_1_295' title='bbox 1836 2744 2068 2816; x_wconf 75' lang='lat' dir='ltr'><strong>Chryso-</strong></span> 
     </span>
    </p>
   </div>
   <div class='ocr_carea' id='block_1_45' title="bbox 494 2825 2063 2905">
    <p class='ocr_par' dir='ltr' id='par_1_45' title="bbox 494 2825 2063 2905">
     <span class='ocr_line' id='line_1_45' title="bbox 494 2825 2063 2905; baseline 0.011 -28"><span class='ocrx_word' id='word_1_296' title='bbox 494 2826 658 2878; x_wconf 87' lang='lat' dir='ltr'><strong>stomi</strong></span> <span class='ocrx_word' id='word_1_297' title='bbox 708 2834 762 2880; x_wconf 82' lang='lat' dir='ltr'><strong>et</strong></span> <span class='ocrx_word' id='word_1_298' title='bbox 816 2825 1016 2883; x_wconf 86' lang='lat' dir='ltr'><strong>Gelasii</strong></span> <span class='ocrx_word' id='word_1_299' title='bbox 1075 2831 1388 2886; x_wconf 88' lang='lat' dir='ltr'><strong>nominibus</strong></span> <span class='ocrx_word' id='word_1_300' title='bbox 1446 2832 1732 2903; x_wconf 86' lang='lat' dir='ltr'><strong>insignitus</strong></span> <span class='ocrx_word' id='word_1_301' title='bbox 1790 2836 2063 2905; x_wconf 89' lang='lat' dir='ltr'><strong>objicere,</strong></span> 
     </span>
    </p>
   </div>
   <div class='ocr_carea' id='block_1_46' title="bbox 491 2916 2065 2996">
    <p class='ocr_par' dir='ltr' id='par_1_46' title="bbox 491 2916 2065 2996">
     <span class='ocr_line' id='line_1_46' title="bbox 491 2916 2065 2996; baseline 0.01 -28"><span class='ocrx_word' id='word_1_302' title='bbox 491 2916 854 2982; x_wconf 82' lang='lat' dir='ltr'><strong>rectioribus,</strong></span> <span class='ocrx_word' id='word_1_303' title='bbox 892 2935 1030 2988; x_wconf 87' lang='lat' dir='ltr'><strong>quas</strong></span> <span class='ocrx_word' id='word_1_304' title='bbox 1056 2920 1292 2987; x_wconf 89' lang='lat' dir='ltr'><strong>docent,</strong></span> <span class='ocrx_word' id='word_1_305' title='bbox 1327 2923 1529 2978; x_wconf 70' lang='lat' dir='ltr'><strong>critica:</strong></span> <span class='ocrx_word' id='word_1_306' title='bbox 1561 2926 1759 2996; x_wconf 88' lang='lat' dir='ltr'><strong>regulis</strong></span> <span class='ocrx_word' id='word_1_307' title='bbox 1809 2930 2065 2993; x_wconf 88' lang='lat' dir='ltr'><strong>patentis-</strong></span> 
     </span>
    </p>
   </div>
   <div class='ocr_carea' id='block_1_47' title="bbox 489 3008 2063 3082">
    <p class='ocr_par' dir='ltr' id='par_1_47' title="bbox 489 3008 2063 3082">
     <span class='ocr_line' id='line_1_47' title="bbox 489 3008 2063 3082; baseline 0.01 -22"><span class='ocrx_word' id='word_1_308' title='bbox 489 3008 629 3062; x_wconf 88' lang='lat' dir='ltr'><strong>sime</strong></span> <span class='ocrx_word' id='word_1_309' title='bbox 678 3024 980 3079; x_wconf 87' lang='lat' dir='ltr'><strong>repugnare</strong></span> <span class='ocrx_word' id='word_1_310' title='bbox 1020 3027 1182 3065; x_wconf 91' lang='lat' dir='ltr'><strong>nemo</strong></span> <span class='ocrx_word' id='word_1_311' title='bbox 1224 3029 1330 3068; x_wconf 88' lang='lat' dir='ltr'><strong>non</strong></span> <span class='ocrx_word' id='word_1_312' title='bbox 1381 3015 1546 3069; x_wconf 87' lang='lat' dir='ltr'><strong>videt.</strong></span> <span class='ocrx_word' id='word_1_313' title='bbox 1585 3015 1719 3082; x_wconf 84' lang='lat' dir='ltr'><strong>Quis</strong></span> <span class='ocrx_word' id='word_1_314' title='bbox 1768 3019 1912 3073; x_wconf 90' lang='lat' dir='ltr'><strong>enim</strong></span> <span class='ocrx_word' id='word_1_315' title='bbox 1959 3021 2063 3075; x_wconf 85' lang='lat' dir='ltr'><strong>sibi</strong></span> 
     </span>
    </p>
   </div>
   <div class='ocr_carea' id='block_1_48' title="bbox 488 3099 2060 3180">
    <p class='ocr_par' dir='ltr' id='par_1_48' title="bbox 488 3099 2060 3180">
     <span class='ocr_line' id='line_1_48' title="bbox 488 3099 2060 3180; baseline 0.008 -27"><span class='ocrx_word' id='word_1_316' title='bbox 488 3100 812 3170; x_wconf 85' lang='lat' dir='ltr'><strong>persuadeat</strong></span> <span class='ocrx_word' id='word_1_317' title='bbox 837 3099 1310 3172; x_wconf 80' lang='lat' dir='ltr'><strong>Chrysostomum,</strong></span> <span class='ocrx_word' id='word_1_318' title='bbox 1341 3107 1433 3175; x_wconf 89' lang='lat' dir='ltr'><strong>qui</strong></span> <span class='ocrx_word' id='word_1_319' title='bbox 1466 3116 1545 3162; x_wconf 92' lang='lat' dir='ltr'><strong>tot</strong></span> <span class='ocrx_word' id='word_1_320' title='bbox 1574 3109 1846 3180; x_wconf 84' lang='lat' dir='ltr'><strong>tantisque</strong></span> <span class='ocrx_word' id='word_1_321' title='bbox 1874 3111 1930 3165; x_wconf 92' lang='lat' dir='ltr'><strong>in</strong></span> <span class='ocrx_word' id='word_1_322' title='bbox 1973 3113 2060 3166; x_wconf 90' lang='lat' dir='ltr'><strong>lo-</strong></span> 
     </span>
    </p>
   </div>
   <div class='ocr_carea' id='block_1_49' title="bbox 491 3190 2062 3264">
    <p class='ocr_par' dir='ltr' id='par_1_49' title="bbox 491 3190 2062 3264">
     <span class='ocr_line' id='line_1_49' title="bbox 491 3190 2062 3264; baseline 0.01 -20"><span class='ocrx_word' id='word_1_323' title='bbox 491 3190 572 3245; x_wconf 92' lang='lat' dir='ltr'><strong>cis</strong></span> <span class='ocrx_word' id='word_1_324' title='bbox 615 3191 965 3248; x_wconf 81' lang='lat' dir='ltr'><strong>eucharistiei</strong></span> <span class='ocrx_word' id='word_1_325' title='bbox 1017 3195 1173 3264; x_wconf 87' lang='lat' dir='ltr'><strong>panis</strong></span> <span class='ocrx_word' id='word_1_326' title='bbox 1221 3197 1604 3254; x_wconf 84' lang='lat' dir='ltr'><strong>miraculosam</strong></span> <span class='ocrx_word' id='word_1_327' title='bbox 1656 3203 2062 3258; x_wconf 81' lang='lat' dir='ltr'><strong>transsuhstan-</strong></span> 
     </span>
    </p>
   </div>
   <div class='ocr_carea' id='block_1_50' title="bbox 488 3283 2058 3357">
    <p class='ocr_par' dir='ltr' id='par_1_50' title="bbox 488 3283 2058 3357">
     <span class='ocr_line' id='line_1_50' title="bbox 488 3283 2058 3357; baseline 0.009 -21"><span class='ocrx_word' id='word_1_328' title='bbox 488 3283 770 3338; x_wconf 88' lang='lat' dir='ltr'><strong>tiationem</strong></span> <span class='ocrx_word' id='word_1_329' title='bbox 802 3285 1035 3357; x_wconf 89' lang='lat' dir='ltr'><strong>ingenue</strong></span> <span class='ocrx_word' id='word_1_330' title='bbox 1063 3287 1244 3343; x_wconf 87' lang='lat' dir='ltr'><strong>fassus</strong></span> <span class='ocrx_word' id='word_1_331' title='bbox 1266 3298 1369 3353; x_wconf 89' lang='lat' dir='ltr'><strong>est,</strong></span> <span class='ocrx_word' id='word_1_332' title='bbox 1399 3301 1602 3346; x_wconf 88' lang='lat' dir='ltr'><strong>mutata</strong></span> <span class='ocrx_word' id='word_1_333' title='bbox 1627 3309 1771 3349; x_wconf 89' lang='lat' dir='ltr'><strong>nunc</strong></span> <span class='ocrx_word' id='word_1_334' title='bbox 1792 3297 2058 3350; x_wconf 85' lang='lat' dir='ltr'><strong>sententia</strong></span> 
     </span>
    </p>
   </div>
   <div class='ocr_carea' id='block_1_51' title="bbox 443 3357 2058 3453">
    <p class='ocr_par' dir='ltr' id='par_1_51' title="bbox 443 3357 2058 3453">
     <span class='ocr_line' id='line_1_51' title="bbox 443 3357 2058 3453; baseline 0.009 -23"><span class='ocrx_word' id='word_1_335' title='bbox 443 3357 448 3360; x_wconf 12' lang='lat' dir='ltr'><strong>ﬁ</strong></span> <span class='ocrx_word' id='word_1_336' title='bbox 485 3374 942 3431; x_wconf 85' lang='lat' dir='ltr'><strong>heterodoxorum</strong></span> <span class='ocrx_word' id='word_1_337' title='bbox 973 3380 1202 3435; x_wconf 88' lang='lat' dir='ltr'><strong>somniis</strong></span> <span class='ocrx_word' id='word_1_338' title='bbox 1232 3381 1410 3436; x_wconf 81' lang='lat' dir='ltr'><strong>favere</strong></span> <span class='ocrx_word' id='word_1_339' title='bbox 1431 3383 1574 3453; x_wconf 63' lang='lat'><strong>(42);</strong></span> <span class='ocrx_word' id='word_1_340' title='bbox 1613 3393 1668 3440; x_wconf 90' lang='lat' dir='ltr'><strong>et</strong></span> <span class='ocrx_word' id='word_1_341' title='bbox 1699 3387 1756 3442; x_wconf 91' lang='lat' dir='ltr'><strong>S.</strong></span> <span class='ocrx_word' id='word_1_342' title='bbox 1784 3387 2058 3444; x_wconf 81' lang='lat' dir='ltr'><strong>Gelasium</strong></span> 
     </span>
    </p>
   </div>
   <div class='ocr_carea' id='block_1_52' title="bbox 491 3468 2059 3549">
    <p class='ocr_par' dir='ltr' id='par_1_52' title="bbox 491 3468 2059 3549">
     <span class='ocr_line' id='line_1_52' title="bbox 491 3468 2059 3549; baseline 0.009 -28"><span class='ocrx_word' id='word_1_343' title='bbox 491 3468 792 3523; x_wconf 78' lang='lat' dir='ltr'><strong>Romanum</strong></span> <span class='ocrx_word' id='word_1_344' title='bbox 837 3470 1170 3538; x_wconf 82' lang='lat' dir='ltr'><strong>pontificem,</strong></span> <span class='ocrx_word' id='word_1_345' title='bbox 1201 3474 1294 3544; x_wconf 89' lang='lat' dir='ltr'><strong>qui</strong></span> <span class='ocrx_word' id='word_1_346' title='bbox 1339 3473 1392 3528; x_wconf 91' lang='lat' dir='ltr'><strong>in</strong></span> <span class='ocrx_word' id='word_1_347' title='bbox 1423 3476 1652 3544; x_wconf 85' lang='lat' dir='ltr'><strong>epistola</strong></span> <span class='ocrx_word' id='word_1_348' title='bbox 1690 3478 1760 3530; x_wconf 85' lang='lat' dir='ltr'><strong>ad</strong></span> <span class='ocrx_word' id='word_1_349' title='bbox 1795 3480 2059 3549; x_wconf 82' lang='lat' dir='ltr'><strong>episcopos</strong></span> 
     </span>
    </p>
   </div>
   <div class='ocr_carea' id='block_1_53' title="bbox 485 3557 2058 3640">
    <p class='ocr_par' dir='ltr' id='par_1_53' title="bbox 485 3557 2058 3640">
     <span class='ocr_line' id='line_1_53' title="bbox 485 3557 2058 3640; baseline 0.01 -28"><span class='ocrx_word' id='word_1_350' title='bbox 485 3557 798 3627; x_wconf 76' lang='lat' dir='ltr'><strong>Dardaniw,</strong></span> <span class='ocrx_word' id='word_1_351' title='bbox 836 3571 894 3616; x_wconf 93' lang='lat' dir='ltr'><strong>ut</strong></span> <span class='ocrx_word' id='word_1_352' title='bbox 923 3573 1106 3617; x_wconf 90' lang='lat' dir='ltr'><strong>monet</strong></span> <span class='ocrx_word' id='word_1_353' title='bbox 1134 3562 1400 3621; x_wconf 89' lang='lat' dir='ltr'><strong>Baronius</strong></span> <span class='ocrx_word' id='word_1_354' title='bbox 1431 3567 1564 3640; x_wconf 71' lang='grc'>(45),</span> <span class='ocrx_word' id='word_1_355' title='bbox 1608 3571 2058 3638; x_wconf 86' lang='lat' dir='ltr'><strong>augustissimum</strong></span> 
     </span>
    </p>
   </div>
   <div class='ocr_carea' id='block_1_54' title="bbox 483 3645 2060 3730">
    <p class='ocr_par' dir='ltr' id='par_1_54' title="bbox 483 3645 2060 3730">
     <span class='ocr_line' id='line_1_54' title="bbox 483 3645 2060 3730; baseline 0.01 -27"><span class='ocrx_word' id='word_1_356' title='bbox 483 3645 840 3707; x_wconf 70' lang='lat' dir='ltr'><strong>Eucharistim</strong></span> <span class='ocrx_word' id='word_1_357' title='bbox 857 3666 1282 3718; x_wconf 85' lang='lat' dir='ltr'><strong>sacramentum.</strong></span> <span class='ocrx_word' id='word_1_358' title='bbox 1301 3674 1489 3727; x_wconf 86' lang='lat' dir='ltr'><strong>panem</strong></span> <span class='ocrx_word' id='word_1_359' title='bbox 1505 3661 1596 3730; x_wconf 87' lang='lat' dir='ltr'><strong>qui</strong></span> <span class='ocrx_word' id='word_1_360' title='bbox 1615 3661 1679 3714; x_wconf 88' lang='lat' dir='ltr'><strong>de</strong></span> <span class='ocrx_word' id='word_1_361' title='bbox 1700 3662 1826 3715; x_wconf 80' lang='lat' dir='ltr'><strong>cwlo</strong></span> <span class='ocrx_word' id='word_1_362' title='bbox 1852 3663 2060 3718; x_wconf 82' lang='lat' dir='ltr'><strong>descen-</strong></span> 
     </span>
    </p>
   </div>
   <div class='ocr_carea' id='block_1_55' title="bbox 480 3741 2058 3816">
    <p class='ocr_par' dir='ltr' id='par_1_55' title="bbox 480 3741 2058 3816">
     <span class='ocr_line' id='line_1_55' title="bbox 480 3741 2058 3816; baseline 0.011 -24"><span class='ocrx_word' id='word_1_363' title='bbox 480 3741 582 3806; x_wconf 79' lang='lat' dir='ltr'><strong>dit,</strong></span> <span class='ocrx_word' id='word_1_364' title='bbox 616 3753 800 3810; x_wconf 85' lang='lat' dir='ltr'><strong>vocat,</strong></span> <span class='ocrx_word' id='word_1_365' title='bbox 828 3760 974 3800; x_wconf 92' lang='lat' dir='ltr'><strong>nunc</strong></span> <span class='ocrx_word' id='word_1_366' title='bbox 1008 3745 1227 3802; x_wconf 88' lang='lat' dir='ltr'><strong>sibimet</strong></span> <span class='ocrx_word' id='word_1_367' title='bbox 1253 3751 1628 3807; x_wconf 88' lang='lat' dir='ltr'><strong>contradicere</strong></span> <span class='ocrx_word' id='word_1_368' title='bbox 1653 3793 1669 3816; x_wconf 92' lang='lat'><strong>,</strong></span> <span class='ocrx_word' id='word_1_369' title='bbox 1701 3764 1754 3808; x_wconf 89' lang='lat' dir='ltr'><strong>et</strong></span> <span class='ocrx_word' id='word_1_370' title='bbox 1789 3755 1842 3809; x_wconf 91' lang='lat' dir='ltr'><strong>in</strong></span> <span class='ocrx_word' id='word_1_371' title='bbox 1873 3772 2058 3812; x_wconf 88' lang='lat' dir='ltr'><strong>sacra-</strong></span> 
     </span>
    </p>
   </div>
   <div class='ocr_carea' id='block_1_56' title="bbox 482 3829 2057 3914">
    <p class='ocr_par' dir='ltr' id='par_1_56' title="bbox 482 3829 2057 3914">
     <span class='ocr_line' id='line_1_56' title="bbox 482 3829 2057 3914; baseline 0.012 -31"><span class='ocrx_word' id='word_1_372' title='bbox 482 3829 696 3886; x_wconf 89' lang='lat' dir='ltr'><strong>tissimo</strong></span> <span class='ocrx_word' id='word_1_373' title='bbox 721 3833 970 3902; x_wconf 86' lang='lat' dir='ltr'><strong>corporis</strong></span> <span class='ocrx_word' id='word_1_374' title='bbox 1014 3833 1216 3890; x_wconf 87' lang='lat' dir='ltr'><strong>Christi</strong></span> <span class='ocrx_word' id='word_1_375' title='bbox 1253 3839 1512 3908; x_wconf 84' lang='lat' dir='ltr'><strong>mysterio</strong></span> <span class='ocrx_word' id='word_1_376' title='bbox 1552 3843 1854 3899; x_wconf 86' lang='lat' dir='ltr'><strong>naturalem</strong></span> <span class='ocrx_word' id='word_1_377' title='bbox 1901 3846 2057 3914; x_wconf 88' lang='lat' dir='ltr'><strong>panis</strong></span> 
     </span>
    </p>
   </div>
   <div class='ocr_carea' id='block_1_57' title="bbox 479 3920 2052 4004">
    <p class='ocr_par' dir='ltr' id='par_1_57' title="bbox 479 3920 2052 4004">
     <span class='ocr_line' id='line_1_57' title="bbox 479 3920 2052 4004; baseline 0.012 -30"><span class='ocrx_word' id='word_1_378' title='bbox 479 3920 844 3977; x_wconf 86' lang='lat' dir='ltr'><strong>substantiam</strong></span> <span class='ocrx_word' id='word_1_379' title='bbox 893 3931 1019 3994; x_wconf 75' lang='lat' dir='ltr'><strong>post</strong></span> <span class='ocrx_word' id='word_1_380' title='bbox 1071 3931 1503 3986; x_wconf 89' lang='lat' dir='ltr'><strong>consecrationis</strong></span> <span class='ocrx_word' id='word_1_381' title='bbox 1549 3934 1713 3988; x_wconf 86' lang='lat' dir='ltr'><strong>verba</strong></span> <span class='ocrx_word' id='word_1_382' title='bbox 1752 3951 2052 4004; x_wconf 85' lang='lat' dir='ltr'><strong>remanere,</strong></span> 
     </span>
    </p>
   </div>
   <div class='ocr_carea' id='block_1_58' title="bbox 478 4015 2055 4100">
    <p class='ocr_par' dir='ltr' id='par_1_58' title="bbox 478 4015 2055 4100">
     <span class='ocr_line' id='line_1_58' title="bbox 478 4015 2055 4100; baseline 0.013 -34"><span class='ocrx_word' id='word_1_383' title='bbox 478 4015 769 4084; x_wconf 85' lang='lat' dir='ltr'><strong>scripsisse</strong></span> <span class='ocrx_word' id='word_1_384' title='bbox 798 4018 901 4074; x_wconf 82' lang='lat' dir='ltr'><strong>sibi</strong></span> <span class='ocrx_word' id='word_1_385' title='bbox 933 4022 1130 4089; x_wconf 88' lang='lat' dir='ltr'><strong>poterit</strong></span> <span class='ocrx_word' id='word_1_386' title='bbox 1155 4022 1479 4095; x_wconf 88' lang='lat' dir='ltr'><strong>imaginari?</strong></span> <span class='ocrx_word' id='word_1_387' title='bbox 1509 4024 1746 4097; x_wconf 86' lang='lat' dir='ltr'><strong>lngenue</strong></span> <span class='ocrx_word' id='word_1_388' title='bbox 1775 4030 1939 4100; x_wconf 87' lang='lat' dir='ltr'><strong>igitur</strong></span> <span class='ocrx_word' id='word_1_389' title='bbox 1972 4030 2055 4086; x_wconf 87' lang='lat' dir='ltr'><strong>fa-</strong></span> 
     </span>
    </p>
   </div>
   <div class='ocr_carea' id='block_1_59' title="bbox 475 4106 2050 4192">
    <p class='ocr_par' dir='ltr' id='par_1_59' title="bbox 475 4106 2050 4192">
     <span class='ocr_line' id='line_1_59' title="bbox 475 4106 2050 4192; baseline 0.013 -32"><span class='ocrx_word' id='word_1_390' title='bbox 475 4106 577 4160; x_wconf 88' lang='lat' dir='ltr'><strong>teri</strong></span> <span class='ocrx_word' id='word_1_391' title='bbox 615 4118 826 4177; x_wconf 84' lang='lat' dir='ltr'><strong>oportet</strong></span> <span class='ocrx_word' id='word_1_392' title='bbox 878 4128 1003 4166; x_wconf 90' lang='lat' dir='ltr'><strong>cum</strong></span> <span class='ocrx_word' id='word_1_393' title='bbox 1045 4114 1364 4170; x_wconf 88' lang='lat' dir='ltr'><strong>doctissimo</strong></span> <span class='ocrx_word' id='word_1_394' title='bbox 1393 4116 1705 4187; x_wconf 88' lang='lat' dir='ltr'><strong>Lequieno,</strong></span> <span class='ocrx_word' id='word_1_395' title='bbox 1756 4120 2050 4192; x_wconf 88' lang='lat' dir='ltr'><strong>Epistolam</strong></span> 
     </span>
    </p>
   </div>
   <div class='ocr_carea' id='block_1_60' title="bbox 473 4197 2051 4289">
    <p class='ocr_par' dir='ltr' id='par_1_60' title="bbox 473 4197 2051 4289">
     <span class='ocr_line' id='line_1_60' title="bbox 473 4197 2051 4289; baseline 0.014 -37"><span class='ocrx_word' id='word_1_396' title='bbox 473 4197 545 4252; x_wconf 83' lang='lat' dir='ltr'><strong>ad</strong></span> <span class='ocrx_word' id='word_1_397' title='bbox 569 4197 866 4256; x_wconf 78' lang='lat' dir='ltr'><strong>Ctesarium</strong></span> <span class='ocrx_word' id='word_1_398' title='bbox 894 4208 1210 4261; x_wconf 79' lang='lat' dir='ltr'><strong>monac/tum</strong></span> <span class='ocrx_word' id='word_1_399' title='bbox 1231 4212 1528 4280; x_wconf 89' lang='lat' dir='ltr'><strong>genuinum</strong></span> <span class='ocrx_word' id='word_1_400' title='bbox 1557 4216 1700 4270; x_wconf 88' lang='lat' dir='ltr'><strong>haud</strong></span> <span class='ocrx_word' id='word_1_401' title='bbox 1725 4233 1847 4272; x_wconf 89' lang='lat' dir='ltr'><strong>esse</strong></span> <span class='ocrx_word' id='word_1_402' title='bbox 1869 4220 2051 4289; x_wconf 90' lang='lat' dir='ltr'><strong>magni</strong></span> 
     </span>
    </p>
   </div>
   <div class='ocr_carea' id='block_1_61' title="bbox 473 4289 2050 4381">
    <p class='ocr_par' dir='ltr' id='par_1_61' title="bbox 473 4289 2050 4381">
     <span class='ocr_line' id='line_1_61' title="bbox 473 4289 2050 4381; baseline 0.013 -34"><span class='ocrx_word' id='word_1_403' title='bbox 473 4289 848 4364; x_wconf 83' lang='lat' dir='ltr'><strong>Chrysostomi</strong></span> <span class='ocrx_word' id='word_1_404' title='bbox 881 4295 1088 4366; x_wconf 87' lang='lat' dir='ltr'><strong>fetum,</strong></span> <span class='ocrx_word' id='word_1_405' title='bbox 1131 4303 1224 4356; x_wconf 88' lang='lat' dir='ltr'><strong>sed</strong></span> <span class='ocrx_word' id='word_1_406' title='bbox 1268 4304 1516 4372; x_wconf 84' lang='lat' dir='ltr'><strong>putidum</strong></span> <span class='ocrx_word' id='word_1_407' title='bbox 1573 4308 1886 4378; x_wconf 83' lang='lat' dir='ltr'><strong>figmentum</strong></span> <span class='ocrx_word' id='word_1_408' title='bbox 1928 4323 2050 4381; x_wconf 89' lang='lat' dir='ltr'><strong>post</strong></span> 
     </span>
    </p>
   </div>
   <div class='ocr_carea' id='block_1_62' title="bbox 469 4383 2048 4468">
    <p class='ocr_par' dir='ltr' id='par_1_62' title="bbox 469 4383 2048 4468">
     <span class='ocr_line' id='line_1_62' title="bbox 469 4383 2048 4468; baseline 0.014 -31"><span class='ocrx_word' id='word_1_409' title='bbox 469 4394 716 4440; x_wconf 81' lang='lat' dir='ltr'><strong>exortam</strong></span> <span class='ocrx_word' id='word_1_410' title='bbox 741 4385 976 4443; x_wconf 87' lang='lat' dir='ltr'><strong>Nestorii</strong></span> <span class='ocrx_word' id='word_1_411' title='bbox 1010 4391 1283 4461; x_wconf 73' lang='lat' dir='ltr'><strong>hmresim,</strong></span> <span class='ocrx_word' id='word_1_412' title='bbox 1315 4397 1426 4451; x_wconf 93' lang='lat' dir='ltr'><strong>imo</strong></span> <span class='ocrx_word' id='word_1_413' title='bbox 1456 4409 1580 4468; x_wconf 90' lang='lat' dir='ltr'><strong>post</strong></span> <span class='ocrx_word' id='word_1_414' title='bbox 1607 4383 2048 4459; x_wconf 83' lang='lat' dir='ltr'><strong>Chalcedonense</strong></span> 
     </span>
    </p>
   </div>
   <div class='ocr_carea' id='block_1_63' title="bbox 2185 1896 3763 1969">
    <p class='ocr_par' dir='ltr' id='par_1_63' title="bbox 2185 1896 3763 1969">
     <span class='ocr_line' id='line_1_63' title="bbox 2185 1896 3763 1969; baseline 0.003 -19"><span class='ocrx_word' id='word_1_415' title='bbox 2185 1910 2281 1950; x_wconf 88' lang='lat' dir='ltr'><strong>seu</strong></span> <span class='ocrx_word' id='word_1_416' title='bbox 2341 1897 2636 1950; x_wconf 81' lang='lat' dir='ltr'><strong>accidentia</strong></span> <span class='ocrx_word' id='word_1_417' title='bbox 2686 1896 3050 1963; x_wconf 87' lang='lat' dir='ltr'><strong>intellexisse;</strong></span> <span class='ocrx_word' id='word_1_418' title='bbox 3103 1899 3344 1969; x_wconf 89' lang='lat' dir='ltr'><strong>alioquin</strong></span> <span class='ocrx_word' id='word_1_419' title='bbox 3397 1900 3443 1954; x_wconf 91' lang='lat' dir='ltr'><strong>si</strong></span> <span class='ocrx_word' id='word_1_420' title='bbox 3503 1899 3574 1954; x_wconf 89' lang='lat' dir='ltr'><strong>de</strong></span> <span class='ocrx_word' id='word_1_421' title='bbox 3629 1900 3763 1955; x_wconf 79' lang='lat' dir='ltr'><strong>sub-</strong></span> 
     </span>
    </p>
   </div>
   <div class='ocr_carea' id='block_1_64' title="bbox 2183 1985 3761 2058">
    <p class='ocr_par' dir='ltr' id='par_1_64' title="bbox 2183 1985 3761 2058">
     <span class='ocr_line' id='line_1_64' title="bbox 2183 1985 3761 2058; baseline 0.006 -21"><span class='ocrx_word' id='word_1_422' title='bbox 2183 1985 2382 2039; x_wconf 88' lang='lat' dir='ltr'><strong>stantia</strong></span> <span class='ocrx_word' id='word_1_423' title='bbox 2412 1986 2627 2042; x_wconf 89' lang='lat' dir='ltr'><strong>loeutus</strong></span> <span class='ocrx_word' id='word_1_424' title='bbox 2654 1996 2835 2052; x_wconf 89' lang='lat' dir='ltr'><strong>esset,</strong></span> <span class='ocrx_word' id='word_1_425' title='bbox 2870 2004 2982 2043; x_wconf 92' lang='lat' dir='ltr'><strong>non</strong></span> <span class='ocrx_word' id='word_1_426' title='bbox 3012 1989 3195 2058; x_wconf 87' lang='lat' dir='ltr'><strong>plures</strong></span> <span class='ocrx_word' id='word_1_427' title='bbox 3215 2029 3230 2054; x_wconf 93' lang='lat'><strong>,</strong></span> <span class='ocrx_word' id='word_1_428' title='bbox 3262 1990 3355 2044; x_wconf 88' lang='lat' dir='ltr'><strong>sed</strong></span> <span class='ocrx_word' id='word_1_429' title='bbox 3381 1991 3597 2045; x_wconf 89' lang='lat' dir='ltr'><strong>unicam</strong></span> <span class='ocrx_word' id='word_1_430' title='bbox 3629 2005 3761 2046; x_wconf 88' lang='lat' dir='ltr'><strong>esse</strong></span> 
     </span>
    </p>
   </div>
   <div class='ocr_carea' id='block_1_65' title="bbox 2181 2077 3759 2150">
    <p class='ocr_par' dir='ltr' id='par_1_65' title="bbox 2181 2077 3759 2150">
     <span class='ocr_line' id='line_1_65' title="bbox 2181 2077 3759 2150; baseline 0.006 -23"><span class='ocrx_word' id='word_1_431' title='bbox 2181 2089 2362 2129; x_wconf 89' lang='lat' dir='ltr'><strong>rerum</strong></span> <span class='ocrx_word' id='word_1_432' title='bbox 2386 2085 2635 2130; x_wconf 89' lang='lat' dir='ltr'><strong>naturam</strong></span> <span class='ocrx_word' id='word_1_433' title='bbox 2667 2077 3008 2133; x_wconf 80' lang='lat' dir='ltr'><strong>aﬂirmasset.</strong></span> <span class='ocrx_word' id='word_1_434' title='bbox 3031 2078 3293 2150; x_wconf 91' lang='lat' dir='ltr'><strong>Corporis</strong></span> <span class='ocrx_word' id='word_1_435' title='bbox 3317 2080 3463 2134; x_wconf 89' lang='lat' dir='ltr'><strong>enim</strong></span> <span class='ocrx_word' id='word_1_436' title='bbox 3495 2083 3759 2137; x_wconf 88' lang='lat' dir='ltr'><strong>substan-</strong></span> 
     </span>
    </p>
   </div>
   <div class='ocr_carea' id='block_1_66' title="bbox 2182 2165 3760 2241">
    <p class='ocr_par' dir='ltr' id='par_1_66' title="bbox 2182 2165 3760 2241">
     <span class='ocr_line' id='line_1_66' title="bbox 2182 2165 3760 2241; baseline 0.005 -21"><span class='ocrx_word' id='word_1_437' title='bbox 2182 2165 2278 2232; x_wconf 89' lang='lat' dir='ltr'><strong>tia,</strong></span> <span class='ocrx_word' id='word_1_438' title='bbox 2303 2166 2457 2235; x_wconf 88' lang='lat' dir='ltr'><strong>juxta</strong></span> <span class='ocrx_word' id='word_1_439' title='bbox 2501 2169 2746 2239; x_wconf 87' lang='lat' dir='ltr'><strong>egregios</strong></span> <span class='ocrx_word' id='word_1_440' title='bbox 2774 2171 3150 2241; x_wconf 75' lang='lat' dir='ltr'><strong>pliilOSOpbos,</strong></span> <span class='ocrx_word' id='word_1_441' title='bbox 3175 2171 3342 2228; x_wconf 85' lang='lat' dir='ltr'><strong>unica</strong></span> <span class='ocrx_word' id='word_1_442' title='bbox 3371 2183 3475 2240; x_wconf 89' lang='lat' dir='ltr'><strong>est,</strong></span> <span class='ocrx_word' id='word_1_443' title='bbox 3505 2175 3760 2230; x_wconf 85' lang='lat' dir='ltr'><strong>acciden-</strong></span> 
     </span>
    </p>
   </div>
   <div class='ocr_carea' id='block_1_67' title="bbox 2182 2259 3234 2333">
    <p class='ocr_par' dir='ltr' id='par_1_67' title="bbox 2182 2259 3234 2333">
     <span class='ocr_line' id='line_1_67' title="bbox 2182 2259 3234 2333; baseline 0.007 -22"><span class='ocrx_word' id='word_1_444' title='bbox 2182 2259 2252 2311; x_wconf 90' lang='lat' dir='ltr'><strong>tia</strong></span> <span class='ocrx_word' id='word_1_445' title='bbox 2283 2273 2415 2312; x_wconf 89' lang='lat' dir='ltr'><strong>vero</strong></span> <span class='ocrx_word' id='word_1_446' title='bbox 2440 2274 2536 2314; x_wconf 86' lang='lat' dir='ltr'><strong>seu</strong></span> <span class='ocrx_word' id='word_1_447' title='bbox 2564 2261 2771 2331; x_wconf 87' lang='lat' dir='ltr'><strong>species</strong></span> <span class='ocrx_word' id='word_1_448' title='bbox 2803 2264 3234 2333; x_wconf 57' lang='lat' dir='ltr'><strong>quamplurima</strong></span> 
     </span>
    </p>
   </div>
   <div class='ocr_carea' id='block_1_68' title="bbox 2246 2371 3686 2443">
    <p class='ocr_par' dir='ltr' id='par_1_68' title="bbox 2246 2371 3686 2443">
     <span class='ocr_line' id='line_1_68' title="bbox 2246 2371 3686 2443; baseline 0.007 -16"><span class='ocrx_word' id='word_1_449' title='bbox 2246 2371 2362 2429; x_wconf 80' lang='lat' dir='ltr'><strong>XV.</strong></span> <span class='ocrx_word' id='word_1_450' title='bbox 2405 2372 2658 2443; x_wconf 74' lang='lat' dir='ltr'><strong>Ejusdem</strong></span> <span class='ocrx_word' id='word_1_451' title='bbox 2689 2377 2854 2430; x_wconf 83' lang='lat' dir='ltr'><strong>libelli</strong></span> <span class='ocrx_word' id='word_1_452' title='bbox 2878 2379 3066 2432; x_wconf 81' lang='lat' dir='ltr'><strong>incerti</strong></span> <span class='ocrx_word' id='word_1_453' title='bbox 3096 2381 3327 2434; x_wconf 88' lang='lat' dir='ltr'><strong>auctoris</strong></span> <span class='ocrx_word' id='word_1_454' title='bbox 3356 2382 3418 2435; x_wconf 84' lang='lat' dir='ltr'><strong>de</strong></span> <span class='ocrx_word' id='word_1_455' title='bbox 3449 2383 3686 2437; x_wconf 80' lang='lat' dir='ltr'><strong>Arabica</strong></span> 
     </span>
    </p>
   </div>
   <div class='ocr_carea' id='block_1_69' title="bbox 2387 2442 3535 2520">
    <p class='ocr_par' dir='ltr' id='par_1_69' title="bbox 2387 2442 3535 2520">
     <span class='ocr_line' id='line_1_69' title="bbox 2387 2442 3535 2520; baseline 0.009 -22"><span class='ocrx_word' id='word_1_456' title='bbox 2387 2442 2456 2498; x_wconf 23' lang='lat' dir='ltr'><strong>S.’</strong></span> <span class='ocrx_word' id='word_1_457' title='bbox 2480 2445 2749 2516; x_wconf 82' lang='lat' dir='ltr'><strong>Hippolyti</strong></span> <span class='ocrx_word' id='word_1_458' title='bbox 2777 2447 2894 2503; x_wconf 86' lang='lat' dir='ltr'><strong>sede</strong></span> <span class='ocrx_word' id='word_1_459' title='bbox 2923 2452 3180 2504; x_wconf 73' lang='lat' dir='ltr'><strong>sententia</strong></span> <span class='ocrx_word' id='word_1_460' title='bbox 3205 2451 3535 2520; x_wconf 70' lang='lat' dir='ltr'><strong>expenditur.</strong></span> 
     </span>
    </p>
   </div>
   <div class='ocr_carea' id='block_1_70' title="bbox 2247 2535 3751 2620">
    <p class='ocr_par' dir='ltr' id='par_1_70' title="bbox 2247 2535 3751 2620">
     <span class='ocr_line' id='line_1_70' title="bbox 2247 2535 3751 2620; baseline 0.01 -31"><span class='ocrx_word' id='word_1_461' title='bbox 2247 2535 2351 2589; x_wconf 90' lang='lat' dir='ltr'><strong>Sed</strong></span> <span class='ocrx_word' id='word_1_462' title='bbox 2397 2537 2585 2592; x_wconf 91' lang='lat' dir='ltr'><strong>dehis</strong></span> <span class='ocrx_word' id='word_1_463' title='bbox 2635 2539 2932 2607; x_wconf 87' lang='lat' dir='ltr'><strong>hactenus;</strong></span> <span class='ocrx_word' id='word_1_464' title='bbox 2986 2558 3130 2597; x_wconf 91' lang='lat' dir='ltr'><strong>nunc</strong></span> <span class='ocrx_word' id='word_1_465' title='bbox 3181 2544 3246 2597; x_wconf 88' lang='lat' dir='ltr'><strong>ad</strong></span> <span class='ocrx_word' id='word_1_466' title='bbox 3294 2542 3352 2598; x_wconf 92' lang='lat' dir='ltr'><strong>S.</strong></span> <span class='ocrx_word' id='word_1_467' title='bbox 3400 2543 3751 2620; x_wconf 85' lang='lat' dir='ltr'><strong>Hippolytum</strong></span> 
     </span>
    </p>
   </div>
   <div class='ocr_carea' id='block_1_71' title="bbox 2177 2633 3756 2712">
    <p class='ocr_par' dir='ltr' id='par_1_71' title="bbox 2177 2633 3756 2712">
     <span class='ocr_line' id='line_1_71' title="bbox 2177 2633 3756 2712; baseline 0.01 -31"><span class='ocrx_word' id='word_1_468' title='bbox 2177 2638 2546 2694; x_wconf 87' lang='lat' dir='ltr'><strong>revertamur,</strong></span> <span class='ocrx_word' id='word_1_469' title='bbox 2579 2647 2740 2702; x_wconf 85' lang='lat' dir='ltr'><strong>quem</strong></span> <span class='ocrx_word' id='word_1_470' title='bbox 2785 2633 3093 2703; x_wconf 85' lang='lat' dir='ltr'><strong>Stephanus</strong></span> <span class='ocrx_word' id='word_1_471' title='bbox 3120 2633 3393 2707; x_wconf 88' lang='lat' dir='ltr'><strong>Lemoyne</strong></span> <span class='ocrx_word' id='word_1_472' title='bbox 3416 2637 3552 2710; x_wconf 73' lang='grc'>(45),</span> <span class='ocrx_word' id='word_1_473' title='bbox 3587 2641 3756 2712; x_wconf 83' lang='lat' dir='ltr'><strong>hujus</strong></span> 
     </span>
    </p>
   </div>
   <div class='ocr_carea' id='block_1_72' title="bbox 2172 2723 3753 2803">
    <p class='ocr_par' dir='ltr' id='par_1_72' title="bbox 2172 2723 3753 2803">
     <span class='ocr_line' id='line_1_72' title="bbox 2172 2723 3753 2803; baseline 0.012 -31"><span class='ocrx_word' id='word_1_474' title='bbox 2172 2723 2419 2790; x_wconf 90' lang='lat' dir='ltr'><strong>opusculi</strong></span> <span class='ocrx_word' id='word_1_475' title='bbox 2468 2725 2777 2779; x_wconf 89' lang='lat' dir='ltr'><strong>testimonio</strong></span> <span class='ocrx_word' id='word_1_476' title='bbox 2839 2726 3096 2792; x_wconf 87' lang='lat' dir='ltr'><strong>innixus,</strong></span> <span class='ocrx_word' id='word_1_477' title='bbox 3149 2727 3382 2784; x_wconf 86' lang='lat' dir='ltr'><strong>Arabem</strong></span> <span class='ocrx_word' id='word_1_478' title='bbox 3433 2733 3753 2803; x_wconf 86' lang='lat' dir='ltr'><strong>episcopum</strong></span> 
     </span>
    </p>
   </div>
   <div class='ocr_carea' id='block_1_73' title="bbox 2170 2811 3749 2895">
    <p class='ocr_par' dir='ltr' id='par_1_73' title="bbox 2170 2811 3749 2895">
     <span class='ocr_line' id='line_1_73' title="bbox 2170 2811 3749 2895; baseline 0.011 -29"><span class='ocrx_word' id='word_1_479' title='bbox 2170 2811 2341 2868; x_wconf 85' lang='lat' dir='ltr'><strong>fuisse</strong></span> <span class='ocrx_word' id='word_1_480' title='bbox 2390 2815 2629 2884; x_wconf 90' lang='lat' dir='ltr'><strong>conjicit.</strong></span> <span class='ocrx_word' id='word_1_481' title='bbox 2680 2815 2755 2870; x_wconf 85' lang='lat' dir='ltr'><strong>Eu</strong></span> <span class='ocrx_word' id='word_1_482' title='bbox 2789 2817 3076 2888; x_wconf 85' lang='lat' dir='ltr'><strong>ipsiusmet</strong></span> <span class='ocrx_word' id='word_1_483' title='bbox 3123 2823 3332 2892; x_wconf 88' lang='lat' dir='ltr'><strong>antiqui</strong></span> <span class='ocrx_word' id='word_1_484' title='bbox 3365 2826 3649 2895; x_wconf 88' lang='lat' dir='ltr'><strong>scriptoris</strong></span> <span class='ocrx_word' id='word_1_485' title='bbox 3694 2829 3749 2884; x_wconf 87' lang='lat' dir='ltr'><strong>in</strong></span> 
     </span>
    </p>
   </div>
   <div class='ocr_carea' id='block_1_74' title="bbox 2169 2905 3754 2990">
    <p class='ocr_par' dir='ltr' id='par_1_74' title="bbox 2169 2905 3754 2990">
     <span class='ocr_line' id='line_1_74' title="bbox 2169 2905 3754 2990; baseline 0.012 -32"><span class='ocrx_word' id='word_1_486' title='bbox 2169 2905 2394 2975; x_wconf 65' lang='lat' dir='ltr'><strong>praefato</strong></span> <span class='ocrx_word' id='word_1_487' title='bbox 2419 2909 2683 2977; x_wconf 91' lang='lat' dir='ltr'><strong>opusculo</strong></span> <span class='ocrx_word' id='word_1_488' title='bbox 2724 2913 2919 2966; x_wconf 85' lang='lat' dir='ltr'><strong>verba:</strong></span> <span class='ocrx_word' id='word_1_489' title='bbox 2963 2932 2981 2965; x_wconf 77' lang='grc' dir='ltr'>ι</span> <span class='ocrx_word' id='word_1_490' title='bbox 3021 2912 3077 2968; x_wconf 90' lang='lat' dir='ltr'><strong>S.</strong></span> <span class='ocrx_word' id='word_1_491' title='bbox 3123 2913 3390 2988; x_wconf 79' lang='lat' dir='ltr'><strong>Hippolyti</strong></span> <span class='ocrx_word' id='word_1_492' title='bbox 3422 2922 3665 2990; x_wconf 88' lang='lat' dir='ltr'><strong>episcopi</strong></span> <span class='ocrx_word' id='word_1_493' title='bbox 3697 2932 3754 2977; x_wconf 89' lang='lat' dir='ltr'><strong>et</strong></span> 
     </span>
    </p>
   </div>
   <div class='ocr_carea' id='block_1_75' title="bbox 2168 3000 3744 3074">
    <p class='ocr_par' dir='ltr' id='par_1_75' title="bbox 2168 3000 3744 3074">
     <span class='ocr_line' id='line_1_75' title="bbox 2168 3000 3744 3074; baseline 0.01 -23"><span class='ocrx_word' id='word_1_494' title='bbox 2168 3000 2424 3070; x_wconf 87' lang='lat' dir='ltr'><strong>martyris</strong></span> <span class='ocrx_word' id='word_1_495' title='bbox 2451 3001 2687 3055; x_wconf 87' lang='lat' dir='ltr'><strong>Arabum</strong></span> <span class='ocrx_word' id='word_1_496' title='bbox 2716 3006 3032 3074; x_wconf 90' lang='lat' dir='ltr'><strong>metropolis</strong></span> <span class='ocrx_word' id='word_1_497' title='bbox 3054 3007 3107 3060; x_wconf 91' lang='lat' dir='ltr'><strong>in</strong></span> <span class='ocrx_word' id='word_1_498' title='bbox 3136 3007 3390 3063; x_wconf 76' lang='lat' dir='ltr'><strong>Memoria</strong></span> <span class='ocrx_word' id='word_1_499' title='bbox 3410 3013 3691 3068; x_wconf 71' lang='lat' dir='ltr'><strong>lateremus.</strong></span> <span class='ocrx_word' id='word_1_500' title='bbox 3725 3034 3744 3066; x_wconf 76' lang='grc' dir='ltr'><strong><em>ι</em></strong></span> 
     </span>
    </p>
   </div>
   <div class='ocr_carea' id='block_1_76' title="bbox 2169 3088 3750 3172">
    <p class='ocr_par' dir='ltr' id='par_1_76' title="bbox 2169 3088 3750 3172">
     <span class='ocr_line' id='line_1_76' title="bbox 2169 3088 3750 3172; baseline 0.012 -29"><span class='ocrx_word' id='word_1_501' title='bbox 2169 3088 2472 3161; x_wconf 85' lang='lat' dir='ltr'><strong>Perpendat</strong></span> <span class='ocrx_word' id='word_1_502' title='bbox 2505 3093 2668 3163; x_wconf 89' lang='lat' dir='ltr'><strong>igitur</strong></span> <span class='ocrx_word' id='word_1_503' title='bbox 2716 3095 2885 3150; x_wconf 88' lang='lat' dir='ltr'><strong>lector</strong></span> <span class='ocrx_word' id='word_1_504' title='bbox 2929 3114 3058 3152; x_wconf 89' lang='lat' dir='ltr'><strong>num</strong></span> <span class='ocrx_word' id='word_1_505' title='bbox 3096 3100 3197 3155; x_wconf 87' lang='lat' dir='ltr'><strong>huc</strong></span> <span class='ocrx_word' id='word_1_506' title='bbox 3244 3103 3613 3160; x_wconf 89' lang='lat' dir='ltr'><strong>testimonium</strong></span> <span class='ocrx_word' id='word_1_507' title='bbox 3639 3149 3656 3172; x_wconf 94' lang='lat'><strong>,</strong></span> <span class='ocrx_word' id='word_1_508' title='bbox 3694 3107 3750 3162; x_wconf 89' lang='lat' dir='ltr'><strong>in</strong></span> 
     </span>
    </p>
   </div>
   <div class='ocr_carea' id='block_1_77' title="bbox 2167 3185 3752 3265">
    <p class='ocr_par' dir='ltr' id='par_1_77' title="bbox 2167 3185 3752 3265">
     <span class='ocr_line' id='line_1_77' title="bbox 2167 3185 3752 3265; baseline 0.012 -29"><span class='ocrx_word' id='word_1_509' title='bbox 2167 3199 2298 3252; x_wconf 93' lang='lat' dir='ltr'><strong>quo,</strong></span> <span class='ocrx_word' id='word_1_510' title='bbox 2329 3193 2385 3237; x_wconf 89' lang='lat' dir='ltr'><strong>ut</strong></span> <span class='ocrx_word' id='word_1_511' title='bbox 2414 3196 2558 3240; x_wconf 86' lang='lat' dir='ltr'><strong>recte</strong></span> <span class='ocrx_word' id='word_1_512' title='bbox 2579 3185 2955 3244; x_wconf 88' lang='lat' dir='ltr'><strong>Tillemoutius</strong></span> <span class='ocrx_word' id='word_1_513' title='bbox 2983 3191 3093 3261; x_wconf 73' lang='grc'><strong>(46)</strong></span> <span class='ocrx_word' id='word_1_514' title='bbox 3121 3196 3351 3260; x_wconf 90' lang='lat' dir='ltr'><strong>monuit,</strong></span> <span class='ocrx_word' id='word_1_515' title='bbox 3380 3202 3752 3265; x_wconf 59' lang='lat' dir='ltr'><strong>grammatica</strong></span> 
     </span>
    </p>
   </div>
   <div class='ocr_carea' id='block_1_78' title="bbox 2164 3276 3745 3361">
    <p class='ocr_par' dir='ltr' id='par_1_78' title="bbox 2164 3276 3745 3361">
     <span class='ocr_line' id='line_1_78' title="bbox 2164 3276 3745 3361; baseline 0.012 -31"><span class='ocrx_word' id='word_1_516' title='bbox 2164 3276 2306 3346; x_wconf 75' lang='lat' dir='ltr'><strong>leges</strong></span> <span class='ocrx_word' id='word_1_517' title='bbox 2356 3279 2774 3349; x_wconf 90' lang='lat' dir='ltr'><strong>desiderantur,</strong></span> <span class='ocrx_word' id='word_1_518' title='bbox 2844 3292 2924 3338; x_wconf 91' lang='lat' dir='ltr'><strong>tot</strong></span> <span class='ocrx_word' id='word_1_519' title='bbox 2991 3285 3367 3346; x_wconf 89' lang='lat' dir='ltr'><strong>disertissimis</strong></span> <span class='ocrx_word' id='word_1_520' title='bbox 3417 3290 3745 3361; x_wconf 89' lang='lat' dir='ltr'><strong>Prudentii,</strong></span> 
     </span>
    </p>
   </div>
   <div class='ocr_carea' id='block_1_79' title="bbox 2163 3371 3748 3448">
    <p class='ocr_par' dir='ltr' id='par_1_79' title="bbox 2163 3371 3748 3448">
     <span class='ocr_line' id='line_1_79' title="bbox 2163 3371 3748 3448; baseline 0.012 -24"><span class='ocrx_word' id='word_1_521' title='bbox 2163 3371 2405 3438; x_wconf 87' lang='lat' dir='ltr'><strong>Leontii,</strong></span> <span class='ocrx_word' id='word_1_522' title='bbox 2449 3372 2759 3437; x_wconf 82' lang='lat' dir='ltr'><strong>Anastasii,</strong></span> <span class='ocrx_word' id='word_1_523' title='bbox 2802 3377 3142 3448; x_wconf 86' lang='lat' dir='ltr'><strong>aliorumque</strong></span> <span class='ocrx_word' id='word_1_524' title='bbox 3177 3383 3504 3439; x_wconf 86' lang='lat' dir='ltr'><strong>testimoniis</strong></span> <span class='ocrx_word' id='word_1_525' title='bbox 3537 3386 3748 3443; x_wconf 82' lang='lat' dir='ltr'><strong>antefe-</strong></span> 
     </span>
    </p>
   </div>
   <div class='ocr_carea' id='block_1_80' title="bbox 2161 3464 3746 3543">
    <p class='ocr_par' dir='ltr' id='par_1_80' title="bbox 2161 3464 3746 3543">
     <span class='ocr_line' id='line_1_80' title="bbox 2161 3464 3746 3543; baseline 0.013 -28"><span class='ocrx_word' id='word_1_526' title='bbox 2161 3464 2387 3518; x_wconf 88' lang='lat' dir='ltr'><strong>rendum</strong></span> <span class='ocrx_word' id='word_1_527' title='bbox 2421 3466 2511 3530; x_wconf 90' lang='lat' dir='ltr'><strong>sit,</strong></span> <span class='ocrx_word' id='word_1_528' title='bbox 2541 3468 2632 3536; x_wconf 89' lang='lat' dir='ltr'><strong>qui</strong></span> <span class='ocrx_word' id='word_1_529' title='bbox 2665 3483 2760 3536; x_wconf 90' lang='lat' dir='ltr'><strong>per</strong></span> <span class='ocrx_word' id='word_1_530' title='bbox 2804 3469 2951 3524; x_wconf 89' lang='lat' dir='ltr'><strong>mille</strong></span> <span class='ocrx_word' id='word_1_531' title='bbox 2984 3479 3036 3525; x_wconf 92' lang='lat' dir='ltr'><strong>et</strong></span> <span class='ocrx_word' id='word_1_532' title='bbox 3075 3473 3398 3543; x_wconf 88' lang='lat' dir='ltr'><strong>quingentos</strong></span> <span class='ocrx_word' id='word_1_533' title='bbox 3429 3476 3541 3532; x_wconf 88' lang='lat' dir='ltr'><strong>fere</strong></span> <span class='ocrx_word' id='word_1_534' title='bbox 3569 3494 3746 3536; x_wconf 86' lang='lat' dir='ltr'><strong>annos</strong></span> 
     </span>
    </p>
   </div>
   <div class='ocr_carea' id='block_1_81' title="bbox 2162 3552 3746 3643">
    <p class='ocr_par' dir='ltr' id='par_1_81' title="bbox 2162 3552 3746 3643">
     <span class='ocr_line' id='line_1_81' title="bbox 2162 3552 3746 3643; baseline 0.013 -35"><span class='ocrx_word' id='word_1_535' title='bbox 2162 3552 2220 3609; x_wconf 91' lang='lat' dir='ltr'><strong>S.</strong></span> <span class='ocrx_word' id='word_1_536' title='bbox 2259 3554 2603 3629; x_wconf 86' lang='lat' dir='ltr'><strong>Hippolytum</strong></span> <span class='ocrx_word' id='word_1_537' title='bbox 2637 3558 2942 3616; x_wconf 84' lang='lat' dir='ltr'><strong>Romanum</strong></span> <span class='ocrx_word' id='word_1_538' title='bbox 2983 3565 3066 3618; x_wconf 87' lang='lat' dir='ltr'><strong>vel</strong></span> <span class='ocrx_word' id='word_1_539' title='bbox 3110 3565 3307 3622; x_wconf 86' lang='lat' dir='ltr'><strong>Portus</strong></span> <span class='ocrx_word' id='word_1_540' title='bbox 3349 3567 3585 3625; x_wconf 82' lang='lat' dir='ltr'><strong>Romani</strong></span> <span class='ocrx_word' id='word_1_541' title='bbox 3624 3575 3746 3643; x_wconf 88' lang='lat' dir='ltr'><strong>epi-</strong></span> 
     </span>
    </p>
   </div>
   <div class='ocr_carea' id='block_1_82' title="bbox 2159 3649 3746 3726">
    <p class='ocr_par' dir='ltr' id='par_1_82' title="bbox 2159 3649 3746 3726">
     <span class='ocr_line' id='line_1_82' title="bbox 2159 3649 3746 3726; baseline 0.013 -27"><span class='ocrx_word' id='word_1_542' title='bbox 2159 3660 2384 3716; x_wconf 90' lang='lat' dir='ltr'><strong>scopum</strong></span> <span class='ocrx_word' id='word_1_543' title='bbox 2412 3649 2582 3704; x_wconf 89' lang='lat' dir='ltr'><strong>fuisse</strong></span> <span class='ocrx_word' id='word_1_544' title='bbox 2621 3653 3064 3710; x_wconf 89' lang='lat' dir='ltr'><strong>constantissime</strong></span> <span class='ocrx_word' id='word_1_545' title='bbox 3110 3658 3472 3726; x_wconf 87' lang='lat' dir='ltr'><strong>tradiderunt,</strong></span> <span class='ocrx_word' id='word_1_546' title='bbox 3517 3677 3746 3720; x_wconf 83' lang='lat' dir='ltr'><strong>omnes-</strong></span> 
     </span>
    </p>
   </div>
   <div class='ocr_carea' id='block_1_83' title="bbox 2159 3741 3743 3819">
    <p class='ocr_par' dir='ltr' id='par_1_83' title="bbox 2159 3741 3743 3819">
     <span class='ocr_line' id='line_1_83' title="bbox 2159 3741 3743 3819; baseline 0.015 -27"><span class='ocrx_word' id='word_1_547' title='bbox 2159 3756 2267 3810; x_wconf 90' lang='lat' dir='ltr'><strong>que</strong></span> <span class='ocrx_word' id='word_1_548' title='bbox 2296 3741 2396 3796; x_wconf 91' lang='lat' dir='ltr'><strong>hos</strong></span> <span class='ocrx_word' id='word_1_549' title='bbox 2423 3742 2771 3800; x_wconf 91' lang='lat' dir='ltr'><strong>doctissimos</strong></span> <span class='ocrx_word' id='word_1_550' title='bbox 2802 3747 2946 3802; x_wconf 86' lang='lat' dir='ltr'><strong>viros</strong></span> <span class='ocrx_word' id='word_1_551' title='bbox 2980 3751 3205 3819; x_wconf 89' lang='lat' dir='ltr'><strong>turpiter</strong></span> <span class='ocrx_word' id='word_1_552' title='bbox 3255 3753 3621 3813; x_wconf 87' lang='lat' dir='ltr'><strong>hallucinatos</strong></span> <span class='ocrx_word' id='word_1_553' title='bbox 3671 3761 3743 3816; x_wconf 91' lang='lat' dir='ltr'><strong>sit</strong></span> 
     </span>
    </p>
   </div>
   <div class='ocr_carea' id='block_1_84' title="bbox 2157 3833 3742 3907">
    <p class='ocr_par' dir='ltr' id='par_1_84' title="bbox 2157 3833 3742 3907">
     <span class='ocr_line' id='line_1_84' title="bbox 2157 3833 3742 3907; baseline 0.013 -21"><span class='ocrx_word' id='word_1_554' title='bbox 2157 3833 2521 3901; x_wconf 88' lang='lat' dir='ltr'><strong>credendum,</strong></span> <span class='ocrx_word' id='word_1_555' title='bbox 2577 3846 2632 3891; x_wconf 89' lang='lat' dir='ltr'><strong>et</strong></span> <span class='ocrx_word' id='word_1_556' title='bbox 2684 3839 2860 3895; x_wconf 90' lang='lat' dir='ltr'><strong>solum</strong></span> <span class='ocrx_word' id='word_1_557' title='bbox 2913 3851 3188 3898; x_wconf 91' lang='lat' dir='ltr'><strong>auctorem</strong></span> <span class='ocrx_word' id='word_1_558' title='bbox 3242 3848 3401 3902; x_wconf 89' lang='lat' dir='ltr'><strong>toties</strong></span> <span class='ocrx_word' id='word_1_559' title='bbox 3449 3853 3742 3907; x_wconf 87' lang='lat' dir='ltr'><strong>memorati</strong></span> 
     </span>
    </p>
   </div>
   <div class='ocr_carea' id='block_1_85' title="bbox 2157 3924 3738 4000">
    <p class='ocr_par' dir='ltr' id='par_1_85' title="bbox 2157 3924 3738 4000">
     <span class='ocr_line' id='line_1_85' title="bbox 2157 3924 3738 4000; baseline 0.013 -22"><span class='ocrx_word' id='word_1_560' title='bbox 2157 3924 2323 3980; x_wconf 85' lang='lat' dir='ltr'><strong>libelli</strong></span> <span class='ocrx_word' id='word_1_561' title='bbox 2371 3929 2625 3984; x_wconf 89' lang='lat' dir='ltr'><strong>omnibus</strong></span> <span class='ocrx_word' id='word_1_562' title='bbox 2666 3931 2815 3986; x_wconf 87' lang='lat' dir='ltr'><strong>hisce</strong></span> <span class='ocrx_word' id='word_1_563' title='bbox 2861 3932 3156 3990; x_wconf 88' lang='lat' dir='ltr'><strong>beatiorem</strong></span> <span class='ocrx_word' id='word_1_564' title='bbox 3213 3947 3267 3992; x_wconf 91' lang='lat' dir='ltr'><strong>et</strong></span> <span class='ocrx_word' id='word_1_565' title='bbox 3320 3938 3738 4000; x_wconf 81' lang='lat' dir='ltr'><strong>fortunatiorem</strong></span> 
     </span>
    </p>
   </div>
   <div class='ocr_carea' id='block_1_86' title="bbox 2155 4018 3736 4091">
    <p class='ocr_par' dir='ltr' id='par_1_86' title="bbox 2155 4018 3736 4091">
     <span class='ocr_line' id='line_1_86' title="bbox 2155 4018 3736 4091; baseline 0.014 -22"><span class='ocrx_word' id='word_1_566' title='bbox 2155 4018 2450 4082; x_wconf 88' lang='lat' dir='ltr'><strong>exstitisse,</strong></span> <span class='ocrx_word' id='word_1_567' title='bbox 2505 4031 2686 4090; x_wconf 89' lang='lat' dir='ltr'><strong>utpote</strong></span> <span class='ocrx_word' id='word_1_568' title='bbox 2736 4023 2824 4078; x_wconf 89' lang='lat' dir='ltr'><strong>cui</strong></span> <span class='ocrx_word' id='word_1_569' title='bbox 2874 4025 2975 4080; x_wconf 90' lang='lat' dir='ltr'><strong>soli</strong></span> <span class='ocrx_word' id='word_1_570' title='bbox 3024 4027 3207 4083; x_wconf 88' lang='lat' dir='ltr'><strong>datum</strong></span> <span class='ocrx_word' id='word_1_571' title='bbox 3251 4031 3413 4086; x_wconf 77' lang='lat' dir='ltr'><strong>fuerit</strong></span> <span class='ocrx_word' id='word_1_572' title='bbox 3454 4050 3640 4090; x_wconf 87' lang='lat' dir='ltr'><strong>veram</strong></span> <span class='ocrx_word' id='word_1_573' title='bbox 3676 4036 3736 4091; x_wconf 92' lang='lat' dir='ltr'><strong>S.</strong></span> 
     </span>
    </p>
   </div>
   <div class='ocr_carea' id='block_1_87' title="bbox 2155 4105 3737 4188">
    <p class='ocr_par' dir='ltr' id='par_1_87' title="bbox 2155 4105 3737 4188">
     <span class='ocr_line' id='line_1_87' title="bbox 2155 4105 3737 4188; baseline 0.015 -27"><span class='ocrx_word' id='word_1_574' title='bbox 2155 4105 2426 4182; x_wconf 82' lang='lat' dir='ltr'><strong>Hippolyti</strong></span> <span class='ocrx_word' id='word_1_575' title='bbox 2455 4112 2636 4168; x_wconf 91' lang='lat' dir='ltr'><strong>sedem</strong></span> <span class='ocrx_word' id='word_1_576' title='bbox 2672 4115 2793 4171; x_wconf 89' lang='lat' dir='ltr'><strong>aliis</strong></span> <span class='ocrx_word' id='word_1_577' title='bbox 2828 4117 3070 4188; x_wconf 87' lang='lat' dir='ltr'><strong>ignotam</strong></span> <span class='ocrx_word' id='word_1_578' title='bbox 3105 4123 3366 4179; x_wconf 86' lang='lat' dir='ltr'><strong>nancisci.</strong></span> <span class='ocrx_word' id='word_1_579' title='bbox 3399 4123 3502 4179; x_wconf 86' lang='lat' dir='ltr'><strong>Sed</strong></span> <span class='ocrx_word' id='word_1_580' title='bbox 3537 4144 3566 4182; x_wconf 93' lang='lat' dir='ltr'><strong>a</strong></span> <span class='ocrx_word' id='word_1_581' title='bbox 3604 4129 3737 4184; x_wconf 88' lang='lat' dir='ltr'><strong>viris</strong></span> 
     </span>
    </p>
   </div>
   <div class='ocr_carea' id='block_1_88' title="bbox 2154 4202 3734 4287">
    <p class='ocr_par' dir='ltr' id='par_1_88' title="bbox 2154 4202 3734 4287">
     <span class='ocr_line' id='line_1_88' title="bbox 2154 4202 3734 4287; baseline 0.016 -34"><span class='ocrx_word' id='word_1_582' title='bbox 2154 4202 2382 4257; x_wconf 89' lang='lat' dir='ltr'><strong>eruditis</strong></span> <span class='ocrx_word' id='word_1_583' title='bbox 2417 4204 2532 4273; x_wconf 90' lang='lat' dir='ltr'><strong>qui,</strong></span> <span class='ocrx_word' id='word_1_584' title='bbox 2573 4207 2830 4277; x_wconf 89' lang='lat' dir='ltr'><strong>neglectis</strong></span> <span class='ocrx_word' id='word_1_585' title='bbox 2877 4219 2954 4265; x_wconf 89' lang='lat' dir='ltr'><strong>tot</strong></span> <span class='ocrx_word' id='word_1_586' title='bbox 2999 4213 3347 4283; x_wconf 86' lang='lat' dir='ltr'><strong>antiquorum</strong></span> <span class='ocrx_word' id='word_1_587' title='bbox 3378 4220 3734 4287; x_wconf 85' lang='lat' dir='ltr'><strong>testimoniis,</strong></span> 
     </span>
    </p>
   </div>
   <div class='ocr_carea' id='block_1_89' title="bbox 2153 4291 3735 4383">
    <p class='ocr_par' dir='ltr' id='par_1_89' title="bbox 2153 4291 3735 4383">
     <span class='ocr_line' id='line_1_89' title="bbox 2153 4291 3735 4383; baseline 0.017 -38"><span class='ocrx_word' id='word_1_588' title='bbox 2153 4291 2282 4348; x_wconf 90' lang='lat' dir='ltr'><strong>huic</strong></span> <span class='ocrx_word' id='word_1_589' title='bbox 2334 4297 2598 4364; x_wconf 90' lang='lat' dir='ltr'><strong>opusculo</strong></span> <span class='ocrx_word' id='word_1_590' title='bbox 2650 4300 2911 4372; x_wconf 89' lang='lat' dir='ltr'><strong>integram</strong></span> <span class='ocrx_word' id='word_1_591' title='bbox 2958 4304 3115 4359; x_wconf 85' lang='lat' dir='ltr'><strong>tidem</strong></span> <span class='ocrx_word' id='word_1_592' title='bbox 3163 4310 3440 4377; x_wconf 84' lang='lat' dir='ltr'><strong>praebent,</strong></span> <span class='ocrx_word' id='word_1_593' title='bbox 3496 4315 3735 4383; x_wconf 82' lang='lat' dir='ltr'><strong>petimus</strong></span> 
     </span>
    </p>
   </div>
   <div class='ocr_carea' id='block_1_90' title="bbox 2152 4385 3735 4476">
    <p class='ocr_par' dir='ltr' id='par_1_90' title="bbox 2152 4385 3735 4476">
     <span class='ocr_line' id='line_1_90' title="bbox 2152 4385 3735 4476; baseline 0.016 -40"><span class='ocrx_word' id='word_1_594' title='bbox 2152 4385 2410 4454; x_wconf 86' lang='lat' dir='ltr'><strong>quidnam</strong></span> <span class='ocrx_word' id='word_1_595' title='bbox 2441 4389 2544 4444; x_wconf 89' lang='lat' dir='ltr'><strong>sibi</strong></span> <span class='ocrx_word' id='word_1_596' title='bbox 2573 4391 2703 4446; x_wconf 88' lang='lat' dir='ltr'><strong>velit</strong></span> <span class='ocrx_word' id='word_1_597' title='bbox 2729 4392 2843 4448; x_wconf 70' lang='lat' dir='ltr'><strong>haec</strong></span> <span class='ocrx_word' id='word_1_598' title='bbox 2875 4394 3086 4450; x_wconf 90' lang='lat' dir='ltr'><strong>dicendi</strong></span> <span class='ocrx_word' id='word_1_599' title='bbox 3115 4399 3284 4455; x_wconf 91' lang='lat' dir='ltr'><strong>ratio:</strong></span> <span class='ocrx_word' id='word_1_600' title='bbox 3333 4421 3352 4453; x_wconf 71' lang='grc' dir='ltr'>ι</span> <span class='ocrx_word' id='word_1_601' title='bbox 3388 4402 3642 4476; x_wconf 87' lang='lat' dir='ltr'><strong>Episcopi</strong></span> <span class='ocrx_word' id='word_1_602' title='bbox 3678 4417 3735 4462; x_wconf 91' lang='lat' dir='ltr'><strong>et</strong></span> 
     </span>
    </p>
   </div>
   <div class='ocr_carea' id='block_1_91' title="bbox 469 4477 2065 4570">
    <p class='ocr_par' dir='ltr' id='par_1_91' title="bbox 469 4477 2047 4559">
     <span class='ocr_line' id='line_1_91' title="bbox 469 4477 2047 4559; baseline 0.015 -30"><span class='ocrx_word' id='word_1_603' title='bbox 469 4477 797 4545; x_wconf 90' lang='lat' dir='ltr'><strong>concilium,</strong></span> <span class='ocrx_word' id='word_1_604' title='bbox 829 4481 899 4534; x_wconf 90' lang='lat' dir='ltr'><strong>ab</strong></span> <span class='ocrx_word' id='word_1_605' title='bbox 932 4482 1185 4550; x_wconf 91' lang='lat' dir='ltr'><strong>imperito</strong></span> <span class='ocrx_word' id='word_1_606' title='bbox 1235 4487 1504 4544; x_wconf 88' lang='lat' dir='ltr'><strong>nebulone</strong></span> <span class='ocrx_word' id='word_1_607' title='bbox 1532 4492 1956 4559; x_wconf 88' lang='lat' dir='ltr'><strong>concinnatum;</strong></span> <span class='ocrx_word' id='word_1_608' title='bbox 1993 4507 2047 4552; x_wconf 88' lang='lat' dir='ltr'><strong>et</strong></span> 
     </span>
    </p>
   </div>
   <div class='ocr_carea' id='block_1_92' title="bbox 2170 4477 3731 4570">
    <p class='ocr_par' dir='ltr' id='par_1_92' title="bbox 2173 4481 3731 4570">
     <span class='ocr_line' id='line_1_92' title="bbox 2173 4481 3731 4570; baseline 0.017 -42"><span class='ocrx_word' id='word_1_609' title='bbox 2173 4481 2410 4550; x_wconf 88' lang='lat' dir='ltr'><strong>nartyris</strong></span> <span class='ocrx_word' id='word_1_610' title='bbox 2451 4481 2692 4539; x_wconf 85' lang='lat' dir='ltr'><strong>Arabum</strong></span> <span class='ocrx_word' id='word_1_611' title='bbox 2725 4489 3057 4557; x_wconf 90' lang='lat' dir='ltr'><strong>metropolis.</strong></span> <span class='ocrx_word' id='word_1_612' title='bbox 3105 4511 3123 4542; x_wconf 82' lang='grc'>›</span> <span class='ocrx_word' id='word_1_613' title='bbox 3175 4491 3378 4549; x_wconf 79' lang='lat' dir='ltr'><strong>Forsan</strong></span> <span class='ocrx_word' id='word_1_614' title='bbox 3411 4499 3554 4565; x_wconf 90' lang='lat' dir='ltr'><strong>quod</strong></span> <span class='ocrx_word' id='word_1_615' title='bbox 3594 4499 3731 4570; x_wconf 82' lang='lat' dir='ltr'><strong>Hip-</strong></span> 
     </span>
    </p>
   </div>
   <div class='ocr_carea' id='block_1_93' title="bbox 469 4573 2045 4642">
    <p class='ocr_par' dir='ltr' id='par_1_93' title="bbox 469 4573 2045 4642">
     <span class='ocr_line' id='line_1_93' title="bbox 469 4573 2045 4642; baseline 0.014 -21"><span class='ocrx_word' id='word_1_616' title='bbox 469 4573 794 4636; x_wconf 90' lang='lat' dir='ltr'><strong>opusculum</strong></span> <span class='ocrx_word' id='word_1_617' title='bbox 831 4573 904 4626; x_wconf 85' lang='lat' dir='ltr'><strong>De</strong></span> <span class='ocrx_word' id='word_1_618' title='bbox 932 4575 1138 4630; x_wconf 81' lang='lat' dir='ltr'><strong>duabus</strong></span> <span class='ocrx_word' id='word_1_619' title='bbox 1174 4581 1384 4633; x_wconf 82' lang='lat' dir='ltr'><strong>naturis</strong></span> <span class='ocrx_word' id='word_1_620' title='bbox 1417 4582 1558 4636; x_wconf 89' lang='lat' dir='ltr'><strong>inter</strong></span> <span class='ocrx_word' id='word_1_621' title='bbox 1587 4583 1810 4639; x_wconf 86' lang='lat' dir='ltr'><strong>indubia</strong></span> <span class='ocrx_word' id='word_1_622' title='bbox 1847 4586 1903 4640; x_wconf 90' lang='lat' dir='ltr'><strong>S.</strong></span> <span class='ocrx_word' id='word_1_623' title='bbox 1942 4586 2045 4642; x_wconf 61' lang='lat' dir='ltr'><strong>Geo</strong></span> 
     </span>
    </p>
   </div>
   <div class='ocr_carea' id='block_1_94' title="bbox 469 4655 2043 4746">
    <p class='ocr_par' dir='ltr' id='par_1_94' title="bbox 469 4655 2043 4746">
     <span class='ocr_line' id='line_1_94' title="bbox 469 4655 2043 4746; baseline 0.013 -33"><span class='ocrx_word' id='word_1_624' title='bbox 469 4655 593 4714; x_wconf 83' lang='lat' dir='ltr'><strong>Iasii</strong></span> <span class='ocrx_word' id='word_1_625' title='bbox 637 4677 790 4732; x_wconf 68' lang='lat' dir='ltr'><strong>papa:</strong></span> <span class='ocrx_word' id='word_1_626' title='bbox 838 4681 1002 4735; x_wconf 88' lang='lat' dir='ltr'><strong>opera</strong></span> <span class='ocrx_word' id='word_1_627' title='bbox 1052 4684 1397 4741; x_wconf 88' lang='lat' dir='ltr'><strong>nequaquam</strong></span> <span class='ocrx_word' id='word_1_628' title='bbox 1443 4689 1564 4729; x_wconf 87' lang='lat' dir='ltr'><strong>esse</strong></span> <span class='ocrx_word' id='word_1_629' title='bbox 1610 4678 2043 4746; x_wconf 86' lang='lat' dir='ltr'><strong>numerandum,</strong></span> 
     </span>
    </p>
   </div>
   <div class='ocr_carea' id='block_1_95' title="bbox 469 4886 2039 4960">
    <p class='ocr_par' dir='ltr' id='par_1_95' title="bbox 469 4886 2039 4960">
     <span class='ocr_line' id='line_1_95' title="bbox 469 4886 2039 4960; baseline 0.01 -19"><span class='ocrx_word' id='word_1_630' title='bbox 469 4886 715 4960; x_wconf 73' lang='lat' dir='ltr'><strong>modis.</strong></span> <span class='ocrx_word' id='word_1_631' title='bbox 757 4888 972 4944; x_wconf 86' lang='lat' dir='ltr'><strong>Gelasio</strong></span> <span class='ocrx_word' id='word_1_632' title='bbox 1006 4906 1157 4960; x_wconf 71' lang='lat' dir='ltr'><strong>papae</strong></span> <span class='ocrx_word' id='word_1_633' title='bbox 1197 4893 1541 4948; x_wconf 86' lang='lat' dir='ltr'><strong>tribuendum</strong></span> <span class='ocrx_word' id='word_1_634' title='bbox 1576 4912 1697 4951; x_wconf 89' lang='lat' dir='ltr'><strong>esse</strong></span> <span class='ocrx_word' id='word_1_635' title='bbox 1745 4901 2039 4956; x_wconf 85' lang='lat' dir='ltr'><strong>contendit.</strong></span> 
     </span>
    </p>
   </div>
   <div class='ocr_carea' id='block_1_96' title="bbox 542 4957 2039 5042">
    <p class='ocr_par' dir='ltr' id='par_1_96' title="bbox 542 4957 2039 5042">
     <span class='ocr_line' id='line_1_96' title="bbox 542 4957 2039 5042; baseline 0.01 -31"><span class='ocrx_word' id='word_1_636' title='bbox 542 4957 771 5042; x_wconf 40' lang='lat' dir='ltr'><strong>(38).“.gd</strong></span> <span class='ocrx_word' id='word_1_637' title='bbox 794 4957 1021 5042; x_wconf 73' lang='lat' dir='ltr'><strong>dictum</strong></span> <span class='ocrx_word' id='word_1_638' title='bbox 1065 4957 1266 5018; x_wconf 79' lang='lat' dir='ltr'><strong>annum</strong></span> <span class='ocrx_word' id='word_1_639' title='bbox 1302 4964 1443 5029; x_wconf 72' lang='grc'>496,</span> <span class='ocrx_word' id='word_1_640' title='bbox 1481 4982 1633 5022; x_wconf 91' lang='lat' dir='ltr'><strong>num.</strong></span> <span class='ocrx_word' id='word_1_641' title='bbox 1681 4968 1749 5022; x_wconf 71' lang='lat'><strong>1‘2</strong></span> <span class='ocrx_word' id='word_1_642' title='bbox 1781 4984 1833 5024; x_wconf 88' lang='lat' dir='ltr'><strong>et</strong></span> <span class='ocrx_word' id='word_1_643' title='bbox 1862 4986 2039 5042; x_wconf 87' lang='lat' dir='ltr'><strong>seqq.,</strong></span> 
     </span>
    </p>
   </div>
   <div class='ocr_carea' id='block_1_97' title="bbox 467 5028 991 5101">
    <p class='ocr_par' dir='ltr' id='par_1_97' title="bbox 467 5028 991 5101">
     <span class='ocr_line' id='line_1_97' title="bbox 467 5028 991 5101; baseline 0.006 -18"><span class='ocrx_word' id='word_1_644' title='bbox 467 5041 591 5101; x_wconf 42' lang='lat' dir='ltr'><strong>pag:</strong></span> <span class='ocrx_word' id='word_1_645' title='bbox 605 5028 729 5101; x_wconf 29' lang='lat' dir='ltr'><strong>A59§</strong></span> <span class='ocrx_word' id='word_1_646' title='bbox 742 5039 810 5101; x_wconf 77' lang='lat' dir='ltr'><strong>et</strong></span> <span class='ocrx_word' id='word_1_647' title='bbox 839 5046 991 5101; x_wconf 86' lang='lat' dir='ltr'><strong>seqq.</strong></span> 
     </span>
    </p>
   </div>
   <div class='ocr_carea' id='block_1_98' title="bbox 561 5099 1686 5180">
    <p class='ocr_par' dir='ltr' id='par_1_98' title="bbox 561 5099 1686 5180">
     <span class='ocr_line' id='line_1_98' title="bbox 561 5099 1686 5180; baseline 0.012 -29"><span class='ocrx_word' id='word_1_648' title='bbox 683 5099 854 5180; x_wconf 67' lang='lat' dir='ltr'><strong>Citat.</strong></span> <span class='ocrx_word' id='word_1_649' title='bbox 882 5099 1016 5156; x_wconf 83' lang='lat' dir='ltr'><strong>tum.</strong></span> <span class='ocrx_word' id='word_1_650' title='bbox 1043 5101 1128 5180; x_wconf 71' lang='lat' dir='ltr'><strong>ill,</strong></span> <span class='ocrx_word' id='word_1_651' title='bbox 1159 5120 1283 5180; x_wconf 77' lang='lat' dir='ltr'><strong>pag.</strong></span> <span class='ocrx_word' id='word_1_652' title='bbox 1315 5106 1502 5180; x_wconf 12' lang='lat' dir='ltr'><strong>25iret</strong></span> <span class='ocrx_word' id='word_1_653' title='bbox 1532 5125 1686 5180; x_wconf 83' lang='lat' dir='ltr'><strong>seqq.</strong></span> 
     </span>
    </p>
   </div>
   <div class='ocr_carea' id='block_1_99' title="bbox 561 5168 2040 5245">
    <p class='ocr_par' dir='ltr' id='par_1_99' title="bbox 561 5168 2040 5245">
     <span class='ocr_line' id='line_1_99' title="bbox 561 5168 2040 5245; baseline 0.011 -23"><span class='ocrx_word' id='word_1_654' title='bbox 561 5168 746 5233; x_wconf 69' lang='grc' dir='ltr'><strong>40)]ὶε</strong></span> <span class='ocrx_word' id='word_1_655' title='bbox 774 5168 1361 5245; x_wconf 18' lang='grc' dir='ltr'><strong>εαεναῃμνηιίιιεῆαιῖίειη</strong></span> <span class='ocrx_word' id='word_1_656' title='bbox 1403 5179 1497 5232; x_wconf 85' lang='lat' dir='ltr'><strong>lib.</strong></span> <span class='ocrx_word' id='word_1_657' title='bbox 1529 5195 1587 5245; x_wconf 90' lang='lat' dir='ltr'><strong>ll,</strong></span> <span class='ocrx_word' id='word_1_658' title='bbox 1612 5168 1663 5234; x_wconf 61' lang='lat' dir='ltr'><strong>it:</strong></span> <span class='ocrx_word' id='word_1_659' title='bbox 1692 5179 1782 5244; x_wconf 73' lang='lat'><strong>9.7,</strong></span> <span class='ocrx_word' id='word_1_660' title='bbox 1808 5191 1938 5237; x_wconf 89' lang='lat' dir='ltr'><strong>tom.</strong></span> <span class='ocrx_word' id='word_1_661' title='bbox 1973 5181 2040 5238; x_wconf 83' lang='grc' dir='ltr'><strong>ΙΙΙ</strong></span> 
     </span>
    </p>
   </div>
   <div class='ocr_carea' id='block_1_100' title="bbox 467 5237 1794 5310">
    <p class='ocr_par' dir='ltr' id='par_1_100' title="bbox 467 5237 1794 5310">
     <span class='ocr_line' id='line_1_100' title="bbox 467 5237 1794 5310; baseline 0.008 -16"><span class='ocrx_word' id='word_1_662' title='bbox 467 5237 729 5310; x_wconf 86' lang='lat' dir='ltr'><strong>Operum.</strong></span> <span class='ocrx_word' id='word_1_663' title='bbox 772 5257 892 5310; x_wconf 90' lang='lat' dir='ltr'><strong>pag.</strong></span> <span class='ocrx_word' id='word_1_664' title='bbox 921 5242 1027 5296; x_wconf 72' lang='grc'><strong>259</strong></span> <span class='ocrx_word' id='word_1_665' title='bbox 1061 5245 1191 5300; x_wconf 86' lang='lat' dir='ltr'><strong>edit.</strong></span> <span class='ocrx_word' id='word_1_666' title='bbox 1230 5237 1445 5302; x_wconf 70' lang='lat' dir='ltr'><strong>Veneta:</strong></span> <span class='ocrx_word' id='word_1_667' title='bbox 1475 5237 1605 5306; x_wconf 81' lang='lat' dir='ltr'><strong>anu.</strong></span> <span class='ocrx_word' id='word_1_668' title='bbox 1637 5237 1794 5304; x_wconf 33' lang='lat'><strong>“‘21..</strong></span> 
     </span>
    </p>
   </div>
   <div class='ocr_carea' id='block_1_101' title="bbox 539 5310 2034 5434">
    <p class='ocr_par' dir='ltr' id='par_1_101' title="bbox 539 5310 2034 5434">
     <span class='ocr_line' id='line_1_101' title="bbox 539 5310 2034 5434; baseline 0.009 -70"><span class='ocrx_word' id='word_1_669' title='bbox 539 5310 657 5434; x_wconf 60' lang='lat'><strong>(41}</strong></span> <span class='ocrx_word' id='word_1_670' title='bbox 694 5314 749 5362; x_wconf 87' lang='lat' dir='ltr'><strong>In</strong></span> <span class='ocrx_word' id='word_1_671' title='bbox 790 5313 932 5367; x_wconf 88' lang='lat' dir='ltr'><strong>notis</strong></span> <span class='ocrx_word' id='word_1_672' title='bbox 967 5313 1034 5367; x_wconf 89' lang='lat' dir='ltr'><strong>ad</strong></span> <span class='ocrx_word' id='word_1_673' title='bbox 1079 5316 1171 5370; x_wconf 86' lang='lat' dir='ltr'><strong>lib.</strong></span> <span class='ocrx_word' id='word_1_674' title='bbox 1217 5334 1266 5371; x_wconf 85' lang='lat' dir='ltr'><strong>tv</strong></span> <span class='ocrx_word' id='word_1_675' title='bbox 1311 5319 1368 5372; x_wconf 72' lang='grc' dir='ltr'><strong>ὃ.</strong></span> <span class='ocrx_word' id='word_1_676' title='bbox 1418 5317 1644 5374; x_wconf 80' lang='lat' dir='ltr'><strong>Joannis</strong></span> <span class='ocrx_word' id='word_1_677' title='bbox 1685 5321 2034 5386; x_wconf 86' lang='lat' dir='ltr'><strong>Damasceni,</strong></span> 
     </span>
     <span class='ocr_line' id='line_1_102' title="bbox 539 5379 2034 5434; baseline 0 0"><span class='ocrx_word' id='word_1_678' title='bbox 539 5397 604 5434; x_wconf 89' lang='lat' dir='ltr'><strong>m.</strong></span> <span class='ocrx_word' id='word_1_679' title='bbox 690 5379 949 5434; x_wconf 84' lang='lat' dir='ltr'><strong>Onerum.</strong></span> <span class='ocrx_word' id='word_1_680' title='bbox 977 5399 1093 5434; x_wconf 88' lang='lat' dir='ltr'><strong>can.</strong></span> <span class='ocrx_word' id='word_1_681' title='bbox 1129 5388 1215 5434; x_wconf 72' lang='grc'><strong>15.</strong></span> <span class='ocrx_word' id='word_1_682' title='bbox 1249 5387 1320 5434; x_wconf 80' lang='lat' dir='ltr'><strong>De</strong></span> <span class='ocrx_word' id='word_1_683' title='bbox 1354 5388 1454 5434; x_wconf 66' lang='lat' dir='ltr'><strong>ﬁde</strong></span> <span class='ocrx_word' id='word_1_684' title='bbox 1487 5390 1796 5434; x_wconf 64' lang='lat' dir='ltr'><strong>nrthndnrrn,</strong></span> <span class='ocrx_word' id='word_1_685' title='bbox 1847 5411 1880 5434; x_wconf 83' lang='grc' dir='ltr'><strong><em>η</em></strong></span> <span class='ocrx_word' id='word_1_686' title='bbox 1929 5394 2034 5434; x_wconf 74' lang='lat'><strong>9&#39;70</strong></span> 
     </span>
    </p>
   </div>
   <div class='ocr_carea' id='block_1_102' title="bbox 467 5379 2036 5464">
    <p class='ocr_par' dir='ltr' id='par_1_102' title="bbox 467 5379 2036 5464">
     <span class='ocr_line' id='line_1_103' title="bbox 467 5379 2036 5464; baseline 0.011 -31"><span class='ocrx_word' id='word_1_687' title='bbox 467 5390 604 5464; x_wconf 70' lang='lat' dir='ltr'><strong>tom.</strong></span> <span class='ocrx_word' id='word_1_688' title='bbox 632 5379 949 5464; x_wconf 41' lang='lat' dir='ltr'><strong>&#39;I‘Operum,</strong></span> <span class='ocrx_word' id='word_1_689' title='bbox 977 5399 1105 5464; x_wconf 87' lang='lat' dir='ltr'><strong>cap._</strong></span> <span class='ocrx_word' id='word_1_690' title='bbox 1129 5387 1320 5464; x_wconf 74' lang='lat' dir='ltr'><strong>l_3_,_l_)e</strong></span> <span class='ocrx_word' id='word_1_691' title='bbox 1351 5388 1454 5449; x_wconf 81' lang='lat' dir='ltr'><strong>ﬁde</strong></span> <span class='ocrx_word' id='word_1_692' title='bbox 1487 5390 1801 5464; x_wconf 69' lang='lat' dir='ltr'><strong>orthodoxa,</strong></span> <span class='ocrx_word' id='word_1_693' title='bbox 1845 5411 1900 5464; x_wconf 90' lang='lat' dir='ltr'><strong>p.</strong></span> <span class='ocrx_word' id='word_1_694' title='bbox 1929 5379 2036 5450; x_wconf 66' lang='lat'><strong>276</strong></span> 
     </span>
    </p>
   </div>
   <div class='ocr_carea' id='block_1_103' title="bbox 464 5449 1553 5523">
    <p class='ocr_par' dir='ltr' id='par_1_103' title="bbox 464 5449 1553 5523">
     <span class='ocr_line' id='line_1_104' title="bbox 464 5449 1553 5523; baseline 0.007 -17"><span class='ocrx_word' id='word_1_695' title='bbox 464 5449 956 5523; x_wconf 74' lang='lat' dir='ltr'><strong>edit._Parisiensis</strong></span> <span class='ocrx_word' id='word_1_696' title='bbox 979 5449 1108 5509; x_wconf 54' lang='lat' dir='ltr'><strong>an&#39;ni</strong></span> <span class='ocrx_word' id='word_1_697' title='bbox 1144 5456 1304 5523; x_wconf 72' lang='grc'>1712,</span> <span class='ocrx_word' id='word_1_698' title='bbox 1337 5468 1466 5513; x_wconf 89' lang='lat' dir='ltr'><strong>nota</strong></span> <span class='ocrx_word' id='word_1_699' title='bbox 1500 5461 1553 5514; x_wconf 73' lang='grc'><strong>2.</strong></span> 
     </span>
    </p>
   </div>
   <div class='ocr_carea' id='block_1_104' title="bbox 539 5520 2034 5599">
    <p class='ocr_par' dir='ltr' id='par_1_104' title="bbox 539 5520 2034 5599">
     <span class='ocr_line' id='line_1_105' title="bbox 539 5520 2034 5599; baseline 0.011 -26"><span class='ocrx_word' id='word_1_700' title='bbox 539 5521 656 5599; x_wconf 63' lang='lat'><strong>(42)</strong></span> <span class='ocrx_word' id='word_1_701' title='bbox 685 5520 932 5599; x_wconf 84' lang='lat' dir='ltr'><strong>Legenda</strong></span> <span class='ocrx_word' id='word_1_702' title='bbox 959 5523 1270 5599; x_wconf 79' lang='lat' dir='ltr'><strong>dissertatio</strong></span> <span class='ocrx_word' id='word_1_703' title='bbox 1290 5520 1458 5582; x_wconf 69' lang='lat' dir='ltr'><strong>tertia</strong></span> <span class='ocrx_word' id='word_1_704' title='bbox 1482 5531 1724 5599; x_wconf 87' lang='lat' dir='ltr'><strong>ejusdem</strong></span> <span class='ocrx_word' id='word_1_705' title='bbox 1754 5531 2034 5590; x_wconf 84' lang='lat' dir='ltr'><strong>Michaelis</strong></span> 
     </span>
    </p>
   </div>
   <div class='ocr_carea' id='block_1_105' title="bbox 467 5588 2034 5675">
    <p class='ocr_par' dir='ltr' id='par_1_105' title="bbox 467 5588 2034 5675">
     <span class='ocr_line' id='line_1_106' title="bbox 467 5588 2034 5675; baseline 0.012 -33"><span class='ocrx_word' id='word_1_706' title='bbox 467 5588 705 5675; x_wconf 41' lang='lat' dir='ltr'><strong>ifeqni&#39;en</strong></span> <span class='ocrx_word' id='word_1_707' title='bbox 739 5588 806 5673; x_wconf 62' lang='lat' dir='ltr'><strong>de</strong></span> <span class='ocrx_word' id='word_1_708' title='bbox 851 5595 1078 5675; x_wconf 76' lang='lat' dir='ltr'><strong>epistola</strong></span> <span class='ocrx_word' id='word_1_709' title='bbox 1119 5597 1188 5650; x_wconf 81' lang='lat' dir='ltr'><strong>ad</strong></span> <span class='ocrx_word' id='word_1_710' title='bbox 1217 5588 1878 5675; x_wconf 61' lang='lat' dir='ltr'><strong>Cazsariunt&#39;mmtuc/tum,</strong></span> <span class='ocrx_word' id='word_1_711' title='bbox 1911 5588 2034 5675; x_wconf 60' lang='lat' dir='ltr'><strong>quin</strong></span> 
     </span>
    </p>
   </div>
   <div class='ocr_carea' id='block_1_106' title="bbox 471 5658 2033 5739">
    <p class='ocr_par' dir='ltr' id='par_1_106' title="bbox 471 5658 2033 5739">
     <span class='ocr_line' id='line_1_107' title="bbox 471 5658 2033 5739; baseline 0.014 -29"><span class='ocrx_word' id='word_1_712' title='bbox 471 5660 531 5712; x_wconf 69' lang='grc' dir='ltr'><strong>ὃ.</strong></span> <span class='ocrx_word' id='word_1_713' title='bbox 565 5658 810 5739; x_wconf 15' lang='lat' dir='ltr'><strong>fluanan</strong></span> <span class='ocrx_word' id='word_1_714' title='bbox 856 5658 1232 5735; x_wconf 76' lang='lat' dir='ltr'><strong>Chrysostomi</strong></span> <span class='ocrx_word' id='word_1_715' title='bbox 1274 5671 1493 5724; x_wconf 13' lang='lat' dir='ltr'><strong>inluniae</strong></span> <span class='ocrx_word' id='word_1_716' title='bbox 1543 5673 1798 5739; x_wconf 80' lang='lat' dir='ltr'><strong>insignita</strong></span> <span class='ocrx_word' id='word_1_717' title='bbox 1829 5658 2033 5732; x_wconf 16' lang='lat' dir='ltr'><strong>estfil—u</strong></span> 
     </span>
    </p>
   </div>
   <div class='ocr_carea' id='block_1_107' title="bbox 445 5731 2031 5821">
    <p class='ocr_par' dir='ltr' id='par_1_107' title="bbox 445 5731 2031 5821">
     <span class='ocr_line' id='line_1_108' title="bbox 445 5731 2031 5821; baseline 0.015 -41"><span class='ocrx_word' id='word_1_718' title='bbox 445 5745 577 5801; x_wconf 58' lang='lat' dir='ltr'><strong>qua</strong></span> <span class='ocrx_word' id='word_1_719' title='bbox 629 5735 686 5790; x_wconf 65' lang='grc' dir='ltr'><strong>ὃ.</strong></span> <span class='ocrx_word' id='word_1_720' title='bbox 747 5731 1011 5821; x_wconf 75' lang='lat' dir='ltr'><strong>Joannem</strong></span> <span class='ocrx_word' id='word_1_721' title='bbox 1081 5738 1526 5816; x_wconf 63' lang='lat' dir='ltr'><strong>Cln&#39;ysostonium</strong></span> <span class='ocrx_word' id='word_1_722' title='bbox 1587 5731 1747 5814; x_wconf 68' lang='lat' dir='ltr'><strong>hujus</strong></span> <span class='ocrx_word' id='word_1_723' title='bbox 1789 5747 2031 5818; x_wconf 72' lang='lat' dir='ltr'><strong>epistolae</strong></span> 
     </span>
    </p>
   </div>
   <div class='ocr_carea' id='block_1_108' title="bbox 2149 4569 3732 4650">
    <p class='ocr_par' dir='ltr' id='par_1_108' title="bbox 2149 4569 3732 4650">
     <span class='ocr_line' id='line_1_109' title="bbox 2149 4569 3732 4650; baseline 0.016 -30"><span class='ocrx_word' id='word_1_724' title='bbox 2149 4569 2328 4639; x_wconf 87' lang='lat' dir='ltr'><strong>pulyto</strong></span> <span class='ocrx_word' id='word_1_725' title='bbox 2356 4576 2670 4644; x_wconf 89' lang='lat' dir='ltr'><strong>metropolis</strong></span> <span class='ocrx_word' id='word_1_726' title='bbox 2716 4577 2930 4633; x_wconf 81' lang='lat' dir='ltr'><strong>Arabiae</strong></span> <span class='ocrx_word' id='word_1_727' title='bbox 2961 4582 3134 4650; x_wconf 81' lang='lat' dir='ltr'><strong>patria</strong></span> <span class='ocrx_word' id='word_1_728' title='bbox 3175 4583 3371 4640; x_wconf 85' lang='lat' dir='ltr'><strong>fuerit?</strong></span> <span class='ocrx_word' id='word_1_729' title='bbox 3407 4586 3463 4642; x_wconf 90' lang='lat' dir='ltr'><strong>Si</strong></span> <span class='ocrx_word' id='word_1_730' title='bbox 3501 4589 3616 4646; x_wconf 73' lang='lat' dir='ltr'><strong>hanc</strong></span> <span class='ocrx_word' id='word_1_731' title='bbox 3647 4569 3732 4645; x_wconf 82' lang='lat' dir='ltr'><strong>in-</strong></span> 
     </span>
    </p>
   </div>
   <div class='ocr_carea' id='block_1_109' title="bbox 2149 4661 3728 4750">
    <p class='ocr_par' dir='ltr' id='par_1_109' title="bbox 2149 4661 3728 4750">
     <span class='ocr_line' id='line_1_110' title="bbox 2149 4661 3728 4750; baseline 0.017 -35"><span class='ocrx_word' id='word_1_732' title='bbox 2149 4662 2339 4734; x_wconf 88' lang='lat' dir='ltr'><strong>telligit</strong></span> <span class='ocrx_word' id='word_1_733' title='bbox 2365 4661 2878 4738; x_wconf 37' lang='lat' dir='ltr'><strong>auctor,&#39;libentius</strong></span> <span class='ocrx_word' id='word_1_734' title='bbox 2907 4676 3220 4743; x_wconf 87' lang='lat' dir='ltr'><strong>credemus;</strong></span> <span class='ocrx_word' id='word_1_735' title='bbox 3261 4683 3512 4750; x_wconf 88' lang='lat' dir='ltr'><strong>quamvis</strong></span> <span class='ocrx_word' id='word_1_736' title='bbox 3543 4686 3728 4742; x_wconf 87' lang='lat' dir='ltr'><strong>nullus</strong></span> 
     </span>
    </p>
   </div>
   <div class='ocr_carea' id='block_1_110' title="bbox 2145 4914 3721 4990">
    <p class='ocr_par' dir='ltr' id='par_1_110' title="bbox 2145 4914 3721 4990">
     <span class='ocr_line' id='line_1_111' title="bbox 2145 4914 3721 4990; baseline 0.019 -34"><span class='ocrx_word' id='word_1_737' title='bbox 2145 4916 2425 4990; x_wconf 70' lang='lat' dir='ltr'><strong>auctorem</strong></span> <span class='ocrx_word' id='word_1_738' title='bbox 2458 4914 2682 4970; x_wconf 90' lang='lat' dir='ltr'><strong>minime</strong></span> <span class='ocrx_word' id='word_1_739' title='bbox 2706 4929 2832 4990; x_wconf 75' lang='lat' dir='ltr'><strong>esse</strong></span> <span class='ocrx_word' id='word_1_740' title='bbox 2860 4919 3088 4976; x_wconf 80' lang='lat' dir='ltr'><strong>miriﬁce</strong></span> <span class='ocrx_word' id='word_1_741' title='bbox 3118 4925 3385 4990; x_wconf 90' lang='lat' dir='ltr'><strong>ostendit,</strong></span> <span class='ocrx_word' id='word_1_742' title='bbox 3417 4935 3470 4981; x_wconf 91' lang='lat' dir='ltr'><strong>et</strong></span> <span class='ocrx_word' id='word_1_743' title='bbox 3498 4939 3721 4985; x_wconf 82' lang='lat' dir='ltr'><strong>senten-</strong></span> 
     </span>
    </p>
   </div>
   <div class='ocr_carea' id='block_1_111' title="bbox 2147 4980 3721 5062">
    <p class='ocr_par' dir='ltr' id='par_1_111' title="bbox 2147 4980 3721 5062">
     <span class='ocr_line' id='line_1_112' title="bbox 2147 4980 3721 5062; baseline 0.018 -33"><span class='ocrx_word' id='word_1_744' title='bbox 2147 4980 2262 5062; x_wconf 63' lang='lat' dir='ltr'><strong>tias</strong></span> <span class='ocrx_word' id='word_1_745' title='bbox 2303 4980 2367 5061; x_wconf 42' lang='lat' dir='ltr'><strong>.in</strong></span> <span class='ocrx_word' id='word_1_746' title='bbox 2430 4998 2493 5062; x_wconf 73' lang='lat' dir='ltr'><strong>ea</strong></span> <span class='ocrx_word' id='word_1_747' title='bbox 2546 4986 2771 5062; x_wconf 78' lang='lat' dir='ltr'><strong>reperiri</strong></span> <span class='ocrx_word' id='word_1_748' title='bbox 2822 5003 2942 5062; x_wconf 62' lang='lat' dir='ltr'><strong>quae</strong></span> <span class='ocrx_word' id='word_1_749' title='bbox 2997 4993 3066 5046; x_wconf 89' lang='lat' dir='ltr'><strong>ab</strong></span> <span class='ocrx_word' id='word_1_750' title='bbox 3115 4980 3384 5062; x_wconf 39' lang='lat' dir='ltr'><strong>ejusdem,</strong></span> <span class='ocrx_word' id='word_1_751' title='bbox 3423 4980 3721 5058; x_wconf 31' lang='lat' dir='ltr'><strong>Sui—{atris</strong></span> 
     </span>
    </p>
   </div>
   <div class='ocr_carea' id='block_1_112' title="bbox 2142 5048 3721 5177">
    <p class='ocr_par' dir='ltr' id='par_1_112' title="bbox 2142 5048 3721 5177">
     <span class='ocr_line' id='line_1_113' title="bbox 2142 5048 3721 5177; baseline 0.016 -77"><span class='ocrx_word' id='word_1_752' title='bbox 2142 5048 2390 5104; x_wconf 84' lang='lat' dir='ltr'><strong>doctrina</strong></span> <span class='ocrx_word' id='word_1_753' title='bbox 2421 5048 2774 5177; x_wconf 49' lang='lat' dir='ltr'><strong>disign&#39;tiunt.</strong></span> <span class='ocrx_word' id='word_1_754' title='bbox 2824 5048 3014 5116; x_wconf 79' lang='lat' dir='ltr'><strong>Exstat</strong></span> <span class='ocrx_word' id='word_1_755' title='bbox 3060 5063 3115 5116; x_wconf 89' lang='lat' dir='ltr'><strong>in</strong></span> <span class='ocrx_word' id='word_1_756' title='bbox 3143 5048 3479 5123; x_wconf 27' lang='lat' dir='ltr'><strong>&#39;citatrtuni.‘</strong></span> <span class='ocrx_word' id='word_1_757' title='bbox 3511 5048 3721 5142; x_wconf 53' lang='lat'><strong>{65.23</strong></span> 
     </span>
     <span class='ocr_line' id='line_1_114' title="bbox 2142 5132 2585 5177; baseline 0.016 -6"><span class='ocrx_word' id='word_1_758' title='bbox 2142 5132 2296 5177; x_wconf 75' lang='lat' dir='ltr'><strong>mm.</strong></span> <span class='ocrx_word' id='word_1_759' title='bbox 2338 5137 2460 5177; x_wconf 75' lang='lat' dir='ltr'><strong>nua.</strong></span> <span class='ocrx_word' id='word_1_760' title='bbox 2573 5164 2585 5177; x_wconf 92' lang='lat'><strong>.</strong></span> 
     </span>
    </p>
   </div>
   <div class='ocr_carea' id='block_1_113' title="bbox 2142 5132 2585 5193">
    <p class='ocr_par' dir='ltr' id='par_1_113' title="bbox 2142 5132 2585 5193">
     <span class='ocr_line' id='line_1_115' title="bbox 2142 5132 2585 5193; baseline 0.018 -22"><span class='ocrx_word' id='word_1_761' title='bbox 2142 5132 2313 5193; x_wconf 57' lang='lat' dir='ltr'><strong>rum,</strong></span> <span class='ocrx_word' id='word_1_762' title='bbox 2338 5137 2460 5193; x_wconf 86' lang='lat' dir='ltr'><strong>pag.</strong></span> <span class='ocrx_word' id='word_1_763' title='bbox 2496 5132 2585 5177; x_wconf 68' lang='grc'><strong>48.</strong></span> 
     </span>
    </p>
   </div>
   <div class='ocr_carea' id='block_1_114' title="bbox 2213 5189 3718 5278">
    <p class='ocr_par' dir='ltr' id='par_1_114' title="bbox 2213 5189 3718 5278">
     <span class='ocr_line' id='line_1_116' title="bbox 2213 5189 3718 5278; baseline 0 0"><span class='ocrx_word' id='word_1_764' title='bbox 2213 5189 2443 5278; x_wconf 54' lang='grc' dir='ltr'><strong>(ἔιδὶέκὲἔί</strong></span> <span class='ocrx_word' id='word_1_765' title='bbox 2473 5194 2677 5278; x_wconf 50' lang='lat' dir='ltr'><strong>(ﬁctum</strong></span> <span class='ocrx_word' id='word_1_766' title='bbox 2704 5211 2905 5278; x_wconf 63' lang='grc' dir='ltr'><strong>εῑιειιξπι</strong></span> <span class='ocrx_word' id='word_1_767' title='bbox 2930 5201 3056 5278; x_wconf 64' lang='grc' dir='ltr'><strong>λίθεξο</strong></span> <span class='ocrx_word' id='word_1_768' title='bbox 3080 5221 3263 5278; x_wconf 67' lang='grc' dir='ltr'><strong>,ηιιτηο</strong></span> <span class='ocrx_word' id='word_1_769' title='bbox 3294 5207 3399 5274; x_wconf 70' lang='lat'><strong>15.</strong></span> <span class='ocrx_word' id='word_1_770' title='bbox 3435 5225 3556 5278; x_wconf 66' lang='lat' dir='ltr'><strong>pag.</strong></span> <span class='ocrx_word' id='word_1_771' title='bbox 3593 5213 3718 5278; x_wconf 70' lang='lat'><strong>598.</strong></span> 
     </span>
    </p>
   </div>
   <div class='ocr_carea' id='block_1_115' title="bbox 2141 5261 3712 5350">
    <p class='ocr_par' dir='ltr' id='par_1_115' title="bbox 2141 5261 3712 5350">
     <span class='ocr_line' id='line_1_117' title="bbox 2141 5261 3712 5350; baseline 0.017 -39"><span class='ocrx_word' id='word_1_772' title='bbox 2141 5267 2273 5350; x_wconf 59' lang='lat' dir='ltr'><strong>tum:</strong></span> <span class='ocrx_word' id='word_1_773' title='bbox 2305 5261 2421 5350; x_wconf 61' lang='grc' dir='ltr'><strong>γιμ</strong></span> <span class='ocrx_word' id='word_1_774' title='bbox 2442 5264 2616 5350; x_wconf 76' lang='lat' dir='ltr'><strong>citato</strong></span> <span class='ocrx_word' id='word_1_775' title='bbox 2639 5268 2794 5350; x_wconf 49' lang='lat' dir='ltr'><strong>,“ubi</strong></span> <span class='ocrx_word' id='word_1_776' title='bbox 2827 5273 2954 5350; x_wconf 41' lang='lat' dir='ltr'><strong>.lnec</strong></span> <span class='ocrx_word' id='word_1_777' title='bbox 3001 5261 3196 5350; x_wconf 70' lang='lat' dir='ltr'><strong>Gelasii</strong></span> <span class='ocrx_word' id='word_1_778' title='bbox 3233 5261 3399 5333; x_wconf 62' lang='lat' dir='ltr'><strong>verbd</strong></span> <span class='ocrx_word' id='word_1_779' title='bbox 3436 5261 3712 5350; x_wconf 54' lang='grc' dir='ltr'><strong>ἶέξὶἰιῖυἶέ</strong></span> 
     </span>
    </p>
   </div>
   <div class='ocr_carea' id='block_1_116' title="bbox 2145 5326 3718 5420">
    <p class='ocr_par' dir='ltr' id='par_1_116' title="bbox 2145 5326 3718 5420">
     <span class='ocr_line' id='line_1_118' title="bbox 2145 5326 3718 5420; baseline 0.017 -38"><span class='ocrx_word' id='word_1_780' title='bbox 2145 5326 2271 5420; x_wconf 49' lang='lat' dir='ltr'><strong>«LUt</strong></span> <span class='ocrx_word' id='word_1_781' title='bbox 2314 5333 2581 5420; x_wconf 67' lang='lat' dir='ltr'><strong>salutaris</strong></span> <span class='ocrx_word' id='word_1_782' title='bbox 2617 5326 2876 5420; x_wconf 48' lang='lat' dir='ltr'><strong>ali-monia</strong></span> <span class='ocrx_word' id='word_1_783' title='bbox 2923 5326 3300 5420; x_wconf 33' lang='lat' dir='ltr'><strong>panis—illius,</strong></span> <span class='ocrx_word' id='word_1_784' title='bbox 3349 5326 3550 5420; x_wconf 40' lang='lat' dir='ltr'><strong>quivtie</strong></span> <span class='ocrx_word' id='word_1_785' title='bbox 3579 5326 3718 5409; x_wconf 55' lang='lat' dir='ltr'><strong>caelo</strong></span> 
     </span>
    </p>
   </div>
   <div class='ocr_carea' id='block_1_117' title="bbox 2136 5398 3716 5521">
    <p class='ocr_par' dir='ltr' id='par_1_117' title="bbox 2136 5398 3716 5521">
     <span class='ocr_line' id='line_1_119' title="bbox 2138 5398 3716 5521; baseline 0.018 -69"><span class='ocrx_word' id='word_1_786' title='bbox 2138 5398 2440 5521; x_wconf 58' lang='lat' dir='ltr'><strong>delscendit,</strong></span> <span class='ocrx_word' id='word_1_787' title='bbox 2462 5405 2646 5462; x_wconf 78' lang='lat' dir='ltr'><strong>fideles</strong></span> <span class='ocrx_word' id='word_1_788' title='bbox 2681 5409 2828 5465; x_wconf 86' lang='lat' dir='ltr'><strong>hunc</strong></span> <span class='ocrx_word' id='word_1_789' title='bbox 2850 5398 3130 5470; x_wconf 79' lang='lat' dir='ltr'><strong>sumentes</strong></span> <span class='ocrx_word' id='word_1_790' title='bbox 3159 5398 3716 5495; x_wconf 44' lang='lat' dir='ltr'><strong>ad‘iiiibi&#39;pZ-Fdiiéii</strong></span> 
     </span>
     <span class='ocr_line' id='line_1_120' title="bbox 2136 5484 2475 5521; baseline 0 0"><span class='ocrx_word' id='word_1_791' title='bbox 2136 5484 2181 5521; x_wconf 74' lang='grc' dir='ltr'>ω</span> <span class='ocrx_word' id='word_1_792' title='bbox 2209 5487 2418 5521; x_wconf 75' lang='lat' dir='ltr'><strong>ornum-</strong></span> <span class='ocrx_word' id='word_1_793' title='bbox 2457 5495 2475 5521; x_wconf 75' lang='grc' dir='ltr'><strong><em>ι</em></strong></span> 
     </span>
    </p>
   </div>
   <div class='ocr_carea' id='block_1_118' title="bbox 2139 5486 2475 5528">
    <p class='ocr_par' dir='ltr' id='par_1_118' title="bbox 2139 5486 2475 5528">
     <span class='ocr_line' id='line_1_121' title="bbox 2139 5486 2475 5528; baseline 0.021 -7"><span class='ocrx_word' id='word_1_794' title='bbox 2139 5486 2393 5526; x_wconf 61' lang='grc' dir='ltr'><strong>ωιριιηειιη</strong></span> <span class='ocrx_word' id='word_1_795' title='bbox 2405 5514 2418 5528; x_wconf 87' lang='grc'><strong>.</strong></span> <span class='ocrx_word' id='word_1_796' title='bbox 2456 5495 2475 5527; x_wconf 72' lang='grc' dir='ltr'><strong><em>ι</em></strong></span> 
     </span>
    </p>
   </div>
   <div class='ocr_carea' id='block_1_119' title="bbox 2210 5540 3432 5629">
    <p class='ocr_par' dir='ltr' id='par_1_119' title="bbox 2210 5540 3432 5629">
     <span class='ocr_line' id='line_1_122' title="bbox 2210 5540 3432 5629; baseline 0.019 -35"><span class='ocrx_word' id='word_1_797' title='bbox 2357 5543 2518 5629; x_wconf 62' lang='lat' dir='ltr'><strong>:l‘om.</strong></span> <span class='ocrx_word' id='word_1_798' title='bbox 2650 5547 3195 5629; x_wconf 32' lang='lat' dir='ltr'><strong>Biblilot/t‘tﬂatrum,</strong></span> <span class='ocrx_word' id='word_1_799' title='bbox 3227 5575 3279 5629; x_wconf 92' lang='lat' dir='ltr'><strong>p.</strong></span> <span class='ocrx_word' id='word_1_800' title='bbox 3307 5561 3432 5618; x_wconf 79' lang='grc'><strong>565.</strong></span> 
     </span>
    </p>
   </div>
   <div class='ocr_carea' id='block_1_120' title="bbox 2206 5614 3711 5757">
    <p class='ocr_par' dir='ltr' id='par_1_120' title="bbox 2206 5614 3711 5757">
     <span class='ocr_line' id='line_1_123' title="bbox 2206 5614 3711 5757; baseline 0.019 -92"><span class='ocrx_word' id='word_1_801' title='bbox 2206 5614 2318 5757; x_wconf 47' lang='lat'><strong>(45;</strong></span> <span class='ocrx_word' id='word_1_802' title='bbox 2357 5615 2415 5694; x_wconf 81' lang='lat' dir='ltr'><strong>In</strong></span> <span class='ocrx_word' id='word_1_803' title='bbox 2445 5617 2674 5674; x_wconf 89' lang='lat' dir='ltr'><strong>diatriba</strong></span> <span class='ocrx_word' id='word_1_804' title='bbox 2700 5621 2766 5676; x_wconf 86' lang='lat' dir='ltr'><strong>de</strong></span> <span class='ocrx_word' id='word_1_805' title='bbox 2788 5621 2846 5676; x_wconf 83' lang='lat' dir='ltr'><strong>S.</strong></span> <span class='ocrx_word' id='word_1_806' title='bbox 2880 5614 3592 5703; x_wconf 18' lang='lat' dir='ltr'><strong>llippolylo&#39;lucoisuperius</strong></span> <span class='ocrx_word' id='word_1_807' title='bbox 3622 5639 3711 5694; x_wconf 85' lang='lat' dir='ltr'><strong>cit.</strong></span> 
     </span>
     <span class='ocr_line' id='line_1_124' title="bbox 2206 5684 3711 5757; baseline 0.014 -21"><span class='ocrx_word' id='word_1_808' title='bbox 2206 5685 2294 5757; x_wconf 58' lang='grc' dir='ltr'><strong>(λυ</strong></span> <span class='ocrx_word' id='word_1_809' title='bbox 2357 5684 2493 5744; x_wconf 65' lang='lat' dir='ltr'><strong>hate</strong></span> <span class='ocrx_word' id='word_1_810' title='bbox 2521 5688 2586 5754; x_wconf 78' lang='lat'><strong>2,</strong></span> <span class='ocrx_word' id='word_1_811' title='bbox 2631 5706 2726 5748; x_wconf 84' lang='lat' dir='ltr'><strong>sur</strong></span> <span class='ocrx_word' id='word_1_812' title='bbox 2759 5693 2902 5753; x_wconf 84' lang='lat' dir='ltr'><strong>saiut</strong></span> <span class='ocrx_word' id='word_1_813' title='bbox 2939 5696 3245 5757; x_wconf 81' lang='lat' dir='ltr'><strong>Ilipnolvte.</strong></span> <span class='ocrx_word' id='word_1_814' title='bbox 3289 5711 3421 5757; x_wconf 88' lang='lat' dir='ltr'><strong>tom.</strong></span> <span class='ocrx_word' id='word_1_815' title='bbox 3466 5703 3554 5757; x_wconf 81' lang='lat' dir='ltr'><strong>tu-</strong></span> <span class='ocrx_word' id='word_1_816' title='bbox 3591 5725 3711 5757; x_wconf 72' lang='lat' dir='ltr'><strong>xm.</strong></span> 
     </span>
    </p>
   </div>
   <div class='ocr_carea' id='block_1_121' title="bbox 2133 5684 3712 5812">
    <p class='ocr_par' dir='ltr' id='par_1_121' title="bbox 2133 5684 3712 5812">
     <span class='ocr_line' id='line_1_125' title="bbox 2133 5684 3712 5812; baseline 0.018 -77"><span class='ocrx_word' id='word_1_817' title='bbox 2133 5684 2318 5812; x_wconf 42' lang='lat' dir='ltr'><strong>male)</strong></span> <span class='ocrx_word' id='word_1_818' title='bbox 2357 5684 2493 5744; x_wconf 73' lang='lat' dir='ltr'><strong>Note</strong></span> <span class='ocrx_word' id='word_1_819' title='bbox 2521 5688 2586 5754; x_wconf 78' lang='lat'><strong>2,</strong></span> <span class='ocrx_word' id='word_1_820' title='bbox 2631 5706 2726 5748; x_wconf 82' lang='lat' dir='ltr'><strong>sur</strong></span> <span class='ocrx_word' id='word_1_821' title='bbox 2759 5693 2902 5753; x_wconf 86' lang='lat' dir='ltr'><strong>saiut</strong></span> <span class='ocrx_word' id='word_1_822' title='bbox 2939 5684 3712 5784; x_wconf 37' lang='lat' dir='ltr'><strong>Hippolyte,toiuflflrpﬁi</strong></span> 
     </span>
    </p>
   </div>
  </div>
