  <div class='ocr_page' id='page_1' title='image "/cluster/home/n/w/nwhite01/storage/ocr_20150623/10/hvd.32044073501348/260.png"; bbox 0 0 3966 6344; ppageno 0'>
   <div class='ocr_carea' id='block_1_1' title="bbox 366 353 476 410">
    <p class='ocr_par' dir='ltr' id='par_1_1' title="bbox 366 353 476 410">
     <span class='ocr_line' id='line_1_1' title="bbox 366 353 476 410; baseline 0 0"><span class='ocrx_word' id='word_1_1' title='bbox 366 353 476 410; x_wconf 79' lang='lat'><strong>509</strong></span> 
     </span>
    </p>
   </div>
   <div class='ocr_carea' id='block_1_2' title="bbox 1153 328 2827 422">
    <p class='ocr_par' dir='ltr' id='par_1_2' title="bbox 1153 328 2827 422">
     <span class='ocr_line' id='line_1_2' title="bbox 1153 328 2827 422; baseline -0.001 -5"><span class='ocrx_word' id='word_1_2' title='bbox 1153 362 1236 418; x_wconf 85' lang='lat' dir='ltr'><strong>DE</strong></span> <span class='ocrx_word' id='word_1_3' title='bbox 1276 363 1677 422; x_wconf 77' lang='lat' dir='ltr'><strong>PORTUENSI</strong></span> <span class='ocrx_word' id='word_1_4' title='bbox 1721 364 1777 420; x_wconf 90' lang='lat' dir='ltr'><strong>S.</strong></span> <span class='ocrx_word' id='word_1_5' title='bbox 1823 328 2182 419; x_wconf 68' lang='lat' dir='ltr'><strong>HlPPHLYTl</strong></span> <span class='ocrx_word' id='word_1_6' title='bbox 2221 363 2410 418; x_wconf 80' lang='lat' dir='ltr'><strong>SEDE.</strong></span> <span class='ocrx_word' id='word_1_7' title='bbox 2447 395 2516 403; x_wconf 94' lang='lat'><em>—</em></span> <span class='ocrx_word' id='word_1_8' title='bbox 2549 362 2728 417; x_wconf 76' lang='lat' dir='ltr'><strong>PARS</strong></span> <span class='ocrx_word' id='word_1_9' title='bbox 2766 359 2827 416; x_wconf 87' lang='lat' dir='ltr'><strong>ll.</strong></span> 
     </span>
    </p>
   </div>
   <div class='ocr_carea' id='block_1_3' title="bbox 3519 363 3626 420">
    <p class='ocr_par' dir='ltr' id='par_1_3' title="bbox 3519 363 3626 420">
     <span class='ocr_line' id='line_1_3' title="bbox 3519 363 3626 420; baseline 0.019 -2"><span class='ocrx_word' id='word_1_10' title='bbox 3519 363 3626 420; x_wconf 81' lang='lat' dir='ltr'><strong>5l0</strong></span> 
     </span>
    </p>
   </div>
   <div class='ocr_carea' id='block_1_4' title="bbox 369 474 3628 559">
    <p class='ocr_par' dir='ltr' id='par_1_4' title="bbox 369 474 3628 559">
     <span class='ocr_line' id='line_1_4' title="bbox 369 474 3628 559; baseline 0.006 -32"><span class='ocrx_word' id='word_1_11' title='bbox 369 474 618 542; x_wconf 75' lang='lat' dir='ltr'><strong>probata:</strong></span> <span class='ocrx_word' id='word_1_12' title='bbox 647 477 768 534; x_wconf 77' lang='lat' dir='ltr'><strong>fidei</strong></span> <span class='ocrx_word' id='word_1_13' title='bbox 799 481 1032 552; x_wconf 76' lang='lat' dir='ltr'><strong>scriptor</strong></span> <span class='ocrx_word' id='word_1_14' title='bbox 1057 483 1115 538; x_wconf 91' lang='lat' dir='ltr'><strong>S.</strong></span> <span class='ocrx_word' id='word_1_15' title='bbox 1150 483 1492 558; x_wconf 89' lang='lat' dir='ltr'><strong>Hippolytum</strong></span> <span class='ocrx_word' id='word_1_16' title='bbox 1514 488 1745 543; x_wconf 87' lang='lat' dir='ltr'><strong>Arabem</strong></span> <span class='ocrx_word' id='word_1_17' title='bbox 1781 487 1950 543; x_wconf 80' lang='lat' dir='ltr'><strong>fuisse</strong></span> <span class='ocrx_word' id='word_1_18' title='bbox 1980 493 2021 548; x_wconf 81' lang='grc' dir='ltr'><strong>Α</strong></span> <span class='ocrx_word' id='word_1_19' title='bbox 2054 488 2301 558; x_wconf 85' lang='lat' dir='ltr'><strong>plebique</strong></span> <span class='ocrx_word' id='word_1_20' title='bbox 2337 503 2450 541; x_wconf 66' lang='lat' dir='ltr'><strong>sua:</strong></span> <span class='ocrx_word' id='word_1_21' title='bbox 2490 495 2740 556; x_wconf 77' lang='lat' dir='ltr'><strong>praeerat,</strong></span> <span class='ocrx_word' id='word_1_22' title='bbox 2785 485 3045 559; x_wconf 78' lang='lat' dir='ltr'><strong>martyrio</strong></span> <span class='ocrx_word' id='word_1_23' title='bbox 3087 493 3408 542; x_wconf 86' lang='lat' dir='ltr'><strong>coronatum</strong></span> <span class='ocrx_word' id='word_1_24' title='bbox 3443 497 3628 558; x_wconf 77' lang='lat' dir='ltr'><strong>aperte</strong></span> 
     </span>
    </p>
   </div>
   <div class='ocr_carea' id='block_1_5' title="bbox 367 567 1948 651">
    <p class='ocr_par' dir='ltr' id='par_1_5' title="bbox 367 567 1948 651">
     <span class='ocr_line' id='line_1_5' title="bbox 367 567 1948 651; baseline 0.01 -29"><span class='ocrx_word' id='word_1_25' title='bbox 367 567 583 623; x_wconf 85' lang='lat' dir='ltr'><strong>doceat.</strong></span> <span class='ocrx_word' id='word_1_26' title='bbox 630 567 738 626; x_wconf 82' lang='lat' dir='ltr'><strong>Nec</strong></span> <span class='ocrx_word' id='word_1_27' title='bbox 777 575 1071 645; x_wconf 80' lang='lat' dir='ltr'><strong>quidquam</strong></span> <span class='ocrx_word' id='word_1_28' title='bbox 1114 578 1397 649; x_wconf 72' lang='lat' dir='ltr'><strong>suffragari</strong></span> <span class='ocrx_word' id='word_1_29' title='bbox 1441 589 1634 649; x_wconf 84' lang='lat' dir='ltr'><strong>potest,</strong></span> <span class='ocrx_word' id='word_1_30' title='bbox 1667 592 1726 635; x_wconf 91' lang='lat' dir='ltr'><strong>ut</strong></span> <span class='ocrx_word' id='word_1_31' title='bbox 1752 581 1948 651; x_wconf 83' lang='lat' dir='ltr'><strong>aliquis</strong></span> 
     </span>
    </p>
   </div>
   <div class='ocr_carea' id='block_1_6' title="bbox 367 656 1950 744">
    <p class='ocr_par' dir='ltr' id='par_1_6' title="bbox 367 656 1950 744">
     <span class='ocr_line' id='line_1_6' title="bbox 367 656 1950 744; baseline 0.011 -32"><span class='ocrx_word' id='word_1_32' title='bbox 367 656 424 713; x_wconf 87' lang='lat' dir='ltr'><strong>S.</strong></span> <span class='ocrx_word' id='word_1_33' title='bbox 462 659 816 735; x_wconf 79' lang='lat' dir='ltr'><strong>Hippolytum</strong></span> <span class='ocrx_word' id='word_1_34' title='bbox 851 666 1078 722; x_wconf 80' lang='lat' dir='ltr'><strong>Arabem</strong></span> <span class='ocrx_word' id='word_1_35' title='bbox 1115 669 1283 726; x_wconf 80' lang='lat' dir='ltr'><strong>fuisse</strong></span> <span class='ocrx_word' id='word_1_36' title='bbox 1317 672 1588 738; x_wconf 78' lang='lat' dir='ltr'><strong>defendat,</strong></span> <span class='ocrx_word' id='word_1_37' title='bbox 1639 675 1782 744; x_wconf 92' lang='lat' dir='ltr'><strong>quod</strong></span> <span class='ocrx_word' id='word_1_38' title='bbox 1813 691 1950 728; x_wconf 83' lang='lat' dir='ltr'><strong>tton-</strong></span> 
     </span>
    </p>
   </div>
   <div class='ocr_carea' id='block_1_7' title="bbox 367 753 1949 836">
    <p class='ocr_par' dir='ltr' id='par_1_7' title="bbox 367 753 1949 836">
     <span class='ocr_line' id='line_1_7' title="bbox 367 753 1949 836; baseline 0.011 -31"><span class='ocrx_word' id='word_1_39' title='bbox 367 753 515 807; x_wconf 87' lang='lat' dir='ltr'><strong>nulla</strong></span> <span class='ocrx_word' id='word_1_40' title='bbox 568 755 743 824; x_wconf 86' lang='lat' dir='ltr'><strong>ipsius</strong></span> <span class='ocrx_word' id='word_1_41' title='bbox 785 761 1044 828; x_wconf 83' lang='lat' dir='ltr'><strong>Opuscula</strong></span> <span class='ocrx_word' id='word_1_42' title='bbox 1075 761 1310 818; x_wconf 86' lang='lat' dir='ltr'><strong>Arabico</strong></span> <span class='ocrx_word' id='word_1_43' title='bbox 1338 775 1392 818; x_wconf 90' lang='lat' dir='ltr'><strong>et</strong></span> <span class='ocrx_word' id='word_1_44' title='bbox 1426 763 1648 836; x_wconf 89' lang='lat' dir='ltr'><strong>Syriaco</strong></span> <span class='ocrx_word' id='word_1_45' title='bbox 1699 783 1949 823; x_wconf 90' lang='lat' dir='ltr'><strong>sermone</strong></span> 
     </span>
    </p>
   </div>
   <div class='ocr_carea' id='block_1_8' title="bbox 363 852 1950 930">
    <p class='ocr_par' dir='ltr' id='par_1_8' title="bbox 363 852 1950 930">
     <span class='ocr_line' id='line_1_8' title="bbox 363 852 1950 930; baseline 0.008 -28"><span class='ocrx_word' id='word_1_46' title='bbox 363 858 591 902; x_wconf 88' lang='lat' dir='ltr'><strong>exarata</strong></span> <span class='ocrx_word' id='word_1_47' title='bbox 631 852 989 919; x_wconf 83' lang='lat' dir='ltr'><strong>reperiantur,</strong></span> <span class='ocrx_word' id='word_1_48' title='bbox 1035 863 1090 908; x_wconf 90' lang='lat' dir='ltr'><strong>et</strong></span> <span class='ocrx_word' id='word_1_49' title='bbox 1118 855 1387 926; x_wconf 83' lang='lat' dir='ltr'><strong>Abedjesn</strong></span> <span class='ocrx_word' id='word_1_50' title='bbox 1425 860 1711 930; x_wconf 88' lang='lat' dir='ltr'><strong>episcopus</strong></span> <span class='ocrx_word' id='word_1_51' title='bbox 1744 859 1950 914; x_wconf 85' lang='lat' dir='ltr'><strong>Soben-</strong></span> 
     </span>
    </p>
   </div>
   <div class='ocr_carea' id='block_1_9' title="bbox 365 940 1946 1023">
    <p class='ocr_par' dir='ltr' id='par_1_9' title="bbox 365 940 1946 1023">
     <span class='ocr_line' id='line_1_9' title="bbox 365 940 1946 1023; baseline 0.009 -31"><span class='ocrx_word' id='word_1_52' title='bbox 365 940 441 992; x_wconf 88' lang='lat' dir='ltr'><strong>sis</strong></span> <span class='ocrx_word' id='word_1_53' title='bbox 481 940 600 1010; x_wconf 68' lang='grc'><strong>(47)</strong></span> <span class='ocrx_word' id='word_1_54' title='bbox 654 945 901 1011; x_wconf 67' lang='lat' dir='ltr'><strong>quaedam</strong></span> <span class='ocrx_word' id='word_1_55' title='bbox 954 946 1121 1015; x_wconf 88' lang='lat' dir='ltr'><strong>ipsius</strong></span> <span class='ocrx_word' id='word_1_56' title='bbox 1173 947 1230 1002; x_wconf 92' lang='lat' dir='ltr'><strong>S.</strong></span> <span class='ocrx_word' id='word_1_57' title='bbox 1283 948 1549 1023; x_wconf 91' lang='lat' dir='ltr'><strong>Hippolyti</strong></span> <span class='ocrx_word' id='word_1_58' title='bbox 1595 953 1792 1022; x_wconf 86' lang='lat' dir='ltr'><strong>scripta</strong></span> <span class='ocrx_word' id='word_1_59' title='bbox 1847 969 1946 1008; x_wconf 84' lang='lat' dir='ltr'><strong>suo</strong></span> 
     </span>
    </p>
   </div>
   <div class='ocr_carea' id='block_1_10' title="bbox 363 1031 1948 1114">
    <p class='ocr_par' dir='ltr' id='par_1_10' title="bbox 363 1031 1948 1114">
     <span class='ocr_line' id='line_1_10' title="bbox 363 1031 1948 1114; baseline 0.011 -32"><span class='ocrx_word' id='word_1_60' title='bbox 363 1031 624 1085; x_wconf 82' lang='lat' dir='ltr'><strong>librorum</strong></span> <span class='ocrx_word' id='word_1_61' title='bbox 670 1035 1143 1092; x_wconf 76' lang='lat' dir='ltr'><strong>ecclesiasticornm</strong></span> <span class='ocrx_word' id='word_1_62' title='bbox 1189 1040 1443 1112; x_wconf 86' lang='lat' dir='ltr'><strong>Catalogo</strong></span> <span class='ocrx_word' id='word_1_63' title='bbox 1489 1052 1802 1109; x_wconf 83' lang='lat' dir='ltr'><strong>recenseat;</strong></span> <span class='ocrx_word' id='word_1_64' title='bbox 1833 1045 1948 1114; x_wconf 88' lang='lat' dir='ltr'><strong>epi-</strong></span> 
     </span>
    </p>
   </div>
   <div class='ocr_carea' id='block_1_11' title="bbox 361 1127 1945 1208">
    <p class='ocr_par' dir='ltr' id='par_1_11' title="bbox 361 1127 1945 1208">
     <span class='ocr_line' id='line_1_11' title="bbox 361 1127 1945 1208; baseline 0.01 -33"><span class='ocrx_word' id='word_1_65' title='bbox 361 1138 567 1193; x_wconf 86' lang='lat' dir='ltr'><strong>sc0pus</strong></span> <span class='ocrx_word' id='word_1_66' title='bbox 599 1127 746 1182; x_wconf 91' lang='lat' dir='ltr'><strong>enim</strong></span> <span class='ocrx_word' id='word_1_67' title='bbox 783 1128 868 1182; x_wconf 91' lang='lat' dir='ltr'><strong>ille</strong></span> <span class='ocrx_word' id='word_1_68' title='bbox 900 1129 1158 1187; x_wconf 90' lang='lat' dir='ltr'><strong>Sobensis</strong></span> <span class='ocrx_word' id='word_1_69' title='bbox 1197 1133 1334 1188; x_wconf 93' lang='lat' dir='ltr'><strong>alios</strong></span> <span class='ocrx_word' id='word_1_70' title='bbox 1375 1134 1428 1188; x_wconf 92' lang='lat' dir='ltr'><strong>in</strong></span> <span class='ocrx_word' id='word_1_71' title='bbox 1468 1136 1656 1190; x_wconf 89' lang='lat' dir='ltr'><strong>eodem</strong></span> <span class='ocrx_word' id='word_1_72' title='bbox 1693 1137 1945 1208; x_wconf 81' lang='lat' dir='ltr'><strong>Catalogo</strong></span> 
     </span>
    </p>
   </div>
   <div class='ocr_carea' id='block_1_12' title="bbox 361 1217 1945 1298">
    <p class='ocr_par' dir='ltr' id='par_1_12' title="bbox 361 1217 1945 1298">
     <span class='ocr_line' id='line_1_12' title="bbox 361 1217 1945 1298; baseline 0.011 -29"><span class='ocrx_word' id='word_1_73' title='bbox 361 1217 663 1286; x_wconf 89' lang='lat' dir='ltr'><strong>scriptores</strong></span> <span class='ocrx_word' id='word_1_74' title='bbox 694 1232 996 1288; x_wconf 87' lang='lat' dir='ltr'><strong>enumerat,</strong></span> <span class='ocrx_word' id='word_1_75' title='bbox 1028 1225 1118 1294; x_wconf 90' lang='lat' dir='ltr'><strong>qui</strong></span> <span class='ocrx_word' id='word_1_76' title='bbox 1153 1241 1251 1282; x_wconf 91' lang='lat' dir='ltr'><strong>nec</strong></span> <span class='ocrx_word' id='word_1_77' title='bbox 1287 1225 1439 1298; x_wconf 86' lang='lat' dir='ltr'><strong>Syri,</strong></span> <span class='ocrx_word' id='word_1_78' title='bbox 1471 1245 1570 1284; x_wconf 92' lang='lat' dir='ltr'><strong>nec</strong></span> <span class='ocrx_word' id='word_1_79' title='bbox 1596 1230 1801 1284; x_wconf 85' lang='lat' dir='ltr'><strong>Arabes</strong></span> <span class='ocrx_word' id='word_1_80' title='bbox 1828 1231 1945 1286; x_wconf 80' lang='lat' dir='ltr'><strong>lue-</strong></span> 
     </span>
    </p>
   </div>
   <div class='ocr_carea' id='block_1_13' title="bbox 359 1312 1945 1393">
    <p class='ocr_par' dir='ltr' id='par_1_13' title="bbox 359 1312 1945 1393">
     <span class='ocr_line' id='line_1_13' title="bbox 359 1312 1945 1393; baseline 0.01 -30"><span class='ocrx_word' id='word_1_81' title='bbox 359 1322 513 1376; x_wconf 89' lang='lat' dir='ltr'><strong>runt,</strong></span> <span class='ocrx_word' id='word_1_82' title='bbox 553 1312 650 1367; x_wconf 90' lang='lat' dir='ltr'><strong>sed</strong></span> <span class='ocrx_word' id='word_1_83' title='bbox 683 1313 876 1376; x_wconf 71' lang='lat' dir='ltr'><strong>Graeci,</strong></span> <span class='ocrx_word' id='word_1_84' title='bbox 912 1317 993 1371; x_wconf 89' lang='lat' dir='ltr'><strong>vel</strong></span> <span class='ocrx_word' id='word_1_85' title='bbox 1023 1317 1222 1383; x_wconf 88' lang='lat' dir='ltr'><strong>Latini,</strong></span> <span class='ocrx_word' id='word_1_86' title='bbox 1251 1328 1311 1375; x_wconf 90' lang='lat' dir='ltr'><strong>ut</strong></span> <span class='ocrx_word' id='word_1_87' title='bbox 1340 1320 1397 1374; x_wconf 98' lang='grc'><strong>8.</strong></span> <span class='ocrx_word' id='word_1_88' title='bbox 1428 1320 1713 1388; x_wconf 88' lang='lat' dir='ltr'><strong>Damasus,</strong></span> <span class='ocrx_word' id='word_1_89' title='bbox 1746 1324 1945 1393; x_wconf 86' lang='lat' dir='ltr'><strong>aliique</strong></span> 
     </span>
    </p>
   </div>
   <div class='ocr_carea' id='block_1_14' title="bbox 356 1393 1946 1481">
    <p class='ocr_par' dir='ltr' id='par_1_14' title="bbox 356 1393 1946 1481">
     <span class='ocr_line' id='line_1_14' title="bbox 356 1393 1946 1481; baseline 0.009 -26"><span class='ocrx_word' id='word_1_90' title='bbox 356 1393 546 1471; x_wconf 86' lang='lat' dir='ltr'><strong>quiin</strong></span> <span class='ocrx_word' id='word_1_91' title='bbox 590 1406 781 1460; x_wconf 90' lang='lat' dir='ltr'><strong>eodem</strong></span> <span class='ocrx_word' id='word_1_92' title='bbox 832 1405 1087 1481; x_wconf 86' lang='lat' dir='ltr'><strong>Catalogo</strong></span> <span class='ocrx_word' id='word_1_93' title='bbox 1138 1410 1424 1467; x_wconf 88' lang='lat' dir='ltr'><strong>habentur.</strong></span> <span class='ocrx_word' id='word_1_94' title='bbox 1468 1413 1701 1470; x_wconf 81' lang='lat' dir='ltr'><strong>Exstant</strong></span> <span class='ocrx_word' id='word_1_95' title='bbox 1748 1417 1801 1470; x_wconf 87' lang='lat' dir='ltr'><strong>in</strong></span> <span class='ocrx_word' id='word_1_96' title='bbox 1849 1415 1946 1470; x_wconf 86' lang='lat' dir='ltr'><strong>Bi-</strong></span> 
     </span>
    </p>
   </div>
   <div class='ocr_carea' id='block_1_15' title="bbox 355 1495 1946 1576">
    <p class='ocr_par' dir='ltr' id='par_1_15' title="bbox 355 1495 1946 1576">
     <span class='ocr_line' id='line_1_15' title="bbox 355 1495 1946 1576; baseline 0.009 -30"><span class='ocrx_word' id='word_1_97' title='bbox 355 1495 623 1552; x_wconf 80' lang='lat' dir='ltr'><strong>bliotheca</strong></span> <span class='ocrx_word' id='word_1_98' title='bbox 650 1498 1005 1556; x_wconf 82' lang='lat' dir='ltr'><strong>Clementino-</strong></span> <span class='ocrx_word' id='word_1_99' title='bbox 1019 1501 1276 1557; x_wconf 86' lang='lat' dir='ltr'><strong>Vaticana</strong></span> <span class='ocrx_word' id='word_1_100' title='bbox 1306 1503 1527 1576; x_wconf 76' lang='lat' dir='ltr'><strong>Iosephi</strong></span> <span class='ocrx_word' id='word_1_101' title='bbox 1578 1507 1806 1563; x_wconf 90' lang='lat' dir='ltr'><strong>Simonii</strong></span> <span class='ocrx_word' id='word_1_102' title='bbox 1848 1507 1946 1561; x_wconf 83' lang='lat' dir='ltr'><strong>As-</strong></span> 
     </span>
    </p>
   </div>
   <div class='ocr_carea' id='block_1_16' title="bbox 354 1591 1943 1670">
    <p class='ocr_par' dir='ltr' id='par_1_16' title="bbox 354 1591 1943 1670">
     <span class='ocr_line' id='line_1_16' title="bbox 354 1591 1943 1670; baseline 0.009 -30"><span class='ocrx_word' id='word_1_103' title='bbox 354 1591 610 1644; x_wconf 87' lang='lat' dir='ltr'><strong>semanni</strong></span> <span class='ocrx_word' id='word_1_104' title='bbox 634 1591 855 1661; x_wconf 89' lang='lat' dir='ltr'><strong>quidam</strong></span> <span class='ocrx_word' id='word_1_105' title='bbox 887 1593 1090 1665; x_wconf 86' lang='lat' dir='ltr'><strong>Syriaci</strong></span> <span class='ocrx_word' id='word_1_106' title='bbox 1115 1604 1170 1650; x_wconf 89' lang='lat' dir='ltr'><strong>et</strong></span> <span class='ocrx_word' id='word_1_107' title='bbox 1192 1595 1407 1652; x_wconf 79' lang='lat' dir='ltr'><strong>Arabici</strong></span> <span class='ocrx_word' id='word_1_108' title='bbox 1429 1598 1642 1654; x_wconf 82' lang='lat' dir='ltr'><strong>codices</strong></span> <span class='ocrx_word' id='word_1_109' title='bbox 1667 1599 1720 1652; x_wconf 94' lang='lat' dir='ltr'><strong>in</strong></span> <span class='ocrx_word' id='word_1_110' title='bbox 1745 1601 1943 1670; x_wconf 86' lang='lat' dir='ltr'><strong>quibus</strong></span> 
     </span>
    </p>
   </div>
   <div class='ocr_carea' id='block_1_17' title="bbox 352 1678 1941 1754">
    <p class='ocr_par' dir='ltr' id='par_1_17' title="bbox 352 1678 1941 1754">
     <span class='ocr_line' id='line_1_17' title="bbox 352 1678 1941 1754; baseline 0.009 -22"><span class='ocrx_word' id='word_1_111' title='bbox 352 1679 474 1733; x_wconf 53' lang='lat' dir='ltr'><strong>haec</strong></span> <span class='ocrx_word' id='word_1_112' title='bbox 507 1678 569 1734; x_wconf 93' lang='lat' dir='ltr'><strong>S.</strong></span> <span class='ocrx_word' id='word_1_113' title='bbox 608 1679 902 1754; x_wconf 86' lang='lat' dir='ltr'><strong>Hippolyto</strong></span> <span class='ocrx_word' id='word_1_114' title='bbox 931 1685 1272 1754; x_wconf 87' lang='lat' dir='ltr'><strong>tribuuntur;</strong></span> <span class='ocrx_word' id='word_1_115' title='bbox 1323 1687 1560 1744; x_wconf 85' lang='lat' dir='ltr'><strong>Canoues</strong></span> <span class='ocrx_word' id='word_1_116' title='bbox 1592 1691 1808 1745; x_wconf 75' lang='grc' dir='ltr'><strong>Αναὺὶτὶ</strong></span> <span class='ocrx_word' id='word_1_117' title='bbox 1837 1693 1941 1746; x_wconf 82' lang='lat' dir='ltr'><strong>duo</strong></span> 
     </span>
    </p>
   </div>
   <div class='ocr_carea' id='block_1_18' title="bbox 351 1771 1940 1853">
    <p class='ocr_par' dir='ltr' id='par_1_18' title="bbox 351 1771 1940 1853">
     <span class='ocr_line' id='line_1_18' title="bbox 351 1771 1940 1853; baseline 0.01 -31"><span class='ocrx_word' id='word_1_118' title='bbox 351 1771 419 1824; x_wconf 83' lang='lat' dir='ltr'><strong>de</strong></span> <span class='ocrx_word' id='word_1_119' title='bbox 447 1774 814 1842; x_wconf 80' lang='lat' dir='ltr'><strong>quadraqinta</strong></span> <span class='ocrx_word' id='word_1_120' title='bbox 845 1775 981 1845; x_wconf 77' lang='grc'><strong>(48),</strong></span> <span class='ocrx_word' id='word_1_121' title='bbox 1015 1779 1470 1847; x_wconf 89' lang='lat' dir='ltr'><strong>quemadmodum</strong></span> <span class='ocrx_word' id='word_1_122' title='bbox 1508 1781 1690 1837; x_wconf 67' lang='lat' dir='ltr'><strong>Graece</strong></span> <span class='ocrx_word' id='word_1_123' title='bbox 1723 1799 1940 1853; x_wconf 88' lang='lat' dir='ltr'><strong>quoque</strong></span> 
     </span>
    </p>
   </div>
   <div class='ocr_carea' id='block_1_19' title="bbox 348 1866 2015 1944">
    <p class='ocr_par' dir='ltr' id='par_1_19' title="bbox 348 1866 2015 1944">
     <span class='ocr_line' id='line_1_19' title="bbox 348 1866 2015 1944; baseline 0.008 -27"><span class='ocrx_word' id='word_1_124' title='bbox 348 1874 535 1918; x_wconf 77' lang='lat' dir='ltr'><strong>exstat</strong></span> <span class='ocrx_word' id='word_1_125' title='bbox 567 1866 813 1936; x_wconf 84' lang='lat' dir='ltr'><strong>ejusdem</strong></span> <span class='ocrx_word' id='word_1_126' title='bbox 840 1867 899 1923; x_wconf 89' lang='lat' dir='ltr'><strong>S.</strong></span> <span class='ocrx_word' id='word_1_127' title='bbox 932 1868 1202 1942; x_wconf 82' lang='lat' dir='ltr'><strong>Hippolyti</strong></span> <span class='ocrx_word' id='word_1_128' title='bbox 1237 1873 1457 1927; x_wconf 89' lang='lat' dir='ltr'><strong>homilia</strong></span> <span class='ocrx_word' id='word_1_129' title='bbox 1491 1873 1566 1928; x_wconf 88' lang='lat' dir='ltr'><strong>De</strong></span> <span class='ocrx_word' id='word_1_130' title='bbox 1596 1876 1940 1944; x_wconf 68' lang='lat' dir='ltr'><strong>Antichristi),</strong></span> <span class='ocrx_word' id='word_1_131' title='bbox 1975 1869 2015 1923; x_wconf 88' lang='grc' dir='ltr'><strong>Β</strong></span> 
     </span>
    </p>
   </div>
   <div class='ocr_carea' id='block_1_20' title="bbox 347 1958 1938 2039">
    <p class='ocr_par' dir='ltr' id='par_1_20' title="bbox 347 1958 1938 2039">
     <span class='ocr_line' id='line_1_20' title="bbox 347 1958 1938 2039; baseline 0.009 -30"><span class='ocrx_word' id='word_1_132' title='bbox 347 1958 414 2010; x_wconf 77' lang='lat' dir='ltr'><strong>de</strong></span> <span class='ocrx_word' id='word_1_133' title='bbox 442 1959 681 2012; x_wconf 74' lang='lat' dir='ltr'><strong>secundo</strong></span> <span class='ocrx_word' id='word_1_134' title='bbox 717 1959 916 2014; x_wconf 80' lang='lat' dir='ltr'><strong>Christi</strong></span> <span class='ocrx_word' id='word_1_135' title='bbox 967 1963 1223 2028; x_wconf 79' lang='lat' dir='ltr'><strong>adventu,</strong></span> <span class='ocrx_word' id='word_1_136' title='bbox 1271 1975 1319 2018; x_wconf 89' lang='lat' dir='ltr'><strong>et</strong></span> <span class='ocrx_word' id='word_1_137' title='bbox 1353 1966 1415 2018; x_wconf 85' lang='lat' dir='ltr'><strong>de</strong></span> <span class='ocrx_word' id='word_1_138' title='bbox 1444 1967 1547 2036; x_wconf 85' lang='lat' dir='ltr'><strong>ﬁne</strong></span> <span class='ocrx_word' id='word_1_139' title='bbox 1596 1969 1776 2021; x_wconf 81' lang='lat' dir='ltr'><strong>mundi</strong></span> <span class='ocrx_word' id='word_1_140' title='bbox 1805 1969 1938 2039; x_wconf 70' lang='grc'><strong>(49).</strong></span> 
     </span>
    </p>
   </div>
   <div class='ocr_carea' id='block_1_21' title="bbox 346 2044 1942 2129">
    <p class='ocr_par' dir='ltr' id='par_1_21' title="bbox 346 2044 1942 2129">
     <span class='ocr_line' id='line_1_21' title="bbox 346 2044 1942 2129; baseline 0.009 -28"><span class='ocrx_word' id='word_1_141' title='bbox 346 2044 588 2104; x_wconf 70' lang='lat' dir='ltr'><strong>Etstant</strong></span> <span class='ocrx_word' id='word_1_142' title='bbox 642 2051 876 2122; x_wconf 88' lang='lat' dir='ltr'><strong>denique</strong></span> <span class='ocrx_word' id='word_1_143' title='bbox 934 2053 1154 2126; x_wconf 90' lang='lat' dir='ltr'><strong>Syriace</strong></span> <span class='ocrx_word' id='word_1_144' title='bbox 1203 2055 1500 2127; x_wconf 78' lang='lat' dir='ltr'><strong>fragmenta</strong></span> <span class='ocrx_word' id='word_1_145' title='bbox 1569 2061 1816 2129; x_wconf 70' lang='lat' dir='ltr'><strong>quautam</strong></span> <span class='ocrx_word' id='word_1_146' title='bbox 1869 2061 1942 2116; x_wconf 87' lang='lat' dir='ltr'><strong>De</strong></span> 
     </span>
    </p>
   </div>
   <div class='ocr_carea' id='block_1_22' title="bbox 345 2145 1942 2214">
    <p class='ocr_par' dir='ltr' id='par_1_22' title="bbox 345 2145 1942 2214">
     <span class='ocr_line' id='line_1_22' title="bbox 345 2145 1942 2214; baseline 0.009 -20"><span class='ocrx_word' id='word_1_147' title='bbox 345 2152 585 2212; x_wconf 78' lang='lat' dir='ltr'><strong>quatuor</strong></span> <span class='ocrx_word' id='word_1_148' title='bbox 612 2145 956 2212; x_wconf 84' lang='lat' dir='ltr'><strong>animalibus,</strong></span> <span class='ocrx_word' id='word_1_149' title='bbox 993 2149 1047 2202; x_wconf 87' lang='lat' dir='ltr'><strong>in</strong></span> <span class='ocrx_word' id='word_1_150' title='bbox 1088 2147 1394 2214; x_wconf 80' lang='lat' dir='ltr'><strong>Jeremiam,</strong></span> <span class='ocrx_word' id='word_1_151' title='bbox 1432 2153 1486 2205; x_wconf 90' lang='lat' dir='ltr'><strong>in</strong></span> <span class='ocrx_word' id='word_1_152' title='bbox 1515 2151 1737 2207; x_wconf 82' lang='lat' dir='ltr'><strong>Cantica</strong></span> <span class='ocrx_word' id='word_1_153' title='bbox 1772 2157 1942 2208; x_wconf 84' lang='lat' dir='ltr'><strong>canti-</strong></span> 
     </span>
    </p>
   </div>
   <div class='ocr_carea' id='block_1_23' title="bbox 345 2237 1940 2313">
    <p class='ocr_par' dir='ltr' id='par_1_23' title="bbox 345 2237 1940 2313">
     <span class='ocr_line' id='line_1_23' title="bbox 345 2237 1940 2313; baseline 0.011 -29"><span class='ocrx_word' id='word_1_154' title='bbox 345 2250 558 2301; x_wconf 79' lang='lat' dir='ltr'><strong>corum,</strong></span> <span class='ocrx_word' id='word_1_155' title='bbox 590 2246 641 2290; x_wconf 85' lang='lat' dir='ltr'><strong>et</strong></span> <span class='ocrx_word' id='word_1_156' title='bbox 674 2237 740 2292; x_wconf 81' lang='lat' dir='ltr'><strong>de</strong></span> <span class='ocrx_word' id='word_1_157' title='bbox 776 2241 1000 2311; x_wconf 86' lang='lat' dir='ltr'><strong>quinque</strong></span> <span class='ocrx_word' id='word_1_158' title='bbox 1040 2241 1148 2294; x_wconf 88' lang='lat' dir='ltr'><strong>illis</strong></span> <span class='ocrx_word' id='word_1_159' title='bbox 1188 2258 1304 2313; x_wconf 74' lang='lat' dir='ltr'><strong>qua:</strong></span> <span class='ocrx_word' id='word_1_160' title='bbox 1334 2242 1616 2299; x_wconf 61' lang='lat' dir='ltr'><strong>Mattheus</strong></span> <span class='ocrx_word' id='word_1_161' title='bbox 1656 2249 1710 2300; x_wconf 86' lang='lat' dir='ltr'><strong>in</strong></span> <span class='ocrx_word' id='word_1_162' title='bbox 1741 2245 1940 2301; x_wconf 66' lang='lat' dir='ltr'><strong>Christi</strong></span> 
     </span>
    </p>
   </div>
   <div class='ocr_carea' id='block_1_24' title="bbox 345 2326 1939 2404">
    <p class='ocr_par' dir='ltr' id='par_1_24' title="bbox 345 2326 1939 2404">
     <span class='ocr_line' id='line_1_24' title="bbox 345 2326 1939 2404; baseline 0.012 -28"><span class='ocrx_word' id='word_1_163' title='bbox 345 2326 662 2396; x_wconf 83' lang='lat' dir='ltr'><strong>genealogia</strong></span> <span class='ocrx_word' id='word_1_164' title='bbox 710 2334 1050 2400; x_wconf 69' lang='lat' dir='ltr'><strong>praetermisit</strong></span> <span class='ocrx_word' id='word_1_165' title='bbox 1081 2334 1213 2404; x_wconf 79' lang='lat'><strong>(50).</strong></span> <span class='ocrx_word' id='word_1_166' title='bbox 1262 2335 1366 2390; x_wconf 85' lang='lat' dir='ltr'><strong>Sed</strong></span> <span class='ocrx_word' id='word_1_167' title='bbox 1415 2351 1477 2390; x_wconf 86' lang='lat' dir='ltr'><strong>ex</strong></span> <span class='ocrx_word' id='word_1_168' title='bbox 1534 2337 1620 2391; x_wconf 89' lang='lat' dir='ltr'><strong>his</strong></span> <span class='ocrx_word' id='word_1_169' title='bbox 1671 2339 1745 2392; x_wconf 90' lang='lat' dir='ltr'><strong>nil</strong></span> <span class='ocrx_word' id='word_1_170' title='bbox 1793 2340 1939 2395; x_wconf 87' lang='lat' dir='ltr'><strong>aliud</strong></span> 
     </span>
    </p>
   </div>
   <div class='ocr_carea' id='block_1_25' title="bbox 347 2419 1940 2502">
    <p class='ocr_par' dir='ltr' id='par_1_25' title="bbox 347 2419 1940 2502">
     <span class='ocr_line' id='line_1_25' title="bbox 347 2419 1940 2502; baseline 0.011 -31"><span class='ocrx_word' id='word_1_171' title='bbox 347 2419 535 2490; x_wconf 79' lang='lat' dir='ltr'><strong>colligi</strong></span> <span class='ocrx_word' id='word_1_172' title='bbox 585 2436 752 2491; x_wconf 85' lang='lat' dir='ltr'><strong>posse</strong></span> <span class='ocrx_word' id='word_1_173' title='bbox 829 2440 1154 2490; x_wconf 87' lang='lat' dir='ltr'><strong>censemus,</strong></span> <span class='ocrx_word' id='word_1_174' title='bbox 1208 2443 1369 2496; x_wconf 90' lang='lat' dir='ltr'><strong>quam</strong></span> <span class='ocrx_word' id='word_1_175' title='bbox 1418 2429 1532 2485; x_wconf 73' lang='lat' dir='ltr'><strong>haec</strong></span> <span class='ocrx_word' id='word_1_176' title='bbox 1598 2431 1940 2502; x_wconf 90' lang='lat' dir='ltr'><strong>aliorumque</strong></span> 
     </span>
    </p>
   </div>
   <div class='ocr_carea' id='block_1_26' title="bbox 349 2512 1937 2592">
    <p class='ocr_par' dir='ltr' id='par_1_26' title="bbox 349 2512 1937 2592">
     <span class='ocr_line' id='line_1_26' title="bbox 349 2512 1937 2592; baseline 0.009 -27"><span class='ocrx_word' id='word_1_177' title='bbox 349 2512 677 2568; x_wconf 65' lang='lat' dir='ltr'><strong>Graecorum</strong></span> <span class='ocrx_word' id='word_1_178' title='bbox 713 2515 796 2570; x_wconf 91' lang='lat' dir='ltr'><strong>vel</strong></span> <span class='ocrx_word' id='word_1_179' title='bbox 825 2515 1140 2572; x_wconf 81' lang='lat' dir='ltr'><strong>Latinorum</strong></span> <span class='ocrx_word' id='word_1_180' title='bbox 1168 2517 1391 2574; x_wconf 83' lang='lat' dir='ltr'><strong>Patrum</strong></span> <span class='ocrx_word' id='word_1_181' title='bbox 1419 2536 1604 2591; x_wconf 86' lang='lat' dir='ltr'><strong>opera,</strong></span> <span class='ocrx_word' id='word_1_182' title='bbox 1636 2523 1703 2577; x_wconf 90' lang='lat' dir='ltr'><strong>de</strong></span> <span class='ocrx_word' id='word_1_183' title='bbox 1735 2524 1937 2592; x_wconf 90' lang='lat' dir='ltr'><strong>quibus</strong></span> 
     </span>
    </p>
   </div>
   <div class='ocr_carea' id='block_1_27' title="bbox 347 2609 1936 2680">
    <p class='ocr_par' dir='ltr' id='par_1_27' title="bbox 347 2609 1936 2680">
     <span class='ocr_line' id='line_1_27' title="bbox 347 2609 1936 2680; baseline 0.007 -20"><span class='ocrx_word' id='word_1_184' title='bbox 347 2621 666 2662; x_wconf 88' lang='lat' dir='ltr'><strong>sermonem</strong></span> <span class='ocrx_word' id='word_1_185' title='bbox 703 2609 866 2664; x_wconf 89' lang='lat' dir='ltr'><strong>habet</strong></span> <span class='ocrx_word' id='word_1_186' title='bbox 891 2609 1187 2680; x_wconf 75' lang='lat' dir='ltr'><strong>Aliedjesu,</strong></span> <span class='ocrx_word' id='word_1_187' title='bbox 1215 2628 1280 2666; x_wconf 90' lang='lat' dir='ltr'><strong>ex</strong></span> <span class='ocrx_word' id='word_1_188' title='bbox 1318 2611 1504 2668; x_wconf 69' lang='lat' dir='ltr'><strong>Graeco</strong></span> <span class='ocrx_word' id='word_1_189' title='bbox 1530 2616 1612 2669; x_wconf 89' lang='lat' dir='ltr'><strong>vel</strong></span> <span class='ocrx_word' id='word_1_190' title='bbox 1646 2615 1842 2670; x_wconf 90' lang='lat' dir='ltr'><strong>Latino</strong></span> <span class='ocrx_word' id='word_1_191' title='bbox 1880 2617 1936 2672; x_wconf 91' lang='lat' dir='ltr'><strong>in</strong></span> 
     </span>
    </p>
   </div>
   <div class='ocr_carea' id='block_1_28' title="bbox 349 2697 1938 2776">
    <p class='ocr_par' dir='ltr' id='par_1_28' title="bbox 349 2697 1938 2776">
     <span class='ocr_line' id='line_1_28' title="bbox 349 2697 1938 2776; baseline 0.01 -27"><span class='ocrx_word' id='word_1_192' title='bbox 349 2697 648 2770; x_wconf 87' lang='lat' dir='ltr'><strong>Syriacum</strong></span> <span class='ocrx_word' id='word_1_193' title='bbox 681 2701 884 2756; x_wconf 90' lang='lat' dir='ltr'><strong>idioma</strong></span> <span class='ocrx_word' id='word_1_194' title='bbox 919 2719 1076 2758; x_wconf 89' lang='lat' dir='ltr'><strong>versa</strong></span> <span class='ocrx_word' id='word_1_195' title='bbox 1128 2703 1295 2760; x_wconf 80' lang='lat' dir='ltr'><strong>fuisse</strong></span> <span class='ocrx_word' id='word_1_196' title='bbox 1317 2747 1332 2772; x_wconf 93' lang='lat'><strong>,</strong></span> <span class='ocrx_word' id='word_1_197' title='bbox 1386 2708 1841 2776; x_wconf 90' lang='lat' dir='ltr'><strong>quemadmodum</strong></span> <span class='ocrx_word' id='word_1_198' title='bbox 1871 2711 1938 2766; x_wconf 88' lang='lat' dir='ltr'><strong>de</strong></span> 
     </span>
    </p>
   </div>
   <div class='ocr_carea' id='block_1_29' title="bbox 350 2789 1937 2865">
    <p class='ocr_par' dir='ltr' id='par_1_29' title="bbox 350 2789 1937 2865">
     <span class='ocr_line' id='line_1_29' title="bbox 350 2789 1937 2865; baseline 0.008 -19"><span class='ocrx_word' id='word_1_199' title='bbox 350 2789 411 2846; x_wconf 88' lang='lat' dir='ltr'><strong>S.</strong></span> <span class='ocrx_word' id='word_1_200' title='bbox 443 2791 715 2865; x_wconf 79' lang='lat' dir='ltr'><strong>Gregorio</strong></span> <span class='ocrx_word' id='word_1_201' title='bbox 760 2795 1103 2852; x_wconf 83' lang='lat' dir='ltr'><strong>Nazianzeno</strong></span> <span class='ocrx_word' id='word_1_202' title='bbox 1134 2809 1188 2852; x_wconf 89' lang='lat' dir='ltr'><strong>et</strong></span> <span class='ocrx_word' id='word_1_203' title='bbox 1232 2799 1298 2854; x_wconf 90' lang='lat' dir='ltr'><strong>de</strong></span> <span class='ocrx_word' id='word_1_204' title='bbox 1331 2799 1387 2854; x_wconf 92' lang='grc'><strong>8.</strong></span> <span class='ocrx_word' id='word_1_205' title='bbox 1439 2799 1640 2855; x_wconf 83' lang='lat' dir='ltr'><strong>Basilio</strong></span> <span class='ocrx_word' id='word_1_206' title='bbox 1675 2802 1743 2856; x_wconf 79' lang='grc' dir='ltr'>Μ.</span> <span class='ocrx_word' id='word_1_207' title='bbox 1789 2813 1937 2859; x_wconf 87' lang='lat' dir='ltr'><strong>certo</strong></span> 
     </span>
    </p>
   </div>
   <div class='ocr_carea' id='block_1_30' title="bbox 351 2891 1938 2968">
    <p class='ocr_par' dir='ltr' id='par_1_30' title="bbox 351 2891 1938 2968">
     <span class='ocr_line' id='line_1_30' title="bbox 351 2891 1938 2968; baseline 0.01 -33"><span class='ocrx_word' id='word_1_208' title='bbox 351 2898 604 2939; x_wconf 86' lang='lat' dir='ltr'><strong>asserere</strong></span> <span class='ocrx_word' id='word_1_209' title='bbox 654 2901 967 2954; x_wconf 84' lang='lat' dir='ltr'><strong>possumus,</strong></span> <span class='ocrx_word' id='word_1_210' title='bbox 1015 2904 1248 2958; x_wconf 90' lang='lat' dir='ltr'><strong>quorum</strong></span> <span class='ocrx_word' id='word_1_211' title='bbox 1299 2891 1498 2960; x_wconf 86' lang='lat' dir='ltr'><strong>scripta</strong></span> <span class='ocrx_word' id='word_1_212' title='bbox 1535 2893 1793 2950; x_wconf 87' lang='lat' dir='ltr'><strong>nonnulla</strong></span> <span class='ocrx_word' id='word_1_213' title='bbox 1836 2895 1938 2968; x_wconf 80' lang='lat' dir='ltr'><strong>Sy-</strong></span> 
     </span>
    </p>
   </div>
   <div class='ocr_carea' id='block_1_31' title="bbox 352 2976 1582 3050">
    <p class='ocr_par' dir='ltr' id='par_1_31' title="bbox 352 2976 1582 3050">
     <span class='ocr_line' id='line_1_31' title="bbox 352 2976 1582 3050; baseline 0.01 -21"><span class='ocrx_word' id='word_1_214' title='bbox 352 2976 501 3031; x_wconf 89' lang='lat' dir='ltr'><strong>riace</strong></span> <span class='ocrx_word' id='word_1_215' title='bbox 531 2987 755 3033; x_wconf 80' lang='lat' dir='ltr'><strong>exstant</strong></span> <span class='ocrx_word' id='word_1_216' title='bbox 783 2981 836 3034; x_wconf 92' lang='lat' dir='ltr'><strong>in</strong></span> <span class='ocrx_word' id='word_1_217' title='bbox 865 2981 1190 3050; x_wconf 86' lang='lat' dir='ltr'><strong>quibusdam</strong></span> <span class='ocrx_word' id='word_1_218' title='bbox 1223 2982 1582 3042; x_wconf 87' lang='lat' dir='ltr'><strong>bibliothecis.</strong></span> 
     </span>
    </p>
   </div>
   <div class='ocr_carea' id='block_1_32' title="bbox 425 3055 1937 3149">
    <p class='ocr_par' dir='ltr' id='par_1_32' title="bbox 425 3055 1937 3149">
     <span class='ocr_line' id='line_1_32' title="bbox 425 3055 1937 3149; baseline 0.007 -25"><span class='ocrx_word' id='word_1_219' title='bbox 425 3068 484 3124; x_wconf 88' lang='lat' dir='ltr'><strong>Si</strong></span> <span class='ocrx_word' id='word_1_220' title='bbox 523 3087 656 3125; x_wconf 89' lang='lat' dir='ltr'><strong>vero</strong></span> <span class='ocrx_word' id='word_1_221' title='bbox 689 3088 754 3126; x_wconf 86' lang='lat' dir='ltr'><strong>ex</strong></span> <span class='ocrx_word' id='word_1_222' title='bbox 800 3088 964 3142; x_wconf 90' lang='lat' dir='ltr'><strong>supra</strong></span> <span class='ocrx_word' id='word_1_223' title='bbox 1006 3073 1237 3130; x_wconf 89' lang='lat' dir='ltr'><strong>laudatis</strong></span> <span class='ocrx_word' id='word_1_224' title='bbox 1288 3055 1504 3131; x_wconf 80' lang='lat' dir='ltr'><strong>verbis:</strong></span> <span class='ocrx_word' id='word_1_225' title='bbox 1544 3097 1561 3128; x_wconf 75' lang='grc' dir='ltr'>ι</span> <span class='ocrx_word' id='word_1_226' title='bbox 1604 3077 1850 3149; x_wconf 83' lang='lat' dir='ltr'><strong>Episcopi</strong></span> <span class='ocrx_word' id='word_1_227' title='bbox 1882 3089 1937 3135; x_wconf 89' lang='lat' dir='ltr'><strong>et</strong></span> 
     </span>
    </p>
   </div>
   <div class='ocr_carea' id='block_1_33' title="bbox 355 3163 1934 3240">
    <p class='ocr_par' dir='ltr' id='par_1_33' title="bbox 355 3163 1934 3240">
     <span class='ocr_line' id='line_1_33' title="bbox 355 3163 1934 3240; baseline 0.008 -25"><span class='ocrx_word' id='word_1_228' title='bbox 355 3165 612 3234; x_wconf 83' lang='lat' dir='ltr'><strong>martyris</strong></span> <span class='ocrx_word' id='word_1_229' title='bbox 659 3163 899 3219; x_wconf 85' lang='lat' dir='ltr'><strong>Arabum</strong></span> <span class='ocrx_word' id='word_1_230' title='bbox 963 3167 1278 3236; x_wconf 88' lang='lat' dir='ltr'><strong>metropolis</strong></span> <span class='ocrx_word' id='word_1_231' title='bbox 1339 3187 1357 3220; x_wconf 74' lang='grc' dir='ltr'><strong><em>ι</em></strong></span> <span class='ocrx_word' id='word_1_232' title='bbox 1425 3170 1624 3240; x_wconf 89' lang='lat' dir='ltr'><strong>aliquis</strong></span> <span class='ocrx_word' id='word_1_233' title='bbox 1670 3172 1934 3229; x_wconf 81' lang='lat' dir='ltr'><strong>deducere</strong></span> 
     </span>
    </p>
   </div>
   <div class='ocr_carea' id='block_1_34' title="bbox 354 3255 1930 3333">
    <p class='ocr_par' dir='ltr' id='par_1_34' title="bbox 354 3255 1930 3333">
     <span class='ocr_line' id='line_1_34' title="bbox 354 3255 1930 3333; baseline 0.008 -26"><span class='ocrx_word' id='word_1_234' title='bbox 354 3255 733 3321; x_wconf 78' lang='lat' dir='ltr'><strong>existimabit,</strong></span> <span class='ocrx_word' id='word_1_235' title='bbox 783 3257 838 3310; x_wconf 93' lang='lat' dir='ltr'><strong>S.</strong></span> <span class='ocrx_word' id='word_1_236' title='bbox 906 3256 1252 3330; x_wconf 87' lang='lat' dir='ltr'><strong>Hippolytum</strong></span> <span class='ocrx_word' id='word_1_237' title='bbox 1295 3261 1348 3314; x_wconf 93' lang='lat' dir='ltr'><strong>in</strong></span> <span class='ocrx_word' id='word_1_238' title='bbox 1401 3262 1633 3317; x_wconf 83' lang='lat' dir='ltr'><strong>Arabica</strong></span> <span class='ocrx_word' id='word_1_239' title='bbox 1695 3265 1930 3333; x_wconf 91' lang='lat' dir='ltr'><strong>quadam</strong></span> 
     </span>
    </p>
   </div>
   <div class='ocr_carea' id='block_1_35' title="bbox 355 3347 1930 3423">
    <p class='ocr_par' dir='ltr' id='par_1_35' title="bbox 355 3347 1930 3423">
     <span class='ocr_line' id='line_1_35' title="bbox 355 3347 1930 3423; baseline 0.008 -24"><span class='ocrx_word' id='word_1_240' title='bbox 355 3347 645 3417; x_wconf 86' lang='lat' dir='ltr'><strong>metropoli</strong></span> <span class='ocrx_word' id='word_1_241' title='bbox 690 3349 979 3418; x_wconf 79' lang='lat' dir='ltr'><strong>gloriosam</strong></span> <span class='ocrx_word' id='word_1_242' title='bbox 1025 3352 1269 3423; x_wconf 87' lang='lat' dir='ltr'><strong>martyrii</strong></span> <span class='ocrx_word' id='word_1_243' title='bbox 1313 3355 1544 3420; x_wconf 89' lang='lat' dir='ltr'><strong>palmam</strong></span> <span class='ocrx_word' id='word_1_244' title='bbox 1579 3364 1930 3410; x_wconf 89' lang='lat' dir='ltr'><strong>consecutum</strong></span> 
     </span>
    </p>
   </div>
   <div class='ocr_carea' id='block_1_36' title="bbox 354 3440 1930 3514">
    <p class='ocr_par' dir='ltr' id='par_1_36' title="bbox 354 3440 1930 3514">
     <span class='ocr_line' id='line_1_36' title="bbox 354 3440 1930 3514; baseline 0.01 -24"><span class='ocrx_word' id='word_1_245' title='bbox 354 3454 495 3504; x_wconf 86' lang='lat' dir='ltr'><strong>esse,</strong></span> <span class='ocrx_word' id='word_1_246' title='bbox 531 3440 581 3494; x_wconf 90' lang='lat' dir='ltr'><strong>is</strong></span> <span class='ocrx_word' id='word_1_247' title='bbox 620 3456 798 3496; x_wconf 88' lang='lat' dir='ltr'><strong>meras</strong></span> <span class='ocrx_word' id='word_1_248' title='bbox 846 3459 1016 3510; x_wconf 85' lang='lat' dir='ltr'><strong>nugas</strong></span> <span class='ocrx_word' id='word_1_249' title='bbox 1057 3454 1257 3514; x_wconf 82' lang='lat' dir='ltr'><strong>ageret.</strong></span> <span class='ocrx_word' id='word_1_250' title='bbox 1290 3443 1618 3502; x_wconf 86' lang='lat' dir='ltr'><strong>Prudentius</strong></span> <span class='ocrx_word' id='word_1_251' title='bbox 1653 3449 1798 3502; x_wconf 87' lang='lat' dir='ltr'><strong>enim</strong></span> <span class='ocrx_word' id='word_1_252' title='bbox 1847 3457 1930 3505; x_wconf 89' lang='lat' dir='ltr'><strong>te-</strong></span> 
     </span>
    </p>
   </div>
   <div class='ocr_carea' id='block_1_37' title="bbox 353 3530 1926 3609">
    <p class='ocr_par' dir='ltr' id='par_1_37' title="bbox 353 3530 1926 3609">
     <span class='ocr_line' id='line_1_37' title="bbox 353 3530 1926 3609; baseline 0.008 -27"><span class='ocrx_word' id='word_1_253' title='bbox 353 3530 490 3596; x_wconf 78' lang='lat' dir='ltr'><strong>stis,</strong></span> <span class='ocrx_word' id='word_1_254' title='bbox 540 3541 602 3585; x_wconf 90' lang='lat' dir='ltr'><strong>ut</strong></span> <span class='ocrx_word' id='word_1_255' title='bbox 657 3533 815 3603; x_wconf 84' lang='lat' dir='ltr'><strong>vulgo</strong></span> <span class='ocrx_word' id='word_1_256' title='bbox 855 3535 1091 3600; x_wconf 90' lang='lat' dir='ltr'><strong>dicitur,</strong></span> <span class='ocrx_word' id='word_1_257' title='bbox 1150 3537 1297 3590; x_wconf 93' lang='lat' dir='ltr'><strong>omni</strong></span> <span class='ocrx_word' id='word_1_258' title='bbox 1365 3539 1680 3607; x_wconf 77' lang='lat' dir='ltr'><strong>exceptione</strong></span> <span class='ocrx_word' id='word_1_259' title='bbox 1713 3539 1926 3609; x_wconf 89' lang='lat' dir='ltr'><strong>major,</strong></span> 
     </span>
    </p>
   </div>
   <div class='ocr_carea' id='block_1_38' title="bbox 360 3618 1932 3700">
    <p class='ocr_par' dir='ltr' id='par_1_38' title="bbox 360 3618 1932 3700">
     <span class='ocr_line' id='line_1_38' title="bbox 360 3618 1932 3700; baseline 0.008 -28"><span class='ocrx_word' id='word_1_260' title='bbox 360 3618 419 3676; x_wconf 89' lang='lat' dir='ltr'><strong>S.</strong></span> <span class='ocrx_word' id='word_1_261' title='bbox 457 3619 809 3694; x_wconf 82' lang='lat' dir='ltr'><strong>Hippolytum</strong></span> <span class='ocrx_word' id='word_1_262' title='bbox 863 3625 918 3678; x_wconf 91' lang='lat' dir='ltr'><strong>in</strong></span> <span class='ocrx_word' id='word_1_263' title='bbox 949 3623 1115 3680; x_wconf 90' lang='lat' dir='ltr'><strong>Portu</strong></span> <span class='ocrx_word' id='word_1_264' title='bbox 1150 3625 1414 3693; x_wconf 84' lang='lat' dir='ltr'><strong>Romano,</strong></span> <span class='ocrx_word' id='word_1_265' title='bbox 1454 3629 1545 3683; x_wconf 91' lang='lat' dir='ltr'><strong>ubi</strong></span> <span class='ocrx_word' id='word_1_266' title='bbox 1589 3629 1677 3683; x_wconf 92' lang='lat' dir='ltr'><strong>ille</strong></span> <span class='ocrx_word' id='word_1_267' title='bbox 1707 3629 1932 3700; x_wconf 84' lang='lat' dir='ltr'><strong>degebat</strong></span> 
     </span>
    </p>
   </div>
   <div class='ocr_carea' id='block_1_39' title="bbox 423 3799 1930 3872">
    <p class='ocr_par' dir='ltr' id='par_1_39' title="bbox 423 3799 1930 3872">
     <span class='ocr_line' id='line_1_39' title="bbox 423 3799 1930 3872; baseline 0.003 -18"><span class='ocrx_word' id='word_1_268' title='bbox 423 3801 540 3870; x_wconf 67' lang='grc'><strong>(47)</strong></span> <span class='ocrx_word' id='word_1_269' title='bbox 583 3799 659 3853; x_wconf 93' lang='lat' dir='ltr'><strong>De</strong></span> <span class='ocrx_word' id='word_1_270' title='bbox 688 3800 790 3855; x_wconf 85' lang='lat' dir='ltr'><strong>hoc</strong></span> <span class='ocrx_word' id='word_1_271' title='bbox 834 3799 1064 3856; x_wconf 83' lang='lat' dir='ltr'><strong>Sobensi</strong></span> <span class='ocrx_word' id='word_1_272' title='bbox 1095 3804 1349 3872; x_wconf 90' lang='lat' dir='ltr'><strong>episcopo</strong></span> <span class='ocrx_word' id='word_1_273' title='bbox 1387 3801 1616 3871; x_wconf 87' lang='lat' dir='ltr'><strong>plurima</strong></span> <span class='ocrx_word' id='word_1_274' title='bbox 1649 3803 1812 3860; x_wconf 88' lang='lat' dir='ltr'><strong>habet</strong></span> <span class='ocrx_word' id='word_1_275' title='bbox 1836 3803 1930 3858; x_wconf 81' lang='lat' dir='ltr'><strong>Jo-</strong></span> 
     </span>
    </p>
   </div>
   <div class='ocr_carea' id='block_1_40' title="bbox 351 3871 1926 3941">
    <p class='ocr_par' dir='ltr' id='par_1_40' title="bbox 351 3871 1926 3941">
     <span class='ocr_line' id='line_1_40' title="bbox 351 3871 1926 3941; baseline 0.002 -15"><span class='ocrx_word' id='word_1_276' title='bbox 351 3871 555 3941; x_wconf 83' lang='lat' dir='ltr'><strong>sephus</strong></span> <span class='ocrx_word' id='word_1_277' title='bbox 587 3871 865 3941; x_wconf 87' lang='lat' dir='ltr'><strong>Simonius</strong></span> <span class='ocrx_word' id='word_1_278' title='bbox 895 3871 1260 3927; x_wconf 83' lang='lat' dir='ltr'><strong>Assemannus</strong></span> <span class='ocrx_word' id='word_1_279' title='bbox 1284 3871 1624 3928; x_wconf 80' lang='lat' dir='ltr'><strong>Bibliotheca</strong></span> <span class='ocrx_word' id='word_1_280' title='bbox 1669 3874 1926 3930; x_wconf 89' lang='lat' dir='ltr'><strong>Oriental.</strong></span> 
     </span>
    </p>
   </div>
   <div class='ocr_carea' id='block_1_41' title="bbox 351 3940 1930 4014">
    <p class='ocr_par' dir='ltr' id='par_1_41' title="bbox 351 3940 1930 4014">
     <span class='ocr_line' id='line_1_41' title="bbox 351 3940 1930 4014; baseline 0.003 -19"><span class='ocrx_word' id='word_1_281' title='bbox 351 3940 996 4014; x_wconf 69' lang='lat' dir='ltr'><strong>Clementino-Yaticana,</strong></span> <span class='ocrx_word' id='word_1_282' title='bbox 1046 3952 1174 4014; x_wconf 83' lang='lat' dir='ltr'><strong>tom.</strong></span> <span class='ocrx_word' id='word_1_283' title='bbox 1208 3942 1294 4014; x_wconf 81' lang='lat' dir='ltr'><strong>lli,</strong></span> <span class='ocrx_word' id='word_1_284' title='bbox 1328 3957 1557 4013; x_wconf 60' lang='lat' dir='ltr'><strong>parte&#39;t,</strong></span> <span class='ocrx_word' id='word_1_285' title='bbox 1595 3961 1716 4014; x_wconf 91' lang='lat' dir='ltr'><strong>pag.</strong></span> <span class='ocrx_word' id='word_1_286' title='bbox 1771 3945 1831 4008; x_wconf 88' lang='grc'><strong>1,</strong></span> <span class='ocrx_word' id='word_1_287' title='bbox 1877 3955 1930 4000; x_wconf 90' lang='lat' dir='ltr'><strong>et</strong></span> 
     </span>
    </p>
   </div>
   <div class='ocr_carea' id='block_1_42' title="bbox 349 4011 1930 4084">
    <p class='ocr_par' dir='ltr' id='par_1_42' title="bbox 349 4011 1930 4084">
     <span class='ocr_line' id='line_1_42' title="bbox 349 4011 1930 4084; baseline 0.003 -18"><span class='ocrx_word' id='word_1_288' title='bbox 349 4027 506 4084; x_wconf 80' lang='lat' dir='ltr'><strong>seqq.</strong></span> <span class='ocrx_word' id='word_1_289' title='bbox 540 4012 674 4084; x_wconf 85' lang='lat' dir='ltr'><strong>edit.</strong></span> <span class='ocrx_word' id='word_1_290' title='bbox 718 4011 902 4066; x_wconf 76' lang='lat' dir='ltr'><strong>Roma:</strong></span> <span class='ocrx_word' id='word_1_291' title='bbox 928 4011 1075 4084; x_wconf 86' lang='lat' dir='ltr'><strong>anni</strong></span> <span class='ocrx_word' id='word_1_292' title='bbox 1098 4011 1389 4084; x_wconf 15' lang='lat' dir='ltr'><strong>1725,7qtti</strong></span> <span class='ocrx_word' id='word_1_293' title='bbox 1427 4011 1740 4084; x_wconf 73' lang='lat' dir='ltr'><strong>hujusntodi</strong></span> <span class='ocrx_word' id='word_1_294' title='bbox 1783 4025 1930 4070; x_wconf 84' lang='lat' dir='ltr'><strong>cata-</strong></span> 
     </span>
    </p>
   </div>
   <div class='ocr_carea' id='block_1_43' title="bbox 347 4082 1714 4151">
    <p class='ocr_par' dir='ltr' id='par_1_43' title="bbox 347 4082 1714 4151">
     <span class='ocr_line' id='line_1_43' title="bbox 347 4082 1714 4151; baseline 0.001 -14"><span class='ocrx_word' id='word_1_295' title='bbox 347 4083 529 4150; x_wconf 82' lang='lat' dir='ltr'><strong>logum</strong></span> <span class='ocrx_word' id='word_1_296' title='bbox 559 4083 745 4151; x_wconf 84' lang='lat' dir='ltr'><strong>edidit.</strong></span> <span class='ocrx_word' id='word_1_297' title='bbox 772 4092 824 4137; x_wconf 90' lang='lat' dir='ltr'><strong>et</strong></span> <span class='ocrx_word' id='word_1_298' title='bbox 855 4083 1022 4136; x_wconf 89' lang='lat' dir='ltr'><strong>multa</strong></span> <span class='ocrx_word' id='word_1_299' title='bbox 1064 4082 1116 4135; x_wconf 93' lang='lat' dir='ltr'><strong>in</strong></span> <span class='ocrx_word' id='word_1_300' title='bbox 1154 4082 1466 4151; x_wconf 72' lang='lat' dir='ltr'><strong>praefatione</strong></span> <span class='ocrx_word' id='word_1_301' title='bbox 1493 4082 1714 4138; x_wconf 84' lang='lat' dir='ltr'><strong>notavit.</strong></span> 
     </span>
    </p>
   </div>
   <div class='ocr_carea' id='block_1_44' title="bbox 420 4150 1923 4223">
    <p class='ocr_par' dir='ltr' id='par_1_44' title="bbox 420 4150 1923 4223">
     <span class='ocr_line' id='line_1_44' title="bbox 420 4150 1923 4223; baseline 0.005 -18"><span class='ocrx_word' id='word_1_302' title='bbox 420 4152 536 4223; x_wconf 72' lang='grc'><strong>(48)</strong></span> <span class='ocrx_word' id='word_1_303' title='bbox 578 4150 858 4223; x_wconf 81' lang='lat' dir='ltr'><strong>Legendus</strong></span> <span class='ocrx_word' id='word_1_304' title='bbox 876 4150 1248 4223; x_wconf 52' lang='lat' dir='ltr'><strong>Assemannns</strong></span> <span class='ocrx_word' id='word_1_305' title='bbox 1267 4154 1520 4209; x_wconf 84' lang='lat' dir='ltr'><strong>Biblioth.</strong></span> <span class='ocrx_word' id='word_1_306' title='bbox 1551 4153 1755 4210; x_wconf 83' lang='lat' dir='ltr'><strong>Orient.</strong></span> <span class='ocrx_word' id='word_1_307' title='bbox 1789 4167 1923 4212; x_wconf 90' lang='lat' dir='ltr'><strong>tom.</strong></span> 
     </span>
    </p>
   </div>
   <div class='ocr_carea' id='block_1_45' title="bbox 346 4221 1924 4294">
    <p class='ocr_par' dir='ltr' id='par_1_45' title="bbox 346 4221 1924 4294">
     <span class='ocr_line' id='line_1_45' title="bbox 346 4221 1924 4294; baseline 0.002 -17"><span class='ocrx_word' id='word_1_308' title='bbox 346 4222 390 4288; x_wconf 91' lang='lat' dir='ltr'><strong>l,</strong></span> <span class='ocrx_word' id='word_1_309' title='bbox 432 4221 565 4294; x_wconf 84' lang='lat' dir='ltr'><strong>pag.</strong></span> <span class='ocrx_word' id='word_1_310' title='bbox 602 4222 706 4278; x_wconf 78' lang='lat'><strong>619</strong></span> <span class='ocrx_word' id='word_1_311' title='bbox 735 4223 863 4278; x_wconf 87' lang='lat' dir='ltr'><strong>edit.</strong></span> <span class='ocrx_word' id='word_1_312' title='bbox 892 4221 1080 4276; x_wconf 75' lang='lat' dir='ltr'><strong>Roma:</strong></span> <span class='ocrx_word' id='word_1_313' title='bbox 1113 4223 1268 4290; x_wconf 85' lang='grc'><strong>1719,</strong></span> <span class='ocrx_word' id='word_1_314' title='bbox 1294 4234 1348 4280; x_wconf 90' lang='lat' dir='ltr'><strong>et</strong></span> <span class='ocrx_word' id='word_1_315' title='bbox 1378 4228 1431 4279; x_wconf 89' lang='lat' dir='ltr'><strong>in</strong></span> <span class='ocrx_word' id='word_1_316' title='bbox 1470 4227 1634 4280; x_wconf 90' lang='lat' dir='ltr'><strong>citato</strong></span> <span class='ocrx_word' id='word_1_317' title='bbox 1667 4235 1800 4280; x_wconf 89' lang='lat' dir='ltr'><strong>tom.</strong></span> <span class='ocrx_word' id='word_1_318' title='bbox 1837 4225 1924 4294; x_wconf 91' lang='lat' dir='ltr'><strong>lll,</strong></span> 
     </span>
    </p>
   </div>
   <div class='ocr_carea' id='block_1_46' title="bbox 344 4240 720 4366">
    <p class='ocr_par' dir='ltr' id='par_1_46' title="bbox 344 4240 720 4366">
     <span class='ocr_line' id='line_1_46' title="bbox 346 4240 720 4345; baseline 0.003 -68"><span class='ocrx_word' id='word_1_319' title='bbox 346 4240 390 4288; x_wconf 91' lang='lat' dir='ltr'><strong>I,</strong></span> <span class='ocrx_word' id='word_1_320' title='bbox 438 4240 565 4345; x_wconf 63' lang='lat' dir='ltr'><strong>pag.</strong></span> <span class='ocrx_word' id='word_1_321' title='bbox 602 4240 720 4308; x_wconf 28' lang='lat' dir='ltr'><strong>0w.</strong></span> 
     </span>
     <span class='ocr_line' id='line_1_47' title="bbox 344 4294 720 4366; baseline 0 0"><span class='ocrx_word' id='word_1_322' title='bbox 344 4294 600 4366; x_wconf 66' lang='grc' dir='ltr'><strong>Ροετ,,⁵τ</strong></span> <span class='ocrx_word' id='word_1_323' title='bbox 714 4363 720 4366; x_wconf 83' lang='grc'><strong>.</strong></span> 
     </span>
    </p>
   </div>
   <div class='ocr_carea' id='block_1_47' title="bbox 418 4362 1928 4438">
    <p class='ocr_par' dir='ltr' id='par_1_47' title="bbox 418 4362 1928 4438">
     <span class='ocr_line' id='line_1_48' title="bbox 418 4362 1928 4438; baseline 0.003 -20"><span class='ocrx_word' id='word_1_324' title='bbox 418 4362 562 4438; x_wconf 59' lang='grc' dir='ltr'><strong>(49)Δ</strong></span> <span class='ocrx_word' id='word_1_325' title='bbox 575 4363 729 4432; x_wconf 81' lang='lat' dir='ltr'><strong>Apud</strong></span> <span class='ocrx_word' id='word_1_326' title='bbox 759 4365 1045 4438; x_wconf 64' lang='lat' dir='ltr'><strong>Asseman.</strong></span> <span class='ocrx_word' id='word_1_327' title='bbox 1074 4370 1208 4438; x_wconf 73' lang='lat' dir='ltr'><strong>tom.</strong></span> <span class='ocrx_word' id='word_1_328' title='bbox 1227 4363 1429 4438; x_wconf 60' lang='lat' dir='ltr'><strong>eodem</strong></span> <span class='ocrx_word' id='word_1_329' title='bbox 1461 4363 1503 4428; x_wconf 87' lang='lat' dir='ltr'><strong>l,</strong></span> <span class='ocrx_word' id='word_1_330' title='bbox 1532 4379 1654 4438; x_wconf 86' lang='lat' dir='ltr'><strong>pag.</strong></span> <span class='ocrx_word' id='word_1_331' title='bbox 1684 4365 1808 4435; x_wconf 79' lang='lat'><strong>605,</strong></span> <span class='ocrx_word' id='word_1_332' title='bbox 1834 4382 1928 4422; x_wconf 86' lang='lat' dir='ltr'><strong>co-</strong></span> 
     </span>
    </p>
   </div>
   <div class='ocr_carea' id='block_1_48' title="bbox 343 4433 1316 4503">
    <p class='ocr_par' dir='ltr' id='par_1_48' title="bbox 343 4433 1316 4503">
     <span class='ocr_line' id='line_1_49' title="bbox 343 4433 1316 4503; baseline -0.001 -13"><span class='ocrx_word' id='word_1_333' title='bbox 343 4433 469 4490; x_wconf 85' lang='lat' dir='ltr'><strong>dice</strong></span> <span class='ocrx_word' id='word_1_334' title='bbox 500 4433 588 4498; x_wconf 76' lang='grc'><strong>12,</strong></span> <span class='ocrx_word' id='word_1_335' title='bbox 617 4443 671 4487; x_wconf 90' lang='lat' dir='ltr'><strong>et</strong></span> <span class='ocrx_word' id='word_1_336' title='bbox 701 4449 820 4503; x_wconf 86' lang='lat' dir='ltr'><strong>pag.</strong></span> <span class='ocrx_word' id='word_1_337' title='bbox 855 4433 980 4503; x_wconf 73' lang='lat'><strong>597,</strong></span> <span class='ocrx_word' id='word_1_338' title='bbox 1011 4433 1198 4488; x_wconf 82' lang='lat' dir='ltr'><strong>codice</strong></span> <span class='ocrx_word' id='word_1_339' title='bbox 1226 4435 1316 4489; x_wconf 79' lang='lat'><strong>39.</strong></span> 
     </span>
    </p>
   </div>
   <div class='ocr_carea' id='block_1_49' title="bbox 443 4502 1467 4574">
    <p class='ocr_par' dir='ltr' id='par_1_49' title="bbox 443 4502 1467 4574">
     <span class='ocr_line' id='line_1_50' title="bbox 443 4502 1467 4574; baseline 0.002 -16"><span class='ocrx_word' id='word_1_340' title='bbox 443 4503 537 4571; x_wconf 85' lang='grc'><strong>50)</strong></span> <span class='ocrx_word' id='word_1_341' title='bbox 578 4505 682 4574; x_wconf 78' lang='lat' dir='ltr'><strong>Cit.</strong></span> <span class='ocrx_word' id='word_1_342' title='bbox 707 4502 839 4558; x_wconf 87' lang='lat' dir='ltr'><strong>tom.</strong></span> <span class='ocrx_word' id='word_1_343' title='bbox 867 4502 908 4568; x_wconf 95' lang='lat' dir='ltr'><strong>I,</strong></span> <span class='ocrx_word' id='word_1_344' title='bbox 943 4519 1067 4574; x_wconf 90' lang='lat' dir='ltr'><strong>pag.</strong></span> <span class='ocrx_word' id='word_1_345' title='bbox 1106 4503 1228 4574; x_wconf 80' lang='lat'><strong>607,</strong></span> <span class='ocrx_word' id='word_1_346' title='bbox 1260 4505 1380 4559; x_wconf 91' lang='lat' dir='ltr'><strong>cod.</strong></span> <span class='ocrx_word' id='word_1_347' title='bbox 1414 4507 1467 4560; x_wconf 84' lang='grc'>5.</span> 
     </span>
    </p>
   </div>
   <div class='ocr_carea' id='block_1_50' title="bbox 443 4562 2006 4648">
    <p class='ocr_par' dir='ltr' id='par_1_50' title="bbox 443 4562 2006 4648">
     <span class='ocr_line' id='line_1_51' title="bbox 443 4562 2006 4648; baseline 0.003 -20"><span class='ocrx_word' id='word_1_348' title='bbox 443 4562 535 4643; x_wconf 72' lang='grc'><strong>51)</strong></span> <span class='ocrx_word' id='word_1_349' title='bbox 579 4573 776 4644; x_wconf 89' lang='lat' dir='ltr'><strong>Hymn.</strong></span> <span class='ocrx_word' id='word_1_350' title='bbox 820 4562 914 4628; x_wconf 46' lang='lat' dir='ltr'><strong>cit&#39;.</strong></span> <span class='ocrx_word' id='word_1_351' title='bbox 943 4562 963 4574; x_wconf 84' lang='grc'><em>’</em></span> <span class='ocrx_word' id='word_1_352' title='bbox 995 4562 1063 4629; x_wconf 65' lang='grc' dir='ltr'><strong>(ἴε</strong></span> <span class='ocrx_word' id='word_1_353' title='bbox 1113 4573 1174 4629; x_wconf 91' lang='grc'><strong>8.</strong></span> <span class='ocrx_word' id='word_1_354' title='bbox 1216 4562 1513 4648; x_wconf 81' lang='lat' dir='ltr'><strong>Hippolyto</strong></span> <span class='ocrx_word' id='word_1_355' title='bbox 1558 4593 1701 4633; x_wconf 87' lang='lat' dir='ltr'><strong>vers.</strong></span> <span class='ocrx_word' id='word_1_356' title='bbox 1754 4577 1824 4632; x_wconf 78' lang='grc'>58</span> <span class='ocrx_word' id='word_1_357' title='bbox 1878 4587 1932 4633; x_wconf 87' lang='lat' dir='ltr'><strong>et</strong></span> <span class='ocrx_word' id='word_1_358' title='bbox 1961 4562 2006 4617; x_wconf 75' lang='grc' dir='ltr'><strong>Ῑ)</strong></span> 
     </span>
    </p>
   </div>
   <div class='ocr_carea' id='block_1_51' title="bbox 349 4661 510 4701">
    <p class='ocr_par' dir='ltr' id='par_1_51' title="bbox 349 4661 510 4701">
     <span class='ocr_line' id='line_1_52' title="bbox 349 4661 510 4701; baseline -0.025 0"><span class='ocrx_word' id='word_1_359' title='bbox 349 4661 510 4701; x_wconf 73' lang='grc' dir='ltr'><strong>εείια.</strong></span> 
     </span>
    </p>
   </div>
   <div class='ocr_carea' id='block_1_52' title="bbox 415 4661 1096 4784">
    <p class='ocr_par' dir='ltr' id='par_1_52' title="bbox 415 4661 1096 4784">
     <span class='ocr_line' id='line_1_53' title="bbox 415 4661 1096 4784; baseline 0 -15"><span class='ocrx_word' id='word_1_360' title='bbox 575 4712 749 4784; x_wconf 68' lang='lat' dir='ltr'><strong>Yersu</strong></span> <span class='ocrx_word' id='word_1_361' title='bbox 783 4729 975 4784; x_wconf 90' lang='lat' dir='ltr'><strong>nempe</strong></span> <span class='ocrx_word' id='word_1_362' title='bbox 1006 4712 1096 4769; x_wconf 68' lang='grc'><strong>17.</strong></span> 
     </span>
    </p>
   </div>
   <div class='ocr_carea' id='block_1_53' title="bbox 419 4783 1932 4858">
    <p class='ocr_par' dir='ltr' id='par_1_53' title="bbox 419 4783 1932 4858">
     <span class='ocr_line' id='line_1_54' title="bbox 419 4783 1932 4858; baseline 0.001 -18"><span class='ocrx_word' id='word_1_363' title='bbox 419 4786 535 4858; x_wconf 67' lang='grc'><strong>(55)</strong></span> <span class='ocrx_word' id='word_1_364' title='bbox 576 4783 733 4840; x_wconf 88' lang='lat' dir='ltr'><strong>Tom.</strong></span> <span class='ocrx_word' id='word_1_365' title='bbox 774 4784 800 4858; x_wconf 79' lang='lat' dir='ltr'><strong>l</strong></span> <span class='ocrx_word' id='word_1_366' title='bbox 838 4783 1073 4858; x_wconf 72' lang='lat' dir='ltr'><strong>operum</strong></span> <span class='ocrx_word' id='word_1_367' title='bbox 1121 4784 1178 4839; x_wconf 93' lang='grc'><strong>8.</strong></span> <span class='ocrx_word' id='word_1_368' title='bbox 1206 4783 1522 4858; x_wconf 83' lang='lat' dir='ltr'><strong>Hippolyti,</strong></span> <span class='ocrx_word' id='word_1_369' title='bbox 1587 4803 1709 4858; x_wconf 89' lang='lat' dir='ltr'><strong>pag.</strong></span> <span class='ocrx_word' id='word_1_370' title='bbox 1753 4787 1851 4851; x_wconf 75' lang='lat'><strong>20,</strong></span> <span class='ocrx_word' id='word_1_371' title='bbox 1897 4805 1932 4842; x_wconf 72' lang='grc' dir='ltr'><strong>χ</strong></span> 
     </span>
    </p>
   </div>
   <div class='ocr_carea' id='block_1_54' title="bbox 345 4854 1933 4929">
    <p class='ocr_par' dir='ltr' id='par_1_54' title="bbox 345 4854 1933 4929">
     <span class='ocr_line' id='line_1_55' title="bbox 345 4854 1933 4929; baseline -0.003 -15"><span class='ocrx_word' id='word_1_372' title='bbox 345 4855 465 4914; x_wconf 76' lang='lat' dir='ltr'><strong>Kal.</strong></span> <span class='ocrx_word' id='word_1_373' title='bbox 497 4854 682 4929; x_wconf 42' lang='lat' dir='ltr'><strong>Sept;</strong></span> <span class='ocrx_word' id='word_1_374' title='bbox 711 4873 743 4929; x_wconf 10' lang='lat' dir='ltr'><strong>gr</strong></span> <span class='ocrx_word' id='word_1_375' title='bbox 786 4854 842 4929; x_wconf 74' lang='lat' dir='ltr'><strong>in</strong></span> <span class='ocrx_word' id='word_1_376' title='bbox 883 4854 1054 4929; x_wconf 61' lang='lat' dir='ltr'><strong>Porta</strong></span> <span class='ocrx_word' id='word_1_377' title='bbox 1097 4857 1242 4910; x_wconf 77' lang='lat' dir='ltr'><strong>urbis</strong></span> <span class='ocrx_word' id='word_1_378' title='bbox 1267 4854 1447 4910; x_wconf 65' lang='lat' dir='ltr'><strong>Bonae</strong></span> <span class='ocrx_word' id='word_1_379' title='bbox 1475 4854 1755 4929; x_wconf 50' lang='lat' dir='ltr'><strong>riatalis&#39;S.</strong></span> <span class='ocrx_word' id='word_1_380' title='bbox 1802 4858 1933 4929; x_wconf 87' lang='lat' dir='ltr'><strong>Ilip-</strong></span> 
     </span>
    </p>
   </div>
   <div class='ocr_carea' id='block_1_55' title="bbox 345 4924 1785 5000">
    <p class='ocr_par' dir='ltr' id='par_1_55' title="bbox 345 4924 1785 5000">
     <span class='ocr_line' id='line_1_56' title="bbox 345 4924 1785 5000; baseline 0 -20"><span class='ocrx_word' id='word_1_381' title='bbox 345 4928 536 5000; x_wconf 81' lang='lat' dir='ltr'><strong>polyti,</strong></span> <span class='ocrx_word' id='word_1_382' title='bbox 569 4924 664 5000; x_wconf 85' lang='lat' dir='ltr'><strong>qui</strong></span> <span class='ocrx_word' id='word_1_383' title='bbox 693 4924 1152 5000; x_wconf 77' lang='lat' dir='ltr'><strong>dicitur_N_unnus</strong></span> <span class='ocrx_word' id='word_1_384' title='bbox 1174 4969 1200 5000; x_wconf 20' lang='grc' dir='ltr'><strong>,Α</strong></span> <span class='ocrx_word' id='word_1_385' title='bbox 1226 4942 1348 5000; x_wconf 71' lang='lat' dir='ltr'><strong>cuni</strong></span> <span class='ocrx_word' id='word_1_386' title='bbox 1392 4927 1556 4982; x_wconf 90' lang='lat' dir='ltr'><strong>sociis</strong></span> <span class='ocrx_word' id='word_1_387' title='bbox 1595 4929 1731 5000; x_wconf 74' lang='lat' dir='ltr'><strong>suis.</strong></span> <span class='ocrx_word' id='word_1_388' title='bbox 1767 4949 1785 4980; x_wconf 71' lang='grc' dir='ltr'><strong>ι</strong></span> 
     </span>
    </p>
   </div>
   <div class='ocr_carea' id='block_1_56' title="bbox 421 4995 1933 5068">
    <p class='ocr_par' dir='ltr' id='par_1_56' title="bbox 421 4995 1933 5068">
     <span class='ocr_line' id='line_1_57' title="bbox 421 4995 1933 5068; baseline 0.001 -15"><span class='ocrx_word' id='word_1_389' title='bbox 421 4995 538 5068; x_wconf 69' lang='grc'><strong>(54)</strong></span> <span class='ocrx_word' id='word_1_390' title='bbox 578 4995 866 5068; x_wconf 77' lang='lat' dir='ltr'><strong>Legendus</strong></span> <span class='ocrx_word' id='word_1_391' title='bbox 897 4995 1275 5068; x_wconf 81' lang='lat' dir='ltr'><strong>Tillemontius</strong></span> <span class='ocrx_word' id='word_1_392' title='bbox 1303 4997 1471 5068; x_wconf 80' lang='lat' dir='ltr'><strong>citato</strong></span> <span class='ocrx_word' id='word_1_393' title='bbox 1498 5006 1633 5068; x_wconf 78' lang='lat' dir='ltr'><strong>tom.</strong></span> <span class='ocrx_word' id='word_1_394' title='bbox 1668 4997 1731 5052; x_wconf 92' lang='lat' dir='ltr'><strong>Ill</strong></span> <span class='ocrx_word' id='word_1_395' title='bbox 1753 5041 1769 5064; x_wconf 94' lang='lat'><strong>,</strong></span> <span class='ocrx_word' id='word_1_396' title='bbox 1805 5008 1933 5054; x_wconf 90' lang='lat' dir='ltr'><strong>nota</strong></span> 
     </span>
    </p>
   </div>
   <div class='ocr_carea' id='block_1_57' title="bbox 343 5065 1929 5138">
    <p class='ocr_par' dir='ltr' id='par_1_57' title="bbox 343 5065 1929 5138">
     <span class='ocr_line' id='line_1_58' title="bbox 343 5065 1929 5138; baseline 0 -14"><span class='ocrx_word' id='word_1_397' title='bbox 343 5069 402 5133; x_wconf 75' lang='lat'><strong>2,</strong></span> <span class='ocrx_word' id='word_1_398' title='bbox 430 5065 534 5124; x_wconf 84' lang='lat' dir='ltr'><strong>sur</strong></span> <span class='ocrx_word' id='word_1_399' title='bbox 563 5065 706 5123; x_wconf 78' lang='lat' dir='ltr'><strong>saint</strong></span> <span class='ocrx_word' id='word_1_400' title='bbox 735 5065 1042 5138; x_wconf 86' lang='lat' dir='ltr'><strong>Hippolyte,</strong></span> <span class='ocrx_word' id='word_1_401' title='bbox 1077 5083 1213 5138; x_wconf 32' lang='lat' dir='ltr'><strong>pag:</strong></span> <span class='ocrx_word' id='word_1_402' title='bbox 1234 5067 1326 5122; x_wconf 88' lang='lat' dir='ltr'><strong>cit.</strong></span> <span class='ocrx_word' id='word_1_403' title='bbox 1357 5067 1480 5121; x_wconf 75' lang='grc'>672.</span> <span class='ocrx_word' id='word_1_404' title='bbox 1527 5066 1756 5123; x_wconf 88' lang='lat' dir='ltr'><strong>Carolus</strong></span> <span class='ocrx_word' id='word_1_405' title='bbox 1793 5086 1824 5124; x_wconf 89' lang='lat' dir='ltr'><strong>a</strong></span> <span class='ocrx_word' id='word_1_406' title='bbox 1871 5070 1929 5124; x_wconf 90' lang='grc'><strong>8.</strong></span> 
     </span>
    </p>
   </div>
   <div class='ocr_carea' id='block_1_58' title="bbox 343 5137 1930 5209">
    <p class='ocr_par' dir='ltr' id='par_1_58' title="bbox 343 5137 1930 5209">
     <span class='ocr_line' id='line_1_59' title="bbox 343 5137 1930 5209; baseline -0.002 -14"><span class='ocrx_word' id='word_1_407' title='bbox 343 5140 538 5204; x_wconf 85' lang='lat' dir='ltr'><strong>Paulo,</strong></span> <span class='ocrx_word' id='word_1_408' title='bbox 570 5137 898 5209; x_wconf 80' lang='lat' dir='ltr'><strong>Ceographta</strong></span> <span class='ocrx_word' id='word_1_409' title='bbox 915 5137 1088 5209; x_wconf 81' lang='lat' dir='ltr'><strong>sacra,</strong></span> <span class='ocrx_word' id='word_1_410' title='bbox 1113 5139 1165 5190; x_wconf 91' lang='lat' dir='ltr'><strong>in</strong></span> <span class='ocrx_word' id='word_1_411' title='bbox 1183 5137 1566 5209; x_wconf 75' lang='lat' dir='ltr'><strong>Patriarcltatu</strong></span> <span class='ocrx_word' id='word_1_412' title='bbox 1589 5140 1930 5205; x_wconf 78' lang='lat' dir='ltr'><strong>Antiocheno,</strong></span> 
     </span>
    </p>
   </div>
   <div class='ocr_carea' id='block_1_59' title="bbox 343 5207 1930 5282">
    <p class='ocr_par' dir='ltr' id='par_1_59' title="bbox 343 5207 1930 5282">
     <span class='ocr_line' id='line_1_60' title="bbox 343 5207 1930 5282; baseline -0.001 -17"><span class='ocrx_word' id='word_1_413' title='bbox 343 5228 400 5282; x_wconf 90' lang='lat' dir='ltr'><strong>p.</strong></span> <span class='ocrx_word' id='word_1_414' title='bbox 430 5209 540 5282; x_wconf 72' lang='lat'><strong>295</strong></span> <span class='ocrx_word' id='word_1_415' title='bbox 569 5207 700 5263; x_wconf 76' lang='lat' dir='ltr'><strong>edit.</strong></span> <span class='ocrx_word' id='word_1_416' title='bbox 735 5208 1123 5282; x_wconf 83' lang='lat' dir='ltr'><strong>Amstelodami</strong></span> <span class='ocrx_word' id='word_1_417' title='bbox 1159 5208 1287 5262; x_wconf 91' lang='lat' dir='ltr'><strong>anni</strong></span> <span class='ocrx_word' id='word_1_418' title='bbox 1302 5207 1492 5282; x_wconf 48' lang='lat'><strong>3703,</strong></span> <span class='ocrx_word' id='word_1_419' title='bbox 1533 5211 1736 5263; x_wconf 92' lang='lat' dir='ltr'><strong>nullam</strong></span> <span class='ocrx_word' id='word_1_420' title='bbox 1768 5211 1930 5264; x_wconf 80' lang='lat' dir='ltr'><strong>aliaat</strong></span> 
     </span>
    </p>
   </div>
   <div class='ocr_carea' id='block_1_60' title="bbox 343 5277 1929 5350">
    <p class='ocr_par' dir='ltr' id='par_1_60' title="bbox 343 5277 1929 5350">
     <span class='ocr_line' id='line_1_61' title="bbox 343 5277 1929 5350; baseline -0.001 -15"><span class='ocrx_word' id='word_1_421' title='bbox 343 5277 564 5335; x_wconf 60' lang='lat' dir='ltr'><strong>hrabiae</strong></span> <span class='ocrx_word' id='word_1_422' title='bbox 615 5278 959 5350; x_wconf 72' lang='lat' dir='ltr'><strong>metr0polim</strong></span> <span class='ocrx_word' id='word_1_423' title='bbox 989 5319 1003 5343; x_wconf 96' lang='lat'><strong>,</strong></span> <span class='ocrx_word' id='word_1_424' title='bbox 1057 5289 1253 5346; x_wconf 66' lang='lat' dir='ltr'><strong>praeter</strong></span> <span class='ocrx_word' id='word_1_425' title='bbox 1301 5277 1551 5350; x_wconf 85' lang='lat' dir='ltr'><strong>Bostram</strong></span> <span class='ocrx_word' id='word_1_426' title='bbox 1580 5283 1886 5350; x_wconf 9' lang='lat' dir='ltr'><strong>,ragnoscit</strong></span> <span class='ocrx_word' id='word_1_427' title='bbox 1914 5320 1929 5343; x_wconf 93' lang='lat'><strong>,</strong></span> 
     </span>
    </p>
   </div>
   <div class='ocr_carea' id='block_1_61' title="bbox 341 5347 1934 5490">
    <p class='ocr_par' dir='ltr' id='par_1_61' title="bbox 341 5347 1934 5490">
     <span class='ocr_line' id='line_1_62' title="bbox 350 5347 1934 5419; baseline 0.001 -16"><span class='ocrx_word' id='word_1_428' title='bbox 350 5369 372 5403; x_wconf 70' lang='grc' dir='ltr'><em>α</em></span> <span class='ocrx_word' id='word_1_429' title='bbox 408 5350 572 5419; x_wconf 88' lang='lat' dir='ltr'><strong>cujus</strong></span> <span class='ocrx_word' id='word_1_430' title='bbox 603 5350 894 5418; x_wconf 80' lang='lat' dir='ltr'><strong>episcopus</strong></span> <span class='ocrx_word' id='word_1_431' title='bbox 923 5347 1316 5402; x_wconf 85' lang='lat' dir='ltr'><strong>Constantinus</strong></span> <span class='ocrx_word' id='word_1_432' title='bbox 1361 5348 1656 5404; x_wconf 86' lang='lat' dir='ltr'><strong>subscribit</strong></span> <span class='ocrx_word' id='word_1_433' title='bbox 1683 5347 1934 5404; x_wconf 54' lang='lat' dir='ltr'><strong>&#39;concilio</strong></span> 
     </span>
     <span class='ocr_line' id='line_1_63' title="bbox 341 5415 1928 5490; baseline -0.001 -13"><span class='ocrx_word' id='word_1_434' title='bbox 341 5420 800 5490; x_wconf 72' lang='lat' dir='ltr'><strong>Clialcedonensi,</strong></span> <span class='ocrx_word' id='word_1_435' title='bbox 848 5428 902 5473; x_wconf 88' lang='lat' dir='ltr'><strong>et</strong></span> <span class='ocrx_word' id='word_1_436' title='bbox 945 5419 998 5474; x_wconf 91' lang='lat' dir='ltr'><strong>in</strong></span> <span class='ocrx_word' id='word_1_437' title='bbox 1028 5415 1622 5488; x_wconf 85' lang='lat' dir='ltr'><strong>Constantinopolitano</strong></span> <span class='ocrx_word' id='word_1_438' title='bbox 1652 5435 1714 5484; x_wconf 88' lang='lat' dir='ltr'><strong>tt,</strong></span> <span class='ocrx_word' id='word_1_439' title='bbox 1746 5437 1928 5490; x_wconf 90' lang='lat' dir='ltr'><strong>gener.</strong></span> 
     </span>
    </p>
   </div>
   <div class='ocr_carea' id='block_1_62' title="bbox 344 5487 1932 5559">
    <p class='ocr_par' dir='ltr' id='par_1_62' title="bbox 344 5487 1932 5559">
     <span class='ocr_line' id='line_1_64' title="bbox 344 5487 1932 5559; baseline 0.001 -15"><span class='ocrx_word' id='word_1_440' title='bbox 344 5508 414 5554; x_wconf 86' lang='lat' dir='ltr'><strong>v,</strong></span> <span class='ocrx_word' id='word_1_441' title='bbox 457 5490 686 5559; x_wconf 80' lang='lat' dir='ltr'><strong>Joannis</strong></span> <span class='ocrx_word' id='word_1_442' title='bbox 733 5487 1122 5543; x_wconf 86' lang='lat' dir='ltr'><strong>Bostrenorum</strong></span> <span class='ocrx_word' id='word_1_443' title='bbox 1175 5487 1403 5558; x_wconf 59' lang='lat' dir='ltr'><strong>metrop;</strong></span> <span class='ocrx_word' id='word_1_444' title='bbox 1443 5491 1612 5559; x_wconf 86' lang='lat' dir='ltr'><strong>epise.</strong></span> <span class='ocrx_word' id='word_1_445' title='bbox 1667 5487 1932 5546; x_wconf 74' lang='lat' dir='ltr'><strong>memoria</strong></span> 
     </span>
    </p>
   </div>
   <div class='ocr_carea' id='block_1_63' title="bbox 342 5557 1932 5629">
    <p class='ocr_par' dir='ltr' id='par_1_63' title="bbox 342 5557 1932 5629">
     <span class='ocr_line' id='line_1_65' title="bbox 342 5557 1932 5629; baseline -0.001 -12"><span class='ocrx_word' id='word_1_446' title='bbox 342 5573 446 5618; x_wconf 89' lang='lat' dir='ltr'><strong>cst.</strong></span> <span class='ocrx_word' id='word_1_447' title='bbox 488 5581 508 5612; x_wconf 77' lang='grc' dir='ltr'><strong><em>ι</em></strong></span> <span class='ocrx_word' id='word_1_448' title='bbox 536 5559 590 5612; x_wconf 83' lang='grc' dir='ltr'><strong>1η</strong></span> <span class='ocrx_word' id='word_1_449' title='bbox 616 5557 832 5629; x_wconf 82' lang='lat' dir='ltr'><strong>Notitiis</strong></span> <span class='ocrx_word' id='word_1_450' title='bbox 857 5559 1095 5629; x_wconf 89' lang='lat' dir='ltr'><strong>antiquis</strong></span> <span class='ocrx_word' id='word_1_451' title='bbox 1117 5561 1185 5614; x_wconf 88' lang='lat' dir='ltr'><strong>ab</strong></span> <span class='ocrx_word' id='word_1_452' title='bbox 1205 5559 1392 5614; x_wconf 87' lang='lat' dir='ltr'><strong>eodem</strong></span> <span class='ocrx_word' id='word_1_453' title='bbox 1410 5557 1604 5614; x_wconf 74' lang='lat' dir='ltr'><strong>Cairolo</strong></span> <span class='ocrx_word' id='word_1_454' title='bbox 1625 5576 1655 5614; x_wconf 92' lang='lat' dir='ltr'><strong>a</strong></span> <span class='ocrx_word' id='word_1_455' title='bbox 1682 5559 1739 5614; x_wconf 94' lang='lat' dir='ltr'><strong>S.</strong></span> <span class='ocrx_word' id='word_1_456' title='bbox 1762 5559 1932 5616; x_wconf 89' lang='lat' dir='ltr'><strong>Paulo</strong></span> 
     </span>
    </p>
   </div>
   <div class='ocr_carea' id='block_1_64' title="bbox 343 5628 1932 5700">
    <p class='ocr_par' dir='ltr' id='par_1_64' title="bbox 343 5628 1932 5700">
     <span class='ocr_line' id='line_1_66' title="bbox 343 5628 1932 5700; baseline -0.001 -12"><span class='ocrx_word' id='word_1_457' title='bbox 343 5632 527 5694; x_wconf 81' lang='lat' dir='ltr'><strong>editis,</strong></span> <span class='ocrx_word' id='word_1_458' title='bbox 571 5634 734 5683; x_wconf 88' lang='lat' dir='ltr'><strong>etiam</strong></span> <span class='ocrx_word' id='word_1_459' title='bbox 785 5628 1332 5700; x_wconf 73' lang='lat' dir='ltr'><strong>Bostrametmpolis</strong></span> <span class='ocrx_word' id='word_1_460' title='bbox 1379 5631 1670 5699; x_wconf 76' lang='lat' dir='ltr'><strong>provincia:</strong></span> <span class='ocrx_word' id='word_1_461' title='bbox 1718 5631 1932 5686; x_wconf 73' lang='lat' dir='ltr'><strong>Arabia:</strong></span> 
     </span>
    </p>
   </div>
   <div class='ocr_carea' id='block_1_65' title="bbox 343 5699 1930 5772">
    <p class='ocr_par' dir='ltr' id='par_1_65' title="bbox 343 5699 1930 5772">
     <span class='ocr_line' id='line_1_67' title="bbox 343 5699 1930 5772; baseline 0 -15"><span class='ocrx_word' id='word_1_462' title='bbox 343 5703 691 5758; x_wconf 73' lang='lat' dir='ltr'><strong>describitur:</strong></span> <span class='ocrx_word' id='word_1_463' title='bbox 739 5699 952 5772; x_wconf 76' lang='grc' dir='ltr'><strong>Βόστρα</strong></span> <span class='ocrx_word' id='word_1_464' title='bbox 983 5699 1335 5772; x_wconf 72' lang='grc' dir='ltr'><strong>μητρόπὸλις,</strong></span> <span class='ocrx_word' id='word_1_465' title='bbox 1379 5716 1501 5772; x_wconf 88' lang='lat' dir='ltr'><strong>pag.</strong></span> <span class='ocrx_word' id='word_1_466' title='bbox 1535 5702 1624 5772; x_wconf 68' lang='lat'><strong>50.</strong></span> <span class='ocrx_word' id='word_1_467' title='bbox 1655 5700 1847 5756; x_wconf 83' lang='lat' dir='ltr'><strong>Bostra</strong></span> <span class='ocrx_word' id='word_1_468' title='bbox 1875 5703 1930 5757; x_wconf 88' lang='lat' dir='ltr'><strong>itt</strong></span> 
     </span>
    </p>
   </div>
   <div class='ocr_carea' id='block_1_66' title="bbox 346 5771 1927 5837">
    <p class='ocr_par' dir='ltr' id='par_1_66' title="bbox 346 5771 1927 5837">
     <span class='ocr_line' id='line_1_68' title="bbox 346 5771 1927 5837; baseline -0.001 -11"><span class='ocrx_word' id='word_1_469' title='bbox 346 5776 402 5826; x_wconf 78' lang='grc' dir='ltr'><strong>Λι</strong></span> <span class='ocrx_word' id='word_1_470' title='bbox 422 5773 547 5825; x_wconf 89' lang='lat' dir='ltr'><strong>abia</strong></span> <span class='ocrx_word' id='word_1_471' title='bbox 576 5773 741 5824; x_wconf 90' lang='lat' dir='ltr'><strong>etiam</strong></span> <span class='ocrx_word' id='word_1_472' title='bbox 793 5771 1249 5826; x_wconf 87' lang='lat' dir='ltr'><strong>commemoratur</strong></span> <span class='ocrx_word' id='word_1_473' title='bbox 1276 5787 1306 5824; x_wconf 91' lang='lat' dir='ltr'><strong>a</strong></span> <span class='ocrx_word' id='word_1_474' title='bbox 1347 5771 1574 5826; x_wconf 78' lang='lat' dir='ltr'><strong>Claudio</strong></span> <span class='ocrx_word' id='word_1_475' title='bbox 1605 5771 1893 5825; x_wconf 65' lang='lat' dir='ltr'><strong>Ptolemazo</strong></span> <span class='ocrx_word' id='word_1_476' title='bbox 1913 5813 1927 5837; x_wconf 96' lang='lat'><strong>,</strong></span> 
     </span>
    </p>
   </div>
   <div class='ocr_carea' id='block_1_67' title="bbox 347 5840 1929 5914">
    <p class='ocr_par' dir='ltr' id='par_1_67' title="bbox 347 5840 1929 5914">
     <span class='ocr_line' id='line_1_69' title="bbox 347 5840 1929 5914; baseline 0 -17"><span class='ocrx_word' id='word_1_477' title='bbox 347 5843 643 5914; x_wconf 63' lang='lat' dir='ltr'><strong>Ceoyruph.</strong></span> <span class='ocrx_word' id='word_1_478' title='bbox 678 5841 904 5896; x_wconf 72' lang='lat' dir='ltr'><strong>uniters.</strong></span> <span class='ocrx_word' id='word_1_479' title='bbox 937 5841 1028 5896; x_wconf 86' lang='lat' dir='ltr'><strong>lib.</strong></span> <span class='ocrx_word' id='word_1_480' title='bbox 1066 5857 1116 5907; x_wconf 72' lang='grc' dir='ltr'><strong>γ,</strong></span> <span class='ocrx_word' id='word_1_481' title='bbox 1152 5857 1201 5896; x_wconf 91' lang='lat' dir='ltr'><strong>c.</strong></span> <span class='ocrx_word' id='word_1_482' title='bbox 1238 5841 1325 5908; x_wconf 84' lang='grc'><strong>17,</strong></span> <span class='ocrx_word' id='word_1_483' title='bbox 1360 5857 1478 5912; x_wconf 81' lang='lat' dir='ltr'><strong>pag.</strong></span> <span class='ocrx_word' id='word_1_484' title='bbox 1531 5841 1629 5896; x_wconf 74' lang='grc'><strong>101</strong></span> <span class='ocrx_word' id='word_1_485' title='bbox 1663 5843 1791 5898; x_wconf 88' lang='lat' dir='ltr'><strong>edit.</strong></span> <span class='ocrx_word' id='word_1_486' title='bbox 1824 5840 1929 5897; x_wconf 84' lang='lat' dir='ltr'><strong>Ba-</strong></span> 
     </span>
    </p>
   </div>
   <div class='ocr_carea' id='block_1_68' title="bbox 1960 3222 2001 3278">
    <p class='ocr_par' dir='ltr' id='par_1_68' title="bbox 1960 3222 2001 3278">
     <span class='ocr_line' id='line_1_70' title="bbox 1960 3222 2001 3278; baseline 0 0"><span class='ocrx_word' id='word_1_487' title='bbox 1960 3222 2001 3278; x_wconf 90' lang='lat' dir='ltr'><strong>C</strong></span> 
     </span>
    </p>
   </div>
   <div class='ocr_carea' id='block_1_69' title="bbox 2054 577 2418 646">
    <p class='ocr_par' dir='ltr' id='par_1_69' title="bbox 2054 577 2418 646">
     <span class='ocr_line' id='line_1_71' title="bbox 2054 577 2418 646; baseline -0.005 -13"><span class='ocrx_word' id='word_1_488' title='bbox 2054 578 2242 633; x_wconf 78' lang='lat' dir='ltr'><strong>Scribit</strong></span> <span class='ocrx_word' id='word_1_489' title='bbox 2271 577 2382 646; x_wconf 82' lang='grc'><strong>(5-1)</strong></span> <span class='ocrx_word' id='word_1_490' title='bbox 2405 595 2418 631; x_wconf 90' lang='lat'><strong>:</strong></span> 
     </span>
    </p>
   </div>
   <div class='ocr_carea' id='block_1_70' title="bbox 2195 687 3370 744">
    <p class='ocr_par' dir='ltr' id='par_1_70' title="bbox 2195 687 3370 744">
     <span class='ocr_line' id='line_1_72' title="bbox 2195 687 3370 744; baseline -0.002 0"><span class='ocrx_word' id='word_1_491' title='bbox 2195 690 2416 744; x_wconf 82' lang='lat' dir='ltr'><strong>Sistitur</strong></span> <span class='ocrx_word' id='word_1_492' title='bbox 2446 690 2631 742; x_wconf 86' lang='lat' dir='ltr'><strong>insano</strong></span> <span class='ocrx_word' id='word_1_493' title='bbox 2663 689 2850 741; x_wconf 85' lang='lat' dir='ltr'><strong>rectori</strong></span> <span class='ocrx_word' id='word_1_494' title='bbox 2873 687 3212 742; x_wconf 74' lang='lat' dir='ltr'><strong>Christicolas</strong></span> <span class='ocrx_word' id='word_1_495' title='bbox 3245 698 3370 742; x_wconf 84' lang='lat' dir='ltr'><strong>tunc</strong></span> 
     </span>
    </p>
   </div>
   <div class='ocr_carea' id='block_1_71' title="bbox 2183 757 3242 824">
    <p class='ocr_par' dir='ltr' id='par_1_71' title="bbox 2183 757 3242 824">
     <span class='ocr_line' id='line_1_73' title="bbox 2183 757 3242 824; baseline -0.001 -10"><span class='ocrx_word' id='word_1_496' title='bbox 2183 778 2194 790; x_wconf 84' lang='grc'><strong>·</strong></span> <span class='ocrx_word' id='word_1_497' title='bbox 2268 759 2419 814; x_wconf 84' lang='lat' dir='ltr'><strong>Ostia</strong></span> <span class='ocrx_word' id='word_1_498' title='bbox 2457 761 2667 814; x_wconf 77' lang='lat' dir='ltr'><strong>vexanti</strong></span> <span class='ocrx_word' id='word_1_499' title='bbox 2694 776 2784 824; x_wconf 86' lang='lat' dir='ltr'><strong>per</strong></span> <span class='ocrx_word' id='word_1_500' title='bbox 2817 757 3060 812; x_wconf 83' lang='lat' dir='ltr'><strong>Tiberina</strong></span> <span class='ocrx_word' id='word_1_501' title='bbox 3083 761 3242 813; x_wconf 65' lang='lat' dir='ltr'><strong>viros.</strong></span> 
     </span>
    </p>
   </div>
   <div class='ocr_carea' id='block_1_72' title="bbox 2193 827 3358 899">
    <p class='ocr_par' dir='ltr' id='par_1_72' title="bbox 2193 827 3358 899">
     <span class='ocr_line' id='line_1_74' title="bbox 2193 827 3358 899; baseline -0.002 -15"><span class='ocrx_word' id='word_1_502' title='bbox 2193 829 2298 884; x_wconf 83' lang='lat' dir='ltr'><strong>Illo</strong></span> <span class='ocrx_word' id='word_1_503' title='bbox 2331 847 2548 899; x_wconf 85' lang='lat' dir='ltr'><strong>namque</strong></span> <span class='ocrx_word' id='word_1_504' title='bbox 2578 831 2662 882; x_wconf 87' lang='lat' dir='ltr'><strong>die</strong></span> <span class='ocrx_word' id='word_1_505' title='bbox 2692 827 2857 881; x_wconf 86' lang='lat' dir='ltr'><strong>Roma</strong></span> <span class='ocrx_word' id='word_1_506' title='bbox 2889 839 3186 891; x_wconf 76' lang='lat' dir='ltr'><strong>secesserat,</strong></span> <span class='ocrx_word' id='word_1_507' title='bbox 3221 829 3358 899; x_wconf 71' lang='lat' dir='ltr'><strong>ipso:</strong></span> 
     </span>
    </p>
   </div>
   <div class='ocr_carea' id='block_1_73' title="bbox 2261 898 3396 972">
    <p class='ocr_par' dir='ltr' id='par_1_73' title="bbox 2261 898 3396 972">
     <span class='ocr_line' id='line_1_75' title="bbox 2261 898 3396 972; baseline 0 -18"><span class='ocrx_word' id='word_1_508' title='bbox 2261 899 2416 954; x_wconf 81' lang='lat' dir='ltr'><strong>Peste</strong></span> <span class='ocrx_word' id='word_1_509' title='bbox 2443 898 2766 954; x_wconf 76' lang='lat' dir='ltr'><strong>suburbanus</strong></span> <span class='ocrx_word' id='word_1_510' title='bbox 2801 910 2856 952; x_wconf 86' lang='lat' dir='ltr'><strong>ut</strong></span> <span class='ocrx_word' id='word_1_511' title='bbox 2890 910 3123 968; x_wconf 86' lang='lat' dir='ltr'><strong>quateret</strong></span> <span class='ocrx_word' id='word_1_512' title='bbox 3151 898 3396 972; x_wconf 79' lang='lat' dir='ltr'><strong>populus.</strong></span> 
     </span>
    </p>
   </div>
   <div class='ocr_carea' id='block_1_74' title="bbox 2051 1012 2638 1084">
    <p class='ocr_par' dir='ltr' id='par_1_74' title="bbox 2051 1012 2638 1084">
     <span class='ocr_line' id='line_1_76' title="bbox 2051 1012 2638 1084; baseline 0.003 -18"><span class='ocrx_word' id='word_1_513' title='bbox 2051 1012 2115 1066; x_wconf 85' lang='lat' dir='ltr'><strong>Et</strong></span> <span class='ocrx_word' id='word_1_514' title='bbox 2147 1022 2269 1084; x_wconf 90' lang='lat' dir='ltr'><strong>post</strong></span> <span class='ocrx_word' id='word_1_515' title='bbox 2295 1029 2465 1082; x_wconf 89' lang='lat' dir='ltr'><strong>pauca</strong></span> <span class='ocrx_word' id='word_1_516' title='bbox 2492 1013 2603 1081; x_wconf 73' lang='lat'><strong>(52)</strong></span> <span class='ocrx_word' id='word_1_517' title='bbox 2626 1031 2638 1068; x_wconf 92' lang='lat'>:</span> 
     </span>
    </p>
   </div>
   <div class='ocr_carea' id='block_1_75' title="bbox 2194 1102 3494 1173">
    <p class='ocr_par' dir='ltr' id='par_1_75' title="bbox 2194 1102 3494 1173">
     <span class='ocr_line' id='line_1_77' title="bbox 2194 1102 3494 1173; baseline -0.001 -15"><span class='ocrx_word' id='word_1_518' title='bbox 2194 1103 2494 1158; x_wconf 87' lang='lat' dir='ltr'><strong>Protulerat</strong></span> <span class='ocrx_word' id='word_1_519' title='bbox 2520 1105 2713 1158; x_wconf 84' lang='lat' dir='ltr'><strong>rabiem</strong></span> <span class='ocrx_word' id='word_1_520' title='bbox 2747 1102 2998 1173; x_wconf 82' lang='lat' dir='ltr'><strong>Tyrrheni</strong></span> <span class='ocrx_word' id='word_1_521' title='bbox 3027 1102 3096 1155; x_wconf 85' lang='lat' dir='ltr'><strong>ad</strong></span> <span class='ocrx_word' id='word_1_522' title='bbox 3123 1103 3316 1156; x_wconf 86' lang='lat' dir='ltr'><strong>littoris</strong></span> <span class='ocrx_word' id='word_1_523' title='bbox 3351 1120 3494 1166; x_wconf 73' lang='lat' dir='ltr'><strong>oras,</strong></span> 
     </span>
    </p>
   </div>
   <div class='ocr_carea' id='block_1_76' title="bbox 2255 1172 3583 1245">
    <p class='ocr_par' dir='ltr' id='par_1_76' title="bbox 2255 1172 3583 1245">
     <span class='ocr_line' id='line_1_78' title="bbox 2255 1172 3583 1245; baseline 0.001 -18"><span class='ocrx_word' id='word_1_524' title='bbox 2255 1173 2482 1245; x_wconf 71' lang='lat' dir='ltr'><strong>Qquue</strong></span> <span class='ocrx_word' id='word_1_525' title='bbox 2508 1175 2620 1228; x_wconf 84' lang='lat' dir='ltr'><strong>loca</strong></span> <span class='ocrx_word' id='word_1_526' title='bbox 2645 1172 2910 1242; x_wconf 74' lang='lat' dir='ltr'><strong>wquoreus</strong></span> <span class='ocrx_word' id='word_1_527' title='bbox 2933 1174 3173 1242; x_wconf 73' lang='lat' dir='ltr'><strong>proxima</strong></span> <span class='ocrx_word' id='word_1_528' title='bbox 3201 1183 3381 1241; x_wconf 76' lang='lat' dir='ltr'><strong>portus</strong></span> <span class='ocrx_word' id='word_1_529' title='bbox 3410 1172 3583 1228; x_wconf 82' lang='lat' dir='ltr'><strong>habet.</strong></span> 
     </span>
    </p>
   </div>
   <div class='ocr_carea' id='block_1_77' title="bbox 2045 1264 3623 1323">
    <p class='ocr_par' dir='ltr' id='par_1_77' title="bbox 2045 1264 3623 1323">
     <span class='ocr_line' id='line_1_79' title="bbox 2045 1264 3623 1323; baseline 0.002 -4"><span class='ocrx_word' id='word_1_530' title='bbox 2045 1264 2154 1320; x_wconf 82' lang='lat' dir='ltr'><strong>Nec</strong></span> <span class='ocrx_word' id='word_1_531' title='bbox 2186 1265 2482 1322; x_wconf 72' lang='lat' dir='ltr'><strong>Prudentia</strong></span> <span class='ocrx_word' id='word_1_532' title='bbox 2528 1269 2849 1322; x_wconf 74' lang='lat' dir='ltr'><strong>adversatur</strong></span> <span class='ocrx_word' id='word_1_533' title='bbox 2893 1269 3318 1322; x_wconf 79' lang='lat' dir='ltr'><strong>vetustissimum</strong></span> <span class='ocrx_word' id='word_1_534' title='bbox 3368 1268 3623 1323; x_wconf 82' lang='lat' dir='ltr'><strong>calenda-</strong></span> 
     </span>
    </p>
   </div>
   <div class='ocr_carea' id='block_1_78' title="bbox 2047 1357 3620 1428">
    <p class='ocr_par' dir='ltr' id='par_1_78' title="bbox 2047 1357 3620 1428">
     <span class='ocr_line' id='line_1_80' title="bbox 2047 1357 3620 1428; baseline 0.002 -15"><span class='ocrx_word' id='word_1_535' title='bbox 2047 1360 2220 1425; x_wconf 88' lang='lat' dir='ltr'><strong>rium,</strong></span> <span class='ocrx_word' id='word_1_536' title='bbox 2255 1375 2364 1428; x_wconf 91' lang='lat' dir='ltr'><strong>quo</strong></span> <span class='ocrx_word' id='word_1_537' title='bbox 2395 1375 2493 1415; x_wconf 84' lang='lat' dir='ltr'><strong>usa</strong></span> <span class='ocrx_word' id='word_1_538' title='bbox 2537 1370 2620 1414; x_wconf 89' lang='lat' dir='ltr'><strong>est</strong></span> <span class='ocrx_word' id='word_1_539' title='bbox 2666 1361 2767 1414; x_wconf 85' lang='lat' dir='ltr'><strong>sub</strong></span> <span class='ocrx_word' id='word_1_540' title='bbox 2814 1359 3027 1414; x_wconf 80' lang='lat' dir='ltr'><strong>Liberio</strong></span> <span class='ocrx_word' id='word_1_541' title='bbox 3071 1357 3314 1414; x_wconf 75' lang='lat' dir='ltr'><strong>Romana</strong></span> <span class='ocrx_word' id='word_1_542' title='bbox 3344 1359 3620 1428; x_wconf 84' lang='lat' dir='ltr'><strong>Ecclesia,</strong></span> 
     </span>
    </p>
   </div>
   <div class='ocr_carea' id='block_1_79' title="bbox 2046 1448 3622 1523">
    <p class='ocr_par' dir='ltr' id='par_1_79' title="bbox 2046 1448 3622 1523">
     <span class='ocr_line' id='line_1_81' title="bbox 2046 1448 3622 1523; baseline 0.001 -19"><span class='ocrx_word' id='word_1_543' title='bbox 2046 1451 2175 1504; x_wconf 93' lang='lat' dir='ltr'><strong>dum</strong></span> <span class='ocrx_word' id='word_1_544' title='bbox 2208 1448 2264 1503; x_wconf 91' lang='grc'><strong>8.</strong></span> <span class='ocrx_word' id='word_1_545' title='bbox 2313 1448 2580 1522; x_wconf 85' lang='lat' dir='ltr'><strong>Hippolyti</strong></span> <span class='ocrx_word' id='word_1_546' title='bbox 2611 1450 2806 1505; x_wconf 84' lang='lat' dir='ltr'><strong>festum</strong></span> <span class='ocrx_word' id='word_1_547' title='bbox 2857 1449 3037 1505; x_wconf 90' lang='lat' dir='ltr'><strong>Idibus</strong></span> <span class='ocrx_word' id='word_1_548' title='bbox 3077 1451 3301 1523; x_wconf 45' lang='lat' dir='ltr'><strong>Augusti</strong></span> <span class='ocrx_word' id='word_1_549' title='bbox 3333 1452 3622 1518; x_wconf 85' lang='lat' dir='ltr'><strong>consignat</strong></span> 
     </span>
    </p>
   </div>
   <div class='ocr_carea' id='block_1_80' title="bbox 2044 1541 3618 1615">
    <p class='ocr_par' dir='ltr' id='par_1_80' title="bbox 2044 1541 3618 1615">
     <span class='ocr_line' id='line_1_82' title="bbox 2044 1541 3618 1615; baseline 0.002 -20"><span class='ocrx_word' id='word_1_550' title='bbox 2044 1541 2132 1597; x_wconf 88' lang='lat' dir='ltr'><strong>his</strong></span> <span class='ocrx_word' id='word_1_551' title='bbox 2166 1542 2384 1598; x_wconf 86' lang='lat' dir='ltr'><strong>verbis:</strong></span> <span class='ocrx_word' id='word_1_552' title='bbox 2416 1561 2434 1594; x_wconf 73' lang='grc' dir='ltr'>ί</span> <span class='ocrx_word' id='word_1_553' title='bbox 2471 1541 2739 1615; x_wconf 88' lang='lat' dir='ltr'><strong>Hippolyti</strong></span> <span class='ocrx_word' id='word_1_554' title='bbox 2771 1545 2824 1598; x_wconf 91' lang='lat' dir='ltr'><strong>in</strong></span> <span class='ocrx_word' id='word_1_555' title='bbox 2865 1541 3171 1610; x_wconf 81' lang='lat' dir='ltr'><strong>Tiburtina,</strong></span> <span class='ocrx_word' id='word_1_556' title='bbox 3202 1554 3254 1597; x_wconf 84' lang='lat' dir='ltr'><strong>et</strong></span> <span class='ocrx_word' id='word_1_557' title='bbox 3284 1544 3528 1598; x_wconf 86' lang='lat' dir='ltr'><strong>Pontiani</strong></span> <span class='ocrx_word' id='word_1_558' title='bbox 3564 1544 3618 1598; x_wconf 85' lang='lat' dir='ltr'><strong>in</strong></span> 
     </span>
    </p>
   </div>
   <div class='ocr_carea' id='block_1_81' title="bbox 2043 1635 3621 1691">
    <p class='ocr_par' dir='ltr' id='par_1_81' title="bbox 2043 1635 3621 1691">
     <span class='ocr_line' id='line_1_83' title="bbox 2043 1635 3621 1691; baseline 0 -2"><span class='ocrx_word' id='word_1_559' title='bbox 2043 1635 2240 1690; x_wconf 78' lang='lat' dir='ltr'><strong>Calixti</strong></span> <span class='ocrx_word' id='word_1_560' title='bbox 2273 1651 2288 1689; x_wconf 90' lang='lat'><strong>:</strong></span> <span class='ocrx_word' id='word_1_561' title='bbox 2318 1655 2338 1688; x_wconf 71' lang='grc' dir='ltr'><strong><em>ι</em></strong></span> <span class='ocrx_word' id='word_1_562' title='bbox 2373 1636 2534 1691; x_wconf 84' lang='lat' dir='ltr'><strong>verba</strong></span> <span class='ocrx_word' id='word_1_563' title='bbox 2563 1637 2707 1690; x_wconf 85' lang='lat' dir='ltr'><strong>enim</strong></span> <span class='ocrx_word' id='word_1_564' title='bbox 2737 1637 2824 1690; x_wconf 87' lang='lat' dir='ltr'><strong>illa</strong></span> <span class='ocrx_word' id='word_1_565' title='bbox 2852 1638 2907 1690; x_wconf 87' lang='lat' dir='ltr'><strong>in</strong></span> <span class='ocrx_word' id='word_1_566' title='bbox 2958 1635 3234 1690; x_wconf 84' lang='lat' dir='ltr'><strong>Tiburtina</strong></span> <span class='ocrx_word' id='word_1_567' title='bbox 3258 1646 3312 1690; x_wconf 88' lang='lat' dir='ltr'><strong>et</strong></span> <span class='ocrx_word' id='word_1_568' title='bbox 3339 1637 3391 1689; x_wconf 86' lang='lat' dir='ltr'><strong>in</strong></span> <span class='ocrx_word' id='word_1_569' title='bbox 3417 1635 3621 1691; x_wconf 68' lang='lat' dir='ltr'><strong>Calixti</strong></span> 
     </span>
    </p>
   </div>
   <div class='ocr_carea' id='block_1_82' title="bbox 2043 1711 3620 1798">
    <p class='ocr_par' dir='ltr' id='par_1_82' title="bbox 2043 1711 3620 1798">
     <span class='ocr_line' id='line_1_84' title="bbox 2043 1711 3620 1798; baseline 0.001 -19"><span class='ocrx_word' id='word_1_570' title='bbox 2043 1726 2352 1781; x_wconf 76' lang='lat' dir='ltr'><strong>cmmetcria</strong></span> <span class='ocrx_word' id='word_1_571' title='bbox 2395 1727 2680 1796; x_wconf 85' lang='lat' dir='ltr'><strong>designant</strong></span> <span class='ocrx_word' id='word_1_572' title='bbox 2709 1727 2763 1780; x_wconf 91' lang='lat' dir='ltr'><strong>in</strong></span> <span class='ocrx_word' id='word_1_573' title='bbox 2795 1711 2991 1796; x_wconf 86' lang='lat' dir='ltr'><strong>quibus</strong></span> <span class='ocrx_word' id='word_1_574' title='bbox 3025 1726 3124 1780; x_wconf 85' lang='lat' dir='ltr'><strong>SS.</strong></span> <span class='ocrx_word' id='word_1_575' title='bbox 3161 1736 3456 1798; x_wconf 86' lang='lat' dir='ltr'><strong>martyrum</strong></span> <span class='ocrx_word' id='word_1_576' title='bbox 3498 1742 3620 1782; x_wconf 88' lang='lat' dir='ltr'><strong>cor-</strong></span> 
     </span>
    </p>
   </div>
   <div class='ocr_carea' id='block_1_83' title="bbox 2046 1817 3620 1889">
    <p class='ocr_par' dir='ltr' id='par_1_83' title="bbox 2046 1817 3620 1889">
     <span class='ocr_line' id='line_1_85' title="bbox 2046 1817 3620 1889; baseline 0.004 -21"><span class='ocrx_word' id='word_1_577' title='bbox 2046 1832 2177 1884; x_wconf 90' lang='lat' dir='ltr'><strong>pora</strong></span> <span class='ocrx_word' id='word_1_578' title='bbox 2215 1818 2600 1888; x_wconf 91' lang='lat' dir='ltr'><strong>quiescebant,</strong></span> <span class='ocrx_word' id='word_1_579' title='bbox 2629 1827 2682 1872; x_wconf 91' lang='lat' dir='ltr'><strong>et</strong></span> <span class='ocrx_word' id='word_1_580' title='bbox 2713 1817 2980 1889; x_wconf 89' lang='lat' dir='ltr'><strong>Hippolyti</strong></span> <span class='ocrx_word' id='word_1_581' title='bbox 3015 1819 3386 1873; x_wconf 69' lang='lat' dir='ltr'><strong>cmmeterium</strong></span> <span class='ocrx_word' id='word_1_582' title='bbox 3435 1819 3486 1872; x_wconf 93' lang='lat' dir='ltr'><strong>in</strong></span> <span class='ocrx_word' id='word_1_583' title='bbox 3534 1819 3620 1874; x_wconf 81' lang='lat' dir='ltr'><strong>via</strong></span> 
     </span>
    </p>
   </div>
   <div class='ocr_carea' id='block_1_84' title="bbox 2047 1907 3618 1979">
    <p class='ocr_par' dir='ltr' id='par_1_84' title="bbox 2047 1907 3618 1979">
     <span class='ocr_line' id='line_1_86' title="bbox 2047 1907 3618 1979; baseline 0.001 -18"><span class='ocrx_word' id='word_1_584' title='bbox 2047 1907 2331 1964; x_wconf 88' lang='lat' dir='ltr'><strong>Tiburtina</strong></span> <span class='ocrx_word' id='word_1_585' title='bbox 2380 1909 2542 1963; x_wconf 90' lang='lat' dir='ltr'><strong>situm</strong></span> <span class='ocrx_word' id='word_1_586' title='bbox 2589 1907 2758 1964; x_wconf 79' lang='lat' dir='ltr'><strong>fuisse</strong></span> <span class='ocrx_word' id='word_1_587' title='bbox 2787 1910 3036 1979; x_wconf 80' lang='lat' dir='ltr'><strong>superius</strong></span> <span class='ocrx_word' id='word_1_588' title='bbox 3077 1909 3434 1965; x_wconf 86' lang='lat' dir='ltr'><strong>ostendimus.</strong></span> <span class='ocrx_word' id='word_1_589' title='bbox 3472 1909 3618 1963; x_wconf 71' lang='lat' dir='ltr'><strong>Con~</strong></span> 
     </span>
    </p>
   </div>
   <div class='ocr_carea' id='block_1_85' title="bbox 2045 2000 3620 2072">
    <p class='ocr_par' dir='ltr' id='par_1_85' title="bbox 2045 2000 3620 2072">
     <span class='ocr_line' id='line_1_87' title="bbox 2045 2000 3620 2072; baseline 0.001 -17"><span class='ocrx_word' id='word_1_590' title='bbox 2045 2001 2210 2056; x_wconf 85' lang='lat' dir='ltr'><strong>sentit</strong></span> <span class='ocrx_word' id='word_1_591' title='bbox 2258 2001 2431 2055; x_wconf 91' lang='lat' dir='ltr'><strong>eidem</strong></span> <span class='ocrx_word' id='word_1_592' title='bbox 2480 2000 2777 2056; x_wconf 91' lang='lat' dir='ltr'><strong>Prudentio</strong></span> <span class='ocrx_word' id='word_1_593' title='bbox 2819 2002 3246 2056; x_wconf 88' lang='lat' dir='ltr'><strong>vetustissimum</strong></span> <span class='ocrx_word' id='word_1_594' title='bbox 3299 2001 3620 2072; x_wconf 75' lang='lat' dir='ltr'><strong>Martyrolo-</strong></span> 
     </span>
    </p>
   </div>
   <div class='ocr_carea' id='block_1_86' title="bbox 2045 2091 3618 2160">
    <p class='ocr_par' dir='ltr' id='par_1_86' title="bbox 2045 2091 3618 2160">
     <span class='ocr_line' id='line_1_88' title="bbox 2045 2091 3618 2160; baseline 0.003 -16"><span class='ocrx_word' id='word_1_595' title='bbox 2045 2091 2193 2160; x_wconf 86' lang='lat' dir='ltr'><strong>giom</strong></span> <span class='ocrx_word' id='word_1_596' title='bbox 2243 2107 2274 2146; x_wconf 91' lang='lat' dir='ltr'><strong>a</strong></span> <span class='ocrx_word' id='word_1_597' title='bbox 2313 2091 2578 2146; x_wconf 87' lang='lat' dir='ltr'><strong>Dacherio</strong></span> <span class='ocrx_word' id='word_1_598' title='bbox 2613 2091 2816 2146; x_wconf 90' lang='lat' dir='ltr'><strong>editum</strong></span> <span class='ocrx_word' id='word_1_599' title='bbox 2865 2093 2951 2148; x_wconf 86' lang='lat' dir='ltr'><strong>liis</strong></span> <span class='ocrx_word' id='word_1_600' title='bbox 3000 2093 3218 2146; x_wconf 89' lang='lat' dir='ltr'><strong>verbis:</strong></span> <span class='ocrx_word' id='word_1_601' title='bbox 3277 2112 3295 2144; x_wconf 86' lang='grc'><strong>‹</strong></span> <span class='ocrx_word' id='word_1_602' title='bbox 3333 2091 3388 2145; x_wconf 89' lang='lat' dir='ltr'><strong>In</strong></span> <span class='ocrx_word' id='word_1_603' title='bbox 3419 2092 3618 2148; x_wconf 87' lang='lat' dir='ltr'><strong>Tuscia</strong></span> 
     </span>
    </p>
   </div>
   <div class='ocr_carea' id='block_1_87' title="bbox 2045 2181 3617 2254">
    <p class='ocr_par' dir='ltr' id='par_1_87' title="bbox 2045 2181 3617 2254">
     <span class='ocr_line' id='line_1_89' title="bbox 2045 2181 3617 2254; baseline 0.003 -18"><span class='ocrx_word' id='word_1_604' title='bbox 2045 2183 2104 2238; x_wconf 89' lang='lat' dir='ltr'><strong>S.</strong></span> <span class='ocrx_word' id='word_1_605' title='bbox 2138 2181 2406 2254; x_wconf 89' lang='lat' dir='ltr'><strong>Hippolyti</strong></span> <span class='ocrx_word' id='word_1_606' title='bbox 2452 2185 2692 2254; x_wconf 81' lang='lat' dir='ltr'><strong>episcopi</strong></span> <span class='ocrx_word' id='word_1_607' title='bbox 2726 2185 2792 2238; x_wconf 89' lang='lat' dir='ltr'><strong>de</strong></span> <span class='ocrx_word' id='word_1_608' title='bbox 2823 2184 3082 2254; x_wconf 88' lang='lat' dir='ltr'><strong>antiquis.</strong></span> <span class='ocrx_word' id='word_1_609' title='bbox 3127 2204 3145 2235; x_wconf 77' lang='grc' dir='ltr'><strong><em>ι</em></strong></span> <span class='ocrx_word' id='word_1_610' title='bbox 3192 2185 3474 2239; x_wconf 88' lang='lat' dir='ltr'><strong>Consentit</strong></span> <span class='ocrx_word' id='word_1_611' title='bbox 3518 2186 3617 2240; x_wconf 84' lang='lat' dir='ltr'><strong>de-</strong></span> 
     </span>
    </p>
   </div>
   <div class='ocr_carea' id='block_1_88' title="bbox 2041 2273 3618 2345">
    <p class='ocr_par' dir='ltr' id='par_1_88' title="bbox 2041 2273 3618 2345">
     <span class='ocr_line' id='line_1_90' title="bbox 2041 2273 3618 2345; baseline 0.001 -17"><span class='ocrx_word' id='word_1_612' title='bbox 2041 2274 2207 2344; x_wconf 90' lang='lat' dir='ltr'><strong>nique</strong></span> <span class='ocrx_word' id='word_1_613' title='bbox 2240 2273 2678 2345; x_wconf 83' lang='lat' dir='ltr'><strong>Martyrologium</strong></span> <span class='ocrx_word' id='word_1_614' title='bbox 2727 2275 3031 2330; x_wconf 75' lang='lat' dir='ltr'><strong>Romanum</strong></span> <span class='ocrx_word' id='word_1_615' title='bbox 3074 2274 3518 2337; x_wconf 87' lang='lat' dir='ltr'><strong>Ottobonianum,</strong></span> <span class='ocrx_word' id='word_1_616' title='bbox 3563 2284 3618 2329; x_wconf 89' lang='lat' dir='ltr'><strong>ct</strong></span> 
     </span>
    </p>
   </div>
   <div class='ocr_carea' id='block_1_89' title="bbox 2040 2365 3618 2439">
    <p class='ocr_par' dir='ltr' id='par_1_89' title="bbox 2040 2365 3618 2439">
     <span class='ocr_line' id='line_1_91' title="bbox 2040 2365 3618 2439; baseline 0.001 -21"><span class='ocrx_word' id='word_1_617' title='bbox 2040 2365 2186 2420; x_wconf 89' lang='lat' dir='ltr'><strong>aliud</strong></span> <span class='ocrx_word' id='word_1_618' title='bbox 2233 2382 2264 2420; x_wconf 88' lang='lat' dir='ltr'><strong>a</strong></span> <span class='ocrx_word' id='word_1_619' title='bbox 2304 2365 2553 2422; x_wconf 84' lang='lat' dir='ltr'><strong>Fabricio</strong></span> <span class='ocrx_word' id='word_1_620' title='bbox 2579 2369 2690 2436; x_wconf 79' lang='lat'><strong>(53)</strong></span> <span class='ocrx_word' id='word_1_621' title='bbox 2725 2368 3037 2434; x_wconf 91' lang='lat' dir='ltr'><strong>laudatum,</strong></span> <span class='ocrx_word' id='word_1_622' title='bbox 3066 2367 3209 2437; x_wconf 87' lang='lat' dir='ltr'><strong>quod</strong></span> <span class='ocrx_word' id='word_1_623' title='bbox 3261 2367 3317 2420; x_wconf 88' lang='lat' dir='ltr'><strong>S.</strong></span> <span class='ocrx_word' id='word_1_624' title='bbox 3364 2366 3618 2439; x_wconf 86' lang='lat' dir='ltr'><strong>Hippoly-</strong></span> 
     </span>
    </p>
   </div>
   <div class='ocr_carea' id='block_1_90' title="bbox 2041 2458 3618 2529">
    <p class='ocr_par' dir='ltr' id='par_1_90' title="bbox 2041 2458 3618 2529">
     <span class='ocr_line' id='line_1_92' title="bbox 2041 2458 3618 2529; baseline 0.003 -19"><span class='ocrx_word' id='word_1_625' title='bbox 2041 2465 2154 2510; x_wconf 89' lang='lat' dir='ltr'><strong>tum</strong></span> <span class='ocrx_word' id='word_1_626' title='bbox 2200 2466 2446 2512; x_wconf 89' lang='lat' dir='ltr'><strong>nostrum</strong></span> <span class='ocrx_word' id='word_1_627' title='bbox 2503 2459 2556 2512; x_wconf 93' lang='lat' dir='ltr'><strong>in</strong></span> <span class='ocrx_word' id='word_1_628' title='bbox 2608 2459 2774 2514; x_wconf 86' lang='lat' dir='ltr'><strong>Portu</strong></span> <span class='ocrx_word' id='word_1_629' title='bbox 2818 2459 3063 2514; x_wconf 83' lang='lat' dir='ltr'><strong>Romano</strong></span> <span class='ocrx_word' id='word_1_630' title='bbox 3111 2475 3210 2529; x_wconf 86' lang='lat' dir='ltr'><strong>pro</strong></span> <span class='ocrx_word' id='word_1_631' title='bbox 3266 2458 3468 2514; x_wconf 89' lang='lat' dir='ltr'><strong>Christi</strong></span> <span class='ocrx_word' id='word_1_632' title='bbox 3511 2458 3618 2514; x_wconf 78' lang='lat' dir='ltr'><strong>tlu&#39;e</strong></span> 
     </span>
    </p>
   </div>
   <div class='ocr_carea' id='block_1_91' title="bbox 2037 2548 2633 2604">
    <p class='ocr_par' dir='ltr' id='par_1_91' title="bbox 2037 2548 2633 2604">
     <span class='ocr_line' id='line_1_93' title="bbox 2037 2548 2633 2604; baseline 0.003 -3"><span class='ocrx_word' id='word_1_633' title='bbox 2037 2548 2359 2603; x_wconf 90' lang='lat' dir='ltr'><strong>occubuisse</strong></span> <span class='ocrx_word' id='word_1_634' title='bbox 2389 2558 2633 2604; x_wconf 90' lang='lat' dir='ltr'><strong>testatur.</strong></span> 
     </span>
    </p>
   </div>
   <div class='ocr_carea' id='block_1_92' title="bbox 2113 2639 3616 2713">
    <p class='ocr_par' dir='ltr' id='par_1_92' title="bbox 2113 2639 3616 2713">
     <span class='ocr_line' id='line_1_94' title="bbox 2113 2639 3616 2713; baseline 0.004 -20"><span class='ocrx_word' id='word_1_635' title='bbox 2113 2639 2338 2696; x_wconf 86' lang='lat' dir='ltr'><strong>Demum</strong></span> <span class='ocrx_word' id='word_1_636' title='bbox 2397 2642 2442 2696; x_wconf 91' lang='lat' dir='ltr'><strong>si</strong></span> <span class='ocrx_word' id='word_1_637' title='bbox 2497 2659 2566 2697; x_wconf 82' lang='lat' dir='ltr'><strong>ex</strong></span> <span class='ocrx_word' id='word_1_638' title='bbox 2609 2643 2860 2713; x_wconf 84' lang='lat' dir='ltr'><strong>superius</strong></span> <span class='ocrx_word' id='word_1_639' title='bbox 2902 2643 3084 2699; x_wconf 90' lang='lat' dir='ltr'><strong>citatis</strong></span> <span class='ocrx_word' id='word_1_640' title='bbox 3126 2645 3304 2699; x_wconf 87' lang='lat' dir='ltr'><strong>verbis</strong></span> <span class='ocrx_word' id='word_1_641' title='bbox 3333 2643 3496 2698; x_wconf 91' lang='lat' dir='ltr'><strong>libelli</strong></span> <span class='ocrx_word' id='word_1_642' title='bbox 3539 2643 3616 2699; x_wconf 75' lang='lat' dir='ltr'><strong>De</strong></span> 
     </span>
    </p>
   </div>
   <div class='ocr_carea' id='block_1_93' title="bbox 2031 2732 3604 2806">
    <p class='ocr_par' dir='ltr' id='par_1_93' title="bbox 2031 2732 3604 2806">
     <span class='ocr_line' id='line_1_95' title="bbox 2031 2732 3604 2806; baseline 0.003 -21"><span class='ocrx_word' id='word_1_643' title='bbox 2031 2732 2240 2788; x_wconf 84' lang='lat' dir='ltr'><strong>duabus</strong></span> <span class='ocrx_word' id='word_1_644' title='bbox 2281 2735 2486 2788; x_wconf 77' lang='lat' dir='ltr'><strong>naturis</strong></span> <span class='ocrx_word' id='word_1_645' title='bbox 2541 2733 2599 2789; x_wconf 93' lang='lat' dir='ltr'><strong>S.</strong></span> <span class='ocrx_word' id='word_1_646' title='bbox 2632 2733 2846 2788; x_wconf 86' lang='lat' dir='ltr'><strong>Gelasio</strong></span> <span class='ocrx_word' id='word_1_647' title='bbox 2886 2736 3129 2804; x_wconf 84' lang='lat' dir='ltr'><strong>ascripti.</strong></span> <span class='ocrx_word' id='word_1_648' title='bbox 3165 2734 3222 2789; x_wconf 91' lang='lat' dir='ltr'><strong>S.</strong></span> <span class='ocrx_word' id='word_1_649' title='bbox 3257 2734 3604 2806; x_wconf 86' lang='lat' dir='ltr'><strong>Hippolytum</strong></span> 
     </span>
    </p>
   </div>
   <div class='ocr_carea' id='block_1_94' title="bbox 2037 2823 3617 2895">
    <p class='ocr_par' dir='ltr' id='par_1_94' title="bbox 2037 2823 3617 2895">
     <span class='ocr_line' id='line_1_96' title="bbox 2037 2823 3617 2895; baseline 0.004 -21"><span class='ocrx_word' id='word_1_650' title='bbox 2037 2823 2251 2878; x_wconf 84' lang='lat' dir='ltr'><strong>Arabiae</strong></span> <span class='ocrx_word' id='word_1_651' title='bbox 2285 2824 2758 2893; x_wconf 89' lang='lat' dir='ltr'><strong>metropolitanum</strong></span> <span class='ocrx_word' id='word_1_652' title='bbox 2799 2823 2969 2879; x_wconf 79' lang='lat' dir='ltr'><strong>fuisse</strong></span> <span class='ocrx_word' id='word_1_653' title='bbox 3015 2826 3212 2895; x_wconf 84' lang='lat' dir='ltr'><strong>aliquis</strong></span> <span class='ocrx_word' id='word_1_654' title='bbox 3257 2828 3474 2881; x_wconf 89' lang='lat' dir='ltr'><strong>credere</strong></span> <span class='ocrx_word' id='word_1_655' title='bbox 3521 2842 3617 2881; x_wconf 84' lang='lat' dir='ltr'><strong>vo-</strong></span> 
     </span>
    </p>
   </div>
   <div class='ocr_carea' id='block_1_95' title="bbox 2037 2913 3612 2986">
    <p class='ocr_par' dir='ltr' id='par_1_95' title="bbox 2037 2913 3612 2986">
     <span class='ocr_line' id='line_1_97' title="bbox 2037 2913 3612 2986; baseline 0.003 -20"><span class='ocrx_word' id='word_1_656' title='bbox 2037 2913 2219 2980; x_wconf 87' lang='lat' dir='ltr'><strong>luerit,</strong></span> <span class='ocrx_word' id='word_1_657' title='bbox 2246 2922 2487 2983; x_wconf 89' lang='lat' dir='ltr'><strong>oportet,</strong></span> <span class='ocrx_word' id='word_1_658' title='bbox 2539 2921 2598 2966; x_wconf 93' lang='lat' dir='ltr'><strong>ut</strong></span> <span class='ocrx_word' id='word_1_659' title='bbox 2646 2913 2803 2968; x_wconf 81' lang='lat' dir='ltr'><strong>nobis</strong></span> <span class='ocrx_word' id='word_1_660' title='bbox 2847 2914 2936 2968; x_wconf 91' lang='lat' dir='ltr'><strong>ille</strong></span> <span class='ocrx_word' id='word_1_661' title='bbox 2978 2913 3332 2981; x_wconf 83' lang='lat' dir='ltr'><strong>demonstret,</strong></span> <span class='ocrx_word' id='word_1_662' title='bbox 3362 2929 3612 2986; x_wconf 84' lang='lat' dir='ltr'><strong>quaenam</strong></span> 
     </span>
    </p>
   </div>
   <div class='ocr_carea' id='block_1_96' title="bbox 2036 3005 3616 3076">
    <p class='ocr_par' dir='ltr' id='par_1_96' title="bbox 2036 3005 3616 3076">
     <span class='ocr_line' id='line_1_98' title="bbox 2036 3005 3616 3076; baseline 0.002 -18"><span class='ocrx_word' id='word_1_663' title='bbox 2036 3005 2200 3059; x_wconf 81' lang='lat' dir='ltr'><strong>fuerit</strong></span> <span class='ocrx_word' id='word_1_664' title='bbox 2239 3005 2354 3061; x_wconf 60' lang='lat' dir='ltr'><strong>haec</strong></span> <span class='ocrx_word' id='word_1_665' title='bbox 2390 3005 2604 3061; x_wconf 68' lang='lat' dir='ltr'><strong>Arabiae</strong></span> <span class='ocrx_word' id='word_1_666' title='bbox 2634 3005 2950 3076; x_wconf 90' lang='lat' dir='ltr'><strong>metropolis</strong></span> <span class='ocrx_word' id='word_1_667' title='bbox 2984 3006 3072 3059; x_wconf 89' lang='lat' dir='ltr'><strong>cui</strong></span> <span class='ocrx_word' id='word_1_668' title='bbox 3103 3022 3334 3076; x_wconf 60' lang='lat' dir='ltr'><strong>praeesse</strong></span> <span class='ocrx_word' id='word_1_669' title='bbox 3377 3007 3616 3076; x_wconf 88' lang='lat' dir='ltr'><strong>potuerit</strong></span> 
     </span>
    </p>
   </div>
   <div class='ocr_carea' id='block_1_97' title="bbox 2036 3094 3614 3168">
    <p class='ocr_par' dir='ltr' id='par_1_97' title="bbox 2036 3094 3614 3168">
     <span class='ocr_line' id='line_1_99' title="bbox 2036 3094 3614 3168; baseline 0.002 -20"><span class='ocrx_word' id='word_1_670' title='bbox 2036 3094 2375 3168; x_wconf 87' lang='lat' dir='ltr'><strong>Hippolytus.</strong></span> <span class='ocrx_word' id='word_1_671' title='bbox 2425 3097 2504 3150; x_wconf 87' lang='lat' dir='ltr'><strong>Ex</strong></span> <span class='ocrx_word' id='word_1_672' title='bbox 2550 3096 2823 3151; x_wconf 88' lang='lat' dir='ltr'><strong>veteribus</strong></span> <span class='ocrx_word' id='word_1_673' title='bbox 2877 3096 3063 3162; x_wconf 89' lang='lat' dir='ltr'><strong>enim,</strong></span> <span class='ocrx_word' id='word_1_674' title='bbox 3112 3113 3234 3166; x_wconf 78' lang='lat' dir='ltr'><strong>qua:</strong></span> <span class='ocrx_word' id='word_1_675' title='bbox 3278 3105 3614 3166; x_wconf 90' lang='lat' dir='ltr'><strong>supersunt,</strong></span> 
     </span>
    </p>
   </div>
   <div class='ocr_carea' id='block_1_98' title="bbox 2038 3171 3618 3258">
    <p class='ocr_par' dir='ltr' id='par_1_98' title="bbox 2038 3171 3618 3258">
     <span class='ocr_line' id='line_1_100' title="bbox 2038 3171 3618 3258; baseline 0.001 -17"><span class='ocrx_word' id='word_1_676' title='bbox 2038 3188 2426 3252; x_wconf 88' lang='lat' dir='ltr'><strong>monumentis,</strong></span> <span class='ocrx_word' id='word_1_677' title='bbox 2456 3187 2658 3241; x_wconf 89' lang='lat' dir='ltr'><strong>nullam</strong></span> <span class='ocrx_word' id='word_1_678' title='bbox 2686 3171 2972 3241; x_wconf 55' lang='lat' dir='ltr'><strong>in&#39;Arabia</strong></span> <span class='ocrx_word' id='word_1_679' title='bbox 3003 3186 3270 3258; x_wconf 88' lang='lat' dir='ltr'><strong>Hippolyti</strong></span> <span class='ocrx_word' id='word_1_680' title='bbox 3299 3203 3414 3242; x_wconf 77' lang='lat' dir='ltr'><strong>aevo</strong></span> <span class='ocrx_word' id='word_1_681' title='bbox 3445 3187 3618 3243; x_wconf 84' lang='lat' dir='ltr'><strong>eccle-</strong></span> 
     </span>
    </p>
   </div>
   <div class='ocr_carea' id='block_1_99' title="bbox 2035 3277 3617 3348">
    <p class='ocr_par' dir='ltr' id='par_1_99' title="bbox 2035 3277 3617 3348">
     <span class='ocr_line' id='line_1_101' title="bbox 2035 3277 3617 3348; baseline -0.001 -14"><span class='ocrx_word' id='word_1_682' title='bbox 2035 3279 2308 3334; x_wconf 87' lang='lat' dir='ltr'><strong>siasticam</strong></span> <span class='ocrx_word' id='word_1_683' title='bbox 2352 3279 2717 3348; x_wconf 81' lang='lat' dir='ltr'><strong>metr0polim,</strong></span> <span class='ocrx_word' id='word_1_684' title='bbox 2741 3288 2936 3348; x_wconf 69' lang='lat' dir='ltr'><strong>praeter</strong></span> <span class='ocrx_word' id='word_1_685' title='bbox 2967 3277 3238 3341; x_wconf 90' lang='lat' dir='ltr'><strong>Bostram,</strong></span> <span class='ocrx_word' id='word_1_686' title='bbox 3270 3288 3487 3332; x_wconf 90' lang='lat' dir='ltr'><strong>exstare</strong></span> <span class='ocrx_word' id='word_1_687' title='bbox 3519 3281 3617 3348; x_wconf 85' lang='lat' dir='ltr'><strong>po-&#39;</strong></span> 
     </span>
    </p>
   </div>
   <div class='ocr_carea' id='block_1_100' title="bbox 2036 3368 3615 3441">
    <p class='ocr_par' dir='ltr' id='par_1_100' title="bbox 2036 3368 3615 3441">
     <span class='ocr_line' id='line_1_102' title="bbox 2036 3368 3615 3441; baseline 0 -16"><span class='ocrx_word' id='word_1_688' title='bbox 2036 3371 2202 3426; x_wconf 89' lang='lat' dir='ltr'><strong>tuisse</strong></span> <span class='ocrx_word' id='word_1_689' title='bbox 2249 3381 2584 3441; x_wconf 87' lang='lat' dir='ltr'><strong>compertum</strong></span> <span class='ocrx_word' id='word_1_690' title='bbox 2635 3379 2719 3424; x_wconf 89' lang='lat' dir='ltr'><strong>est</strong></span> <span class='ocrx_word' id='word_1_691' title='bbox 2768 3370 2902 3439; x_wconf 75' lang='grc'><strong>(54).</strong></span> <span class='ocrx_word' id='word_1_692' title='bbox 2957 3368 3113 3424; x_wconf 81' lang='lat' dir='ltr'><strong>Petra</strong></span> <span class='ocrx_word' id='word_1_693' title='bbox 3161 3369 3428 3440; x_wconf 88' lang='lat' dir='ltr'><strong>siquidem</strong></span> <span class='ocrx_word' id='word_1_694' title='bbox 3481 3368 3615 3425; x_wconf 83' lang='lat' dir='ltr'><strong>urbs</strong></span> 
     </span>
    </p>
   </div>
   <div class='ocr_carea' id='block_1_101' title="bbox 2031 3461 3614 3530">
    <p class='ocr_par' dir='ltr' id='par_1_101' title="bbox 2031 3461 3614 3530">
     <span class='ocr_line' id='line_1_103' title="bbox 2031 3461 3614 3530; baseline 0 -15"><span class='ocrx_word' id='word_1_695' title='bbox 2031 3461 2397 3518; x_wconf 82' lang='lat' dir='ltr'><strong>Nabatcorutn</strong></span> <span class='ocrx_word' id='word_1_696' title='bbox 2430 3462 2668 3516; x_wconf 80' lang='lat' dir='ltr'><strong>Arabum</strong></span> <span class='ocrx_word' id='word_1_697' title='bbox 2701 3461 2877 3516; x_wconf 87' lang='lat' dir='ltr'><strong>civilis</strong></span> <span class='ocrx_word' id='word_1_698' title='bbox 2902 3461 3237 3530; x_wconf 87' lang='lat' dir='ltr'><strong>metropolis,</strong></span> <span class='ocrx_word' id='word_1_699' title='bbox 3262 3477 3383 3530; x_wconf 79' lang='lat' dir='ltr'><strong>qua:</strong></span> <span class='ocrx_word' id='word_1_700' title='bbox 3403 3461 3614 3515; x_wconf 69' lang='lat' dir='ltr'><strong>Arabia:</strong></span> 
     </span>
    </p>
   </div>
   <div class='ocr_carea' id='block_1_102' title="bbox 2031 3550 3612 3619">
    <p class='ocr_par' dir='ltr' id='par_1_102' title="bbox 2031 3550 3612 3619">
     <span class='ocr_line' id='line_1_104' title="bbox 2031 3550 3612 3619; baseline 0 -13"><span class='ocrx_word' id='word_1_701' title='bbox 2031 3552 2250 3606; x_wconf 58' lang='lat' dir='ltr'><strong>Petraea:</strong></span> <span class='ocrx_word' id='word_1_702' title='bbox 2303 3568 2500 3606; x_wconf 90' lang='lat' dir='ltr'><strong>nomen</strong></span> <span class='ocrx_word' id='word_1_703' title='bbox 2556 3551 2743 3617; x_wconf 89' lang='lat' dir='ltr'><strong>dedit,</strong></span> <span class='ocrx_word' id='word_1_704' title='bbox 2794 3550 2860 3619; x_wconf 69' lang='lat' dir='ltr'><strong>lin</strong></span> <span class='ocrx_word' id='word_1_705' title='bbox 2941 3552 3278 3618; x_wconf 90' lang='lat' dir='ltr'><strong>metr0polim</strong></span> <span class='ocrx_word' id='word_1_706' title='bbox 3352 3550 3612 3606; x_wconf 82' lang='lat' dir='ltr'><strong>ecclesia-</strong></span> 
     </span>
    </p>
   </div>
   <div class='ocr_carea' id='block_1_103' title="bbox 2031 3643 3612 3716">
    <p class='ocr_par' dir='ltr' id='par_1_103' title="bbox 2031 3643 3612 3716">
     <span class='ocr_line' id='line_1_105' title="bbox 2031 3643 3612 3716; baseline -0.001 -15"><span class='ocrx_word' id='word_1_707' title='bbox 2031 3646 2220 3701; x_wconf 89' lang='lat' dir='ltr'><strong>sticam</strong></span> <span class='ocrx_word' id='word_1_708' title='bbox 2245 3653 2420 3700; x_wconf 88' lang='lat' dir='ltr'><strong>erecta</strong></span> <span class='ocrx_word' id='word_1_709' title='bbox 2452 3653 2534 3699; x_wconf 87' lang='lat' dir='ltr'><strong>est</strong></span> <span class='ocrx_word' id='word_1_710' title='bbox 2563 3655 2683 3714; x_wconf 90' lang='lat' dir='ltr'><strong>post</strong></span> <span class='ocrx_word' id='word_1_711' title='bbox 2705 3643 2990 3700; x_wconf 87' lang='lat' dir='ltr'><strong>concilium</strong></span> <span class='ocrx_word' id='word_1_712' title='bbox 3009 3643 3446 3701; x_wconf 87' lang='lat' dir='ltr'><strong>Cbalcedonense</strong></span> <span class='ocrx_word' id='word_1_713' title='bbox 3477 3644 3612 3716; x_wconf 82' lang='lat'><strong>(55),</strong></span> 
     </span>
    </p>
   </div>
   <div class='ocr_carea' id='block_1_104' title="bbox 2031 3803 3617 3874">
    <p class='ocr_par' dir='ltr' id='par_1_104' title="bbox 2031 3803 3617 3874">
     <span class='ocr_line' id='line_1_106' title="bbox 2031 3803 3617 3874; baseline -0.001 -12"><span class='ocrx_word' id='word_1_714' title='bbox 2031 3807 2180 3862; x_wconf 82' lang='lat' dir='ltr'><strong>silea:</strong></span> <span class='ocrx_word' id='word_1_715' title='bbox 2232 3803 2390 3874; x_wconf 64' lang='grc'><strong>1540,</strong></span> <span class='ocrx_word' id='word_1_716' title='bbox 2428 3803 2668 3874; x_wconf 83' lang='lat' dir='ltr'><strong>aliisque</strong></span> <span class='ocrx_word' id='word_1_717' title='bbox 2686 3803 3018 3874; x_wconf 85' lang='lat' dir='ltr'><strong>geographis</strong></span> <span class='ocrx_word' id='word_1_718' title='bbox 3062 3805 3301 3873; x_wconf 80' lang='lat' dir='ltr'><strong>antiquis</strong></span> <span class='ocrx_word' id='word_1_719' title='bbox 3336 3815 3388 3860; x_wconf 88' lang='lat' dir='ltr'><strong>et</strong></span> <span class='ocrx_word' id='word_1_720' title='bbox 3430 3821 3617 3860; x_wconf 88' lang='lat' dir='ltr'><strong>recen-</strong></span> 
     </span>
    </p>
   </div>
   <div class='ocr_carea' id='block_1_105' title="bbox 2034 3873 3612 3942">
    <p class='ocr_par' dir='ltr' id='par_1_105' title="bbox 2034 3873 3612 3942">
     <span class='ocr_line' id='line_1_107' title="bbox 2034 3873 3612 3942; baseline -0.001 -12"><span class='ocrx_word' id='word_1_721' title='bbox 2034 3876 2287 3930; x_wconf 86' lang='lat' dir='ltr'><strong>tioribus.</strong></span> <span class='ocrx_word' id='word_1_722' title='bbox 2319 3873 2379 3928; x_wconf 90' lang='lat' dir='ltr'><strong>P.</strong></span> <span class='ocrx_word' id='word_1_723' title='bbox 2421 3873 2650 3927; x_wconf 79' lang='lat' dir='ltr'><strong>Michael</strong></span> <span class='ocrx_word' id='word_1_724' title='bbox 2681 3873 2916 3942; x_wconf 78' lang='lat' dir='ltr'><strong>Lequien</strong></span> <span class='ocrx_word' id='word_1_725' title='bbox 2949 3875 3001 3927; x_wconf 88' lang='lat' dir='ltr'><strong>in</strong></span> <span class='ocrx_word' id='word_1_726' title='bbox 3036 3875 3249 3928; x_wconf 84' lang='lat' dir='ltr'><strong>Oriente</strong></span> <span class='ocrx_word' id='word_1_727' title='bbox 3285 3876 3612 3935; x_wconf 85' lang='lat' dir='ltr'><strong>Christiano.</strong></span> 
     </span>
    </p>
   </div>
   <div class='ocr_carea' id='block_1_106' title="bbox 2035 3941 3616 4016">
    <p class='ocr_par' dir='ltr' id='par_1_106' title="bbox 2035 3941 3616 4016">
     <span class='ocr_line' id='line_1_108' title="bbox 2035 3941 3616 4016; baseline -0.003 -16"><span class='ocrx_word' id='word_1_728' title='bbox 2035 3957 2164 4000; x_wconf 90' lang='lat' dir='ltr'><strong>tom.</strong></span> <span class='ocrx_word' id='word_1_729' title='bbox 2199 3943 2262 4007; x_wconf 87' lang='lat' dir='ltr'><strong>II,</strong></span> <span class='ocrx_word' id='word_1_730' title='bbox 2299 3961 2418 4014; x_wconf 88' lang='lat' dir='ltr'><strong>pag.</strong></span> <span class='ocrx_word' id='word_1_731' title='bbox 2471 3944 2596 4004; x_wconf 69' lang='grc'><strong>851,</strong></span> <span class='ocrx_word' id='word_1_732' title='bbox 2622 3941 2785 4016; x_wconf 13' lang='lat' dir='ltr'><strong>redit.’</strong></span> <span class='ocrx_word' id='word_1_733' title='bbox 2824 3941 3010 4016; x_wconf 68' lang='lat' dir='ltr'><strong>Paris.</strong></span> <span class='ocrx_word' id='word_1_734' title='bbox 3040 3961 3128 3998; x_wconf 86' lang='lat' dir='ltr'><strong>an.</strong></span> <span class='ocrx_word' id='word_1_735' title='bbox 3180 3945 3336 4009; x_wconf 67' lang='grc'><strong>1710,</strong></span> <span class='ocrx_word' id='word_1_736' title='bbox 3373 3947 3464 4016; x_wconf 84' lang='lat' dir='ltr'><strong>ubi</strong></span> <span class='ocrx_word' id='word_1_737' title='bbox 3505 3948 3616 4016; x_wconf 86' lang='lat' dir='ltr'><strong>agit</strong></span> 
     </span>
    </p>
   </div>
   <div class='ocr_carea' id='block_1_107' title="bbox 2030 4014 3615 4086">
    <p class='ocr_par' dir='ltr' id='par_1_107' title="bbox 2030 4014 3615 4086">
     <span class='ocr_line' id='line_1_109' title="bbox 2030 4014 3615 4086; baseline 0 -16"><span class='ocrx_word' id='word_1_738' title='bbox 2030 4019 2097 4070; x_wconf 89' lang='lat' dir='ltr'><strong>de</strong></span> <span class='ocrx_word' id='word_1_739' title='bbox 2147 4015 2421 4086; x_wconf 80' lang='lat' dir='ltr'><strong>provincia</strong></span> <span class='ocrx_word' id='word_1_740' title='bbox 2470 4015 2716 4086; x_wconf 68' lang='lat' dir='ltr'><strong>Arabiae,</strong></span> <span class='ocrx_word' id='word_1_741' title='bbox 2768 4015 2932 4068; x_wconf 88' lang='lat' dir='ltr'><strong>multa</strong></span> <span class='ocrx_word' id='word_1_742' title='bbox 2983 4015 3049 4069; x_wconf 88' lang='lat' dir='ltr'><strong>de</strong></span> <span class='ocrx_word' id='word_1_743' title='bbox 3093 4017 3373 4083; x_wconf 88' lang='lat' dir='ltr'><strong>metropoli</strong></span> <span class='ocrx_word' id='word_1_744' title='bbox 3416 4014 3615 4086; x_wconf 68' lang='grc' dir='ltr'><strong>βοεὑά</strong></span> 
     </span>
    </p>
   </div>
   <div class='ocr_carea' id='block_1_108' title="bbox 2031 4083 3614 4154">
    <p class='ocr_par' dir='ltr' id='par_1_108' title="bbox 2031 4083 3614 4154">
     <span class='ocr_line' id='line_1_110' title="bbox 2031 4083 3614 4154; baseline -0.001 -14"><span class='ocrx_word' id='word_1_745' title='bbox 2031 4083 2241 4141; x_wconf 86' lang='lat' dir='ltr'><strong>erudite</strong></span> <span class='ocrx_word' id='word_1_746' title='bbox 2275 4085 2452 4146; x_wconf 88' lang='lat' dir='ltr'><strong>habet,</strong></span> <span class='ocrx_word' id='word_1_747' title='bbox 2493 4100 2656 4154; x_wconf 86' lang='lat' dir='ltr'><strong>quam</strong></span> <span class='ocrx_word' id='word_1_748' title='bbox 2707 4085 2760 4136; x_wconf 90' lang='lat' dir='ltr'><strong>in</strong></span> <span class='ocrx_word' id='word_1_749' title='bbox 2800 4085 3006 4138; x_wconf 87' lang='lat' dir='ltr'><strong>notitiis</strong></span> <span class='ocrx_word' id='word_1_750' title='bbox 3037 4085 3296 4140; x_wconf 81' lang='lat' dir='ltr'><strong>Hieroclis</strong></span> <span class='ocrx_word' id='word_1_751' title='bbox 3327 4095 3381 4138; x_wconf 84' lang='lat' dir='ltr'><strong>et</strong></span> <span class='ocrx_word' id='word_1_752' title='bbox 3413 4083 3614 4139; x_wconf 87' lang='lat' dir='ltr'><strong>Leonis</strong></span> 
     </span>
    </p>
   </div>
   <div class='ocr_carea' id='block_1_109' title="bbox 2031 4154 3614 4224">
    <p class='ocr_par' dir='ltr' id='par_1_109' title="bbox 2031 4154 3614 4224">
     <span class='ocr_line' id='line_1_111' title="bbox 2031 4154 3614 4224; baseline -0.001 -14"><span class='ocrx_word' id='word_1_753' title='bbox 2031 4157 2163 4224; x_wconf 92' lang='lat' dir='ltr'><strong>imp.</strong></span> <span class='ocrx_word' id='word_1_754' title='bbox 2207 4154 2499 4224; x_wconf 73' lang='lat' dir='ltr'><strong>provincia:</strong></span> <span class='ocrx_word' id='word_1_755' title='bbox 2545 4155 2756 4207; x_wconf 74' lang='lat' dir='ltr'><strong>Arabia:</strong></span> <span class='ocrx_word' id='word_1_756' title='bbox 2797 4155 3135 4223; x_wconf 87' lang='lat' dir='ltr'><strong>melropolim</strong></span> <span class='ocrx_word' id='word_1_757' title='bbox 3178 4155 3282 4210; x_wconf 87' lang='lat' dir='ltr'><strong>dici</strong></span> <span class='ocrx_word' id='word_1_758' title='bbox 3325 4156 3614 4220; x_wconf 76' lang='lat' dir='ltr'><strong>observat;</strong></span> 
     </span>
    </p>
   </div>
   <div class='ocr_carea' id='block_1_110' title="bbox 2032 4223 3618 4295">
    <p class='ocr_par' dir='ltr' id='par_1_110' title="bbox 2032 4223 3618 4295">
     <span class='ocr_line' id='line_1_112' title="bbox 2032 4223 3618 4295; baseline -0.003 -14"><span class='ocrx_word' id='word_1_759' title='bbox 2032 4223 2220 4295; x_wconf 29' lang='lat' dir='ltr'><strong>linjns’</strong></span> <span class='ocrx_word' id='word_1_760' title='bbox 2253 4223 2509 4295; x_wconf 69' lang='lat' dir='ltr'><strong>Ecclesia:</strong></span> <span class='ocrx_word' id='word_1_761' title='bbox 2559 4225 2844 4295; x_wconf 82' lang='lat' dir='ltr'><strong>episcopos</strong></span> <span class='ocrx_word' id='word_1_762' title='bbox 2899 4225 3012 4295; x_wconf 78' lang='lat' dir='ltr'><strong>ipse</strong></span> <span class='ocrx_word' id='word_1_763' title='bbox 3042 4293 3048 4295; x_wconf 19' lang='grc' dir='ltr'><em>Α</em></span> <span class='ocrx_word' id='word_1_764' title='bbox 3076 4224 3310 4295; x_wconf 69' lang='lat' dir='ltr'><strong>Lequien</strong></span> <span class='ocrx_word' id='word_1_765' title='bbox 3346 4234 3618 4295; x_wconf 80' lang='lat' dir='ltr'><strong>recenset,</strong></span> 
     </span>
    </p>
   </div>
   <div class='ocr_carea' id='block_1_111' title="bbox 2033 4293 3616 4366">
    <p class='ocr_par' dir='ltr' id='par_1_111' title="bbox 2033 4293 3616 4366">
     <span class='ocr_line' id='line_1_113' title="bbox 2033 4293 3616 4366; baseline -0.001 -16"><span class='ocrx_word' id='word_1_766' title='bbox 2033 4293 2560 4366; x_wconf 9' lang='lat' dir='ltr'><strong>tientper&#39;l‘imonem,</strong></span> <span class='ocrx_word' id='word_1_767' title='bbox 2591 4293 2882 4364; x_wconf 80' lang='lat' dir='ltr'><strong>Beryllum,</strong></span> <span class='ocrx_word' id='word_1_768' title='bbox 2915 4293 3207 4348; x_wconf 82' lang='lat' dir='ltr'><strong>Maximum</strong></span> <span class='ocrx_word' id='word_1_769' title='bbox 3241 4293 3303 4347; x_wconf 78' lang='grc' dir='ltr'>Ν.</span> <span class='ocrx_word' id='word_1_770' title='bbox 3327 4337 3342 4361; x_wconf 89' lang='grc'><em>,</em></span> <span class='ocrx_word' id='word_1_771' title='bbox 3390 4296 3483 4364; x_wconf 91' lang='lat' dir='ltr'><strong>qui</strong></span> <span class='ocrx_word' id='word_1_772' title='bbox 3517 4293 3616 4348; x_wconf 82' lang='lat' dir='ltr'><strong>Pe-</strong></span> 
     </span>
    </p>
   </div>
   <div class='ocr_carea' id='block_1_112' title="bbox 2033 4365 3614 4435">
    <p class='ocr_par' dir='ltr' id='par_1_112' title="bbox 2033 4365 3614 4435">
     <span class='ocr_line' id='line_1_114' title="bbox 2033 4365 3614 4435; baseline -0.001 -15"><span class='ocrx_word' id='word_1_773' title='bbox 2033 4365 2174 4420; x_wconf 84' lang='lat' dir='ltr'><strong>truni</strong></span> <span class='ocrx_word' id='word_1_774' title='bbox 2221 4365 2574 4435; x_wconf 82' lang='lat' dir='ltr'><strong>Capitoliadis</strong></span> <span class='ocrx_word' id='word_1_775' title='bbox 2624 4379 2938 4435; x_wconf 80' lang='lat' dir='ltr'><strong>episcopum</strong></span> <span class='ocrx_word' id='word_1_776' title='bbox 2985 4374 3040 4418; x_wconf 91' lang='lat' dir='ltr'><strong>et</strong></span> <span class='ocrx_word' id='word_1_777' title='bbox 3066 4375 3357 4435; x_wconf 76' lang='lat' dir='ltr'><strong>martyrem</strong></span> <span class='ocrx_word' id='word_1_778' title='bbox 3395 4366 3614 4435; x_wconf 31' lang='lat' dir='ltr'><strong>inhpre-</strong></span> 
     </span>
    </p>
   </div>
   <div class='ocr_carea' id='block_1_113' title="bbox 2032 4432 3615 4507">
    <p class='ocr_par' dir='ltr' id='par_1_113' title="bbox 2032 4432 3615 4507">
     <span class='ocr_line' id='line_1_115' title="bbox 2032 4432 3615 4507; baseline -0.003 -16"><span class='ocrx_word' id='word_1_779' title='bbox 2032 4432 2670 4507; x_wconf 12' lang='lat' dir='ltr'><strong>sbyterunriordinavit,</strong></span> <span class='ocrx_word' id='word_1_780' title='bbox 2716 4432 3140 4507; x_wconf 68' lang='lat' dir='ltr'><strong>Nicomachum,</strong></span> <span class='ocrx_word' id='word_1_781' title='bbox 3174 4432 3390 4495; x_wconf 82' lang='lat' dir='ltr'><strong>Titum,</strong></span> <span class='ocrx_word' id='word_1_782' title='bbox 3439 4433 3615 4507; x_wconf 79' lang='lat' dir='ltr'><strong>Baga-</strong></span> 
     </span>
    </p>
   </div>
   <div class='ocr_carea' id='block_1_114' title="bbox 2033 4504 3617 4576">
    <p class='ocr_par' dir='ltr' id='par_1_114' title="bbox 2033 4504 3617 4576">
     <span class='ocr_line' id='line_1_116' title="bbox 2033 4504 3617 4576; baseline -0.004 -14"><span class='ocrx_word' id='word_1_783' title='bbox 2033 4504 2183 4562; x_wconf 80' lang='lat' dir='ltr'><strong>dium</strong></span> <span class='ocrx_word' id='word_1_784' title='bbox 2207 4547 2222 4573; x_wconf 93' lang='lat'><strong>,</strong></span> <span class='ocrx_word' id='word_1_785' title='bbox 2252 4505 2531 4576; x_wconf 81' lang='lat' dir='ltr'><strong>Eulysium</strong></span> <span class='ocrx_word' id='word_1_786' title='bbox 2553 4544 2572 4570; x_wconf 92' lang='lat'><strong>,</strong></span> <span class='ocrx_word' id='word_1_787' title='bbox 2602 4504 2928 4576; x_wconf 75' lang='lat' dir='ltr'><strong>Antiochum</strong></span> <span class='ocrx_word' id='word_1_788' title='bbox 2950 4547 2964 4570; x_wconf 93' lang='lat'><strong>,</strong></span> <span class='ocrx_word' id='word_1_789' title='bbox 2997 4504 3433 4576; x_wconf 80' lang='lat' dir='ltr'><strong>Constantinum,</strong></span> <span class='ocrx_word' id='word_1_790' title='bbox 3461 4504 3617 4576; x_wconf 77' lang='lat' dir='ltr'><strong>Anii-</strong></span> 
     </span>
    </p>
   </div>
   <div class='ocr_carea' id='block_1_115' title="bbox 2037 4573 3613 4648">
    <p class='ocr_par' dir='ltr' id='par_1_115' title="bbox 2037 4573 3613 4648">
     <span class='ocr_line' id='line_1_117' title="bbox 2037 4573 3613 4648; baseline -0.002 -17"><span class='ocrx_word' id='word_1_791' title='bbox 2037 4586 2248 4648; x_wconf 88' lang='lat' dir='ltr'><strong>patrum</strong></span> <span class='ocrx_word' id='word_1_792' title='bbox 2269 4617 2284 4642; x_wconf 97' lang='lat'><strong>,</strong></span> <span class='ocrx_word' id='word_1_793' title='bbox 2322 4573 2598 4648; x_wconf 70' lang='lat' dir='ltr'><strong>Julianqu</strong></span> <span class='ocrx_word' id='word_1_794' title='bbox 2620 4617 2634 4641; x_wconf 96' lang='lat'><strong>,</strong></span> <span class='ocrx_word' id='word_1_795' title='bbox 2670 4573 2933 4648; x_wconf 82' lang='lat' dir='ltr'><strong>Joannem</strong></span> <span class='ocrx_word' id='word_1_796' title='bbox 2954 4617 2969 4639; x_wconf 94' lang='lat'><strong>,</strong></span> <span class='ocrx_word' id='word_1_797' title='bbox 3003 4575 3354 4648; x_wconf 85' lang='lat' dir='ltr'><strong>Simeonem,</strong></span> <span class='ocrx_word' id='word_1_798' title='bbox 3380 4575 3613 4648; x_wconf 80' lang='lat' dir='ltr'><strong>Stepha-</strong></span> 
     </span>
    </p>
   </div>
   <div class='ocr_carea' id='block_1_116' title="bbox 2036 4644 3614 4716">
    <p class='ocr_par' dir='ltr' id='par_1_116' title="bbox 2036 4644 3614 4716">
     <span class='ocr_line' id='line_1_118' title="bbox 2036 4644 3614 4716; baseline -0.003 -15"><span class='ocrx_word' id='word_1_799' title='bbox 2036 4644 2189 4712; x_wconf 78' lang='lat' dir='ltr'><strong>num,</strong></span> <span class='ocrx_word' id='word_1_800' title='bbox 2226 4658 2281 4701; x_wconf 92' lang='lat' dir='ltr'><strong>et</strong></span> <span class='ocrx_word' id='word_1_801' title='bbox 2304 4645 2904 4716; x_wconf 58' lang='lat' dir='ltr'><strong>deniqueﬁregorium,</strong></span> <span class='ocrx_word' id='word_1_802' title='bbox 2938 4647 3030 4714; x_wconf 91' lang='lat' dir='ltr'><strong>qui</strong></span> <span class='ocrx_word' id='word_1_803' title='bbox 3063 4662 3204 4698; x_wconf 87' lang='lat' dir='ltr'><strong>anno</strong></span> <span class='ocrx_word' id='word_1_804' title='bbox 3233 4647 3390 4709; x_wconf 79' lang='grc'><strong>1671,</strong></span> <span class='ocrx_word' id='word_1_805' title='bbox 3421 4644 3508 4716; x_wconf 84' lang='lat' dir='ltr'><strong>die</strong></span> <span class='ocrx_word' id='word_1_806' title='bbox 3537 4659 3614 4716; x_wconf 26' lang='lat' dir='ltr'><strong>Axx</strong></span> 
     </span>
    </p>
   </div>
   <div class='ocr_carea' id='block_1_117' title="bbox 2035 4713 3614 4784">
    <p class='ocr_par' dir='ltr' id='par_1_117' title="bbox 2035 4713 3614 4784">
     <span class='ocr_line' id='line_1_119' title="bbox 2035 4713 3614 4784; baseline -0.003 -11"><span class='ocrx_word' id='word_1_807' title='bbox 2035 4717 2284 4773; x_wconf 82' lang='lat' dir='ltr'><strong>Octobris</strong></span> <span class='ocrx_word' id='word_1_808' title='bbox 2329 4726 2384 4770; x_wconf 86' lang='lat' dir='ltr'><strong>et</strong></span> <span class='ocrx_word' id='word_1_809' title='bbox 2425 4713 2497 4770; x_wconf 69' lang='lat' dir='ltr'><strong>xv</strong></span> <span class='ocrx_word' id='word_1_810' title='bbox 2544 4713 2898 4776; x_wconf 74' lang='lat' dir='ltr'><strong>Novembris,</strong></span> <span class='ocrx_word' id='word_1_811' title='bbox 2938 4713 3138 4784; x_wconf 84' lang='lat' dir='ltr'><strong>doplici</strong></span> <span class='ocrx_word' id='word_1_812' title='bbox 3173 4716 3397 4769; x_wconf 84' lang='lat' dir='ltr'><strong>Macarii</strong></span> <span class='ocrx_word' id='word_1_813' title='bbox 3428 4713 3614 4768; x_wconf 81' lang='lat' dir='ltr'><strong>Antio-</strong></span> 
     </span>
    </p>
   </div>
   <div class='ocr_carea' id='block_1_118' title="bbox 2035 4785 3616 4856">
    <p class='ocr_par' dir='ltr' id='par_1_118' title="bbox 2035 4785 3616 4856">
     <span class='ocr_line' id='line_1_120' title="bbox 2035 4785 3616 4856; baseline -0.003 -14"><span class='ocrx_word' id='word_1_814' title='bbox 2035 4789 2195 4843; x_wconf 85' lang='lat' dir='ltr'><strong>cheni</strong></span> <span class='ocrx_word' id='word_1_815' title='bbox 2247 4786 2677 4856; x_wconf 23' lang='lat' dir='ltr'><strong>patriarehtende</strong></span> <span class='ocrx_word' id='word_1_816' title='bbox 2722 4785 3429 4856; x_wconf 57' lang='lat' dir='ltr'><strong>Eucharistiatestimonio</strong></span> <span class='ocrx_word' id='word_1_817' title='bbox 3485 4785 3616 4838; x_wconf 56' lang='lat' dir='ltr'><strong>sub.</strong></span> 
     </span>
    </p>
   </div>
   <div class='ocr_carea' id='block_1_119' title="bbox 2036 4854 3613 4926">
    <p class='ocr_par' dir='ltr' id='par_1_119' title="bbox 2036 4854 3613 4926">
     <span class='ocr_line' id='line_1_121' title="bbox 2036 4854 3613 4926; baseline -0.004 -14"><span class='ocrx_word' id='word_1_818' title='bbox 2036 4854 2275 4926; x_wconf 79' lang='lat' dir='ltr'><strong>Scripsit.</strong></span> <span class='ocrx_word' id='word_1_819' title='bbox 2322 4857 2480 4911; x_wconf 80' lang='lat' dir='ltr'><strong>Anno</strong></span> <span class='ocrx_word' id='word_1_820' title='bbox 2525 4854 2664 4909; x_wconf 67' lang='lat'><strong>167&#39;).</strong></span> <span class='ocrx_word' id='word_1_821' title='bbox 2701 4855 2752 4908; x_wconf 90' lang='lat' dir='ltr'><strong>in</strong></span> <span class='ocrx_word' id='word_1_822' title='bbox 2803 4856 3036 4909; x_wconf 89' lang='lat' dir='ltr'><strong>concilio</strong></span> <span class='ocrx_word' id='word_1_823' title='bbox 3082 4855 3568 4926; x_wconf 82' lang='lat' dir='ltr'><strong>Hierosolymitano</strong></span> <span class='ocrx_word' id='word_1_824' title='bbox 3595 4893 3613 4916; x_wconf 89' lang='lat'><strong>,</strong></span> 
     </span>
    </p>
   </div>
   <div class='ocr_carea' id='block_1_120' title="bbox 2034 4925 3614 4998">
    <p class='ocr_par' dir='ltr' id='par_1_120' title="bbox 2034 4925 3614 4998">
     <span class='ocr_line' id='line_1_122' title="bbox 2034 4925 3614 4998; baseline -0.003 -17"><span class='ocrx_word' id='word_1_825' title='bbox 2034 4925 2180 4998; x_wconf 87' lang='lat' dir='ltr'><strong>quod</strong></span> <span class='ocrx_word' id='word_1_826' title='bbox 2228 4927 2575 4982; x_wconf 79' lang='lat' dir='ltr'><strong>Calvinianos</strong></span> <span class='ocrx_word' id='word_1_827' title='bbox 2607 4925 2774 4998; x_wconf 70' lang='lat' dir='ltr'><strong>digna</strong></span> <span class='ocrx_word' id='word_1_828' title='bbox 2825 4935 2976 4998; x_wconf 73' lang='lat' dir='ltr'><strong>nota_</strong></span> <span class='ocrx_word' id='word_1_829' title='bbox 3001 4934 3068 4980; x_wconf 85' lang='lat' dir='ltr'><strong>et‘</strong></span> <span class='ocrx_word' id='word_1_830' title='bbox 3103 4925 3342 4980; x_wconf 73' lang='lat' dir='ltr'><strong>censura</strong></span> <span class='ocrx_word' id='word_1_831' title='bbox 3373 4925 3614 4989; x_wconf 88' lang='lat' dir='ltr'><strong>inussit,</strong></span> 
     </span>
    </p>
   </div>
   <div class='ocr_carea' id='block_1_121' title="bbox 2035 4993 3617 5052">
    <p class='ocr_par' dir='ltr' id='par_1_121' title="bbox 2035 4993 3617 5052">
     <span class='ocr_line' id='line_1_123' title="bbox 2035 4993 3617 5052; baseline -0.004 0"><span class='ocrx_word' id='word_1_832' title='bbox 2035 4993 2175 5052; x_wconf 78' lang='lat' dir='ltr'><strong>sedit</strong></span> <span class='ocrx_word' id='word_1_833' title='bbox 2202 5009 2253 5052; x_wconf 89' lang='lat' dir='ltr'><strong>et</strong></span> <span class='ocrx_word' id='word_1_834' title='bbox 2283 4998 2578 5051; x_wconf 89' lang='lat' dir='ltr'><strong>subscribit</strong></span> <span class='ocrx_word' id='word_1_835' title='bbox 2605 4993 2885 5048; x_wconf 86' lang='lat' dir='ltr'><strong>Philemon</strong></span> <span class='ocrx_word' id='word_1_836' title='bbox 2938 4994 3401 5050; x_wconf 89' lang='lat' dir='ltr'><strong>Hieromonachus</strong></span> <span class='ocrx_word' id='word_1_837' title='bbox 3440 5002 3494 5048; x_wconf 90' lang='lat' dir='ltr'><strong>et</strong></span> <span class='ocrx_word' id='word_1_838' title='bbox 3527 5008 3617 5046; x_wconf 79' lang='lat' dir='ltr'><strong>ar-</strong></span> 
     </span>
    </p>
   </div>
   <div class='ocr_carea' id='block_1_122' title="bbox 2035 5066 3614 5132">
    <p class='ocr_par' dir='ltr' id='par_1_122' title="bbox 2035 5066 3614 5132">
     <span class='ocr_line' id='line_1_124' title="bbox 2035 5066 3614 5132; baseline -0.004 -10"><span class='ocrx_word' id='word_1_839' title='bbox 2035 5068 2432 5132; x_wconf 83' lang='lat' dir='ltr'><strong>chimandrita,</strong></span> <span class='ocrx_word' id='word_1_840' title='bbox 2477 5077 2530 5121; x_wconf 90' lang='lat' dir='ltr'><strong>et</strong></span> <span class='ocrx_word' id='word_1_841' title='bbox 2565 5066 2977 5120; x_wconf 89' lang='lat' dir='ltr'><strong>administrator</strong></span> <span class='ocrx_word' id='word_1_842' title='bbox 3023 5067 3381 5121; x_wconf 57' lang='lat' dir='ltr'><strong>sanctissima).</strong></span> <span class='ocrx_word' id='word_1_843' title='bbox 3412 5075 3614 5118; x_wconf 84' lang='lat' dir='ltr'><strong>metro-</strong></span> 
     </span>
    </p>
   </div>
   <div class='ocr_carea' id='block_1_123' title="bbox 2034 5134 3614 5207">
    <p class='ocr_par' dir='ltr' id='par_1_123' title="bbox 2034 5134 3614 5207">
     <span class='ocr_line' id='line_1_125' title="bbox 2034 5134 3614 5207; baseline -0.001 -18"><span class='ocrx_word' id='word_1_844' title='bbox 2034 5139 2172 5206; x_wconf 89' lang='lat' dir='ltr'><strong>polis</strong></span> <span class='ocrx_word' id='word_1_845' title='bbox 2195 5137 2532 5192; x_wconf 87' lang='lat' dir='ltr'><strong>Bostrorum.</strong></span> <span class='ocrx_word' id='word_1_846' title='bbox 2557 5134 2720 5207; x_wconf 77' lang='lat' dir='ltr'><strong>__Vide</strong></span> <span class='ocrx_word' id='word_1_847' title='bbox 2773 5137 3024 5192; x_wconf 88' lang='lat' dir='ltr'><strong>eumdem</strong></span> <span class='ocrx_word' id='word_1_848' title='bbox 3056 5137 3300 5207; x_wconf 86' lang='lat' dir='ltr'><strong>Lequien</strong></span> <span class='ocrx_word' id='word_1_849' title='bbox 3351 5151 3474 5206; x_wconf 84' lang='lat' dir='ltr'><strong>pag.</strong></span> <span class='ocrx_word' id='word_1_850' title='bbox 3517 5135 3614 5189; x_wconf 90' lang='lat' dir='ltr'><strong>cit.</strong></span> 
     </span>
    </p>
   </div>
   <div class='ocr_carea' id='block_1_124' title="bbox 2039 5205 2632 5278">
    <p class='ocr_par' dir='ltr' id='par_1_124' title="bbox 2039 5205 2632 5278">
     <span class='ocr_line' id='line_1_126' title="bbox 2039 5205 2632 5278; baseline -0.005 -16"><span class='ocrx_word' id='word_1_851' title='bbox 2039 5205 2211 5278; x_wconf 83' lang='lat' dir='ltr'><strong>usque</strong></span> <span class='ocrx_word' id='word_1_852' title='bbox 2250 5209 2317 5278; x_wconf 83' lang='lat' dir='ltr'><strong>ad</strong></span> <span class='ocrx_word' id='word_1_853' title='bbox 2353 5223 2475 5278; x_wconf 88' lang='lat' dir='ltr'><strong>pag.</strong></span> <span class='ocrx_word' id='word_1_854' title='bbox 2509 5205 2632 5278; x_wconf 72' lang='lat'><strong>860.</strong></span> 
     </span>
    </p>
   </div>
   <div class='ocr_carea' id='block_1_125' title="bbox 2108 5275 3619 5348">
    <p class='ocr_par' dir='ltr' id='par_1_125' title="bbox 2108 5275 3619 5348">
     <span class='ocr_line' id='line_1_127' title="bbox 2108 5275 3619 5348; baseline -0.002 -15"><span class='ocrx_word' id='word_1_855' title='bbox 2108 5275 2222 5348; x_wconf 74' lang='lat'><strong>(55)</strong></span> <span class='ocrx_word' id='word_1_856' title='bbox 2265 5275 2687 5348; x_wconf 28' lang='lat' dir='ltr'><strong>De’ur&#39;liel’etra</strong></span> <span class='ocrx_word' id='word_1_857' title='bbox 2725 5277 2891 5348; x_wconf 82' lang='lat' dir='ltr'><strong>multa</strong></span> <span class='ocrx_word' id='word_1_858' title='bbox 2941 5277 3098 5331; x_wconf 91' lang='lat' dir='ltr'><strong>docte</strong></span> <span class='ocrx_word' id='word_1_859' title='bbox 3135 5275 3486 5348; x_wconf 71' lang='lat' dir='ltr'><strong>habuitjdem</strong></span> <span class='ocrx_word' id='word_1_860' title='bbox 3515 5276 3619 5336; x_wconf 83' lang='lat' dir='ltr'><strong>Le-</strong></span> 
     </span>
    </p>
   </div>
   <div class='ocr_carea' id='block_1_126' title="bbox 2034 5345 3613 5419">
    <p class='ocr_par' dir='ltr' id='par_1_126' title="bbox 2034 5345 3613 5419">
     <span class='ocr_line' id='line_1_128' title="bbox 2034 5345 3613 5419; baseline -0.001 -17"><span class='ocrx_word' id='word_1_861' title='bbox 2034 5345 2357 5419; x_wconf 42' lang='lat' dir='ltr'><strong>quicn&#39;tom.</strong></span> <span class='ocrx_word' id='word_1_862' title='bbox 2389 5348 2451 5402; x_wconf 88' lang='grc' dir='ltr'><strong>ΙΙΙ</strong></span> <span class='ocrx_word' id='word_1_863' title='bbox 2495 5346 2693 5402; x_wconf 88' lang='lat' dir='ltr'><strong>Orient.</strong></span> <span class='ocrx_word' id='word_1_864' title='bbox 2732 5345 3020 5402; x_wconf 78' lang='lat' dir='ltr'><strong>Christian.</strong></span> <span class='ocrx_word' id='word_1_865' title='bbox 3043 5387 3058 5408; x_wconf 92' lang='lat'><strong>,</strong></span> <span class='ocrx_word' id='word_1_866' title='bbox 3100 5364 3219 5417; x_wconf 86' lang='lat' dir='ltr'><strong>pag.</strong></span> <span class='ocrx_word' id='word_1_867' title='bbox 3248 5345 3352 5400; x_wconf 79' lang='grc'><strong>665</strong></span> <span class='ocrx_word' id='word_1_868' title='bbox 3379 5356 3613 5419; x_wconf 80' lang='lat' dir='ltr'><strong>etseqq.</strong></span> 
     </span>
    </p>
   </div>
   <div class='ocr_carea' id='block_1_127' title="bbox 2035 5417 3617 5488">
    <p class='ocr_par' dir='ltr' id='par_1_127' title="bbox 2035 5417 3617 5488">
     <span class='ocr_line' id='line_1_129' title="bbox 2035 5417 3617 5488; baseline -0.001 -15"><span class='ocrx_word' id='word_1_869' title='bbox 2035 5417 2192 5474; x_wconf 77' lang='lat' dir='ltr'><strong>citat.</strong></span> <span class='ocrx_word' id='word_1_870' title='bbox 2217 5420 2385 5488; x_wconf 89' lang='lat' dir='ltr'><strong>edit.;</strong></span> <span class='ocrx_word' id='word_1_871' title='bbox 2417 5419 2504 5471; x_wconf 84' lang='lat' dir='ltr'><strong>tibi</strong></span> <span class='ocrx_word' id='word_1_872' title='bbox 2547 5433 2616 5471; x_wconf 93' lang='lat' dir='ltr'><strong>an</strong></span> <span class='ocrx_word' id='word_1_873' title='bbox 2666 5419 2774 5470; x_wconf 87' lang='lat' dir='ltr'><strong>duo</strong></span> <span class='ocrx_word' id='word_1_874' title='bbox 2811 5421 3010 5473; x_wconf 81' lang='lat' dir='ltr'><strong>fuerint</strong></span> <span class='ocrx_word' id='word_1_875' title='bbox 3056 5419 3217 5488; x_wconf 91' lang='lat' dir='ltr'><strong>hujus</strong></span> <span class='ocrx_word' id='word_1_876' title='bbox 3257 5417 3494 5471; x_wconf 90' lang='lat' dir='ltr'><strong>nominis</strong></span> <span class='ocrx_word' id='word_1_877' title='bbox 3523 5434 3617 5471; x_wconf 84' lang='lat' dir='ltr'><strong>ur-</strong></span> 
     </span>
    </p>
   </div>
   <div class='ocr_carea' id='block_1_128' title="bbox 2033 5487 3616 5555">
    <p class='ocr_par' dir='ltr' id='par_1_128' title="bbox 2033 5487 3616 5555">
     <span class='ocr_line' id='line_1_130' title="bbox 2033 5487 3616 5555; baseline -0.003 -11"><span class='ocrx_word' id='word_1_878' title='bbox 2033 5489 2164 5555; x_wconf 86' lang='lat' dir='ltr'><strong>bes,</strong></span> <span class='ocrx_word' id='word_1_879' title='bbox 2215 5505 2321 5544; x_wconf 91' lang='lat' dir='ltr'><strong>una</strong></span> <span class='ocrx_word' id='word_1_880' title='bbox 2361 5489 2568 5545; x_wconf 81' lang='lat' dir='ltr'><strong>scilicet</strong></span> <span class='ocrx_word' id='word_1_881' title='bbox 2606 5489 2659 5542; x_wconf 90' lang='lat' dir='ltr'><strong>in</strong></span> <span class='ocrx_word' id='word_1_882' title='bbox 2697 5487 2979 5544; x_wconf 68' lang='lat' dir='ltr'><strong>Palaestina</strong></span> <span class='ocrx_word' id='word_1_883' title='bbox 3003 5531 3018 5553; x_wconf 93' lang='lat'><strong>,</strong></span> <span class='ocrx_word' id='word_1_884' title='bbox 3055 5488 3108 5540; x_wconf 92' lang='lat' dir='ltr'><strong>in</strong></span> <span class='ocrx_word' id='word_1_885' title='bbox 3134 5487 3137 5488; x_wconf 58' lang='grc'><strong><em>⁷</em></strong></span> <span class='ocrx_word' id='word_1_886' title='bbox 3166 5488 3361 5541; x_wconf 82' lang='lat' dir='ltr'><strong>Arabia</strong></span> <span class='ocrx_word' id='word_1_887' title='bbox 3407 5489 3616 5552; x_wconf 88' lang='lat' dir='ltr'><strong>altera,</strong></span> 
     </span>
    </p>
   </div>
   <div class='ocr_carea' id='block_1_129' title="bbox 2033 5557 3613 5623">
    <p class='ocr_par' dir='ltr' id='par_1_129' title="bbox 2033 5557 3613 5623">
     <span class='ocr_line' id='line_1_131' title="bbox 2033 5557 3613 5623; baseline -0.001 -10"><span class='ocrx_word' id='word_1_888' title='bbox 2033 5561 2326 5623; x_wconf 79' lang='lat' dir='ltr'><strong>examinat,</strong></span> <span class='ocrx_word' id='word_1_889' title='bbox 2347 5571 2400 5614; x_wconf 90' lang='lat' dir='ltr'><strong>et</strong></span> <span class='ocrx_word' id='word_1_890' title='bbox 2424 5561 2490 5613; x_wconf 90' lang='lat' dir='ltr'><strong>de</strong></span> <span class='ocrx_word' id='word_1_891' title='bbox 2516 5559 2648 5612; x_wconf 83' lang='lat' dir='ltr'><strong>Atio</strong></span> <span class='ocrx_word' id='word_1_892' title='bbox 2676 5576 2769 5613; x_wconf 89' lang='lat' dir='ltr'><strong>seu</strong></span> <span class='ocrx_word' id='word_1_893' title='bbox 2798 5560 3052 5623; x_wconf 84' lang='lat' dir='ltr'><strong>Macario,</strong></span> <span class='ocrx_word' id='word_1_894' title='bbox 3071 5568 3124 5611; x_wconf 92' lang='lat' dir='ltr'><strong>et</strong></span> <span class='ocrx_word' id='word_1_895' title='bbox 3151 5557 3384 5620; x_wconf 84' lang='lat' dir='ltr'><strong>Asterio,</strong></span> <span class='ocrx_word' id='word_1_896' title='bbox 3419 5560 3613 5614; x_wconf 87' lang='lat' dir='ltr'><strong>harutn</strong></span> 
     </span>
    </p>
   </div>
   <div class='ocr_carea' id='block_1_130' title="bbox 2034 5627 3614 5699">
    <p class='ocr_par' dir='ltr' id='par_1_130' title="bbox 2034 5627 3614 5699">
     <span class='ocr_line' id='line_1_132' title="bbox 2034 5627 3614 5699; baseline -0.002 -15"><span class='ocrx_word' id='word_1_897' title='bbox 2034 5631 2246 5684; x_wconf 88' lang='lat' dir='ltr'><strong>urbium</strong></span> <span class='ocrx_word' id='word_1_898' title='bbox 2265 5629 2550 5699; x_wconf 84' lang='lat' dir='ltr'><strong>episcopis,</strong></span> <span class='ocrx_word' id='word_1_899' title='bbox 2570 5631 2736 5683; x_wconf 86' lang='lat' dir='ltr'><strong>multa</strong></span> <span class='ocrx_word' id='word_1_900' title='bbox 2753 5631 2988 5694; x_wconf 80' lang='lat' dir='ltr'><strong>disserit,</strong></span> <span class='ocrx_word' id='word_1_901' title='bbox 3004 5641 3054 5683; x_wconf 90' lang='lat' dir='ltr'><strong>et</strong></span> <span class='ocrx_word' id='word_1_902' title='bbox 3071 5628 3362 5699; x_wconf 86' lang='lat' dir='ltr'><strong>concludit,</strong></span> <span class='ocrx_word' id='word_1_903' title='bbox 3381 5627 3614 5692; x_wconf 80' lang='lat' dir='ltr'><strong>Petram,</strong></span> 
     </span>
    </p>
   </div>
   <div class='ocr_carea' id='block_1_131' title="bbox 2033 5697 3616 5770">
    <p class='ocr_par' dir='ltr' id='par_1_131' title="bbox 2033 5697 3616 5770">
     <span class='ocr_line' id='line_1_133' title="bbox 2033 5697 3616 5770; baseline -0.002 -16"><span class='ocrx_word' id='word_1_904' title='bbox 2033 5718 2154 5770; x_wconf 77' lang='lat' dir='ltr'><strong>qua:</strong></span> <span class='ocrx_word' id='word_1_905' title='bbox 2200 5697 2492 5770; x_wconf 79' lang='lat' dir='ltr'><strong>episcOpali</strong></span> <span class='ocrx_word' id='word_1_906' title='bbox 2536 5701 2739 5754; x_wconf 87' lang='lat' dir='ltr'><strong>honore</strong></span> <span class='ocrx_word' id='word_1_907' title='bbox 2789 5702 3041 5754; x_wconf 86' lang='lat' dir='ltr'><strong>decorata</strong></span> <span class='ocrx_word' id='word_1_908' title='bbox 3086 5710 3236 5763; x_wconf 86' lang='lat' dir='ltr'><strong>erat,</strong></span> <span class='ocrx_word' id='word_1_909' title='bbox 3299 5697 3352 5752; x_wconf 89' lang='lat' dir='ltr'><strong>in</strong></span> <span class='ocrx_word' id='word_1_910' title='bbox 3414 5699 3616 5770; x_wconf 72' lang='lat' dir='ltr'><strong>Arabia</strong></span> 
     </span>
    </p>
   </div>
   <div class='ocr_carea' id='block_1_132' title="bbox 2035 5767 3617 5840">
    <p class='ocr_par' dir='ltr' id='par_1_132' title="bbox 2035 5767 3617 5840">
     <span class='ocr_line' id='line_1_134' title="bbox 2035 5767 3617 5840; baseline -0.002 -16"><span class='ocrx_word' id='word_1_911' title='bbox 2035 5767 2248 5824; x_wconf 77' lang='lat' dir='ltr'><strong>tantum</strong></span> <span class='ocrx_word' id='word_1_912' title='bbox 2287 5767 2476 5830; x_wconf 80' lang='lat' dir='ltr'><strong>fuisse.</strong></span> <span class='ocrx_word' id='word_1_913' title='bbox 2513 5782 2568 5826; x_wconf 90' lang='lat' dir='ltr'><strong>ct</strong></span> <span class='ocrx_word' id='word_1_914' title='bbox 2595 5772 2882 5840; x_wconf 86' lang='lat' dir='ltr'><strong>episcopos</strong></span> <span class='ocrx_word' id='word_1_915' title='bbox 2925 5771 3172 5824; x_wconf 83' lang='lat' dir='ltr'><strong>alterutri</strong></span> <span class='ocrx_word' id='word_1_916' title='bbox 3213 5770 3477 5839; x_wconf 78' lang='lat' dir='ltr'><strong>ascriptus</strong></span> <span class='ocrx_word' id='word_1_917' title='bbox 3517 5768 3617 5822; x_wconf 80' lang='lat' dir='ltr'><strong>Pe-</strong></span> 
     </span>
    </p>
   </div>
   <div class='ocr_carea' id='block_1_133' title="bbox 2033 5840 3616 5912">
    <p class='ocr_par' dir='ltr' id='par_1_133' title="bbox 2033 5840 3616 5912">
     <span class='ocr_line' id='line_1_135' title="bbox 2033 5840 3616 5912; baseline -0.003 -16"><span class='ocrx_word' id='word_1_918' title='bbox 2033 5851 2128 5896; x_wconf 73' lang='lat' dir='ltr'><strong>tra:</strong></span> <span class='ocrx_word' id='word_1_919' title='bbox 2173 5842 2382 5898; x_wconf 75' lang='lat' dir='ltr'><strong>Arabia:</strong></span> <span class='ocrx_word' id='word_1_920' title='bbox 2438 5859 2556 5897; x_wconf 83' lang='lat' dir='ltr'><strong>esse</strong></span> <span class='ocrx_word' id='word_1_921' title='bbox 2596 5842 3003 5912; x_wconf 81' lang='lat' dir='ltr'><strong>adjudicandos,</strong></span> <span class='ocrx_word' id='word_1_922' title='bbox 3047 5843 3210 5903; x_wconf 79' lang='lat' dir='ltr'><strong>Ario,</strong></span> <span class='ocrx_word' id='word_1_923' title='bbox 3241 5841 3352 5896; x_wconf 82' lang='lat' dir='ltr'><strong>sive</strong></span> <span class='ocrx_word' id='word_1_924' title='bbox 3383 5840 3616 5896; x_wconf 73' lang='lat' dir='ltr'><strong>Macario</strong></span> 
     </span>
    </p>
   </div>
  </div>
