3966 6344
289 384 393 443 513

1118 387 1162 442 E
1196 388 1586 447 PORTUENSI
1627 391 1683 450 S.
1725 392 2084 450 HlPPOLYTl
2122 394 2312 450 SEDE.
2353 431 2424 444 -—-
2459 400 2642 458 PARS
2677 401 2744 460 ῐῐ.

3429 401 3540 458 514

285 504 372 569 qui
431 504 651 574 primus
705 505 897 562 incerti
957 511 1194 564 auctoris
1258 509 1738 567 hallucinationcm
1794 514 1860 568 de
1891 498 2140 577 AFelice
2172 516 2360 571 urbem
2414 519 2704 587 quamdam
2758 519 3034 576 exstitisse
3086 520 3281 574 Portus
3311 519 3536 576 Romani

286 596 509 651 Arabica
560 598 735 667 ipsius
765 598 823 653 8.
861 598 1129 672 Hippolyti
1162 603 1288 657 sede
1316 605 1515 658 detexit
1560 614 1720 676 atque
1749 609 1864 660 vul-

291 689 449 758 gavit.

287 800 458 881 X‘tlll.
495 802 755 881 Stephani
797 805 844 858 le
887 805 1075 881 Mpyne
1114 810 1414 881 conjectura
1455 811 1518 865 de
1550 810 1607 868 S.
1655 811 1860 881 Hippo-

351 875 445 944 lyti
468 877 593 928 sede
623 877 676 927 in
715 878 878 928 Porta
921 875 1151 932 Βοιιιωιο
1185 875 1595 936 (“interiturum
1633 900 1698 938 ea:
1728 875 1861 938 Plii-

351 947 597 1016 lostorgii
620 947 842 998 historia
869 949 1142 1016 desumpta
1176 953 1431 1020 rejicitur.

345 1055 502 1113 Nunc
535 1060 600 1113 ad
634 1060 891 1130 Stephani
924 1063 971 1115 le.
1004 1062 1196 1134 Moyne
1222 1065 1332 1134 (66)
1366 1067 1734 1136 conjecturam
1763 1076 1858 1126 de-

284 1151 583 1208 veniamus.
639 1152 732 1220 qui
766 1154 822 1206 S.
859 1153 1200 1227 Hippolytum
1253 1172 1361 1211 nrn
1407 1156 1604 1214 Portus
1651 1160 1856 1225 Romae,

282 1241 366 1294 sed
404 1239 608 1294 Portus
636 1241 863 1298 Romani
893 1247 944 1298 in
974 1246 1169 1301 Arabia
1194 1264 1505 1318 episc0pum
1535 1251 1701 1305 fuisse
1727 1268 1860 1306 con-

279 1331 458 1384 tendit.
513 1329 853 1401 Prawipuum
893 1335 1165 1404 Opinionis
1201 1355 1312 1392 suae
1338 1340 1745 1396 fundamentum
1791 1359 1857 1398 ex

276 1420 638 1491 Philostorgio
676 1423 787 1494 (67)
829 1426 1102 1492 desumit,
1153 1430 1245 1497 qui
1289 1429 1606 1497 legationem
1646 1446 1673 1484 a
1708 1430 1854 1485 Coti-

275 1513 470 1568 startio
494 1513 742 1583 Augusto
757 1517 822 1568 ad
845 1515 1002 1572 Indos
1020 1519 1238 1573 missam
1265 1519 1398 1588 (68',
1424 1530 1480 1574 ut
1504 1536 1598 1575 eos
1614 1522 1678 1575 ad
1706 1521 1857 1576 Chri-

272 1614 335 1662 sti
377 1610 541 1662 hdem
589 1611 919 1672 traduceret,
955 1612 1286 1676 describens,
1323 1625 1505 1667 narrat
1529 1614 1639 1685 (69)
1675 1613 1853 1667 Theo-

271 1699 477 1768 philum
523 1699 738 1763 Indum,
777 1701 1000 1766 hujusce
1040 1702 1321 1772 legationis
1356 1705 1672 1774 principem,
1705 1706 1852 1774 prius

269 1791 613 1854 Sabaeorum,
653 1807 747 1846 seu
805 1792 1212 1848 Ilomwritarum
1266 1797 1512 1860 regiones
1554 1797 1852 1862 lustrasse,

265 1882 522 1950 deinceps
539 1883 606 1936 ad
631 1882 952 1937 Auxuniitas
973 1885 1241 1940 interioris
1269 1886 1561 1956 [Ethiopize
1584 1889 1852 1944 Africanae

265 1972 499 2041 populos
559 1987 620 2026 se
671 1974 984 2028 contulisse.
1039 1974 1340 2031 llomairitac
1384 1977 1580 2034 Felicis
1635 1981 1850 2035 Arabiae

264 2066 446 2135 pepuli
481 2067 743 2120 extimam
777 2066 1036 2136 Erythraei
1063 2069 1232 2122 maris
1255 2085 1402 2123 oram
1433 2073 1697 2136 incolunt,
1729 2075 1850 2143 quae

262 2159 509 2211 eamdem
547 2158 885 2227 provinciam
914 2159 980 2212 ab
1023 2158 1170 2214 ludis
1200 2162 1523 2231 distinguit;
1573 2165 1712 2234 apud
1747 2166 1848 2223 bos

244 2249 601 2318 Ibeopbilus
636 2251 1028 2321 aliquantisper
1062 2265 1452 2321 commoratus,
1497 2259 1670 2326 gentis
1711 2275 1848 2328 prie-

263 2341 460 2395 fectum
491 2343 931 2396 Christianorum
961 2345 1132 2398 sacris
1167 2345 1415 2412 initiavit,
1452 2349 1568 2417 qui,
1603 2361 1847 2418 postmo-

262 2435 386 2489 dum
436 2437 814 2500 miraculosis,
851 2439 894 2490 si
930 2437 1039 2491 Deo
1085 2437 1290 2507 placet,
1327 2437 1608 2509 TheOphili
1658 2443 1844 2497 Ariani

262 2529 521 2596 operibus
549 2538 878 2596 commotus,
922 2539 1030 2582 tres
1062 2531 1324 2585 ecclesias
1355 2531 1406 2584 in
1439 2533 1659 2586 totidem
1692 2535 1842 2603 regni

260 2621 341 2675 sui
376 2620 755 2674 celeberrimis
787 2621 1012 2674 urbibus
1034 2622 1256 2690 proprio
1284 2637 1390 2676 aere
1417 2637 1446 2676 a
1479 2623 1843 2681 fundamentis

256 2712 536 2775 excitavit,
572 2728 732 2765 uuam
766 2713 816 2765 iu
857 2713 970 2780 ipsa
1003 2712 1282 2780 metropoli
1323 2713 1487 2766 totius
1517 2716 1693 2782 gentis
1732 2714 1840 2771 Ta-

255 2804 503 2871 pbaron;
537 2803 831 2857 secundam
859 2803 916 2854 ὲν
965 2795 1010 2870 ᾧ
1044 2801 1107 2855 τὸ
1155 2799 1458 2855 ΡΩΜΑΙΩΝ
1487 2804 1840 2861 ΕΜΠΟΡΙΟΝ

251 2893 558 2964 ἐτύγχανεν
596 2933 611 2957 ,
667 2893 770 2958 ἔξω
820 2893 954 2961 πρὸς
1001 2891 1095 2946 τὸν
1153 2893 1400 2949 Ὠκεανὸν
1447 2896 1836 2966 τετραμμένον.

250 2983 500 3037 Rue-3m
537 2983 595 3038 δὲ
641 2985 704 3036 τὸ
746 2985 942 3055 χωρίον
994 2985 1215 3055 Ἀδάνην
1275 2985 1399 3039 ἔνθα
1450 2987 1543 3040 καὶ
1594 2991 1718 3053 τοὺς
1773 2991 1838 3044 ἐκ

262 3071 558 3144 Ῥωμαίων
591 3075 1032 3145 ἀφικνουμένους
1089 3075 1208 3138 ἔθος
1253 3072 1321 3148 ἦν
1369 3078 1832 3150 indagat-timeat:

254 3185 276 3217 ο
333 3165 452 3221 Ubi
483 3177 601 3222 erat
649 3166 939 3221 Romanum
989 3167 1297 3237 Emporium
1339 3181 1646 3225 extrorsum
1693 3174 1832 3243 apud

247 3254 538 3310 Oceanum
575 3258 844 3326 positum;
887 3265 1083 3311 vocant
1112 3272 1240 3311 vero
1278 3261 1532 3328 oppidum
1574 3263 1829 3332 Adanen,

247 3363 368 3416 quo
406 3349 495 3410 iis,
530 3364 671 3418 quos
709 3365 774 3404 ex
820 3347 1082 3404 Romanis
1118 3352 1300 3404 venire
1333 3353 1615 3422 contingit,
1651 3357 1834 3424 appel-

247 3440 366 3495 lere
403 3458 527 3496 mos
569 3451 671 3496 est.
727 3462 744 3494 ι
778 3441 1013 3496 Tertiam
1063 3459 1192 3497 Vero
1233 3447 1514 3499 ecclesiam
1563 3446 1614 3500 in
1665 3448 1832 3503 altera

247 3535 496 3605 regionis
546 3545 698 3604 parte
743 3526 1042 3601 exstruxit,
1087 3539 1176 3592 ubi
1208 3537 1486 3592 Persicum
1531 3547 1613 3592 est
1645 3553 1833 3607 empo-

247 3629 396 3682 rium
432 3630 484 3682 in
509 3630 651 3683 ostio
678 3630 844 3684 maris
870 3629 1095 3694 Persici,
1124 3632 1264 3700 quod
1298 3631 1368 3684 ibi
1391 3639 1474 3685 est
1506 3632 1668 3684 situm
1696 3631 1828 3700 (70).

326 3720 585 3791 Moyuius
619 3721 784 3791 igitur
811 3723 1056 3792 sequenti
1106 3722 1602 3792 argumentationis
1634 3738 1830 3790 genere

250 3809 310 3866 S.
345 3811 699 3882 Hippolytum
744 3812 976 3866 Arabcm
1006 3813 1324 3882 episcopum
1385 3812 1552 3865 fuisse
1576 3811 1677 3865 sibi
1709 3827 1833 3880 [er-

248 3903 487 3956 suadet:
521 3902 772 3956 Gelasius
797 3902 853 3956 8.
896 3901 1238 3974 Hippolytum
1276 3901 1488 3956 Arabia:
1519 3904 1828 3969 metropoli-

245 4007 439 4048 tanum
477 3996 749 4065 appellat;
776 3994 1172 4066 Philostorgius
1203 4011 1300 4050 nos
1323 3996 1483 4050 docet
1535 3995 1590 4049 in
1622 3994 1832 4052 Arabia

244 4147 786 4200 animadvertendus.
824 4145 914 4201 Sic
937 4148 1080 4201 enim
1119 4145 1300 4200 Grzeca
1331 4161 1388 4198 se
1417 4146 1643 4200 habent:
1690 4147 1833 4202 Ἐπί-

244 4234 454 4280 σκοπος
472 4217 533 4270 δὲ
561 4211 714 4280 οὗτος
749 4218 1012 4287 (Beryllus
1043 4217 1268 4285 scilzcct)
1317 4211 1383 4286 ἦν
1424 4216 1532 4268 τῶν
1561 4217 1699 4269 κατὰ
1731 4219 1830 4270 Βό-

243 4303 416 4359 στραν
456 4288 738 4359 Ἀράβων.
773 4287 1139 4359 temerati};
1163 4288 1254 4359 xui.
1294 4287 1602 4359 Ἱππόλυτος
1640 4288 1831 4358 ἐτέρας

243 4355 349 4410 ποῖ)
377 4357 476 4411 καὶ
499 4355 660 4419 citi-:6;
687 4355 958 4428 προεστὼς
1001 4356 1339 4428 Ἐκκλησίαῇ
1374 4357 1503 4421 Quic
1535 4359 1612 4410 sic
1637 4355 1831 4412 debent

243 4429 438 4497 reddi;
487 4447 506 4476 ι
545 4426 788 4497 Beryllus
828 4429 930 4480 fuit
977 4426 1260 4495 episcopus
1301 4426 1504 4480 Rostra:
1548 4428 1826 4483 Arabum:

243 4491 576 4565 Hippolytus
642 4491 802 4550 etiam
887 4491 1041 4551 alteri
1071 4491 1320 4552 l‘lcelcsite
1358 4497 1590 4564 praefuit,
1648 4509 1752 4551 etc.
1803 4518 1822 4550 ι

1965 603 2186 657 nomine
2223 604 2568 670 insignitam;
2604 607 2730 674 quid
2780 607 2944 677 igitur
2998 617 3189 673 restat,
3233 612 3366 680 quin
3411 627 3532 666 cre-

1966 692 2160 748 damus
2187 695 2482 764 scriptores
2505 712 2718 756 omnes.
2753 701 2846 768 qui
2873 699 2930 753 S.
2959 698 3306 772 Hippolytum
3331 701 3532 758 Portus

1964 781 2194 837 Romani
2228 787 2543 856 episcopum
2574 789 2740 843 fuisse
2768 793 3126 860 Srripscrunt,
3163 810 3269 848 non
3304 793 3531 850 Portum

1962 875 2116 928 urbis
2151 874 2334 930 Roma:
2356 878 2421 929 ad
2451 874 2713 948 Tyrrheni
2773 882 2942 934 maris
2965 898 3112 947 oras,
3173 884 3266 938 sed
3304 883 3394 938 Po:
3413 895 3528 940 tum

1961 967 2263 1024 Romanum
2293 970 2550 1042 Erythraei
2613 972 2777 1026 maris
2815 975 2865 1026 iu
2914 975 3112 1028 Arabia
3148 974 3321 1030 F«lice
3366 978 3534 1031 situm

1958 1060 2242 1131 designare
2266 1063 2539 1117 voluisse?
2568 1064 2741 1131 Atque
2770 1074 2827 1119 ut
2855 1080 3008 1119 suam
3043 1075 3366 1121 sententiam
3397 1084 3525 1138 pro-

1959 1151 2276 1207 babiliorem
2333 1155 2599 1216 redderet,
2636 1156 2860 1224 hujusce
2905 1157 3122 1212 Arabici
3167 1157 3362 1212 Portus
3393 1159 3530 1215 insi-

1958 1244 2081 1313 gnia
2113 1253 2168 1298 et
2213 1248 2459 1300 encomia
2502 1249 2798 1310 contexuit,
2853 1249 2989 1304 situs
3039 1252 3528 1320 opportunitatem,

1960 1345 2322 1390 mercatorum
2348 1337 2706 1407 frequentiam
2738 1356 3082 1410 summopere
3111 1346 3523 1401 commendans.

1963 1424 2066 1481 Sed
2081 1431 2256 1496 ‘quatn
2287 1430 2444 1498 longe
2469 1446 2498 1482 a
2529 1446 2658 1483 vero
2678 1432 2888 1484 aberret
2919 1433 2997 1484 vir
3032 1433 3269 1504 alioquin
3296 1453 3528 1491 summa:

1959 1515 2301 1578 eruditionis,
2330 1517 2504 1572 fusius
2539 1518 2912 1572 demonstrare
2943 1519 2996 1572 in
3033 1521 3216 1573 animo
3242 1531 3342 1575 est.
3369 1522 3524 1587 Quod

1959 1606 2024 1658 ad
2073 1604 2271 1660 Gelasii
2333 1609 2702 1662 testimonium
2760 1609 2971 1673 attinet,
3008 1626 3176 1685 ‘quem
3242 1623 3522 1666 auctorem

1959 1697 2116 1752 toties
2178 1697 2460 1751 memorati
2515 1699 2761 1767 opusculi
2818 1697 2894 1752 De
2936 1699 3140 1753 duabus
3173 1704 3375 1754 naturis
3410 1703 3528 1772 ipse

1957 1788 2200 1852 credidit,
2237 1791 2488 1858 superius
2545 1791 2807 1859 probasse
2834 1791 2990 1846 nobis
3024 1793 3340 1858 suademus,
3374 1795 3524 1867 Moy-

1884 1873 1922 1927 B
1954 1881 2101 1934 nium
2137 1890 2491 1950 caeterosque,
2541 1881 2634 1951 qui
2689 1884 2793 1937 hoc
2841 1883 3140 1937 abutuntur
3179 1873 3517 1949 testimonio,

1949 1986 2086 2025 vana
2121 1972 2330 2026 locutos
2359 1989 2501 2038 essm
2529 1984 2687 2042 atque
2727 1990 2790 2028 cx
2825 1991 2910 2039 eo,
2945 1987 3133 2029 contra
3177 1988 3415 2030 nostram
3451 1977 3522 2032 de

1949 2061 2238 2118 Portuensi
2274 2064 2331 2117 8.
2381 2063 2653 2136 llippolyti
2697 2066 2824 2120 sede
2871 2066 2936 2120 ad
2973 2081 3124 2120 oratu
3160 2069 3326 2123 maris
3354 2069 3520 2124 Medi-

1949 2157 2182 2210 tcrranei
2212 2157 2564 2221 sententiam,
2595 2158 2866 2211 infirmum
2895 2159 3085 2212 deduci
3113 2172 3512 2229 argumentum.

1948 2245 2134 2301 Restat
2161 2248 2324 2315 igitur
2342 2257 2399 2300 ut
2427 2248 2493 2302 de
2525 2247 2874 2320 Philostorgii
2908 2253 3234 2306 auctoritate
3262 2252 3518 2324 illiusque

1947 2338 2254 2391 testimonio
2284 2338 2466 2408 aliqua
2493 2339 2760 2393 dicamus.

2018 2429 2272 2486 Fatemur
2293 2432 2511 2500 quidem
2559 2430 2836 2502 Evangelii
2887 2431 3062 2487 lucem
3115 2433 3518 2506 antiquissimis

1945 2518 2198 2576 Ecclesiae
2223 2523 2441 2577 szeculis
2478 2522 2617 2592 apud
2647 2538 2836 2578 omnes
2886 2539 3136 2594 peraeque
3169 2536 3356 2596 gentes
3381 2544 3514 2598 apo—

1945 2611 2264 2665 stolicorum
2317 2612 2559 2666 virorum
2613 2629 2741 2667 cura
2793 2613 2952 2682 longe
2982 2614 3196 2684 lateque
3260 2617 3513 2673 diffusam

1941 2701 2147 2768 fuisse;
2197 2701 2427 2772 ideoque
2453 2704 2655 2758 nullam
2689 2704 2800 2758 fere
2826 2705 2974 2760 orbis
2999 2707 3198 2776 c0gniti
3225 2717 3279 2762 et
3313 2707 3513 2762 Roma-

1941 2809 2139 2848 norum
2199 2795 2543 2850 commerciis
2604 2794 2929 2865 frequentati
2976 2810 3184 2867 partem
3233 2799 3515 2856 exstitisse

1947 2887 2244 2951 credimus,
2275 2901 2437 2956 quam
2471 2887 2662 2955 primis
2695 2889 2856 2942 etiam
2888 2887 3142 2944 Ecclesia:
3175 2892 3514 2961 temporibus

1942 2980 2218 3050 Evangelii
2250 2981 2340 3035 lux
2369 2996 2476 3034 non
2532 2983 2911 3050 penetraverit.
2945 2980 3220 3052 Optimum
3263 2995 3373 3038 tam
3408 2984 3512 3040 ad.

1938 3073 2198 3127 mirandae
2227 3073 2433 3128 reitest
2455 3089 2520 3127 -m
2551 3075 2845 3128 Aruobium
2885 3074 2998 3147 (7t)
3041 3077 3328 3144 habemus,
3351 3078 3512 3148 cujus

1935 3163 2049 3232 jam
2075 3180 2190 3219 tero
2219 3164 2532 3220 Christiana
2572 3166 2759 3238 religio
2784 3164 2969 3228 Seras,
3001 3166 3195 3222 Persas
3223 3177 3276 3222 et
3299 3167 3508 3237 Medos,

1934 3256 2140 3323 Asiam,
2167 3254 2402 3327 Syriam,
2433 3258 2712 3324 Arabiam,
2740 3257 3056 3330 Egyptum,
3079 3259 3364 3324 Achaiam,
3398 3259 3509 3314 Ma-

1933 3347 2236 3412 cedoniam,
2269 3347 2526 3418 Epirum,
2557 3360 2610 3404 ct
2641 3349 2849 3405 insulas
2876 3367 2939 3405 ac
2980 3351 3289 3420 provincias
3315 3367 3507 3406 omnes

1933 3455 2068 3510 quas
2103 3441 2186 3495 sol
2216 3442 2400 3496 oriens
2431 3451 2592 3509 atque
2619 3440 2877 3496 occidens
2923 3441 3137 3507 lustrat,
3170 3452 3507 3511 pervaserat.

1931 3532 2172 3586 Arnobio
2209 3534 2559 3588 consentiunt
2589 3532 2958 3588 Tertullianus
2985 3532 3119 3604 (72),
3158 3533 3357 3603 aliique
3391 3533 3504 3605 (75)

1933 3623 2148 3678 illorum
2181 3633 2234 3678 et
2259 3624 2619 3692 posteriorum
2668 3633 2970 3694 temporum
3025 3627 3340 3694 scriptorcs,
3367 3642 3508 3694 quo-.-

1936 3730 2055 3768 tum
2085 3715 2510 3770 luculentissima
2565 3716 2666 3768 hac
2699 3715 2765 3768 de
2805 3731 2860 3770 re
2913 3717 3218 3770 testimonia
3251 3718 3302 3770 in
3333 3734 3502 3771 unum

1948 3808 2215 3877 congessit
2249 3806 2484 3860 Joannes
2532 3805 2789 3860 Albertus
2818 3805 3100 3861 Fabricius
3128 3809 3180 3861 in
3234 3809 3373 3861 libro
3413 3809 3502 3863 cui

1934 3898 2147 3962 titulus,
2189 3898 2456 3952 Salutaris
2485 3899 2576 3952 lux
2606 3898 2875 3968 Evangelii
2906 3899 3016 3967 (74)
3047 3901 3143 3953 toti
3165 3902 3277 3954 orbi
3304 3918 3396 3969 per
3417 3903 3503 3955 di-

1930 3991 2104 4045 vinam
2157 3990 2387 4059 gratiam
2438 3992 2699 4059 exoriens,
2745 4001 2873 4055 etc.,
2915 3992 2969 4045 in
3021 4006 3133 4060 quo
3176 3990 3502 4048 Christiana:

1931 4156 2020 4202 tur
2045 4165 2194 4202 num.
2228 4149 2260 4202 5
2287 4167 2300 4202 :
2337 4168 2354 4198 ε
2383 4148 2451 4202 At
2473 4147 2804 4218 Theophilus
2837 4164 2960 4202 cum
3000 4147 3139 4217 apud
3173 4145 3499 4204 Hommritas

1937 4219 2175 4290 singula,
2204 4228 2362 4288 prout
2388 4228 2596 4290 poterat
2639 4229 2691 4290 et
2726 4230 2883 4287 prout
2913 4219 3170 4286 temporis
3195 4219 3332 4272 ratio
3363 4220 3503 4274 sine-

1931 4289 2043 4350 bat,
2077 4289 2398 4352 ordinassct,
2445 4300 2498 4343 ct
2542 4289 2799 4343 ecclesias
2847 4290 3227 4352 dedicavisset,
3260 4299 3498 4342 t-torna-

1931 4361 2152 4428 pientis,
2202 4359 2401 4428 quibus
2455 4368 2686 4427 poterat,
2743 4368 3082 4420 exornasset,
3143 4359 3500 4428 adinsulatn‘

1932 4426 2090 4490 Divu,
2126 4426 2288 4498 quam
2318 4429 2418 4496 ipsi
2452 4426 2699 4498 patriam
2743 4429 2910 4484 fuisse
2954 4428 3206 4498 superius
3230 4427 3495 4482 indicavi-

1933 4514 2056 4554 mus
2083 4541 2097 4564 ,
2137 4497 2426 4568 navigavit.
2454 4497 2635 4567 Atque
2689 4497 2812 4552 inde
2840 4500 2907 4553 ad
2953 4497 3089 4553 alias
3125 4498 3285 4551 ludia:
3308 4514 3493 4567 perre-

315 4573 429 4643 (69)
479 4565 761 4643 νιιιεηρεις.
798 4567 898 4643 192
916 4570 1084 4643 hujus
1113 4568 1511 4643 dissertationis
1542 4566 1594 4618 in
1627 4569 1828 4624 nostris
1861 4571 1906 4627 ι)
1933 4570 2009 4643 _xit
2035 4565 2302 4643 regiones,
2335 4565 2630 4643 multaque,
2655 4583 2774 4638 quae
2803 4569 2943 4638 apud
2979 4569 3100 4623 illos
3127 4583 3232 4622 non
3267 4565 3367 4622 rite
3402 4568 3496 4624 lie-

244 4637 420 4702 notis,
477 4639 570 4690 ubi
607 4637 866 4706 Stephani
915 4639 964 4692 lc
993 4639 1184 4708 Moyne
1221 4639 1378 4691 verba
1414 4652 1510 4706 per
1540 4649 1828 4693 extensum

244 4711 560 4771 retulimus,
595 4718 704 4760 not.
739 4709 792 4761 5.

317 4780 427 4848 (157)
477 4777 596 4848 Lib.
639 4794 696 4830 ιιι
736 4777 1117 4830 Ecclesiastica:
1143 4776 1410 4840 historice,
1453 4792 1572 4845 cap.
1601 4778 1666 4841 4,
1699 4792 1823 4848 pag.

248 4847 349 4902 486
377 4850 510 4900 edit.
543 4847 854 4917 (Iantabtig.
901 4850 1025 4899 anni
1061 4847 1215 4911 1720,
1245 4848 1440 4914 saepius
1463 4848 1654 4900 citatw.

319 4920 430 4986 (68)
464 4917 692 4971 Peracta
714 4932 794 4970 est
821 4922 931 4970 haec
959 4920 1155 4986 legatio
1202 4934 1344 4969 anno
1378 4918 1500 4978 556,
1531 4929 1586 4970 ιιι
1620 4917 1823 4971 existi-

247 5000 354 5043 mat
383 4991 752 5043 Gotholredus
799 4989 850 5040 in
880 4988 1168 5040 Comment.
1200 4988 1352 5056 leg.‘2
1394 4988 1573 5040 Codic.
1629 4986 1821 5041 T/ieod.

246 5062 311 5113 de
358 5061 580 5129 legatis,
611 5061 735 5112 data
788 5075 915 5111 svnt
972 5060 1086 5129 Ital.
1142 5056 1324 5129 Febr”
1387 5059 1681 5112 indictione
1731 5075 1820 5123 xv,

248 5127 575 5185 Consﬁtntio
599 5130 734 5196 Aug.
768 5144 863 5181 vni
894 5138 945 5180 et
989 5128 1204 5182 Juliano
1230 5127 1370 5181 (hes.
1405 5144 1571 5190 coss.,
1609 5131 1662 5181 in
1715 5144 1822 5198 qua

248 5201 374 5269 dicit
400 5203 724 5269 imperator:
762 5217 780 5249 ι
813 5198 1002 5252 Nullus
1027 5201 1091 5252 ad
1119 5211 1326 5267 gentem
1362 5199 1743 5251 Axumitarum
1770 5209 1823 5252 ct

248 5267 668 5324 Hominritarum
703 5271 780 5322 ire
796 5281 1112 5338 praeceptus,
1144 5287 1162 5318 ι
1199 5279 1327 5331 etc.,
1355 5271 1404 5322 id
1435 5278 1536 5329 est,
1566 5269 1822 5337 legatione

248 5341 394 5463 ἔξωθε
429 5342 629 5419 jussus,
660 5350 720 5392 ut
743 5341 975 5402 explicat
1003 5339 1367 5416 Gothofredus
1405 5339 1496 5418 lib.
1549 5355 1623 5418 sit
1647 5410 1655 5418 .
1682 5339 1815 5394 Cud.

293 5411 536 5463 Ιιευάοε..
573 5419 654 5463 ιιι.
689 5409 774 5463 12.
803 5419 936 5463 ιοιιι.
985 5407 1099 5463 Η..
1126 5425 1179 5463 ι).
1206 5410 1329 5463 616.
1351 5412 1479 5463 edit.
1513 5407 1707 5463 lunata:
1729 5427 1815 5463 an.

293 5407 536 5478 freedom,
573 5413 654 5464 tit.
689 5409 774 5474 12,
803 5419 936 5465 tom.
985 5407 1099 5472 Ν..
1125 5425 1179 5478 p.
1206 5410 1329 5472 616,
1351 5410 1479 5463 edit.
1513 5407 1707 5478 Lipsia:
1729 5427 1818 5463 an.

249 5481 406 5535 1740.

315 5552 429 5623 (69)
461 5550 796 5623 Ecclesiatic.
853 5549 1196 5623 Pbilostorgii
1250 5549 1481 5623 Ηίειογ.Δ
1527 5549 1750 5623 epitome
1787 5565 1818 5605 ιι

250 5617 442 5676 i‘hotto
499 5622 808 5691 patriarcha
843 5625 1072 5676 confect.
1101 5617 1290 5674 [Iatine
1334 5619 1543 5691 reddita
1586 5617 1820 5674 Henrico

253 5692 464 5747 Valcsio
494 5690 806 5760 interprete.
841 5693 934 5745 lib.
964 5707 1046 5756 ιιι,
1078 5709 1133 5746 ιι.
1161 5693 1216 5754 4,
1247 5706 1368 5760 pag.
1397 5690 1520 5744 486.

316 5765 432 5830 (70)
465 5765 606 5816 Sunt
636 5759 798 5815 i‘crba
828 5763 996 5832 ipsius
1025 5759 1368 5830 Philostorgii
1402 5762 1504 5832 loc.
1539 5759 1654 5821 cit.,
1688 5774 1810 5829 pag.

247 5834 371 5900 188,
398 5843 598 5904 etpost
636 5831 949 5902 bujusutodi
1007 5838 1166 5888 verba
1198 5833 1310 5886 huic
1359 5831 1539 5886 statim
1571 5846 1811 5898 sequun-

1931 4638 2082 4700 bant,
2111 4640 2468 4694 emendavit.»

2002 4708 2112 4777 (7|)
2153 4708 2270 4762 Lib.
2314 4726 2371 4769 ll,
2405 4709 2603 4763 Contra
2651 4718 2843 4778 gentes,
2874 4723 2994 4777 pag.
3035 4707 3122 4778 1].
3170 4715 3330 4774 terg.,
3360 4709 3491 4766 edit.

1928 4775 2116 4833 Romae
2143 4781 2282 4848 apud
2315 4775 2664 4833 Franciscuui
2698 4775 3036 4832 Prisciancu.
3060 4777 3452 4833 Florentinum.

2000 4849 2112 4917 (7‘2)
2145 4851 2198 4901 In
2232 4849 2561 4918 Apolugctico
2592 4849 2838 4902 adversus
2862 4857 3058 4918 gentes,
3093 4863 3209 4916 cap.
3248 4848 3336 4914 δῖ,
3363 4864 3488 4919 pag.

1927 4917 2016 4982 67,
2051 4920 2178 4972 edit.
2217 4917 2386 4972 Paris.
2426 4919 2579 4971 1616.

1998 4989 2109 5059 (75)
2140 4987 2341 5057 Nempe
2374 4988 2427 5040 S.
2457 4988 2707 5059 Clemens
2754 4986 3031 5059 Rullianus
3083 4983 3258 5059 Epist.
3288 4987 3356 5040 ad
3387 4987 3490 5042 Co-

1925 5056 2112 5124 rinth;
2140 5059 2196 5112 8.
2229 5056 2462 5125 lgnatius
2523 5057 2696 5126 Epist.
2749 5058 2817 5108 ml
2851 5056 3330 5125 Philadelphenos,
3367 5075 3486 5126 cap.

1923 5130 1994 5200 Q;
2049 5131 2104 5182 8.
2156 5129 2402 5183 Justinus
2457 5127 2938 5200 Inartyighiulogo
2991 5143 3132 5200 cunt
3177 5126 3488 5200 Trgplioae;

1924 5198 2184 5268 Origenes
2213 5201 2303 5253 lib.
2334 5216 2345 5251 I
2377 5212 2555 5251 contra
2599 5195 2845 5268 Celsum;
2880 5195 3207 5251 Lactantius
3238 5196 3314 5249 De
3346 5215 3483 5268 inor-

1925 5266 2060 5322 tibu's
2091 5284 2526 5337 persccutornm,
2557 5284 2605 5322 c.
2639 5269 2708 5330 2;
2765 5267 3033 5320 Eusebius
3072 5276 3209 5322 orat.
3249 5269 3328 5337 (de
3355 5266 3488 5337 Alau-

1922 5339 2074 5391 dibus
2092 5335 2473 5401 Constantini;
2508 5336 2563 5390 S.
2599 5339 3017 5408 Clirysoslomus
3072 5336 3322 5408 humilia
3345 5335 3379 5387 2
3431 5337 3487 5389 in

1919 5409 2204 5471 Joannem,
2235 5419 2287 5462 et
2350 5409 2536 5461 hotnil.
2578 5411 2600 5461 1
2641 5403 2726 5461 οβ’
2769 5408 3015 5459 laudibus
3061 5403 3118 5458 S.
3167 5405 3324 5458 Pauli
3352 5420 3484 5473 apo-

1920 5479 2076 5542 stoli;
2117 5478 2174 5532 8.
2213 5478 2572 5548 Hieronymus
2629 5481 2679 5530 in
2725 5480 2906 5538 Amos,
2939 5480 3094 5545 epist.
3126 5475 3487 5548 nd_Heliodo-

1920 5566 2057 5610 rum,
2111 5549 2376 5619 epitapliio
2412 5543 2731 5619 Nepotiani,
2773 5556 2822 5600 et
2866 5543 3018 5619 epist.
3065 5547 3132 5597 ad
3179 5543 3403 5611 Lanam,
3432 5554 3487 5600 et
3581 5561 3592 5574 '

1917 5620 2007 5672 alii
2040 5617 2444 5688 quaniplm'imi,
2476 5636 2614 5687 quos
2650 5633 2934 5671 numerare
2968 5617 3374 5688 longum_esse_t.

1991 5683 2100 5756 (7i)
2133 5683 2264 5757 Cap.
2313 5689 2369 5752 ‘2,
2417 5683 2534 5758 pag.
2568 5689 2637 5742 ‘25
2693 5702 2744 5741 et
2799 5703 2950 5756 seqq.
3002 5687 3130 5758 edit.
3189 5683 3481 5755 Hamburgi

1916 5754 2044 5814 anni
2080 5754 2232 5823 1751,
2266 5762 2356 5812 uli
2385 5754 2549 5812 multa
2601 5754 3031 5811 Christianorum
3087 5754 3303 5808 Patrum
3339 5754 3487 5809 veto-

1917 5847 2040 5885 rum
2072 5847 2137 5888 ue
2169 5835 2554 5901 propagatione
2594 5826 2867 5899 EVangclll
2903 5827 3209 5882 testimonia
3239 5825 3486 5881 referun-
