3966 6344
207 397 312 455 517

997 398 1084 453 DE
1120 397 1510 455 PORTUENSI
1552 397 1609 454 S.
1652 396 2014 452 lllPPOLYTl
2055 396 2249 452 SEDE.
2288 426 2356 440 —-
2390 396 2572 452 PARS
2609 396 2675 452 ll.

3345 394 3481 456 518‘

206 513 307 578 dit,
349 512 448 583 qui
482 513 693 580 forsan,
739 523 800 569 ut
826 515 941 584 ipse
990 516 1184 585 inquit,
1232 515 1286 570 in
1317 515 1480 571 Portu
1513 515 1776 580 Romano,
1809 526 1852 580 Α
1882 523 2041 578 teste,
2090 513 2268 568 medio
2309 523 2504 583 quarto
2559 512 2761 568 sarculo
2788 511 3094 568 Christiana
3124 511 3316 584 religio
3345 513 3455 569 Ho-

204 605 456 674 emporio
491 606 660 660 totius
693 605 906 660 Arabia:
956 607 1334 673 celeberrimo,
1397 607 1571 676 prima
1601 604 1779 660 Evan-

205 697 325 768 gelii
350 696 568 751 semina
590 697 740 766 jecit,
782 706 1073 767 antequam
1125 699 1548 770 Hierosolymam
1584 698 1778 770 migra-

207 797 284 843 ret
311 789 585 858 principis
645 789 1015 859 apostolorum
1077 791 1287 847 visendi
1335 791 1527 861 gratia.
1578 788 1778 845 Verum

207 877 365 946 longe
393 877 670 948 decipitur
725 878 1013 950 Moynius;
1069 897 1219 948 nam,
1257 890 1316 936 ut
1358 881 1646 951 peritiores
1672 882 1781 937 cri-

213 969 300 1022 tici
363 968 482 1036 (84)
541 969 758 1035 docent,
805 969 864 1024 8.
913 967 1116 1026 Paulus
1163 971 1372 1027 vicinas
1431 971 1700 1026 Damasco
1727 979 1782 1026 et

207 1058 421 1113 Arabiae
442 1058 664 1114 Petraea:
689 1068 861 1115 terras
889 1060 1031 1115 haud
1072 1071 1157 1117 est
1189 1070 1629 1132 praetergressus,
1659 1077 1781 1132 quae

209 1150 531 1220 longissimo
569 1160 839 1205 terrarum
883 1153 1061 1222 spatio
1110 1153 1180 1207 ab
1231 1151 1646 1208 llomairitarum
1690 1169 1779 1208 re-

206 1241 363 1311 gione
388 1241 602 1296 dissita:
625 1240 782 1304 fsum.
839 1241 1014 1310 Atque
1079 1241 1182 1295 hoc
1238 1256 1401 1296 sensu
1460 1241 1776 1310 accipienda

212 1341 335 1387 sunt
357 1334 454 1387 illa
491 1333 550 1387 S.
593 1331 905 1405 Hieronymi
957 1334 1120 1388 verba
1175 1334 1229 1387 in
1278 1333 1507 1403 epistola
1544 1335 1610 1388 ad
1640 1331 1781 1388 Pau-

210 1425 379 1480 linum
423 1425 800 1496 presbyterum
859 1423 1017 1493 (85):
1069 1445 1087 1476 ‹
1120 1424 1364 1494 (Paulus)
1414 1433 1540 1493 post
1584 1423 1781 1480 Dama-

203 1532 355 1574 scum
396 1517 770 1586 Arabiamque
829 1516 1138 1581 lustratam,
1174 1516 1417 1572 ascendit
1464 1515 1779 1588 Hierosoly-

204 1624 371 1673 mam,
403 1618 468 1662 ut
494 1609 702 1664 videret
761 1608 1035 1663 Petrum.»
1091 1607 1288 1662 Verum
1341 1612 1693 1678 quantumvis
1718 1607 1776 1663 S.

209 1699 454 1756 Thomas
509 1701 646 1770 ipsis
691 1700 948 1755 Ecclesim
1007 1700 1354 1755 incunabulis
1421 1699 1811 1770 Evangelium.

209 1792 463 1847 barbaris
519 1792 672 1846 hisce
723 1792 976 1862 gentibus
1037 1790 1448 1856 annuntiasset,
1507 1791 1780 1860 malignus

209 1881 446 1936 Satanas
478 1882 868 1951 superveniens
896 1882 951 1935 in
981 1897 1111 1951 agro
1136 1881 1347 1936 Domini
1386 1882 1780 1951 supersemina-

208 1974 280 2026 vit
307 1974 543 2046 zizania,
567 1973 883 2042 Arabesque
925 1974 1172 2043 pristinis
1222 1974 1704 2044 superstitionibus
1723 1981 1776 2028 et

207 2065 532 2119 idololatria:
554 2066 806 2118 restituit.
867 2064 1019 2130 Quod
1053 2066 1215 2120 etiam
1245 2067 1312 2120 de
1342 2065 1484 2120 Indis
1532 2065 1778 2120 evenisse

206 2157 517 2227 colligimus
548 2172 612 2211 ex
647 2156 917 2222 Eusebio;
967 2158 1021 2212 bi
1046 2159 1190 2212 enim
1227 2157 1285 2213 S.
1316 2159 1775 2214 Bartholomazum

207 2249 514 2317 apostolum
566 2247 914 2319 Evangelium
985 2250 1372 2319 pradicautem
1424 2251 1772 2316 audiverunt,

209 2339 297 2393 sed
321 2353 451 2392 cum
504 2335 562 2390 S.
587 2335 863 2393 Pantenus
890 2347 1010 2407 post
1047 2339 1248 2393 multos
1289 2354 1460 2394 annos
1485 2339 1683 2394 ibidem
1719 2354 1779 2394 se

214 2430 556 2490 contulisset,
591 2443 796 2498 paucos
829 2430 1044 2499 quidem
1068 2431 1286 2500 reperit,
1319 2431 1410 2501 qui
1462 2432 1700 2501 aliquam
1726 2441 1780 2487 et

211 2520 501 2575 obscuram
529 2520 730 2577 Christi
759 2523 1006 2577 notitiam
1038 2523 1296 2577 haberent
1340 2523 1473 2593 (86).
1521 2523 1596 2579 De
1634 2525 1778 2579 Ara-

210 2613 366 2670 bibus
399 2615 546 2670 idem
579 2617 826 2671 evenisse
867 2616 1057 2672 scribit
1101 2615 1517 2688 Philostorgius,
1569 2618 1659 2673 cui
1691 2618 1778 2672 in-

213 2716 416 2779 tegram
445 2709 700 2780 Moynius
730 2709 889 2762 fidem
947 2710 1172 2778 praebet,
1202 2710 1332 2764 dum
1360 2718 1547 2764 narrat
1575 2727 1605 2764 a
1634 2710 1779 2765 Con-

211 2799 450 2853 stantino
474 2799 681 2853 Ariano
712 2798 1072 2868 Theophilum
1113 2797 1328 2854 Satanae
1376 2801 1681 2868 apostolum
1709 2801 1778 2855 ad

214 2888 562 2955 Homa‘ritas,
609 2893 932 2946 Auxumitas
959 2900 1013 2945 et
1056 2889 1218 2945 Indos
1245 2892 1470 2946 missum
1522 2890 1689 2947 fuisse
1712 2907 1778 2946 eo

209 2983 335 3044 ﬁne,
391 2991 455 3036 ut
498 2998 596 3039 eos
619 2986 685 3036 ad
713 2985 964 3054 pietatem
1003 2985 1349 3049 traduceret;
1374 2993 1428 3038 et
1485 3001 1608 3039 eum
1634 2986 1780 3053 ipsos

211 3072 288 3126 vel
318 3072 638 3128 Judzeorum
697 3075 1192 3145 superstitionibus
1234 3077 1498 3142 addictos,
1535 3076 1618 3130 vel
1650 3093 1780 3146 gen-

209 3165 342 3219 tium
396 3166 681 3221 erroribus
749 3183 871 3221 esse
949 3170 1186 3226 imbutos
1257 3173 1494 3235 scribat,
1573 3174 1777 3228 nullam

210 3256 274 3308 de
345 3256 680 3311 Christianis
761 3259 961 3314 ibidem
1044 3262 1366 3332 degentibus
1443 3266 1777 3320 mentionem

209 3346 354 3404 facit.
399 3348 716 3403 Clarissima
760 3361 889 3405 sunt
924 3353 1036 3408 hzec
1060 3353 1406 3427 Philostorgii
1440 3357 1600 3410 verba
1627 3358 1738 3427 (87)
1767 3375 1781 3412 :

211 3459 232 3492 ι
261 3441 668 3496 Circumcisam
704 3457 832 3496 vero
862 3459 981 3498 eam
1010 3458 1220 3516 gentem
1253 3463 1372 3502 esse
1391 3489 1408 3510 .
1459 3457 1650 3503 octavo
1681 3451 1786 3503 cir-

206 3535 587 3591 cumcidentes
614 3553 671 3591 se
698 3538 784 3592 die
803 3580 818 3604 ,
847 3549 900 3594 et
924 3539 1233 3594 sacrificare
1254 3541 1363 3610 soli
1383 3581 1398 3605 ,
1438 3548 1490 3594 et
1526 3540 1667 3594 lunze
1686 3581 1701 3605 ,
1731 3547 1787 3596 et

206 3628 485 3698 indigenis
516 3630 886 3698 daemonibus;
940 3631 1086 3685 haud
1117 3647 1342 3700 parvum
1371 3648 1657 3689 numerum
1686 3631 1785 3686 Ju-

205 3722 451 3779 daeorum
504 3725 590 3779 his
634 3725 953 3780 immistum.
989 3745 1010 3779 ›
1073 3723 1130 3780 Si
1177 3725 1374 3797 igitur,
1417 3725 1785 3798 Philostorgio

205 3949 374 4003 tionis
398 3956 456 4000 et
496 3962 618 4019 pag.
651 3947 740 4012 50,
766 3946 854 4002 ubi
891 3947 956 4002 de
986 3948 1148 4004 Portu
1173 3956 1228 4002 et
1253 3946 1453 4003 Arabia
1501 3948 1634 4019 agit,
1670 3949 1786 4006 haec

206 4020 399 4090 scribit
428 4037 532 4090 :_«
565 4017 1032 4090 Frequentabatur
1077 4034 1204 4072 vero
1225 4088 1237 4090 _
1258 4020 1326 4073 ab
1378 4017 1634 4090 omnibus
1671 4022 1786 4090 ipse

205 4089 439 4160 Portus.
465 4085 535 4160 Et
572 4087 643 4160 ibi
673 4085 972 4160 apostolus
981 4089 1184 4143 Paulus
1217 4088 1400 4144 forsan
1433 4085 1783 4160 Evangelium

207 4156 583 4213 anmmtiavit.
617 4156 1195 4230 ApostolusThomas,
1223 4169 1514 4230 antequam
1550 4156 1780 4214 ulterio-

208 4229 488 4284 reslndos
509 4237 845 4296 penetraret,
883 4228 1084 4284 dicitur
1133 4231 1296 4284 etiam
1332 4228 1404 4283 ibi
1441 4230 1682 4296 haesisse,
1732 4239 1786 4285 et

209 4299 496 4368 Evangelii
548 4312 679 4366 opes
722 4301 1129 4368 etmargaritas
1184 4314 1306 4353 cum
1359 4300 1483 4354 istis
1538 4302 1784 4356 oumium

211 4367 482 4440 gentium_
494 4367 886 4440 mercatoribus
921 4367 1148 4424 feliciter
1177 4370 1631 4425 communicasse.
1648 4389 1666 4421 ι

281 4441 399 4512 (84)
432 4435 724 4512 _Legen_d:e
754 4437 1015 4512 _l*l_ugonis
1069 4440 1240 4495 Crotii
1296 4440 1689 4512 adnotationes
1730 4441 1784 4495 in

211 4505 387 4581 Epist;
523 4505 688 4581 Pauli
703 4508 769 4581 ad
794 4505 1186 4581 Cia'latas,rcap.
1214 4525 1252 4572 ι,
1287 4525 1427 4581 vers.
1467 4510 1554 4574 17,
1586 4511 1651 4564 ad
1681 4511 1785 4564 hu-

208 4578 451 4660 ju'smodi
483 4578 712 4646 apostoli
737 4580 932 4633 verba:
965 4597 983 4630 ι
1014 4580 1194 4660 Neque
1210 4579 1328 4632 veni
1359 4578 1784 4660 llierosqumam
1821 4579 1863 4633 D
1888 4581 2066 4660 citata:
2113 4596 2126 4633 :

214 4650 279 4705 ad
319 4659 702 4720 antecessores
755 4663 904 4704 meos
953 4651 1250 4720 apostolos,
1277 4650 1370 4702 sed
1422 4651 1529 4703 abii
1567 4650 1620 4702 in
1648 4652 1784 4703 Ara-

213 4721 382 4784 biam,
409 4727 468 4772 et
498 4717 691 4770 iterum
718 4733 968 4774 reversus
991 4717 1121 4773 sum
1148 4719 1529 4786 Damascum,»
1567 4720 1656 4773 ubi
1686 4737 1783 4774 no-

216 4800 334 4844 tat:
375 4808 395 4841 ι
427 4786 488 4840 ln
520 4787 639 4840 loca
685 4786 946 4859 Damasco
996 4794 1280 4859 proxima:
1333 4790 1448 4858 ipsa
1481 4791 1624 4843 enim
1674 4789 1781 4843 Da-

217 4875 439 4915 mascus
490 4866 620 4911 tunc
670 4858 1055 4928 subiArabum
1092 4868 1208 4913 erat
1234 4875 1418 4928 regno.
1454 4859 1578 4914 llmc
1609 4861 1782 4928 prima

217 4939 298 4985 est
328 4929 604 5000 gentium,
642 4927 986 5000 cui__Paulus
1012 4927 1363 4999 Evangeliu’m
1399 4927 1780 4997 annuntiavit;

217 5002 270 5055 in
313 4997 419 5054 hoc
464 5013 683 5068 quoque
734 4997 902 5070 Moysi
943 4997 1301 5062 similis,'cui
1354 5010 1478 5068 post
1535 5001 1780 5054 relictam

217 5069 516 5143 Egyptum
557 5071 729 5143 prima
761 5069 947 5143 statio
985 5071 1038 5123 in
1092 5070 1450 5143 Arabia.__Sie
1474 5069 1781 5143 _in:p_letum

218 5137 448 5213 mystice
477 5139 798 5213 vaticinium
823 5199 826 5203 _
848 5139 1001 5213 Isaiae
1030 5155 1161 5202 XLII,
1183 5209 1194 5213 _
1208 5140 1273 5213 :2.
1309 5137 1782 5213 Hoc_iter’l_s_ucas

218 5208 322 5265 non
357 5208 663 5273 enarravit,
711 5210 835 5279 quia
874 5210 924 5263 ei
971 5226 1078 5263 non
1131 5209 1353 5263 adfuit.»
1417 5208 1569 5268 Grut.
1616 5211 1779 5279 Oper.

218 5282 654 5351 theologicorum
683 5287 816 5335 tom.
843 5279 932 5346 lll,
959 5295 1083 5350 pag.
1110 5280 1216 5334 864
1249 5281 1380 5334 edit.
1413 5279 1641 5334 Basilea:
1687 5295 1778 5332 an.

219 5353 374 5408 i732.
1251 5406 1256 5410 .

287 5426 399 5496 (8'5)
429 5422 566 5496 Quae
583 5419 838 5496 estjuxt‘a
874 5418 1607 5496 DominiciVallarsAii‘edit.“
1626 5434 1778 5496 num.

219 5490 306 5561 53,
333 5490 395 5550 8ζ
429 5490 747 5562 Hieronymi
778 5491 938 5560 Oper.
968 5501 1102 5562 tom.
1141 5491 1179 5551 Ι.
1211 5490 1486 5562 pag.269,
1527 5490 1656 5562 edit.
1681 5491 1777 5544 cit.

289 5565 530 5638 (86)7En
585 5561 805 5638 Eusebii
843 5563 1005 5638 verba
1053 5561 1196 5614 Hist.
1251 5561 1543 5638 ecclesiaat.
1590 5561 1777 5638 libav,

219 5629 338 5707 cap.
377 5629 466 5700 l0,
504 5650 628 5704 pag.
658 5633 786 5698 ⁸225,
827 5633 895 5707 de
938 5629 1180 5707 Panteno
1215 5632 1556 5701 philosopho,
1589 5629 1783 5707 Latine

221 5700 429 5761 reddita
458 5725 473 5762 :
504 5700 543 5757 ἰ
575 5700 848 5757 Pantenus
878 5705 931 5755 in
958 5701 1118 5755 ludos
1153 5700 1323 5770 usque
1351 5709 1665 5770 penetrasse
1699 5700 1781 5753 di-

221 5783 383 5840 citur,
413 5778 601 5846 ib'ique
626 5773 973 5842 Evangelium
1027 5770 1284 5846 Matthxi,
1316 5773 1459 5846 quod
1487 5772 1778 5846 adventum

221 5851 392 5913 ipsius
421 5840 531 5912 iani
559 5840 909 5917 praevenerat,
940 5845 1080 5913 apud
1107 5843 1373 5912 quosdam
1399 5840 1600 5897 Christi
1633 5843 1777 5895 noti-

1883 604 2106 658 matritis
2131 604 2366 672 primum
2398 601 2655 664 innotuit,
2673 600 2988 670 templaque
3013 600 3154 669 apud
3184 599 3332 670 ipsos
3359 615 3454 654 ve-

1881 709 1944 748 ro
1971 693 2080 748 Deo
2123 693 2300 747 dicata
2327 707 2450 747 esse
2477 699 2759 760 coeperunt
2777 727 2794 755 ,
2824 705 2924 744 cur
2954 688 3203 761 Moynius
3229 686 3288 742 8.
3317 686 3450 758 Hip-

1882 787 2125 857 polytu'n
2150 784 2574 839 Homaeritarum
2605 781 2875 852 episcopis
2905 779 3189 836 accenset?
3239 779 3297 835 S.
3319 778 3454 850 Hip-
3528 815 3538 830 .

1882 877 2124 947 polytum
2191 890 2338 929 anno
2399 873 2603 928 Christi
2653 873 2761 926 252
2815 871 3076 942 martyrio
3128 881 3450 925 coronatum
3521 881 3524 884 ‘

1881 965 2051 1020 fuisse
2067 965 2408 1035 judicamus;
2429 979 2552 1019 cum
2573 979 2699 1018 vero
2717 961 3040 1025 Homaaritze,
3063 971 3124 1016 ut
3151 961 3454 1017 Philostor-

1881 1064 2001 1131 gius
2035 1063 2213 1132 (cujus
2243 1061 2558 1116 testimonio
2597 1060 2768 1113 utitur
2793 1057 3062 1128 Moynius)
3089 1073 3187 1112 nos
3214 1065 3449 1118 moneat.

1880 1152 2182 1207 Constantii
2210 1166 2348 1215 aevo,
2383 1152 2489 1205 hoc
2513 1159 2597 1205 est
2621 1150 2760 1204 inter
2782 1164 2985 1203 annum
3012 1149 3109 1202 54!
3137 1158 3192 1202 ct
3219 1147 3343 1213 546,
3381 1147 3449 1200 ad

1880 1245 2156 1301 Christum
2177 1259 2278 1315 ope
2294 1243 2584 1314 Theophili
2613 1242 2860 1298 conversi
2899 1241 3120 1305 fuerint,
3154 1249 3299 1296 recte
3323 1241 3450 1310 qui-

1880 1338 1999 1390 dem
2048 1343 2272 1405 apparet
2321 1336 2437 1389 hmc
2476 1335 2768 1388 convenire
2817 1333 2968 1388 nullo
3009 1342 3166 1401 pacto
3214 1331 3353 1385 inter
3391 1346 3482 1386 se.

1879 1442 2069 1497 posse;
2118 1435 2335 1480 centum
2389 1425 2533 1480 enim
2585 1439 2852 1479 annorum
2903 1423 3139 1493 spatium
3202 1421 3344 1476 inter
3389 1419 3448 1476 8.

1881 1518 2150 1589 Hippolyti
2175 1517 2494 1588 martyrium
2522 1526 2573 1571 et
2595 1515 3009 1572 llomzeritarum
3039 1513 3448 1568 conversionem

1881 1611 2182 1665 intercedit.
2229 1608 2418 1679 Neque
2443 1609 2566 1679 quis
2594 1607 2752 1664 nobis
2781 1607 3001 1677 objieiat
3023 1603 3448 1674 Philostorgium

1881 1703 2156 1757 memoriae
2189 1703 2498 1767 mandasse,
2529 1699 2888 1769 Theophilum
2917 1699 3242 1751 Arianorum
3281 1697 3452 1751 luere-

1883 1795 1983 1849 sim
2020 1793 2330 1849 Homreritis
2351 1794 2464 1864 jam
2493 1791 2812 1847 orthodoxis
2849 1790 3211 1860 praedicasse;
3250 1803 3375 1842 nam
3403 1786 3451 1843 si

1807 1878 1850 1932 Β
1880 1887 2077 1941 ibidem
2099 1896 2230 1940 tunc
2260 1884 2520 1954 temporis
2551 1882 2784 1937 fuissent
2805 1880 3126 1943 Christiani,
3150 1878 3450 1934 Philostor-

1877 1978 1999 2048 gius
2031 1976 2276 2047 profecto
2308 1975 2433 2030 illos
2463 1974 2823 2036 nominasset,
2883 1974 3071 2027 eodem
3105 1971 3264 2040 plane
3287 1971 3450 2025 modo

1877 2086 2005 2140 quo,
2047 2079 2170 2139 post
2191 2068 2438 2139 gentiles,
2489 2065 2710 2122 Iudaeos
2737 2066 2898 2120 etiam
2934 2080 3041 2118 non
3074 2079 3275 2133 paucos
3301 2078 3451 2116 eam-

1878 2161 1998 2216 dem
2045 2161 2320 2230 regionem
2373 2159 2666 2214 incoluisse
2716 2157 3058 2228 apertissime
3087 2165 3317 2212 testatus
3341 2163 3446 2211 est.

1877 2251 2077 2323 Moynii
2107 2251 2276 2322 igitur
2302 2250 2566 2305 divinatio
2611 2250 2894 2320 ipsiusmet
2925 2247 3270 2318 Philostorgii
3305 2246 3453 2302 testi-

1876 2344 2081 2409 monio,
2134 2357 2243 2412 quo
2273 2341 2619 2411 potissimum
2652 2341 2948 2406 nitebatur,
2999 2339 3214 2407 penitus
3242 2337 3472 2393 corruit'

1879 2439 2041 2498 atque
2067 2431 2358 2483 evanescit.
2412 2427 2792 2483 Verumtamen
2818 2428 2934 2498 ipse
2961 2427 3233 2499 Moyuius,
3258 2445 3453 2500 quam-

1879 2520 1960 2574 vis
1987 2518 2405 2589 Pbilostorgium
2427 2519 2691 2588 optimum
2717 2533 2829 2573 sua:
2854 2518 3138 2572 sententia:
3160 2527 3451 2587 patronum

1878 2618 2070 2664 nactus
2093 2621 2254 2672 esset,
2273 2623 2380 2662 non
2404 2617 2581 2662 tamen
2603 2608 2775 2677 ipsius
2797 2607 3174 2661 auctoritatem
3197 2608 3454 2662 vetustis-

1878 2700 2074 2755 simam
2101 2699 2167 2753 de
2192 2698 2477 2754 Portuensi
2523 2699 2579 2754 S.
2614 2697 2884 2769 Hippolyti
2919 2698 3043 2752 sede
3081 2697 3450 2762 traditionem,

1879 2797 1962 2852 vel
1979 2797 2289 2863 minimum,
2308 2795 2599 2866 infringere
2621 2795 2818 2850 debere
2840 2794 3118 2848 advertere
3149 2792 3449 2862 potuisset;

1879 2905 2108 2960 magnus
2127 2890 2270 2944 enim
2296 2888 2586 2942 Annalium
2606 2886 3079 2940 ecclesiasticarum
3102 2899 3298 2954 parens
3313 2881 3449 2954 (88),

1878 2988 1933 3034 et
1956 2989 2075 3050 post
2103 2995 2227 3033 eum
2255 2977 2491 3033 Jacobus
2505 2976 3018 3046 Gothofredus(89),
3053 2974 3246 3029 merito
3274 2974 3452 3043 impu—

1879 3072 2085 3127 rissimi
2117 3072 2352 3126 hominis
2377 3071 2534 3126 fidem
2562 3077 2868 3139 suspectam
2895 3069 3127 3135 habent;
3173 3065 3300 3120 dum
3337 3066 3454 3135 ipse

1883 3161 2302 3233 Philostorgius,
2327 3161 2520 3216 Pbotio
2556 3168 2690 3214 teste
2711 3158 2847 3228 (90),
2871 3159 2966 3228 qui
2993 3157 3352 3212 attentissime
3375 3157 3454 3211 le-

1883 3255 1958 3327 git
1990 3253 2232 3322 ejusdem
2265 3251 2583 3313 Historiam,
2614 3265 2844 3318 eamque
2870 3249 2922 3302 in
2951 3246 3334 3318 compendium
3361 3259 3452 3300 re-
3517 3291 3519 3297 .

1883 3337 2060 3417 degit,
2111 3363 2129 3395 ι
2165 3355 2351 3398 narrat
2395 3342 2507 3396 fere
2539 3344 2810 3396 contraria
2841 3341 3094 3394 onmibus
3122 3339 3456 3394 ecclesiasti-

1884 3437 1963 3492 cis
2012 3433 2308 3499 historicis,
2366 3430 2618 3485 laudibus
2652 3429 2916 3482 extollens
2950 3443 3090 3496 quos
3119 3426 3266 3480 novit
3298 3426 3456 3480 Aria-

1885 3528 2063 3582 nismo
2089 3525 2341 3587 infectos,
2379 3531 2432 3576 et
2461 3519 2714 3575 convitiis
2740 3518 3071 3572 orthodoxos
3090 3515 3451 3586 perfundens;

1885 3630 2088 3673 utesse
2126 3617 2230 3670 hoc
2277 3614 2396 3683 ejus
2445 3628 2583 3682 opus
2629 3626 2738 3664 non
2790 3619 2898 3663 tam
2928 3608 3153 3662 historia
3185 3608 3454 3676 videatur,

1885 3723 2048 3780 quam
2080 3706 2457 3760 haereticorum
2483 3701 2742 3766 laudatio,
2778 3715 2904 3754 cum
2933 3685 3077 3751 nuda
3104 3705 3158 3751 et
3189 3712 3338 3751 mera
3371 3700 3455 3750 vi-

1887 3947 1959 4002 tia
1993 3947 2232 4002 imbutos
2278 3942 2599 4012 reperiisse;
2655 3941 2856 4012 quibus
2912 3939 3124 4012 scilicet
3167 3935 3455 4012 Bartholo-

1886 4034 2054 4072 maaus
2076 4033 2218 4071 unus
2246 4031 2313 4069 ex
2339 4006 2625 4068 duodecim
2672 4006 2956 4082 apostolis,
2980 4010 3139 4082 olim,
3172 4017 3260 4082 _u_t_
3301 4006 3453 4082 fama

1885 4101 1990 4154 est,
2023 4089 2430 4157 praedicaverat,
2466 4094 2520 4138 et
2544 4074 2918 4157 ΔΕινειιῄςεξιὶιιιη
2947 4079 3185 4157 Matthxi
3216 4074 3450 4157 Hebr-ai:

1886 4147 2365 4225 cis'conscriptum
2395 4147 2590 4209 litteris
2618 4147 2930 4223 reliquerat.
2964 4152 3108 4220 quod
3136 4148 3355 4218 quidem
3379 4147 3446 4201 ad

1885 4228 2142 4298 praedicta
2191 4240 2364 4296 usque
2421 4234 2666 4294 tempora
2729 4233 3006 4278 servatum
3062 4236 3184 4275 esse
3239 4233 3450 4272 memo-

1885 4308 2055 4353 ratur.
2071 4317 2088 4349 ι
3065 4337 3073 4347 .

1959 4367 2072 4437 (87)
2122 4364 2422 4437 Cf.__supra
2480 4371 2596 4417 not.
2625 4361 2738 4437 fit).
2803 4359 3166 4437 Philostorgio
3220 4372 3453 4413 consen-

1886 4431 1976 4492 tit'
2011 4431 2173 4492 etiam
2220 4431 2558 4504 Nicephorus
2618 4432 2795 4504 Ilium
2823 4433 2949 4487 eccl.
2991 4431 3086 4485 lib.
3148 4444 3270 4504 vili,
3319 4444 3449 4504 cap.

1887 4509 1978 4574 54,
2002 4524 2123 4578 pag.
2181 4506 2284 4578 6047
2322 4498 2460 4578 edit.
2489 4503 2717 4559 Lutetia:
2769 4503 3104 4578 Parisiorum
3127 4499 3268 4578 .auni
3289 4498 3452 4578 .16‘50

2194 4597 2211 4629 ι
2243 4576 2498 4630 ludorum
2560 4589 2692 4643 gens
2740 4589 2862 4643 quae
2921 4569 3305 4626 Bartholomazi
3343 4573 3455 4643 Δ(ιυ-

1887 4651 2077 4703 ctrinae
2122 4663 2316 4716 expers
2371 4638 2775 4716 permanserat;
2831 4659 2862 4698 a
2896 4638 3448 4716 Sacerdote_quodain

1886 4709 2492 4776 Frumentio'iustit'uta,
2547 4715 2690 4768 sacri
2747 4714 3018 4784 dogmatis
3069 4709 3452 4784 particeps_est

1889 4789 2055 4843 facta.
2088 4787 2166 4842 Ne
2199 4788 2323 4856 quis
2365 4797 2545 4839 autem
2576 4792 2727 4856 putet
2752 4779 3228 4856 Christianismum
3248 4783 3330 4856 ab
3353 4779 3452 4856 ho-

1887 4860 2125 4912 minibus
2148 4849 2427 4927 provenire
2456 4871 2473 4927 ξ
2498 4849 2686 4927 ἰαίνει
2724 4869 2789 4908 ex
2838 4855 2940 4916 eis,
2974 4857 3066 4922 qui
3121 4851 3261 4927 apud
3293 4849 3451 4903 Indos

1887 4927 2057 4993 luere,
2084 4921 2427 4986 Christianis.
2453 4924 2611 4979 facile
2635 4933 2718 4977 est
2747 4939 3094 4993 cognoscere.
3136 4921 3248 4974 Indi
3269 4930 3448 4972 autern

1888 4997 2061 5052 Sabaei
2092 4999 2348 5068 primum,
2408 4995 2605 5068 deinde
2656 4993 3157 5068 etiamiiomzeritze
3189 4999 3326 5068 sunt
3355 5004 3452 5057 ap-

1885 5069 2068 5137 pellati
2092 5060 2120 5123 ’.
2160 5107 2174 5121 .
2204 5106 2226 5137 γ.
2259 5081 2390 5136 gens
2417 5066 2530 5137 ipsa
2553 5064 2980 5137 circumciditur.
3022 5079 3103 5137 ac‘
3122 5061 3246 5125 soli,
3282 5060 3445 5137 lunae,

1887 5132 2116 5207 aliisque
2165 5132 2285 5204 ejus
2333 5132 2570 5207 regionis
2618 5136 2809 5188 incolis
2851 5132 3449 5207 daemonibussacrili-

1887 5201 2042 5330 cault.’
2062 5201 2302 5330 ligniista
2327 5206 2378 5259 ei
2398 5201 2619 5274 quoque
2640 5217 2725 5259 est
2760 5221 2867 5257 non
2901 5205 3097 5274 exigua
3129 5201 3442 5255 Judatorum

1887 5294 1976 5330 mu
2004 5284 2100 5330 titu
2142 5293 2227 5330 ο.»

1887 5279 2227 5332 multitudo.»

1959 5349 2071 5419 (88)
2111 5347 2190 5419 Ad
2213 5360 2421 5419 annum
2454 5337 2655 5419 Christi
2687 5343 2812 5419 584,
2844 5359 2994 5419 num.
3032 5343 3093 5397 il
3119 5351 3174 5398 et
3197 5339 3285 5408 l6,
3313 5347 3447 5394 tom.

1887 5414 1979 5483 1V,
2012 5414 2132 5487 pag.
2161 5417 2268 5471 5‘25
2291 5425 2348 5487 et
2375 5431 2529 5484 seqq.
2558 5416 2686 5470 edit.
2717 5414 2877 5487 Lucae
2897 5417 3094 5468 citatre.

1959 5478 2242 5559 (89)'Post
2288 5478 2506 5559 Baronii
2553 5496 2781 5559 mortem
2827 5483 3061 5559 Jagobus
3088 5478 3452 5559 Gothofredus

1888 5552 2137 5629 excerpta
2185 5555 2441 5629 ex_llis_t.
2481 5555 2833 5629 ecclesiastico
2874 5552 3275 5629 Philostorgii,
3327 5565 3450 5629 quae

1887 5621 2115 5683 Photius
2151 5643 2217 5681 ex
2259 5625 2328 5679 12
2355 5627 2474 5695 ejus
2527 5625 2680 5680 libris
2711 5626 2946 5695 collegit,
3001 5626 3054 5678 in
3103 5624 3279 5678 lucem
3313 5621 3451 5675 emi-

1888 5700 1961 5753 sit
1987 5717 2000 5752 :
2028 5699 2152 5752 vide
2183 5698 2355 5766 ipsius
2383 5693 2602 5750 dissert.
2635 5699 2688 5749 in
2722 5693 3170 5766 Philostorgium.

1959 5769 2071 5839 (90)
2111 5767 2166 5823 In
2192 5761 2447 5821 Biblioth.
2483 5767 2669 5822 codice
2709 5781 2799 5830 XL,
2837 5780 2962 5836 pag.
3006 5761 3083 5819 ‘26
3129 5763 3309 5820 citata:
3337 5761 3448 5819 edi-

1887 5840 2070 5895 tionis.
