3966 6344
204 327 314 384 521

1007 322 1093 378 ne
1132 281 1524 381 rou'rUENSI
1564 325 1621 379 s.
1663 320 2026 378 HlPPOLYTI
2067 320 2258 377 suos.
2294 352 2364 363 -
2401 319 2582 376 rans
2613 320 2678 376 ιι.

3354 329 3460 385 592

200 448 400 504 monia
429 447 585 519 parvi
617 444 825 504 faciunt
864 446 1045 518 magni
1073 447 1201 502 viri.
1255 447 1555 518 Procopius
1585 447 1661 516 (5)
1700 461 1791 499 ve-
1819 449 1866 505 Α
1891 442 2033 497 XXI.
2071 442 2260 519 l_’_or_tus
2290 441 2558 496 Romanus
2582 451 2631 496 et
2666 437 2973 519 Emporium
3003 439 3295 519 Romanum
3322 447 3462 499 inter

197 553 267 592 ro
296 537 494 595 scribit
514 535 746 593 Paulum
778 553 872 594 seu
901 536 1530 610 Zoylum,orthodoxum
1556 538 1788 592 Alexan-

196 630 343 685 driae
362 628 757 701 patriarcham,
789 634 1101 701 episcopum
1149 631 1436 701 quemdam
1480 629 1789 686 Homaeritis

197 720 528 783 ordinasse,
581 736 743 792 quem
788 721 893 792 ipsi
918 721 1241 777 Nestoriana
1266 723 1458 778 haeresi
1489 723 1673 778 infecti
1701 738 1788 779 re-

197 812 389 883 cipere
418 812 740 877 noluerunt,
786 811 1017 881 ideoque
1044 812 1134 867 ille
1155 812 1496 867 Alexandria:
1538 821 1789 867 mortuus

196 912 303 958 est.
359 902 550 973 Atque
575 902 692 958 haec
727 902 1114 973 episcopalium
1159 903 1368 959 sodium
1399 903 1540 974 apud
1571 901 1788 958 Home:-

198 995 342 1051 ritas
368 988 567 1050 infelix
603 1008 727 1049 sors
760 993 883 1061 fuit,
933 1009 1074 1064 quae,
1126 1009 1250 1051 sero
1276 995 1476 1051 ibidem
1506 995 1785 1061 instituta,

197 1088 309 1141 cito
333 1101 466 1141 esse
493 1085 795 1141 desierunt.
844 1083 1066 1141 invidus
1107 1087 1333 1142 humani
1371 1088 1583 1159 generis
1616 1088 1789 1144 hostis

199 1176 623 1234 infelicissimos
665 1178 894 1249 populos
938 1179 1129 1248 patriis
1178 1178 1495 1235 Sabmorum
1538 1188 1592 1235 et
1621 1180 1790 1238 Kore—

199 1266 516 1324 schitarum
567 1268 1050 1339 superstitionibus
1089 1269 1322 1341 decepit,
1353 1287 1491 1341 quas
1519 1272 1675 1343 longe
1706 1272 1787 1328 la-

199 1370 387 1432 teque,
441 1376 510 1417 ac
560 1361 653 1415 diu
698 1376 794 1431 per
841 1371 1008 1416 totam
1058 1361 1170 1417 fere
1209 1363 1467 1417 Arabiam
1513 1346 1790 1434 grassatas

198 1468 343 1519 esse,
380 1469 456 1509 ex
478 1452 726 1509 Arabum
757 1454 1084 1525 scriptorum
1121 1456 1488 1511 monumentis
1519 1455 1786 1526 probavit,

199 1554 258 1599 ut
288 1545 683 1600 Abrahamum
716 1544 1098 1602 Ecchelensem
1129 1556 1183 1603 et
1203 1546 1463 1604 Joannem
1494 1547 1787 1604 llenricum

200 1629 597 1705 Hottingerum
628 1644 1035 1707 praetereamus,
1069 1638 1267 1708 saepius
1294 1639 1491 1694 citatus
1520 1637 1791 1710 Iosephus

201 1733 500 1791 Simonius
526 1735 902 1792 Assemannus
931 1733 1029 1807 (4).
1084 1733 1293 1788 Idcirco
1324 1730 1569 1787 infelices
1588 1730 1789 1787 Christi

202 1825 452 1881 ﬁdelium
507 1826 772 1897 reliquiae,
815 1826 864 1881 si
904 1804 1146 1895 unquam
1193 1823 1334 1893 apud
1378 1823 1525 1892 ipsos
1558 1830 1683 1892 post
1710 1829 1793 1877 tot
1824 1804 1866 1861 Β

202 1917 389 1973 clades
422 1919 778 1983 exstiterunt,
809 1917 864 1971 in
899 1916 1356 1971 heterodoxorum
1391 1929 1603 1971 errores
1630 1914 1792 1968 mise-

204 2024 261 2064 re
288 2009 469 2079 lapsze
502 2016 652 2063 sunt.
698 2008 937 2063 Tandem
961 2006 1491 2078 impudentissimam
1515 2004 1793 2061 Mahume—

203 2110 341 2165 tum,
373 2108 680 2171 antequam
713 2100 1051 2155 miserrimas
1078 2110 1263 2170 gentes
1289 2098 1470 2154 stultis
1498 2106 1658 2154 sectae
1681 2115 1794 2154 sua:

206 2190 493 2246 blanditiis
547 2190 887 2260 decepisset,
963 2188 1283 2244 idololatriae
1332 2202 1529 2242 nomen
1576 2188 1793 2244 dedisse

207 2293 422 2339 eertum
451 2291 562 2349 est,
613 2284 983 2353 templumque
1026 2280 1158 2336 illud
1189 2278 1385 2335 Meccee
1413 2280 1556 2350 apud
1585 2279 1790 2335 Musul-

209 2389 448 2428 mannos
494 2373 916 2429 celeberrimum
953 2372 1190 2444 gentium
1220 2370 1324 2426 diis
1350 2370 1586 2435 dicasse,
1618 2373 1793 2427 omni-

208 2466 313 2521 bus
347 2474 439 2521 est
464 2465 848 2532 notissimum;
881 2465 1027 2535 quod
1054 2464 1273 2534 quidem
1301 2466 1460 2522 nobis
1484 2465 1794 2521 infelicissi-

208 2576 359 2613 mum
387 2569 525 2614 tunc
553 2560 715 2614 etiam
757 2559 1021 2627 temporis
1044 2558 1481 2614 Christianorum
1510 2567 1709 2614 statum
1738 2558 1791 2614 in

206 2651 415 2706 Arabia
461 2649 644 2706 Felice
673 2651 744 2705 ob
768 2652 957 2706 oculos
999 2651 1170 2721 ponit.
1220 2649 1419 2707 Verum
1463 2651 1509 2706 si
1546 2650 1792 2725 Moynius

206 2741 328 2800 haec
365 2742 562 2799 sedulo
588 2742 1076 2808 animadvertisset,
1105 2752 1394 2813 antequam
1422 2757 1617 2798 novam
1646 2742 1792 2797 illam

207 2835 281 2891 de
342 2833 407 2891 S.
474 2833 749 2907 Hippolyti
810 2835 938 2891 sede
992 2835 1337 2905 exposuisset
1398 2835 1791 2905 conjecturam,

207 2927 491 2994 eamdem,
539 2936 731 2982 nostro
782 2926 1001 2997 quidem
1045 2926 1276 2996 judicio,
1334 2941 1614 2997 nunquam
1664 2940 1793 2996 pro-

208 3018 435 3085 basset;
484 3018 740 3087 superius
763 3019 909 3072 enim
937 3026 1219 3073 ostensum
1254 3028 1337 3075 est
1361 3017 1683 3074 Christianae
1706 3034 1794 3072 re-

205 3111 442 3182 ligionis
496 3110 653 3165 initia
707 3110 849 3180 apud
898 3107 1248 3177 Homeeritas,
1300 3110 1402 3166 etsi
1447 3126 1478 3166 a
1535 3110 1593 3166 S.
1647 3111 1795 3167 Tho-

211 3219 313 3258 ma
337 3203 512 3274 repeti
539 3202 943 3274 quodammodo
967 3203 1200 3274 possint,
1227 3219 1391 3275 quem
1430 3203 1574 3260 ludis
1595 3204 1796 3262 Christi

209 3291 578 3364 Evangelium
609 3293 963 3349 annuntiasse
991 3294 1193 3350 scimus
1233 3293 1346 3366 (5),
1380 3296 1677 3350 maximum
1713 3305 1795 3352 ta-

212 3400 350 3439 men
402 3384 529 3440 ﬁdei
582 3387 980 3441 incrementum
1027 3394 1082 3441 et
1138 3399 1335 3441 novam
1379 3385 1797 3441 Homazritarum

211 3475 666 3540 conversionem,
718 3475 763 3530 si
812 3474 1175 3547 Philostorgio
1220 3475 1373 3542 fides,
1424 3478 1632 3548 integro
1677 3486 1801 3547 post

215 3567 288 3623 S.
326 3567 685 3640 Hippolytum
742 3569 977 3636 saeculo,
1035 3569 1298 3625 accidisse
1346 3585 1509 3625 nemo
1559 3571 1794 3641 negabit.

214 3656 479 3728 Episcopi
510 3672 644 3713 vero
684 3659 818 3713 nulli
849 3659 935 3714 his
966 3660 1307 3730 temporibus
1349 3661 1493 3730 apud
1530 3659 1798 3715 Homteri-

215 3757 310 3803 tas
341 3759 662 3816 occurrunt,
697 3750 791 3821 qui
828 3758 1007 3806 tamen
1049 3753 1405 3823 sequentibus
1448 3753 1665 3808 saeculis
1705 3767 1800 3807 ex-

218 3840 432 3897 stitisse
466 3854 878 3909 memorantur;
905 3855 966 3899 ut
991 3843 1057 3899 de
1086 3844 1193 3900 illis
1218 3844 1486 3916 episcopis
1516 3845 1816 3910 sileamus,,

222 3948 365 4005 quos
384 3943 678 3989 enumerat
696 3933 1093 4005 Metaphrastes
1117 3936 1172 3991 in
1194 3936 1344 3992 Actis
1360 3944 1674 3991 sanctorum
1697 3934 1797 4005 (6),

223 4020 384 4090 cujus
429 4027 616 4077 tamen
658 4022 791 4079 ﬁdes
837 4024 978 4094 apud
1032 4026 1274 4083 eruditos
1311 4039 1655 4096 summopere
1696 4026 1798 4081 du-

221 4112 311 4170 bia
343 4121 455 4173 est.

228 4268 586 4345 Emporioad
616 4270 815 4327 ostium
871 4272 1039 4329 maris
1092 4272 1317 4345 Persici,
1377 4273 1798 4345 qumiHormuz

229 4340 396 4396 fuisse
418 4340 731 4417 v_idetur,_et
759 4351 1009 4417 quartum
1031 4345 1085 4417 in
1104 4342 1317 4417 Nagran
1342 4340 1493 4400 urbe.
1514 4344 1798 4417 Legendus

229 4425 367 4480 saepe
412 4411 619 4466 citatus
665 4411 900 4480 Lequien
945 4412 1147 4468 Orient.
1185 4413 1508 4480 Christiano,
1565 4411 1697 4471 tom.
1730 4416 1795 4480 ll,

1961 531 2019 586 se
2064 513 2431 586 distinguunt,
2490 512 2730 582 quamvis
2785 528 2880 582 pro
2933 529 3038 567 uno
3090 515 3368 586 eodemque
3425 534 3460 571 α

1962 583 2019 637 Μ
2023 585 2177 654 oynio
2206 585 2555 652 accipiantur.

1960 720 2119 776 Aliud
2155 729 2324 776 restat
2367 719 2625 791 Stephani
2658 720 2709 776 le
2739 719 2932 793 Moyne
2973 722 3049 796 (7)
3080 728 3459 794 argumentum

1890 827 1956 867 ex
1986 812 2173 866 eodem
2220 811 2585 884 Philostorgio
2628 812 2940 876 deductum,
2966 830 3031 869 ex
3062 831 3174 886 quo
3212 830 3322 870 non
3347 828 3462 870 me-

1888 903 2090 959 diocris
2124 903 2397 974 opinionis
2419 919 2532 959 sua:
2562 904 2646 959 vis
2675 906 2891 974 pendet.
2928 904 3127 961 Scribit
3156 905 3459 963 Philostor-

1889 997 2010 1068 gius
2059 1011 2220 1051 unam
2267 1011 2334 1052 ex
2381 994 2801 1052 Homeerilarum
2851 998 3080 1052 urbibus
3132 998 3185 1052 in
3238 998 3459 1069 regione

1888 1088 2112 1143 Adanen
2147 1087 2339 1154 sitam,
2384 1086 2754 1143 Romanorum
2798 1087 3111 1159 Emporium
3159 1089 3458 1144 exstitisse.

1889 1178 2253 1246 Quamobrem
2296 1179 2354 1234 S.
2386 1177 2736 1255 {Hippolytum
2781 1179 3010 1248 hujusce
3043 1178 3195 1234 urbis
3217 1220 3233 1245 ,
3268 1179 3322 1233 in
3349 1194 3459 1250 qua

1888 1272 2203 1343 Emporium
2230 1271 2536 1326 Romanum
2567 1270 2691 1336 fuit,
2714 1271 3029 1341 episcopum
3053 1286 3174 1326 esse
3194 1271 3460 1340 potuisse,

1888 1372 1942 1419 et
1960 1378 2149 1419 omnes
2172 1362 2390 1418 Graecos
2419 1363 2730 1433 scriptores,
2750 1363 2844 1432 qui
2870 1363 3119 1418 eumdem
3145 1362 3462 1432 episcopum

1888 1455 2086 1511 Portus
2116 1454 2347 1509 Romani
2381 1453 2549 1510 fuisse
2584 1457 2941 1526 scripserunt,
2977 1470 3101 1509 cum
3137 1454 3194 1508 S.
3222 1452 3460 1516 Gelasio,

1890 1547 1983 1616 qui
2017 1546 2302 1601 Arabicam
2348 1546 2425 1599 illi
2473 1546 2654 1601 sedem
2692 1546 2900 1612 tribuit,
2946 1546 3048 1600 hoc
3093 1554 3252 1615 pacto
3276 1544 3463 1600 conci-

1888 1637 2024 1692 liare
2070 1650 2229 1707 posse
2266 1635 2512 1708 Moynius
2550 1637 2651 1692 sibi
2690 1637 2999 1707 persuadet.
3038 1636 3263 1702 Verum,
3308 1644 3463 1690 ante-

1892 1744 2056 1799 quam
2087 1729 2171 1783 vir
2201 1729 2446 1783 eruditus
2485 1728 2627 1783 hanc
2679 1737 2923 1782 veterum
2965 1727 3292 1797 scriptorum
3319 1727 3462 1781 inter

1894 1834 1953 1875 se
1982 1819 2339 1890 pugnantium
2389 1819 2551 1873 iniret
2595 1819 2964 1882 concordiam,
3011 1817 3195 1872 lecturi
3229 1833 3460 1887 persua-

1892 1909 2021 1964 dere
2050 1909 2353 1979 oportebat,
2384 1909 2529 1964 inter
2554 1910 2653 1964 has
2676 1923 2864 1974 rores,
2892 1908 3084 1963 Portus
3111 1909 3378 1962 Romanus
3408 1918 3464 1963 et

1896 1998 2205 2069 Emporium
2252 1999 2586 2064 Romanum,
2629 1999 2765 2053 nihil
2806 2000 3084 2054 interesse.
3129 1999 3297 2054 Nobis
3330 2015 3462 2055 vero

1893 2092 2371 2161 persuasissimum
2414 2100 2527 2156 est,
2581 2091 2893 2146 earumdem
2945 2106 3139 2146 vocum
3186 2091 3460 2161 disparem

1894 2184 2120 2240 omnino
2168 2199 2290 2240 esse
2344 2184 2641 2249 rationem;
2695 2192 2904 2239 veteres
2969 2185 3116 2239 enim
3167 2184 3463 2255 scriptores

1893 2283 2110 2345 portum
2159 2274 2489 2340 Romanum,
2521 2275 2587 2330 de
2626 2289 2737 2344 quo
2770 2275 2860 2329 hic
2890 2289 3073 2331 sermo
3116 2284 3217 2339 est,
3250 2274 3460 2329 nullum

1895 2374 2088 2437 praeter
2119 2364 2443 2431 Ostiensem,
2469 2381 2499 2420 a
2529 2365 2757 2420 Claudio
2799 2374 3158 2430 exstructum,
3182 2366 3461 2422 exstitisse

1894 2457 2094 2513 diserte
2143 2465 2445 2523 testantur;
2492 2458 2733 2527 emporia
2771 2471 2901 2511 vero
2942 2454 3315 2514 Romanorum
3338 2463 3461 2533 plu-

1895 2548 2033 2603 rima
2068 2549 2123 2604 in
2168 2549 2300 2604 orbe
2346 2548 2610 2614 Romano,
2659 2558 2714 2603 et
2746 2549 2887 2619 apud
2921 2549 3181 2606 barbaras
3215 2553 3462 2610 nationes

1895 2649 2050 2696 extra
2074 2640 2294 2710 imperii
2328 2639 2557 2694 Romani
2605 2640 2800 2695 limites
2849 2641 3325 2704 sitasmemorant
3366 2660 3461 2701 ve—

1896 2741 2039 2787 teres
2083 2731 2398 2803 geographi.
2428 2729 2623 2786 Portus
2671 2731 2854 2799 itaque
2898 2728 3178 2784 Romanus
3207 2733 3366 2788 toties
3395 2735 3464 2788 ab

1897 2822 2137 2894 antiquis
2165 2823 2527 2893 scriptoribus
2557 2830 2908 2887 memoratus,
2932 2822 3345 2880 celeberrimum
3373 2841 3464 2879 ur-

1895 2914 1981 2969 bis
2010 2912 2200 2969 Romae
2240 2914 2434 2969 navale
2482 2929 2512 2969 a
2554 2912 2766 2969 Nerone
2811 2916 3173 2971 instauratum
3211 2915 3461 2980 denotat,

1897 3006 2041 3075 quod
2076 3006 2292 3077 ipsimet
2340 3004 2511 3061 Graeci
2559 3004 2750 3059 Latina
2782 3021 2915 3062 voce
2961 3006 3168 3078 Πόρτου
3213 3006 3465 3078 designa—

1897 3106 2046 3161 runt,
2072 3106 2133 3183 ut
2169 3098 2304 3152 Acta
2344 3097 2577 3168 genuina
2609 3095 2666 3151 S.
2695 3096 2884 3167 lgnatii
2921 3099 3021 3169 (8),
3049 3097 3353 3169 Syncellus,
3397 3102 3467 3155 ti-

1900 3189 2047 3244 tulus
2102 3188 2303 3243 codicis
2358 3189 2980 3261 Constantinepnlitani,
3051 3204 3215 3259 quem
3281 3190 3468 3247 laudat

1899 3279 2225 3335 Anastasius
2265 3278 2687 3348 Apocrisiarius.
2727 3288 2916 3334 auctor
2954 3280 3204 3335 Chrouici
3232 3280 3467 3335 Alexan-

1898 3371 2063 3436 drini,
2096 3369 2358 3437 Zonaras,
2388 3370 2589 3442 aliique
2617 3370 2694 3440 (9)
2722 3371 2879 3426 nobis
2914 3374 3048 3428 satis
3078 3388 3349 3442 superque
3384 3373 3467 3427 in-

1899 3463 2083 3519 dicare
2122 3462 2398 3517 videntur.
2444 3459 2559 3515 lmo
2617 3461 2915 3530 Procopius
2971 3478 3158 3519 vocem
3215 3462 3464 3520 Latinam

1899 3552 2101 3610 Graecis
2145 3553 2338 3608 litteris
2381 3560 2661 3608 exaratam
2718 3553 2998 3620 describit,
3047 3564 3101 3610 et
3153 3570 3222 3611 ne
3271 3554 3465 3623 Graaci,

1899 3643 2079 3700 Latini
2108 3644 2376 3699 sermonis
2405 3642 2588 3699 forsan
2630 3644 2826 3715 ignari,
2862 3648 3142 3716 prOprium
3184 3647 3347 3716 hujus
3375 3664 3468 3702 vo-

1899 3733 2230 3789 cissensum
2257 3733 2588 3802 ignorarent,
2614 3732 2729 3788 haec
2771 3734 2934 3788 verba
2980 3734 3217 3802 addidit,
3253 3736 3469 3809 λιμένος

1910 3822 2147 3895 Ῥώμης,
2171 3838 2295 3893 qua:
2331 3832 2529 3879 sonant
2554 3822 2764 3891 Latine,
2794 3844 2812 3876 ι
2844 3824 3042 3881 Portus
3076 3825 3294 3895 Romae;
3326 3849 3346 3883 ι
3378 3830 3469 3885 τὸν

1899 3914 2114 3987 λιμένα,
2165 3914 2223 3968 ὃν
2273 3914 2337 3986 δὴ
2382 3914 2590 3987 Πόρτον
2627 3916 2883 3988 Ῥωμαῖοι
2917 3919 3156 3983 καλοῦσι,
3205 3938 3226 3972 ‹
3257 3924 3466 3987 navale,

1899 4008 2046 4078 quod
2099 4006 2330 4062 Romani
2374 4005 2595 4062 Portum
2641 4010 2915 4078 appellant
2960 4010 3094 4083 (10).
3140 4033 3158 4065 ι
3202 4012 3260 4068 in
3312 4017 3469 4070 titulo

1902 4098 2105 4155 codicis
2166 4099 2461 4168 supradicti
2532 4099 3116 4173 Constantinopolitaui
3174 4104 3471 4173 ἐπίσκοπος

1899 4276 2318 4333 Homteritarum
2345 4275 2550 4347 regioni
2583 4276 2755 4333 ludite
2791 4293 2987 4335 nomen
3022 4281 3212 4338 tribuit
3232 4282 3470 4344 Joannes

1898 4349 2040 4420 Asia:
2069 4347 2123 4420 in
2155 4347 2398 4420 Historia
2448 4348 2590 4416 apud
2637 4347 2975 4419 Dionysium'
3002 4355 3363 4420 patriarcham
3412 4358 3469 4412 in

1901 4417 2181 4488 Chronico,
2209 4416 2387 4488 Acujus
2421 4427 2683 4488 excerpta
2728 4416 2896 4473 edidit
2941 4416 3053 4488 ipse
3097 4422 3470 4482 Assemannus

230 4495 346 4549 pag.
373 4480 535 4561 556.2.
560 4479 839 4561 inquade
862 4479 1105 4561 Ecclesia
1143 4482 1560 4540 ilomaaritarum
1590 4479 1799 4561 ser_mo-
1829 4481 1872 4538 D
1900 4479 2467 4561 Βὶὁιὶοι-Ιιζονὶἑῃιαι..
2491 4479 2624 4561 ῑρηῖ.
2663 4486 2705 4554 l,
2748 4504 2868 4559 pag.
2902 4479 3037 4554 559,
3070 4492 3160 4561 ubi
3210 4495 3263 4548 in
3302 4479 3467 4561 notis,

228 4565 348 4626 nem
373 4550 564 4626 habet,
591 4558 645 4604 et
676 4551 819 4626 illius
841 4551 1126 4626 episcopos
1147 4563 1420 4620 recenset;
1446 4571 1637 4626 nempe
1663 4554 1799 4610 Pau-

228 4618 1091 4707 lumuloauuem,ﬁtegéutium,
1131 4634 1261 4692 etc.,
1293 4626 1360 4680 de
1388 4618 1591 4696 quibus
1624 4627 1796 4707 multa

226 4691 444 4746 erudite
480 4690 783 4746 disseruit“
836 4690 854 4693 ⁷
1248 4690 1255 4692 ⁷
1404 4690 1424 4696 ”
1736 4702 1741 4707 ·

294 4762 377 4885 ξ)
419 4758 559 4815 Vide
609 4763 772 4816 etiam
812 4760 1050 4832 Lequien
1090 4763 1196 4819 loc.
1244 4764 1363 4830 cit.,
1393 4773 1526 4819 tom.
1571 4763 1637 4846 ll,
1672 4781 1795 4885 pag.

226 4829 294 4885 66
334 4872 351 4885 .
400 4839 458 4885 et
498 4830 903 4885 Assemannum
950 4842 1083 4885 tom.
1131 4834 1222 4885 ΙΙΙ-
1281 4843 1421 4885 nart.
1474 4851 1510 4885 ιι
1541 4835 1795 4885 Βιῡιιοιι.

224 4829 351 4895 665,
400 4839 458 4886 et
498 4829 922 4887 Assemanuum'
950 4842 1083 4887 tom.
1131 4834 1222 4902 ΙΙΙ,
1318 4829 1421 4889 art.
1474 4851 1510 4889 ιι
1541 4829 1796 4890 Βὶὺιῐοιῆ.

228 4899 523 4982 οήεηςαιη
550 4971 561 4983 .
574 4916 696 4983 pag.
747 4901 885 4969 602,
933 4904 1149 4960 dissert.
1177 4905 1245 4961 de
1279 4851 1430 4978 gyris
1462 4904 1801 4961 Nestorianis

226 4988 287 5026 su
366 4986 488 5025 rtus
516 4981 666 5026 citat.

292 4986 648 5119 5)__9issert.
670 5041 765 5097 cit.
793 5040 860 5097 de
876 5041 1028 5116 Syris
1051 5041 1410 5111 Ncstorianis,
1429 5060 1549 5116 cap.
1580 5044 1667 5113 l0,
1698 5044 1797 5119 5'5,

226 5109 827 5304 Ἵέρὸιῗέεξξιῗιξὲηίηο
849 5182 917 5239 de
950 5198 1008 5239 re
1026 5183 1166 5264 idem
1198 5183 1572 5267 Assemannus
1600 5197 1733 5243 tom.
1758 5185 1802 5240 ΙΙ

228 5248 273 5306 Β
328 5253 490 5306 (tota.
544 5249 826 5306 0nental..
876 5269 1000 5306 nan.
1061 5254 1186 5306 5&7.
1234 5256 1328 5306 ubi
1381 5258 1704 5306 natriarchm
1748 5266 1802 5306 et

232 5253 490 5306 Biblioth.
544 5253 826 5319 0riental.,
876 5269 1000 5376 palg.
1061 5254 1186 5321 587,
1234 5256 1328 5310 ubi
1381 5258 1704 5325 patriarcha:
1748 5266 1805 5312 et

232 5322 501 5407 primates
528 5319 769 5407 prientis
798 5338 866 5377 ex
895 5322 1151 5407 Chironica
1183 5322 1428 5407 Gregorii
1463 5325 1802 5407 Bar-llebrati

231 5391 640 5447 describuntur.
675 5392 729 5446 In
762 5407 828 5449 eo
856 5410 875 5444 ι
914 5390 1178 5449 Thomam
1220 5390 1457 5452 Orientis
1495 5398 1801 5468 apostolum

235 5498 310 5548 ἱ.
344 5500 369 5543 ς
504 5473 688 5548 vastas
708 5460 991 5542 .lndiarum
1037 5467 1286 5535 regiones
1330 5466 1661 5548 profectum,
1697 5467 1804 5548 qa-

233 5530 453 5586 lsmina:
495 5532 815 5602 martyrium
857 5530 1267 5591 consummasse
1303 5530 1806 5607 {legimuandim

236 5602 590 5688 uomitie,mut
615 5603 827 5688 egregie
868 5602 1053 5688 docuit
1079 5603 1359 5688 Gisbe-rtus
1387 5607 1679 5688 (Superos,
1698 5605 1805 5662 0b-

234 5680 430 5726 seruet.
475 5672 572 5726 lib.
621 5686 696 5733 iv,
739 5672 859 5741 cap.
893 5673 957 5740 7,
996 5690 1115 5745 pag.
1160 5676 1291 5744 Ml,
1334 5672 1557 5741 veniunt
1600 5672 1804 5748 Libyn,

236 5740 528 5813 Egyptus,
550 5738 858 5811 JEthiOpia,
884 5744 1103 5815 Arabia,
1133 5744 1445 5816 Pala‘sliua;
1490 5749 1722 5819 ideoque
1753 5758 1807 5802 et

558 5837 832 5898 PATROL.
864 5837 980 5900 Gn.
1020 5841 1100 5901 Χ.

1898 4574 2051 4613 num.
2083 4559 2136 4626 Ι,
2159 4557 2410 4612 observat
2437 4554 2693 4610 Indorum
2723 4554 2957 4624 nomine,
2989 4575 3097 4614 non
3126 4560 3282 4617 indos
3308 4554 3471 4620 modo

1896 4629 2118 4699 pr0prie
2164 4628 2338 4704 dictos
2384 4627 2580 4704 fuisse,
2615 4628 2707 4697 qui
2751 4630 2888 4682 citra
2932 4631 3014 4704 vel
3058 4634 3198 4704 ultra
3229 4633 3469 4704 Gangem

1898 4695 2048 4768 sunt,
2098 4697 2194 4753 sed
2222 4699 2384 4752 etiam
2434 4695 2718 4768 {Ethiopes
2750 4707 2913 4766 at'lue
2946 4697 3267 4757 Hornwritas
3313 4695 3474 4760 invtei-

1900 4767 2014 4838 ligi,
2058 4776 2117 4822 ut
2147 4768 2317 4837 liquet
2359 4782 2432 4838 ex_
2471 4766 2748 4838 Stephano
2796 4768 2869 4821 De
2892 4770 3152 4838 urbibus,
3196 4784 3250 4827 et
3294 4773 3475 4830 Theo-

1898 4835 2360 4914 phane___ad'ann.
2399 4835 2811 4914 inmai~iiati0ttis
2839 4837 2967 4914 565,
2998 4849 3051 4893 et
3079 4835 3145 4895 ei
3183 4841 3476 4914 'l‘heophy-

1901 4905 2043 4962 iacto
2075 4907 2170 4962 lib.
2200 4923 2280 4970 tu,
2308 4921 2359 4962 c.
2395 4906 2448 4960 9.
2486 4905 2616 4961 Vide
2647 4906 2870 4977 Pagium
2902 4911 2970 4975 ad
3020 4925 3149 4965 anu.
3191 4905 3471 4983 527,512,

1901 4978 1996 5033 571
2035 4986 2088 5032 et
2117 4976 2243 5032 572.
2924 4980 2929 4985 ’

2035 4986 2088 5032 et
2117 4986 2243 5032 572.

1975 5047 2053 5116 ιϐ)
2089 5045 2225 5117 Vide
2267 5046 2666 5101 Assemannum
2713 5056 2845 5102 tom.
2890 5045 2911 5099 l
2951 5047 3204 5106 Biblioth.
3240 5044 3499 5117 Orient,

1903 5132 2027 5188 pag.
2059 5116 2165 5188 5_8_‘2
2191 5124 2245 5171 et
2271 5131 2492 5188 seqq.“
2686 5187 2713 5188 η
2779 5186 2790 5188 Α
2860 5187 2863 5188 ν
2916 5120 2919 5121 ⁷

1975 5184 2052 5258 (7)
2090 5184 2222 5243 Vide
2251 5184 2521 5258 ροειςέίοὲ,
2547 5194 2662 5240 not.
2684 5187 2739 5258 5,
2776 5186 2941 5256 hujus
2981 5191 3232 5258 secundm
3266 5192 3471 5246 disser-

1904 5256 2127 5328 tationis
2159 5256 2434 5328 partis,in
2468 5272 2573 5326 qua
2609 5257 2656 5310 le
2681 5257 2862 5328 Moynt
2894 5257 3055 5313 verba
3084 5263 3387 5315 retulimus.

1976 5326 2051 5396 (8)
2079 5325 2229 5395 Apud
2254 5325 2702 5398 iBuinartquAct.
2738 5325 3033 5398 ntartyrum
3063 5332 3270 5385 sincera
3299 5343 3347 5385 et
3388 5349 3472 5387 se-

1903 5397 2058 5461 lecta,
2084 5411 2211 5466 pag.
2244 5396 2331 5460 18,
2370 5412 2521 5449 num.
2549 5396 2602 5450 5.

1977 5468 2051 5539 (9)
2083 5466 2288 5540 Horum
2334 5467 2496 5520 verba
2541 5466 2868 5540 rclata_s_unt
2917 5466 2974 5520 iu
3024 5468 3196 5537 prima
3245 5469 3475 5540 hujusce

1905 5535 2315 5607 dissertationis
2342 5545 2513 5607 parte,
2547 5552 2677 5607 pag.
2706 5535 2772 5588 7D
2799 5547 2852 5590 et
2880 5535 3032 5607 seqq.

1978 5608 2088 5679 (ΙΙΙ)
2122 5608 2195 5660 De
2217 5605 2595 5679 belloﬁothicQ
2626 5606 2719 5679 lib.
2766 5605 3069 5679 t,_c_ap._’276,
3097 5622 3217 5677 pag.
3246 5608 3315 5663 48
3340 5611 3469 5664 edit.

1907 5674 2278 5750 Venetteanni
2312 5674 2472 5750 1:729,
2502 5675 2591 5729 ubi
2630 5674 2907 5729 describit
2935 5674 3129 5750 Pertus
3161 5674 3475 5750 occupatio-

1910 5764 2033 5803 nem
2074 5765 2105 5802 ει
2139 5746 2307 5817 Vitigc
2350 5744 2569 5809 factam,
2609 5753 2661 5800 et
2689 5757 2811 5814 post
2850 5747 3091 5811 recitata,
3122 5762 3243 5815 qua:
3276 5744 3327 5804 in
3361 5752 3475 5815 dis-

3114 5840 3241 5903 17‘
