3966 6344
224 400 334 456 525

998 392 1084 447 DE
1118 388 1511 446 PORTUENSI
1556 391 1614 447 S.
1655 380 2020 446 HIPPOLYTI
2059 390 2248 445 SEDE.
2290 420 2356 430 —
2394 389 2574 446 PARS
2615 391 2676 446 11.

3355 391 3459 446 5‘26

221 535 290 574 ex
323 529 433 587 quo
469 523 616 570 certe
649 522 864 570 constat
916 514 1101 568 urbem
1147 514 1324 577 illam,
1357 529 1519 582 quam
1572 512 1630 567 S.
1666 511 1793 582 Hip-
1823 518 1865 572 Α
1896 522 2166 583 eupatam,
2199 528 2319 584 quae
2356 528 2499 566 nunc
2535 521 2758 568 vocatur
2799 513 2974 579 Adeo,
3013 513 3168 585 cujus
3214 514 3457 568 memlmt

221 608 388 682 polyti
426 608 610 663 sedem
649 607 875 663 credidit
900 605 1170 678 Moynius,
1201 621 1308 660 non
1345 605 1539 660 Portus
1568 605 1790 659 Romani

222 701 446 756 nomine
479 699 793 770 iusignitam
823 698 1012 762 fuisse,
1040 699 1132 754 sed
1162 698 1417 752 Arabiam
1451 697 1619 753 fuisse
1656 712 1792 750 nun-

223 856 329 918 bia,
362 855 631 926 ἐμπόριον
662 854 896 909 exhibet.
933 853 1124 910 Petrus
1156 853 1343 908 Daniel
1377 853 1603 910 Huetius
1639 856 1690 910 in
1724 857 1790 910 li-

223 927 361 980 bello
402 925 478 978 De
511 937 736 979 veterum
766 935 1113 978 mercatorum
1146 927 1470 979 commerciis
1495 935 1544 978 et
1572 928 1791 995 naviga-

223 995 476 1058 tionibus,
534 1011 653 1064 pag.
704 995 830 1061 552,
876 997 1001 1056 555,
1047 995 1150 1048 551
1198 995 1327 1049 edit.
1365 995 1628 1050 Parisien.
1665 997 1790 1050 anui

223 1067 394 1135 i716,
434 1065 626 1135 scribi_t
651 1065 841 1119 Caium
867 1066 1156 1128 Ctesarem,
1183 1065 1409 1135 Augusti
1438 1066 1632 1129 lilium,
1653 1068 1790 1120 Ara-

221 1137 321 1190 bia:
353 1134 559 1189 Felicis
589 1133 902 1204 Emporium
935 1133 1291 1190 devastassel
1335 1136 1438 1189 Sed
1469 1137 1548 1190 vir
1573 1147 1792 1190 contero-

221 1206 355 1286 quin
386 1206 640 1266 eruditus
690 1215 800 1286 toto
834 1205 978 1286 coelo
1011 1205 1112 1286 hac
1156 1207 1224 1286 iu
1244 1220 1303 1286 re
1318 1207 1605 1286 aberrasse
1637 1207 1794 1286 nobis

221 1274 472 1340 videtur;
505 1290 652 1341 nam,
675 1284 732 1330 ut
755 1277 955 1344 optime
981 1279 1233 1330 observat
1263 1274 1529 1330 ilénricus
1552 1276 1794 1330 Dodwelo

222 1347 303 1401 los
336 1346 566 1415 dissert.
601 1346 635 1398 4
662 1347 728 1399 de
759 1355 902 1400 auct.
929 1344 1129 1415 Peripli
1160 1347 1322 1399 maris
1354 1345 1641 1415 Erytltrwi,
1659 1347 1790 1401 edit.

224 1426 354 1469 tom.
397 1415 417 1468 l
449 1414 741 1486 Geograph.
772 1417 896 1468 min.
937 1414 1179 1470 lludsoui
1209 1414 1445 1486 Omnia!
1468 1417 1621 1481 1698,
1653 1417 1704 1486 in
1735 1417 1790 1478 8,

223 1485 402 1557 §2et
437 1485 617 1555 seqq.,
666 1501 783 1557 pag.
839 1486 930 1552 86,
975 1495 1164 1540 auctor
1212 1485 1412 1554 Peripii
1461 1488 1622 1557 maris
1657 1485 1796 1556 Ery-

223 1556 397 1620 ttmri,
453 1572 617 1626 quem
656 1556 888 1610 Arriano
931 1557 1194 1626 tribuunt,
1225 1571 1433 1626 exiquo
1462 1556 1578 1611 haec
1605 1557 1796 1611 didicit

221 1624 486 1688 Huetius,
535 1629 639 1696 sub
671 1627 800 1693 imp.
829 1627 1010 1696 Marco
1035 1636 1088 1680 et
1113 1624 1252 1680 Vero
1295 1624 1511 1692 ﬂoruit;
1566 1627 1797 1696 ideoque

222 1699 334 1751 h:cc
372 1697 542 1750 verba
595 1695 836 1765 ejusdem
867 1695 1083 1750 Arriani
1124 1697 1175 1749 iu
1207 1696 1417 1764 I’eriplo
1453 1695 1626 1750 tom.l
1662 1695 1796 1751 Geo-

219 1767 413 1837 graph.
445 1769 600 1831 min.,
646 1782 765 1835 pag.
796 1766 902 1820 15:
940 1785 960 1817 ‹
997 1767 1066 1820 At
1099 1782 1226 1819 vero
1250 1767 1412 1837 paulo
1451 1777 1575 1821 ante
1609 1775 1792 1820 nostra

1891 605 2152 660 Abulfeda
2206 607 2258 659 in
2308 604 2667 676 Descriptione
2696 607 2928 669 Arnbiw,
2963 616 3017 660 et
3049 607 3249 662 nostris
3293 607 3453 661 etiam

1892 698 2223 769 temporibus
2253 698 2463 770 insigne
2486 699 2718 753 Arabum
2742 707 2795 753 et
2820 697 3068 755 Indorum
3093 708 3454 755 mercatorum

1967 854 2163 910 Verum
2186 854 2424 924 diligenti
2447 855 2914 910 animadversione
2935 855 3309 925 perpendenda
3325 865 3456 912 sunt

1895 925 2086 980 Dionis
2146 926 2304 979 verba
2334 967 2348 987 ,
2393 927 2484 994 qui
2533 926 2717 980 multis
2779 934 2900 994 post
2957 926 3249 992 'I'rajanum
3295 929 3456 982 anuis

1893 997 2047 1068 vixit,
2067 1005 2120 1050 et
2147 997 2249 1068 loc.
2271 997 2519 1064 superius
2537 996 2720 1052 citato.
2741 1005 3027 1068 postquam
3053 996 3214 1064 hujus
3238 999 3456 1068 expedi-

1894 1067 2058 1120 tionis
2089 1066 2336 1118 morbum
2377 1075 2428 1119 et
2458 1067 2822 1129 incommoda,
2851 1067 3050 1135 quibus
3075 1066 3453 1123 obnoxii‘fue-

1894 1146 2024 1190 runt
2074 1135 2324 1198 Romani,
2374 1144 2687 1208 narrasset,
2731 1136 2850 1208 hazc
2892 1135 3078 1208 addit:
3119 1154 3137 1187 ι
3175 1136 3238 1208 iii
3269 1139 3454 1208 primi,

1894 1218 2076 1276 atque,
2125 1214 2183 1258 ut
2207 1205 2468 1276 meagfert
2513 1205 2800 1270 sententia,
2859 1205 2960 1260 soli
2989 1206 3149 1260 etiam
3185 1205 3457 1264 Romano;

1895 1274 2016 1331 rum
2065 1274 2392 1346 eousquein
2439 1276 2636 1346 Arabia
2682 1276 2784 1330 ista
2819 1275 2959 1330 bello
2989 1277 3257 1346 progressi
3306 1289 3452 1334 sunt.

1893 1345 2264 1402 Athrullorum
2318 1344 2702 1414 (Athlulorum)
2743 1346 2893 1416 enim
2953 1344 3130 1409 tenus,
3165 1362 3286 1416 qua:
3327 1351 3456 1404 urbs

1895 1416 2123 1486 insignis
2141 1423 2242 1480 est,
2276 1425 2648 1486 pervenerant.
2676 1435 2694 1466 ι
2737 1415 2811 1469 Ex
2844 1415 2927 1469 his
2959 1416 3102 1468 enim
3132 1415 3238 1470 non
3267 1419 3459 1473 obscu-

1893 1503 1953 1542 re
1983 1485 2288 1556 colligimus
2322 1487 2546 1539 alteram
2570 1485 2824 1556 Dodvﬁvelli
2847 1487 3298 1555 sententiam,qui
3322 1490 3458 1543 Ara-

1895 1559 1996 1612 bia:
2027 1554 2220 1610 Felicis
2250 1554 2563 1624 Emporium
2597 1571 2628 1610 a
2676 1555 2911 1625 Trajano
2955 1554 3292 1611 devastatum
3335 1576 3457 1613 cre-

1894 1627 2064 1691 didit,
2113 1635 2270 1680 caute
2304 1626 2604 1696 admodum
2637 1642 2756 1680 esse
2789 1625 3123 1696 probandam
3146 1668 3160 1690 ,
3208 1630 3458 1696 quamvis

1896 1699 2010 1766 ipse
2040 1711 2104 1768 eo
2126 1695 3072 1768 potissimumpitatnrargumento.
3099 1695 3458 1768 quodTraja-

1895 1764 2018 1826 rius,
2048 1764 2214 1819 Sesto
2239 1765 2379 1818 Rufo
2403 1776 2456 1820 et
2481 1764 2642 1821 Paulo
2667 1765 2901 1821 Diacono
2933 1764 3190 1831 testibus,
3224 1764 3455 1824 classem

221 1835 474 1909 tempora
503 1839 684 1890 Caesar
727 1851 844 1890 eam
882 1836 1169 1900 destruxit,
1212 1855 1230 1887 ι
1287 1835 1511 1904 Augusti
1543 1852 1666 1909 aevo
1685 1851 1791 1890 non
1827 1856 1866 1909 Β
1897 1835 2159 1909 ἱιιΒιιζινο
2189 1837 2330 1909 mari
2352 1837 2728 1909 constituerit,
2749 1837 2893 1909 quod
2921 1837 3034 1909 i’ieri
3062 1853 3336 1906 nunquam
3362 1855 3458 1908 po-

223 1907 584 1970 conveniunt,
637 1921 759 1959 cum
791 1916 1008 1961 centum
1055 1916 1107 1961 et
1151 1909 1428 1970 sexaginta
1474 1908 1602 1960 anni
1656 1907 1794 1960 inter

221 1978 535 2045 Augustum
566 1984 620 2029 et
645 1974 841 2030 Verum
878 1976 1227 2030 intercedant.
1287 1974 1553 2031 Praeterea
1582 1977 1793 2031 Plinius

223 2047 371 2098 Hist.
412 2047 510 2100 lib.
545 2061 622 2110 vi,
649 2061 767 2115 cap.
796 2046 886 2114 28,
934 2057 992 2100 ut
1015 2048 1260 2100 observat
1295 2047 1433 2100 idem
1467 2046 1790 2115 Dodwellus,

221 2126 271 2169 et
313 2127 451 2170 ante
501 2118 679 2178 ipsum
721 2114 806 2168 vir
853 2117 1124 2171 maximus
1166 2115 1431 2170 Henricus
1459 2114 1710 2172 Norisius
1740 2117 1794 2170 in

219 2186 555 2254 Cmnotaph.
577 2185 1002 2256 Pisanndissert.
1028 2187 1082 2251 2,
1111 2201 1231 2256 cap.
1253 2186 1338 2243 12.
1363 2203 1484 2256 pag.
1504 2186 1627 2251 580,
1658 2197 1792 2241 ιοιη.

221 2257 286 2309 Ill
320 2256 570 2324 Operum
601 2257 728 2309 edit.
768 2254 991 2310 Verona:
1031 2254 1378 2321 anni—i729,
1428 2254 1540 2310 limo
1585 2258 1792 2310 habet:

227 2326 430 2380 «Caius
453 2324 901 2395 Caesar,Augusti
931 2326 1092 2390 iilius,
1126 2328 1402 2395 prospexit
1435 2335 1646 2381 tantum
1667 2328 1798 2380 Ara-

222 2398 370 2450 biam
397 2411 413 2460 ;
451 2414 471 2447 ›
511 2411 578 2449 ex
601 2397 798 2464 quibus
827 2397 1165 2463 apertissime
1191 2406 1406 2451 constat
1458 2397 1650 2450 Caium
1682 2397 1796 2452 Cm-

222 2481 409 2520 sarem
437 2481 470 2519 a
502 2465 711 2520 bellicis
742 2465 1060 2520 tumultibus
1094 2482 1156 2520 ac
1187 2466 1433 2520 cladibus
1464 2465 1679 2520 Arabia:
1709 2467 1794 2519 in-

222 2536 474 2590 ferendis
515 2548 740 2604 prorsus
779 2537 1130 2590 abstinuisse.
1165 2534 1343 2590 Plinio
1372 2536 1533 2590 etiam
1566 2551 1797 2592 consen-

223 2616 288 2659 tit
320 2605 734 2674 quodammodo
749 2604 1061 2674 Propertius
1077 2606 1494 2676 elegantissimis
1513 2607 1662 2662 hisce
1677 2621 1796 2662 car—

222 2677 472 2729 minibus
502 2676 593 2728 lib.
628 2690 686 2740 ιι,
723 2677 792 2730 el.
830 2676 919 2740 10,
951 2691 1002 2730 v.
1035 2675 1122 2739 15,
1159 2675 1224 2729 16
1256 2692 1270 2729 :

336 2767 502 2821 India
533 2783 681 2838 quin,
713 2768 964 2838 Auguste,
996 2777 1086 2820 tuo
1113 2767 1205 2820 dat
1239 2766 1376 2820 colla
1405 2767 1691 2837 triumpho,

409 2838 480 2891 Et
508 2837 694 2892 damus
725 2840 936 2892 intacta:
971 2848 1018 2891 te
1053 2840 1228 2891 tremit
1259 2837 1490 2902 Arabiae,

225 2929 299 2984 Et
326 2930 624 3002 lyricorum
650 2929 898 3000 princeps
928 2929 1180 2984 Horatius
1215 2947 1227 2982 :

451 3019 676 3074 Intactis
706 3020 1000 3086 apulentior

451 3090 733 3144 Thesauris
767 3093 1019 3144 Arabum.

223 3161 333 3217 His
367 3161 568 3215 addere
598 3176 890 3230 possumus
919 3162 1021 3216 alia
1049 3163 1160 3217 duo
1191 3171 1430 3219 veterum
1467 3163 1796 3229 testimonia,

220 3250 304 3288 ex
350 3231 550 3302 qnibus
596 3232 1000 3302 evidentissime
1050 3241 1215 3302 patet,
1265 3250 1363 3289 nec
1411 3235 1474 3289 ϐ.
1505 3234 1794 3298 Ctesarem,

224 3319 338 3357 nec
368 3301 575 3356 ditium
599 3301 966 3374 Gallum,»qui
985 3301 1261 3374 inlArabia
1285 3303 1460 3360 Felice
1487 3305 1668 3374 populi
1698 3303 1800 3356 Ro-

227 3375 385 3426 mani
416 3373 804 3445 armaprimus
837 3372 1036 3445 intulit,
1060 3372 1474 3445 Homzeritarum
1490 3372 1794 3445 regionem,

223 3445 293 3496 in
316 3459 421 3512 qua
452 3442 1077 3514 hocﬂEmporiumsitum
1108 3442 1277 3498 fuisse
1301 3447 1526 3510 scimus,
1544 3442 1796 3514 nuspiam

227 3511 506 3584 attigisse.
539 3511 786 3584 Strabo,“
805 3512 1155 3584 antiquorum
1185 3516 1614 3584 geographorum
1645 3511 1797 3583 priu-

227 3582 386 3656 ceps,
419 3582 711 3654 Gcograplt.
739 3582 847 3656 lib.
879 3597 1004 3656 _xv|,
1052 3583 1142 3656 ubi
1188 3582 1795 3656 agit’deiArabja,’pag.

229 3653 396 3716 1126,
426 3661 482 3706 et
507 3653 663 3722 seqq.
689 3653 817 3706 edit.
862 3653 1247 3707 Amstelodami
1282 3655 1409 3708 anni
1443 3653 1596 3719 1707,
1638 3653 1800 3709 accu-

231 3723 573 3777 ratissimum
601 3723 762 3791 hujus
795 3722 1007 3777 itineris
1028 3725 1476 3778 commentarium
1500 3724 1796 3790 contemnit,

233 3794 398 3863 quod
430 3794 480 3848 si
529 3793 940 3863 diligentissime
967 3793 1386 3862 perpendamus,
1426 3803 1612 3862 aperte
1645 3804 1797 3863 pate-

236 3863 315 3916 bit
375 3861 652 3918 Romanos
691 3863 759 3916 ab
804 3861 1204 3932 imprdbissimo
1233 3863 1392 3918 Silaeo
1424 3861 1796 3919 Nabataeorum

233 3943 592 4002 procuratore
639 3936 912 4002 deceptos,
959 3950 1068 3987 non
1111 3934 1250 3988 ultra
1297 3934 1618 3988 Marsiabam
1650 3933 1798 3988 Rha-

239 4006 570 4073 nianitarum
604 4004 788 4057 urbem
824 4004 1170 4073 processisse,
1190 4020 1310 4073 quae
1333 4004 1562 4058 duorum
1588 4005 1798 4059 dierum

239 4072 431 4129 itinere
476 4075 546 4128 ab
593 4076 938 4128 aromatit’era
964 4072 1379 4128 Honimriiarum
1405 4088 1460 4128 et
1485 4074 1798 4129 Sabaeorum

241 4147 470 4214 regione
491 4148 697 4210 aberat,
733 4144 834 4199 loc.
864 4145 978 4209 cit.,
1031 4160 1152 4214 pag.
1187 4144 1342 4198 1128.
1384 4144 1637 4199 Straboni
1670 4146 1800 4198 sub-

244 4217 430 4269 scribit
459 4213 666 4267 Plinius
698 4215 792 4268 lib.
826 4231 900 4280 vi,
934 4231 1054 4284 cap.
1085 4213 1154 4268 28
1181 4224 1235 4268 et
1261 4215 1350 4278 29,
1401 4229 1467 4268 ex
1499 4230 1606 4284 quo
1629 4215 1800 4269 dedu-

243 4286 415 4340 cimus
448 4285 656 4340 lEli‘llll
699 4283 910 4339 Gallum
963 4283 1015 4338 in
1062 4285 1476 4339 llouueritarum
1520 4283 1796 4353 regionem

245 4371 522 4424 tulitquam
554 4357 883 4424 pervenisse,
914 4356 1007 4409 sed
1035 4356 1087 4408 in
1115 4371 1300 4408 eorum
1334 4357 1665 4424 provinciam
1700 4371 1799 4409 ex-

246 4427 542 4491 ploratores
560 4426 833 4497 ‘misissc,
875 4428 1180 4497 equuibus
1226 4428 1392 4497 multa
1437 4426 1642 4497 didicit,
1679 4442 1802 4497 quae

247 4497 517 4550 describit.
556 4493 782 4549 Demum
809 4496 908 4550 Dio
934 4493 1178 4558 Cassius,
1225 4496 1316 4565 qui
1352 4497 1453 4549 sub
1477 4493 1795 4560 Commodo,

244 4565 542 4631 Pertinace,
577 4565 803 4635 aliisque
831 4566 1248 4634 imperatoribus
1273 4581 1444 4634 usque
1473 4567 1539 4635 ad
1566 4566 1799 4620 Alexam-

243 4637 319 4689 dri
354 4637 640 4690 ﬂammeae
687 4634 780 4689 lilii
812 4646 1050 4705 tempora
1083 4636 1282 4699 ﬂoruit,
1333 4636 1474 4689 hanc
1519 4634 1797 4689 Romano-

245 4723 359 4760 rum
393 4710 449 4761 in
475 4707 674 4760 Arabia
701 4705 878 4761 Felice
899 4707 1293 4776 expeditionem
1327 4707 1639 4760 describens
1658 4744 1672 4768 ,
1702 4721 1798 4760 eos

244 4793 414 4846 usque
459 4779 524 4830 ad
558 4778 928 4831 Atbrullorum
963 4780 1146 4847 urbem
1188 4777 1494 4847 pervenisse
1549 4784 1795 4836 testatur,

243 4849 331 4900 lib.
367 4863 465 4901 Llll
497 4849 638 4902 llist.
677 4848 945 4907 Romanw,
983 4848 1036 4902 iu
1081 4846 1289 4900 Caesare
1339 4849 1597 4914 Augusto,
1649 4862 1794 4899 nuui.

240 4921 327 4982 :9,
363 4935 418 4988 p.
456 4917 560 4973 720
590 4920 684 4974 cit.
721 4918 849 4972 edit.
879 4916 1174 4987 Hamburgi
1225 4917 1351 4972 anni
1389 4915 1543 4988 1750,
1587 4925 1723 4988 tom.
1755 4917 1796 4974 Ι,

243 4985 561 5058 ιιυ;ε’]ιιχιει
612 4989 956 5058 Strabonem,
1005 4985 1255 5052 lue—cit.,
1310 5002 1359 5055 p.
1397 4985 1550 5058 1128,
1586 4986 1799 5058 longius

243 5057 400 5129 quam
438 5058 722 5130 Marsyaba
749 5057 1192 5130 Rhamanitarum
1221 5057 1554 5130 metropolis,
1584 5059 1652 5111 ab
1689 5057 1799 5130 llo-

247 5126 822 5203 inseritarum'regione
857 5129 1044 5203 dissita
1077 5137 1224 5193 erat;
1257 5131 1454 5180 etenim
1479 5126 1656 5203 Atilius
1678 5127 1801 5181 Gal-

250 5201 323 5253 lus
348 5202 505 5269 prius
529 5199 834 5254 Athrullam
879 5201 1041 5267 cepit,
1087 5213 1314 5269 eamque
1343 5200 1591 5266 praasidio
1619 5199 1801 5250 tirma-

248 5273 333 5335 vit,
395 5273 521 5340 ipso
575 5270 861 5335 Strabone,
915 5271 1017 5324 loc.
1072 5269 1189 5340 cit.,
1243 5278 1422 5340 teste,_
1457 5270 1798 5340 postmodum

253 5357 270 5392 ι
294 5338 610 5412 MarSyabas
635 5341 915 5412 processit,
966 5355 1086 5412 qua:
1111 5339 1343 5412 duorum
1374 5338 1594 5412 dierum
1613 5339 1802 5412 itinere

248 5408 458 5466 tantum
483 5411 552 5464 ab
581 5408 924 5467 aromatiiera
954 5409 1173 5480 regione
1207 5428 1225 5459 ι
1263 5409 1464 5480 aberat.
1495 5408 1599 5460 Sed
1623 5410 1675 5460 in
1702 5409 1802 5462 bac

249 5494 304 5550 re
327 5482 746 5550 anteponendos
789 5491 874 5535 cst
919 5479 1114 5534 Strabo
1148 5479 1322 5550 Dioni,
1373 5489 1569 5550 utpote
1594 5480 1687 5548 qui
1733 5494 1800 5533 ex

249 5548 386 5606 £lio
408 5548 568 5606 Gallo
597 5550 842 5605 Arabica:
870 5549 1228 5619 expeditionis
1274 5549 1443 5614 duce,
1486 5548 1643 5619 cujus
1686 5558 1803 5602 erat

249 5623 474 5684 amicus,
507 5617 963 5690 quemadmodum
998 5621 1090 5674 lib.
1122 5628 1212 5672 Cll.
1240 5633 1350 5683 xvi,
1384 5633 1506 5686 pag.
1531 5617 1689 5690 1170,
1722 5619 1803 5687 ip-

248 5701 418 5746 semet
446 5688 666 5756 l‘atétur,
699 5692 812 5744 bzec
833 5691 1053 5756 didicit;
1091 5690 1314 5743 ultimus
1347 5689 1508 5758 igitur
1531 5688 1804 5742 Romano—

248 5775 366 5831 rum
390 5763 602 5817 itineris
631 5760 684 5813 in
709 5764 810 5815 bac
837 5762 1112 5831 provincia
1141 5760 1404 5815 terminus
1429 5775 1536 5815 non
1557 5759 1802 5815 Atlirulla

248 5827 366 5894 fuit,
400 5834 496 5889 sed
524 5831 828 5905 Marsyaba.

1896 1907 2018 1972 tuit,
2069 1905 2244 1976 inquit
2298 1904 2624 1972 Dodwellus,
2678 1904 2782 1960 nisi
2839 1904 3106 1975 Trajanus
3166 1904 3460 1976 utrumque

1895 1977 2062 2032 maris
2108 1974 2258 2029 littus
2296 1988 2659 2045 pccupasset:
2712 1974 2956 2044 ideoque
2984 1977 3086 2030 sibi
3149 1974 3456 2044 persuadet,

1896 2047 2000 2100 hoc
2027 2056 2269 2112 tempore
2296 2042 2571 2116 Romanos
2584 2042 2998 2101 celeberrimum
3021 2047 3120 2101 hoc
3145 2042 3457 2116 Emporium

1893 2117 2126 2184 diripere
2176 2115 2434 2184 pctuisse.
2495 2114 2778 2187 Nos_vero
2831 2125 2989 2169 rectae
3042 2114 3456 2187 rationi—magis

1896 2199 2192 2240 consonum
2245 2199 2554 2247 censemus,
2604 2184 2894 2252 Trajanum
2947 2200 3054 2238 non
3102 2188 3152 2240 in
3195 2201 3260 2240 eo
3290 2184 3459 2242 maris

1899 2255 2066 2309 Rubri
2116 2263 2292 2308 tractu
2341 2255 2574 2310 classem
2626 2256 2946 2317 instituisse,
3001 2256 3458 2324 quemJndicum

1895 2325 2222 2396 quandoque
2253 2341 2282 2378 a
2313 2327 2585 2396 veteribus
2627 2327 2951 2396 appellatum
2999 2335 3233 2393 constat,
3271 2330 3362 2382 sed
3402 2329 3456 2382 in

1896 2398 2020 2450 sinu
2049 2395 2292 2465 ejusdem
2322 2395 2488 2449 maris
2507 2437 2522 2460 ,
2549 2412 2706 2464 quem
2739 2395 3020 2448 Arabicum
3055 2412 3454 2465 nuncupamus,

1897 2480 2167 2536 quemque
2210 2464 2372 2519 etiam
2419 2466 2660 2536 plerique
2701 2481 2766 2520 ex
2811 2466 3052 2536 antiquis
3100 2464 3457 2536 scriptoribus

1897 2535 2141 2608 Rubrum
2169 2545 2473 2608 vocarunt._
2498 2534 2760 2608 Hiceuim
2793 2534 2958 2608 sinus
2981 2534 3239 2608 Romanis
3272 2539 3457 2608 proxi-

1898 2621 2021 2660 mus
2070 2604 2170 2658 fuit
2215 2605 2541 2673 provinciis,
2581 2605 2812 2676 IEgypto
2839 2606 3078 2671 scilicet,
3123 2604 3335 2662 Arabia:
3358 2607 3458 2662 Pe—

1899 2687 2064 2747 tram,
2095 2689 2333 2747 quarum
2359 2675 2699 2747 postremam
2720 2675 2987 2743 Trajanus
3044 2677 3193 2732 urbis
3217 2679 3457 2747 gentium

1895 2745 2130 2799 domina:
2148 2745 2374 2813 imperio
2389 2746 2664 2816 adjunxit;
2700 2747 2926 2816 ideoque
2942 2762 3007 2800 ue
3025 2745 3268 2802 barbaris
3287 2749 3460 2802 rebel-

1898 2815 2040 2868 laudi
2075 2817 2292 2868 occasio
2322 2816 2374 2868 in
2406 2815 2654 2885 promptu
2702 2815 2867 2878 esset,
2921 2832 3028 2870 non
3079 2817 3253 2870 solum
3290 2826 3459 2870 terre.-

1899 2886 2100 2940 stribus
2139 2885 2341 2953 copiis,
2392 2887 2484 2941 sed
2535 2890 2695 2940 etiam
2747 2887 3020 2941 maritima
3067 2888 3241 2942 classe
3296 2888 3459 2955 hujus

1897 2955 2191 3025 provincia:
2220 2970 2344 3008 oras
2377 2957 2589 3011 munire
2617 2957 2805 3019 voluit,
2852 2965 2910 3011 ut
2959 2957 3102 3025 ipsos
3132 2958 3198 3010 ab
3221 2960 3459 3011 externis

1898 3024 2116 3096 auxiliis
2143 3027 2482 3081 accersendis
2517 3027 2730 3094 penitus
2762 3024 3086 3096 prohiberet.
3121 3025 3459 3096 Leuce-comit

1902 3095 2192 3164 siquidem,
2210 3097 2323 3150 sive
2350 3097 2516 3151 Albus
2541 3099 2694 3152 vicus
2716 3095 2929 3150 Arriani
2959 3111 3074 3151 aevo
3098 3098 3320 3152 ultimus
3350 3095 3461 3151 Ro-

1825 3191 1866 3248 C
1903 3166 2050 3248 Inani
2103 3165 2314 3234 imperii
2346 3167 2398 3219 in
2428 3166 2652 3248 Arabia.
2675 3169 2830 3222 limes
2855 3176 3000 3247 erat,
3043 3176 3101 3221 ut
3133 3176 3238 3248 tam
3275 3180 3462 3248 custo-

1900 3236 2024 3300 diae,
2074 3250 2236 3305 quam
2284 3245 2492 3307 quarta
2517 3237 2687 3306 partis
2717 3237 3000 3302 mercium,
3045 3253 3167 3306 quae
3194 3237 3461 3307 importa~

1900 3307 2130 3370 bantur,
2187 3306 2508 3375 recipienda:
2557 3323 2757 3372 causa,
2793 3310 3038 3362 centurio
3065 3323 3186 3362 cum
3221 3306 3458 3366 exercitu

1900 3377 2220 3430 mitteretur.
2275 3377 2614 3430 Sabaitarum
2665 3392 2791 3433 vero
2829 3386 2883 3431 et
2923 3375 3338 3433 Hnnmritarum
3379 3397 3463 3434 re-

1897 3446 2120 3526 gionem
2143 3447 2283 3526 haud
2311 3444 2572 3501 Romanis
2612 3463 2728 3526 aevo
2775 3462 2875 3526 suo
2905 3447 3200 3526 subjectam
3233 3448 3465 3526 aﬂirmat

1899 3516 2128 3587 ipsemet
2157 3516 2452 3587 Arrianus;
2500 3532 2622 3571 cum
2653 3517 3026 3572 Charibaeiem
3065 3520 3254 3573 harum
3282 3520 3462 3587 regio-

1900 3601 2030 3639 num
2072 3585 2364 3656 Dynastam
2406 3585 2769 3656 Romanorum
2814 3588 3189 3656 imperatorum
3233 3585 3461 3644 amicum

1900 3654 2133 3709 tantum
2162 3654 2333 3710 fuisse
2383 3655 2526 3710 dicat
2579 3657 2664 3711 his
2713 3654 2895 3711 verbis
2939 3656 3129 3712 Latine
3183 3658 3456 3714 redditis:

1905 3743 1924 3776 ι
1963 3723 2114 3797 lianc
2147 3722 2361 3795 (nempe
2393 3725 2713 3797 Marpharlis
2761 3726 3054 3797 regionem)
3099 3741 3290 3781 novem
3347 3728 3462 3785 dic-

1901 3811 2022 3848 rum
2053 3794 2722 3866 itinereisequituriAphar
2750 3794 3096 3866 metropolis,
3150 3798 3202 3850 in
3232 3812 3338 3866 qua
3371 3814 3461 3852 se-

1899 3865 2020 3919 dem
2039 3865 2490 3936 domiciliumque
2524 3865 2686 3920 habet
2716 3865 2997 3920 Charibael
3046 3865 3322 3936 legitimus
3353 3866 3463 3922 lio-

1901 3935 2252 3999 maaritarum,
2287 3943 2342 3989 et
2367 3935 2462 4004 qui
2487 3936 2572 3988 his
2602 3936 2765 3989 vicini
2796 3945 2944 3999 sant,
2971 3935 3313 3991 Sabaitarum
3343 3953 3458 4000 rex,

1902 4005 2288 4073 imperatorum
2338 4015 2650 4060 nostrorum
2697 4006 2928 4069 anticus;
2977 4007 3042 4060 ad
3071 4021 3208 4075 quos
3238 4008 3462 4062 crebras

1901 4075 2196 4145 legationes
2238 4083 2291 4128 et
2332 4091 2557 4130 munera
2603 4077 2784 4129 mittit.
2850 4075 3023 4145 Supra
3054 4076 3271 4130 laudata
3299 4075 3464 4140 igitur

1899 4145 2116 4215 Arriani
2139 4147 2301 4198 verba
2331 4160 2455 4200 cum
2479 4145 2690 4200 excidio
2710 4146 3030 4200 nobilissimi
3062 4145 3298 4215 Emporii
3327 4146 3461 4201 Tra-

1898 4214 2029 4284 jano
2084 4215 2357 4283 adscripto
2393 4217 2679 4270 convenire
2729 4233 2836 4270 non
2871 4214 3175 4284 poterunt{
3202 4217 3292 4271 cui
3338 4232 3463 4272 vero

1901 4301 1966 4338 ex
2011 4284 2271 4339 Romanis
2319 4287 2734 4354 imperatoribus
2767 4287 3114 4340 tribuendum
3147 4287 3248 4352 sit,
3302 4288 3460 4341 nobis

1901 4366 1985 4410 est
2019 4357 2432 4423 incompertum,
2469 4358 2719 4423 quamvis
2741 4354 3076 4409 Herodianus
3105 4356 3195 4410 lib.
3225 4373 3283 4411 ιιι
3315 4356 3459 4410 llist.

1902 4443 1956 4478 ιι.
1989 4425 2076 4490 75,
2119 4441 2240 4494 pag.
2273 4425 2398 4488 528,
2447 4425 2587 4479 inter
2628 4425 2878 4480 Romanis
2909 4425 3142 4480 historia:
3183 4428 3462 4494 scriptores

1903 4498 2156 4550 collectos
2176 4512 2220 4565 _a
2247 4494 2837 4565 Friderico_Sy|burgio
2859 4496 3080 4549 edition.
3118 4495 3461 4550 Francoi‘urti

1902 4567 2028 4619 anui
2063 4563 2230 4627 1590,
2285 4568 2491 4634 scribat
2515 4563 2801 4633 Septimum
2836 4565 3098 4629 Severum,
3133 4576 3254 4634 post
3281 4575 3462 4622 trans-

1903 4652 2143 4706 gressam
2175 4633 2926 4706 regionemrlnteramnanam,
2975 4633 3257 4706 agrumque
3288 4636 3461 4690 Adia-

1904 4704 2182 4767 benorum,
2229 4706 2391 4758 etiam
2441 4705 2496 4757 in
2541 4706 2794 4758 Arabiam
2845 4704 3071 4758 Felicem
3117 4706 3462 4772 excurrissc;

1902 4787 1956 4829 et
1981 4774 2288 4829 Herodiano
2332 4775 2595 4829 assentire
2635 4778 3034 4844 quodammodo
3085 4775 3328 4830 videatur
3356 4775 3460 4831 Ζυ-

1906 4847 2078 4900 simus
2120 4845 2214 4899 lib.
2251 4861 2266 4898 ι
2304 4846 2684 4908 Historiarum,
2711 4861 2760 4913 p.
2792 4845 2893 4898 057
2921 4846 3157 4913 ejusdem
3189 4846 3466 4900 collectio-

1907 4918 2011 4978 nis,
2041 4917 2133 4985 qui
2169 4915 2418 4968 Arabiam
2448 4915 2807 4985 unirersamda
2841 4914 3023 4969 Severo
3052 4916 3254 4968 excidio
3282 4915 3465 4970 datam

1907 4983 2181 5040 ιιλιυιιιὺτιπ
2218 4985 2470 5052 prodidit.
2512 4983 2705 5037 Verum
2739 4983 3028 5038 ilerodiaui
3061 4989 3220 5039 verba
3245 5001 3310 5038 ex
3341 4986 3468 5039 Dio-

1908 5072 1975 5108 ne
2000 5055 2396 5123 interpretanda
2411 5055 2663 5123 suut,qui
2690 5055 2780 5108 lib.
2802 5071 2963 5116 Lxxv,
2990 5071 3109 5123 pag.
3131 5055 3267 5108 1256
3287 5057 3467 5110 citata:

1905 5125 2178 5185 editionis,
2231 5139 2356 5177 cum
2403 5125 2608 5178 Arabes
2659 5125 2780 5179 illos
2808 5142 2838 5179 a
2871 5126 3068 5179 Severo
3099 5127 3334 5179 domitos
3367 5143 3467 5178 uu—

1906 5210 2097 5263 squam
2141 5193 2336 5248 Felicis
2387 5195 2598 5248 Arabiae
2645 5197 2858 5249 accolas
2896 5197 3060 5256 dicat,
3113 5199 3206 5248 sed
3256 5195 3464 5247 Arabes

1908 5275 2136 5328 tantum,
2188 5278 2390 5332 eosque
2443 5279 2566 5318 cum
2596 5263 2852 5319 Osroeuis
2877 5275 2929 5318 et
2955 5265 3246 5318 Adiabenis
3276 5279 3466 5316 nume-

1907 5344 1988 5388 ret
2006 5335 2088 5388 his
2109 5334 2288 5388 verbis
2313 5351 2328 5387 :
2364 5352 2381 5384 ι
2404 5333 2636 5389 Severus
2661 5373 2677 5388 .
2707 5375 2721 5390 .
2749 5375 2764 5390 .
2799 5338 3095 5390 exercitum
3125 5342 3309 5387 contra
3339 5335 3464 5388 bar-

1907 5405 2071 5459 baros
2097 5443 2113 5468 ,
2171 5406 2438 5458 Osroenos
2462 5444 2478 5467 ,
2520 5406 2828 5460 Adiabenos
2884 5414 2938 5459 et
2977 5405 3180 5458 Arabes
3205 5403 3380 5466 duxit,
3441 5419 3460 5452 ι

1909 5477 2068 5528 nobis
2097 5474 2501 5546 quodammodo
2554 5477 2829 5546 patefacit,
2856 5476 3138 5546 ‘Severutn
3187 5488 3464 5546 nunquam

1906 5543 2160 5599 Arabiam
2176 5545 2404 5599 Felicem
2421 5543 2722 5617 subegisse,
2744 5557 2834 5601 sed
2849 5544 3130 5617 Petraeum,
3154 5557 3218 5596 ac
3239 5543 3466 5617 deserta:

1907 5617 2119 5670 Arabia:
2150 5625 2354 5684 partem
2399 5613 2656 5672 Usroe'uis
2699 5632 2762 5670 ac
2789 5615 3080 5669 Adiabeuis
3111 5613 3466 5684 propinquas.

1909 5684 2022 5739 Hac
2073 5678 2236 5740 etiam
2288 5686 2727 5755 interpretatione
2775 5685 3026 5739 donanda
3083 5678 3465 5755 sunt'__Zositui

1913 5757 2094 5821 \erha,
2117 5772 2240 5810 cum
2263 5766 2317 5809 et
2344 5752 2459 5824 ipse
2483 5759 2680 5812 Arabes
2703 5757 2929 5808 scenitas
2959 5755 3062 5807 loc.
3096 5752 3467 5824 citndisertuu

1915 5832 2170 5884 nonunet.
2223 5821 2545 5898 Spartianus
2580 5829 2634 5882 in
2671 5827 2856 5882 Severo
2885 5840 3006 5895 pag.
3043 5824 3103 5881 71
3131 5821 3470 5878 collectioni:
