3966 6344
239 353 348 409 εξ)

1042 348 1129 406 DE
1161 349 1551 409 POHTUENSI
1590 350 1647 406 S.
1690 347 2053 405 HIPPOLYTI
2092 345 2285 403 SEDE.
2323 375 2391 385 —
2431 341 2610 398 PARS
2647 341 2708 396 ll.

3374 339 3484 393 530

237 473 417 538 licem,
466 481 524 527 et
568 471 627 526 8.
663 469 930 543 Hippolyti
975 473 1212 542 episcopi
1256 483 1311 527 et
1355 475 1607 544 martyris
1651 485 1801 544 gesta
1835 482 1877 536 Α
1905 472 2205 542 portionem
2246 468 2413 522 fuisse
2458 467 2594 520 inter
2627 463 2912 535 .Egyptum
2941 471 2990 515 et
3035 460 3228 531 Nigro:
3279 449 3524 515 montes-

232 564 476 619 breviter
520 579 768 627 narrans,
804 564 963 619 refert
1000 565 1056 619 S.
1094 564 1462 635 Hippolytum,
1516 573 1805 635 postquam

234 656 458 726 triginta
495 654 889 709 Saracenorum
942 655 1108 710 millia
1156 655 1222 710 ad
1273 655 1551 712 Christum
1580 670 1809 709 conver-

230 745 411 809 tisset,
447 754 502 799 et
534 743 594 797 Β.
638 743 905 814 Pelagiam
942 760 1008 800 ex
1043 745 1395 816 lupanaribus
1443 746 1508 800 ad
1557 744 1810 800 Ecclesia:

229 838 542 892 castitatem
593 846 921 899 revocasset,
960 850 1013 891 et
1049 848 1358 893 sanctarum
1409 837 1806 906 expositionum

232 928 404 984 libros
454 929 757 983 luculenter
795 929 1162 998 explicuisset,
1192 931 1406 984 tandem
1437 930 1807 998 episcopatum

230 1020 297 1073 de
318 1017 681 1072 Antiochenis
718 1018 981 1086 partibus,
1012 1019 1155 1073 unde
1195 1027 1310 1072 erat
1339 1018 1625 1082 oriundus,
1655 1018 1809 1071 dese-

229 1110 435 1172 ruisse,
461 1117 521 1163 et
546 1124 671 1163 cum
705 1107 929 1162 Romam
966 1124 1025 1163 se
1052 1109 1393 1173 contulisset,
1421 1108 1476 1162 in
1507 1107 1669 1162 Portu
1703 1107 1808 1162 Ro-

230 1218 398 1257 mano
452 1203 772 1273 martyrium
819 1217 1241 1256 consummasse.
1290 1200 1489 1257 Verum
1560 1200 1809 1272 Moynius

230 1294 367 1363 ipse,
400 1294 497 1363 qui
548 1294 959 1363 antiquissimos
1006 1295 1299 1363 scriptores
1326 1292 1629 1357 Leontium,
1663 1292 1808 1348 Ana-

228 1388 487 1451 stasium,
539 1386 865 1441 Germanum
910 1384 1591 1456 Constantinopolitanum,
1638 1386 1806 1441 alios-

224 1495 350 1548 que,
383 1477 483 1548 qui
518 1477 574 1532 S.
610 1476 953 1547 Hippolytum
998 1474 1194 1531 Portus
1227 1476 1456 1532 Romani
1490 1477 1804 1547 episcopum

224 1571 605 1636 crediderunt,
651 1571 800 1624 nulla
840 1570 943 1625 lide
973 1569 1165 1638 dignos
1191 1576 1394 1629 censet.
1425 1583 1492 1622 co
1522 1570 1663 1636 quod
1702 1566 1807 1621 Eu-

224 1662 417 1717 sebius
442 1671 499 1717 et
531 1660 588 1716 8.
624 1661 985 1731 Hieronymus
1022 1660 1141 1729 ejus
1185 1659 1366 1715 sedem
1414 1659 1803 1728 ignoraverint,

223 1768 448 1808 summa
498 1754 719 1823 quidem
760 1751 952 1822 injuria
988 1767 1134 1807 nunc
1182 1751 1339 1807 nobis
1387 1750 1573 1820 objicit
1603 1752 1705 1805 hoc
1742 1750 1799 1804 S.

1912 561 2113 618 scribat
2136 558 2401 615 Cellarius
2428 556 2571 626 (28);
2618 563 2670 609 et
2712 553 2913 608 Plinius
2946 553 3079 624 (‘29),
3109 552 3268 623 cujus
3296 559 3476 607 tamen

1910 662 2223 711 contextum
2280 650 2383 705 hoc
2436 650 2556 703 loco
2587 648 2939 717 drpravatunt
2985 646 3336 716 suspicantur
3377 645 3478 699 viri

1908 745 2230 811 doctissimi,
2282 743 2585 798 Saracenos
2632 740 2771 795 inter
2824 740 2960 795 alios
2989 736 3203 793 Arabia:
3250 738 3480 808 populos

1908 847 2205 904 recenseat,
2238 844 2292 892 et
2342 836 2479 890 nihil
2529 834 2596 889 de
2631 848 2819 886 eorum
2855 846 3083 886 numero
3111 840 3206 886 aut
3232 830 3479 885 moribus

1908 932 2089 987 addat.
2117 929 2311 984 Verum
2338 925 2641 981 Saracenos
2667 934 2722 978 γ’
2750 923 2948 978 saeculo
2971 923 3203 985 primum
3237 923 3331 976 toti
3359 921 3476 976 orbi

1910 1020 2213 1076 innotuisse
2275 1016 2518 1072 scribunt
2568 1012 2852 1077 nonnulli,
2902 1012 3031 1066 dum
3087 1012 3294 1081 patrios
3346 1010 3482 1063 finies

1908 1110 2297 1183 praetergressi,
2326 1106 2697 1178 populabundi
2746 1106 2800 1159 in
2852 1103 3193 1159 Palaestinam
3230 1102 3329 1157 hoc
3365 1118 3485 1156 aevo

1908 1220 1968 1259 se
2002 1203 2368 1266 contulerunt,
2402 1200 2559 1267 cujus
2605 1196 2825 1268 regione
2870 1195 3152 1265 tyrannide
3192 1202 3476 1262 occupata,

1906 1294 2099 1348 exinde
2142 1305 2331 1347 eorum
2377 1287 2617 1355 potentia
2668 1287 2735 1340 ab
2780 1284 2992 1355 exiguis
3035 1281 3273 1354 profecta
3310 1282 3480 1336 initiis

1907 1387 2041 1441 adeo
2075 1386 2265 1445 erevit,
2298 1394 2357 1437 ut
2386 1384 2439 1436 in
2480 1382 2629 1445 Asia,
2663 1377 2866 1442 Africa,
2899 1376 3113 1445 Europa
3156 1375 3311 1444 longe
3348 1376 3480 1429 late—

1905 1494 2011 1548 que
2036 1476 2297 1531 dominati
2328 1475 2454 1531 sint.
2491 1471 2628 1526 Hine
2658 1470 2835 1526 evenit
2861 1477 2919 1523 ut
2947 1467 3350 1522 Saracenorum
3382 1480 3483 1519 no-

1906 1571 2050 1626 mine
2078 1567 2347 1640 posterior
2391 1576 2523 1622 retas
2565 1576 2920 1635 quoscunque
2972 1557 3221 1614 Scenitas
3251 1559 3479 1624 Arabes,

1905 1670 1959 1716 et
2002 1660 2314 1728 ubicunque
2364 1658 2592 1728 positos,
2624 1652 3019 1724 designaverit;
3076 1651 3305 1720 ideoque
3351 1650 3480 1704 Am-

1906 1752 2119 1805 mianus
2167 1749 2511 1804 Marcellinus
2558 1747 2654 1802 lib.
2695 1761 2783 1799 xw
2825 1744 3032 1809 scribit,
3080 1742 3476 1798 Saracenorum

222 1842 374 1898 Petri
434 1842 687 1897 Damiani
736 1843 1131 1909 testimonium,
1157 1841 1253 1912 qui
1289 1840 1578 1898 undecimo
1606 1841 1807 1897 saeculo
1840 1848 1882 1902 Β
1907 1850 2120 1911 gentem
2166 1840 2235 1894 ab
2262 1838 2501 1910 Assyriis
2526 1835 2738 1891 initium
2772 1849 2987 1903 capere,
3012 1842 3063 1887 et
3090 1833 3156 1887 ad
3196 1831 3298 1887 Nili
3330 1842 3480 1888 cata-

222 1937 380 2000 vixit,
426 1936 483 1990 in
524 1950 636 2004 quo
666 1935 1014 2003 antiquarum
1048 1950 1230 1989 rerum
1277 1933 1469 1989 notitia
1520 1934 1661 2003 apud
1705 1948 1804 1987 no-

218 2035 429 2082 s'rates
458 2026 678 2095 penitus
728 2024 838 2080 fere
877 2026 1114 2095 collapsa
1158 2035 1308 2090 erat;
1341 2025 1639 2093 praesertim
1678 2041 1803 2081 cum

221 2119 335 2187 ipse
366 2116 431 2173 8.
468 2116 764 2171 Damianus
790 2131 896 2171 non
928 2117 1107 2171 solum
1136 2117 1191 2169 in
1225 2116 1346 2181 hac,
1375 2131 1539 2185 quam
1573 2117 1803 2172 instituit

219 2210 287 2263 de
324 2206 388 2260 8.
424 2205 700 2277 Hippolyti
749 2207 916 2276 gestis
962 2206 1296 2271 narratione,
1324 2222 1431 2274 qua
1460 2205 1518 2261 8.
1549 2206 1806 2278 Hippoly-

220 2310 337 2355 tum
381 2309 635 2354 nostrum
670 2315 794 2354 cum
820 2297 1014 2353 Nonne
1046 2297 1321 2354 Edessena
1345 2314 1627 2369 perperam
1670 2315 1802 2353 con-

219 2390 383 2455 fudit,
416 2401 476 2446 ut
503 2391 752 2463 Moynius
786 2392 900 2461 ipse
946 2390 1148 2445 fatetur
1183 2390 1318 2459 (25),
1350 2392 1442 2447 sed
1476 2391 1529 2445 in
1565 2392 1685 2447 aliis
1715 2408 1800 2447 re-

220 2483 346 2547 bus,
384 2483 661 2552 praecipue
692 2484 747 2537 in
769 2484 1088 2539 enarrandis
1118 2482 1175 2539 8.
1200 2483 1342 2539 Petri
1375 2482 1585 2540 Urseoli
1617 2486 1799 2555 gestis,

217 2576 314 2644 qui
344 2575 599 2644 quinque
647 2584 702 2630 et
748 2576 818 2631 50
848 2592 1026 2631 annos
1069 2585 1193 2631 ante
1222 2577 1398 2646 ipsum
1429 2576 1631 2641 ﬂoruit,
1663 2592 1803 2645 sirpe

216 2668 429 2739 aliquid
464 2670 687 2722 humani
717 2683 912 2737 passus
939 2669 1031 2733 sit,
1070 2678 1128 2724 ut
1155 2669 1531 2740 patentissime
1563 2669 1804 2723 ostendit

214 2762 426 2816 citatus
474 2760 666 2815 Justus
715 2760 1050 2817 Fontaninus
1076 2761 1211 2833 (9.6).
1242 2760 1636 2817 Saracenorum
1666 2776 1800 2816 con-

211 2852 557 2919 versionem,
584 2867 747 2921 quam
784 2852 841 2907 8.
871 2850 1159 2924 Hippolyto
1188 2862 1375 2907 nostro
1402 2853 1591 2907 tribuit
1622 2852 1679 2906 8.
1703 2854 1806 2906 Βιιυ

213 2946 465 3009 mianus,
491 2952 552 2998 ut
576 2944 771 3000 Nonne
798 2945 1074 3001 Edessena
1096 2943 1512 3015 adjudicandam
1536 2959 1656 3004 esse
1681 2959 1804 2999 cen-

212 3056 467 3105 seamus,
510 3039 654 3109 quod
681 3054 707 3092 a
738 3040 947 3103 sharac,
982 3054 1089 3092 non
1120 3052 1149 3090 a
1176 3052 1328 3090 sarac
1356 3035 1646 3091 deductum
1682 3050 1803 3091 esse

212 3134 522 3191 arbitratur
554 3130 860 3200 Lequicnus
901 3130 1033 3201 (‘27),
1074 3129 1345 3201 Hippolyti
1377 3144 1490 3184 sevo
1521 3129 1610 3182 vix
1641 3129 1799 3183 iuno-

214 3224 400 3280 tuisse
443 3222 603 3277 nobis
653 3221 974 3286 suademus;
1024 3221 1146 3275 licet
1186 3219 1456 3275 Ptolomaei
1505 3228 1662 3274 atate
1701 3218 1799 3290 τὴν

212 3315 571 3392 Σαρακηνήν,
620 3312 897 3381 Saracena,
933 3313 1297 3383 angustiorem
1340 3311 1556 3367 Petraea:
1587 3311 1799 3366 Arabia:

213 3489 292 3542 de
318 3498 434 3542 erat
462 3487 748 3551 oriundus,
777 3488 1059 3552 abscessit,
1091 3486 1364 3559 Homanos
1385 3489 1520 3543 lines
1551 3489 1794 3559 appetiit.

214 3559 472 3626 Cumque
501 3560 655 3611 beata
687 3558 866 3612 Aurea
915 3559 1055 3626 apud
1087 3557 1293 3612 Ostiam
1338 3557 1635 3621 civitatem,
1664 3574 1798 3612 saxo

218 3631 535 3683 cervicibus
582 3629 904 3708 alligq}o.ﬂin
941 3628 1165 3681 marinis
1192 3626 1444 3708 ﬂuetibus
1477 3630 1795 3708 martyrium

220 3708 684 3761 consummasset,
723 3698 778 3750 Β.
816 3698 1038 3751 Nonnus
1065 3708 1310 3752 sanctum
1341 3700 1566 3752 cadaver
1594 3698 1677 3767 pia
1705 3700 1798 3752 de-

220 3772 442 3848 votione
475 3769 708 3848 collegit,
742 3779 796 3821 et
842 3785 964 3821 cum
1000 3769 1148 3821 omni
1176 3768 1448 3848 diligentia
1492 3769 1792 3848 tumulavit.

221 3839 395 3905 Quem
428 3854 556 3892 mox
584 3838 724 3891 idem
753 3846 1082 3907 persecutor,
1113 3838 1207 3904 qui
1238 3836 1518 3892 dicebatur
1551 3836 1794 3906 anpius,

219 3911 375 3978 juxta
410 3908 625 3964 Tiberis
652 3912 861 3962 alveum
896 3909 948 3961 in
994 3908 1201 3962 foveam
1236 3910 1392 3976 aquis
1414 3909 1627 3977 plenam
1657 3924 1798 3961 mer-

226 3982 277 4048 gi
313 3982 589 4049 pneecpit,
614 3980 771 4047 cujus
803 3980 1143 4046 postmodum
1179 3995 1395 4047 corpus.
1420 3990 1798 4035 consummato

228 4051 543 4118 triumphali
571 4050 851 4118 martyrio,
890 4050 940 4102 in
974 4049 1188 4118 civitate
1220 4064 1339 4118 quae
1362 4050 1556 4103 Portus
1577 4049 1796 4113 dicitur,

224 4116 538 4174 Christiana
582 4116 799 4173 devotio
848 4119 1111 4187 sepelivit.
1155 4116 1305 4173 lllico
1331 4118 1513 4173 audita
1563 4126 1646 4172 est
1696 4134 1796 4171 vox

229 4193 369 4244 Velut
396 4189 686 4242 infantium
721 4206 814 4257 per
847 4205 1009 4242 unam
1045 4187 1157 4241 fere
1175 4187 1374 4243 .buram
1406 4188 1793 4245 clamantium:

231 4258 334 4313 Dea
367 4262 597 4330 gratias.
630 4260 731 4326 Qui
766 4275 895 4328 ergo
920 4259 1079 4330 talem
1105 4258 1223 4311 vita:
1246 4261 1444 4313 meruit
1472 4259 1793 4323 clausulam,

229 4329 431 4399 liquido
482 4330 675 4397 patuit,
708 4330 832 4397 quia
878 4329 1248 4397 episcopatum
1296 4330 1574 4392 deserens,
1610 4343 1795 4387 coram

234 4398 337 4453 Deo
369 4415 480 4452 nou
506 4401 735 4453 incurrit
766 4399 1047 4452 offensam.
1075 4417 1093 4449 ι

292 4471 407 4540 (25)
455 4469 690 4525 Diatriba
726 4471 791 4523 de
817 4469 875 4522 8,
907 4467 1196 4540 Hippolyto
1226 4484 1278 4536 p.
1314 4470 1375 4523 5|
1412 4488 1424 4524 :
1464 4487 1481 4522 t
1511 4467 1614 4522 Sed
1644 4469 1793 4540 quod

229 4534 365 4596 addit
387 4534 593 4594 Petrus
619 4541 881 4602 Dauniani,
906 4534 1243 4608 Hippolytum
1266 4540 1609 4608 paenitentem
1638 4534 1787 4592 licia-
1830 4534 1871 4587 D

228 4612 364 4682 giatn
402 4614 762 4667 convertisse.
794 4618 847 4682 et
880 4610 1088 4682 illam_a
1116 4609 1442 4682 turpissimis
1477 4610 1719 4682 moribus
1746 4617 1799 4682 et

229 4678 536 4750 prostitutis
588 4682 677 4734 ad.
708 4679 984 4734 meliorem
1019 4678 1228 4748 frugem
1270 4688 1326 4733 et
1364 4681 1529 4750 vitam
1555 4679 1798 4750 castissie

228 4749 367 4805 inani
402 4752 744 4821 perduxisse,
792 4751 878 4805 hic
922 4759 1166 4821 teinp_ora
1220 4749 1794 4821 congruedesiderari

224 4818 474 4892 possunt.
509 4820 644 4875 Nam
676 4820 1021 4892 Pelagiasub
1048 4818 1593 4892 Tli_eodosio.luniore
1624 4819 1795 4887 poeni-

227 4888 341 4960 iens
382 4903 438 4946 et
484 4894 696 4946 reclusa
734 4888 865 4944 vixit
892 4888 1301 4960 Hierosolymis,
1333 4891 1479 4960 quod
1522 4890 1587 4942 ad
1619 4905 1793 4960 aevum

225 4959 495 5034 Hippolyti
537 4964 711 5034 aptari
741 4962 891 5034 nullo
938 4961 1101 5034 niodo
1136 4959 1328 5034 potest.
1359 4959 1424 5013 Et
1454 4959 1665 5034 videtur
1709 4959 1795 5013 hie

223 5027 707 5088 Petrus'Daniiani
758 5030 1102 5100 Hippolytum
1150 5029 1399 5084 Nuntium
1447 5046 1569 5085 cum
1604 5027 1796 5083 Nonne

224 5106 480 5173 episcopo
526 5104 801 5156 Edesseno
838 5101 1169 5173 conl'udisse,
1202 5110 1269 5173 et)
1299 5116 1468 5173 unum
1503 5116 1599 5173 pro
1627 5102 1796 5173 altero

227 5169 503 5228 habuisse.
538 5212 551 5226 .
581 5209 601 5227 .
647 5174 783 5226 adeo
814 5180 885 5242 Aut
931 5172 1186 5242 deceptus
1225 5170 1471 5242 videatur
1503 5170 1672 5225 fuisse
1697 5169 1796 5222 Pe—

229 5256 337 5298 trus
386 5243 661 5303 Damiani,
687 5242 781 5310 qui
809 5240 1098 5310 Hippolyto
1128 5239 1333 5294 Nonne
1361 5239 1659 5311 Portuensi
1679 5242 1795 5311 epi~

229 5330 389 5383 scopo
418 5315 614 5368 tribuit
638 5309 1071 5366 emendatmnem
1122 5322 1178 5366 et
1219 5312 1588 5381 paenitentiam
1644 5309 1795 5365 Pela-

245 5400 335 5438 τιειξ.
367 5403 390 5436 ι

226 5397 406 5521 μῗὲέ)
453 5454 682 5509 Dissert.
712 5454 779 5509 de
826 5452 882 5506 8.
919 5451 1081 5507 Petro
1129 5450 1374 5517 Urseolo,
1422 5467 1471 5508 c.
1504 5451 1560 5519 2,
1592 5468 1643 5521 p.
1680 5451 1713 5506 5
1743 5460 1796 5505 et

230 5538 373 5593 seqq.
406 5527 540 5580 edit.
574 5523 761 5579 Ronne
786 5525 911 5577 anni
949 5522 1105 5577 1750.

290 5591 409 5666 (27)
447 5596 504 5649 In
534 5596 679 5666 notis
707 5595 775 5649 ad
801 5594 997 5666 librum
1021 5593 1087 5666 _S.
1124 5591 1349 5666 Joannis
1379 5592 1694 5649 Damasceni
1719 5592 1794 5666 De

226 5662 530 5731 horrendus,
555 5681 609 5721 c.
643 5664 700 5727 7,
752 5680 905 5735 num.
944 5663 1063 5727 illi,
1100 5674 1236 5735 pota
1264 5664 1320 5728 2,
1368 5681 1419 5735 p.
1454 5666 1574 5729 ill),
1608 5674 1740 5719 tom.
1773 5664 1793 5716 ι

226 5738 459 5803 Uperum
489 5736 736 5805 ejusdem
762 5734 819 5788 8.
847 5733 1070 5789 Joannis
1098 5731 1413 5790 Damasceni
1437 5738 1614 5790 citata:
1634 5734 1788 5788 edit.:

233 5824 253 5856 ι
282 5807 684 5863 Saracenorum
715 5821 907 5860 nomen
939 5805 1229 5860 Arabicum
1262 5817 1344 5861 est
1364 5845 1379 5874 ,
1412 5823 1512 5861 non
1548 5824 1577 5859 α
1615 5823 1787 5871 sarac,
1874 5870 1881 5876 _

1904 1942 2084 1987 ractas
2127 1932 2327 2001 porrigi
2363 1942 2416 1986 et
2442 1928 2676 1985 conﬁnia
2704 1927 3121 1999 Blemmyarum.
3158 1925 3346 1982 lnlimo
3397 1937 3479 1983 ta-

1904 2041 2026 2079 men
2056 2039 2170 2081 aevo
2201 2033 2312 2078 tam
2353 2022 2458 2076 late
2489 2028 2769 2089 acceptum
2818 2019 3211 2075 Saracenorum
3256 2036 3476 2085 nomen,

1903 2125 1963 2171 ut
2000 2131 2356 2186 quoscunque
2384 2113 2699 2167 idololatras
2726 2128 2790 2166 ac
2818 2112 3230 2168 Haliumetanos
3260 2112 3359 2169 hac
3392 2128 3480 2185 ap-

1904 2210 2191 2278 pellatione
2206 2208 2460 2263 donarint
2476 2206 2691 2261 illorum
2712 2214 3015 2277 temporum
3034 2205 3327 2275 scriptores
3341 2203 3475 2276 (50).

1901 2301 2129 2358 Nonnus
2175 2302 2357 2371 itaque
2392 2301 2700 2357 Edessenus
2735 2311 2841 2356 tam
2883 2313 3135 2367 magnum
3180 2296 3477 2353 Saraceno-

1903 2411 2023 2449 rum
2055 2410 2340 2449 numerum
2383 2396 2437 2449 in
2464 2393 2770 2461 Palaestina,
2801 2394 2887 2449 vel
2934 2393 2988 2447 in
3027 2389 3288 2453 Osroena,
3320 2391 3478 2459 cujus

1903 2487 2195 2557 provincia:
2228 2486 2569 2556 metropolim
2597 2486 2711 2555 ipse
2745 2485 2984 2556 regebat,
3018 2484 3121 2538 boc
3153 2498 3269 2539 αξγο
3302 2482 3479 2553 bapti-

1904 2595 2028 2634 zare
2057 2579 2246 2650 potuit,
2278 2578 2332 2632 in
2374 2595 2484 2648 quo
2517 2580 2761 2649 ipsorum
2789 2592 3051 2635 numerus
3079 2584 3223 2633 certe
3257 2576 3475 2646 quidem

1903 2671 2173 2725 maximus
2206 2669 2327 2724 fuit.
2361 2667 2611 2724 Secundo
2642 2669 2913 2738 Pelagiani
2946 2668 3012 2722 ad
3039 2667 3235 2722 bonam
3270 2665 3474 2734 frugem

1903 2763 2129 2817 rediisse
2162 2763 2382 2817 hortatu
2408 2759 2586 2815 Nonni
2615 2760 3020 2825 Edesseui,non
3054 2759 3324 2830 Hippolyti
3350 2757 3479 2811 Por-

1903 2855 2133 2919 tuensis,
2165 2870 2357 2910 omnes
2387 2864 2598 2910 veteres
2631 2854 2874 2909 scribunt
2904 2853 3035 2923 (5i).
3066 2851 3246 2905 Tertio
3277 2850 3473 2904 Arabia

1902 2945 2052 3001 Felix
2098 2946 2436 3003 Antiocheno
2476 2946 2803 3016 patriarcha:
2837 2960 3113 3014 nunquam
3149 2945 3349 3014 paruit,
3381 2944 3474 3000 sed

1902 3037 2268 3092 Alexandrino
2299 3036 2432 3108 (5‘2),
2457 3037 2571 3106 qui,
2593 3035 2856 3105 Procopio
2887 3044 3023 3090 teste
3051 3035 3183 3106 (55),
3214 3034 3476 3091 Homzcri-

1905 3127 1973 3183 tis
1999 3129 2315 3198 episc0pum
2350 3125 2726 3182 misit.Verum
2760 3142 2882 3180 cum
2915 3124 3114 3181 Edessa
3135 3125 3474 3181 nobilissima

1899 3229 1951 3274 et
1978 3220 2356 3290 antiquissima
2391 3217 2644 3275 Osroenm
2672 3219 2960 3288 provincia:
2992 3218 3307 3287 metropolis
3334 3217 3473 3287 (non

1896 3310 2190 3369 Pbtenieia:
2211 3312 2278 3369 ad
2307 3311 2598 3377 Libanum,
2628 3324 2685 3366 ut
2710 3326 2988 3383 perperam
3014 3310 3229 3382 scripsit
3250 3310 3477 3367 Hardui-

1900 3494 2109 3565 furatus
2139 3500 2216 3545 est
2261 3489 2283 3561 [
2308 3490 2435 3559 quia
2469 3486 3005 3565 Arabeslgrpciqiis
3032 3485 3286 3565 vivunt],
3317 3488 3410 3565 sed
3440 3506 3474 3541 a

1898 3558 2137 3623 ὲεΙιατιιε,
2163 3558 2308 3614 ortus
2330 3558 2439 3617 est.
2464 3578 2530 3614 eo
2558 3560 2700 3628 quod
2729 3558 2970 3628 Orientis
3001 3565 3184 3628 partes
3209 3558 3468 3628 incolant,

1898 3648 2007 3702 quo
2044 3648 2204 3687 sensu
2239 3629 2281 3684 ll
2305 3631 2445 3702 dinei
2478 3626 2814 3702 vocabantur
2863 3626 3178 3702 Orientales.
3201 3648 3228 3702 ξ
3266 3627 3475 3702 Legen-

1899 3696 2002 3756 dus
2036 3718 2249 3771 quoque
2284 3701 2353 3753 du
2389 3699 2672 3771 Fresnein
2710 3698 3158 3771 Glossario‘vcrb.
3190 3696 3469 3765 Saraceni,

1901 3773 1992 3827 ubi
2028 3766 2194 3825 multa
2226 3771 2292 3824 de
2326 3769 2637 3827 huiusmodi
2665 3769 2883 3822 nomine
2910 3766 3092 3821 refert.

1971 3844 2082 3909 ('38)
2125 3839 2241 3894 Lib.
2281 3854 2341 3909 ιιι
2378 3836 2717 3909 Geographiw
2751 3836 3020 3909 an:iqun5,_
3042 3850 3176 3909 cap.
3202 3836 3348 3909 ii,_§
3378 3837 3468 3909 57,

1971 3850 2082 3909 (:38)
2128 3850 2241 3894 Lib.
2281 3854 2339 3893 ιιι
2378 3850 2717 3908 ueugmpma'
2751 3851 3000 3905 mr‘tquaz,
3042 3850 3164 3958 cap].
3202 3850 3290 3900 14,
3321 3850 3348 3907 3
3378 3850 3468 3899 at,

1900 3929 1954 3980 p.
1988 3913 2112 3977 586,
2145 3921 2273 3981 tum.
2305 3908 2347 3962 ll
2380 3910 2508 3981 edit.
2538 3907 2731 3981 Lipsiae
2761 3906 2949 3981 ann_._l
2963 3907 3085 3981 732.
3108 3978 3121 3981 _
3149 3907 3250 3981 ide
3290 3906 3469 3981 Ptole-

1900 3975 2106 4038 bnenni
2130 3980 2471 4050 Geographiw
2498 3975 2674 4041 libfv,
2711 3993 2828 4045 cap.
2862 3975 2946 4039 l7,
2984 3991 3036 4045 p.
3067 3977 3168 4050 1οᾤ
3193 3977 3469 4050 c_i_t._edit.:

1904 4073 1921 4104 ι
1956 4044 2358 4105 Protenduntur
2403 4051 2455 4102 in
2505 4050 2725 4116 regione
2776 4044 3008 4109 montes,
3062 4047 3169 4116 qui
3211 4044 3471 4116 Melanes,

1898 4124 1978 4178 vel
2011 4121 2156 4190 Nigri
2185 4121 2543 4190 appellantur,
2571 4114 2604 4173 a
2634 4120 2755 4173 sinu
2783 4117 3011 4179 scilicet,
3032 4114 3124 4186 qui
3153 4115 3309 4190 juxta
3331 4114 3470 4170 Pha-

1900 4208 2022 4247 rum
2052 4187 2128 4246 esl
2164 4187 2320 4257 quasi
2354 4192 2418 4244 ad
2451 4189 2715 4252 ledaeam,
2742 4195 3037 4257 gentcslue
3084 4196 3211 4241 sunt
3260 4187 3335 4257 ab
3373 4202 3468 4239 oc-

1898 4278 2025 4317 casu
2056 4254 2270 4331 quidem
2303 4260 2495 4315 borum
2520 4254 2784 4313 montium
2815 4257 2881 4310 ad
2908 4254 3200 4328 [Egyptum
3226 4265 3279 4310 et
3306 4255 3472 4309 Sara—

1898 4348 2100 4471 εθῖἓῧ),
2129 4400 2269 4471 Hist.
2301 4400 2395 4455 lib.
2432 4416 2504 4463 vi,
2539 4414 2660 4471 cap.
2692 4396 2945 4471 28,Atom.
2974 4392 3466 4471 Inedit._Harduini,

1898 4465 2021 4543 pag.
2056 4465 2176 4525 7‘28.
2212 4470 2351 4543 Lege
2398 4480 2578 4543 tamen
2610 4465 2735 4523 'liae
2776 4468 2844 4520 de
2888 4482 2949 4520 re
2979 4465 3269 4520 Cellariutn
3304 4466 3471 4519 citato

1900 4541 1994 4600 lib.
2029 4558 2110 4605 ιιι,
2142 4558 2190 4597 c.
2225 4541 2312 4604 Η,
2341 4557 2393 4605 ι).
2428 4542 2551 4596 000.

1972 4572 1994 4597 ι.
2075 4558 2087 4593 ι
2178 4585 2190 4597 .
2258 4557 2291 4593 4
2379 4582 2393 4596 .
2537 4580 2551 4593 .

1972 4557 2257 4683 (adfini;
2286 4557 2558 4683 etiim‘t’gi’n
2596 4606 2908 4683 Fres_ne__de
2949 4603 3201 4683 Saraceni
3228 4604 3470 4683 nomine

1899 4693 1953 4740 et
1976 4671 2120 4738 ‘aliis
2146 4682 2389 4753 ejusdem
2417 4680 2655 4735 nominis
2683 4676 3193 4747 signiﬁcationibus,
3228 4675 3283 4729 in
3313 4671 3469 4728 Glos-

1898 4771 2061 4810 εαγιο.

1971 4823 2080 4894 (5t)
2123 4820 2193 4894 De
2233 4819 2289 4875 S.
2319 4819 2555 4894 Pelagia,
2591 4834 2711 4887 qua:
2743 4817 2843 4872 fuit
2862 4814 3459 4894 meretrirAntiocbe-

1899 4886 1989 4960 na,
2019 4886 2133 4963 lege
2158 4892 2328 4961 ipsius
2355 4886 2555 4963 Vitam,
2603 4886 2825 4963 auctore
2852 4886 3055 4963 Iacobo
3084 4886 3324 4963 iliacono
3347 4886 3468 4954 ejus

1898 4956 2106 5030 coaevo',
2158 4956 2449 5032 interprete
2496 4958 2888 5032 Eustachio,_et
2941 4958 3043 5032 alia
3100 4957 3153 5032 i_n
3197 4956 3468 5032 Simeoiie

1896 5024 2279 5104 Metapﬁljraste.
2302 5024 2467 5086 'Vide
2506 5031 2646 5100 apud
2696 5029 3041 5104 Surium_die
3082 5026 3132 5104 _8
3167 5024 3485 5104 _(_)ct0bris,.

1896 5095 2105 5160 tome
2144 5101 2217 5154 De
2274 5103 2390 5155 vitis
2442 5095 2763 5162 sanctorum,
2798 5099 2866 5152 ab
2911 5098 3132 5167 Aloysio
3167 5095 3470 5167 Lipomauo

1895 5176 2154 5244 episcopo
2192 5170 2421 5244 Verona:
2450 5169 2577 5244 olim
2609 5169 2954 5244 conscriptis,
3071 5164 3180 5244 _225
3201 5162 3335 5244 edit.
3362 5162 3467 5217 Ve-

1898 5234 2036 5299 neta:
2079 5234 2206 5297 anni
2252 5242 2409 5306 1581,
2438 5248 2491 5294 et
2536 5238 2751 5295 Raineri
2785 5234 3036 5292 monachi
3070 5236 3233 5290 Leod.
3272 5234 3467 5306 Specu-

1896 5315 2007 5368 l‘um
2035 5314 2370 5382 pmuitentiw,
2398 5304 2501 5382 seu
2531 5307 2744 5382 Vilw‘S.
2769 5306 3006 5382 Pelagia:
3038 5309 3132 5361 lib.
3169 5321 3227 5369 ιι,
3247 5320 3311 5382 ei}
3338 5304 3463 5357 cod.

1896 5374 2427 5443 mssILeodicusi'in
2472 5378 2630 5439 Bern.
2659 5378 2804 5431 Pezii
2846 5376 2887 5431 Τ
2889 5374 3096 5435 liesaiir.
3134 5374 3463 5433 aliecdotor.,

1896 5451 2165 5525 t0m._lV_,_
2187 5462 2325 5525 part.
2355 5467 2438 5514 ιιι,
2468 5451 2571 5525 col.
2590 5450 2679 5525 69,
2708 5448 2797 5502 82.
3016 5518 3027 5525 _
3233 5513 3299 5525 η,

1967 5523 2080 5594 (5‘2)
2122 5512 2234 5577 Hac
2278 5512 2937 5594 de_re_legendus__s:cpe
2983 5518 3180 5594 citatus
3233 5512 3465 5594 Michael

1895 5582 2155 5664 Leqtiieu,
2185 5607 2313 5648 tum.
2364 5590 2409 5646 ll
2443 5582 2671 5648 Orientis
2722 5582 3031 5651 Chrisliuni,
3078 5603 3196 5658 pag.
3256 5582 3357 5639 002
3410 5590 3468 5635 et

1895 5680 2047 5721 Sedit.

2113 5734 2243 5793 Lor.
2268 5734 2364 5791 cit.
