3966 6344
215 357 326 415 ssa

987 354 1074 409 DE
1112 349 1503 410 POHTUENSI
1540 350 1596 406 8.
1640 346 2002 405 HIPPOLYTI
2040 345 2229 403 SEDE.
2269 375 2341 388 —
2379 343 2562 400 PARS
2599 341 2665 398 ll.

3355 342 3459 396 554

215 485 332 530 tum
366 488 475 528 non
505 473 558 528 in
585 474 875 530 Portuensi
925 473 1174 536 ecclesia,
1201 474 1288 528 cui
1322 473 1437 542 ipse
1468 471 1785 541 prrcluit,ab
1816 473 1859 529 Α
1886 469 1944 525 8.
1974 467 2321 538 Hippolytum
2349 465 2433 520 vel
2452 462 2752 518 Tiburtinis
2775 461 3048 517 immerito
3073 459 3332 526 tribuere,
3352 465 3457 528 vel,

215 567 366 620 illius
411 566 721 621 cultoribus
759 567 994 636 positum
1027 581 1092 620 ac
1117 565 1440 620 collocat-um
1473 563 1653 625 fuerit,
1694 563 1788 619 sed

214 672 343 726 agro
377 653 616 713 Verano.
648 658 886 727 Hujusce
908 657 985 713 rei
1019 657 1063 712 si
1093 657 1274 726 aliqua
1311 656 1603 709 haberetur
1627 654 1786 721 ratio,

216 748 568 822 Hippolytus,
593 766 700 804 non
735 749 1073 814 Portuensis,
1108 748 1201 804 sed
1233 747 1552 802 Tiburtinus
1578 747 1788 816 episco-

214 859 338 914 pus,
358 857 488 897 cum
518 842 792 914 Scaligero
813 842 1076 898 dicendus
1103 838 1596 896 esset.Verumtam
1630 839 1788 907 longe

214 938 390 1001 abest,
433 944 494 989 ut
524 935 834 1005 hujusmodi
863 942 1240 1003 argumentum
1274 947 1386 987 rem
1416 941 1656 985 nostram
1708 930 1792 984 in-

214 1026 457 1097 fringere
485 1027 570 1080 vel
601 1026 885 1080 minimum
913 1025 1108 1089 valeat,
1139 1025 1384 1095 quinimo
1413 1034 1643 1078 veterem
1676 1021 1784 1076 Ro-

213 1135 390 1176 mana:
427 1117 687 1174 Ecclesia:
715 1118 1058 1173 traditionem
1088 1117 1155 1170 de
1184 1114 1466 1170 Portuensi
1510 1113 1568 1168 S.
1595 1113 1790 1183 llippo-

214 1211 304 1282 lyti
343 1210 478 1265 sede
507 1225 671 1280 quam
721 1209 955 1264 maxime
982 1207 1287 1264 confirmet.
1321 1206 1534 1261 Etenim
1584 1205 1793 1275 insigne

213 1302 341 1356 illud
395 1301 537 1356 tanti
589 1301 842 1371 martyris
878 1308 1287 1354 monumentum
1324 1299 1376 1352 in
1411 1311 1541 1368 agro
1575 1293 1792 1350 Verano

212 1394 452 1464 positum
486 1402 540 1447 et
567 1401 836 1462 repertum
871 1390 994 1455 fuit,
1035 1391 1162 1460 quia
1210 1389 1407 1444 ibidem
1445 1387 1502 1442 S.
1541 1385 1792 1458 martyris

213 1487 482 1557 reliquiae,
512 1496 572 1540 ut
599 1485 925 1540 Prudentius
959 1499 1059 1539 nos
1087 1482 1298 1547 docuit,
1327 1498 1355 1536 a
1387 1481 1711 1537 Christianis
1738 1480 1791 1534 in

211 1578 535 1634 caemeterio
567 1577 796 1633 condita:
831 1575 1070 1639 fuerunt,
1099 1574 1242 1644 quod
1296 1582 1482 1644 postea
1533 1586 1640 1627 una
1668 1587 1790 1627 cum

211 1671 441 1726 adicula
474 1668 534 1724 8.
563 1667 834 1740 Hippolyti
867 1667 1086 1722 nomine
1119 1665 1229 1720 Deo
1261 1665 1362 1719 fuit
1387 1665 1623 1720 dicatum
1658 1663 1790 1734 (i5);

213 1778 321 1831 quo
351 1761 410 1816 in
441 1762 562 1816 loco
591 1775 714 1816 cum
743 1759 884 1814 Deus
909 1767 1022 1828 opt.
1047 1773 1193 1812 max.
1222 1757 1357 1811 tanti
1384 1755 1634 1828 martyris
1667 1770 1787 1824 pre-

1889 560 2034 631 quod
2083 561 2237 630 pejus
2269 567 2372 624 est,
2409 571 2510 610 nec
2541 557 2592 609 in
2620 553 2928 618 Portuensi,
2959 569 3058 608 nec
3091 553 3143 607 in
3183 553 3288 607 alia
3325 570 3460 624 qua-

1890 653 1972 708 vis
2010 649 2318 707 Occidentis
2361 646 2596 702 Ecclesia
2638 645 2844 700 sedisse
2884 661 3006 699 cum
3051 643 3268 715 Moynio
3303 656 3461 698 ciete-

1891 745 2073 813 risquc
2103 757 2382 813 perperam
2415 755 2628 811 negare.
2665 739 2884 807 Antiqui
2920 754 3047 808 ergo
3078 737 3281 793 Christi
3326 737 3459 791 lide-

1891 835 1969 888 lcs
2005 841 2240 888 statuam
2277 829 2334 885 8.
2369 828 2641 901 Hippolyti
2675 828 2892 882 nomine
2934 827 3201 897 insignem
3237 829 3290 882 in
3329 843 3458 898 agro

1893 921 2107 993 Verane
2155 923 2255 977 via:
2303 920 2599 974 Tiburtinae
2640 920 2894 990 contiguo
2939 920 3301 983 collocarunt,
3351 936 3458 973 non

1891 1016 2034 1086 quod
2060 1015 2173 1085 ipse
2193 1013 2512 1067 Tiburtinus
2539 1010 2705 1064 fuerit
2731 1009 3040 1079 episcopus,
3071 1009 3162 1064 sed
3191 1010 3315 1080 quia
3339 1025 3458 1079 pre-

1892 1105 2197 1160 tiosissima’
2222 1101 2355 1157 tanti
2397 1099 2652 1170 martyris
2679 1087 2925 1167 pigno'ra,
2954 1111 2985 1150 a
3014 1095 3179 1150 Portu
3214 1097 3460 1150 Romano

1893 1191 2386 1262 translata,|ibidem
2420 1187 2638 1242 fuerunt
2669 1187 2896 1256 sepulta.
2933 1185 3290 1256 Quapropter,
3324 1200 3463 1255 pra:-

1892 1295 1974 1340 ter
2036 1285 2139 1339 hoc
2184 1281 2583 1338 nobilissimum
2618 1279 2791 1350 ipsius
2820 1287 3256 1343 monumentum,
3283 1277 3454 1331 minoo

1893 1392 1980 1431 res
2005 1376 2168 1431 etiam
2196 1372 2555 1444 imagunculae
2585 1370 2922 1444 anaglypbici
2952 1369 3134 1439 operis
3154 1369 3352 1424 ibidem
3375 1369 3466 1425 deb

1895 1475 2045 1521 tectae
2079 1475 2293 1536 patrum
2329 1474 2638 1520 nostrorum
2665 1462 2923 1518 memoria
2955 1460 3196 1526 fuerunt,
3225 1475 3471 1531 quarum

1893 1567 2103 1628 ectypa,
2161 1565 2220 1611 ut
2277 1556 2412 1612 alias
2461 1554 2893 1618 observavimus,
2943 1552 3466 1624 nobis‘suppeditas

1893 1650 2203 1721 Aringhius.
2233 1647 2289 1704 S.
2323 1647 2593 1720 Hippolyti
2617 1647 2780 1719 igitur
2802 1654 3216 1702 monumentum
3249 1646 3303 1702 in
3332 1661 3465 1716 agro

1892 1741 2112 1798 Veraao
2145 1751 2416 1813 repertum
2453 1756 2733 1812 nunquam
2778 1749 2856 1795 tot
2882 1740 3207 1810 scriptorum
3235 1740 3302 1796 de
3331 1738 3466 1794 Por-

210 1814 368 1906 eibus
441 1851 846 1922 quamplurima
925 1814 1188 1904 miracula
1263 1845 1476 1918 operari
1526 1814 1785 1914 dignare-
1818 1814 1858 1868 Β
1893 1835 2071 1889 tuensi
2123 1834 2249 1889 sede
2298 1835 2467 1904 ipsius
2525 1833 2848 1888 sententiam
2905 1831 3182 1888 infirmare
3232 1834 3463 1902 poterit;

213 1953 299 1998 tur
335 1944 476 2015 (46),
528 1943 760 1997 Romani
811 1942 1091 2012 exterique
1145 1955 1340 2011 magna
1391 1937 1693 2009 frequentia
1731 1939 1790 1995 S.

213 2035 478 2103 martyris
509 2033 776 2086 tumulum
811 2031 1239 2096 venerabantur;
1271 2029 1412 2084 unde
1447 2027 1792 2096 Prudentius,

213 2125 300 2194 qui
338 2125 537 2179 Roma:
563 2121 669 2178 fuit
699 2132 750 2178 et
777 2123 1098 2192 populorum
1128 2120 1524 2176 multitudinem
1559 2136 1808 2197 praesens

212 2216 530 2285 conspexit,
561 2215 675 2269 haec
705 2214 895 2270 scribit
923 2213 1032 2284 (47)
1066 2230 1079 2266 :

321 2329 488 2384 Mane
516 2327 812 2382 salutatum
842 2328 1193 2392 concurritur,
1227 2328 1394 2380 omnis
1428 2327 1618 2378 adorat

395 2400 588 2464 Pubis,
611 2409 755 2461 eunt,
788 2399 1003 2451 redeunt
1025 2397 1152 2451 solis
1179 2397 1246 2450 ad
1278 2412 1438 2466 usque
1465 2396 1686 2449 obitum.

318 2469 622 2539 Conglobat
644 2470 698 2522 in
722 2484 941 2539 cuneum
964 2466 1146 2539 Latios
1169 2467 1349 2539 simul,
1372 2476 1420 2520 et
1445 2467 1740 2538 peregrinos

397 2536 708 2593 Permistim
741 2537 958 2608 populos
994 2536 1260 2607 religionis
1293 2553 1461 2590 amor.

214 2653 278 2708 Et
314 2653 515 2723 paucis
551 2651 851 2720 interiectis
889 2651 1063 2706 sancti
1103 2649 1375 2721 Hippolyti
1407 2649 1549 2704 diem
1596 2649 1792 2705 festum

212 2743 406 2799 Idibus
463 2742 696 2811 Augusti
747 2742 1008 2798 celebrari
1061 2742 1280 2798 solitum
1335 2741 1672 2807 describens,
1724 2743 1797 2796 in-

213 2835 341 2904 quit
373 2831 488 2902 (48)
524 2849 538 2886 :

330 2949 466 3004 Urbs
493 2956 717 3018 augusta
740 2963 861 3002 suos
883 2946 1038 3018 vomit
1062 2945 1381 3018 effunditque
1401 2947 1637 3018 quirites,

405 3019 522 3074 Una
545 3015 594 3072 et
616 3018 866 3085 patricios
892 3015 1174 3069 ambitione
1202 3015 1340 3085 pari,

338 3089 445 3146 Con
456 3084 633 3158 fundit
655 3088 852 3158 plebeia
875 3084 1108 3153 phalanx
1131 3084 1436 3140 umbonibus
1457 3089 1618 3157 requis

401 3160 696 3214 Discrimen
714 3173 1005 3226 procerum,
1027 3158 1386 3225 praecipitante
1405 3159 1537 3226 ﬁde;

334 3229 445 3284 Nec
468 3232 644 3282 minus
667 3227 885 3282 Albanis
914 3227 1051 3280 acies
1075 3244 1127 3280 se
1147 3227 1373 3280 candida
1397 3229 1559 3295 portis

407 3299 681 3366 Erplicat,
703 3309 751 3352 et
777 3298 944 3367 longis
965 3297 1182 3350 ducitur
1203 3297 1491 3352 ordinibus.

331 3369 619 3424 Exsultant
641 3369 880 3438 fremitus
903 3368 1170 3438 variarum
1190 3368 1307 3438 hinc
1329 3367 1446 3422 inde
1468 3370 1688 3432 viarum,

401 3437 682 3509 1ηάὶ9εηρι,
707 3447 754 3491 et
783 3438 986 3499 Picens,
1009 3437 1153 3509 plebs
1175 3448 1223 3509 et
1250 3437 1474 3492 Etrusca
1495 3441 1653 3494 venit.

331 3507 585 3566 Convenit
609 3508 868 3562 Samnitis
892 3517 1047 3560 atrox
1067 3507 1353 3572 habitator,
1375 3518 1422 3562 et
1445 3509 1568 3562 alue

400 3579 704 3647 Campanus
732 3576 949 3646 Capua,
969 3577 1187 3646 jamque
1212 3575 1453 3632 Nolanus
1475 3579 1640 3633 adest.

331 3649 566 3720 Quisque
583 3666 679 3702 sua
701 3647 989 3720 lwtusrcum
1013 3649 1249 3717 conjuge,
1271 3648 1510 3720 dulcibus
1533 3659 1580 3702 et
1609 3665 1726 3702 cum

405 3718 727 3790 Pignoribus
750 3718 995 3790 rapidum
1019 3734 1227 3790 carpere
1251 3718 1401 3790 gestit
1425 3719 1557 3783 iter;

341 3789 443 3845 Vis
463 3787 681 3859 capiunt
701 3788 871 3853 patuli
893 3787 1202 3859 populorum
1225 3789 1418 3858 gaudia
1439 3789 1646 3858 campi;

401 3858 586 3914 Haeret
610 3867 657 3913 et
681 3859 736 3912 in
758 3858 960 3926 magnis
983 3858 1143 3911 densa
1165 3859 1347 3912 cohors
1370 3859 1577 3927 spatiis.

333 3937 630 3996 Angustum
657 3929 817 3981 tantis
845 3927 977 3981 illud
1000 3944 1179 3996 specus
1203 3945 1312 3983 esse
1339 3929 1556 3983 catervis

398 3949 410 3983 Ι
451 3948 630 3982 usmm
657 3948 817 3981 tanus
845 3948 976 3981 utua
1000 3948 1179 3996 specus
1203 3948 1312 3983 €888
1339 3948 1556 3983 catervis

398 3948 568 4054 Haud
596 3998 814 4052 dubiant
847 4007 946 4065 est,
971 3997 1150 4068 ampla
1174 3999 1326 4068 fauce
1349 3999 1469 4052 licet
1489 4008 1688 4068 pateat.

225 4115 358 4167 Cum
389 4113 558 4184 igitur
594 4124 897 4166 marmorea
933 4107 990 4166 S.
1027 4109 1297 4184 Hippolyti
1349 4112 1606 4167 cathedra
1657 4114 1796 4166 inter

232 4207 456 4274 hujusce
501 4204 798 4259 coemeterii
826 4203 1022 4258 rudera
1063 4201 1258 4258 effossa
1293 4202 1476 4268 fuerit,
1509 4219 1667 4258 nemo
1695 4219 1798 4258 nou

232 4298 366 4351 videt
395 4294 735 4366 Scaligerum
757 4294 1003 4364 aliosque
1027 4292 1168 4348 futili
1193 4294 1504 4350 coniectura
1523 4296 1798 4366 deceptos,

297 4475 409 4545 ($5)
455 4473 511 4528 In
550 4474 721 4546 citato?
752 4473 968 4546 hymno
1017 4471 1081 4546 Si.
1100 4471 1379 4546 Hippolyti
1427 4478 1796 4532 cmmeterium
1833 4479 1873 4534 D

233 4544 399 4618 ipsius
428 4547 502 4618 ita
531 4544 811 4618 describit,
841 4559 985 4600 vers.
1018 4545 1114 4618 lz‘il
1145 4562 1159 4598 :

332 4615 496 4670 Haud
526 4613 708 4684 procul
733 4624 964 4668 extremo
988 4615 1133 4667 culta
1157 4613 1227 4666 ad
1250 4615 1500 4683 pomwria
1525 4615 1663 4670 vallo

403 4685 584 4738 Mersa
614 4684 892 4738 latebrosis
922 4693 1107 4754 crypta
1134 4693 1274 4754 patet
1304 4685 1482 4754 foveis.

337 4755 512 4826 Hujus
539 4756 593 4807 in
625 4754 888 4826 occultum
913 4754 1161 4826 gradibus
1185 4755 1267 4807 via
1294 4770 1459 4826 prona
1489 4756 1694 4826 reflexis

439 4842 494 4879 re
524 4840 617 4896 per
649 4825 923 4896 anfractus
952 4824 1066 4879 luce
1095 4824 1289 4879 latente
1316 4825 1488 4880 docet.

334 4894 550 4965 Primos
583 4911 804 4965 namque
827 4894 963 4963 fores
992 4910 1196 4949 summo
1223 4907 1368 4948 tenus
1399 4897 1563 4948 intrat
1593 4897 1762 4962 hiatu,

402 4964 755 5034 Illustratque
783 4965 892 5018 dies
920 4965 1106 5017 limina
1135 4965 1396 5021 vestibuli.

328 5036 463 5091 lude
489 5037 578 5089 ubi
607 5040 898 5104 progressu"
912 5035 1062 5104 facili
1093 5035 1378 5104 nigrescere
1406 5035 1518 5090 visa
1548 5047 1624 5091 est

403 5105 532 5161 Nos
562 5105 804 5176 obscura,
831 5105 936 5158 loci
960 5120 1051 5174 per
1075 5120 1256 5176 specus
1287 5105 1626 5176 ambiguum;

332 5175 636 5232 Occurrunt
670 5174 822 5230 celsis
852 5177 1105 5229 immensa
1135 5175 1400 5243 foramina
1430 5174 1576 5232 tectis

403 5246 768 5314 Quaejaciunt
797 5243 970 5298 claros
995 5254 1152 5298 antra
1180 5261 1334 5314 super
1365 5247 1562 5301 radios.

328 5316 635 5382 Quamlibet
667 5316 922 5384 ancipites
953 5323 1130 5368 texant
1159 5316 1281 5368 hinc
1311 5316 1433 5370 inde
1463 5333 1691 5373 recessus

400 5387 568 5438 Arcto
595 5385 690 5438 sub
727 5384 985 5438 umbrosis
1012 5387 1152 5438 atria
1174 5386 1460 5453 porticibus
1483 5404 1501 5440 :

330 5458 580 5509 Attamen
607 5455 772 5509 excisi
799 5459 977 5508 subter
1008 5471 1134 5509 cava
1162 5456 1356 5510 viscera
1384 5460 1573 5513 montis

405 5526 605 5580 Crebra
631 5525 888 5580 terebrato
913 5527 1112 5595 fornice
1139 5525 1232 5578 lux
1265 5537 1518 5592 penetrat.

333 5594 428 5650 Sic
457 5597 623 5649 datur
652 5595 880 5649 absentis
909 5612 1001 5665 per
1028 5595 1368 5650 subterranea
1394 5599 1518 5650 solis

405 5667 629 5720 Cernere
657 5665 933 5736 fulgorem,
956 5665 1340 5736 luminibusque
1369 5668 1493 5735 frui.

236 5735 293 5790 Et
321 5737 483 5807 paulo
512 5745 652 5807 post.
688 5752 830 5807 vers.
862 5738 1070 5792 scilicet
1095 5735 1199 5790 170
1225 5753 1239 5790 :

341 5805 554 5862 Talibus
585 5805 857 5877 Hippolyti
883 5822 1065 5875 corpus
1097 5805 1377 5860 ntandatur
1401 5808 1590 5877 opertis

1896 1926 2004 1980 imo
2031 1926 2149 1996 ipsa
2179 1941 2244 1979 ex
2281 1926 2383 1980 hoc
2417 1925 2554 1978 miro
2578 1923 2800 1979 fulcitur
2824 1923 3157 1987 testimonio,
3188 1938 3311 1978 cum
3344 1938 3466 1976 mo-

1895 2025 2212 2069 numentum
2244 2013 2394 2078 illud,
2420 2014 2563 2082 quod
2589 2013 2647 2067 S.
2676 2011 2948 2082 Hippolyti
2977 2012 3214 2081 episcopi
3237 2021 3291 2067 et
3321 2027 3466 2064 mar-

1899 2105 2032 2176 tyris
2076 2119 2197 2159 esse
2245 2119 2404 2156 nemo
2450 2117 2688 2172 unquam
2729 2117 2928 2173 negare
2968 2116 3136 2155 ausus
3165 2111 3269 2168 est,
3301 2115 3468 2170 prope

1895 2195 2266 2252 cmmetcrium
2302 2194 2561 2249 eﬂossum
2597 2194 2688 2257 sit,
2726 2194 2816 2248 ubi
2852 2202 2999 2249 certo
3016 2193 3220 2249 scimus
3245 2191 3304 2247 8.
3334 2191 3467 2263 Hip-

1895 2287 2062 2359 polyti
2126 2285 2408 2354 reliquias,
2455 2300 2521 2339 ex
2570 2283 2736 2339 Portu
2792 2283 3041 2340 Romano
3099 2284 3468 2348 translatas,a

1896 2379 2100 2434 Christi
2125 2377 2374 2434 fidelibus
2405 2375 2576 2432 fuisse
2604 2378 2896 2447 repositas.

1898 2495 2070 2565 XXV.
2106 2493 2351 2565 Moynius
2389 2493 2688 2565 Portuensis
2719 2492 2970 2546 Ecclesia:
3000 2490 3373 2565 antiquitatem
3405 2486 3466 2545 S.

2052 2560 2328 2635 Hippolyti
2361 2581 2468 2619 (evo
2500 2564 2755 2634 aqualem
2781 2578 3054 2632 perperam
3083 2560 3307 2632 negavit.

1965 2656 2120 2712 Nunc
2152 2657 2419 2726 reliquum
2446 2665 2549 2722 est,
2579 2664 2636 2709 ut
2665 2653 2847 2722 aliqua
2894 2653 2962 2708 de
3011 2651 3330 2708 Portuensis
3369 2651 3471 2707 Ec-

1897 2751 2072 2805 clesia:
2103 2749 2424 2819 antiquitate
2454 2745 2658 2800 cursim
2701 2745 3018 2810 delibcmus,
3055 2761 3122 2799 ne
3158 2743 3282 2813 quis
3313 2744 3472 2801 nobis

1897 2843 2119 2911 objiciat
2150 2857 2271 2895 cum
2304 2839 2540 2910 Moynio,
2571 2835 2626 2890 S.
2663 2835 3011 2908 Hippolytum
3042 2835 3283 2906 ejusdem
3325 2833 3471 2889 sedis

1897 2933 2208 3002 episc0pum
2244 2944 2363 2984 esse
2391 2943 2498 2982 non
2532 2926 2798 2998 potuisse,
2827 2940 2892 2979 eo
2921 2925 3066 2995 quod
3102 2924 3340 2994 sequiori
3375 2939 3473 2994 po-

1900 3023 2008 3076 tius
2049 3036 2183 3084 aavo,
2213 3033 2377 3088 quam
2405 3016 2800 3086 antiquissimis
2833 3015 2890 3069 S.
2919 3015 3172 3085 martyris
3201 3016 3461 3084 tempori-

1868 3178 1870 3181 λ
1898 3115 2000 3170 bus
2031 3112 2184 3166 sedes
2211 3109 2528 3165 Portuensis
2556 3107 2801 3163 instituta
2831 3121 2952 3163 esse
2981 3103 3406 3172 virleatur.Quod
3424 3107 3470 3160 si

1897 3205 2254 3261 Purtuensem
2323 3198 2621 3254 Ecclesium
2680 3196 3080 3267 antiquissimis
3138 3195 3471 3266 temporibus

1898 3310 2028 3350 suus
2060 3293 2347 3363 cpiscOpos
2385 3290 2643 3346 habuisse
2693 3289 2850 3344 nobis
2884 3288 3115 3358 probare
3160 3287 3469 3358 contigerit,

1898 3389 2126 3457 ipsemet
2167 3385 2417 3456 Moyuius
2464 3399 2659 3439 manus
2688 3385 2858 3439 victas
2891 3383 3062 3449 dabit,
3091 3391 3144 3437 et
3180 3381 3238 3436 8.
3271 3380 3475 3452 Hippo-

1897 3479 2091 3550 lytum,
2138 3492 2299 3548 quem
2347 3475 2552 3530 dudum
2602 3473 2910 3529 Homaeritis
2958 3473 3197 3528 tribucre
3241 3483 3477 3528 conatus

1897 3581 2002 3636 est,
2065 3569 2353 3624 Portuensi
2414 3567 2670 3622 Ecclesiae
2730 3565 2997 3621 restituet.
3054 3563 3132 3618 En
3187 3564 3471 3634 ipsiusmet

1899 3663 2100 3735 Moynii
2128 3663 2291 3717 verba
2324 3660 2434 3730 (49)
2469 3679 2482 3713 :
2521 3677 2539 3709 ι
2568 3659 2807 3728 Ingenue
2854 3666 3034 3712 tamen
3080 3655 3356 3726 profiteor,
3386 3671 3473 3711 me

1899 3771 2022 3811 cum
2050 3753 2233 3809 multis
2262 3751 2418 3807 facile
2460 3749 2852 3816 admissurum,
2886 3747 3234 3818 Hippolytum
3265 3747 3472 3802 dictum

1899 3847 2212 3916 episcopum
2250 3842 2578 3906 Romanum,
2603 3840 2728 3911 quia
2757 3839 2952 3896 Portus
2985 3841 3036 3894 in
3066 3837 3309 3893 Romana
3336 3839 3472 3894 dite-

1901 3937 2010 3992 eesi
2040 3944 2158 3990 erat
2187 3934 2497 4004 episcopus,
2529 3933 2575 3989 si
2605 3939 2881 3988 constaret
2905 3929 3126 3986 Portum
3157 3929 3324 3986 fuisse
3351 3931 3472 3999 cpi-

1902 4039 2182 4099 scopatum
2216 4036 2456 4096 tempore
2483 4024 2777 4096 Hippolyti,
2806 4034 2862 4080 et
2892 4024 3151 4094 episcopo
3181 4024 3469 4079 Portuensi

1901 4117 2086 4172 eadem
2121 4116 2408 4187 permissa,
2439 4130 2561 4184 qua:
2593 4114 2988 4184 posterioribus
3027 4112 3361 4182 temporibus
3392 4113 3472 4168 illi

1902 4209 2167 4278 permissa
2195 4216 2323 4262 sunt
2349 4207 2402 4261 in
2425 4205 2614 4261 ordine
2643 4204 3024 4272 cardinalium,
3055 4205 3106 4259 iu
3132 4205 3476 4261 ordinatione

1901 4309 1955 4356 et
1983 4300 2390 4356 consecratione
2421 4297 2690 4367 pontificis
2721 4295 2973 4360 Romani,
3005 4305 3058 4351 et
3079 4297 3133 4350 in
3155 4297 3326 4352 sacris
3346 4297 3476 4368 qui-

2082 4476 2305 4546 Propter
2331 4475 2419 4529 ubi
2446 4476 2701 4546 apposita,
2718 4483 2794 4528 est
2819 4491 2915 4528 ara
2943 4474 3125 4546 dicata
3151 4474 3278 4528 Deo.

2009 4546 2116 4601 Illa
2145 4545 2464 4600 sacramenti
2492 4545 2743 4598 donatrix
2770 4561 2968 4608 mensa,
3005 4545 3286 4615 eademque

2078 4617 2282 4697 Custos
2294 4616 2404 4686 [ida
2436 4616 2520 4696 sui
2552 4616 2811 4697 martyris
2835 4616 3100 4697 apposita,

2007 4687 2190 4743 Servat
2216 4693 2282 4768 ad
2317 4686 2501 4740 azterni
2532 4685 2889 4808 sperniudicis
2918 4702 3036 4738 ossa
3057 4685 3295 4768 sepulcro
3313 4728 3327 4749 ,

2079 4757 2261 4808 Pascit
2288 4757 2414 4808 item
2443 4765 2641 4808 sanctis
2721 4755 2964 4808 rbrrcolas
2994 4757 3237 4808 dapibus.

2079 4757 2261 4811 Pascit
2288 4757 2414 4810 item
2443 4757 2641 4810 sanctis
2676 4755 2964 4810 Tibricolas
2994 4755 3237 4825 dapibus.

1971 4850 2086 4919 (b6)
2128 4850 2322 4921 lugens
2372 4849 2762 4904 miraculorum
2815 4849 2967 4921 copia
3010 4847 3166 4921 adS.
3198 4848 3469 4921 Hippolyti

1903 4917 2170 4975 tumulum
2193 4917 2233 4973 a
2267 4919 2376 4975 Deo
2402 4927 2759 4990 patratorum,
2794 4919 2957 4990 etiam
2993 4919 3061 4972 ab
3079 4919 3202 4988 ipso
3229 4917 3486 4974 Pisaei.-.

1901 4993 1976 5046 tio
2014 4990 2340 5047 describitur
2365 4990 2468 5045 loc.
2502 4995 2594 5045 cit.
2624 5005 2765 5043 vers.
2794 4989 2896 5044 175
2922 5009 2937 5042 :

2005 5082 2057 5138 Μ
2067 5083 2150 5136 ira
2170 5081 2273 5135 loci
2293 5082 2482 5152 pietas,
2505 5092 2555 5136 et
2576 5090 2816 5150 prompta
2837 5079 3173 5149 precantibus
3191 5099 3284 5134 ara

2078 5152 2208 5222 Spes
2228 5152 2495 5205 hominum
2514 5152 2728 5222 placida
2749 5152 3093 5220 prosperitate
3105 5151 3279 5220 juvat.

2007 5221 2108 5292 Hic
2123 5221 2438 5292 corruptelis
2462 5223 2726 5291 animique
2745 5230 2794 5275 et
2815 5223 3048 5290 corporis
3071 5239 3234 5292 (eger,

2077 5291 2238 5347 Oravi
2259 5291 2460 5362 quoties
2479 5301 2699 5354 stratus,
2723 5307 2871 5361 opem
2891 5295 3081 5346 nterui.

2007 5362 2158 5429 Quod
2177 5363 2326 5418 laetor
2347 5363 2542 5428 reditu,
2564 5364 2702 5432 quod
2728 5372 2797 5428 te,
2819 5364 3106 5416 venerande
3127 5363 3408 5432 sacerdos,

2071 5433 2354 5504 Complecti
2377 5430 2698 5499 licituniest,
2721 5433 2892 5504 scribo
2915 5434 3052 5504 quod
3072 5433 3183 5504 hazc
3200 5430 3410 5500 eadem,.

2006 5502 2290 5574 Hippolyto
2315 5504 2420 5556 scio
2445 5519 2524 5557 me
2544 5503 2764 5557 debere:
2791 5502 3034 5557 Deus‘cui
3056 5502 3296 5555 Christus

2076 5573 2239 5628 Posse
2262 5573 2423 5639 dedit,
2447 5575 2584 5643 quod
2605 5575 2720 5644 quis
2741 5576 2964 5644 postulet
3011 5587 3254 5625 annuere.

1980 5667 2089 5733 (47)
2130 5666 2256 5720 Loe.
2293 5666 2386 5719 cit.
2427 5681 2568 5720 vers.
2607 5665 2730 5720 190.

1970 5736 2083 5806 (48)
2126 5735 2255 5790 Loc.
2290 5737 2381 5806 cit.
2420 5752 2561 5789 vers.
2596 5735 2720 5791 200.

1973 5803 2081 5878 (£9)
2127 5807 2195 5863 De
2224 5809 2280 5862 8.
2313 5805 2600 5880 Hippolyto
2630 5806 2878 5871 diatriba,
2907 5821 2957 5876 ιι.
2996 5803 3088 5872 29,
3122 5811 3255 5876 terg.
