3966 6344
545 367 653 422 535

1336 362 1422 416 DE
1455 358 1849 417 PORTUENSI
1887 357 1943 413 S.
1983 356 2360 414 HIPPOLYTI
2398 356 2589 414 SEDE.
2625 386 2694 397 —
2726 352 2909 411 PARS
2944 353 3010 409 ῐι.
3652 351 3740 407 536

544 487 774 542 busdam
802 484 1068 540 obeundis
1088 484 1143 538 in
1161 483 1326 540 variis
1352 482 1539 538 Romae
1554 481 1767 539 sacellis
1788 491 1844 537 et
1860 481 2121 536 basilicis.
2159 485 2197 539 Α
2229 480 2429 537 nemini
2458 479 2681 535 duhium
2709 476 2832 532 erit.
2869 474 3118 547 Moynius
3148 471 3311 527 nimis
3339 471 3666 533 conﬁdenter,
3692 489 3746 528 ne

546 578 651 634 Sed
685 581 785 635 ista
817 586 947 631 sunt
976 575 1248 647 sequioris
1280 574 1400 641 aevi,
1427 591 1529 629 nec
1558 574 1756 629 Portus
1782 574 2127 642 episcopatus

544 679 693 724 tanta
729 684 785 723 se
819 677 998 739 potest
1023 676 1294 723 vetustate
1329 665 1736 721 commendare.
1763 683 1782 716 ι
1810 664 2129 719 Portuensis

543 761 892 831 episcopatus
932 758 1312 829 antiquitatem
1346 756 1595 827 Moynius
1621 754 1770 811 facili
1799 754 2017 825 negotio
2046 755 2130 808 in-

546 855 756 923 spicere
777 860 1010 923 potcrat,
1027 851 1072 907 si
1100 851 1444 905 notissimum
1476 848 1816 921 Geagraphia:
1838 864 2007 904 sacra!
2030 865 2098 904 vo
2115 878 2130 889 -

545 946 728 1000 lumen
746 962 775 999 a
804 944 1002 999 Carolo
1024 959 1055 998 a
1085 942 1289 997 Sancto
1311 942 1483 996 Paulo
1504 941 1840 996 elaboratum
1865 940 2131 1010 tantisper

547 1038 935 1104 consuluisset,
989 1053 1091 1092 nec
1135 1038 1250 1094 solo
1290 1036 1504 1107 Ughelli
1549 1034 1866 1089 testimonio
1912 1035 2133 1105 acquie-

549 1148 703 1189 scere
749 1131 1050 1195 maluisset,
1107 1130 1204 1200 qui
1257 1136 1436 1182 tamen
1489 1143 1597 1182 non
1653 1127 1947 1182 admodum
2005 1143 2131 1183 sero

549 1224 937 1280 Portuensium
986 1223 1372 1294 episcoporum
1427 1221 1623 1276 seriem
1670 1221 1948 1277 inchoavit
1991 1220 2128 1293 (50).

550 1319 783 1374 Carolus
811 1334 843 1372 a
878 1315 935 1371 S.
964 1315 1133 1370 Paulo
1154 1316 1266 1387 (51)
1292 1314 1612 1384 Gregorium
1639 1313 1850 1380 laudat,
1875 1314 1968 1385 qui
1998 1329 2131 1369 con-

551 1410 681 1466 cilio
710 1408 1016 1464 Arelatensi
1050 1408 1232 1478 primo
1265 1406 1511 1461 interfuit
1539 1414 1594 1461 et
1629 1406 1956 1477 subscripsit
1981 1405 2129 1478 (52);

554 1499 816 1568 Ughellus
868 1499 1178 1553 Romanum
1235 1497 1547 1568 subjungit,
1602 1498 1695 1568 qui
1719 1482 1867 1552 circa
1923 1513 2129 1551 annum

558 1593 773 1649 Domini
809 1593 913 1648 570
945 1592 1101 1652 vixit,
1132 1600 1186 1646 et
1216 1590 1473 1660 deinceps
1520 1600 1785 1660 utrosque
1824 1599 2132 1661 sequuntur

553 1684 772 1759 Petrus,
801 1684 1021 1746 Castus,
1050 1684 1271 1753 aliique.
1318 1683 1359 1741 A
1406 1681 1697 1738 Portuensi
1726 1683 1980 1752 episcopo
2016 1680 2130 1736 Ro-

554 1794 776 1835 manum
812 1779 1125 1849 poutilieem
1158 1775 1492 1840 consecrari,
1518 1791 1606 1830 res
1636 1791 1742 1830 non
1776 1775 1911 1830 adeo
1938 1791 2130 1831 recens

2227 574 2476 627 dicamus
2530 581 2763 636 temere,
2812 568 2983 639 ipsius
3032 565 3403 635 antiquitatem
3458 564 3508 617 in
3553 564 3746 620 dubium

2229 680 2483 720 revocare
2534 679 2704 718 ausus
2748 672 2850 725 est,
2895 670 2951 715 et
2993 674 3118 715 cum
3150 657 3438 726 Gregorius
3474 657 3630 726 ipsius
3656 661 3750 726 epi-

2231 773 2428 828 scopus
2444 757 2677 812 concilio
2694 754 2998 809 Arelatensi
3031 750 3361 812 interfuerit,
3379 749 3559 819 paucis
3576 749 3751 806 scilicet

2230 848 2388 904 annis
2443 857 2567 917 post
2621 844 2889 900 redditam
2938 842 3221 897 catholica:
3267 839 3517 896 Ecclesia:
3558 856 3749 911 pacem,

2232 938 2442 991 nullum
2471 935 2778 1007 ambigendi
2804 935 2984 989 locum
3013 944 3299 1002 superesse
3329 944 3619 994 censemus,
3643 930 3750 1000 quin

2233 1029 2550 1084 Portuensis
2608 1027 2956 1098 episcopatus
3025 1022 3321 1094 primordia
3388 1022 3455 1077 ab
3507 1020 3754 1094 Hippolyto

2232 1122 2525 1193 repetenda
2586 1136 2709 1177 esse
2768 1120 3099 1180 credamus,
3144 1117 3390 1186 aliosque
3438 1122 3558 1184 post
3606 1116 3753 1184 ipsum

2232 1219 2520 1288 epise0pos
2550 1214 2906 1270 Portuensem
2946 1212 3246 1268 Ecclesiam
3275 1224 3447 1279 usque
3484 1208 3547 1263 ad
3582 1207 3757 1279 Grego-

2234 1310 2375 1364 rium
2434 1307 2771 1373 obtinuisse,
2832 1306 3223 1378 quinquaginta
3273 1302 3476 1359 scilicet
3530 1315 3757 1355 annorum

2233 1400 2538 1458 intervallo.
2565 1414 2801 1471 quorum
2847 1398 3073 1454 nomina
3113 1409 3417 1469 temporum
3456 1393 3638 1464 injuria
3658 1408 3759 1464 pcr-

2234 1492 2413 1548 ierunt
2439 1491 2574 1563 (56).

2239 1582 2434 1640 XXVI.
2481 1584 2687 1656 Moym’i
2717 1586 2975 1639 divinatio
3004 1585 3068 1639 de
3098 1584 3319 1656 antiqua
3350 1581 3540 1647 Portus
3574 1580 3761 1637 Romani

2607 1657 2745 1710 aeris
2776 1656 3148 1710 insalubritate
3169 1655 3428 1725 reﬁcitur.

2305 1762 2413 1817 Nec
2450 1765 2698 1832 insurgat
2732 1761 2982 1835 Moynius
3011 1762 3118 1817 loc.
3164 1758 3416 1830 proxime
3454 1756 3608 1811 citato
3647 1750 3761 1822 obji-

551 1856 673 1936 est;
707 1838 832 1925 nam
869 1886 934 1924 ex
965 1869 1170 1923 Diurnu
1215 1867 1573 1921 Romanorum
1611 1868 1940 1937 pontiﬁcum,
1969 1883 2129 1937 quem
2166 1838 2210 1897 Β
2237 1854 2432 1913 eiendo
2446 1854 2667 1910 Portum
2693 1852 3136 1919 Romanunuaeri
3160 1848 3469 1906 inclementi
3485 1845 3760 1937 obnoxium,

552 1964 838 2019 collectum
873 1971 997 2031 post
1031 1976 1233 2015 annum
1258 1960 1362 2015 685
1397 1960 1589 2015 scribit
1615 1959 1735 2029 ejus
1766 1960 1943 2034 editor
1970 1958 2138 2014 Joan-

553 2065 650 2104 nes
690 2048 1019 2112 Garnerius,
1076 2056 1292 2103 constat
1334 2049 1447 2118 jam
1504 2056 1632 2102 tunc
1680 2049 1943 2118 temporis
1991 2049 2137 2103 hunc

554 2157 758 2196 morem
802 2141 1117 2207 invaluisse,
1150 2149 1209 2194 ut
1250 2141 1537 2211 episcopus
1578 2139 1897 2196 Portucnsis
1939 2155 2132 2195 conse-

555 2234 783 2289 cratioui
834 2233 1065 2289 Romani
1114 2232 1390 2303 pontiﬁcis
1437 2234 1725 2288 interesset
1760 2233 1897 2302 (55).
1964 2232 2034 2285 At
2089 2233 2137 2288 si

556 2326 746 2382 sedulo
777 2341 890 2379 rem
929 2326 1101 2394 ipsam
1135 2323 1518 2394 inspiciamus,
1565 2324 1796 2394 hujusce
1839 2323 1981 2379 ritus
2023 2324 2135 2393 pri-

556 2418 767 2474 mordia
796 2419 848 2472 in
878 2400 1124 2471 Romana
1166 2415 1404 2471 Ecclesia
1434 2416 1804 2472 vetustissima
1836 2431 1956 2472 esse
1978 2431 2138 2471 nemo

557 2508 858 2585 dubitabit,
897 2524 1020 2564 cum
1057 2507 1116 2562 S.
1159 2507 1448 2562 Cornelius
1488 2522 1625 2577 papa
1665 2508 1810 2578 apud
1841 2506 2137 2562 Eus’ehium

564 2620 583 2651 σ
603 2600 982 2655 adumbratam
1010 2600 1158 2655 inani
1185 2599 1421 2671 quadam
1452 2616 1716 2653 manuum
1742 2599 2090 2670 impositione
2114 2620 2133 2652 ι

558 2690 846 2746 Novatiani
875 2692 1276 2747 ordinationem
1331 2692 1561 2761 appellet
1593 2691 1729 2762 (54),
1772 2706 1838 2745 eo
1880 2692 2045 2762 quod,
2080 2703 2140 2748 ut

561 2785 741 2854 inquit
774 2784 1044 2840 Henricus
1079 2784 1368 2848 Valesius,
1426 2784 1568 2838 facta
1620 2793 1766 2839 esset
1802 2784 1870 2838 ab
1917 2784 2139 2841 alterius

562 2879 857 2948 provinciae
904 2880 1211 2947 episcopis,
1256 2892 1364 2931 non
1390 2868 1465 2931 ab
1512 2877 1581 2931 iis
1637 2877 1731 2946 qui
1782 2879 2138 2933 consecrandi

562 2970 835 3040 pontilicis
867 2969 1103 3024 Romani
1140 2970 1234 3039 jus
1264 2970 1538 3024 habebant
1579 2972 1714 3042 (55).
1744 2970 1881 3027 llinc
1921 2983 2142 3041 apparet

563 3078 725 3131 quam
763 3063 1032 3118 immenso
1069 3063 1356 3118 vetustatis
1399 3063 1684 3119 intervallo
1725 3063 2137 3119 Homaeritarum

564 3155 837 3210 Eeclesias
860 3153 1182 3209 Portuensis
1212 3155 1531 3218 antecellat;
1564 3156 1769 3211 idcirco
1798 3157 1970 3225 ipsam
1998 3156 2138 3212 inter

565 3246 981 3317 antiquissimas
1008 3246 1175 3301 totius
1212 3245 1375 3300 Italiae
1407 3247 1566 3303 sedes
1598 3248 1985 3304 recensendam
2018 3261 2139 3303 esse

641 3513 752 3585 (50)
796 3513 1133 3585 Ital._sarr.,
1155 3523 1285 3568 tom.
1320 3512 1363 3578 l,
1395 3529 1516 3585 pag.
1554 3514 1587 3568 5
1624 3514 1756 3571 edit.
1794 3513 2012 3569 Venetae
2042 3531 2141 3568 an—

569 3587 621 3640 ni
659 3585 815 3655 1717.
838 3584 970 3655 pos‘t
1000 3584 1057 3638 S.
1091 3584 1434 3655 Hippolytum
1481 3584 1788 3639 Romanum
1831 3586 2141 3653 episcopum

569 3669 714 3711 anno
754 3654 858 3709 570
890 3657 1181 3727 recensuit,
1214 3654 1465 3724 quamvis
1492 3655 1789 3711 Lueentius
1819 3655 2141 3727 Gregorium

571 3728 765 3782 deinde
791 3726 1127 3795 produxerit.
1154 3772 1157 3775 λ

588 3849 598 3866 ,
640 3798 754 3860 (51)
794 3795 1091 3865 Geograph.
1117 3815 1255 3852 sacr.
1296 3796 1495 3862 Italus,
1522 3814 1575 3866 p.
1601 3796 1691 3850 47.

641 3868 754 3937 (5'2)
795 3866 995 3931 Mansi,
1034 3866 1239 3937 Conril.
1283 3878 1320 3921 t.
1353 3869 1391 3921 l.

644 3935 755 4008 (55)
794 3938 852 3991 In
879 3938 1020 3991 libro
1048 3935 1248 3993 Diurno
1270 3939 1624 3992 Romanorum
1658 3937 1986 4008 pontiﬁcum,
2011 3952 2059 3991 c.
2086 3936 2142 4005 2,

572 4006 788 4065 artieul.
816 4009 880 4072 8,
926 4008 1067 4063 ritus
1111 4010 1395 4064 ordinandi
1445 4009 1757 4077 pontilicis:
1800 4026 1819 4058 ι
1845 4006 1999 4061 Tunc
2029 4008 2147 4075 epi-

572 4095 774 4148 scopus
804 4079 1130 4148 Albancnsis
1175 4081 1269 4135 dat
1314 4081 1616 4134 orationem
1652 4079 1914 4147 primam;
1950 4078 2145 4133 deinde

573 4147 863 4218 episcopus
920 4147 1243 4205 Portuensis
1294 4151 1387 4204 dat
1447 4149 1751 4204 orationem
1803 4148 2138 4208 secundam;

575 4217 920 4289 postmodum
952 4217 1295 4273 adducuntur
1328 4219 1636 4287 Evangelia.
1672 4228 1725 4271 et
1752 4218 2069 4286 aperiuntur
2092 4228 2147 4273 et

575 4288 827 4344 tenentur
849 4302 1015 4356 super
1046 4301 1211 4356 caput
1236 4289 1391 4343 electi
1428 4307 1456 4341 a
1484 4288 1829 4343 diaconibns.
1860 4307 1877 4339 ι

649 4358 761 4428 (54)
802 4357 881 4411 En
907 4359 1071 4413 verba
1094 4359 1312 4415 Eusebii
1340 4359 1529 4412 Latine
1557 4359 1765 4413 reddita
1799 4359 1889 4411 lib.
1914 4374 1968 4410 γι
2000 4356 2141 4413 Hist.

575 4430 897 4500 ecclesiam,
928 4444 1047 4498 cap.
1078 4431 1185 4496 45,
1213 4446 1337 4500 pag.
1370 4429 1466 4483 5H
1495 4448 1507 4481 :
1552 4448 1571 4479 ‹
1602 4428 1722 4500 Eos
1750 4428 2078 4500 (episcopos)
2114 4446 2143 4482 a

568 4494 904 4569 'quibusdam
941 4494 1026 4555 sui
1065 4494 1359 4562 similibus,
1394 4514 1532 4569 quos
1577 4500 1642 4552 ad
1678 4499 1730 4553 id
1758 4494 2143 4568 ‘(Novatianum

2239 1947 2603 2020 paucissimos
2626 1962 2840 2016 semper
2866 1945 3070 2001 aluisse
3098 1943 3448 1998 habitatores.
3481 1958 3498 1992 ε
3520 1937 3635 1992 Erat
3656 1935 3763 1990 Por-

2242 2051 2330 2095 tus
2361 2038 2628 2096 Ostiensis
2656 2055 2685 2093 a
2724 2039 2951 2094 Claudio
2978 2045 3362 2100 constructus,
3396 2048 3426 2088 a
3459 2030 3669 2099 Trajano
3696 2043 3763 2082 re-

2241 2143 2486 2204 paratus,
2520 2132 2673 2203 gravi
2701 2143 2755 2187 et
2796 2130 3108 2186 inclementi
3136 2128 3251 2188 aeri
3296 2124 3576 2189 obnoxius,
3618 2131 3665 2176 et
3689 2120 3761 2190 qui

2240 2228 2606 2298 paucissimos
2653 2242 2869 2297 semper
2910 2224 3046 2280 aluit
3098 2224 3382 2294 indigenas
3432 2229 3484 2276 et
3527 2219 3759 2274 incolas.»

2195 2339 2199 2343 η
2238 2320 2398 2374 Aeris
2426 2319 2572 2373 enim
2609 2318 2971 2382 inclementia,
3004 2331 3126 2387 quae
3167 2330 3317 2369 nunc
3355 2329 3450 2383 per
3477 2326 3648 2383 agrum
3674 2308 3762 2362 llo-

2241 2428 2464 2467 manum
2492 2411 2562 2467 ob
2592 2412 2890 2483 neglectam
2929 2412 3101 2481 ipsius
3125 2410 3402 2464 culturam
3424 2408 3574 2475 longe
3592 2405 3761 2471 lateque

2247 2515 2561 2576 grassatur,
2615 2503 2671 2561 S.
2722 2504 2991 2575 Hippolyti
3049 2518 3166 2558 aevo
3219 2499 3480 2555 Romanis
3508 2496 3761 2563 exterisque

2241 2599 2484 2655 inaudita
2522 2598 2641 2654 fuit.
2673 2598 2934 2653 Minutius
2976 2596 3126 2652 Felix
3155 2594 3217 2652 S.
3255 2592 3521 2665 Hippolyti
3548 2587 3745 2661 synchro

2241 2709 2347 2748 nus
2395 2693 2793 2746 vindemiarum
2850 2701 3091 2759 tempore
3137 2704 3237 2760 per
3269 2689 3434 2744 otium
3482 2681 3666 2739 Ostiam
3699 2693 3751 2733 se

2243 2786 2407 2841 cessit
2430 2801 2554 2839 cum
2586 2783 2814 2838 Octavio
2843 2799 2906 2839 ac
2936 2783 3155 2838 Caecilio
3196 2780 3400 2846 Natali,
3433 2779 3688 2849 ipsamque
3709 2772 3759 2826 ob

2243 2877 2386 2931 aeris
2429 2877 2800 2930 salubritatem
2851 2886 3012 2945 atque
3054 2873 3402 2930 clementiam
3437 2869 3620 2925 eximie
3644 2879 3757 2920 com-

2246 2968 2485 3022 mendat.
2516 2966 2595 3021 En
2643 2968 2776 3023 tanti
2830 2967 3112 3037 scriptoris
3144 2965 3312 3021 verba
3356 2963 3500 3034 (57):
3541 2980 3559 3012 ι
3597 2957 3760 3014 Placuit

2247 3061 2453 3117 Ostiam
2488 3070 2689 3130 petere,
2718 3061 3133 3114 amoenissimam
3167 3059 3463 3119 civitatem,
3497 3052 3631 3123 quod
3656 3057 3760 3105 esse'

2247 3156 2462 3225 corpori
2490 3170 2611 3209 meo
2641 3154 2914 3210 siccandis
2944 3152 3270 3209 humoribus
3306 3152 3376 3206 de
3410 3148 3622 3204 marinis
3651 3145 3753 3198 lava-

2245 3248 2352 3303 cris
2384 3247 2582 3303 blanda
2613 3258 2666 3303 et
2710 3246 2959 3319 apposita
2991 3246 3246 3312 Curatio;
3276 3264 3295 3296 ι
3330 3252 3383 3299 et
3424 3239 3600 3313 paucis
3636 3237 3754 3291 inter.

2245 3515 2432 3570 scribit
2477 3514 2678 3568 citatus
2709 3511 2983 3580 Valesius,
3024 3511 3216 3567 nullibi
3253 3511 3410 3567 nobis
3453 3510 3668 3583 reperire
3693 3507 3764 3562 dav

2243 3594 2356 3641 tum
2388 3595 2488 3639 est.

2316 3657 2430 3726 (56)
2470 3654 2787 3708 Portucnsis
2809 3652 3066 3708 Ecclesim
3096 3655 3402 3724 antiquitas
3430 3654 3508 3726 vel
3546 3652 3688 3709 etiam
3713 3648 3764 3703 ab

2244 3724 2750 3795 eoieomprohatur,
2782 3726 2925 3795 quod
2973 3726 3378 3793 antiquissimis
3415 3724 3567 3779 etiam
3600 3732 3766 3789 tempo-

2245 3799 2396 3852 ribus
2429 3794 2723 3850 Christiani
2756 3794 2807 3848 in
2846 3795 3006 3849 Portu
3044 3794 3295 3849 Romano
3322 3797 3631 3857 exstiterint,
3659 3806 3766 3860 quo-

2242 3882 2365 3923 rum
2411 3866 2656 3921 nonnulli
2693 3866 2937 3937 martyrii
2977 3867 3213 3933 palmam
3258 3876 3388 3921 sunt
3424 3860 3763 3937 assecuti,_qui

2246 3937 2300 3992 in
2329 3937 2713 4008 Martyrologio
2749 3931 2995 4008 Remane
3024 3946 3153 3990 sunt
3200 3937 3479 4007 descripti.
3529 3931 3764 4008 διώ-Τηλ-

2241 4009 2372 4077 jano
2422 4002 2750 4077 imperatore
2785 4002 3154 4078 rliyaeinthum
3209 4002 3501 4078 martyrem
3543 4003 3762 4078 inferte

2249 4070 2740 4148 Romano-obiisse
2779 4070 2857 4131 in'
2881 4076 3273 4148 Martyrologio
3325 4070 3564 4148 Romano
3597 4075 3674 4148 die
3704 4070 3766 4148 26

2246 4148 2378 4230 ξειιίἱῄ
2405 4147 2658 4230 legimus,
2700 4148 2766 4230 de
2798 4163 2909 4230 quo
2955 4142 3117 4230 etiam
3158 4142 3279 4230 agit
3327 4142 3763 4230 Usuardustﬁdt).

2248 4214 2692 4286 Martyrologium
2720 4214 3009 4277 Fuldense.
3042 4229 3096 4273 et
3122 4214 3229 4272 aliir
3244 4220 3580 4275 recentiores.
3604 4214 3766 4286 Viden-

2248 4278 2574 4361 ρας-ϐίω·ςῖ
2602 4290 2655 4342 in
2678 4291 2955 4361 gnot_isad
2992 4288 3439 4361 Martyrologium
3482 4287 3667 4361 Adonis
3696 4282 3764 4361 die

2248 4360 2317 4412 9.6
2350 4357 2500 4419 Julii,
2534 4374 2587 4428 p.
2619 4359 2744 4424 555,
2785 4357 3167 4413 Tillemontins
3203 4357 3338 4415 toni.
3388 4361 3462 4421 ll.,
3498 4374 3547 4427 p.
3578 4357 3697 4418 575,
3722 4360 3765 4428 φὶ

2249 4423 2585 4483 Bollandiani
2639 4423 2768 4485 socii
2820 4432 2907 4484 die
2954 4429 3023 4483 ‘26
3087 4429 3224 4496 Jul.,
3271 4431 3392 4486 Act.
3451 4423 3545 4485 SS.
3597 4423 3763 4496 mensis

2248 4498 2399 4560 Julii,
2440 4514 2574 4553 tom.
2616 4498 2700 4563 Vl,
2731 4515 2850 4568 pag.
2904 4500 3008 4555 503
3047 4502 3178 4556 edit.
3210 4492 3446 4557 'Venetze
3484 4499 3601 4556 anni
3632 4492 3761 4568 l7_l9.

577 4562 1017 4643 comparaverat,
1051 4572 1316 4643 inclusos,
1337 4562 1468 4643 hora
1516 4569 1723 4623 decima
1741 4562 1788 4643 _,'
1818 4568 2144 4643 temuletttos
2182 4566 2219 4617 Ι)
2247 4569 2649 4643 Quinquaginta
2682 4562 2880 4643 tit-iiites
2912 4581 3177 4643 martyres
3205 4572 3259 4627 in
3294 4562 3763 4643 persta-titioue__Va-

578 4650 632 4693 et
654 4641 876 4710 crapula
914 4656 1225 4708 oppressos,
1253 4640 1576 4694 adumbrata
1613 4640 1869 4710 quadam,
1902 4647 1956 4691 et
1996 4640 2145 4693 inani

581 4708 840 4764 manuum
877 4710 1241 4779 impositionc,
1281 4712 1654 4780 episcopatui):
1681 4708 1782 4764 sibi
1812 4710 2025 4764 tradere
2053 4726 2147 4779 per

581 4782 800 4834 fraudes
817 4788 981 4849 atque
1010 4781 1233 4837 insidias
1257 4780 1545 4835 vindieat.»
2069 4806 2093 4825 υ

652 4851 766 4919 (55)
806 4850 863 4904 ln
898 4851 1042 4904 notis
1069 4853 1135 4906 ad
1176 4852 1321 4906 hunc
1352 4853 1527 4905 locum
1558 4869 1571 4905 :
1612 4869 1631 4902 ‹
1662 4849 2051 4905 Adumbratam
2093 4858 2148 4905 et

581 4936 795 4975 caSsam
828 4921 974 4974 illam
1007 4922 1293 4976 Novatiani
1323 4922 1719 4976 ordinationem
1759 4930 1918 4975 vocat
1942 4920 2147 4975 Corne-

581 4993 708 5055 lius,
740 4990 885 5059 quod
920 4990 1057 5046 facta
1088 5003 1230 5047 esset
1259 4993 1327 5045 ab
1355 4993 1579 5047 alterius
1609 4992 1901 5061 provinciae
1929 4991 2144 5060 episco-

579 5064 687 5131 pis,
725 5078 830 5114 non
859 5062 927 5115 ab
959 5061 1026 5117 iis
1065 5064 1157 5130 qui
1197 5064 1553 5117 consecrandi
1598 5064 1824 5117 Romani
1874 5062 2145 5130 pontiﬁcis

578 5133 669 5202 jus
696 5132 995 5197 habebant;
1025 5133 1293 5202 ejusmodi
1325 5143 1443 5187 erat
1477 5132 1766 5199 Ostiensis,
1803 5132 2140 5197 Tiburtinus,

582 5213 635 5256 et
668 5202 782 5264 alii,
814 5224 832 5254 ι
861 5212 967 5259 etc.
996 5202 1067 5257 De
1098 5205 1201 5257 ritu
1234 5205 1586 5259 consecrandi
1615 5204 1846 5258 Romani
1876 5203 2146 5273 pontiﬁcis

582 5275 652 5327 al)
706 5274 1013 5342 episcopis,
1060 5275 1199 5329 inter
1245 5291 1383 5344 quos
1430 5274 1749 5329 Portuensis
1802 5284 2142 5344 numeratur,

582 5346 844 5414 legendus
871 5346 1217 5401 Christianus
1244 5342 1426 5415 Lupus
1456 5348 1615 5415 Oper.
1655 5356 1789 5399 tom.
1828 5342 1916 5410 Vl,
1948 5361 2002 5415 p.
2040 5346 2144 5399 515

580 5424 637 5483 et
665 5429 843 5483 seqq.,
870 5416 961 5469 ubi
993 5417 1101 5481 agit
1131 5417 1199 5472 de
1245 5417 1604 5472 conciliabulo
1643 5416 1978 5481 Brixinensi,
2011 5417 2141 5470 edit.

581 5482 802 5539 Veneta:
827 5487 956 5539 anni
988 5487 1147 5550 1725,
1192 5497 1245 5541 et
1272 5489 1562 5541 Gatalanus
1603 5488 1656 5541 in
1699 5487 2057 5542 Commentar.
2089 5487 2146 5539 in

581 5572 790 5610 cazrent.
823 5568 1022 5610 sancta:
1046 5557 1294 5629 (famame
1323 5557 1594 5623 Eceiesiaz,
1622 5559 1714 5612 lih.
1746 5575 1782 5622 t,
1807 5557 1936 5629 με,
1961 5575 2014 5627 p.
2042 5557 2143 5629 169

581 5637 637 5680 et
661 5643 837 5695 seqq"
879 5629 1006 5680 edit.
1051 5627 1237 5682 Romae
1268 5630 1397 5682 anni
1428 5629 1585 5693 1756,
1623 5627 1826 5697 aliique
1866 5628 2140 5698 permulti,

584 5713 723 5766 quos
750 5700 979 5752 libenter
1003 5700 1360 5768 praeterimus.
1389 5700 1481 5768 qui
1509 5700 1575 5757 de
1606 5715 1662 5754 re
1693 5700 1827 5753 satis
1873 5711 1998 5753 nota
2031 5714 2145 5752 ser-

582 5781 803 5839 monem
852 5769 1225 5825 instituerunt.
1287 5769 1630 5824 Tiburtinum
1686 5770 2002 5839 episcopum
2051 5769 2144 5839 jus

586 5835 844 5893 habuisse
893 5839 947 5893 in
999 5842 1407 5897 consecratione
1462 5840 1689 5895 Romani
1721 5835 2144 5910 pontiliris,'ut

2250 4635 2439 4695 leriani
2477 4635 2528 4692 in
2556 4639 2660 4694 Per
2689 4658 2719 4694 u
2764 4640 3008 4694 liuntano
3045 4635 3260 4697 occisos
3296 4635 3462 4698 refert
3495 4642 3620 4696 idem
3645 4635 3765 4690 Maro

2246 4712 2574 4783 tyrol0gium
2619 4710 2926 4783 Romanum
2942 4713 3043 4783 die
3081 4712 3114 4766 8
3153 4712 3307 4778 Julii,
3353 4724 3402 4767 et
3434 4713 3516 4766 die
3553 4711 3609 4764 l5
3644 4708 3763 4776 ejus-

2247 4781 2368 4836 dem
2400 4783 2453 4834 in
2478 4782 2668 4836 eodem
2715 4781 2880 4836 Portu
2941 4781 3187 4838 llotnano
3242 4785 3440 4841 natalis
3492 4788 3760 4836 sanctorum

2247 4860 2548 4923 martyrum
2580 4851 2860 4923 Eutr-epii,
2916 4852 3148 4908 Zosima:
3183 4866 3237 4910 ct
3290 4848 3514 4908 Bonosa:
3550 4858 3759 4923 sorgrum

2247 4917 2592 4995 describitur.
2658 4917 2789 4977 Item
2848 4923 2921 4979 9.2
2974 4925 3208 4994 Augusti
3268 4925 3323 4979 in
3397 4923 3576 4995 eodem
3624 4917 3759 4995 Βυξζιυ

2247 4992 2495 5066 [ioniano
2525 4994 2786 5066 memoria
2814 4987 3125 5066 sanctoruin
3179 5006 3474 5066 martyrum
3520 4987 3758 5066 Martialis.

2250 5063 2553 5126 Saturnini,
2581 5064 2842 5136 Epicteti,
2876 5063 3118 5136 illaprilis
3148 5079 3202 5121 et
3253 5063 3445 5136 Felicis
3481 5078 3595 5136 cunt
3624 5063 3759 5113 sociis

2246 5151 2460 5198 eorum,
2494 5126 2743 5190 habetur.
2779 5126 3027 5193 secunda
3056 5134 3233 5192 Martii
3270 5138 3323 5201 in
3364 5135 3521 5190 Portu
3548 5126 3758 5201 Romano

2247 5215 2464 5278 sanctos
2491 5215 2757 5278 martyres
2790 5205 3040 5273 Paulum,
3072 5198 3404 5273 Heracliam,
3436 5198 3757 5278 Secundilla!!!

2247 5286 2301 5331 et
2352 5266 2671 5329 Januarium
2722 5289 2936 5333 notatos
3000 5266 3354 5343 invenimus;
3390 5266 3495 5331 'die
3537 5266 3755 5328 ﬂuuii

2248 5345 2673 5421 S._Virrcerntiunr
2700 5361 3008 5421 [ttat-tyrem,
3027 5357 3081 5403 et
3101 5352 3286 5419 quinta
3307 5347 3531 5421 denique
3551 5344 3758 5421 Septemj

2244 5418 2657 5492 bris__sanctum
2699 5409 3550 5492 Herc-Hilarium_:martyrem.'_De
3589 5409 3754 5492 ειςξιίϋιξε

2245 5488 2501 5543 omnibus
2523 5490 2730 5559 legendi
2750 5501 2877 5546 sunt
2904 5491 3068 5556 Beda,
3090 5485 3390 5556 Usuardus,
3407 5490 3540 5553 Ado,
3563 5485 3751 5559 aliiqtm.

2244 5573 2493 5631 necnon
2523 5559 2797 5631 Batonius
2824 5563 2879 5617 in
2922 5566 3066 5618 notis
3099 5563 3167 5617 ad
3198 5559 3753 5631 Martyrologimmvo-

2245 5630 2479 5701 ntinicus
2504 5629 2693 5701 Giorgi
2731 5633 2785 5687 in
2833 5634 2946 5689 suis
2976 5634 3045 5687 ad
3090 5634 3294 5689 Adonis
3330 5628 3749 5701 Μετιγωιοέρμωο

2247 5648 2479 5685 ιηιιιιευε
2504 5648 2638 5696 mor
2679 5649 2693 5684 ι
2731 5650 2785 5687 ιη
2833 5650 2946 5689 suis
2976 5648 3045 5687 au
3090 5648 3294 5689 Adonis
3330 5648 3749 5701 martyrem-gnum.

2247 5697 2510 5776 Sol_l_er_i_us
2543 5703 2609 5776 ad
2642 5648 3091 5774 glartyrologium
3140 5704 3370 5760 Usuardi
3407 5692 3751 5776 notatiottiblisv

2244 5780 2297 5826 et
2332 5769 2669 5844 Holiandiani
2703 5765 2837 5830 socii
2867 5775 2920 5827 in
2947 5765 3202 5844 superius
3236 5765 3721 5844 recensitisgligbus'

2316 5842 2427 5914 (57)
2472 5841 2500 5913 §
2528 5843 2583 5909 ἓν
2613 5860 2733 5913 pag.
2762 5845 2828 5899 44
2852 5847 2977 5902 edit.
3009 5835 3363 5913 Cantabrigi-.c
3390 5858 3476 5897 an.
3506 5835 3624 5894 1707
