3966 6344
250 344 363 403 557

1056 348 1145 406 DE
1184 348 1576 409 PORTUENSI
1613 350 1669 407 S.
1712 334 2077 407 HlPPOLYTl
2115 349 2307 406 SEDE.
2340 382 2410 393 —-
2441 348 2623 406 PARS
2660 350 2721 405 ll.

3391 351 3494 408 533

240 470 406 539 jectis
434 488 449 524 :
485 486 506 520 ι
535 467 725 541 Itaque
748 485 871 527 cum
902 471 1141 528 diluculo
1162 473 1231 530 ad
1260 487 1412 530 mare
1431 473 1820 529 inambulando
1849 476 1895 534 Α
1919 489 2041 544 quae
2068 474 2136 530 de
2164 472 2482 543 huiusmodi
2509 471 2863 543 antiquorum
2885 472 3130 543 collegiis
3154 471 3259 530 viri
3288 472 3494 529 doctis-

244 562 427 617 littore
454 577 830 633 pergeremus,
854 573 914 621 ut
935 575 987 620 et
1008 581 1141 620 aura
1164 566 1414 635 aspirans
1433 565 1624 621 leniter
1644 581 1820 622 mem-

241 655 343 710 bra
374 664 671 726 vegetaret,
698 668 753 711 et
778 672 902 712 cum
930 658 1127 713 eximia
1161 658 1435 729 voluptate
1470 660 1622 715 molli
1654 662 1821 717 vesti-

242 748 333 819 gio
382 749 590 803 cedens
617 764 779 804 arena
828 749 1212 806 subsisteret...
1243 770 1263 802 ›
1316 749 1606 820 Perpensis
1655 752 1821 823 igitur

241 838 463 894 eximiis
506 840 658 896 hisce
690 839 903 897 Minutii
928 843 1128 908 verbis,
1157 843 1281 913 quis
1314 858 1555 913 unquam
1577 844 1644 898 de
1673 844 1823 899 salu-

241 930 443 985 britate
473 929 673 988 Portus
698 930 928 988 Romani
960 932 1125 989 Ostia:
1153 934 1366 989 ﬁnitimi
1398 943 1542 991 recte
1573 935 1824 991 dubitare

240 1024 493 1093 poterit?
528 1023 868 1097 Quapropter
893 1027 1016 1097 jure
1063 1042 1127 1081 ac
1166 1029 1364 1084 merito
1400 1028 1639 1084 Iacobus
1678 1027 1820 1083 Gro-

240 1117 444 1170 novius
492 1118 932 1186 patentissimum
979 1117 1180 1191 Moynii
1230 1119 1444 1190 lapsum
1496 1120 1724 1191 castigat
1766 1118 1820 1173 in

240 1211 387 1263 notis
411 1210 482 1265 ad
512 1210 658 1265 hunc
691 1211 903 1265 Minutii
937 1213 1117 1267 locum
1145 1213 1229 1268 his
1248 1214 1461 1269 verbis:
1491 1231 1509 1265 ι
1532 1213 1669 1268 Cum
1693 1228 1822 1267 vero

239 1300 454 1357 Ostiam
490 1302 568 1358 ita
601 1304 879 1359 cernimus
907 1305 975 1359 ab
998 1314 1223 1361 auctore
1249 1305 1601 1376 descriptam,
1630 1317 1689 1361 ut
1713 1321 1822 1360 non

237 1394 409 1449 modo
462 1396 898 1451 amoenissimam
939 1412 1140 1452 vocare
1179 1398 1471 1463 censuerit,
1516 1398 1611 1452 sed
1657 1399 1821 1452 etiam

236 1489 747 1557 commendaverit;
776 1500 891 1546 tum
933 1506 963 1545 a
1001 1492 1230 1548 marinis
1273 1493 1516 1556 balneis,
1545 1499 1660 1546 tum
1694 1506 1823 1545 vero

237 1581 305 1636 ab
335 1596 521 1647 aura;
570 1583 699 1638 hinc
740 1582 894 1638 fateri
935 1599 1122 1655 cogor,
1155 1599 1241 1639 me
1271 1588 1518 1651 nescire,
1570 1599 1639 1639 an
1683 1583 1822 1638 ratio

236 1689 337 1729 sua
400 1675 715 1731 constiterit
771 1676 1144 1731 eruditissimo
1210 1677 1483 1747 quondam
1535 1685 1727 1732 nostro
1774 1675 1822 1730 le

235 1765 459 1837 )loyne,
495 1783 621 1823 cum
645 1767 700 1821 in
726 1765 1129 1841 Prolegomenis
1159 1770 1225 1825 ad
1258 1767 1422 1823 Varia
1447 1786 1620 1834 sacra,
1649 1784 1705 1839 p.
1726 1767 1816 1832 ΞΟ,

236 1859 504 1929 scripsit:
549 1857 736 1929 «,Erat
791 1858 989 1916 Portus
1036 1859 1304 1916 Ostiensis
1353 1877 1383 1917 a
1415 1860 1643 1916 Claudio
1692 1876 1825 1916 con-

242 1968 260 1998 ι
298 1958 582 2012 structus,
633 1965 662 2003 a
716 1948 953 2020 Traiano
998 1960 1314 2020 reparatus,
1366 1950 1515 2021 gravi
1562 1960 1617 2006 et
1657 1952 1824 2006 incle-

240 2060 260 2091 ι
301 2041 482 2095 menti
512 2042 625 2096 aeri
653 2042 958 2107 obnoxius,
990 2052 1044 2097 et
1072 2042 1164 2112 qui
1212 2042 1573 2113 paucissimos
1614 2056 1827 2112 semper

241 2150 259 2185 ι
298 2134 449 2187 aluit
508 2134 792 2204 indigenas
839 2143 894 2189 et
942 2135 1169 2190 incolas.
1202 2152 1221 2186 ι
1272 2135 1449 2190 Credo
1495 2132 1828 2204 frequentio-

238 2240 352 2279 rem
389 2223 611 2279 Ostiam
644 2225 835 2294 fuisse,
862 2241 965 2282 nec
1002 2235 1186 2281 tamen
1235 2225 1566 2297 Procopius,
1612 2238 1705 2281 aut
1735 2227 1825 2282 alii

235 2315 486 2378 Ostiam,
522 2318 607 2372 vel
653 2316 874 2372 Portum
923 2320 1003 2374 sic
1039 2319 1370 2390 deprimunt.
1398 2338 1416 2371 ι
1454 2317 1579 2373 Hac
1617 2317 1827 2375 Grono-

234 2409 384 2460 vius.
426 2405 634 2462 Verum
671 2408 716 2463 si
750 2409 872 2478 quis
914 2424 1027 2463 rem
1056 2410 1218 2465 altius
1243 2408 1568 2479 disquirere,
1598 2416 1652 2464 et
1683 2408 1826 2464 aeris

236 2499 617 2554 inclementia:
670 2500 932 2569 originem
959 2542 974 2565 ,
1022 2493 1143 2569 qua
1175 2515 1322 2555 nunc
1373 2515 1500 2571 ager
1544 2498 1825 2557 Romanus

232 2592 488 2657 laborat,
518 2593 849 2660 perscrutari
872 2592 1048 2659 vellet,
1078 2594 1240 2662 legat,
1277 2593 1323 2648 si
1356 2592 1525 2658 lubet,
1548 2592 1823 2647 eruditum

232 2681 477 2738 Joannis
505 2682 757 2753 Baptistae
778 2683 933 2740 Donii
959 2685 1201 2740 libellum
1224 2684 1296 2739 De
1314 2684 1687 2739 insalubrilate
1709 2686 1825 2755 agri

235 2775 514 2840 Romani,
565 2786 621 2829 et
669 2776 1057 2846 sapientissimi
1127 2776 1230 2830 viri
1283 2775 1611 2832 Ferdinandi
1673 2779 1822 2833 card.

233 2868 432 2940 Nuptii
457 2868 901 2939 disquisitionem
927 2868 1005 2923 De
1033 2868 1258 2923 Romani
1286 2871 1402 2940 agri
1436 2869 1644 2924 cultura
1674 2872 1828 2924 resti-

235 2959 489 3013 tuenda:
534 2958 681 3029 quod
736 2973 869 3012 vero
919 2960 1238 3029 paucissimi
1297 2960 1555 3015 mortales
1602 2960 1823 3015 Portam

234 3048 565 3104 Romanum
616 3058 746 3103 tunc
793 3048 1054 3119 temporis
1100 3049 1430 3116 habitarent,
1467 3051 1569 3107 hoc
1619 3054 1825 3106 nemini

234 3144 487 3214 probare
510 3141 707 3212 poterit
736 3138 1013 3212 Moynius;
1039 3141 1165 3210 quis
1193 3141 1339 3195 enim
1369 3142 1469 3197 sibi
1500 3144 1825 3213 persuadeat
1852 3176 1896 3235 Ο

234 3235 673 3292 celeberrimum
706 3233 891 3289 mundi
922 3244 1138 3304 portum
1164 3233 1229 3287 ad
1254 3249 1413 3305 quem
1447 3251 1670 3301 merces,
1703 3251 1825 3306 qua:

234 3342 300 3383 ex
335 3337 466 3382 toto
495 3336 767 3380 terrarum
798 3326 935 3381 orbe
983 3324 1214 3381 Romam
1263 3328 1501 3397 gentium
1548 3328 1824 3391 dominam

234 3420 781 3492 comportabantur,
814 3419 1084 3489 appellere
1117 3434 1342 3475 necesse
1383 3431 1520 3486 erat,
1563 3422 1698 3477 adeo
1740 3422 1825 3475 in-

233 3514 382 3569 colis
414 3511 766 3575 destitutum,
816 3522 876 3565 ut
904 3511 1265 3581 paucissimos
1309 3521 1517 3567 tantum
1572 3515 1827 3570 mortales

234 3606 454 3661 aluisse
477 3605 808 3659 credendum
830 3604 942 3658 sit?
976 3602 1031 3657 Si
1056 3605 1307 3673 antiquos
1332 3605 1538 3674 lapides
1566 3606 1828 3676 tantisper

235 3696 616 3760 consulimus,
645 3711 754 3749 non
780 3695 1011 3764 exiguus
1046 3696 1225 3749 statim
1250 3694 1533 3750 hominum
1568 3713 1827 3753 numerus

237 3789 503 3859 emergit,
540 3788 634 3857 qui
670 3787 904 3857 publicis
944 3787 1324 3842 tantummodo
1369 3786 1569 3842 Portus
1593 3787 1825 3843 Romani

240 3882 446 3937 usibus
470 3879 729 3935 destinati
761 3878 934 3943 fuere,
968 3894 1201 3948 quorum
1230 3896 1481 3950 corpora,
1509 3880 1624 3936 sive
1665 3882 1827 3936 colle-

239 3974 331 4045 gia
366 3974 426 4028 in
463 3973 661 4027 iisdem
692 3973 1061 4027 monumentis
1084 3987 1225 4043 saepe
1254 3980 1648 4042 memorantur,
1683 3975 1832 4029 scili-

240 4076 329 4123 cet
372 4065 696 4131 fabrorum,
748 4066 1104 4134 tignariorum
1129 4106 1144 4131 ,
1192 4063 1585 4132 ferrariorum,
1621 4067 1830 4121 tabula-

240 4161 485 4222 riorum,
519 4174 859 4221 mensorum,
904 4157 1181 4213 fabrorum
1217 4159 1490 4213 navalium
1519 4159 1656 4229 (58),
1695 4160 1830 4214 alio-

243 4267 512 4322 rumque,
544 4266 776 4320 quorum
803 4265 1091 4305 numerum
1126 4265 1191 4304 ex
1216 4250 1283 4305 iis
1310 4250 1563 4321 colligere
1608 4250 1690 4305 fas
1721 4260 1827 4319 est,

318 4471 445 4541 (58)
486 4469 629 4537 Lege
664 4469 950 4525 Gruterum
982 4487 1036 4541 p.
1061 4472 1187 4537 457,
1224 4488 1377 4526 ηιιπι.
1405 4472 1460 4537 2,
1499 4473 1590 4527 ubi
1626 4474 1680 4528 in
1710 4475 1826 4530 basi

248 4552 452 4596 statuae
477 4550 704 4609 repertae
725 4557 812 4595 an.
840 4542 978 4596 1590
999 4541 1194 4597 Ostize:
1233 4543 1486 4596 Fabrum.
1517 4543 1826 4600 Navalium.

249 4612 504 4666 Partem.
557 4610 777 4680 Corpus.
840 4610 1096 4666 Fabrum.
1156 4611 1445 4665 Navalium
1498 4614 1725 4670 Ostiens.
1776 4626 1830 4671 et

246 4698 300 4751 p.
325 4682 462 4743 562,
482 4699 539 4736 η.
567 4681 589 4732 l
618 4699 637 4753 ς
664 4679 947 4753 Mensores.
980 4682 1112 4736 Nos.
1134 4683 1469 4753 Partuenses.
1491 4685 1632 4753 quib.
1660 4696 1824 4741 vetus.

250 4744 352 4824 fuit
403 4768 547 4824 cum.
601 4750 938 4824 Caudicariis
978 4752 1355 4824 Diuturnumq.
1403 4744 1710 4809 Luétamen.
1755 4756 1830 4812 De

251 4822 504 4895 collegiis
553 4823 939 4895 suprascriptis
984 4825 1150 4879 multa
1185 4822 1423 4895 reperies
1456 4827 1597 4895 apud
1629 4825 1827 4881 Grute-

254 4907 378 4946 rum
406 4893 657 4963 aliosque
688 4893 1101 4963 inscriptionum
1133 4894 1469 4950 collectores.

327 4963 451 5034 (59)
484 4961 608 5034 Lib.
643 4978 751 5024 xw.
776 4961 880 5034 itit.
906 4962 1010 5034 22,
1055 4965 1161 5034 leg.
1190 4965 1214 5017 l
1241 5005 1257 5029 ,
1304 4978 1424 5034 pag.
1459 4964 1586 5033 294,
1624 4974 1758 5020 tom.
1784 4967 1828 5023 V

251 5034 390 5086 edit.
431 5032 629 5102 Lipsize
659 5033 785 5086 anni
821 5033 980 5088 1741.
1012 5034 1083 5088 De
1112 5032 1438 5089 caudicatiis
1470 5047 1523 5090 et
1553 5032 1828 5091 mensori-
1876 5070 1882 5075 -

255 5103 358 5158 bus
372 5102 769 5175 Portuettsibns
790 5105 967 5174 agitur
989 5104 1174 5159 eodem
1207 5106 1301 5160 lib.
1328 5122 1436 5170 xiv,
1465 5107 1544 5160 tit.
1564 5107 1616 5164 4.
1643 5108 1746 5175 leg.
1771 5109 1846 5172 9,‘

255 5187 383 5296 pag.
413 5172 544 5233 200,
578 5175 667 5227 ubi
706 5172 966 5243 legeque:
998 5176 1101 5229 hoc
1140 5176 1261 5231 loco
1289 5186 1341 5231 et
1381 5178 1509 5231 alibi
1546 5194 1575 5231 a
1619 5172 1827 5233 Gotho-

280 5246 413 5296 redo
446 5243 797 5296 adnotantur.

280 5243 413 5298 retlo
446 5243 797 5298 adnotantur.

330 5314 443 5383 (60)
476 5313 544 5367 In
566 5313 842 5378 Paratitl.,
864 5313 959 5369 lib.
984 5331 1095 5381 xw,
1129 5316 1210 5370 tit.
1234 5315 1419 5386 l,lege
1438 5316 1487 5381 Ι,
1512 5317 1578 5371 de
1609 5319 1824 5380 suariis,

256 5386 555 5453 pecuariis.
591 5386 1088 5458 ct__susceptor_ibus
1117 5387 1249 5453 vini,
1280 5389 1600 5458 caeteristu
1628 5405 1827 5458 corpo-

260 5452 418 5519 ralis,
453 5464 587 5509 tom.
630 5452 695 5515 ν,
721 5452 999 5525 pag.7188.

334 5527 447 5593 (ut)
489 5525 615 5596 Lib.
646 5541 754 5596 διν,
798 5527 880 5579 tit.
915 5526 1005 5590 23,
1039 5526 1140 5596 leg.
1181 5526 1231 5590 l,
1278 5527 1332 5581 in
1373 5528 1561 5582 eodem
1598 5538 1728 5582 tom.
1760 5528 1826 5593 ν,

574 5593 706 5649 Vide
732 5598 893 5649 etiam
930 5612 1051 5665 qum
1080 5593 1262 5652 hocin
1306 5600 1426 5654 loco
1462 5599 1828 5657 Gothofredus

290 5682 401 5719 [all
443 5684 456 5719 ι
489 5705 503 5719 .

290 5682 503 5720 ιειιιαιι.

337 5738 444 5794 (6:!)
488 5737 544 5789 In
578 5736 723 5789 notis
760 5735 825 5790 ad
873 5736 1095 5791 citatum
1144 5739 1323 5794 locum
1370 5727 1577 5794 Minutii
1609 5739 1824 5802 Felicis,

275 5802 304 5876 ς
349 5807 399 5863 2.
447 5807 764 5876 Scrapidcm
809 5821 919 5862 non
948 5807 1105 5878 longe
1155 5824 1185 5863 a
1234 5807 1400 5871 Porlu
1465 5808 1712 5867 Romano
1760 5813 1827 5867 ad

1925 563 2051 618 simi
2090 563 2450 619 tradiderunt.
2497 561 2595 619 His
2626 562 2791 618 etiam
2831 563 3094 635 iungendi
3131 574 3259 620 sunt
3303 566 3491 620 caudi-

1926 654 2083 721 carii,
2119 654 2346 711 saccarii
2376 654 2576 710 Portus
2611 653 2829 720 Romae,
2873 670 3108 726 quorum
3150 655 3355 710 mentio
3400 655 3495 710 ha-

1923 747 2083 802 betur
2109 747 2165 802 in
2195 746 2386 801 Codice
2414 746 2803 804 Theodosiano
2838 746 2976 817 (59).
3005 744 3212 802 Horum
3261 760 3495 816 corpora

1924 852 2217 892 numerosa
2272 836 2442 892 fuisse
2482 846 2628 891 recte
2683 845 2869 891 monet
2916 834 3155 892 Jacobus
3190 835 3496 892 .Gothofre-

1923 928 2026 985 dus
2073 926 2208 999 (60),
2254 937 2444 999 utpote
2497 928 2590 998 qui
2642 942 2921 983 annonam
2976 927 3222 997 aliasque
3282 942 3496 983 merces

1928 1018 2088 1077 Urbis
2129 1022 2321 1076 usibus
2366 1021 2667 1076 destinatas
2705 1021 2883 1076 saccis
2906 1029 2961 1076 et
2998 1020 3308 1077 minoribus
3343 1021 3497 1075 navi-

1923 1115 2027 1183 giis
2064 1115 2442 1185 asportabant.
2478 1115 2790 1185 Praecipuos
2843 1115 3009 1169 etiam
3055 1114 3408 1186 magistratus
3438 1114 3494 1168 in

1923 1204 2091 1260 Portu
2119 1205 2367 1259 Romano
2398 1206 2699 1261 destinatos
2720 1205 2881 1261 nobis
2904 1204 3213 1275 suppeditat
3238 1205 3499 1260 idemmet

1924 1298 2101 1355 Codex
2135 1298 2574 1366 Tlteodosianus,
2596 1299 2651 1354 in
2687 1314 2797 1370 quo
2840 1308 3022 1354 exstat
3064 1299 3261 1355 titulus
3291 1297 3370 1354 De
3401 1315 3499 1370 pa-

1925 1391 2091 1444 tronis
2148 1392 2461 1445 horreorum
2506 1389 2883 1444 Portueusium
2926 1388 3075 1460 (6i),
3115 1389 3208 1459 qui
3268 1405 3499 1443 annona:

1924 1492 2223 1554 praeerant;
2276 1493 2657 1552 procuratores
2699 1481 2901 1538 Portus
2932 1480 3202 1538 Ostiensis
3240 1481 3499 1537 exhibent

1923 1576 2086 1631 etiam
2123 1576 2360 1645 antiquae
2401 1576 2820 1646 inscriptiones;
2863 1575 3176 1630 sacerdotes
3220 1574 3498 1644 Serapidis

1924 1667 2074 1722 cultu
2112 1668 2452 1736 mancipatus
2479 1667 2712 1737 legimus
2746 1666 2800 1720 in
2843 1682 3008 1736 supra
3043 1666 3261 1727 laudata
3301 1664 3499 1720 inscri-

1924 1759 2110 1828 ptione
2153 1759 2295 1829 apud
2336 1757 2600 1828 Sponium
2626 1800 2642 1824 ,
2682 1758 2841 1829 cujus
2882 1760 3173 1830 genuinam
3209 1759 3497 1813 lectionem

1926 1853 2198 1908 immerito
2221 1854 2273 1907 in
2295 1852 2520 1907 dubium
2548 1863 2742 1907 vocant
2772 1851 3042 1918 nonnulli,
3066 1851 3159 1922 qui
3183 1866 3281 1921 pro
3306 1849 3497 1917 Porm,

1926 1945 2155 2001 Pontum
2198 1946 2484 2016 legendum
2532 1959 2655 1999 esse
2701 1952 3022 2007 autumant,
3073 1943 3223 1997 nullo
3277 1942 3498 2013 quidem

1924 2039 2153 2095 rationis
2189 2046 2490 2103 momento,
2524 2052 2636 2108 quo
2681 2036 2916 2107 primam
2967 2036 3163 2106 Sponii
3207 2035 3495 2090 lectionem

1925 2125 2319 2180 immutandam
2347 2140 2467 2180 esse
2496 2124 2670 2180 doctis
2695 2124 2827 2178 viris
2860 2124 3239 2194 persuadeant.
3261 2122 3495 2184 Etenim,

1925 2226 1986 2273 ut
2017 2217 2151 2272 scite
2176 2217 2431 2272 observat
2457 2214 2697 2272 Jacobus
2730 2214 3191 2287 Gronovius(62),
3222 2214 3497 2285 Serapidis

1927 2311 2186 2380 templum
2241 2324 2350 2363 non
2404 2310 2568 2365 modo
2617 2311 2759 2380 apud
2829 2310 3160 2379 Sinopenses
3210 2310 3263 2365 in
3322 2310 3498 2365 Ponto

1924 2402 2148 2468 exstitit,
2174 2417 2361 2456 verum
2386 2403 2551 2456 etiam
2592 2418 2701 2456 non
2740 2403 2900 2473 longe
2943 2418 2974 2457 a
3013 2402 3181 2458 Portu
3224 2402 3495 2469 Romano,

1923 2496 2386 2567 quemadmodum
2426 2512 2489 2552 ex
2538 2496 2770 2552 Minutio
2807 2498 3162 2563 deducimus,
3205 2497 3298 2567 qui
3334 2495 3496 2552 Sera—

1924 2588 2066 2658 pidis
2098 2588 2451 2644 simulacrum
2483 2604 2593 2644 non
2640 2589 2800 2660 longe
2841 2591 2911 2645 ab
2964 2588 3118 2646 Ostia
3165 2600 3502 2645 commemo-

1926 2690 2030 2735 rat.

1997 2772 2055 2829 S.
2081 2772 2464 2846 Hieronymus,
2490 2773 2543 2827 in
2574 2773 2802 2845 epistola
2835 2773 2898 2827 ad
2918 2772 3326 2827 Pammachium
3362 2770 3497 2842 (65),

1926 2869 2330 2925 xenodochium
2387 2868 2454 2923 ab
2507 2869 2613 2922 hoc
2656 2867 3003 2924 nobilissimo
3050 2867 3168 2921 viro
3225 2867 3278 2920 in
3332 2865 3499 2919 Portu

1926 2960 2177 3016 Romano
2218 2969 2556 3015 exstructum
2616 2968 2904 3013 memorat.
2943 2956 3003 3012 S.
3033 2957 3360 3012 Ambrosius
3387 2957 3500 3027 (64)

1928 3069 2111 3122 operas
2135 3052 2449 3106 Portuenses
2476 3051 2742 3113 nominat,
2774 3060 2828 3104 et
2852 3050 3248 3120 Philostorgius
3271 3050 3407 3119 (65),
3435 3050 3502 3103 de

1926 3145 2145 3200 Alarico
2177 3145 2427 3215 loquens,
2465 3142 2557 3212 qui
2602 3141 2826 3198 Portum
2860 3142 3166 3197 Romanum
3214 3151 3268 3195 et
3309 3142 3501 3195 urbem

1927 3238 2098 3309 ipsam
2140 3235 2494 3291 Portuensem
2535 3238 2653 3292 dira
2689 3237 2976 3291 obsidione
3010 3235 3230 3297 devicit,
3264 3235 3379 3289 hate
3416 3234 3504 3287 in-

1926 3331 2077 3399 quit:
2121 3348 2138 3380 t
2172 3328 2271 3384 llic
2315 3346 2447 3385 vero
2495 3327 2787 3384 confestim
2821 3328 3046 3381 Portum
3088 3327 3395 3397 occupavit.
3446 3327 3501 3380 ld

1928 3431 2109 3475 autem
2144 3431 2227 3477 est
2271 3422 2572 3475 maximum
2624 3421 2823 3475 navale
2876 3421 3029 3475 urbis
3086 3419 3297 3484 Romae,
3327 3418 3504 3473 tribus

1927 3514 2195 3584 portubus
2220 3523 2499 3581 constans,
2519 3524 2573 3568 et
2604 3513 2658 3567 in
2680 3529 2860 3583 parvae
2896 3513 3046 3568 urbis
3074 3511 3502 3582 magnitudinem

1929 3614 2237 3660 extensum.
2271 3624 2289 3658 ι
2340 3605 2638 3676 Procopius
2669 3606 2804 3675 (66),
2845 3605 2940 3674 qui
2975 3604 3115 3658 bello
3158 3604 3390 3659 Gothico
3417 3603 3504 3657 itt-

1928 3698 2190 3753 terfuitet
2216 3697 2441 3753 Portum
2478 3697 2784 3752 Romanum
2806 3712 3048 3767 praesens
3076 3696 3262 3751 forsan
3296 3697 3501 3761 invisit,

1928 3788 2292 3843 disertissime
2322 3786 2551 3842 testatur
2582 3789 2726 3857 apud
2754 3788 3006 3843 eumdem
3037 3787 3227 3842 urbem
3270 3787 3441 3842 fuisse
3469 3803 3501 3841 a

1930 3879 2195 3935 Romanis
2240 3879 2555 3934 conditam:
2593 3898 2613 3931 ι
2655 3879 2807 3935 Ultra
2863 3880 3010 3936 istud
3058 3895 3141 3946 os,
3207 3879 3273 3934 ad
3325 3880 3501 3949 ripam

1929 3972 2212 4044 (Tiberis)
2261 3971 2626 4027 condiderunt
2671 3973 2859 4027 urbem
2909 3973 3040 4027 olim
3075 3971 3333 4036 Romani,
3380 3988 3503 4041 quae

1929 4064 2205 4119 moenibus
2226 4062 2406 4118 cincta
2434 4071 2516 4117 est
2550 4062 2934 4127 validissimis,
2972 4061 3247 4130 ductoque
3278 4076 3307 4114 a
3341 4069 3501 4129 portu

1929 4155 2197 4210 vocabulo
2226 4152 2422 4208 Portus
2446 4154 2665 4209 dicitur.
2697 4151 2849 4207 Hanc
2871 4148 3143 4207 civitatem
3178 4168 3209 4207 a
3235 4150 3503 4220 Procopio

1929 4255 2287 4301 memoratam
2342 4244 2546 4301 inlimis
2603 4247 2766 4300 etiam
2827 4245 3167 4315 temporibus
3231 4244 3506 4299 exstitisse

1933 4473 2104 4529 maris
2122 4473 2276 4528 littus
2298 4471 2654 4529 simulacrum
2684 4470 2964 4535 habuisse,
2990 4471 3105 4540 ipse
3130 4469 3391 4525 Minutius
3418 4471 3506 4527 his

1935 4546 2117 4600 verbis
2148 4553 2382 4599 testatur
2408 4544 2597 4597 eodeni
2650 4544 2806 4596 loco:
2847 4561 2865 4592 ι
2907 4542 3159 4596 Caecilius
3210 4542 3506 4597 simulacro

1940 4614 2218 4684 Serapidis
2248 4615 2527 4679 denotato,
2563 4622 2621 4667 ut
2665 4612 2859 4682 vulgus
2896 4612 3310 4684 superstitiosus
3346 4614 3503 4680 solet,

1936 4683 2161 4740 manum
2184 4687 2264 4738 ori
2301 4684 2620 4749 admovens,
2652 4684 2901 4737 osculum
2932 4683 3089 4752 labiis
3128 4684 3345 4752 pressit.
3378 4702 3396 4735 ι

2010 4756 2120 4827 (65)
2163 4755 2332 4827 Epist.
2363 4755 2453 4827 66,
2479 4754 2631 4827 jurta
2660 4755 2954 4827 editionem
2979 4751 3468 4827 Vallarsii,»p._399
3489 4795 3504 4815 .

1936 4822 2263 4896 opsum.
2293 4825 2333 4889 l,
2373 4822 2505 4896 edit.
2551 4822 2781 4879 Veronae
2819 4824 2948 4896 anni
2985 4823 3158 4876 “54:
3197 4848 3213 4873 ι
3246 4825 3425 4878 Audio
3456 4836 3508 4879 te

1937 4892 2336 4951 xénodochium
2365 4895 2419 4949 in
2448 4894 2617 4949 Portu
2663 4896 2856 4950 fecisse
2898 4892 3168 4956 Romano,
3212 4904 3266 4949 et
3298 4896 3505 4963 virgam

1936 4967 2003 5021 de
2031 4967 2224 5022 arbore
2250 4966 2526 5019 Abraham
2560 4964 2612 5018 in
2653 4964 2897 5019 Ausonio
2920 4965 3196 5031 plantasse
3230 4964 3449 5031 littore;
3484 4985 3501 5016 ι

1937 5037 1989 5090 id
2039 5039 2199 5092 etiam
2237 5036 2431 5105 repetit
2471 5035 2630 5105 epist.
2654 5036 2766 5105 776,
2800 5036 2868 5090 ad
2911 5034 3188 5090 Oceanum
3227 5034 3295 5089 de
3333 5046 3508 5089 morte

1938 5105 2192 5171 Fabiolae,
2228 5104 2357 5160 toni.
2391 5108 2485 5173 cit,
2508 5104 2569 5175 ι).
2598 5104 2722 5160 461.

2008 5177 2121 5249 (6-4)
2162 5177 2219 5249 In
2274 5176 2432 5246 epist.
2478 5177 2546 5249 ad
2597 5175 2914 5249 Eusebium,
2951 5192 3072 5246 qua:
3120 5185 3204 5249 est
3247 5190 3398 5230 num.
3437 5175 3508 5229 34

1931 5246 2112 5317 juxta'
2158 5247 2452 5301 editionem
2506 5246 2867 5302 Parisiensem
2932 5247 3504 5317 monachorumgortt.

1938 5315 1996 5373 S.
2040 5318 2313 5373 Benedicti
2362 5334 2392 5372 e
2437 5319 2861 5388 congregatione
2907 5318 2964 5372 S.
2994 5315 3166 5372 Mauri
3208 5333 3298 5370 an.
3344 5315 3505 5388 l690,

1936 5391 2095 5456 Oper.
2125 5400 2257 5443 tom.
2285 5388 2347 5451 ll,
2374 5405 2429 5459 p.
2454 5388 2601 5459 71005
2622 5406 2634 5442 :
2653 5387 2689 5440 7t
2718 5389 3010 5459 Apparitor
3035 5387 3384 5457 praefectura,
3411 5387 3506 5453 qui

1936 5470 2156 5529 propter
2208 5476 2404 5529 operas
2450 5458 2775 5516 Portuenses
2806 5458 3084 5516 ’oﬂensatn
3135 5466 3504 5523 contraxerat,

1933 5532 2044 5601 jam
2081 5532 2132 5583 in
2163 5529 2328 5583 Portu
2365 5532 2600 5600 navigat.
2634 5550 2654 5601 ν)

2013 5602 2126 5671 (65)
2170 5599 2559 5655 Ecclesiasticw
2593 5600 2738 5658 Hist.
2773 5603 2867 5657 lib.
2917 5618 3013 5665 xu,
3045 5614 3197 5653 num.
3235 5599 3287 5664 5,
3315 5615 3367 5668 p.
3400 5599 3506 5655 5N

1936 5672 2087 5726 citat.
2128 5672 2260 5726 edit.

1969 5744 2119 5869 ditiis)
2162 5743 2237 5797 De
2265 5740 2398 5798 bello
2450 5742 2666 5800 Gothico
2695 5745 2787 5801 lib.
2820 5759 2858 5812 t,
2895 5759 3015 5813 cap.
3048 5741 3139 5807 ‘26,
3165 5757 3220 5813 p.
3267 5741 3330 5797 18
3354 5742 3501 5797 citat.

2005 5830 2021 5867 ι
2052 5853 2066 5868 .
2508 5844 2513 5855 η

1936 5824 2066 5869 θαιι.
2508 5844 2513 5855 η
