3966 6344
585 353 687 410 559

1389 345 1478 400 DE
1511 341 1906 401 PORTUENSI
1941 339 2003 396 St
2046 335 2407 396 HIPPOLYTI
2449 335 2641 392 SEDE.
2671 365 2742 378 --
2757 331 2938 390 PARS
2977 332 3041 389 ll.

3676 339 3760 394 5&3

582 480 815 530 constat.
861 471 1015 539 Quod
1057 471 1102 526 si
1159 469 1548 524 infelicissimis
1594 469 1743 522 hisce
1779 465 2148 537 temporibus,
2179 470 2221 527 Α
2254 478 2373 518 rum
2403 441 2766 532 peritissimus
2787 456 2903 513 Jos.
2932 457 3100 513 Maria
3131 458 3277 513 card.
3313 455 3621 515 Thomasius
3643 462 3760 533 (69),

583 568 804 636 quibus,
828 567 1162 620 irruentibus
1196 565 1464 626 barbaris.
1491 565 1605 635 ipsa
1641 565 1880 635 gentium
1928 563 2146 617 domina

583 659 742 714 τωιιω
775 657 1051 713 servitutis
1101 657 1314 711 vincula
1350 657 1536 712 subire
1579 665 1766 710 coacta
1812 663 1918 719 est,
1951 653 2148 710 Portus

586 751 866 806 Romanus
910 751 1048 806 inter
1087 750 1483 806 munitissimus
1521 749 1682 803 urbes
1724 747 1988 802 recensita
2021 747 2143 812 fuit,

581 841 712 912 quid
748 842 1079 898 censendum
1111 844 1215 898 erit
1249 843 1314 896 de
1346 841 1584 910 ejusdem
1632 840 1884 895 felicitate
1910 853 1965 896 et
1994 843 2146 896 inco-

581 934 754 988 larum
799 935 1100 1004 frequentia
1137 935 1240 989 sub
1282 934 1570 989 Gordianis
1613 935 1930 1004 ueterisque
1959 933 2146 1004 Augu-

581 1027 711 1091 stis,
755 1042 987 1096 quorum
1022 1042 1138 1081 aavo
1188 1026 1375 1081 floruit
1421 1026 1478 1081 8.
1512 1025 1853 1098 Hippolytus,
1886 1027 2014 1081 dum
2059 1042 2144 1082 res

579 1117 842 1173 Romanae
883 1119 1062 1174 adhuc
1105 1118 1324 1188 integrat
1366 1118 1785 1187 permanebant?
1833 1117 1911 1172 Ex
1943 1117 2143 1187 quibus

579 1211 835 1264 erunibus
885 1210 1227 1279 apertissime
1281 1218 1495 1264 constat
1540 1208 1813 1279 Moynium
1860 1224 2138 1278 perperam

577 1302 901 1370 scripsisse,
971 1301 1196 1356 Portum
1268 1300 1577 1355 Romanum
1655 1300 1945 1370 episcopali
2014 1300 2142 1356 sede

579 1393 638 1447 S.
681 1391 950 1465 Hippolyti
999 1410 1114 1449 arvo
1166 1394 1407 1447 nondum
1455 1393 1625 1448 fuisse
1677 1394 2030 1456 decoratum,
2072 1407 2140 1447 eo

576 1485 720 1553 quod
779 1485 1095 1554 paucissimi
1150 1484 1348 1540 ibidem
1401 1485 1661 1540 mortales
1710 1499 2028 1555 permanere
2068 1484 2140 1540 ob

574 1576 720 1631 aeris
759 1576 1191 1632 insalubritatem
1225 1577 1520 1647 potuerint.

607 1689 820 1746 XXVII.
864 1690 922 1747 S.
977 1690 1251 1764 Hippolyti
1293 1691 1490 1745 natalis
1528 1692 1638 1764 dies
1679 1709 1920 1762 quamam
1960 1693 2100 1764 apud

977 1773 1166 1815 veteres
1196 1763 1374 1831 fuerit,
1401 1763 1729 1832 expenditur.

2255 566 2311 612 et
2345 557 2399 610 in
2427 555 2851 610 Sacramentario
2878 552 3220 622 Cregariano,
3249 553 3388 621 quod
3419 553 3626 622 ipsemet
3653 572 3758 611 ven.

2254 647 2338 700 vir
2384 645 2449 700 ad
2485 644 2841 700 vetustissimi
2865 643 3070 698 codicis
3101 641 3280 698 Caroli
3322 641 3489 714 Magni
3523 661 3627 701 aevo
3653 664 3763 702 con-

2256 737 2464 806 scripti,
2505 735 2599 806 qui
2628 750 2770 790 nunc
2808 735 2861 788 in
2887 734 3210 789 bibliotheca
3239 731 3582 790 Ottoboniana
3609 753 3762 793 asser-

2256 837 2436 894 vatur,
2466 827 2740 896 exemplar
2774 826 3065 890 recensuit,
3087 827 3410 892 emendavit,
3439 838 3488 883 et
3509 831 3638 899 typis
3666 835 3762 886 vul-

2251 929 2462 992 gasset,
2515 920 2620 976 nisi
2677 919 2964 972 immatura
3014 935 3163 975 mors
3207 921 3466 992 optimum
3516 924 3637 976 tanti
3678 925 3762 980 viri

2253 1012 2544 1066 consilium
2591 1015 2938 1083 prazvenisset
2981 1015 3117 1087 (70).
3165 1013 3383 1068 Duobus
3425 1014 3564 1069 hisce
3609 1015 3764 1070 incor-

2251 1103 2430 1171 ruptis
2451 1105 2769 1158 veneranda:
2803 1106 3142 1175 antiquitatis
3181 1109 3536 1161 monumentis
3578 1107 3762 1162 tertium

2251 1194 2448 1249 addere
2479 1211 2795 1264 possumus,
2820 1199 3248 1254 vetustissimum
3281 1214 3468 1268 nempe
3489 1197 3766 1255 Sacramen-

2249 1295 2420 1338 torum
2468 1286 2702 1352 librum,
2746 1304 2905 1360 quem
2936 1291 3102 1346 edidit
3163 1289 3430 1362 Joseplius
3474 1291 3766 1352 Blancliinus

2248 1378 2301 1432 in
2347 1379 2463 1434 suis
2516 1381 2582 1434 ad
2629 1381 2978 1436 Anastasium
3025 1381 3493 1439 Bibliothecarium
3541 1385 3760 1457 Prqlego-

2247 1469 2424 1523 menis
2448 1468 2583 1540 (7i).
2626 1469 2685 1524 In
2730 1469 2831 1525 hac
2855 1471 3018 1525 etiam
3051 1474 3233 1544 magni
3253 1471 3515 1546 Hippolyti
3537 1478 3762 1532 memoria

2247 1557 2431 1615 Idibus
2469 1559 2696 1631 Augusti
2731 1562 3102 1632 consignatur.

2315 1650 2486 1706 Graeci
2525 1667 2652 1707 vero
2705 1651 2763 1708 8.
2794 1651 3138 1725 Hippolytum
3185 1671 3376 1725 papam
3411 1655 3586 1713 Romae
3628 1659 3762 1714 tertio

2244 1741 2512 1798 Kalendas
2538 1742 2818 1798 Februarii
2850 1745 3056 1811 colunt,
3081 1754 3141 1799 ut
3169 1761 3236 1800 ex
3278 1762 3462 1801 eorum
3500 1747 3764 1818 Menologio

646 1853 752 1908 sed
792 1863 1082 1923 antequam
1125 1855 1290 1922 huius
1327 1854 1730 1910 dissertationis
1771 1856 1928 1910 "nem
1968 1853 2135 1909 racia-
2169 1836 2212 1896 Β
2243 1845 2297 1892 et
2325 1836 2663 1906 Synaxariis,
2690 1852 2923 1905 quorum
2953 1838 3062 1891 duo
3091 1837 3409 1892 brevissima
3436 1839 3671 1893 exhibent
3696 1850 3762 1893 to-

570 1961 715 2013 mus,
749 1947 1011 2015 optimum
1035 1963 1155 2002 esse
1187 1948 1438 2003 ducimus
1467 1963 1701 2002 annuam
1737 1949 1878 2003 diem
1917 1950 2138 2003 investi-

569 2052 734 2106 gare,
789 2053 952 2106 quam
1001 2039 1210 2107 antiqui
1255 2037 1454 2092 Christi
1489 2039 1672 2093 ﬁdeles
1723 2048 1872 2094 tanto
1914 2041 2136 2110 martyri

570 2143 782 2181 sacram
811 2144 932 2183 esse
966 2131 1274 2182 voluerunt.
1325 2126 1588 2198 Equidem
1629 2128 1674 2183 si
1721 2139 1844 2198 post
1891 2128 2139 2183 Pruden-

571 2219 707 2274 tium
739 2221 1122 2291 antiquissima
1161 2218 1525 2274 Ecclesiarum
1553 2219 1978 2276 Occidentalium
2019 2237 2137 2276 mo-

568 2321 829 2365 numenta
853 2312 1227 2376 consulimus,
1254 2328 1376 2384 quae
1412 2311 1803 2384 Martyrologia
1840 2326 2137 2382 praecesse-

567 2408 718 2466 runt,
755 2400 936 2454 statim
962 2401 1469 2469 animadvertimus,
1501 2402 1682 2474 magni
1720 2401 1990 2473 Hippolyti
2021 2417 2136 2456 mc-

566 2491 796 2544 moriam
853 2489 1036 2547 Idibus
1076 2492 1306 2563 Augusti
1356 2493 1411 2548 in
1463 2493 1636 2549 Sacris
1677 2491 1933 2547 Ecclesia:
1977 2490 2135 2548 fastis

563 2582 735 2638 fuisse
798 2583 1148 2655 descriptam.
1202 2585 1572 2652 Prudentius,
1617 2585 1711 2656 qui
1764 2584 1894 2640 dum
1949 2583 2135 2638 Romae

565 2683 896 2742 moraretur,
929 2674 989 2728 Β.
1019 2675 1285 2748 Hippolyti
1322 2677 1673 2739 solemnitati,
1711 2691 1873 2746 quam
1909 2675 1964 2728 in
1988 2673 2133 2730 illius

563 2768 880 2822 cmrneterio
913 2769 1261 2824 celebrabant
1294 2767 1548 2834 Romani,
1580 2784 1818 2838 praesens
1864 2766 2128 2832 interfuit,

561 2859 806 2914 eamdem
855 2861 1036 2916 Idibus
1077 2861 1309 2931 Augusti
1359 2862 1733 2932 consignatum
1770 2859 1939 2916 fuisse
1991 2861 2129 2916 scri-

561 2951 639 3004 bit
665 2951 814 3022 (67):

630 3062 690 3118 Si
715 3063 842 3136 bene
863 3066 1211 3133 commemini,
1227 3067 1348 3120 colit
1369 3068 1507 3120 hunc
1521 3065 1872 3136 pulcherrima
1890 3066 2054 3121 Roma

704 3133 890 3188 Idibus
927 3138 1150 3206 Augusti
1175 3139 1386 3205 men-.is,
1415 3147 1469 3190 ut
1503 3133 1615 3208 ipsa
1643 3147 1808 3192 vocat.

565 3225 858 3282 Prndcntio
911 3229 1260 3283 consentiunt
1313 3245 1420 3284 non
1469 3232 1646 3285 solum
1696 3233 2124 3288 vetustissimum

565 3315 947 3370 Kalendarium
983 3318 1197 3388 aliaque
1221 3321 1563 3391 antiquitatis
1595 3334 1969 3389 monumenta,
2004 3342 2128 3396 quae

559 3409 731 3478 prima
768 3409 1170 3464 dissertationis
1195 3420 1344 3480 parte
1368 3413 1730 3480 laudavimus,
1749 3431 1936 3471 verum
1959 3417 2123 3474 etiam

559 3500 944 3556 Kalendarium
1012 3503 1318 3560 Romanum
1395 3521 1424 3560 a
1492 3505 1542 3561 J.
1600 3507 1876 3565 Frontone
1940 3513 2126 3583 vulga-

559 3601 672 3646 tum
707 3593 852 3661 (68),
905 3596 1106 3665 quibus
1151 3599 1406 3654 omnibus
1457 3599 1514 3653 S.
1558 3597 1831 3672 Hippolyti
1869 3605 2123 3675 martyris

558 3688 819 3741 memoria
845 3687 1026 3744 Idibus
1063 3690 1294 3760 Augusti
1323 3694 1694 3762 consignatur.
1729 3692 1803 3748 Ita
1837 3696 2038 3765 pariter
2067 3698 2122 3752 in

557 3780 931 3835 vetustissimo
968 3779 1433 3836 Sacramenlorum
1467 3784 1607 3838 libro
1642 3783 1892 3841 Romana:
1936 3786 2120 3842 Eccle-

553 3872 647 3922 sia:
677 3872 1010 3940 reperimus,
1042 3887 1203 3942 quem
1243 3887 1457 3928 summo
1487 3875 1799 3944 reipublica:
1847 3875 2121 3932 litteraria:

555 3960 699 4015 bono
731 3963 896 4016 edidit
933 3963 1016 4015 vir
1057 3964 1496 4033 sapientissimus
1535 3975 1590 4021 et
1626 3983 1806 4022 rerum
1845 3967 2120 4036 liturgica-

625 4117 738 4192 (57)
780 4118 989 4192 Samius
1022 4120 1174 4174 citat.
1203 4122 1389 4192 bymn.
1418 4121 1506 4186 II,
1540 4138 1682 4176 vers.
1707 4121 1834 4192 251.

775 4188 871 4266 Die
906 4190 980 4266 I.'_i_
1015 4206 1187 4244 niens.
1238 4188 1680 4266 August._natal.
1731 4190 1788 4246 8.
1824 4190 2115 4266 Hippolyti,

554 4275 606 4328 p.
636 4257 737 4328 I9]
778 4259 905 4328 edit.
942 4259 1170 4328 Verona:
1198 4257 1517 4314 anni—i753.

624 4327 738 4401 (69)
777 4327 896 4401 Lib.
937 4343 984 4401 _I_i
1039 4326 1554 4401 Sacramentorum_,_
1582 4329 1817 4401 Operum
1857 4341 1992 4388 tom.
2026 4335 2114 4400 VI,

553 4397 742 4475 p.__-M6
772 4400 901 4475 edit.
936 4397 1122 4475 Itonia:
1151 4401 1278 4475 anni
1316 4400 1474 4454 I751.
1513 4397 1718 4457 Natalis
1761 4402 1818 4456 8.
1837 4397 2114 4475 Hippolyti

553 4468 734 4542 Idibus
765 4469 998 4542 Augusti
1039 4469 1112 4522 ita
1143 4468 1401 4542 HI'EICI'AHI‘
1431 4487 1555 4524 cum
1603 4468 1964 4542 sequentibus
1991 4468 2116 4529 ora-

552 4539 834 4614 tionibus;
871 4557 889 4590 ι
924 4537 980 4592 In
1010 4540 1174 4614 natali
1193 4539 1269 4614 ’.8.
1306 4539 1595 4614 Hippolyti.
1637 4537 1713 4596 Id.
1747 4543 1885 4614 Aug.
1928 4544 2114 4600 Sancti

551 4606 831 4678 Hippolyti
864 4611 1136 4678 martyris,
1183 4606 1428 4670 Domine:
1459 4606 1780 4677 qttwsumus,
1824 4606 2115 4669 ueneranda

546 4677 810 4799 [ﬁstivitas
839 4677 1096 4734 salutaris
1125 4682 1317 4735 auxilii
1340 4680 1485 4734 nobis
1514 4694 1726 4752 praestet
1753 4697 2112 4756 augmentum.

595 4763 671 4799 er.
708 4757 813 4799 etc.

595 4763 671 4811 er,
708 4757 813 4804 etc.

1189 4834 1424 4875 εεειιετΑ
1435 4864 1445 4875 .

621 4925 642 4959 ι
675 4907 884 4984 Prresta
916 4909 1105 4984 nobis,
1136 4927 1457 4984 quazsnmus,
1493 4917 1814 4984 omnipotens
1848 4917 1985 4971 Deus
2010 4960 2024 4983 ,
2052 4929 2111 4972 ut

545 4990 737 5057 nostra:
782 4979 1097 5034 humilitatis
1146 4979 1344 5036 oblatio
1373 4979 1560 5052 et'pro
1599 4979 1804 5039 tuorum
1848 4979 2110 5057 grata'sit

544 5051 736 5124 honore
761 5061 1088 5124 san_ctorum,
1129 5061 1179 5106 et
1208 5068 1301 5106 nos
1352 5051 1567 5124 corpore
1603 5061 1820 5124 pariter,
1849 5051 1901 5111 'et
1944 5068 2136 5114 mente

541 5120 802 5188 puriﬁcet.
832 5118 957 5187 Per,
982 5130 1087 5174 etc.

1139 5230 1502 5271 POSTCOIIIUN.

619 5319 639 5354 α
676 5301 910 5378 Sumptis
929 5343 957 5378 ,_
994 5303 1246 5367 Domine,
1282 5309 1644 5372 sacramentis,
1695 5326 1992 5378 quwsumus
2047 5321 2104 5365 ut

543 5375 889 5449 intercedente
940 5373 1086 5426 beato
1123 5388 1352 5449 martyre
1399 5389 1488 5429 tuo
1541 5373 1857 5449 Hippolyto,
1905 5382 1973 5433 ad
2024 5399 2104 5434 re-

542 5445 853 5517 demptionis
877 5455 1114 5517 uterne:
1149 5447 1488 5517 proficiamus
1529 5445 1880 5517 augmentum.
1925 5450 2045 5516 Per,
2078 5471 2094 5502 υ

541 5525 648 5568 etc.
695 5513 822 5569 Vide
875 5513 1255 5582 Muratorium,
1310 5513 1565 5586 .Lilurgt'a
1599 5513 1862 5573 ’llomana
1915 5513 2096 5585 uetus,

545 5594 678 5637 tom.
711 5585 751 5639 Ι.
783 5602 835 5639 ι).
867 5585 990 5639 (562.

545 5594 678 5637 tum.
711 5589 751 5650 l,
783 5602 835 5650 p.
867 5589 990 5641 662.

613 5653 725 5724 (70)
762 5653 1249 5710 Sacramentarium
1276 5655 1677 5726 rCregorianum
1721 5659 1820 5712 fuit
1867 5660 2028 5713 etiam
2065 5675 2093 5714 a

543 5722 840 5780 Hui-atomo
862 5729 1066 5781 editum
1109 5739 1241 5783 tom.
1269 5725 1332 5790 ll,
1364 5722 1607 5794 Liturgia
1649 5726 1883 5782 Romana
1925 5738 2089 5789 vetas,

541 5804 596 5848 et
621 5795 672 5850 in
703 5811 767 5852 eo
797 5795 979 5852 Idibus
1013 5799 1238 5870 Augusti
1274 5797 1503 5852 refertur
1533 5798 1722 5852 natalis
1766 5801 1935 5854 sancti
1963 5799 2091 5869 Ilip-

2241 1927 2406 1982 tidem
2439 1928 2778 1984 bibliothecae
2805 1925 3186 1984 Ottobonianu:
3223 1925 3577 2000 antiquissimi
3607 1947 3761 1986 sacro.

2240 2036 2360 2074 rum
2401 2019 2816 2091 Evangeliorum
2847 2021 3084 2086 codices,
3110 2023 3361 2092 quinimo
3389 2037 3452 2076 ex
3481 2021 3666 2077 Latinis
3689 2038 3756 2078 ve-

2240 2111 2605 2167 tustissimum
2631 2113 3096 2184 Martyrologium,
3124 2115 3270 2185 quod
3302 2115 3468 2170 edidit
3501 2113 3658 2171 Lucas
3681 2114 3761 2172 Da-

2237 2204 2456 2259 clierius
2480 2203 2613 2274 (72),
2645 2204 2848 2261 Graecis
2881 2208 3171 2276 consentit,
3198 2208 3329 2262 dum
3359 2223 3409 2262 Iv
3440 2207 3648 2264 Kalend.
3675 2207 3756 2264 Fe-

2237 2293 2443 2348 bruarii
2479 2312 2498 2346 ι
2539 2295 2592 2348 in
2627 2291 2826 2350 Tuscia
2873 2295 2936 2350 8.
2966 2295 3238 2368 Hippolyti
3280 2298 3515 2367 episcopi
3557 2298 3617 2353 de
3643 2299 3759 2353 anti-

2235 2385 2360 2455 quis
2394 2404 2413 2438 i
2453 2385 2718 2442 meminit.
2748 2385 2854 2442 Sed
2896 2387 3122 2456 Adonis,
3158 2386 3419 2454 Usuardi,
3447 2387 3693 2444 Notcherii
3715 2401 3758 2445 et

2235 2479 2394 2537 Beda:
2421 2479 2805 2554 Martyrologia
2848 2482 3140 2552 pristinum
3171 2481 3380 2539 Latinae
3403 2483 3638 2538 Ecclesia:
3662 2499 3756 2538 mo-

2235 2587 2348 2627 rem
2404 2583 2728 2643 sequuutur,
2765 2573 2895 2629 dum
2946 2573 3005 2629 S.
3043 2573 3317 2649 Hippolyti
3361 2577 3554 2634 festum
3603 2579 3757 2632 Idibus

2233 2665 2463 2736 Augusti
2494 2669 2722 2720 recitant
2757 2665 2888 2737 (75).
2923 2665 3286 2733 Quamobrem
3319 2669 3585 2725 Prudentii
3629 2672 3756 2726 testi.

2232 2764 2474 2818 monium
2519 2765 2574 2819 in
2612 2765 2714 2820 hac
2767 2780 2825 2819 re
2875 2763 3185 2818 Grmcorum
3233 2763 3544 2835 Menologiis
3569 2774 3618 2819 et
3643 2761 3754 2834 Syn-

2232 2856 2456 2910 taxariis
2499 2855 2888 2925 praeferendum
2921 2871 3232 2912 censemus.
3270 2853 3381 2912 Nec
3407 2857 3526 2926 quis
3564 2855 3752 2909 miretur

2232 2948 2284 3002 in
2341 2945 2589 3001 Romano
2645 2945 3033 3019 Martyrologio
3091 2946 3159 3000 ab
3212 2946 3613 3016 incomparabili
3658 2946 3747 2998 virc

2231 3039 2444 3094 Caesare
2481 3038 2631 3093 card.
2661 3037 2895 3094 Baronio
2922 3039 2976 3092 in
3005 3039 3182 3092 lucem
3207 3038 3377 3106 edito,
3407 3039 3472 3092 de
3501 3036 3553 3092 S.
3586 3035 3751 3105 Hippo-

2231 3131 2341 3204 lyto
2375 3146 2482 3186 non
2514 3128 2698 3185 Idibus
2725 3131 2950 3200 Augusti
2972 3130 3064 3186 sed
3091 3129 3368 3184 undecimo
3397 3128 3519 3183 Kal.
3553 3127 3752 3198 Septem-

2229 3225 2336 3278 bris
2365 3224 2692 3279 mentionem
2719 3223 2941 3289 haberi;
2971 3221 3155 3278 Idibus
3181 3238 3314 3277 vero
3337 3223 3555 3293 Augusti
3587 3220 3754 3290 S.Hip-

2229 3317 2393 3388 polyti
2431 3316 2636 3382 militis,
2669 3317 2760 3386 qui
2793 3331 2892 3386 pro
2921 3315 3142 3372 Christo
3181 3335 3199 3368 α
3244 3315 3349 3370 sub
3377 3316 3534 3372 Decio
3562 3315 3753 3384 impera-

2229 3419 2367 3476 tore,
2407 3407 2693 3462 Valeriano
2723 3407 2997 3478 priefecto,
3036 3427 3056 3460 ι
3109 3419 3168 3464 ut
3210 3410 3417 3465 Adonis
3449 3408 3614 3463 verbis
3652 3415 3750 3460 uta-

2226 3517 2350 3556 mur
2387 3501 2524 3571 (7i),
2568 3516 2764 3571 passus
2811 3512 2913 3567 est,
2944 3502 3148 3571 quique
3182 3501 3244 3556 Β.
3277 3501 3547 3557 Laurentii
3595 3497 3748 3554 socius

2225 3592 2326 3648 fuit
2357 3635 2373 3660 ,
2445 3603 2504 3648 ut
2545 3607 2610 3647 ex
2667 3593 3036 3649 vetustissimo
3088 3593 3300 3650 Missali
3353 3593 3573 3650 Gothico
3622 3589 3749 3647 colli-

2223 3687 2403 3759 gimus
2429 3685 2564 3756 (75),
2597 3685 2739 3740 diem
2765 3683 2962 3740 festum
2986 3685 3273 3741 celebrari.
3298 3685 3505 3741 Etenim
3539 3685 3642 3738 haec
3673 3696 3750 3734 na-

2224 3777 2524 3833 talitiorum
2573 3776 2785 3831 dierum
2835 3776 3084 3832 confusio
3117 3791 3226 3831 non
3275 3779 3492 3832 aliunde
3525 3773 3644 3830 oriri
3671 3785 3748 3843 po-

2223 3870 2346 3936 tuit,
2382 3884 2546 3939 qnam
2573 3884 2639 3924 ex
2682 3869 2970 3940 prazcipuis
3002 3869 3262 3925 Ecclesiae
3310 3869 3600 3940 cujuspiam
3634 3878 3747 3919 con-

2220 3962 2637 4031 suetudinibus;
2671 3977 2793 4034 qua:
2821 3977 2944 4018 cum
2973 3963 3190 4034 propria
3223 3963 3316 4019 die
3359 3962 3458 4018 88.
3485 3968 3745 4030 martyrum

2219 4117 2340 4190 poly
2357 4118 2394 4172 ti
2427 4117 2757 4190 ctim_trilnis
2802 4117 3403 4190 paritergorationibns,
3438 4133 3555 4188 pag.
3593 4112 3681 4167 I12
3703 4119 3745 4164 et

2219 4187 2371 4258 seqq.
2401 4189 2529 4259 edit.
2562 4187 2779 4259 Venetae
2807 4188 2934 4259 anni
2963 4187 3135 4259 1748ζ
3431 4257 3440 4259 _
3502 4254 3619 4259 A___
3699 4247 3740 4259 _,

2287 4250 2399 4328 (71)
2435 4258 2591 4310 Tom.
2623 4256 2712 4324 ιν,
2752 4257 2914 4328 ρε-ὃὸ
2945 4259 3074 4312 edit.
3104 4255 3291 4314 Roma:
3318 4257 3458 4328 anni
3494 4254 3649 4328 I755,
3667 4250 3742 4305 tibi

2217 4324 2401 4396 Idibus
2449 4329 2679 4396 Augusti
2735 4324 2768 4378 ἱ
2802 4326 2990 4382 Natale
3040 4337 3354 4383 sanctorum
3403 4324 3652 4396 Hippolyti
3698 4329 3743 4373 et

2217 4395 2467 4452 Pontiani
2507 4395 2823 4463 i’habettir,
2854 4409 2907 4452 et
2954 4400 3228 4453 orationes
3269 4395 3495 4452 diversa:
3535 4409 3646 4450 cum
3671 4404 3742 4444 se-

2217 4469 2402 4540 quenti
2427 4467 2742 4540 prmfatione
2763 4469 3181 4540 describuntur:
3201 4487 3220 4520 ‹
3251 4467 3387 4540 Vere
3408 4469 3738 4540 dignum,etc.

2147 4525 2190 4580 D
2219 4525 2339 4592 Tibi
2372 4525 2539 4604 enim,
2578 4537 2822 4602 Domine,
2868 4538 3057 4591 festiva
3086 4539 3403 4593 solemnitas
3436 4525 3634 4605 agitur,
3657 4528 3737 4586 tibi

2216 4608 2333 4686 dies
2359 4619 2570 4686 sacrata
2595 4608 2922 4686 celebratur,
2942 4623 3104 4686 quam
3135 4611 3310 4664 sancti
3339 4605 3605 4686 Hippolyti
3623 4615 3740 4686 magr-

2217 4679 2349 4750 tyris
2377 4678 2454 4733 tui
2486 4680 2707 4748 sanguis
2731 4679 2785 4732 in
2812 4679 3056 4750 veritatis
3098 4687 3206 4734 tum
3243 4678 3608 4750 testiﬁcatione
3632 4684 3738 4750 pro-

2211 4747 2370 4872 gisus
2437 4747 2726 4819 magn’ilico
2796 4749 3034 4804 nominis
3097 4749 3175 4804 tui
3247 4751 3452 4804 honore
3514 4747 3734 4816 signavit-

2255 4835 2334 4872 er.
2372 4839 2392 4871 ι
2420 4829 2526 4872 etc.

2255 4829 2526 4882 er,ietc.
2617 4887 2633 4888 ί
2701 4886 2718 4888 _
3448 4885 3472 4888 _
3549 4882 3604 4888 __
3698 4877 3707 4888 ,

2283 4888 2394 4959 (72)
2426 4888 2582 4960 Tom.
2616 4887 2655 4942 ll
2687 4886 2979 4959 Spicilegii,
3032 4903 3155 4960 pag.
3194 4889 3230 4944 5
3271 4889 3400 4945 edit.
3446 4882 3734 4942 Parisiensis

2209 4961 2338 5013 anni
2373 4959 2512 5030 1723
2535 4961 2731 5028 saepius
2759 4960 2957 5014 citata.
3037 4959 3061 5030 '_
3115 4959 3166 5030 ί-
3225 5027 3267 5030 ῃ
3579 5023 3592 5030 _
3683 5017 3709 5030 ν,

2280 5029 2391 5099 (75)
2426 5023 2674 5100 Legenda
2718 5039 2844 5083 sunt
2889 5043 3011 5098 qua:
3033 5027 3100 5083 de
3135 5027 3192 5084 S.
3224 5027 3504 5100 Hippolyto
3533 5023 3730 5100 advertit

2212 5091 2532 5174 Doininic‘us'
2548 5097 2768 5174 _Gio_rgi_
2783 5101 2808 5174 ᾗ
2805 5116 2837 5152 ιι
2853 5091 3311 5174 adnotationibus
3331 5091 3540 5174 'ad'hlat
3554 5091 3729 5174 tyrolp;

2207 5170 2355 5242 gium
2385 5169 2592 5242 Adonis
2636 5162 2816 5242 diéiill
2842 5167 2990 5234 Jan.,
3035 5169 3200 5242 p.772
3228 5171 3358 5242 edit.
3405 5170 3518 5230 cit.,
3569 5162 3647 5242 die
3676 5162 3730 5213 I5

2204 5239 2473 5362 Auguzteio,
2533 5254 2656 5308 pag.
2721 5238 2863 5306 402;
2941 5251 2995 5295 et
3068 5239 3140 5294 25
3195 5241 3438 5312 ejusdem
3495 5238 3676 5292 mensis
3711 5268 3726 5295 ,

2205 5323 2324 5362 pag.
2473 5348 2488 5362 .

2205 5323 2326 5390 933.-
2344 5323 2488 5390 .‘3‘9’
2538 5377 2586 5390 ..
2777 5380 2789 5390 .
3046 5380 3065 5390 -
3295 5381 3308 5390 .
3493 5379 3504 5390 .

2206 5373 2220 5377 ⁷
2273 5373 2386 5448 (74)
2437 5380 2494 5433 In
2535 5377 2928 5450 Martyrolog.:
2969 5401 2988 5434 ‹
3046 5380 3230 5438 Idibus
3283 5379 3510 5452 Augusti
3565 5373 3726 5430 Romae

2203 5449 2260 5524 8.
2293 5447 2561 5520 Hippolyti
2590 5455 2691 5506 sub
2737 5449 2901 5524 Decio
2927 5453 3272 5524 imperatore,
3301 5450 3572 5508 Valeriano
3603 5457 3723 5516 pra:-

2200 5517 2504 5590 I'ecto,'etc.'
2537 5539 2555 5572 ι
2601 5537 2720 5590 pag.
2756 5521 2860 5574 400
2881 5525 2973 5577 cit.
3006 5517 3143 5578 edit.

2270 5589 2477 5668 (75)-ξῃι⁸
2497 5588 2996 5668 eo_ennu_habetur
3023 5596 3190 5649 missa
3227 5593 3282 5648 S.
3310 5588 3565 5668 Hippolyti
3595 5595 3715 5668 mar:

2197 5661 2347 5731 tyris.
2387 5659 2849 5731 ViileLiturgiam
2891 5663 3184 5717 Romanam
3227 5659 3437 5718 veterem
3481 5659 3659 5717 editam
3685 5665 3715 5704 ³

2196 5727 2467 5786 Ludovico
2499 5727 2813 5801 Muratorio,
2849 5745 2979 5790 tom.
3012 5733 3072 5802 ll,
3107 5751 3230 5807 pag.
3260 5735 3360 5790 628
3390 5735 3511 5789 edit.
3543 5737 3626 5783 Cll.
