  <div class='ocr_page' id='page_1' title='image "/cluster/home/n/w/nwhite01/storage/ocr_20150623/10/hvd.32044073501348/276.png"; bbox 0 0 3966 6344; ppageno 0'>
   <div class='ocr_carea' id='block_1_1' title="bbox 261 350 361 406">
    <p class='ocr_par' dir='ltr' id='par_1_1' title="bbox 261 350 361 406">
     <span class='ocr_line' id='line_1_1' title="bbox 261 350 361 406; baseline -0.02 0"><span class='ocrx_word' id='word_1_1' title='bbox 261 350 361 406; x_wconf 63' lang='grc'><strong>541</strong></span> 
     </span>
    </p>
   </div>
   <div class='ocr_carea' id='block_1_2' title="bbox 1045 319 2722 396">
    <p class='ocr_par' dir='ltr' id='par_1_2' title="bbox 1045 319 2722 396">
     <span class='ocr_line' id='line_1_2' title="bbox 1045 319 2722 396; baseline -0.011 0"><span class='ocrx_word' id='word_1_2' title='bbox 1045 341 1135 396; x_wconf 85' lang='lat' dir='ltr'><strong>DE</strong></span> <span class='ocrx_word' id='word_1_3' title='bbox 1171 335 1565 395; x_wconf 81' lang='lat' dir='ltr'><strong>POHTUENSI</strong></span> <span class='ocrx_word' id='word_1_4' title='bbox 1601 334 1663 390; x_wconf 82' lang='grc'><strong>8.</strong></span> <span class='ocrx_word' id='word_1_5' title='bbox 1706 330 2067 388; x_wconf 71' lang='lat' dir='ltr'><strong>IIIPPOLYTI</strong></span> <span class='ocrx_word' id='word_1_6' title='bbox 2102 326 2293 382; x_wconf 81' lang='lat' dir='ltr'><strong>SEDE.</strong></span> <span class='ocrx_word' id='word_1_7' title='bbox 2333 354 2402 366; x_wconf 86' lang='lat'><strong>—-</strong></span> <span class='ocrx_word' id='word_1_8' title='bbox 2436 323 2617 378; x_wconf 80' lang='lat' dir='ltr'><strong>PARS</strong></span> <span class='ocrx_word' id='word_1_9' title='bbox 2655 319 2722 378; x_wconf 87' lang='lat' dir='ltr'><strong>ll.</strong></span> 
     </span>
    </p>
   </div>
   <div class='ocr_carea' id='block_1_3' title="bbox 3384 315 3488 370">
    <p class='ocr_par' dir='ltr' id='par_1_3' title="bbox 3384 315 3488 370">
     <span class='ocr_line' id='line_1_3' title="bbox 3384 315 3488 370; baseline -0.01 0"><span class='ocrx_word' id='word_1_10' title='bbox 3384 315 3488 370; x_wconf 80' lang='grc'><strong>512</strong></span> 
     </span>
    </p>
   </div>
   <div class='ocr_carea' id='block_1_4' title="bbox 257 433 3485 528">
    <p class='ocr_par' dir='ltr' id='par_1_4' title="bbox 257 433 3485 528">
     <span class='ocr_line' id='line_1_4' title="bbox 257 433 3485 528; baseline -0.011 -7"><span class='ocrx_word' id='word_1_11' title='bbox 257 481 499 523; x_wconf 86' lang='lat' dir='ltr'><strong>annuam</strong></span> <span class='ocrx_word' id='word_1_12' title='bbox 539 464 935 520; x_wconf 76' lang='lat' dir='ltr'><strong>solemnitatem</strong></span> <span class='ocrx_word' id='word_1_13' title='bbox 964 461 1199 516; x_wconf 83' lang='lat' dir='ltr'><strong>recolere</strong></span> <span class='ocrx_word' id='word_1_14' title='bbox 1227 474 1334 513; x_wconf 93' lang='lat' dir='ltr'><strong>non</strong></span> <span class='ocrx_word' id='word_1_15' title='bbox 1371 455 1654 528; x_wconf 67' lang='lat' dir='ltr'><strong>possetoob</strong></span> <span class='ocrx_word' id='word_1_16' title='bbox 1684 469 1822 524; x_wconf 75' lang='lat' dir='ltr'><strong>prze-</strong></span> <span class='ocrx_word' id='word_1_17' title='bbox 1851 459 1895 514; x_wconf 79' lang='grc' dir='ltr'><strong>Α</strong></span> <span class='ocrx_word' id='word_1_18' title='bbox 1928 450 2253 521; x_wconf 70' lang='lat' dir='ltr'><strong>baptizatus,</strong></span> <span class='ocrx_word' id='word_1_19' title='bbox 2291 447 2346 501; x_wconf 92' lang='lat' dir='ltr'><strong>in</strong></span> <span class='ocrx_word' id='word_1_20' title='bbox 2401 442 2606 498; x_wconf 82' lang='lat' dir='ltr'><strong>Missali</strong></span> <span class='ocrx_word' id='word_1_21' title='bbox 2642 439 2873 496; x_wconf 87' lang='lat' dir='ltr'><strong>Gothico</strong></span> <span class='ocrx_word' id='word_1_22' title='bbox 2904 438 3144 508; x_wconf 83' lang='lat' dir='ltr'><strong>ejusdem</strong></span> <span class='ocrx_word' id='word_1_23' title='bbox 3175 434 3394 498; x_wconf 85' lang='lat' dir='ltr'><strong>socius;</strong></span> <span class='ocrx_word' id='word_1_24' title='bbox 3423 433 3485 485; x_wconf 86' lang='lat' dir='ltr'><strong>in</strong></span> 
     </span>
    </p>
   </div>
   <div class='ocr_carea' id='block_1_5' title="bbox 257 546 1820 627">
    <p class='ocr_par' dir='ltr' id='par_1_5' title="bbox 257 546 1820 627">
     <span class='ocr_line' id='line_1_5' title="bbox 257 546 1820 627; baseline -0.009 -16"><span class='ocrx_word' id='word_1_25' title='bbox 257 559 480 627; x_wconf 79' lang='lat' dir='ltr'><strong>tipuum</strong></span> <span class='ocrx_word' id='word_1_26' title='bbox 512 556 748 624; x_wconf 89' lang='lat' dir='ltr'><strong>aliquem</strong></span> <span class='ocrx_word' id='word_1_27' title='bbox 780 553 1033 608; x_wconf 69' lang='lat' dir='ltr'><strong>Ecclesiae</strong></span> <span class='ocrx_word' id='word_1_28' title='bbox 1067 551 1214 605; x_wconf 84' lang='lat' dir='ltr'><strong>illius</strong></span> <span class='ocrx_word' id='word_1_29' title='bbox 1244 550 1485 611; x_wconf 78' lang='lat' dir='ltr'><strong>heroem,</strong></span> <span class='ocrx_word' id='word_1_30' title='bbox 1513 546 1670 615; x_wconf 87' lang='lat' dir='ltr'><strong>cujus</strong></span> <span class='ocrx_word' id='word_1_31' title='bbox 1707 560 1820 598; x_wconf 88' lang='lat' dir='ltr'><strong>me-</strong></span> 
     </span>
    </p>
   </div>
   <div class='ocr_carea' id='block_1_6' title="bbox 256 637 1819 713">
    <p class='ocr_par' dir='ltr' id='par_1_6' title="bbox 256 637 1819 713">
     <span class='ocr_line' id='line_1_6' title="bbox 256 637 1819 713; baseline -0.008 -11"><span class='ocrx_word' id='word_1_32' title='bbox 256 648 433 702; x_wconf 82' lang='lat' dir='ltr'><strong>moria</strong></span> <span class='ocrx_word' id='word_1_33' title='bbox 473 647 666 701; x_wconf 90' lang='lat' dir='ltr'><strong>eadem</strong></span> <span class='ocrx_word' id='word_1_34' title='bbox 707 645 814 711; x_wconf 91' lang='lat' dir='ltr'><strong>die,</strong></span> <span class='ocrx_word' id='word_1_35' title='bbox 849 658 960 713; x_wconf 91' lang='lat' dir='ltr'><strong>quo</strong></span> <span class='ocrx_word' id='word_1_36' title='bbox 991 641 1175 696; x_wconf 77' lang='lat' dir='ltr'><strong>fursan</strong></span> <span class='ocrx_word' id='word_1_37' title='bbox 1217 640 1279 699; x_wconf 92' lang='grc'><strong>8.</strong></span> <span class='ocrx_word' id='word_1_38' title='bbox 1311 638 1583 709; x_wconf 76' lang='lat' dir='ltr'><strong>Hippolyti</strong></span> <span class='ocrx_word' id='word_1_39' title='bbox 1624 637 1819 691; x_wconf 79' lang='lat' dir='ltr'><strong>festum</strong></span> 
     </span>
    </p>
   </div>
   <div class='ocr_carea' id='block_1_7' title="bbox 253 730 1824 802">
    <p class='ocr_par' dir='ltr' id='par_1_7' title="bbox 253 730 1824 802">
     <span class='ocr_line' id='line_1_7' title="bbox 253 730 1824 802; baseline -0.009 -7"><span class='ocrx_word' id='word_1_40' title='bbox 253 738 604 801; x_wconf 83' lang='lat' dir='ltr'><strong>occurrebat,</strong></span> <span class='ocrx_word' id='word_1_41' title='bbox 650 735 911 792; x_wconf 88' lang='lat' dir='ltr'><strong>celebrari</strong></span> <span class='ocrx_word' id='word_1_42' title='bbox 954 733 1313 802; x_wconf 84' lang='lat' dir='ltr'><strong>contingeret,</strong></span> <span class='ocrx_word' id='word_1_43' title='bbox 1346 746 1566 786; x_wconf 78' lang='lat' dir='ltr'><strong>necesse</strong></span> <span class='ocrx_word' id='word_1_44' title='bbox 1605 730 1728 796; x_wconf 83' lang='lat' dir='ltr'><strong>fuit,</strong></span> <span class='ocrx_word' id='word_1_45' title='bbox 1762 738 1824 783; x_wconf 89' lang='lat' dir='ltr'><strong>ut</strong></span> 
     </span>
    </p>
   </div>
   <div class='ocr_carea' id='block_1_8' title="bbox 255 821 1822 902">
    <p class='ocr_par' dir='ltr' id='par_1_8' title="bbox 255 821 1822 902">
     <span class='ocr_line' id='line_1_8' title="bbox 255 821 1822 902; baseline -0.006 -18"><span class='ocrx_word' id='word_1_46' title='bbox 255 833 400 885; x_wconf 84' lang='lat' dir='ltr'><strong>illam</strong></span> <span class='ocrx_word' id='word_1_47' title='bbox 432 829 502 884; x_wconf 90' lang='lat' dir='ltr'><strong>ad</strong></span> <span class='ocrx_word' id='word_1_48' title='bbox 533 837 821 898; x_wconf 87' lang='lat' dir='ltr'><strong>sequentes</strong></span> <span class='ocrx_word' id='word_1_49' title='bbox 848 827 983 887; x_wconf 86' lang='lat' dir='ltr'><strong>dies,</strong></span> <span class='ocrx_word' id='word_1_50' title='bbox 1014 825 1097 879; x_wconf 93' lang='lat' dir='ltr'><strong>vel</strong></span> <span class='ocrx_word' id='word_1_51' title='bbox 1122 827 1282 879; x_wconf 90' lang='lat' dir='ltr'><strong>etiam</strong></span> <span class='ocrx_word' id='word_1_52' title='bbox 1315 838 1532 902; x_wconf 73' lang='lat' dir='ltr'><strong>menses</strong></span> <span class='ocrx_word' id='word_1_53' title='bbox 1563 821 1822 876; x_wconf 80' lang='lat' dir='ltr'><strong>transfer-</strong></span> 
     </span>
    </p>
   </div>
   <div class='ocr_carea' id='block_1_9' title="bbox 253 914 1818 992">
    <p class='ocr_par' dir='ltr' id='par_1_9' title="bbox 253 914 1818 992">
     <span class='ocr_line' id='line_1_9' title="bbox 253 914 1818 992; baseline -0.008 -14"><span class='ocrx_word' id='word_1_54' title='bbox 253 933 365 989; x_wconf 83' lang='lat' dir='ltr'><strong>ret;</strong></span> <span class='ocrx_word' id='word_1_55' title='bbox 403 923 637 992; x_wconf 87' lang='lat' dir='ltr'><strong>ideoque</strong></span> <span class='ocrx_word' id='word_1_56' title='bbox 676 936 800 976; x_wconf 90' lang='lat' dir='ltr'><strong>cum</strong></span> <span class='ocrx_word' id='word_1_57' title='bbox 830 917 1087 990; x_wconf 73' lang='lat' dir='ltr'><strong>praecipui</strong></span> <span class='ocrx_word' id='word_1_58' title='bbox 1129 916 1274 970; x_wconf 91' lang='lat' dir='ltr'><strong>illius</strong></span> <span class='ocrx_word' id='word_1_59' title='bbox 1302 914 1559 970; x_wconf 67' lang='lat' dir='ltr'><strong>Ecclesia:</strong></span> <span class='ocrx_word' id='word_1_60' title='bbox 1596 914 1718 969; x_wconf 84' lang='lat' dir='ltr'><strong>fasti</strong></span> <span class='ocrx_word' id='word_1_61' title='bbox 1763 914 1818 967; x_wconf 91' lang='lat' dir='ltr'><strong>in</strong></span> 
     </span>
    </p>
   </div>
   <div class='ocr_carea' id='block_1_10' title="bbox 253 1007 1821 1087">
    <p class='ocr_par' dir='ltr' id='par_1_10' title="bbox 253 1007 1821 1087">
     <span class='ocr_line' id='line_1_10' title="bbox 253 1007 1821 1087; baseline -0.007 -16"><span class='ocrx_word' id='word_1_62' title='bbox 253 1017 495 1087; x_wconf 81' lang='lat' dir='ltr'><strong>aliquem</strong></span> <span class='ocrx_word' id='word_1_63' title='bbox 538 1012 862 1070; x_wconf 80' lang='lat' dir='ltr'><strong>universalis</strong></span> <span class='ocrx_word' id='word_1_64' title='bbox 903 1008 1277 1080; x_wconf 88' lang='lat' dir='ltr'><strong>martyrologii</strong></span> <span class='ocrx_word' id='word_1_65' title='bbox 1315 1008 1555 1064; x_wconf 89' lang='lat' dir='ltr'><strong>codicem</strong></span> <span class='ocrx_word' id='word_1_66' title='bbox 1591 1007 1821 1075; x_wconf 81' lang='lat' dir='ltr'><strong>irrepse-</strong></span> 
     </span>
    </p>
   </div>
   <div class='ocr_carea' id='block_1_11' title="bbox 255 1098 1819 1175">
    <p class='ocr_par' dir='ltr' id='par_1_11' title="bbox 255 1098 1819 1175">
     <span class='ocr_line' id='line_1_11' title="bbox 255 1098 1819 1175; baseline -0.005 -15"><span class='ocrx_word' id='word_1_67' title='bbox 255 1107 400 1173; x_wconf 89' lang='lat' dir='ltr'><strong>rint,</strong></span> <span class='ocrx_word' id='word_1_68' title='bbox 445 1122 517 1161; x_wconf 83' lang='lat' dir='ltr'><strong>ex</strong></span> <span class='ocrx_word' id='word_1_69' title='bbox 567 1121 677 1175; x_wconf 92' lang='lat' dir='ltr'><strong>quo</strong></span> <span class='ocrx_word' id='word_1_70' title='bbox 733 1103 1078 1174; x_wconf 83' lang='lat' dir='ltr'><strong>postmodum</strong></span> <span class='ocrx_word' id='word_1_71' title='bbox 1128 1101 1231 1154; x_wconf 89' lang='lat' dir='ltr'><strong>alia</strong></span> <span class='ocrx_word' id='word_1_72' title='bbox 1285 1099 1503 1154; x_wconf 77' lang='lat' dir='ltr'><strong>fuerunt</strong></span> <span class='ocrx_word' id='word_1_73' title='bbox 1553 1098 1819 1167; x_wconf 88' lang='lat' dir='ltr'><strong>descripta</strong></span> 
     </span>
    </p>
   </div>
   <div class='ocr_carea' id='block_1_12' title="bbox 252 1188 1821 1269">
    <p class='ocr_par' dir='ltr' id='par_1_12' title="bbox 252 1188 1821 1269">
     <span class='ocr_line' id='line_1_12' title="bbox 252 1188 1821 1269; baseline -0.005 -18"><span class='ocrx_word' id='word_1_74' title='bbox 252 1199 616 1269; x_wconf 80' lang='lat' dir='ltr'><strong>exemplaria,</strong></span> <span class='ocrx_word' id='word_1_75' title='bbox 651 1197 776 1252; x_wconf 92' lang='lat' dir='ltr'><strong>inde</strong></span> <span class='ocrx_word' id='word_1_76' title='bbox 805 1207 975 1250; x_wconf 90' lang='lat' dir='ltr'><strong>ortam</strong></span> <span class='ocrx_word' id='word_1_77' title='bbox 1011 1195 1300 1265; x_wconf 83' lang='lat' dir='ltr'><strong>Opinamur</strong></span> <span class='ocrx_word' id='word_1_78' title='bbox 1331 1193 1469 1247; x_wconf 87' lang='lat' dir='ltr'><strong>hanc</strong></span> <span class='ocrx_word' id='word_1_79' title='bbox 1498 1192 1706 1246; x_wconf 87' lang='lat' dir='ltr'><strong>dierum</strong></span> <span class='ocrx_word' id='word_1_80' title='bbox 1744 1188 1821 1243; x_wconf 79' lang='lat' dir='ltr'><strong>fe-</strong></span> 
     </span>
    </p>
   </div>
   <div class='ocr_carea' id='block_1_13' title="bbox 254 1280 1823 1359">
    <p class='ocr_par' dir='ltr' id='par_1_13' title="bbox 254 1280 1823 1359">
     <span class='ocr_line' id='line_1_13' title="bbox 254 1280 1823 1359; baseline -0.008 -13"><span class='ocrx_word' id='word_1_81' title='bbox 254 1300 470 1346; x_wconf 90' lang='lat' dir='ltr'><strong>storum</strong></span> <span class='ocrx_word' id='word_1_82' title='bbox 512 1289 950 1359; x_wconf 85' lang='lat' dir='ltr'><strong>discrepantiam.</strong></span> <span class='ocrx_word' id='word_1_83' title='bbox 973 1285 1028 1339; x_wconf 90' lang='lat' dir='ltr'><strong>In</strong></span> <span class='ocrx_word' id='word_1_84' title='bbox 1054 1285 1424 1340; x_wconf 86' lang='lat' dir='ltr'><strong>vetustissimo</strong></span> <span class='ocrx_word' id='word_1_85' title='bbox 1447 1281 1702 1337; x_wconf 81' lang='lat' dir='ltr'><strong>Romanae</strong></span> <span class='ocrx_word' id='word_1_86' title='bbox 1726 1280 1823 1335; x_wconf 81' lang='lat' dir='ltr'><strong>Ec-</strong></span> 
     </span>
    </p>
   </div>
   <div class='ocr_carea' id='block_1_14' title="bbox 259 1374 1818 1447">
    <p class='ocr_par' dir='ltr' id='par_1_14' title="bbox 259 1374 1818 1447">
     <span class='ocr_line' id='line_1_14' title="bbox 259 1374 1818 1447; baseline -0.005 -9"><span class='ocrx_word' id='word_1_87' title='bbox 259 1384 440 1438; x_wconf 72' lang='lat' dir='ltr'><strong>clesia:</strong></span> <span class='ocrx_word' id='word_1_88' title='bbox 470 1381 799 1436; x_wconf 81' lang='lat' dir='ltr'><strong>Kalendario</strong></span> <span class='ocrx_word' id='word_1_89' title='bbox 846 1379 1040 1434; x_wconf 88' lang='lat' dir='ltr'><strong>Liberii</strong></span> <span class='ocrx_word' id='word_1_90' title='bbox 1070 1376 1405 1447; x_wconf 87' lang='lat' dir='ltr'><strong>temporibus</strong></span> <span class='ocrx_word' id='word_1_91' title='bbox 1436 1374 1683 1430; x_wconf 84' lang='lat' dir='ltr'><strong>confecto</strong></span> <span class='ocrx_word' id='word_1_92' title='bbox 1708 1375 1818 1446; x_wconf 90' lang='lat'><strong>(76)</strong></span> 
     </span>
    </p>
   </div>
   <div class='ocr_carea' id='block_1_15' title="bbox 258 1466 1814 1534">
    <p class='ocr_par' dir='ltr' id='par_1_15' title="bbox 258 1466 1814 1534">
     <span class='ocr_line' id='line_1_15' title="bbox 258 1466 1814 1534; baseline -0.004 -10"><span class='ocrx_word' id='word_1_93' title='bbox 258 1496 275 1524; x_wconf 73' lang='grc' dir='ltr'>ι</span> <span class='ocrx_word' id='word_1_94' title='bbox 312 1490 372 1527; x_wconf 83' lang='lat' dir='ltr'><strong>lll</strong></span> <span class='ocrx_word' id='word_1_95' title='bbox 408 1472 683 1527; x_wconf 82' lang='lat' dir='ltr'><strong>Kalendas</strong></span> <span class='ocrx_word' id='word_1_96' title='bbox 703 1471 963 1534; x_wconf 86' lang='lat' dir='ltr'><strong>Januarii,</strong></span> <span class='ocrx_word' id='word_1_97' title='bbox 984 1468 1178 1523; x_wconf 88' lang='lat' dir='ltr'><strong>Felicis</strong></span> <span class='ocrx_word' id='word_1_98' title='bbox 1211 1469 1262 1521; x_wconf 92' lang='lat' dir='ltr'><strong>in</strong></span> <span class='ocrx_word' id='word_1_99' title='bbox 1294 1466 1484 1521; x_wconf 90' lang='lat' dir='ltr'><strong>Calisti</strong></span> <span class='ocrx_word' id='word_1_100' title='bbox 1507 1466 1773 1534; x_wconf 83' lang='lat' dir='ltr'><strong>depositio</strong></span> <span class='ocrx_word' id='word_1_101' title='bbox 1796 1486 1814 1518; x_wconf 75' lang='grc' dir='ltr'><strong><em>ι</em></strong></span> 
     </span>
    </p>
   </div>
   <div class='ocr_carea' id='block_1_16' title="bbox 257 1555 1822 1630">
    <p class='ocr_par' dir='ltr' id='par_1_16' title="bbox 257 1555 1822 1630">
     <span class='ocr_line' id='line_1_16' title="bbox 257 1555 1822 1630; baseline -0.003 -15"><span class='ocrx_word' id='word_1_102' title='bbox 257 1563 534 1630; x_wconf 81' lang='lat' dir='ltr'><strong>signatur.</strong></span> <span class='ocrx_word' id='word_1_103' title='bbox 577 1558 636 1614; x_wconf 92' lang='lat' dir='ltr'><strong>In</strong></span> <span class='ocrx_word' id='word_1_104' title='bbox 665 1561 834 1614; x_wconf 91' lang='lat' dir='ltr'><strong>altero</strong></span> <span class='ocrx_word' id='word_1_105' title='bbox 871 1574 998 1612; x_wconf 82' lang='lat' dir='ltr'><strong>vero</strong></span> <span class='ocrx_word' id='word_1_106' title='bbox 1027 1557 1350 1611; x_wconf 82' lang='lat' dir='ltr'><strong>Kalendario</strong></span> <span class='ocrx_word' id='word_1_107' title='bbox 1375 1555 1622 1610; x_wconf 86' lang='lat' dir='ltr'><strong>Romano</strong></span> <span class='ocrx_word' id='word_1_108' title='bbox 1650 1557 1822 1610; x_wconf 85' lang='lat' dir='ltr'><strong>Fron-</strong></span> 
     </span>
    </p>
   </div>
   <div class='ocr_carea' id='block_1_17' title="bbox 257 1647 1819 1718">
    <p class='ocr_par' dir='ltr' id='par_1_17' title="bbox 257 1647 1819 1718">
     <span class='ocr_line' id='line_1_17' title="bbox 257 1647 1819 1718; baseline -0.002 -13"><span class='ocrx_word' id='word_1_109' title='bbox 257 1651 405 1705; x_wconf 87' lang='lat' dir='ltr'><strong>tonis</strong></span> <span class='ocrx_word' id='word_1_110' title='bbox 433 1651 553 1706; x_wconf 71' lang='lat' dir='ltr'><strong>haac</strong></span> <span class='ocrx_word' id='word_1_111' title='bbox 595 1649 782 1705; x_wconf 90' lang='lat' dir='ltr'><strong>eadem</strong></span> <span class='ocrx_word' id='word_1_112' title='bbox 831 1649 1097 1718; x_wconf 84' lang='lat' dir='ltr'><strong>depositio</strong></span> <span class='ocrx_word' id='word_1_113' title='bbox 1140 1647 1350 1702; x_wconf 87' lang='lat' dir='ltr'><strong>decimo</strong></span> <span class='ocrx_word' id='word_1_114' title='bbox 1385 1657 1579 1716; x_wconf 88' lang='lat' dir='ltr'><strong>quarto</strong></span> <span class='ocrx_word' id='word_1_115' title='bbox 1610 1647 1695 1702; x_wconf 87' lang='lat' dir='ltr'><strong>die</strong></span> <span class='ocrx_word' id='word_1_116' title='bbox 1724 1647 1819 1702; x_wconf 83' lang='lat' dir='ltr'><strong>Ja-</strong></span> 
     </span>
    </p>
   </div>
   <div class='ocr_carea' id='block_1_18' title="bbox 250 1738 1818 1811">
    <p class='ocr_par' dir='ltr' id='par_1_18' title="bbox 250 1738 1818 1811">
     <span class='ocr_line' id='line_1_18' title="bbox 250 1738 1818 1811; baseline -0.002 -16"><span class='ocrx_word' id='word_1_117' title='bbox 250 1742 436 1795; x_wconf 79' lang='lat' dir='ltr'><strong>nuarii</strong></span> <span class='ocrx_word' id='word_1_118' title='bbox 491 1741 819 1797; x_wconf 82' lang='lat' dir='ltr'><strong>describitur</strong></span> <span class='ocrx_word' id='word_1_119' title='bbox 869 1740 1004 1811; x_wconf 89' lang='lat'><strong>(77).</strong></span> <span class='ocrx_word' id='word_1_120' title='bbox 1049 1740 1108 1796; x_wconf 90' lang='lat' dir='ltr'><strong>S.</strong></span> <span class='ocrx_word' id='word_1_121' title='bbox 1157 1741 1376 1809; x_wconf 76' lang='lat' dir='ltr'><strong>Agnetis</strong></span> <span class='ocrx_word' id='word_1_122' title='bbox 1425 1740 1476 1793; x_wconf 93' lang='lat' dir='ltr'><strong>in</strong></span> <span class='ocrx_word' id='word_1_123' title='bbox 1531 1738 1818 1794; x_wconf 85' lang='lat' dir='ltr'><strong>Liberiano</strong></span> 
     </span>
    </p>
   </div>
   <div class='ocr_carea' id='block_1_19' title="bbox 1929 523 3488 598">
    <p class='ocr_par' dir='ltr' id='par_1_19' title="bbox 1929 523 3488 598">
     <span class='ocr_line' id='line_1_19' title="bbox 1929 523 3488 598; baseline -0.012 -3"><span class='ocrx_word' id='word_1_124' title='bbox 1929 539 2218 598; x_wconf 89' lang='lat' dir='ltr'><strong>Breviariis</strong></span> <span class='ocrx_word' id='word_1_125' title='bbox 2246 554 2378 592; x_wconf 90' lang='lat' dir='ltr'><strong>mss.</strong></span> <span class='ocrx_word' id='word_1_126' title='bbox 2409 534 2751 590; x_wconf 72' lang='lat' dir='ltr'><strong>bibliotheca:</strong></span> <span class='ocrx_word' id='word_1_127' title='bbox 2780 529 3175 593; x_wconf 66' lang='lat' dir='ltr'><strong>Ottobonianie,</strong></span> <span class='ocrx_word' id='word_1_128' title='bbox 3198 536 3252 581; x_wconf 89' lang='lat' dir='ltr'><strong>et</strong></span> <span class='ocrx_word' id='word_1_129' title='bbox 3281 526 3332 579; x_wconf 93' lang='lat' dir='ltr'><strong>in</strong></span> <span class='ocrx_word' id='word_1_130' title='bbox 3361 523 3488 578; x_wconf 88' lang='lat' dir='ltr'><strong>Bre-</strong></span> 
     </span>
    </p>
   </div>
   <div class='ocr_carea' id='block_1_20' title="bbox 1929 616 3487 697">
    <p class='ocr_par' dir='ltr' id='par_1_20' title="bbox 1929 616 3487 697">
     <span class='ocr_line' id='line_1_20' title="bbox 1929 616 3487 697; baseline -0.01 -9"><span class='ocrx_word' id='word_1_131' title='bbox 1929 631 2102 687; x_wconf 90' lang='lat' dir='ltr'><strong>viario</strong></span> <span class='ocrx_word' id='word_1_132' title='bbox 2133 630 2422 684; x_wconf 86' lang='lat' dir='ltr'><strong>Mozaraho</strong></span> <span class='ocrx_word' id='word_1_133' title='bbox 2452 626 2563 697; x_wconf 90' lang='grc'>(82)</span> <span class='ocrx_word' id='word_1_134' title='bbox 2595 625 2698 680; x_wconf 86' lang='lat' dir='ltr'><strong>sub</strong></span> <span class='ocrx_word' id='word_1_135' title='bbox 2736 623 2898 678; x_wconf 81' lang='lat' dir='ltr'><strong>Decio</strong></span> <span class='ocrx_word' id='word_1_136' title='bbox 2945 623 3267 692; x_wconf 87' lang='lat' dir='ltr'><strong>imperatore</strong></span> <span class='ocrx_word' id='word_1_137' title='bbox 3295 627 3348 673; x_wconf 91' lang='lat' dir='ltr'><strong>et</strong></span> <span class='ocrx_word' id='word_1_138' title='bbox 3379 616 3487 672; x_wconf 84' lang='lat' dir='ltr'><strong>Va-</strong></span> 
     </span>
    </p>
   </div>
   <div class='ocr_carea' id='block_1_21' title="bbox 1927 707 3489 792">
    <p class='ocr_par' dir='ltr' id='par_1_21' title="bbox 1927 707 3489 792">
     <span class='ocr_line' id='line_1_21' title="bbox 1927 707 3489 792; baseline -0.01 -14"><span class='ocrx_word' id='word_1_139' title='bbox 1927 723 2134 779; x_wconf 89' lang='lat' dir='ltr'><strong>leriano</strong></span> <span class='ocrx_word' id='word_1_140' title='bbox 2163 720 2416 792; x_wconf 66' lang='lat' dir='ltr'><strong>praefecto</strong></span> <span class='ocrx_word' id='word_1_141' title='bbox 2441 733 2635 788; x_wconf 86' lang='lat' dir='ltr'><strong>passus</strong></span> <span class='ocrx_word' id='word_1_142' title='bbox 2665 716 2998 789; x_wconf 88' lang='lat' dir='ltr'><strong>perhibetur,</strong></span> <span class='ocrx_word' id='word_1_143' title='bbox 3021 722 3076 768; x_wconf 92' lang='lat' dir='ltr'><strong>et</strong></span> <span class='ocrx_word' id='word_1_144' title='bbox 3109 713 3163 766; x_wconf 86' lang='lat' dir='ltr'><strong>in</strong></span> <span class='ocrx_word' id='word_1_145' title='bbox 3191 726 3316 781; x_wconf 85' lang='lat' dir='ltr'><strong>agro</strong></span> <span class='ocrx_word' id='word_1_146' title='bbox 3342 707 3489 762; x_wconf 65' lang='lat' dir='ltr'><strong>Pras-</strong></span> 
     </span>
    </p>
   </div>
   <div class='ocr_carea' id='block_1_22' title="bbox 1932 797 3489 882">
    <p class='ocr_par' dir='ltr' id='par_1_22' title="bbox 1932 797 3489 882">
     <span class='ocr_line' id='line_1_22' title="bbox 1932 797 3489 882; baseline -0.01 -14"><span class='ocrx_word' id='word_1_147' title='bbox 1932 817 2140 868; x_wconf 85' lang='lat' dir='ltr'><strong>toriano</strong></span> <span class='ocrx_word' id='word_1_148' title='bbox 2175 810 2427 882; x_wconf 78' lang='lat' dir='ltr'><strong>sepultus.</strong></span> <span class='ocrx_word' id='word_1_149' title='bbox 2468 809 2600 876; x_wconf 68' lang='lat' dir='ltr'><strong>Quae</strong></span> <span class='ocrx_word' id='word_1_150' title='bbox 2643 808 2859 879; x_wconf 89' lang='lat' dir='ltr'><strong>quidem</strong></span> <span class='ocrx_word' id='word_1_151' title='bbox 2899 818 3087 858; x_wconf 89' lang='lat' dir='ltr'><strong>omnes</strong></span> <span class='ocrx_word' id='word_1_152' title='bbox 3113 797 3489 869; x_wconf 60' lang='lat' dir='ltr'><strong>discrepantia!</strong></span> 
     </span>
    </p>
   </div>
   <div class='ocr_carea' id='block_1_23' title="bbox 1927 888 3485 964">
    <p class='ocr_par' dir='ltr' id='par_1_23' title="bbox 1927 888 3485 964">
     <span class='ocr_line' id='line_1_23' title="bbox 1927 888 3485 964; baseline -0.012 -5"><span class='ocrx_word' id='word_1_153' title='bbox 1927 914 2168 961; x_wconf 88' lang='lat' dir='ltr'><strong>nostram</strong></span> <span class='ocrx_word' id='word_1_154' title='bbox 2217 899 2538 958; x_wconf 87' lang='lat' dir='ltr'><strong>sententiam</strong></span> <span class='ocrx_word' id='word_1_155' title='bbox 2578 901 2645 955; x_wconf 91' lang='lat' dir='ltr'><strong>de</strong></span> <span class='ocrx_word' id='word_1_156' title='bbox 2689 906 2899 954; x_wconf 87' lang='lat' dir='ltr'><strong>mutato</strong></span> <span class='ocrx_word' id='word_1_157' title='bbox 2941 895 2998 951; x_wconf 92' lang='lat' dir='ltr'><strong>S.</strong></span> <span class='ocrx_word' id='word_1_158' title='bbox 3031 891 3298 964; x_wconf 88' lang='lat' dir='ltr'><strong>Ilippolyti</strong></span> <span class='ocrx_word' id='word_1_159' title='bbox 3347 888 3485 944; x_wconf 87' lang='lat' dir='ltr'><strong>l&#39;esto</strong></span> 
     </span>
    </p>
   </div>
   <div class='ocr_carea' id='block_1_24' title="bbox 1925 996 2613 1052">
    <p class='ocr_par' dir='ltr' id='par_1_24' title="bbox 1925 996 2613 1052">
     <span class='ocr_line' id='line_1_24' title="bbox 1925 996 2613 1052; baseline -0.001 -1"><span class='ocrx_word' id='word_1_160' title='bbox 1925 1012 2030 1052; x_wconf 92' lang='lat' dir='ltr'><strong>non</strong></span> <span class='ocrx_word' id='word_1_161' title='bbox 2061 997 2248 1051; x_wconf 87' lang='lat' dir='ltr'><strong>leviter</strong></span> <span class='ocrx_word' id='word_1_162' title='bbox 2269 996 2613 1050; x_wconf 78' lang='lat' dir='ltr'><strong>conﬁrmant.</strong></span> 
     </span>
    </p>
   </div>
   <div class='ocr_carea' id='block_1_25' title="bbox 1920 1090 3486 1176">
    <p class='ocr_par' dir='ltr' id='par_1_25' title="bbox 1920 1090 3486 1176">
     <span class='ocr_line' id='line_1_25' title="bbox 1920 1090 3486 1176; baseline -0.012 -14"><span class='ocrx_word' id='word_1_163' title='bbox 1920 1107 2161 1163; x_wconf 70' lang='lat' dir='ltr'><strong>XXVIII.</strong></span> <span class='ocrx_word' id='word_1_164' title='bbox 2210 1106 2304 1161; x_wconf 87' lang='lat' dir='ltr'><strong>Die</strong></span> <span class='ocrx_word' id='word_1_165' title='bbox 2340 1107 2411 1160; x_wconf 90' lang='grc'><strong>22</strong></span> <span class='ocrx_word' id='word_1_166' title='bbox 2441 1109 2585 1176; x_wconf 65' lang='lat' dir='ltr'><strong>Aug.</strong></span> <span class='ocrx_word' id='word_1_167' title='bbox 2606 1103 2756 1176; x_wconf 85' lang='lat' dir='ltr'><strong>modo</strong></span> <span class='ocrx_word' id='word_1_168' title='bbox 2787 1101 2849 1176; x_wconf 81' lang='lat' dir='ltr'><strong>ab</strong></span> <span class='ocrx_word' id='word_1_169' title='bbox 2881 1097 3137 1176; x_wconf 66' lang='lat' dir='ltr'><strong>Ecclesia,</strong></span> <span class='ocrx_word' id='word_1_170' title='bbox 3176 1103 3225 1176; x_wconf 67' lang='lat' dir='ltr'><strong>et</strong></span> <span class='ocrx_word' id='word_1_171' title='bbox 3252 1094 3305 1176; x_wconf 81' lang='lat' dir='ltr'><strong>in</strong></span> <span class='ocrx_word' id='word_1_172' title='bbox 3349 1090 3486 1176; x_wconf 68' lang='lat' dir='ltr'><strong>dia:-</strong></span> 
     </span>
    </p>
   </div>
   <div class='ocr_carea' id='block_1_26' title="bbox 1991 1162 3487 1301">
    <p class='ocr_par' dir='ltr' id='par_1_26' title="bbox 1991 1162 3487 1301">
     <span class='ocr_line' id='line_1_26' title="bbox 1991 1162 3487 1301; baseline -0.012 -70"><span class='ocrx_word' id='word_1_173' title='bbox 1991 1179 2106 1301; x_wconf 53' lang='lat' dir='ltr'><strong>gesi‘</strong></span> <span class='ocrx_word' id='word_1_174' title='bbox 2135 1162 2416 1231; x_wconf 78' lang='lat' dir='ltr'><strong>Parmensi</strong></span> <span class='ocrx_word' id='word_1_175' title='bbox 2451 1162 2814 1244; x_wconf 45' lang='lat' dir='ltr'><strong>S.&quot;Hippolyti</strong></span> <span class='ocrx_word' id='word_1_176' title='bbox 2838 1171 2997 1241; x_wconf 79' lang='lat' dir='ltr'><strong>episc.</strong></span> <span class='ocrx_word' id='word_1_177' title='bbox 3034 1167 3143 1220; x_wconf 79' lang='lat' dir='ltr'><strong>dies</strong></span> <span class='ocrx_word' id='word_1_178' title='bbox 3169 1165 3329 1232; x_wconf 78' lang='lat' dir='ltr'><strong>[estus</strong></span> <span class='ocrx_word' id='word_1_179' title='bbox 3356 1162 3487 1215; x_wconf 77' lang='lat' dir='ltr'><strong>cele-</strong></span> 
     </span>
     <span class='ocr_line' id='line_1_27' title="bbox 2025 1264 2194 1301; baseline 0.006 -2"><span class='ocrx_word' id='word_1_180' title='bbox 2025 1264 2194 1301; x_wconf 42' lang='lat' dir='ltr'><strong>ra.ur.</strong></span> 
     </span>
    </p>
   </div>
   <div class='ocr_carea' id='block_1_27' title="bbox 1996 1348 3486 1414">
    <p class='ocr_par' dir='ltr' id='par_1_27' title="bbox 1996 1348 3486 1414">
     <span class='ocr_line' id='line_1_28' title="bbox 1996 1348 3486 1414; baseline -0.012 0"><span class='ocrx_word' id='word_1_181' title='bbox 1996 1357 2097 1414; x_wconf 91' lang='lat' dir='ltr'><strong>Sed</strong></span> <span class='ocrx_word' id='word_1_182' title='bbox 2127 1373 2196 1412; x_wconf 89' lang='lat' dir='ltr'><strong>ne</strong></span> <span class='ocrx_word' id='word_1_183' title='bbox 2235 1357 2586 1411; x_wconf 82' lang='lat' dir='ltr'><strong>inveteratam</strong></span> <span class='ocrx_word' id='word_1_184' title='bbox 2631 1353 2891 1408; x_wconf 72' lang='lat' dir='ltr'><strong>Romana:</strong></span> <span class='ocrx_word' id='word_1_185' title='bbox 2919 1348 3172 1404; x_wconf 60' lang='lat' dir='ltr'><strong>Ecclesia</strong></span> <span class='ocrx_word' id='word_1_186' title='bbox 3196 1352 3486 1401; x_wconf 90' lang='lat' dir='ltr'><strong>consuetu-</strong></span> 
     </span>
    </p>
   </div>
   <div class='ocr_carea' id='block_1_28' title="bbox 1919 1432 3484 1517">
    <p class='ocr_par' dir='ltr' id='par_1_28' title="bbox 1919 1432 3484 1517">
     <span class='ocr_line' id='line_1_29' title="bbox 1919 1432 3484 1517; baseline -0.013 -14"><span class='ocrx_word' id='word_1_187' title='bbox 1919 1450 2121 1512; x_wconf 87' lang='lat' dir='ltr'><strong>dinem,</strong></span> <span class='ocrx_word' id='word_1_188' title='bbox 2150 1463 2314 1517; x_wconf 90' lang='lat' dir='ltr'><strong>quam</strong></span> <span class='ocrx_word' id='word_1_189' title='bbox 2347 1461 2493 1500; x_wconf 90' lang='lat' dir='ltr'><strong>nunc</strong></span> <span class='ocrx_word' id='word_1_190' title='bbox 2549 1444 2834 1498; x_wconf 90' lang='lat' dir='ltr'><strong>universus</strong></span> <span class='ocrx_word' id='word_1_191' title='bbox 2886 1437 3152 1493; x_wconf 89' lang='lat' dir='ltr'><strong>Occidens</strong></span> <span class='ocrx_word' id='word_1_192' title='bbox 3201 1432 3484 1502; x_wconf 81' lang='lat' dir='ltr'><strong>amplexus</strong></span> 
     </span>
    </p>
   </div>
   <div class='ocr_carea' id='block_1_29' title="bbox 1919 1529 3484 1607">
    <p class='ocr_par' dir='ltr' id='par_1_29' title="bbox 1919 1529 3484 1607">
     <span class='ocr_line' id='line_1_30' title="bbox 1919 1529 3484 1607; baseline -0.013 -10"><span class='ocrx_word' id='word_1_193' title='bbox 1919 1552 2022 1607; x_wconf 89' lang='lat' dir='ltr'><strong>est,</strong></span> <span class='ocrx_word' id='word_1_194' title='bbox 2056 1541 2315 1594; x_wconf 87' lang='lat' dir='ltr'><strong>innovare</strong></span> <span class='ocrx_word' id='word_1_195' title='bbox 2342 1538 2479 1593; x_wconf 88' lang='lat' dir='ltr'><strong>velle</strong></span> <span class='ocrx_word' id='word_1_196' title='bbox 2508 1537 2668 1590; x_wconf 89' lang='lat' dir='ltr'><strong>nobis</strong></span> <span class='ocrx_word' id='word_1_197' title='bbox 2700 1533 2969 1604; x_wconf 89' lang='lat' dir='ltr'><strong>quispiam</strong></span> <span class='ocrx_word' id='word_1_198' title='bbox 3003 1529 3136 1584; x_wconf 89' lang='lat' dir='ltr'><strong>vitio</strong></span> <span class='ocrx_word' id='word_1_199' title='bbox 3165 1534 3358 1588; x_wconf 87' lang='lat' dir='ltr'><strong>vertat,</strong></span> <span class='ocrx_word' id='word_1_200' title='bbox 3387 1539 3484 1577; x_wconf 90' lang='lat' dir='ltr'><strong>an-</strong></span> 
     </span>
    </p>
   </div>
   <div class='ocr_carea' id='block_1_30' title="bbox 1921 1616 3480 1703">
    <p class='ocr_par' dir='ltr' id='par_1_30' title="bbox 1921 1616 3480 1703">
     <span class='ocr_line' id='line_1_31' title="bbox 1921 1616 3480 1703; baseline -0.013 -14"><span class='ocrx_word' id='word_1_201' title='bbox 1921 1649 2084 1689; x_wconf 89' lang='lat' dir='ltr'><strong>nuam</strong></span> <span class='ocrx_word' id='word_1_202' title='bbox 2109 1633 2171 1686; x_wconf 89' lang='lat' dir='ltr'><strong>B.</strong></span> <span class='ocrx_word' id='word_1_203' title='bbox 2202 1630 2472 1703; x_wconf 84' lang='lat' dir='ltr'><strong>Hippolyti</strong></span> <span class='ocrx_word' id='word_1_204' title='bbox 2499 1629 2895 1686; x_wconf 86' lang='lat' dir='ltr'><strong>solemnitatem</strong></span> <span class='ocrx_word' id='word_1_205' title='bbox 2925 1627 3114 1679; x_wconf 89' lang='lat' dir='ltr'><strong>eodem</strong></span> <span class='ocrx_word' id='word_1_206' title='bbox 3145 1621 3252 1682; x_wconf 88' lang='lat' dir='ltr'><strong>die,</strong></span> <span class='ocrx_word' id='word_1_207' title='bbox 3285 1632 3394 1688; x_wconf 88' lang='lat' dir='ltr'><strong>quo</strong></span> <span class='ocrx_word' id='word_1_208' title='bbox 3427 1616 3480 1670; x_wconf 89' lang='lat' dir='ltr'><strong>in</strong></span> 
     </span>
    </p>
   </div>
   <div class='ocr_carea' id='block_1_31' title="bbox 1924 1710 3486 1796">
    <p class='ocr_par' dir='ltr' id='par_1_31' title="bbox 1924 1710 3486 1796">
     <span class='ocr_line' id='line_1_32' title="bbox 1924 1710 3486 1796; baseline -0.012 -16"><span class='ocrx_word' id='word_1_209' title='bbox 1924 1725 2306 1796; x_wconf 79' lang='lat' dir='ltr'><strong>Hartyrologio</strong></span> <span class='ocrx_word' id='word_1_210' title='bbox 2351 1721 2595 1776; x_wconf 82' lang='lat' dir='ltr'><strong>Romano</strong></span> <span class='ocrx_word' id='word_1_211' title='bbox 2640 1721 2888 1783; x_wconf 88' lang='lat' dir='ltr'><strong>habetur,</strong></span> <span class='ocrx_word' id='word_1_212' title='bbox 2921 1730 3066 1769; x_wconf 91' lang='lat' dir='ltr'><strong>nunc</strong></span> <span class='ocrx_word' id='word_1_213' title='bbox 3107 1710 3272 1767; x_wconf 84' lang='lat' dir='ltr'><strong>recoli</strong></span> <span class='ocrx_word' id='word_1_214' title='bbox 3323 1723 3486 1778; x_wconf 88' lang='lat' dir='ltr'><strong>posse</strong></span> 
     </span>
    </p>
   </div>
   <div class='ocr_carea' id='block_1_32' title="bbox 248 1801 3481 1888">
    <p class='ocr_par' dir='ltr' id='par_1_32' title="bbox 248 1801 3481 1888">
     <span class='ocr_line' id='line_1_33' title="bbox 248 1801 3481 1888; baseline -0.012 3"><span class='ocrx_word' id='word_1_215' title='bbox 248 1835 412 1888; x_wconf 85' lang='lat' dir='ltr'><strong>unica</strong></span> <span class='ocrx_word' id='word_1_216' title='bbox 446 1833 656 1886; x_wconf 86' lang='lat' dir='ltr'><strong>mentio</strong></span> <span class='ocrx_word' id='word_1_217' title='bbox 699 1801 926 1886; x_wconf 80' lang='lat' dir='ltr'><strong>habetur</strong></span> <span class='ocrx_word' id='word_1_218' title='bbox 958 1851 972 1887; x_wconf 87' lang='lat'>:</span> <span class='ocrx_word' id='word_1_219' title='bbox 1014 1852 1032 1884; x_wconf 77' lang='grc' dir='ltr'><strong><em>ι</em></strong></span> <span class='ocrx_word' id='word_1_220' title='bbox 1073 1801 1392 1888; x_wconf 68' lang='lat' dir='ltr'><strong>duodecimo</strong></span> <span class='ocrx_word' id='word_1_221' title='bbox 1425 1831 1692 1886; x_wconf 73' lang='lat' dir='ltr'><strong>Kalendas</strong></span> <span class='ocrx_word' id='word_1_222' title='bbox 1722 1830 1822 1885; x_wconf 75' lang='lat' dir='ltr'><strong>Fe.</strong></span> <span class='ocrx_word' id='word_1_223' title='bbox 1853 1801 1895 1854; x_wconf 69' lang='grc' dir='ltr'><strong>Β</strong></span> <span class='ocrx_word' id='word_1_224' title='bbox 1922 1835 2027 1872; x_wconf 90' lang='lat' dir='ltr'><strong>non</strong></span> <span class='ocrx_word' id='word_1_225' title='bbox 2065 1817 2399 1871; x_wconf 87' lang='lat' dir='ltr'><strong>dubitamus.</strong></span> <span class='ocrx_word' id='word_1_226' title='bbox 2433 1812 2557 1868; x_wconf 65' lang='lat' dir='ltr'><strong>Haec</strong></span> <span class='ocrx_word' id='word_1_227' title='bbox 2595 1822 2803 1866; x_wconf 90' lang='lat' dir='ltr'><strong>tantum</strong></span> <span class='ocrx_word' id='word_1_228' title='bbox 2839 1808 3172 1866; x_wconf 88' lang='lat' dir='ltr'><strong>monuimus,</strong></span> <span class='ocrx_word' id='word_1_229' title='bbox 3204 1811 3263 1857; x_wconf 92' lang='lat' dir='ltr'><strong>ut</strong></span> <span class='ocrx_word' id='word_1_230' title='bbox 3295 1810 3481 1856; x_wconf 75' lang='lat' dir='ltr'><strong>osten-</strong></span> 
     </span>
    </p>
   </div>
   <div class='ocr_carea' id='block_1_33' title="bbox 253 1921 1821 1995">
    <p class='ocr_par' dir='ltr' id='par_1_33' title="bbox 253 1921 1821 1995">
     <span class='ocr_line' id='line_1_34' title="bbox 253 1921 1821 1995; baseline -0.002 -17"><span class='ocrx_word' id='word_1_231' title='bbox 253 1925 468 1978; x_wconf 82' lang='lat' dir='ltr'><strong>hruarii</strong></span> <span class='ocrx_word' id='word_1_232' title='bbox 500 1923 726 1993; x_wconf 81' lang='lat' dir='ltr'><strong>Agnetis</strong></span> <span class='ocrx_word' id='word_1_233' title='bbox 759 1924 810 1976; x_wconf 91' lang='lat' dir='ltr'><strong>in</strong></span> <span class='ocrx_word' id='word_1_234' title='bbox 854 1921 1189 1978; x_wconf 85' lang='lat' dir='ltr'><strong>Nomentana</strong></span> <span class='ocrx_word' id='word_1_235' title='bbox 1225 1923 1377 1995; x_wconf 91' lang='lat'><strong>(78);</strong></span> <span class='ocrx_word' id='word_1_236' title='bbox 1427 1942 1446 1974; x_wconf 82' lang='grc'><strong>›</strong></span> <span class='ocrx_word' id='word_1_237' title='bbox 1475 1924 1616 1993; x_wconf 89' lang='lat' dir='ltr'><strong>apud</strong></span> <span class='ocrx_word' id='word_1_238' title='bbox 1650 1923 1821 1977; x_wconf 89' lang='lat' dir='ltr'><strong>Fron-</strong></span> 
     </span>
    </p>
   </div>
   <div class='ocr_carea' id='block_1_34' title="bbox 251 2014 1822 2086">
    <p class='ocr_par' dir='ltr' id='par_1_34' title="bbox 251 2014 1822 2086">
     <span class='ocr_line' id='line_1_35' title="bbox 251 2014 1822 2086; baseline -0.001 -15"><span class='ocrx_word' id='word_1_239' title='bbox 251 2026 439 2071; x_wconf 50' lang='lat' dir='ltr'><strong>tenem</strong></span> <span class='ocrx_word' id='word_1_240' title='bbox 478 2016 585 2070; x_wconf 92' lang='lat' dir='ltr'><strong>hac</strong></span> <span class='ocrx_word' id='word_1_241' title='bbox 611 2015 798 2070; x_wconf 88' lang='lat' dir='ltr'><strong>eadem</strong></span> <span class='ocrx_word' id='word_1_242' title='bbox 830 2016 916 2070; x_wconf 89' lang='lat' dir='ltr'><strong>die</strong></span> <span class='ocrx_word' id='word_1_243' title='bbox 947 2014 1081 2084; x_wconf 87' lang='lat'><strong>(79),</strong></span> <span class='ocrx_word' id='word_1_244' title='bbox 1115 2024 1169 2070; x_wconf 91' lang='lat' dir='ltr'><strong>et</strong></span> <span class='ocrx_word' id='word_1_245' title='bbox 1197 2016 1455 2086; x_wconf 82' lang='lat' dir='ltr'><strong>vigesima</strong></span> <span class='ocrx_word' id='word_1_246' title='bbox 1491 2024 1682 2070; x_wconf 90' lang='lat' dir='ltr'><strong>octava</strong></span> <span class='ocrx_word' id='word_1_247' title='bbox 1728 2014 1822 2070; x_wconf 81' lang='lat' dir='ltr'><strong>Ja-</strong></span> 
     </span>
    </p>
   </div>
   <div class='ocr_carea' id='block_1_35' title="bbox 249 2105 1820 2177">
    <p class='ocr_par' dir='ltr' id='par_1_35' title="bbox 249 2105 1820 2177">
     <span class='ocr_line' id='line_1_36' title="bbox 249 2105 1820 2177; baseline 0.001 -18"><span class='ocrx_word' id='word_1_248' title='bbox 249 2108 438 2162; x_wconf 85' lang='lat' dir='ltr'><strong>nuarii</strong></span> <span class='ocrx_word' id='word_1_249' title='bbox 493 2107 725 2162; x_wconf 85' lang='lat' dir='ltr'><strong>habetur</strong></span> <span class='ocrx_word' id='word_1_250' title='bbox 777 2125 795 2159; x_wconf 77' lang='lat' dir='ltr'><strong>i</strong></span> <span class='ocrx_word' id='word_1_251' title='bbox 847 2105 1033 2162; x_wconf 85' lang='lat' dir='ltr'><strong>Natale</strong></span> <span class='ocrx_word' id='word_1_252' title='bbox 1080 2106 1137 2162; x_wconf 93' lang='lat' dir='ltr'><strong>S.</strong></span> <span class='ocrx_word' id='word_1_253' title='bbox 1189 2107 1373 2176; x_wconf 70' lang='lat' dir='ltr'><strong>Agnze.</strong></span> <span class='ocrx_word' id='word_1_254' title='bbox 1419 2127 1437 2159; x_wconf 76' lang='grc' dir='ltr'><strong>ι</strong></span> <span class='ocrx_word' id='word_1_255' title='bbox 1492 2109 1568 2162; x_wconf 91' lang='lat' dir='ltr'><strong>lta</strong></span> <span class='ocrx_word' id='word_1_256' title='bbox 1619 2108 1820 2177; x_wconf 83' lang='lat' dir='ltr'><strong>pariter</strong></span> 
     </span>
    </p>
   </div>
   <div class='ocr_carea' id='block_1_36' title="bbox 248 2197 1821 2270">
    <p class='ocr_par' dir='ltr' id='par_1_36' title="bbox 248 2197 1821 2270">
     <span class='ocr_line' id='line_1_37' title="bbox 248 2197 1821 2270; baseline 0 -18"><span class='ocrx_word' id='word_1_257' title='bbox 248 2198 302 2252; x_wconf 88' lang='lat' dir='ltr'><strong>S.</strong></span> <span class='ocrx_word' id='word_1_258' title='bbox 342 2197 630 2269; x_wconf 80' lang='lat' dir='ltr'><strong>Hippolyti</strong></span> <span class='ocrx_word' id='word_1_259' title='bbox 664 2200 836 2252; x_wconf 90' lang='lat' dir='ltr'><strong>nostri</strong></span> <span class='ocrx_word' id='word_1_260' title='bbox 887 2199 1148 2253; x_wconf 88' lang='lat' dir='ltr'><strong>memoria</strong></span> <span class='ocrx_word' id='word_1_261' title='bbox 1195 2198 1248 2252; x_wconf 90' lang='lat' dir='ltr'><strong>in</strong></span> <span class='ocrx_word' id='word_1_262' title='bbox 1287 2197 1597 2254; x_wconf 63' lang='lat' dir='ltr'><strong>Graecorum</strong></span> <span class='ocrx_word' id='word_1_263' title='bbox 1647 2197 1821 2270; x_wconf 86' lang='lat' dir='ltr'><strong>Syna-</strong></span> 
     </span>
    </p>
   </div>
   <div class='ocr_carea' id='block_1_37' title="bbox 249 2288 1814 2360">
    <p class='ocr_par' dir='ltr' id='par_1_37' title="bbox 249 2288 1814 2360">
     <span class='ocr_line' id='line_1_38' title="bbox 249 2288 1814 2360; baseline 0.001 -18"><span class='ocrx_word' id='word_1_264' title='bbox 249 2290 424 2345; x_wconf 79' lang='lat' dir='ltr'><strong>xariis</strong></span> <span class='ocrx_word' id='word_1_265' title='bbox 454 2329 470 2351; x_wconf 85' lang='lat'><strong>,</strong></span> <span class='ocrx_word' id='word_1_266' title='bbox 515 2299 565 2344; x_wconf 94' lang='lat' dir='ltr'><strong>ct</strong></span> <span class='ocrx_word' id='word_1_267' title='bbox 644 2291 696 2343; x_wconf 93' lang='lat' dir='ltr'><strong>in</strong></span> <span class='ocrx_word' id='word_1_268' title='bbox 759 2288 1144 2360; x_wconf 80' lang='lat' dir='ltr'><strong>Martyrologio</strong></span> <span class='ocrx_word' id='word_1_269' title='bbox 1206 2289 1544 2345; x_wconf 82' lang='lat' dir='ltr'><strong>Dacheriano</strong></span> <span class='ocrx_word' id='word_1_270' title='bbox 1592 2289 1662 2344; x_wconf 85' lang='grc'><strong>28</strong></span> <span class='ocrx_word' id='word_1_271' title='bbox 1693 2289 1814 2344; x_wconf 84' lang='lat' dir='ltr'><strong>Jan.</strong></span> 
     </span>
    </p>
   </div>
   <div class='ocr_carea' id='block_1_38' title="bbox 243 2377 1817 2451">
    <p class='ocr_par' dir='ltr' id='par_1_38' title="bbox 243 2377 1817 2451">
     <span class='ocr_line' id='line_1_39' title="bbox 243 2377 1817 2451; baseline 0 -17"><span class='ocrx_word' id='word_1_272' title='bbox 243 2380 585 2435; x_wconf 77' lang='lat' dir='ltr'><strong>Celebratur.</strong></span> <span class='ocrx_word' id='word_1_273' title='bbox 644 2378 699 2432; x_wconf 90' lang='lat' dir='ltr'><strong>In</strong></span> <span class='ocrx_word' id='word_1_274' title='bbox 749 2377 994 2434; x_wconf 82' lang='lat' dir='ltr'><strong>Romano</strong></span> <span class='ocrx_word' id='word_1_275' title='bbox 1037 2379 1416 2451; x_wconf 78' lang='lat' dir='ltr'><strong>Martyrologio</strong></span> <span class='ocrx_word' id='word_1_276' title='bbox 1456 2380 1527 2433; x_wconf 89' lang='grc'><strong>22</strong></span> <span class='ocrx_word' id='word_1_277' title='bbox 1569 2380 1731 2450; x_wconf 80' lang='lat' dir='ltr'><strong>Aug.,</strong></span> <span class='ocrx_word' id='word_1_278' title='bbox 1761 2379 1817 2434; x_wconf 89' lang='lat' dir='ltr'><strong>in</strong></span> 
     </span>
    </p>
   </div>
   <div class='ocr_carea' id='block_1_39' title="bbox 244 2470 1820 2543">
    <p class='ocr_par' dir='ltr' id='par_1_39' title="bbox 244 2470 1820 2543">
     <span class='ocr_line' id='line_1_40' title="bbox 244 2470 1820 2543; baseline 0 -17"><span class='ocrx_word' id='word_1_279' title='bbox 244 2473 352 2527; x_wconf 89' lang='lat' dir='ltr'><strong>alio</strong></span> <span class='ocrx_word' id='word_1_280' title='bbox 391 2474 724 2543; x_wconf 86' lang='lat' dir='ltr'><strong>perantiquo</strong></span> <span class='ocrx_word' id='word_1_281' title='bbox 755 2473 1091 2528; x_wconf 78' lang='lat' dir='ltr'><strong>bibliotheca:</strong></span> <span class='ocrx_word' id='word_1_282' title='bbox 1128 2470 1516 2536; x_wconf 67' lang='lat' dir='ltr'><strong>Ottoboniauaa,</strong></span> <span class='ocrx_word' id='word_1_283' title='bbox 1547 2481 1600 2526; x_wconf 88' lang='lat' dir='ltr'><strong>et</strong></span> <span class='ocrx_word' id='word_1_284' title='bbox 1648 2472 1820 2526; x_wconf 91' lang='lat' dir='ltr'><strong>altero</strong></span> 
     </span>
    </p>
   </div>
   <div class='ocr_carea' id='block_1_40' title="bbox 243 2563 1819 2635">
    <p class='ocr_par' dir='ltr' id='par_1_40' title="bbox 243 2563 1819 2635">
     <span class='ocr_line' id='line_1_41' title="bbox 243 2563 1819 2635; baseline 0.002 -17"><span class='ocrx_word' id='word_1_285' title='bbox 243 2565 394 2633; x_wconf 83' lang='lat' dir='ltr'><strong>apud</strong></span> <span class='ocrx_word' id='word_1_286' title='bbox 453 2563 790 2630; x_wconf 87' lang='lat' dir='ltr'><strong>Fabricium,</strong></span> <span class='ocrx_word' id='word_1_287' title='bbox 835 2565 905 2619; x_wconf 85' lang='grc'>25</span> <span class='ocrx_word' id='word_1_288' title='bbox 935 2565 1107 2635; x_wconf 87' lang='lat' dir='ltr'><strong>ejusd.</strong></span> <span class='ocrx_word' id='word_1_289' title='bbox 1137 2564 1340 2620; x_wconf 89' lang='lat' dir='ltr'><strong>mensis</strong></span> <span class='ocrx_word' id='word_1_290' title='bbox 1364 2563 1498 2633; x_wconf 89' lang='lat'><strong>(80).</strong></span> <span class='ocrx_word' id='word_1_291' title='bbox 1539 2565 1696 2621; x_wconf 89' lang='lat' dir='ltr'><strong>Aliud</strong></span> <span class='ocrx_word' id='word_1_292' title='bbox 1725 2565 1819 2621; x_wconf 89' lang='lat' dir='ltr'><strong>de-</strong></span> 
     </span>
    </p>
   </div>
   <div class='ocr_carea' id='block_1_41' title="bbox 242 2655 1820 2726">
    <p class='ocr_par' dir='ltr' id='par_1_41' title="bbox 242 2655 1820 2726">
     <span class='ocr_line' id='line_1_42' title="bbox 242 2655 1820 2726; baseline 0.001 -18"><span class='ocrx_word' id='word_1_293' title='bbox 242 2656 415 2725; x_wconf 86' lang='lat' dir='ltr'><strong>nique</strong></span> <span class='ocrx_word' id='word_1_294' title='bbox 455 2656 602 2724; x_wconf 88' lang='lat' dir='ltr'><strong>apud</strong></span> <span class='ocrx_word' id='word_1_295' title='bbox 635 2657 882 2710; x_wconf 88' lang='lat' dir='ltr'><strong>eumdem</strong></span> <span class='ocrx_word' id='word_1_296' title='bbox 911 2656 1214 2710; x_wconf 82' lang='lat' dir='ltr'><strong>Fabricium</strong></span> <span class='ocrx_word' id='word_1_297' title='bbox 1249 2657 1408 2710; x_wconf 90' lang='lat' dir='ltr'><strong>tertio</strong></span> <span class='ocrx_word' id='word_1_298' title='bbox 1430 2655 1554 2711; x_wconf 89' lang='lat' dir='ltr'><strong>Idus</strong></span> <span class='ocrx_word' id='word_1_299' title='bbox 1577 2655 1820 2726; x_wconf 88' lang='lat' dir='ltr'><strong>Septem-</strong></span> 
     </span>
    </p>
   </div>
   <div class='ocr_carea' id='block_1_42' title="bbox 242 2747 1817 2820">
    <p class='ocr_par' dir='ltr' id='par_1_42' title="bbox 242 2747 1817 2820">
     <span class='ocr_line' id='line_1_43' title="bbox 242 2747 1817 2820; baseline -0.001 -17"><span class='ocrx_word' id='word_1_300' title='bbox 242 2751 358 2804; x_wconf 83' lang='lat' dir='ltr'><strong>bris</strong></span> <span class='ocrx_word' id='word_1_301' title='bbox 394 2749 458 2805; x_wconf 92' lang='lat' dir='ltr'><strong>S.</strong></span> <span class='ocrx_word' id='word_1_302' title='bbox 500 2748 773 2820; x_wconf 79' lang='lat' dir='ltr'><strong>Hippolyti</strong></span> <span class='ocrx_word' id='word_1_303' title='bbox 814 2747 1005 2803; x_wconf 77' lang='lat' dir='ltr'><strong>festum</strong></span> <span class='ocrx_word' id='word_1_304' title='bbox 1057 2748 1246 2802; x_wconf 88' lang='lat' dir='ltr'><strong>recitat</strong></span> <span class='ocrx_word' id='word_1_305' title='bbox 1287 2747 1421 2818; x_wconf 94' lang='grc'>(81).</span> <span class='ocrx_word' id='word_1_306' title='bbox 1472 2747 1702 2816; x_wconf 87' lang='lat' dir='ltr'><strong>Ideoque</strong></span> <span class='ocrx_word' id='word_1_307' title='bbox 1743 2749 1817 2802; x_wconf 91' lang='lat' dir='ltr'><strong>nil</strong></span> 
     </span>
    </p>
   </div>
   <div class='ocr_carea' id='block_1_43' title="bbox 243 2838 1817 2909">
    <p class='ocr_par' dir='ltr' id='par_1_43' title="bbox 243 2838 1817 2909">
     <span class='ocr_line' id='line_1_44' title="bbox 243 2838 1817 2909; baseline -0.001 -16"><span class='ocrx_word' id='word_1_308' title='bbox 243 2841 481 2906; x_wconf 87' lang='lat' dir='ltr'><strong>mirum,</strong></span> <span class='ocrx_word' id='word_1_309' title='bbox 511 2841 558 2896; x_wconf 94' lang='lat' dir='ltr'><strong>si</strong></span> <span class='ocrx_word' id='word_1_310' title='bbox 595 2840 794 2895; x_wconf 87' lang='lat' dir='ltr'><strong>nostris</strong></span> <span class='ocrx_word' id='word_1_311' title='bbox 831 2839 980 2895; x_wconf 89' lang='lat' dir='ltr'><strong>hisce</strong></span> <span class='ocrx_word' id='word_1_312' title='bbox 1012 2839 1344 2908; x_wconf 84' lang='lat' dir='ltr'><strong>temporibus</strong></span> <span class='ocrx_word' id='word_1_313' title='bbox 1365 2839 1560 2893; x_wconf 82' lang='lat' dir='ltr'><strong>natalis</strong></span> <span class='ocrx_word' id='word_1_314' title='bbox 1591 2838 1648 2894; x_wconf 93' lang='grc'><strong>8.</strong></span> <span class='ocrx_word' id='word_1_315' title='bbox 1686 2838 1817 2909; x_wconf 86' lang='lat' dir='ltr'><strong>Ilip-</strong></span> 
     </span>
    </p>
   </div>
   <div class='ocr_carea' id='block_1_44' title="bbox 241 2931 1820 3004">
    <p class='ocr_par' dir='ltr' id='par_1_44' title="bbox 241 2931 1820 3004">
     <span class='ocr_line' id='line_1_45' title="bbox 241 2931 1820 3004; baseline 0 -18"><span class='ocrx_word' id='word_1_316' title='bbox 241 2934 417 3004; x_wconf 84' lang='lat' dir='ltr'><strong>polyti</strong></span> <span class='ocrx_word' id='word_1_317' title='bbox 447 2933 694 3002; x_wconf 93' lang='lat' dir='ltr'><strong>episcopi</strong></span> <span class='ocrx_word' id='word_1_318' title='bbox 723 2931 1036 2986; x_wconf 85' lang='lat' dir='ltr'><strong>Portuensis</strong></span> <span class='ocrx_word' id='word_1_319' title='bbox 1061 2947 1125 2984; x_wconf 85' lang='lat' dir='ltr'><strong>ex</strong></span> <span class='ocrx_word' id='word_1_320' title='bbox 1156 2932 1370 3000; x_wconf 83' lang='lat' dir='ltr'><strong>propria</strong></span> <span class='ocrx_word' id='word_1_321' title='bbox 1401 2932 1528 2985; x_wconf 90' lang='lat' dir='ltr'><strong>sede</strong></span> <span class='ocrx_word' id='word_1_322' title='bbox 1551 2931 1820 3000; x_wconf 86' lang='lat' dir='ltr'><strong>quodam-</strong></span> 
     </span>
    </p>
   </div>
   <div class='ocr_carea' id='block_1_45' title="bbox 239 3021 1820 3092">
    <p class='ocr_par' dir='ltr' id='par_1_45' title="bbox 239 3021 1820 3092">
     <span class='ocr_line' id='line_1_46' title="bbox 239 3021 1820 3092; baseline 0 -14"><span class='ocrx_word' id='word_1_323' title='bbox 239 3027 409 3081; x_wconf 84' lang='lat' dir='ltr'><strong>modo</strong></span> <span class='ocrx_word' id='word_1_324' title='bbox 449 3025 697 3088; x_wconf 83' lang='lat' dir='ltr'><strong>avulsus,</strong></span> <span class='ocrx_word' id='word_1_325' title='bbox 728 3024 1009 3078; x_wconf 87' lang='lat' dir='ltr'><strong>undecimo</strong></span> <span class='ocrx_word' id='word_1_326' title='bbox 1042 3021 1162 3077; x_wconf 83' lang='lat' dir='ltr'><strong>Kal.</strong></span> <span class='ocrx_word' id='word_1_327' title='bbox 1207 3021 1538 3092; x_wconf 86' lang='lat' dir='ltr'><strong>Septembris</strong></span> <span class='ocrx_word' id='word_1_328' title='bbox 1583 3024 1820 3078; x_wconf 88' lang='lat' dir='ltr'><strong>celebre-</strong></span> 
     </span>
    </p>
   </div>
   <div class='ocr_carea' id='block_1_46' title="bbox 1919 1893 3480 1960">
    <p class='ocr_par' dir='ltr' id='par_1_46' title="bbox 1919 1893 3480 1960">
     <span class='ocr_line' id='line_1_47' title="bbox 1919 1893 3480 1960; baseline -0.011 -1"><span class='ocrx_word' id='word_1_329' title='bbox 1919 1905 2174 1960; x_wconf 82' lang='lat' dir='ltr'><strong>deremus</strong></span> <span class='ocrx_word' id='word_1_330' title='bbox 2217 1903 2651 1958; x_wconf 88' lang='lat' dir='ltr'><strong>vetustissimum</strong></span> <span class='ocrx_word' id='word_1_331' title='bbox 2685 1899 2853 1954; x_wconf 81' lang='lat' dir='ltr'><strong>fuisse</strong></span> <span class='ocrx_word' id='word_1_332' title='bbox 2889 1913 3012 1952; x_wconf 91' lang='lat' dir='ltr'><strong>cum</strong></span> <span class='ocrx_word' id='word_1_333' title='bbox 3041 1897 3095 1950; x_wconf 90' lang='lat' dir='ltr'><strong>in</strong></span> <span class='ocrx_word' id='word_1_334' title='bbox 3124 1893 3336 1955; x_wconf 86' lang='lat' dir='ltr'><strong>Latina,</strong></span> <span class='ocrx_word' id='word_1_335' title='bbox 3367 1900 3480 1945; x_wconf 91' lang='lat' dir='ltr'><strong>tum</strong></span> 
     </span>
    </p>
   </div>
   <div class='ocr_carea' id='block_1_47' title="bbox 1920 1981 3483 2062">
    <p class='ocr_par' dir='ltr' id='par_1_47' title="bbox 1920 1981 3483 2062">
     <span class='ocr_line' id='line_1_48' title="bbox 1920 1981 3483 2062; baseline -0.012 -10"><span class='ocrx_word' id='word_1_336' title='bbox 1920 1998 1974 2052; x_wconf 92' lang='lat' dir='ltr'><strong>iu</strong></span> <span class='ocrx_word' id='word_1_337' title='bbox 2005 1997 2189 2052; x_wconf 64' lang='lat' dir='ltr'><strong>Graeca</strong></span> <span class='ocrx_word' id='word_1_338' title='bbox 2222 1994 2463 2050; x_wconf 85' lang='lat' dir='ltr'><strong>Ecclesia</strong></span> <span class='ocrx_word' id='word_1_339' title='bbox 2499 1992 2560 2048; x_wconf 87' lang='grc' dir='ltr'>Β.</span> <span class='ocrx_word' id='word_1_340' title='bbox 2592 1989 2860 2062; x_wconf 84' lang='lat' dir='ltr'><strong>Hippolyti</strong></span> <span class='ocrx_word' id='word_1_341' title='bbox 2893 1987 3131 2058; x_wconf 91' lang='lat' dir='ltr'><strong>episcopi</strong></span> <span class='ocrx_word' id='word_1_342' title='bbox 3153 1994 3204 2039; x_wconf 93' lang='lat' dir='ltr'><strong>et</strong></span> <span class='ocrx_word' id='word_1_343' title='bbox 3228 1981 3483 2052; x_wconf 88' lang='lat' dir='ltr'><strong>martyris</strong></span> 
     </span>
    </p>
   </div>
   <div class='ocr_carea' id='block_1_48' title="bbox 1921 2073 3478 2157">
    <p class='ocr_par' dir='ltr' id='par_1_48' title="bbox 1921 2073 3478 2157">
     <span class='ocr_line' id='line_1_49' title="bbox 1921 2073 3478 2157; baseline -0.012 -14"><span class='ocrx_word' id='word_1_344' title='bbox 1921 2090 2124 2144; x_wconf 91' lang='lat' dir='ltr'><strong>cultum</strong></span> <span class='ocrx_word' id='word_1_345' title='bbox 2152 2106 2166 2154; x_wconf 92' lang='lat'>;</span> <span class='ocrx_word' id='word_1_346' title='bbox 2214 2097 2400 2157; x_wconf 90' lang='lat' dir='ltr'><strong>utpote</strong></span> <span class='ocrx_word' id='word_1_347' title='bbox 2431 2085 2588 2154; x_wconf 85' lang='lat' dir='ltr'><strong>cujus</strong></span> <span class='ocrx_word' id='word_1_348' title='bbox 2632 2083 2832 2137; x_wconf 86' lang='lat' dir='ltr'><strong>mentio</strong></span> <span class='ocrx_word' id='word_1_349' title='bbox 2860 2080 2911 2133; x_wconf 92' lang='lat' dir='ltr'><strong>in</strong></span> <span class='ocrx_word' id='word_1_350' title='bbox 2945 2073 3330 2132; x_wconf 88' lang='lat' dir='ltr'><strong>vetustissimis</strong></span> <span class='ocrx_word' id='word_1_351' title='bbox 3359 2087 3478 2126; x_wconf 81' lang='lat' dir='ltr'><strong>om-</strong></span> 
     </span>
    </p>
   </div>
   <div class='ocr_carea' id='block_1_49' title="bbox 1919 2166 3478 2239">
    <p class='ocr_par' dir='ltr' id='par_1_49' title="bbox 1919 2166 3478 2239">
     <span class='ocr_line' id='line_1_50' title="bbox 1919 2166 3478 2239; baseline -0.012 -3"><span class='ocrx_word' id='word_1_352' title='bbox 1919 2182 2068 2236; x_wconf 86' lang='lat' dir='ltr'><strong>nium</strong></span> <span class='ocrx_word' id='word_1_353' title='bbox 2120 2180 2483 2235; x_wconf 81' lang='lat' dir='ltr'><strong>Ecclesiarum</strong></span> <span class='ocrx_word' id='word_1_354' title='bbox 2528 2177 2683 2231; x_wconf 79' lang='lat' dir='ltr'><strong>fastis</strong></span> <span class='ocrx_word' id='word_1_355' title='bbox 2717 2175 2904 2229; x_wconf 87' lang='lat' dir='ltr'><strong>Idibus</strong></span> <span class='ocrx_word' id='word_1_356' title='bbox 2935 2169 3163 2239; x_wconf 75' lang='lat' dir='ltr'><strong>Augusti</strong></span> <span class='ocrx_word' id='word_1_357' title='bbox 3194 2166 3478 2221; x_wconf 87' lang='lat' dir='ltr'><strong>habeatur.</strong></span> 
     </span>
    </p>
   </div>
   <div class='ocr_carea' id='block_1_50' title="bbox 1919 2255 3480 2339">
    <p class='ocr_par' dir='ltr' id='par_1_50' title="bbox 1919 2255 3480 2339">
     <span class='ocr_line' id='line_1_51' title="bbox 1919 2255 3480 2339; baseline -0.012 -13"><span class='ocrx_word' id='word_1_358' title='bbox 1919 2271 2283 2339; x_wconf 70' lang='lat' dir='ltr'><strong>Quamobrem</strong></span> <span class='ocrx_word' id='word_1_359' title='bbox 2331 2285 2454 2324; x_wconf 90' lang='lat' dir='ltr'><strong>cum</strong></span> <span class='ocrx_word' id='word_1_360' title='bbox 2507 2268 2624 2322; x_wconf 89' lang='lat' dir='ltr'><strong>viro</strong></span> <span class='ocrx_word' id='word_1_361' title='bbox 2666 2264 2983 2320; x_wconf 89' lang='lat' dir='ltr'><strong>doctissimo</strong></span> <span class='ocrx_word' id='word_1_362' title='bbox 3035 2259 3318 2314; x_wconf 81' lang='lat' dir='ltr'><strong>Ruinartio</strong></span> <span class='ocrx_word' id='word_1_363' title='bbox 3370 2255 3480 2326; x_wconf 82' lang='lat'><strong>(85)</strong></span> 
     </span>
    </p>
   </div>
   <div class='ocr_carea' id='block_1_51' title="bbox 1919 2346 3483 2432">
    <p class='ocr_par' dir='ltr' id='par_1_51' title="bbox 1919 2346 3483 2432">
     <span class='ocr_line' id='line_1_52' title="bbox 1919 2346 3483 2432; baseline -0.012 -15"><span class='ocrx_word' id='word_1_364' title='bbox 1919 2362 2076 2418; x_wconf 82' lang='lat' dir='ltr'><strong>fateri</strong></span> <span class='ocrx_word' id='word_1_365' title='bbox 2135 2369 2370 2432; x_wconf 90' lang='lat' dir='ltr'><strong>oportet,</strong></span> <span class='ocrx_word' id='word_1_366' title='bbox 2405 2359 2675 2428; x_wconf 81' lang='lat' dir='ltr'><strong>duplicem</strong></span> <span class='ocrx_word' id='word_1_367' title='bbox 2726 2355 3074 2426; x_wconf 85' lang='lat' dir='ltr'><strong>Hippolytum</strong></span> <span class='ocrx_word' id='word_1_368' title='bbox 3126 2352 3228 2406; x_wconf 86' lang='lat' dir='ltr'><strong>hac</strong></span> <span class='ocrx_word' id='word_1_369' title='bbox 3279 2348 3366 2403; x_wconf 90' lang='lat' dir='ltr'><strong>die</strong></span> <span class='ocrx_word' id='word_1_370' title='bbox 3418 2346 3483 2400; x_wconf 89' lang='lat' dir='ltr'><strong>I5</strong></span> 
     </span>
    </p>
   </div>
   <div class='ocr_carea' id='block_1_52' title="bbox 1919 2445 3480 2525">
    <p class='ocr_par' dir='ltr' id='par_1_52' title="bbox 1919 2445 3480 2525">
     <span class='ocr_line' id='line_1_53' title="bbox 1919 2445 3480 2525; baseline -0.01 -17"><span class='ocrx_word' id='word_1_371' title='bbox 1919 2445 2148 2525; x_wconf 73' lang='lat' dir='ltr'><strong>Augusti</strong></span> <span class='ocrx_word' id='word_1_372' title='bbox 2191 2453 2259 2508; x_wconf 89' lang='lat' dir='ltr'><strong>ab</strong></span> <span class='ocrx_word' id='word_1_373' title='bbox 2308 2451 2548 2521; x_wconf 88' lang='lat' dir='ltr'><strong>antiquis</strong></span> <span class='ocrx_word' id='word_1_374' title='bbox 2598 2449 2926 2504; x_wconf 87' lang='lat' dir='ltr'><strong>celebratum</strong></span> <span class='ocrx_word' id='word_1_375' title='bbox 2979 2445 3150 2500; x_wconf 77' lang='lat' dir='ltr'><strong>fuisse</strong></span> <span class='ocrx_word' id='word_1_376' title='bbox 3195 2461 3208 2498; x_wconf 91' lang='lat'><strong>:</strong></span> <span class='ocrx_word' id='word_1_377' title='bbox 3244 2455 3413 2496; x_wconf 91' lang='lat' dir='ltr'><strong>unum</strong></span> <span class='ocrx_word' id='word_1_378' title='bbox 3449 2455 3480 2492; x_wconf 88' lang='lat' dir='ltr'><strong>a</strong></span> 
     </span>
    </p>
   </div>
   <div class='ocr_carea' id='block_1_53' title="bbox 1917 2531 3482 2608">
    <p class='ocr_par' dir='ltr' id='par_1_53' title="bbox 1917 2531 3482 2608">
     <span class='ocr_line' id='line_1_54' title="bbox 1917 2531 3482 2608; baseline -0.01 -8"><span class='ocrx_word' id='word_1_379' title='bbox 1917 2545 2211 2602; x_wconf 84' lang='lat' dir='ltr'><strong>Prudentio</strong></span> <span class='ocrx_word' id='word_1_380' title='bbox 2240 2552 2596 2599; x_wconf 90' lang='lat' dir='ltr'><strong>memoratum</strong></span> <span class='ocrx_word' id='word_1_381' title='bbox 2625 2559 2639 2608; x_wconf 92' lang='lat'><strong>;</strong></span> <span class='ocrx_word' id='word_1_382' title='bbox 2675 2541 2902 2594; x_wconf 92' lang='lat' dir='ltr'><strong>alterum</strong></span> <span class='ocrx_word' id='word_1_383' title='bbox 2937 2551 3068 2591; x_wconf 90' lang='lat' dir='ltr'><strong>vero</strong></span> <span class='ocrx_word' id='word_1_384' title='bbox 3113 2534 3171 2589; x_wconf 86' lang='grc' dir='ltr'>Β.</span> <span class='ocrx_word' id='word_1_385' title='bbox 3204 2531 3482 2588; x_wconf 88' lang='lat' dir='ltr'><strong>Laurentii</strong></span> 
     </span>
    </p>
   </div>
   <div class='ocr_carea' id='block_1_54' title="bbox 1919 2626 3477 2703">
    <p class='ocr_par' dir='ltr' id='par_1_54' title="bbox 1919 2626 3477 2703">
     <span class='ocr_line' id='line_1_55' title="bbox 1919 2626 3477 2703; baseline -0.012 -9"><span class='ocrx_word' id='word_1_386' title='bbox 1919 2640 2152 2702; x_wconf 92' lang='lat' dir='ltr'><strong>socium,</strong></span> <span class='ocrx_word' id='word_1_387' title='bbox 2182 2637 2269 2692; x_wconf 93' lang='lat' dir='ltr'><strong>cui</strong></span> <span class='ocrx_word' id='word_1_388' title='bbox 2300 2635 2556 2690; x_wconf 90' lang='lat' dir='ltr'><strong>nonnulla</strong></span> <span class='ocrx_word' id='word_1_389' title='bbox 2592 2649 2655 2687; x_wconf 79' lang='lat' dir='ltr'><strong>ex</strong></span> <span class='ocrx_word' id='word_1_390' title='bbox 2679 2631 2841 2703; x_wconf 85' lang='lat' dir='ltr'><strong>primi</strong></span> <span class='ocrx_word' id='word_1_391' title='bbox 2864 2630 3013 2684; x_wconf 82' lang='lat' dir='ltr'><strong>Actis</strong></span> <span class='ocrx_word' id='word_1_392' title='bbox 3043 2626 3299 2682; x_wconf 86' lang='lat' dir='ltr'><strong>attributa</strong></span> <span class='ocrx_word' id='word_1_393' title='bbox 3331 2633 3477 2681; x_wconf 88' lang='lat' dir='ltr'><strong>sunt.</strong></span> 
     </span>
    </p>
   </div>
   <div class='ocr_carea' id='block_1_55' title="bbox 1919 2719 3478 2798">
    <p class='ocr_par' dir='ltr' id='par_1_55' title="bbox 1919 2719 3478 2798">
     <span class='ocr_line' id='line_1_56' title="bbox 1919 2719 3478 2798; baseline -0.01 -14"><span class='ocrx_word' id='word_1_394' title='bbox 1919 2731 2108 2795; x_wconf 87' lang='lat' dir='ltr'><strong>Porro,</strong></span> <span class='ocrx_word' id='word_1_395' title='bbox 2144 2738 2203 2784; x_wconf 90' lang='lat' dir='ltr'><strong>ut</strong></span> <span class='ocrx_word' id='word_1_396' title='bbox 2235 2730 2462 2798; x_wconf 87' lang='lat' dir='ltr'><strong>ipsemet</strong></span> <span class='ocrx_word' id='word_1_397' title='bbox 2491 2726 2828 2780; x_wconf 88' lang='lat' dir='ltr'><strong>clarissimus</strong></span> <span class='ocrx_word' id='word_1_398' title='bbox 2877 2721 3179 2776; x_wconf 87' lang='lat' dir='ltr'><strong>monachus</strong></span> <span class='ocrx_word' id='word_1_399' title='bbox 3209 2719 3478 2777; x_wconf 88' lang='lat' dir='ltr'><strong>observat,</strong></span> 
     </span>
    </p>
   </div>
   <div class='ocr_carea' id='block_1_56' title="bbox 1918 2807 3480 2890">
    <p class='ocr_par' dir='ltr' id='par_1_56' title="bbox 1918 2807 3480 2890">
     <span class='ocr_line' id='line_1_57' title="bbox 1918 2807 3480 2890; baseline -0.011 -15"><span class='ocrx_word' id='word_1_400' title='bbox 1918 2821 2228 2890; x_wconf 85' lang='lat' dir='ltr'><strong>antiquiora</strong></span> <span class='ocrx_word' id='word_1_401' title='bbox 2255 2817 2597 2880; x_wconf 81' lang='lat' dir='ltr'><strong>Kalendaria,</strong></span> <span class='ocrx_word' id='word_1_402' title='bbox 2633 2815 2984 2869; x_wconf 88' lang='lat' dir='ltr'><strong>Liberianum</strong></span> <span class='ocrx_word' id='word_1_403' title='bbox 3014 2811 3220 2865; x_wconf 90' lang='lat' dir='ltr'><strong>scilicet</strong></span> <span class='ocrx_word' id='word_1_404' title='bbox 3257 2817 3308 2860; x_wconf 91' lang='lat' dir='ltr'><strong>et</strong></span> <span class='ocrx_word' id='word_1_405' title='bbox 3344 2807 3480 2860; x_wconf 83' lang='lat' dir='ltr'><strong>Car—</strong></span> 
     </span>
    </p>
   </div>
   <div class='ocr_carea' id='block_1_57' title="bbox 1920 2896 3480 2982">
    <p class='ocr_par' dir='ltr' id='par_1_57' title="bbox 1920 2896 3480 2982">
     <span class='ocr_line' id='line_1_58' title="bbox 1920 2896 3480 2982; baseline -0.011 -15"><span class='ocrx_word' id='word_1_406' title='bbox 1920 2913 2256 2982; x_wconf 75' lang='lat' dir='ltr'><strong>thagincuse,</strong></span> <span class='ocrx_word' id='word_1_407' title='bbox 2292 2925 2416 2964; x_wconf 91' lang='lat' dir='ltr'><strong>cum</strong></span> <span class='ocrx_word' id='word_1_408' title='bbox 2451 2907 2696 2961; x_wconf 83' lang='lat' dir='ltr'><strong>Romano</strong></span> <span class='ocrx_word' id='word_1_409' title='bbox 2742 2903 3146 2982; x_wconf 82' lang='lat' dir='ltr'><strong>Martyrologio,</strong></span> <span class='ocrx_word' id='word_1_410' title='bbox 3177 2899 3322 2970; x_wconf 91' lang='lat' dir='ltr'><strong>quod</strong></span> <span class='ocrx_word' id='word_1_411' title='bbox 3351 2896 3480 2951; x_wconf 89' lang='lat' dir='ltr'><strong>Hie—</strong></span> 
     </span>
    </p>
   </div>
   <div class='ocr_carea' id='block_1_58' title="bbox 1916 2981 3482 3070">
    <p class='ocr_par' dir='ltr' id='par_1_58' title="bbox 1916 2981 3482 3070">
     <span class='ocr_line' id='line_1_59' title="bbox 1916 2981 3482 3070; baseline -0.009 -11"><span class='ocrx_word' id='word_1_412' title='bbox 1916 3019 2146 3070; x_wconf 68' lang='lat' dir='ltr'><strong>rorvmo</strong></span> <span class='ocrx_word' id='word_1_413' title='bbox 2173 3001 2448 3064; x_wconf 89' lang='lat' dir='ltr'><strong>tribuitur,</strong></span> <span class='ocrx_word' id='word_1_414' title='bbox 2471 2999 2836 3056; x_wconf 90' lang='lat' dir='ltr'><strong>consentiunt.</strong></span> <span class='ocrx_word' id='word_1_415' title='bbox 2861 2981 3348 3051; x_wconf 80' lang='lat' dir='ltr'><strong>Sacramentarium</strong></span> <span class='ocrx_word' id='word_1_416' title='bbox 3375 2989 3482 3045; x_wconf 83' lang='lat' dir='ltr'><strong>Ge-</strong></span> 
     </span>
    </p>
   </div>
   <div class='ocr_carea' id='block_1_59' title="bbox 239 3080 1813 3196">
    <p class='ocr_par' dir='ltr' id='par_1_59' title="bbox 239 3080 1813 3186">
     <span class='ocr_line' id='line_1_60' title="bbox 239 3080 1813 3186; baseline -0.001 -16"><span class='ocrx_word' id='word_1_417' title='bbox 239 3127 376 3185; x_wconf 88' lang='lat' dir='ltr'><strong>tur;</strong></span> <span class='ocrx_word' id='word_1_418' title='bbox 409 3127 467 3171; x_wconf 91' lang='lat' dir='ltr'><strong>et</strong></span> <span class='ocrx_word' id='word_1_419' title='bbox 518 3080 700 3170; x_wconf 80' lang='lat' dir='ltr'><strong>Idibus</strong></span> <span class='ocrx_word' id='word_1_420' title='bbox 727 3114 954 3186; x_wconf 76' lang='lat' dir='ltr'><strong>Augusti</strong></span> <span class='ocrx_word' id='word_1_421' title='bbox 1003 3112 1061 3168; x_wconf 90' lang='grc'><strong>8.</strong></span> <span class='ocrx_word' id='word_1_422' title='bbox 1089 3080 1357 3184; x_wconf 68' lang='lat' dir='ltr'><strong>Hippolyti</strong></span> <span class='ocrx_word' id='word_1_423' title='bbox 1393 3113 1586 3169; x_wconf 79' lang='lat' dir='ltr'><strong>festum</strong></span> <span class='ocrx_word' id='word_1_424' title='bbox 1617 3115 1813 3170; x_wconf 88' lang='lat' dir='ltr'><strong>habea-</strong></span> 
     </span>
    </p>
   </div>
   <div class='ocr_carea' id='block_1_60' title="bbox 1921 3080 3481 3196">
    <p class='ocr_par' dir='ltr' id='par_1_60' title="bbox 1921 3080 3481 3164">
     <span class='ocr_line' id='line_1_61' title="bbox 1921 3080 3481 3164; baseline -0.011 -14"><span class='ocrx_word' id='word_1_425' title='bbox 1921 3096 2188 3152; x_wconf 71' lang='lat' dir='ltr'><strong>lasianum</strong></span> <span class='ocrx_word' id='word_1_426' title='bbox 2237 3092 2350 3164; x_wconf 60' lang='lat'><strong>(84)</strong></span> <span class='ocrx_word' id='word_1_427' title='bbox 2396 3101 2449 3145; x_wconf 91' lang='lat' dir='ltr'><strong>et</strong></span> <span class='ocrx_word' id='word_1_428' title='bbox 2489 3089 2882 3160; x_wconf 85' lang='lat' dir='ltr'><strong>Gregorianum</strong></span> <span class='ocrx_word' id='word_1_429' title='bbox 2932 3085 3068 3154; x_wconf 83' lang='lat'><strong>(85),</strong></span> <span class='ocrx_word' id='word_1_430' title='bbox 3109 3083 3212 3138; x_wconf 90' lang='lat' dir='ltr'><strong>hac</strong></span> <span class='ocrx_word' id='word_1_431' title='bbox 3244 3082 3360 3151; x_wconf 85' lang='lat' dir='ltr'><strong>ipsa</strong></span> <span class='ocrx_word' id='word_1_432' title='bbox 3392 3080 3481 3135; x_wconf 78' lang='lat' dir='ltr'><strong>die</strong></span> 
     </span>
    </p>
   </div>
   <div class='ocr_carea' id='block_1_61' title="bbox 237 3171 1813 3279">
    <p class='ocr_par' dir='ltr' id='par_1_61' title="bbox 237 3203 1813 3279">
     <span class='ocr_line' id='line_1_62' title="bbox 237 3203 1813 3279; baseline 0 -17"><span class='ocrx_word' id='word_1_433' title='bbox 237 3219 348 3275; x_wconf 87' lang='lat' dir='ltr'><strong>tur,</strong></span> <span class='ocrx_word' id='word_1_434' title='bbox 385 3209 485 3279; x_wconf 90' lang='lat' dir='ltr'><strong>qui</strong></span> <span class='ocrx_word' id='word_1_435' title='bbox 509 3208 563 3262; x_wconf 92' lang='lat' dir='ltr'><strong>in</strong></span> <span class='ocrx_word' id='word_1_436' title='bbox 600 3207 874 3261; x_wconf 83' lang='lat' dir='ltr'><strong>Breviario</strong></span> <span class='ocrx_word' id='word_1_437' title='bbox 902 3205 1147 3260; x_wconf 83' lang='lat' dir='ltr'><strong>Romano</strong></span> <span class='ocrx_word' id='word_1_438' title='bbox 1169 3205 1366 3260; x_wconf 88' lang='lat' dir='ltr'><strong>dicitur</strong></span> <span class='ocrx_word' id='word_1_439' title='bbox 1391 3221 1420 3258; x_wconf 87' lang='lat' dir='ltr'><strong>a</strong></span> <span class='ocrx_word' id='word_1_440' title='bbox 1445 3203 1500 3260; x_wconf 94' lang='grc'><strong>8.</strong></span> <span class='ocrx_word' id='word_1_441' title='bbox 1523 3206 1813 3262; x_wconf 88' lang='lat' dir='ltr'><strong>Laurentio</strong></span> 
     </span>
    </p>
   </div>
   <div class='ocr_carea' id='block_1_62' title="bbox 1921 3171 3478 3279">
    <p class='ocr_par' dir='ltr' id='par_1_62' title="bbox 1921 3171 3478 3256">
     <span class='ocr_line' id='line_1_63' title="bbox 1921 3171 3478 3256; baseline -0.012 -15"><span class='ocrx_word' id='word_1_442' title='bbox 1921 3187 2097 3243; x_wconf 90' lang='lat' dir='ltr'><strong>Idibus</strong></span> <span class='ocrx_word' id='word_1_443' title='bbox 2144 3184 2396 3256; x_wconf 78' lang='lat' dir='ltr'><strong>Augusti,</strong></span> <span class='ocrx_word' id='word_1_444' title='bbox 2432 3192 2491 3238; x_wconf 94' lang='lat' dir='ltr'><strong>ut</strong></span> <span class='ocrx_word' id='word_1_445' title='bbox 2533 3179 2785 3252; x_wconf 90' lang='lat' dir='ltr'><strong>superius</strong></span> <span class='ocrx_word' id='word_1_446' title='bbox 2832 3177 3092 3244; x_wconf 83' lang='lat' dir='ltr'><strong>diximus,</strong></span> <span class='ocrx_word' id='word_1_447' title='bbox 3130 3173 3188 3230; x_wconf 92' lang='lat' dir='ltr'><strong>S.</strong></span> <span class='ocrx_word' id='word_1_448' title='bbox 3223 3171 3478 3243; x_wconf 88' lang='lat' dir='ltr'><strong>Hippoly-</strong></span> 
     </span>
    </p>
   </div>
   <div class='ocr_carea' id='block_1_63' title="bbox 303 3386 1815 3460">
    <p class='ocr_par' dir='ltr' id='par_1_63' title="bbox 303 3386 1815 3460">
     <span class='ocr_line' id='line_1_64' title="bbox 303 3386 1815 3460; baseline 0 -18"><span class='ocrx_word' id='word_1_449' title='bbox 303 3389 432 3460; x_wconf 89' lang='lat'><strong>(76)</strong></span> <span class='ocrx_word' id='word_1_450' title='bbox 477 3387 696 3460; x_wconf 70' lang='lat' dir='ltr'><strong>Editum</strong></span> <span class='ocrx_word' id='word_1_451' title='bbox 743 3403 959 3460; x_wconf 87' lang='lat' dir='ltr'><strong>quoque</strong></span> <span class='ocrx_word' id='word_1_452' title='bbox 987 3386 1107 3460; x_wconf 85' lang='lat' dir='ltr'><strong>l‘uit</strong></span> <span class='ocrx_word' id='word_1_453' title='bbox 1137 3386 1401 3460; x_wconf 75' lang='lat' dir='ltr'><strong>a_.loannc</strong></span> <span class='ocrx_word' id='word_1_454' title='bbox 1433 3386 1665 3460; x_wconf 83' lang='lat' dir='ltr'><strong>Georgio</strong></span> <span class='ocrx_word' id='word_1_455' title='bbox 1711 3387 1815 3460; x_wconf 85' lang='lat' dir='ltr'><strong>Ec-</strong></span> 
     </span>
    </p>
   </div>
   <div class='ocr_carea' id='block_1_64' title="bbox 235 3457 1815 3527">
    <p class='ocr_par' dir='ltr' id='par_1_64' title="bbox 235 3457 1815 3527">
     <span class='ocr_line' id='line_1_65' title="bbox 235 3457 1815 3527; baseline -0.001 -11"><span class='ocrx_word' id='word_1_456' title='bbox 235 3457 419 3516; x_wconf 50' lang='lat' dir='ltr'><strong>cardo&#39;</strong></span> <span class='ocrx_word' id='word_1_457' title='bbox 450 3459 506 3512; x_wconf 91' lang='lat' dir='ltr'><strong>in</strong></span> <span class='ocrx_word' id='word_1_458' title='bbox 537 3457 775 3527; x_wconf 32' lang='lat' dir='ltr'><strong>Corpor.’</strong></span> <span class='ocrx_word' id='word_1_459' title='bbox 807 3458 1043 3512; x_wconf 81' lang='lat' dir='ltr'><strong>historic.</strong></span> <span class='ocrx_word' id='word_1_460' title='bbox 1076 3457 1234 3512; x_wconf 82' lang='lat' dir='ltr'><strong>medii</strong></span> <span class='ocrx_word' id='word_1_461' title='bbox 1275 3459 1390 3520; x_wconf 67' lang='lat' dir='ltr'><strong>arvi,</strong></span> <span class='ocrx_word' id='word_1_462' title='bbox 1421 3467 1552 3512; x_wconf 92' lang='lat' dir='ltr'><strong>tom.</strong></span> <span class='ocrx_word' id='word_1_463' title='bbox 1585 3457 1624 3523; x_wconf 93' lang='lat' dir='ltr'><strong>I,</strong></span> <span class='ocrx_word' id='word_1_464' title='bbox 1659 3474 1710 3527; x_wconf 91' lang='lat' dir='ltr'><strong>p.</strong></span> <span class='ocrx_word' id='word_1_465' title='bbox 1743 3459 1815 3514; x_wconf 78' lang='grc'><strong>25</strong></span> 
     </span>
    </p>
   </div>
   <div class='ocr_carea' id='block_1_65' title="bbox 235 3527 1813 3598">
    <p class='ocr_par' dir='ltr' id='par_1_65' title="bbox 235 3527 1813 3598">
     <span class='ocr_line' id='line_1_66' title="bbox 235 3527 1813 3598; baseline -0.001 -14"><span class='ocrx_word' id='word_1_466' title='bbox 235 3533 374 3587; x_wconf 84' lang='lat' dir='ltr'><strong>edit.</strong></span> <span class='ocrx_word' id='word_1_467' title='bbox 411 3528 616 3596; x_wconf 64' lang='lat' dir='ltr'><strong>Lipsire</strong></span> <span class='ocrx_word' id='word_1_468' title='bbox 645 3529 772 3582; x_wconf 89' lang='lat' dir='ltr'><strong>anni</strong></span> <span class='ocrx_word' id='word_1_469' title='bbox 810 3527 965 3598; x_wconf 67' lang='lat' dir='ltr'><strong>I725.</strong></span> <span class='ocrx_word' id='word_1_470' title='bbox 993 3530 1050 3582; x_wconf 88' lang='lat' dir='ltr'><strong>In</strong></span> <span class='ocrx_word' id='word_1_471' title='bbox 1081 3543 1145 3582; x_wconf 92' lang='lat' dir='ltr'><strong>eo</strong></span> <span class='ocrx_word' id='word_1_472' title='bbox 1169 3528 1329 3582; x_wconf 89' lang='lat' dir='ltr'><strong>etiam</strong></span> <span class='ocrx_word' id='word_1_473' title='bbox 1350 3528 1489 3598; x_wconf 13' lang='lat' dir='ltr'><strong>“Idus</strong></span> <span class='ocrx_word' id='word_1_474' title='bbox 1513 3527 1649 3598; x_wconf 81' lang='lat' dir='ltr'><strong>Aug.</strong></span> <span class='ocrx_word' id='word_1_475' title='bbox 1679 3529 1813 3595; x_wconf 78' lang='lat' dir='ltr'><strong>legi-</strong></span> 
     </span>
    </p>
   </div>
   <div class='ocr_carea' id='block_1_66' title="bbox 237 3597 1812 3727">
    <p class='ocr_par' dir='ltr' id='par_1_66' title="bbox 237 3597 1812 3727">
     <span class='ocr_line' id='line_1_67' title="bbox 237 3597 1812 3727; baseline 0.001 -74"><span class='ocrx_word' id='word_1_476' title='bbox 237 3619 369 3727; x_wconf 54' lang='lat' dir='ltr'><strong>gntts</strong></span> <span class='ocrx_word' id='word_1_477' title='bbox 406 3619 420 3654; x_wconf 90' lang='lat'>:</span> <span class='ocrx_word' id='word_1_478' title='bbox 458 3617 479 3650; x_wconf 73' lang='grc' dir='ltr'><strong><em>ι</em></strong></span> <span class='ocrx_word' id='word_1_479' title='bbox 516 3597 791 3670; x_wconf 86' lang='lat' dir='ltr'><strong>Hippolyti</strong></span> <span class='ocrx_word' id='word_1_480' title='bbox 821 3599 874 3652; x_wconf 90' lang='lat' dir='ltr'><strong>in</strong></span> <span class='ocrx_word' id='word_1_481' title='bbox 902 3597 1209 3662; x_wconf 84' lang='lat' dir='ltr'><strong>Tiburtina,</strong></span> <span class='ocrx_word' id='word_1_482' title='bbox 1246 3607 1300 3653; x_wconf 90' lang='lat' dir='ltr'><strong>et</strong></span> <span class='ocrx_word' id='word_1_483' title='bbox 1343 3597 1674 3653; x_wconf 43' lang='lat' dir='ltr'><strong>Pontiani&#39;in</strong></span> <span class='ocrx_word' id='word_1_484' title='bbox 1705 3599 1812 3654; x_wconf 87' lang='lat' dir='ltr'><strong>Ca-</strong></span> 
     </span>
     <span class='ocr_line' id='line_1_68' title="bbox 275 3689 442 3727; baseline -0.036 0"><span class='ocrx_word' id='word_1_485' title='bbox 275 3690 300 3727; x_wconf 92' lang='lat' dir='ltr'><strong>s</strong></span> <span class='ocrx_word' id='word_1_486' title='bbox 335 3691 376 3725; x_wconf 91' lang='grc' dir='ltr'>ι.</span> <span class='ocrx_word' id='word_1_487' title='bbox 421 3689 442 3721; x_wconf 73' lang='grc' dir='ltr'><strong><em>ι</em></strong></span> 
     </span>
    </p>
   </div>
   <div class='ocr_carea' id='block_1_67' title="bbox 257 3683 442 3728">
    <p class='ocr_par' dir='ltr' id='par_1_67' title="bbox 257 3683 442 3728">
     <span class='ocr_line' id='line_1_69' title="bbox 257 3683 442 3728; baseline -0.027 -2"><span class='ocrx_word' id='word_1_488' title='bbox 257 3683 376 3728; x_wconf 76' lang='lat' dir='ltr'><strong>Isti.</strong></span> <span class='ocrx_word' id='word_1_489' title='bbox 421 3689 442 3721; x_wconf 72' lang='grc' dir='ltr'><strong><em>ι</em></strong></span> 
     </span>
    </p>
   </div>
   <div class='ocr_carea' id='block_1_68' title="bbox 305 3736 1814 3815">
    <p class='ocr_par' dir='ltr' id='par_1_68' title="bbox 305 3736 1814 3815">
     <span class='ocr_line' id='line_1_70' title="bbox 305 3736 1814 3815; baseline -0.001 -22"><span class='ocrx_word' id='word_1_490' title='bbox 305 3740 429 3810; x_wconf 86' lang='lat'><strong>(77)</strong></span> <span class='ocrx_word' id='word_1_491' title='bbox 449 3738 678 3815; x_wconf 41' lang='grc' dir='ltr'><strong>,οἱα-ξίν</strong></span> <span class='ocrx_word' id='word_1_492' title='bbox 706 3738 883 3792; x_wconf 87' lang='lat' dir='ltr'><strong>natale</strong></span> <span class='ocrx_word' id='word_1_493' title='bbox 914 3736 970 3792; x_wconf 89' lang='grc'><strong>8.</strong></span> <span class='ocrx_word' id='word_1_494' title='bbox 984 3737 1190 3815; x_wconf 52' lang='lat' dir='ltr'><strong>felicis</strong></span> <span class='ocrx_word' id='word_1_495' title='bbox 1217 3738 1272 3794; x_wconf 89' lang='lat' dir='ltr'><strong>in</strong></span> <span class='ocrx_word' id='word_1_496' title='bbox 1300 3737 1505 3802; x_wconf 86' lang='lat' dir='ltr'><strong>Pincis,</strong></span> <span class='ocrx_word' id='word_1_497' title='bbox 1527 3751 1580 3806; x_wconf 91' lang='lat' dir='ltr'><strong>p.</strong></span> <span class='ocrx_word' id='word_1_498' title='bbox 1606 3736 1709 3793; x_wconf 94' lang='lat' dir='ltr'><strong>I57</strong></span> <span class='ocrx_word' id='word_1_499' title='bbox 1742 3739 1814 3794; x_wconf 88' lang='lat' dir='ltr'><strong>ci-</strong></span> 
     </span>
    </p>
   </div>
   <div class='ocr_carea' id='block_1_69' title="bbox 235 3807 1133 3867">
    <p class='ocr_par' dir='ltr' id='par_1_69' title="bbox 235 3807 1133 3867">
     <span class='ocr_line' id='line_1_71' title="bbox 235 3807 1133 3867; baseline -0.004 0"><span class='ocrx_word' id='word_1_500' title='bbox 235 3807 366 3867; x_wconf 61' lang='lat' dir='ltr'><strong>tatas</strong></span> <span class='ocrx_word' id='word_1_501' title='bbox 395 3810 532 3866; x_wconf 87' lang='lat' dir='ltr'><strong>edit.</strong></span> <span class='ocrx_word' id='word_1_502' title='bbox 566 3807 792 3862; x_wconf 71' lang='lat' dir='ltr'><strong>Verona:</strong></span> <span class='ocrx_word' id='word_1_503' title='bbox 820 3824 947 3863; x_wconf 85' lang='lat' dir='ltr'><strong>ann.</strong></span> <span class='ocrx_word' id='word_1_504' title='bbox 976 3808 1133 3863; x_wconf 81' lang='lat' dir='ltr'><strong>I755.</strong></span> 
     </span>
    </p>
   </div>
   <div class='ocr_carea' id='block_1_70' title="bbox 305 3877 1669 3952">
    <p class='ocr_par' dir='ltr' id='par_1_70' title="bbox 305 3877 1669 3952">
     <span class='ocr_line' id='line_1_72' title="bbox 305 3877 1669 3952; baseline -0.002 -18"><span class='ocrx_word' id='word_1_505' title='bbox 305 3883 428 3952; x_wconf 87' lang='lat'><strong>(78)</strong></span> <span class='ocrx_word' id='word_1_506' title='bbox 467 3881 627 3952; x_wconf 68' lang='lat' dir='ltr'><strong>Apud</strong></span> <span class='ocrx_word' id='word_1_507' title='bbox 663 3877 959 3933; x_wconf 82' lang='lat' dir='ltr'><strong>Eccardum</strong></span> <span class='ocrx_word' id='word_1_508' title='bbox 987 3879 1092 3933; x_wconf 92' lang='lat' dir='ltr'><strong>loc.</strong></span> <span class='ocrx_word' id='word_1_509' title='bbox 1119 3880 1238 3943; x_wconf 90' lang='lat' dir='ltr'><strong>cit.,</strong></span> <span class='ocrx_word' id='word_1_510' title='bbox 1269 3878 1543 3952; x_wconf 61' lang='lat' dir='ltr'><strong>pag._ead_.</strong></span> <span class='ocrx_word' id='word_1_511' title='bbox 1579 3878 1669 3932; x_wconf 87' lang='grc'>25.</span> 
     </span>
    </p>
   </div>
   <div class='ocr_carea' id='block_1_71' title="bbox 303 3947 1812 4022">
    <p class='ocr_par' dir='ltr' id='par_1_71' title="bbox 303 3947 1812 4022">
     <span class='ocr_line' id='line_1_73' title="bbox 303 3947 1812 4022; baseline 0 -18"><span class='ocrx_word' id='word_1_512' title='bbox 303 3947 428 4022; x_wconf 85' lang='lat'><strong>(79)</strong></span> <span class='ocrx_word' id='word_1_513' title='bbox 463 3947 561 4004; x_wconf 86' lang='lat' dir='ltr'><strong>Die</strong></span> <span class='ocrx_word' id='word_1_514' title='bbox 613 3964 938 4022; x_wconf 26' lang='lat' dir='ltr'><strong>xx‘tumense</strong></span> <span class='ocrx_word' id='word_1_515' title='bbox 994 3965 1209 4022; x_wconf 82' lang='lat' dir='ltr'><strong>supras.</strong></span> <span class='ocrx_word' id='word_1_516' title='bbox 1250 3947 1570 4022; x_wconf 33' lang='lat' dir='ltr'><strong>QiNatale</strong></span> <span class='ocrx_word' id='word_1_517' title='bbox 1612 3959 1812 4005; x_wconf 64' lang='lat' dir='ltr'><strong>sancta:</strong></span> 
     </span>
    </p>
   </div>
   <div class='ocr_carea' id='block_1_72' title="bbox 237 4017 1808 4092">
    <p class='ocr_par' dir='ltr' id='par_1_72' title="bbox 237 4017 1808 4092">
     <span class='ocr_line' id='line_1_74' title="bbox 237 4017 1808 4092; baseline -0.001 -16"><span class='ocrx_word' id='word_1_518' title='bbox 237 4017 419 4092; x_wconf 54' lang='lat' dir='ltr'><strong>Ag&#39;ne,</strong></span> <span class='ocrx_word' id='word_1_519' title='bbox 461 4039 481 4071; x_wconf 73' lang='grc' dir='ltr'><strong><em>ι</em></strong></span> <span class='ocrx_word' id='word_1_520' title='bbox 511 4019 792 4092; x_wconf 52' lang='grc' dir='ltr'><strong>ρεεᾼῌ,</strong></span> <span class='ocrx_word' id='word_1_521' title='bbox 822 4028 880 4092; x_wconf 79' lang='lat' dir='ltr'><strong>et</strong></span> <span class='ocrx_word' id='word_1_522' title='bbox 922 4035 976 4088; x_wconf 90' lang='lat' dir='ltr'><strong>p.</strong></span> <span class='ocrx_word' id='word_1_523' title='bbox 1041 4019 1139 4073; x_wconf 73' lang='grc'><strong>142</strong></span> <span class='ocrx_word' id='word_1_524' title='bbox 1174 4037 1188 4074; x_wconf 89' lang='lat'><strong>:</strong></span> <span class='ocrx_word' id='word_1_525' title='bbox 1227 4037 1246 4070; x_wconf 71' lang='grc' dir='ltr'><em>ς</em></span> <span class='ocrx_word' id='word_1_526' title='bbox 1283 4017 1378 4074; x_wconf 84' lang='lat' dir='ltr'><strong>Die</strong></span> <span class='ocrx_word' id='word_1_527' title='bbox 1421 4033 1592 4072; x_wconf 73' lang='lat' dir='ltr'><strong>xxvm</strong></span> <span class='ocrx_word' id='word_1_528' title='bbox 1631 4035 1808 4077; x_wconf 88' lang='lat' dir='ltr'><strong>mens.</strong></span> 
     </span>
    </p>
   </div>
   <div class='ocr_carea' id='block_1_73' title="bbox 236 4087 1808 4240">
    <p class='ocr_par' dir='ltr' id='par_1_73' title="bbox 236 4087 1808 4240">
     <span class='ocr_line' id='line_1_75' title="bbox 236 4087 1082 4172; baseline -0.006 -25"><span class='ocrx_word' id='word_1_529' title='bbox 236 4087 462 4162; x_wconf 70' lang='lat' dir='ltr'><strong>supras.</strong></span> <span class='ocrx_word' id='word_1_530' title='bbox 506 4087 672 4144; x_wconf 79' lang='lat' dir='ltr'><strong>nata].</strong></span> <span class='ocrx_word' id='word_1_531' title='bbox 709 4087 766 4142; x_wconf 89' lang='grc'><strong>8.</strong></span> <span class='ocrx_word' id='word_1_532' title='bbox 807 4087 976 4170; x_wconf 74' lang='lat' dir='ltr'><strong>Agne.</strong></span> <span class='ocrx_word' id='word_1_533' title='bbox 1016 4108 1034 4142; x_wconf 74' lang='grc' dir='ltr'><strong><em>ι</em></strong></span> <span class='ocrx_word' id='word_1_534' title='bbox 1071 4161 1082 4172; x_wconf 77' lang='lat'>_</span> 
     </span>
     <span class='ocr_line' id='line_1_76' title="bbox 244 4157 1808 4240; baseline -0.001 -24"><span class='ocrx_word' id='word_1_535' title='bbox 244 4235 269 4240; x_wconf 79' lang='lat'><strong><em>_</em></strong></span> <span class='ocrx_word' id='word_1_536' title='bbox 305 4162 431 4228; x_wconf 83' lang='grc'>(80)</span> <span class='ocrx_word' id='word_1_537' title='bbox 461 4157 785 4240; x_wconf 14' lang='lat' dir='ltr'><strong>OpetlthS.</strong></span> <span class='ocrx_word' id='word_1_538' title='bbox 816 4157 1084 4240; x_wconf 58' lang='lat' dir='ltr'><strong>Hippolyti</strong></span> <span class='ocrx_word' id='word_1_539' title='bbox 1111 4169 1245 4215; x_wconf 88' lang='lat' dir='ltr'><strong>tom.</strong></span> <span class='ocrx_word' id='word_1_540' title='bbox 1267 4157 1475 4240; x_wconf 30' lang='lat' dir='ltr'><strong>Inpag.</strong></span> <span class='ocrx_word' id='word_1_541' title='bbox 1621 4174 1653 4212; x_wconf 73' lang='grc' dir='ltr'><strong>κ</strong></span> <span class='ocrx_word' id='word_1_542' title='bbox 1690 4157 1808 4240; x_wconf 64' lang='lat' dir='ltr'><strong>Hal.</strong></span> 
     </span>
    </p>
   </div>
   <div class='ocr_carea' id='block_1_74' title="bbox 239 4227 1808 4304">
    <p class='ocr_par' dir='ltr' id='par_1_74' title="bbox 239 4227 1808 4304">
     <span class='ocr_line' id='line_1_77' title="bbox 239 4227 1808 4304; baseline -0.004 -15"><span class='ocrx_word' id='word_1_543' title='bbox 239 4235 432 4304; x_wconf 12' lang='lat' dir='ltr'><strong>Sept.i:</strong></span> <span class='ocrx_word' id='word_1_544' title='bbox 463 4227 562 4304; x_wconf 63' lang='lat' dir='ltr'><strong>tIn</strong></span> <span class='ocrx_word' id='word_1_545' title='bbox 597 4230 762 4304; x_wconf 55' lang='lat' dir='ltr'><strong>[fol-tu</strong></span> <span class='ocrx_word' id='word_1_546' title='bbox 794 4227 942 4282; x_wconf 87' lang='lat' dir='ltr'><strong>urbis</strong></span> <span class='ocrx_word' id='word_1_547' title='bbox 975 4227 1167 4304; x_wconf 67' lang='lat' dir='ltr'><strong>Rutilae</strong></span> <span class='ocrx_word' id='word_1_548' title='bbox 1191 4227 1387 4304; x_wconf 83' lang='lat' dir='ltr'><strong>natalis</strong></span> <span class='ocrx_word' id='word_1_549' title='bbox 1424 4227 1808 4304; x_wconf 82' lang='lat' dir='ltr'><strong>S._Hippolyt_i,</strong></span> 
     </span>
    </p>
   </div>
   <div class='ocr_carea' id='block_1_75' title="bbox 238 4299 1808 4374">
    <p class='ocr_par' dir='ltr' id='par_1_75' title="bbox 238 4299 1808 4374">
     <span class='ocr_line' id='line_1_78' title="bbox 238 4299 1808 4374; baseline -0.003 -16"><span class='ocrx_word' id='word_1_550' title='bbox 238 4299 332 4374; x_wconf 83' lang='lat' dir='ltr'><strong>qui</strong></span> <span class='ocrx_word' id='word_1_551' title='bbox 365 4299 844 4374; x_wconf 26' lang='lat' dir='ltr'><strong>dicit‘ur_Nunuus</strong></span> <span class='ocrx_word' id='word_1_552' title='bbox 883 4315 1006 4374; x_wconf 86' lang='lat' dir='ltr'><strong>cum</strong></span> <span class='ocrx_word' id='word_1_553' title='bbox 1037 4301 1370 4374; x_wconf 78' lang='lat' dir='ltr'><strong>sociissuis.</strong></span> <span class='ocrx_word' id='word_1_554' title='bbox 1411 4320 1430 4353; x_wconf 70' lang='grc' dir='ltr'><strong><em>ι</em></strong></span> <span class='ocrx_word' id='word_1_555' title='bbox 1472 4299 1726 4374; x_wconf 84' lang='lat' dir='ltr'><strong>Giorgius</strong></span> <span class='ocrx_word' id='word_1_556' title='bbox 1755 4301 1808 4374; x_wconf 78' lang='lat' dir='ltr'><strong>iu</strong></span> 
     </span>
    </p>
   </div>
   <div class='ocr_carea' id='block_1_76' title="bbox 241 4369 1812 4441">
    <p class='ocr_par' dir='ltr' id='par_1_76' title="bbox 241 4369 1812 4441">
     <span class='ocr_line' id='line_1_79' title="bbox 241 4369 1812 4441; baseline -0.003 -13"><span class='ocrx_word' id='word_1_557' title='bbox 241 4369 393 4428; x_wconf 78' lang='lat' dir='ltr'><strong>notis</strong></span> <span class='ocrx_word' id='word_1_558' title='bbox 439 4370 507 4425; x_wconf 87' lang='lat' dir='ltr'><strong>ad</strong></span> <span class='ocrx_word' id='word_1_559' title='bbox 558 4369 996 4441; x_wconf 80' lang='lat' dir='ltr'><strong>Martyrologium</strong></span> <span class='ocrx_word' id='word_1_560' title='bbox 1044 4370 1255 4441; x_wconf 76' lang='lat' dir='ltr'><strong>Adonis</strong></span> <span class='ocrx_word' id='word_1_561' title='bbox 1285 4370 1371 4424; x_wconf 86' lang='lat' dir='ltr'><strong>die</strong></span> <span class='ocrx_word' id='word_1_562' title='bbox 1400 4386 1536 4424; x_wconf 80' lang='lat' dir='ltr'><strong>xxm</strong></span> <span class='ocrx_word' id='word_1_563' title='bbox 1570 4371 1709 4439; x_wconf 86' lang='lat' dir='ltr'><strong>Aug.</strong></span> <span class='ocrx_word' id='word_1_564' title='bbox 1743 4369 1812 4423; x_wconf 89' lang='lat' dir='ltr'><strong>de</strong></span> 
     </span>
    </p>
   </div>
   <div class='ocr_carea' id='block_1_77' title="bbox 240 4438 1808 4521">
    <p class='ocr_par' dir='ltr' id='par_1_77' title="bbox 240 4438 1808 4521">
     <span class='ocr_line' id='line_1_80' title="bbox 240 4438 1808 4521; baseline -0.004 -22"><span class='ocrx_word' id='word_1_565' title='bbox 334 4441 629 4521; x_wconf 67' lang='lat' dir='ltr'><strong>Hippolyto</strong></span> <span class='ocrx_word' id='word_1_566' title='bbox 663 4438 776 4494; x_wconf 69' lang='lat' dir='ltr'><strong>hinc</strong></span> <span class='ocrx_word' id='word_1_567' title='bbox 805 4449 957 4520; x_wconf 76' lang='lat' dir='ltr'><strong>notat</strong></span> <span class='ocrx_word' id='word_1_568' title='bbox 987 4458 1001 4494; x_wconf 85' lang='lat'><strong>:</strong></span> <span class='ocrx_word' id='word_1_569' title='bbox 1040 4458 1058 4490; x_wconf 84' lang='grc'><em>‹</em></span> <span class='ocrx_word' id='word_1_570' title='bbox 1090 4438 1428 4521; x_wconf 43' lang='lat' dir='ltr'><strong>.ijpolytus</strong></span> <span class='ocrx_word' id='word_1_571' title='bbox 1461 4441 1569 4521; x_wconf 87' lang='lat' dir='ltr'><strong>hac</strong></span> <span class='ocrx_word' id='word_1_572' title='bbox 1601 4438 1808 4521; x_wconf 77' lang='lat' dir='ltr'><strong>dieeo-</strong></span> 
     </span>
    </p>
   </div>
   <div class='ocr_carea' id='block_1_78' title="bbox 241 4509 1804 4580">
    <p class='ocr_par' dir='ltr' id='par_1_78' title="bbox 241 4509 1804 4580">
     <span class='ocr_line' id='line_1_81' title="bbox 241 4509 1804 4580; baseline -0.003 -12"><span class='ocrx_word' id='word_1_573' title='bbox 241 4514 371 4568; x_wconf 82' lang='lat' dir='ltr'><strong>titur</strong></span> <span class='ocrx_word' id='word_1_574' title='bbox 409 4509 459 4566; x_wconf 10' lang='lat' dir='ltr'><strong>ia,</strong></span> <span class='ocrx_word' id='word_1_575' title='bbox 507 4509 963 4580; x_wconf 79' lang='lat' dir='ltr'><strong>Hieronymianis,</strong></span> <span class='ocrx_word' id='word_1_576' title='bbox 1012 4509 1105 4579; x_wconf 91' lang='lat' dir='ltr'><strong>qui</strong></span> <span class='ocrx_word' id='word_1_577' title='bbox 1153 4509 1226 4564; x_wconf 86' lang='lat' dir='ltr'><strong>ita</strong></span> <span class='ocrx_word' id='word_1_578' title='bbox 1275 4509 1520 4580; x_wconf 74' lang='lat' dir='ltr'><strong>habent:</strong></span> <span class='ocrx_word' id='word_1_579' title='bbox 1572 4529 1596 4580; x_wconf 15' lang='grc' dir='ltr'><strong>ν(</strong></span> <span class='ocrx_word' id='word_1_580' title='bbox 1650 4517 1705 4580; x_wconf 88' lang='lat' dir='ltr'><strong>et</strong></span> <span class='ocrx_word' id='word_1_581' title='bbox 1749 4509 1804 4565; x_wconf 90' lang='lat' dir='ltr'><strong>in</strong></span> 
     </span>
    </p>
   </div>
   <div class='ocr_carea' id='block_1_79' title="bbox 247 4578 1804 4658">
    <p class='ocr_par' dir='ltr' id='par_1_79' title="bbox 247 4578 1804 4658">
     <span class='ocr_line' id='line_1_82' title="bbox 247 4578 1804 4658; baseline -0.003 -21"><span class='ocrx_word' id='word_1_582' title='bbox 247 4603 266 4637; x_wconf 79' lang='grc' dir='ltr'>ι</span> <span class='ocrx_word' id='word_1_583' title='bbox 311 4585 483 4658; x_wconf 61' lang='lat' dir='ltr'><strong>Porto</strong></span> <span class='ocrx_word' id='word_1_584' title='bbox 513 4582 634 4658; x_wconf 67' lang='lat' dir='ltr'><strong>(sic)</strong></span> <span class='ocrx_word' id='word_1_585' title='bbox 670 4578 820 4633; x_wconf 73' lang='lat' dir='ltr'><strong>urbis</strong></span> <span class='ocrx_word' id='word_1_586' title='bbox 855 4578 1045 4633; x_wconf 66' lang='lat' dir='ltr'><strong>Romae</strong></span> <span class='ocrx_word' id='word_1_587' title='bbox 1076 4579 1364 4658; x_wconf 81' lang='lat' dir='ltr'><strong>natalis_S.</strong></span> <span class='ocrx_word' id='word_1_588' title='bbox 1395 4578 1684 4658; x_wconf 73' lang='lat' dir='ltr'><strong>Hippolyti.</strong></span> <span class='ocrx_word' id='word_1_589' title='bbox 1712 4580 1804 4648; x_wconf 90' lang='lat' dir='ltr'><strong>qui</strong></span> 
     </span>
    </p>
   </div>
   <div class='ocr_carea' id='block_1_80' title="bbox 245 4649 1804 4715">
    <p class='ocr_par' dir='ltr' id='par_1_80' title="bbox 245 4649 1804 4715">
     <span class='ocr_line' id='line_1_83' title="bbox 245 4649 1804 4715; baseline -0.002 -9"><span class='ocrx_word' id='word_1_590' title='bbox 245 4673 265 4706; x_wconf 85' lang='grc'><em>‹</em></span> <span class='ocrx_word' id='word_1_591' title='bbox 311 4653 520 4709; x_wconf 86' lang='lat' dir='ltr'><strong>dicitur</strong></span> <span class='ocrx_word' id='word_1_592' title='bbox 565 4649 812 4711; x_wconf 80' lang='lat' dir='ltr'><strong>Nonnus,</strong></span> <span class='ocrx_word' id='word_1_593' title='bbox 840 4666 962 4705; x_wconf 90' lang='lat' dir='ltr'><strong>cum</strong></span> <span class='ocrx_word' id='word_1_594' title='bbox 995 4651 1158 4704; x_wconf 90' lang='lat' dir='ltr'><strong>sociis</strong></span> <span class='ocrx_word' id='word_1_595' title='bbox 1207 4651 1364 4715; x_wconf 89' lang='lat' dir='ltr'><strong>suis;</strong></span> <span class='ocrx_word' id='word_1_596' title='bbox 1427 4669 1445 4701; x_wconf 86' lang='grc'>›</span> <span class='ocrx_word' id='word_1_597' title='bbox 1501 4649 1804 4704; x_wconf 82' lang='lat' dir='ltr'><strong>Romanum</strong></span> 
     </span>
    </p>
   </div>
   <div class='ocr_carea' id='block_1_81' title="bbox 241 4717 1808 4848">
    <p class='ocr_par' dir='ltr' id='par_1_81' title="bbox 241 4717 1808 4848">
     <span class='ocr_line' id='line_1_84' title="bbox 241 4717 1804 4794; baseline -0.001 -19"><span class='ocrx_word' id='word_1_598' title='bbox 241 4739 475 4794; x_wconf 79' lang='lat' dir='ltr'><strong>parvum</strong></span> <span class='ocrx_word' id='word_1_599' title='bbox 522 4739 534 4769; x_wconf 89' lang='lat'>:</span> <span class='ocrx_word' id='word_1_600' title='bbox 591 4739 610 4770; x_wconf 75' lang='grc' dir='ltr'>ι</span> <span class='ocrx_word' id='word_1_601' title='bbox 667 4718 848 4773; x_wconf 69' lang='lat' dir='ltr'><strong>Romae</strong></span> <span class='ocrx_word' id='word_1_602' title='bbox 896 4717 1185 4792; x_wconf 83' lang='lat' dir='ltr'><strong>Hippolyti,</strong></span> <span class='ocrx_word' id='word_1_603' title='bbox 1213 4719 1474 4787; x_wconf 88' lang='lat' dir='ltr'><strong>Quiriaci,</strong></span> <span class='ocrx_word' id='word_1_604' title='bbox 1511 4729 1565 4774; x_wconf 91' lang='lat' dir='ltr'><strong>et</strong></span> <span class='ocrx_word' id='word_1_605' title='bbox 1592 4720 1804 4773; x_wconf 85' lang='lat' dir='ltr'><strong>Archil-</strong></span> 
     </span>
     <span class='ocr_line' id='line_1_85' title="bbox 247 4788 1808 4848; baseline 0 -3"><span class='ocrx_word' id='word_1_606' title='bbox 247 4814 265 4845; x_wconf 76' lang='grc' dir='ltr'>ι</span> <span class='ocrx_word' id='word_1_607' title='bbox 311 4795 406 4848; x_wconf 88' lang='lat' dir='ltr'><strong>lai.</strong></span> <span class='ocrx_word' id='word_1_608' title='bbox 452 4812 469 4843; x_wconf 71' lang='grc' dir='ltr'><strong><em>ι</em></strong></span> <span class='ocrx_word' id='word_1_609' title='bbox 518 4791 634 4844; x_wconf 90' lang='lat' dir='ltr'><strong>Ado</strong></span> <span class='ocrx_word' id='word_1_610' title='bbox 660 4801 714 4842; x_wconf 92' lang='lat' dir='ltr'><strong>et</strong></span> <span class='ocrx_word' id='word_1_611' title='bbox 748 4788 1023 4843; x_wconf 87' lang='lat' dir='ltr'><strong>Usuardus</strong></span> <span class='ocrx_word' id='word_1_612' title='bbox 1051 4790 1250 4844; x_wconf 88' lang='lat' dir='ltr'><strong>habent</strong></span> <span class='ocrx_word' id='word_1_613' title='bbox 1287 4807 1300 4843; x_wconf 91' lang='lat'><strong>:</strong></span> <span class='ocrx_word' id='word_1_614' title='bbox 1339 4809 1358 4842; x_wconf 77' lang='lat' dir='ltr'><strong>t</strong></span> <span class='ocrx_word' id='word_1_615' title='bbox 1412 4790 1464 4843; x_wconf 90' lang='lat' dir='ltr'><strong>in</strong></span> <span class='ocrx_word' id='word_1_616' title='bbox 1497 4789 1660 4844; x_wconf 85' lang='lat' dir='ltr'><strong>Portu</strong></span> <span class='ocrx_word' id='word_1_617' title='bbox 1702 4788 1808 4845; x_wconf 83' lang='lat' dir='ltr'><strong>Ro-</strong></span> 
     </span>
    </p>
   </div>
   <div class='ocr_carea' id='block_1_82' title="bbox 249 4857 1803 4930">
    <p class='ocr_par' dir='ltr' id='par_1_82' title="bbox 249 4857 1803 4930">
     <span class='ocr_line' id='line_1_86' title="bbox 249 4857 1803 4930; baseline -0.001 -15"><span class='ocrx_word' id='word_1_618' title='bbox 249 4884 266 4915; x_wconf 76' lang='grc' dir='ltr'>ι</span> <span class='ocrx_word' id='word_1_619' title='bbox 311 4877 498 4918; x_wconf 88' lang='lat' dir='ltr'><strong>mauo.</strong></span> <span class='ocrx_word' id='word_1_620' title='bbox 536 4881 555 4913; x_wconf 71' lang='grc' dir='ltr'><strong><em>ι</em></strong></span> <span class='ocrx_word' id='word_1_621' title='bbox 583 4859 1023 4930; x_wconf 67' lang='lat' dir='ltr'><strong>Martyrologium</strong></span> <span class='ocrx_word' id='word_1_622' title='bbox 1054 4857 1477 4930; x_wconf 87' lang='lat' dir='ltr'><strong>Ottoboniauum</strong></span> <span class='ocrx_word' id='word_1_623' title='bbox 1524 4861 1624 4915; x_wconf 89' lang='lat' dir='ltr'><strong>hac</strong></span> <span class='ocrx_word' id='word_1_624' title='bbox 1667 4860 1754 4913; x_wconf 91' lang='lat' dir='ltr'><strong>die</strong></span> <span class='ocrx_word' id='word_1_625' title='bbox 1789 4877 1803 4914; x_wconf 88' lang='lat'><strong>:</strong></span> 
     </span>
    </p>
   </div>
   <div class='ocr_carea' id='block_1_83' title="bbox 249 4929 1806 5000">
    <p class='ocr_par' dir='ltr' id='par_1_83' title="bbox 249 4929 1806 5000">
     <span class='ocr_line' id='line_1_87' title="bbox 249 4929 1806 5000; baseline -0.001 -15"><span class='ocrx_word' id='word_1_626' title='bbox 249 4955 267 4985; x_wconf 70' lang='grc' dir='ltr'>ι</span> <span class='ocrx_word' id='word_1_627' title='bbox 306 4934 362 4988; x_wconf 92' lang='lat' dir='ltr'><strong>In</strong></span> <span class='ocrx_word' id='word_1_628' title='bbox 395 4933 564 4986; x_wconf 87' lang='lat' dir='ltr'><strong>Porto</strong></span> <span class='ocrx_word' id='word_1_629' title='bbox 598 4929 843 4984; x_wconf 78' lang='lat' dir='ltr'><strong>Romano</strong></span> <span class='ocrx_word' id='word_1_630' title='bbox 873 4929 1068 4986; x_wconf 75' lang='lat' dir='ltr'><strong>natalis</strong></span> <span class='ocrx_word' id='word_1_631' title='bbox 1096 4929 1152 5000; x_wconf 72' lang='lat' dir='ltr'><strong>S.</strong></span> <span class='ocrx_word' id='word_1_632' title='bbox 1181 4930 1448 5000; x_wconf 86' lang='lat' dir='ltr'><strong>Hippolyti</strong></span> <span class='ocrx_word' id='word_1_633' title='bbox 1485 4931 1579 5000; x_wconf 90' lang='lat' dir='ltr'><strong>qui</strong></span> <span class='ocrx_word' id='word_1_634' title='bbox 1608 4931 1806 4984; x_wconf 88' lang='lat' dir='ltr'><strong>dicitur</strong></span> 
     </span>
    </p>
   </div>
   <div class='ocr_carea' id='block_1_84' title="bbox 249 4947 1807 5080">
    <p class='ocr_par' dir='ltr' id='par_1_84' title="bbox 249 4947 1807 5080">
     <span class='ocr_line' id='line_1_88' title="bbox 249 4947 1806 5000; baseline -0.001 -15"><span class='ocrx_word' id='word_1_635' title='bbox 249 4955 267 4985; x_wconf 69' lang='grc' dir='ltr'>ι</span> <span class='ocrx_word' id='word_1_636' title='bbox 307 4947 362 4988; x_wconf 92' lang='lat' dir='ltr'><strong>In</strong></span> <span class='ocrx_word' id='word_1_637' title='bbox 395 4947 564 4986; x_wconf 67' lang='lat' dir='ltr'><strong>Porto</strong></span> <span class='ocrx_word' id='word_1_638' title='bbox 601 4947 843 4984; x_wconf 69' lang='lat' dir='ltr'><strong>uolitano</strong></span> <span class='ocrx_word' id='word_1_639' title='bbox 873 4947 1068 4986; x_wconf 75' lang='lat' dir='ltr'><strong>natans</strong></span> <span class='ocrx_word' id='word_1_640' title='bbox 1096 4947 1152 4984; x_wconf 76' lang='grc'><strong>8.</strong></span> <span class='ocrx_word' id='word_1_641' title='bbox 1181 4947 1370 4999; x_wconf 80' lang='lat' dir='ltr'><strong>rttppm</strong></span> <span class='ocrx_word' id='word_1_642' title='bbox 1397 4947 1448 4983; x_wconf 67' lang='grc' dir='ltr'><strong>ἰι</strong></span> <span class='ocrx_word' id='word_1_643' title='bbox 1485 4947 1579 5000; x_wconf 87' lang='lat' dir='ltr'><strong>qut</strong></span> <span class='ocrx_word' id='word_1_644' title='bbox 1608 4947 1806 4984; x_wconf 84' lang='lat' dir='ltr'><strong>utcuur</strong></span> 
     </span>
     <span class='ocr_line' id='line_1_89' title="bbox 249 4947 1807 5080; baseline 0 -25"><span class='ocrx_word' id='word_1_645' title='bbox 249 5025 275 5080; x_wconf 68' lang='grc' dir='ltr'><strong>ιΔ</strong></span> <span class='ocrx_word' id='word_1_646' title='bbox 313 5005 571 5066; x_wconf 79' lang='lat' dir='ltr'><strong>Nonnus,</strong></span> <span class='ocrx_word' id='word_1_647' title='bbox 605 5017 726 5080; x_wconf 80' lang='lat' dir='ltr'><strong>cum</strong></span> <span class='ocrx_word' id='word_1_648' title='bbox 760 5001 922 5080; x_wconf 75' lang='lat' dir='ltr'><strong>sociis</strong></span> <span class='ocrx_word' id='word_1_649' title='bbox 947 5001 1062 5080; x_wconf 77' lang='lat' dir='ltr'><strong>suis</strong></span> <span class='ocrx_word' id='word_1_650' title='bbox 1089 5019 1101 5056; x_wconf 92' lang='lat'><strong>:</strong></span> <span class='ocrx_word' id='word_1_651' title='bbox 1133 4947 1579 5080; x_wconf 65' lang='lat' dir='ltr'><strong>Martyrologium</strong></span> <span class='ocrx_word' id='word_1_652' title='bbox 1606 5000 1807 5080; x_wconf 69' lang='lat' dir='ltr'><strong>regina:</strong></span> 
     </span>
    </p>
   </div>
   <div class='ocr_carea' id='block_1_85' title="bbox 245 5070 1804 5140">
    <p class='ocr_par' dir='ltr' id='par_1_85' title="bbox 245 5070 1804 5140">
     <span class='ocr_line' id='line_1_90' title="bbox 245 5070 1804 5140; baseline -0.003 -13"><span class='ocrx_word' id='word_1_653' title='bbox 245 5077 549 5129; x_wconf 79' lang='lat' dir='ltr'><strong>Succorum</strong></span> <span class='ocrx_word' id='word_1_654' title='bbox 598 5073 709 5140; x_wconf 85' lang='lat' dir='ltr'><strong>agit</strong></span> <span class='ocrx_word' id='word_1_655' title='bbox 752 5071 925 5140; x_wconf 88' lang='lat' dir='ltr'><strong>pridie</strong></span> <span class='ocrx_word' id='word_1_656' title='bbox 967 5070 1130 5138; x_wconf 79' lang='lat' dir='ltr'><strong>huius</strong></span> <span class='ocrx_word' id='word_1_657' title='bbox 1173 5071 1276 5124; x_wconf 87' lang='lat' dir='ltr'><strong>diei</strong></span> <span class='ocrx_word' id='word_1_658' title='bbox 1324 5072 1408 5125; x_wconf 91' lang='lat' dir='ltr'><strong>his</strong></span> <span class='ocrx_word' id='word_1_659' title='bbox 1434 5071 1613 5126; x_wconf 86' lang='lat' dir='ltr'><strong>verbis</strong></span> <span class='ocrx_word' id='word_1_660' title='bbox 1642 5070 1709 5124; x_wconf 62' lang='grc' dir='ltr'><strong>τι</strong></span> <span class='ocrx_word' id='word_1_661' title='bbox 1749 5070 1804 5123; x_wconf 88' lang='lat' dir='ltr'><strong>In</strong></span> 
     </span>
    </p>
   </div>
   <div class='ocr_carea' id='block_1_86' title="bbox 250 5140 1807 5211">
    <p class='ocr_par' dir='ltr' id='par_1_86' title="bbox 250 5140 1807 5211">
     <span class='ocr_line' id='line_1_91' title="bbox 250 5140 1807 5211; baseline -0.001 -15"><span class='ocrx_word' id='word_1_662' title='bbox 250 5163 266 5196; x_wconf 83' lang='lat' dir='ltr'><strong>t</strong></span> <span class='ocrx_word' id='word_1_663' title='bbox 308 5145 475 5199; x_wconf 82' lang='lat' dir='ltr'><strong>Porto</strong></span> <span class='ocrx_word' id='word_1_664' title='bbox 506 5145 626 5211; x_wconf 77' lang='lat' dir='ltr'><strong>(sic)</strong></span> <span class='ocrx_word' id='word_1_665' title='bbox 659 5141 902 5194; x_wconf 79' lang='lat' dir='ltr'><strong>Romano</strong></span> <span class='ocrx_word' id='word_1_666' title='bbox 938 5142 1131 5196; x_wconf 88' lang='lat' dir='ltr'><strong>natalis</strong></span> <span class='ocrx_word' id='word_1_667' title='bbox 1173 5140 1230 5195; x_wconf 89' lang='grc'><strong>8.</strong></span> <span class='ocrx_word' id='word_1_668' title='bbox 1259 5140 1551 5211; x_wconf 84' lang='lat' dir='ltr'><strong>Hippolyti,</strong></span> <span class='ocrx_word' id='word_1_669' title='bbox 1590 5161 1609 5192; x_wconf 74' lang='grc' dir='ltr'><strong><em>ι</em></strong></span> <span class='ocrx_word' id='word_1_670' title='bbox 1642 5141 1807 5195; x_wconf 86' lang='lat' dir='ltr'><strong>sociis</strong></span> 
     </span>
    </p>
   </div>
   <div class='ocr_carea' id='block_1_87' title="bbox 248 5210 1802 5284">
    <p class='ocr_par' dir='ltr' id='par_1_87' title="bbox 248 5210 1802 5284">
     <span class='ocr_line' id='line_1_92' title="bbox 248 5210 1802 5284; baseline -0.001 -18"><span class='ocrx_word' id='word_1_671' title='bbox 248 5210 646 5284; x_wconf 58' lang='lat' dir='ltr'><strong>pratermiSSis.</strong></span> <span class='ocrx_word' id='word_1_672' title='bbox 718 5211 1160 5284; x_wconf 54' lang='lat' dir='ltr'><strong>Martytplogiuin</strong></span> <span class='ocrx_word' id='word_1_673' title='bbox 1219 5227 1435 5284; x_wconf 88' lang='lat' dir='ltr'><strong>quoque</strong></span> <span class='ocrx_word' id='word_1_674' title='bbox 1498 5210 1802 5284; x_wconf 76' lang='lat' dir='ltr'><strong>Romanum</strong></span> 
     </span>
    </p>
   </div>
   <div class='ocr_carea' id='block_1_88' title="bbox 245 5279 1808 5352">
    <p class='ocr_par' dir='ltr' id='par_1_88' title="bbox 245 5279 1808 5352">
     <span class='ocr_line' id='line_1_93' title="bbox 245 5279 1808 5352; baseline -0.001 -16"><span class='ocrx_word' id='word_1_675' title='bbox 245 5279 413 5340; x_wconf 82' lang='lat' dir='ltr'><strong>unum</strong></span> <span class='ocrx_word' id='word_1_676' title='bbox 441 5281 786 5352; x_wconf 82' lang='lat' dir='ltr'><strong>Hippolytum</strong></span> <span class='ocrx_word' id='word_1_677' title='bbox 820 5279 874 5352; x_wconf 83' lang='lat' dir='ltr'><strong>in</strong></span> <span class='ocrx_word' id='word_1_678' title='bbox 903 5279 1066 5352; x_wconf 81' lang='lat' dir='ltr'><strong>Portu</strong></span> <span class='ocrx_word' id='word_1_679' title='bbox 1098 5279 1364 5346; x_wconf 77' lang='lat' dir='ltr'><strong>Romano,</strong></span> <span class='ocrx_word' id='word_1_680' title='bbox 1405 5283 1570 5337; x_wconf 88' lang='lat' dir='ltr'><strong>sociis</strong></span> <span class='ocrx_word' id='word_1_681' title='bbox 1593 5291 1808 5350; x_wconf 71' lang='lat' dir='ltr'><strong>praeter-</strong></span> 
     </span>
    </p>
   </div>
   <div class='ocr_carea' id='block_1_89' title="bbox 247 5351 1799 5421">
    <p class='ocr_par' dir='ltr' id='par_1_89' title="bbox 247 5351 1799 5421">
     <span class='ocr_line' id='line_1_94' title="bbox 247 5351 1799 5421; baseline -0.004 -13"><span class='ocrx_word' id='word_1_682' title='bbox 247 5356 449 5420; x_wconf 85' lang='lat' dir='ltr'><strong>missis,</strong></span> <span class='ocrx_word' id='word_1_683' title='bbox 485 5351 675 5406; x_wconf 87' lang='lat' dir='ltr'><strong>recolit</strong></span> <span class='ocrx_word' id='word_1_684' title='bbox 709 5351 880 5421; x_wconf 75' lang='lat' dir='ltr'><strong>pridie</strong></span> <span class='ocrx_word' id='word_1_685' title='bbox 905 5351 1068 5420; x_wconf 81' lang='lat' dir='ltr'><strong>hujus</strong></span> <span class='ocrx_word' id='word_1_686' title='bbox 1095 5353 1222 5416; x_wconf 91' lang='lat' dir='ltr'><strong>diei,</strong></span> <span class='ocrx_word' id='word_1_687' title='bbox 1248 5367 1440 5420; x_wconf 88' lang='lat' dir='ltr'><strong>nempe</strong></span> <span class='ocrx_word' id='word_1_688' title='bbox 1483 5352 1554 5405; x_wconf 89' lang='grc'><strong>22</strong></span> <span class='ocrx_word' id='word_1_689' title='bbox 1580 5353 1717 5421; x_wconf 84' lang='lat' dir='ltr'><strong>Aug.</strong></span> <span class='ocrx_word' id='word_1_690' title='bbox 1780 5369 1799 5402; x_wconf 75' lang='grc' dir='ltr'><strong><em>ι</em></strong></span> 
     </span>
    </p>
   </div>
   <div class='ocr_carea' id='block_1_90' title="bbox 311 5420 1806 5494">
    <p class='ocr_par' dir='ltr' id='par_1_90' title="bbox 311 5420 1806 5494">
     <span class='ocr_line' id='line_1_95' title="bbox 311 5420 1806 5494; baseline -0.004 -14"><span class='ocrx_word' id='word_1_691' title='bbox 311 5425 424 5494; x_wconf 80' lang='grc'>(81)</span> <span class='ocrx_word' id='word_1_692' title='bbox 455 5422 658 5476; x_wconf 82' lang='lat' dir='ltr'><strong>Eadem</strong></span> <span class='ocrx_word' id='word_1_693' title='bbox 694 5420 814 5494; x_wconf 81' lang='lat' dir='ltr'><strong>pag.</strong></span> <span class='ocrx_word' id='word_1_694' title='bbox 837 5420 941 5494; x_wconf 31' lang='lat'><strong>‘20,</strong></span> <span class='ocrx_word' id='word_1_695' title='bbox 966 5437 1029 5494; x_wconf 81' lang='lat' dir='ltr'><strong>ut</strong></span> <span class='ocrx_word' id='word_1_696' title='bbox 1054 5422 1132 5475; x_wconf 91' lang='lat' dir='ltr'><strong>Id.</strong></span> <span class='ocrx_word' id='word_1_697' title='bbox 1161 5421 1400 5494; x_wconf 9' lang='lat' dir='ltr'><strong>Sept._:_rt</strong></span> <span class='ocrx_word' id='word_1_698' title='bbox 1434 5421 1495 5494; x_wconf 1' lang='lat' dir='ltr'><strong>In,</strong></span> <span class='ocrx_word' id='word_1_699' title='bbox 1516 5420 1684 5494; x_wconf 84' lang='lat' dir='ltr'><strong>Portu</strong></span> <span class='ocrx_word' id='word_1_700' title='bbox 1715 5437 1806 5475; x_wconf 91' lang='lat' dir='ltr'><strong>ur-</strong></span> 
     </span>
    </p>
   </div>
   <div class='ocr_carea' id='block_1_91' title="bbox 244 5490 1806 5564">
    <p class='ocr_par' dir='ltr' id='par_1_91' title="bbox 244 5490 1806 5564">
     <span class='ocr_line' id='line_1_96' title="bbox 244 5490 1806 5564; baseline 0 -18"><span class='ocrx_word' id='word_1_701' title='bbox 244 5490 331 5550; x_wconf 81' lang='lat' dir='ltr'><strong>bis</strong></span> <span class='ocrx_word' id='word_1_702' title='bbox 369 5490 560 5549; x_wconf 66' lang='lat' dir='ltr'><strong>Romae</strong></span> <span class='ocrx_word' id='word_1_703' title='bbox 590 5490 784 5547; x_wconf 83' lang='lat' dir='ltr'><strong>natalis</strong></span> <span class='ocrx_word' id='word_1_704' title='bbox 831 5490 932 5547; x_wconf 86' lang='grc'><strong>88.</strong></span> <span class='ocrx_word' id='word_1_705' title='bbox 959 5491 1182 5564; x_wconf 84' lang='lat' dir='ltr'><strong>Ingenui</strong></span> <span class='ocrx_word' id='word_1_706' title='bbox 1218 5501 1272 5546; x_wconf 89' lang='lat' dir='ltr'><strong>et</strong></span> <span class='ocrx_word' id='word_1_707' title='bbox 1311 5490 1575 5564; x_wconf 80' lang='lat' dir='ltr'><strong>Hippolyti</strong></span> <span class='ocrx_word' id='word_1_708' title='bbox 1605 5502 1806 5562; x_wconf 84' lang='lat' dir='ltr'><strong>marty-</strong></span> 
     </span>
    </p>
   </div>
   <div class='ocr_carea' id='block_1_92' title="bbox 244 5581 447 5619">
    <p class='ocr_par' dir='ltr' id='par_1_92' title="bbox 244 5581 447 5619">
     <span class='ocr_line' id='line_1_97' title="bbox 244 5581 447 5619; baseline -0.01 -1"><span class='ocrx_word' id='word_1_709' title='bbox 244 5581 384 5619; x_wconf 63' lang='lat' dir='ltr'><strong>fuﬂh</strong></span> <span class='ocrx_word' id='word_1_710' title='bbox 428 5583 447 5616; x_wconf 71' lang='grc' dir='ltr'><strong><em>ι</em></strong></span> 
     </span>
    </p>
   </div>
   <div class='ocr_carea' id='block_1_93' title="bbox 319 5633 751 5706">
    <p class='ocr_par' dir='ltr' id='par_1_93' title="bbox 319 5633 751 5706">
     <span class='ocr_line' id='line_1_98' title="bbox 319 5633 751 5706; baseline -0.009 -15"><span class='ocrx_word' id='word_1_711' title='bbox 319 5636 427 5706; x_wconf 74' lang='grc'>(82)</span> <span class='ocrx_word' id='word_1_712' title='bbox 457 5633 578 5706; x_wconf 82' lang='lat' dir='ltr'><strong>Fol.</strong></span> 
     </span>
    </p>
   </div>
   <div class='ocr_carea' id='block_1_94' title="bbox 319 5701 1801 5777">
    <p class='ocr_par' dir='ltr' id='par_1_94' title="bbox 319 5701 1801 5777">
     <span class='ocr_line' id='line_1_99' title="bbox 319 5701 1801 5777; baseline -0.004 -18"><span class='ocrx_word' id='word_1_713' title='bbox 319 5701 863 5777; x_wconf 19' lang='lat' dir='ltr'><strong>(85)7Admon_it_ione</strong></span> <span class='ocrx_word' id='word_1_714' title='bbox 913 5703 967 5777; x_wconf 71' lang='lat' dir='ltr'><strong>in</strong></span> <span class='ocrx_word' id='word_1_715' title='bbox 1014 5701 1340 5777; x_wconf 79' lang='lat' dir='ltr'><strong>martyrium</strong></span> <span class='ocrx_word' id='word_1_716' title='bbox 1481 5701 1801 5777; x_wconf 78' lang='lat' dir='ltr'><strong>__llippoly_ti&#39;,</strong></span> 
     </span>
    </p>
   </div>
   <div class='ocr_carea' id='block_1_95' title="bbox 252 5772 1802 5846">
    <p class='ocr_par' dir='ltr' id='par_1_95' title="bbox 252 5772 1802 5846">
     <span class='ocr_line' id='line_1_100' title="bbox 252 5772 1802 5846; baseline -0.001 -19"><span class='ocrx_word' id='word_1_717' title='bbox 252 5772 486 5842; x_wconf 43' lang='lat' dir='ltr'><strong>numﬁl,</strong></span> <span class='ocrx_word' id='word_1_718' title='bbox 515 5789 639 5846; x_wconf 78' lang='lat' dir='ltr'><strong>pag.</strong></span> <span class='ocrx_word' id='word_1_719' title='bbox 678 5775 777 5829; x_wconf 71' lang='lat' dir='ltr'><strong>Illi</strong></span> <span class='ocrx_word' id='word_1_720' title='bbox 819 5792 830 5828; x_wconf 90' lang='lat'>:</span> <span class='ocrx_word' id='word_1_721' title='bbox 875 5793 898 5826; x_wconf 83' lang='lat' dir='ltr'><strong>t-</strong></span> <span class='ocrx_word' id='word_1_722' title='bbox 929 5773 1318 5830; x_wconf 82' lang='lat' dir='ltr'><strong>Existimamus</strong></span> <span class='ocrx_word' id='word_1_723' title='bbox 1369 5773 1633 5842; x_wconf 90' lang='lat' dir='ltr'><strong>duplicem</strong></span> <span class='ocrx_word' id='word_1_724' title='bbox 1676 5772 1802 5842; x_wconf 86' lang='lat' dir='ltr'><strong>Hip-</strong></span> 
     </span>
    </p>
   </div>
   <div class='ocr_carea' id='block_1_96' title="bbox 1914 3376 3480 3462">
    <p class='ocr_par' dir='ltr' id='par_1_96' title="bbox 1914 3376 3480 3462">
     <span class='ocr_line' id='line_1_101' title="bbox 1914 3376 3480 3462; baseline -0.013 -15"><span class='ocrx_word' id='word_1_725' title='bbox 1914 3391 2157 3462; x_wconf 88' lang='lat' dir='ltr'><strong>polytum</strong></span> <span class='ocrx_word' id='word_1_726' title='bbox 2211 3389 2317 3443; x_wconf 88' lang='lat' dir='ltr'><strong>hac</strong></span> <span class='ocrx_word' id='word_1_727' title='bbox 2346 3387 2433 3442; x_wconf 90' lang='lat' dir='ltr'><strong>die</strong></span> <span class='ocrx_word' id='word_1_728' title='bbox 2466 3385 2534 3441; x_wconf 88' lang='lat' dir='ltr'><strong>I5</strong></span> <span class='ocrx_word' id='word_1_729' title='bbox 2559 3386 2698 3462; x_wconf 82' lang='lat' dir='ltr'><strong>Aug.</strong></span> <span class='ocrx_word' id='word_1_730' title='bbox 2730 3382 3045 3462; x_wconf 83' lang='lat' dir='ltr'><strong>celebrari_;</strong></span> <span class='ocrx_word' id='word_1_731' title='bbox 3081 3395 3249 3462; x_wconf 75' lang='lat' dir='ltr'><strong>unum</strong></span> <span class='ocrx_word' id='word_1_732' title='bbox 3280 3393 3310 3431; x_wconf 91' lang='lat' dir='ltr'><strong>a</strong></span> <span class='ocrx_word' id='word_1_733' title='bbox 3342 3376 3480 3462; x_wconf 45' lang='lat' dir='ltr'><strong>Pro-.-</strong></span> 
     </span>
    </p>
   </div>
   <div class='ocr_carea' id='block_1_97' title="bbox 1913 3448 3478 3519">
    <p class='ocr_par' dir='ltr' id='par_1_97' title="bbox 1913 3448 3478 3519">
     <span class='ocr_line' id='line_1_102' title="bbox 1913 3448 3478 3519; baseline -0.01 -3"><span class='ocrx_word' id='word_1_734' title='bbox 1913 3448 2096 3516; x_wconf 50' lang='lat' dir='ltr'><strong>Hen&#39;tio</strong></span> <span class='ocrx_word' id='word_1_735' title='bbox 2147 3466 2528 3519; x_wconf 85' lang='lat' dir='ltr'><strong>memoratum,</strong></span> <span class='ocrx_word' id='word_1_736' title='bbox 2577 3448 2806 3510; x_wconf 64' lang='lat' dir='ltr'><strong>altérum</strong></span> <span class='ocrx_word' id='word_1_737' title='bbox 2837 3468 2964 3507; x_wconf 85' lang='lat' dir='ltr'><strong>vero</strong></span> <span class='ocrx_word' id='word_1_738' title='bbox 3009 3451 3150 3505; x_wconf 86' lang='lat' dir='ltr'><strong>beati</strong></span> <span class='ocrx_word' id='word_1_739' title='bbox 3198 3448 3478 3502; x_wconf 86' lang='lat' dir='ltr'><strong>Laurentii</strong></span> 
     </span>
    </p>
   </div>
   <div class='ocr_carea' id='block_1_98' title="bbox 1914 3520 3475 3594">
    <p class='ocr_par' dir='ltr' id='par_1_98' title="bbox 1914 3520 3475 3594">
     <span class='ocr_line' id='line_1_103' title="bbox 1914 3520 3475 3594; baseline -0.009 -8"><span class='ocrx_word' id='word_1_740' title='bbox 1914 3534 2146 3594; x_wconf 90' lang='lat' dir='ltr'><strong>socium,</strong></span> <span class='ocrx_word' id='word_1_741' title='bbox 2180 3528 2268 3583; x_wconf 91' lang='lat' dir='ltr'><strong>cui</strong></span> <span class='ocrx_word' id='word_1_742' title='bbox 2319 3527 2576 3581; x_wconf 89' lang='lat' dir='ltr'><strong>nonnulla</strong></span> <span class='ocrx_word' id='word_1_743' title='bbox 2611 3542 2675 3579; x_wconf 88' lang='lat' dir='ltr'><strong>ex</strong></span> <span class='ocrx_word' id='word_1_744' title='bbox 2711 3523 2869 3594; x_wconf 71' lang='lat' dir='ltr'><strong>primj</strong></span> <span class='ocrx_word' id='word_1_745' title='bbox 2898 3522 3046 3576; x_wconf 86' lang='lat' dir='ltr'><strong>Actis</strong></span> <span class='ocrx_word' id='word_1_746' title='bbox 3080 3520 3285 3594; x_wconf 73' lang='lat' dir='ltr'><strong>tributa</strong></span> <span class='ocrx_word' id='word_1_747' title='bbox 3326 3527 3475 3594; x_wconf 83' lang='lat' dir='ltr'><strong>sunt.</strong></span> 
     </span>
    </p>
   </div>
   <div class='ocr_carea' id='block_1_99' title="bbox 1912 3588 3478 3667">
    <p class='ocr_par' dir='ltr' id='par_1_99' title="bbox 1912 3588 3478 3667">
     <span class='ocr_line' id='line_1_104' title="bbox 1912 3588 3478 3667; baseline -0.01 -12"><span class='ocrx_word' id='word_1_748' title='bbox 1912 3601 2084 3655; x_wconf 87' lang='lat' dir='ltr'><strong>Porro</strong></span> <span class='ocrx_word' id='word_1_749' title='bbox 2116 3588 2425 3667; x_wconf 79' lang='lat' dir='ltr'><strong>antiquiora</strong></span> <span class='ocrx_word' id='word_1_750' title='bbox 2456 3588 2802 3667; x_wconf 78' lang='lat' dir='ltr'><strong>Kalendaria,</strong></span> <span class='ocrx_word' id='word_1_751' title='bbox 2831 3591 3138 3667; x_wconf 71' lang='lat' dir='ltr'><strong>Romanum</strong></span> <span class='ocrx_word' id='word_1_752' title='bbox 3171 3589 3378 3644; x_wconf 90' lang='lat' dir='ltr'><strong>scilicet</strong></span> <span class='ocrx_word' id='word_1_753' title='bbox 3408 3588 3478 3641; x_wconf 86' lang='lat' dir='ltr'><strong>ab</strong></span> 
     </span>
    </p>
   </div>
   <div class='ocr_carea' id='block_1_100' title="bbox 1915 3660 3474 3741">
    <p class='ocr_par' dir='ltr' id='par_1_100' title="bbox 1915 3660 3474 3741">
     <span class='ocr_line' id='line_1_105' title="bbox 1915 3660 3474 3741; baseline -0.01 -16"><span class='ocrx_word' id='word_1_754' title='bbox 1915 3671 2146 3741; x_wconf 64' lang='lat' dir='ltr'><strong>IEgydio</strong></span> <span class='ocrx_word' id='word_1_755' title='bbox 2191 3660 2459 3741; x_wconf 68' lang='lat' dir='ltr'><strong>Hucherio</strong></span> <span class='ocrx_word' id='word_1_756' title='bbox 2496 3665 2722 3741; x_wconf 83' lang='lat' dir='ltr'><strong>editum,</strong></span> <span class='ocrx_word' id='word_1_757' title='bbox 2770 3660 3319 3741; x_wconf 46' lang='lat' dir='ltr'><strong>etnCarthagiuense,</strong></span> <span class='ocrx_word' id='word_1_758' title='bbox 3351 3673 3474 3738; x_wconf 81' lang='lat' dir='ltr'><strong>cum</strong></span> 
     </span>
    </p>
   </div>
   <div class='ocr_carea' id='block_1_101' title="bbox 1916 3727 3477 3806">
    <p class='ocr_par' dir='ltr' id='par_1_101' title="bbox 1916 3727 3477 3806">
     <span class='ocr_line' id='line_1_106' title="bbox 1916 3727 3477 3806; baseline -0.011 -11"><span class='ocrx_word' id='word_1_759' title='bbox 1916 3727 2164 3794; x_wconf 64' lang='lat' dir='ltr'><strong>Romano</strong></span> <span class='ocrx_word' id='word_1_760' title='bbox 2211 3734 2614 3806; x_wconf 71' lang='lat' dir='ltr'><strong>Martyrologio,</strong></span> <span class='ocrx_word' id='word_1_761' title='bbox 2643 3727 2786 3802; x_wconf 89' lang='lat' dir='ltr'><strong>quod</strong></span> <span class='ocrx_word' id='word_1_762' title='bbox 2836 3731 2892 3786; x_wconf 90' lang='lat' dir='ltr'><strong>S.</strong></span> <span class='ocrx_word' id='word_1_763' title='bbox 2949 3727 3274 3806; x_wconf 74' lang='lat' dir='ltr'><strong>Hieronymo</strong></span> <span class='ocrx_word' id='word_1_764' title='bbox 3323 3727 3477 3806; x_wconf 77' lang='lat' dir='ltr'><strong>attri-</strong></span> 
     </span>
    </p>
   </div>
   <div class='ocr_carea' id='block_1_102' title="bbox 1911 3797 3473 3874">
    <p class='ocr_par' dir='ltr' id='par_1_102' title="bbox 1911 3797 3473 3874">
     <span class='ocr_line' id='line_1_107' title="bbox 1911 3797 3473 3874; baseline -0.012 -8"><span class='ocrx_word' id='word_1_765' title='bbox 1911 3812 2124 3874; x_wconf 70' lang='lat' dir='ltr'><strong>Iiuitur,</strong></span> <span class='ocrx_word' id='word_1_766' title='bbox 2157 3797 2375 3860; x_wconf 79' lang='lat' dir='ltr'><strong>Missale</strong></span> <span class='ocrx_word' id='word_1_767' title='bbox 2440 3797 2822 3874; x_wconf 78' lang='lat' dir='ltr'><strong>Gelasiauum,</strong></span> <span class='ocrx_word' id='word_1_768' title='bbox 2874 3809 2925 3854; x_wconf 89' lang='lat' dir='ltr'><strong>et</strong></span> <span class='ocrx_word' id='word_1_769' title='bbox 2977 3797 3473 3874; x_wconf 58' lang='lat' dir='ltr'><strong>Sact&#39;aittetitat&#39;ium</strong></span> 
     </span>
    </p>
   </div>
   <div class='ocr_carea' id='block_1_103' title="bbox 1913 3865 3477 3952">
    <p class='ocr_par' dir='ltr' id='par_1_103' title="bbox 1913 3865 3477 3952">
     <span class='ocr_line' id='line_1_108' title="bbox 1913 3865 3477 3952; baseline -0.013 -17"><span class='ocrx_word' id='word_1_770' title='bbox 1913 3865 2305 3952; x_wconf 78' lang='lat' dir='ltr'><strong>Gregorianum</strong></span> <span class='ocrx_word' id='word_1_771' title='bbox 2342 3874 2584 3952; x_wconf 87' lang='lat' dir='ltr'><strong>hac_ipsa</strong></span> <span class='ocrx_word' id='word_1_772' title='bbox 2627 3873 2714 3928; x_wconf 89' lang='lat' dir='ltr'><strong>die</strong></span> <span class='ocrx_word' id='word_1_773' title='bbox 2742 3865 3203 3952; x_wconf 47' lang='lat' dir='ltr'><strong>IduumnAugust&#39;i&#39;</strong></span> <span class='ocrx_word' id='word_1_774' title='bbox 3223 3865 3477 3952; x_wconf 72' lang='lat' dir='ltr'><strong>Hippoly-</strong></span> 
     </span>
    </p>
   </div>
   <div class='ocr_carea' id='block_1_104' title="bbox 1912 3935 3475 4014">
    <p class='ocr_par' dir='ltr' id='par_1_104' title="bbox 1912 3935 3475 4014">
     <span class='ocr_line' id='line_1_109' title="bbox 1912 3935 3475 4014; baseline -0.013 -8"><span class='ocrx_word' id='word_1_775' title='bbox 1912 3935 2061 4012; x_wconf 52' lang='lat' dir='ltr'><strong>tumv,</strong></span> <span class='ocrx_word' id='word_1_776' title='bbox 2111 3963 2238 4012; x_wconf 90' lang='lat' dir='ltr'><strong>seu,</strong></span> <span class='ocrx_word' id='word_1_777' title='bbox 2292 3954 2352 3999; x_wconf 91' lang='lat' dir='ltr'><strong>ut</strong></span> <span class='ocrx_word' id='word_1_778' title='bbox 2377 3935 2538 4014; x_wconf 68' lang='lat' dir='ltr'><strong>vulgo</strong></span> <span class='ocrx_word' id='word_1_779' title='bbox 2581 3953 2788 4014; x_wconf 85' lang='lat' dir='ltr'><strong>veteres</strong></span> <span class='ocrx_word' id='word_1_780' title='bbox 2835 3935 3118 4014; x_wconf 78' lang='lat' dir='ltr'><strong>scribunt,</strong></span> <span class='ocrx_word' id='word_1_781' title='bbox 3165 3935 3475 4013; x_wconf 76' lang='lat' dir='ltr'><strong>Yppolytum</strong></span> 
     </span>
    </p>
   </div>
   <div class='ocr_carea' id='block_1_105' title="bbox 1912 4009 3472 4092">
    <p class='ocr_par' dir='ltr' id='par_1_105' title="bbox 1912 4009 3472 4092">
     <span class='ocr_line' id='line_1_110' title="bbox 1912 4009 3472 4092; baseline -0.013 -17"><span class='ocrx_word' id='word_1_782' title='bbox 1912 4009 2516 4092; x_wconf 24' lang='lat' dir='ltr'><strong>mart’yrem&#39;celebrarit</strong></span> <span class='ocrx_word' id='word_1_783' title='bbox 2559 4015 2675 4068; x_wconf 90' lang='lat' dir='ltr'><strong>sine</strong></span> <span class='ocrx_word' id='word_1_784' title='bbox 2719 4013 2826 4066; x_wconf 89' lang='lat' dir='ltr'><strong>ulla</strong></span> <span class='ocrx_word' id='word_1_785' title='bbox 2868 4009 3138 4092; x_wconf 60' lang='lat' dir='ltr'><strong>sociorum</strong></span> <span class='ocrx_word' id='word_1_786' title='bbox 3180 4010 3472 4092; x_wconf 74' lang='lat' dir='ltr'><strong>mentione,</strong></span> 
     </span>
    </p>
   </div>
   <div class='ocr_carea' id='block_1_106' title="bbox 1912 4074 3474 4159">
    <p class='ocr_par' dir='ltr' id='par_1_106' title="bbox 1912 4074 3474 4159">
     <span class='ocr_line' id='line_1_111' title="bbox 1912 4074 3474 4159; baseline -0.011 -15"><span class='ocrx_word' id='word_1_787' title='bbox 1912 4074 2006 4144; x_wconf 91' lang='lat' dir='ltr'><strong>aut</strong></span> <span class='ocrx_word' id='word_1_788' title='bbox 2049 4074 2229 4159; x_wconf 73' lang='lat' dir='ltr'><strong>aliqua</strong></span> <span class='ocrx_word' id='word_1_789' title='bbox 2264 4085 2486 4159; x_wconf 81' lang='lat' dir='ltr'><strong>speciali</strong></span> <span class='ocrx_word' id='word_1_790' title='bbox 2528 4094 2679 4159; x_wconf 74' lang='lat' dir='ltr'><strong>nota,</strong></span> <span class='ocrx_word' id='word_1_791' title='bbox 2714 4096 2836 4159; x_wconf 65' lang='lat' dir='ltr'><strong>quae</strong></span> <span class='ocrx_word' id='word_1_792' title='bbox 2863 4081 3051 4159; x_wconf 74' lang='lat' dir='ltr'><strong>ipsum</strong></span> <span class='ocrx_word' id='word_1_793' title='bbox 3086 4076 3144 4132; x_wconf 91' lang='lat' dir='ltr'><strong>S.</strong></span> <span class='ocrx_word' id='word_1_794' title='bbox 3193 4074 3474 4130; x_wconf 84' lang='lat' dir='ltr'><strong>Laurentii</strong></span> 
     </span>
    </p>
   </div>
   <div class='ocr_carea' id='block_1_107' title="bbox 1912 4151 3088 4220">
    <p class='ocr_par' dir='ltr' id='par_1_107' title="bbox 1912 4151 3088 4220">
     <span class='ocr_line' id='line_1_112' title="bbox 1912 4151 3088 4220; baseline -0.014 -4"><span class='ocrx_word' id='word_1_795' title='bbox 1912 4151 2156 4219; x_wconf 58' lang='lat' dir='ltr'><strong>socium;</strong></span> <span class='ocrx_word' id='word_1_796' title='bbox 2175 4167 2269 4212; x_wconf 89' lang='lat' dir='ltr'><strong>aut</strong></span> <span class='ocrx_word' id='word_1_797' title='bbox 2292 4151 2525 4209; x_wconf 77' lang='lat' dir='ltr'><strong>alterum</strong></span> <span class='ocrx_word' id='word_1_798' title='bbox 2561 4151 2743 4208; x_wconf 80' lang='lat' dir='ltr'><strong>fuisse</strong></span> <span class='ocrx_word' id='word_1_799' title='bbox 2763 4151 3023 4220; x_wconf 84' lang='lat' dir='ltr'><strong>designet.</strong></span> <span class='ocrx_word' id='word_1_800' title='bbox 3070 4165 3088 4198; x_wconf 84' lang='grc'><strong>›</strong></span> 
     </span>
    </p>
   </div>
   <div class='ocr_carea' id='block_1_108' title="bbox 1984 4213 3473 4311">
    <p class='ocr_par' dir='ltr' id='par_1_108' title="bbox 1984 4213 3473 4311">
     <span class='ocr_line' id='line_1_113' title="bbox 1984 4213 3473 4311; baseline -0.013 -26"><span class='ocrx_word' id='word_1_801' title='bbox 1984 4231 2094 4311; x_wconf 72' lang='grc'>(84)</span> <span class='ocrx_word' id='word_1_802' title='bbox 2123 4213 2431 4311; x_wconf 63' lang='lat' dir='ltr'><strong>Orationes,</strong></span> <span class='ocrx_word' id='word_1_803' title='bbox 2459 4239 2580 4311; x_wconf 50' lang='lat' dir='ltr'><strong>qua?</strong></span> <span class='ocrx_word' id='word_1_804' title='bbox 2600 4224 2656 4278; x_wconf 91' lang='lat' dir='ltr'><strong>in</strong></span> <span class='ocrx_word' id='word_1_805' title='bbox 2679 4237 2745 4278; x_wconf 91' lang='lat' dir='ltr'><strong>eo</strong></span> <span class='ocrx_word' id='word_1_806' title='bbox 2774 4213 3063 4284; x_wconf 75' lang='lat' dir='ltr'><strong>habéntur,</strong></span> <span class='ocrx_word' id='word_1_807' title='bbox 3088 4216 3336 4287; x_wconf 90' lang='lat' dir='ltr'><strong>superius</strong></span> <span class='ocrx_word' id='word_1_808' title='bbox 3358 4213 3473 4284; x_wconf 84' lang='lat' dir='ltr'><strong>jam</strong></span> 
     </span>
    </p>
   </div>
   <div class='ocr_carea' id='block_1_109' title="bbox 1910 4295 2593 4368">
    <p class='ocr_par' dir='ltr' id='par_1_109' title="bbox 1910 4295 2593 4368">
     <span class='ocr_line' id='line_1_114' title="bbox 1910 4295 2593 4368; baseline -0.013 -12"><span class='ocrx_word' id='word_1_809' title='bbox 1910 4295 2299 4368; x_wconf 76' lang='lat' dir='ltr'><strong>descripsimus</strong></span> <span class='ocrx_word' id='word_1_810' title='bbox 2331 4295 2436 4368; x_wconf 82' lang='lat' dir='ltr'><strong>col.</strong></span> <span class='ocrx_word' id='word_1_811' title='bbox 2471 4295 2593 4368; x_wconf 64' lang='lat'><strong>559.</strong></span> 
     </span>
    </p>
   </div>
   <div class='ocr_carea' id='block_1_110' title="bbox 1984 4352 3474 4441">
    <p class='ocr_par' dir='ltr' id='par_1_110' title="bbox 1984 4352 3474 4441">
     <span class='ocr_line' id='line_1_115' title="bbox 1984 4352 3474 4441; baseline -0.013 -16"><span class='ocrx_word' id='word_1_812' title='bbox 1984 4352 2186 4441; x_wconf 74' lang='grc' dir='ltr'>(85)’1η</span> <span class='ocrx_word' id='word_1_813' title='bbox 2221 4381 2286 4422; x_wconf 90' lang='lat' dir='ltr'><strong>eo</strong></span> <span class='ocrx_word' id='word_1_814' title='bbox 2315 4365 2459 4419; x_wconf 90' lang='lat' dir='ltr'><strong>enim</strong></span> <span class='ocrx_word' id='word_1_815' title='bbox 2495 4363 2678 4418; x_wconf 85' lang='lat' dir='ltr'><strong>Idibus</strong></span> <span class='ocrx_word' id='word_1_816' title='bbox 2709 4359 2938 4441; x_wconf 76' lang='lat' dir='ltr'><strong>Augusti</strong></span> <span class='ocrx_word' id='word_1_817' title='bbox 2988 4377 3006 4411; x_wconf 78' lang='lat' dir='ltr'><strong>t</strong></span> <span class='ocrx_word' id='word_1_818' title='bbox 3046 4357 3222 4441; x_wconf 65' lang='lat' dir='ltr'><strong>natale</strong></span> <span class='ocrx_word' id='word_1_819' title='bbox 3254 4356 3314 4410; x_wconf 90' lang='grc'><strong>8.</strong></span> <span class='ocrx_word' id='word_1_820' title='bbox 3342 4352 3474 4441; x_wconf 79' lang='lat' dir='ltr'><strong>Hip-</strong></span> 
     </span>
    </p>
   </div>
   <div class='ocr_carea' id='block_1_111' title="bbox 1909 4427 3474 4511">
    <p class='ocr_par' dir='ltr' id='par_1_111' title="bbox 1909 4427 3474 4511">
     <span class='ocr_line' id='line_1_116' title="bbox 1909 4427 3474 4511; baseline -0.012 -15"><span class='ocrx_word' id='word_1_821' title='bbox 1909 4427 2090 4511; x_wconf 53' lang='lat' dir='ltr'><strong>polyti’</strong></span> <span class='ocrx_word' id='word_1_822' title='bbox 2114 4458 2134 4491; x_wconf 73' lang='grc' dir='ltr'><strong><em>ι</em></strong></span> <span class='ocrx_word' id='word_1_823' title='bbox 2172 4445 2486 4511; x_wconf 77' lang='lat' dir='ltr'><strong>recensetur</strong></span> <span class='ocrx_word' id='word_1_824' title='bbox 2515 4449 2637 4511; x_wconf 86' lang='lat' dir='ltr'><strong>cum</strong></span> <span class='ocrx_word' id='word_1_825' title='bbox 2668 4427 2843 4511; x_wconf 65' lang='lat' dir='ltr'><strong>tribus</strong></span> <span class='ocrx_word' id='word_1_826' title='bbox 2879 4429 3232 4511; x_wconf 67' lang='lat' dir='ltr'><strong>sequetttibus</strong></span> <span class='ocrx_word' id='word_1_827' title='bbox 3269 4427 3474 4480; x_wconf 88' lang='lat' dir='ltr'><strong>oratio-</strong></span> 
     </span>
    </p>
   </div>
   <div class='ocr_carea' id='block_1_112' title="bbox 1910 4499 3470 4581">
    <p class='ocr_par' dir='ltr' id='par_1_112' title="bbox 1910 4499 3470 4581">
     <span class='ocr_line' id='line_1_117' title="bbox 1910 4499 3470 4581; baseline -0.01 -17"><span class='ocrx_word' id='word_1_828' title='bbox 1910 4499 2070 4566; x_wconf 71' lang='lat' dir='ltr'><strong>nibus</strong></span> <span class='ocrx_word' id='word_1_829' title='bbox 2101 4507 2255 4581; x_wconf 74' lang='lat' dir='ltr'><strong>apud</strong></span> <span class='ocrx_word' id='word_1_830' title='bbox 2306 4505 2683 4581; x_wconf 67' lang='lat' dir='ltr'><strong>bluratorium,</strong></span> <span class='ocrx_word' id='word_1_831' title='bbox 2734 4499 3273 4581; x_wconf 41' lang='lat' dir='ltr'><strong>Liturgiajiomana.</strong></span> <span class='ocrx_word' id='word_1_832' title='bbox 3303 4505 3470 4561; x_wconf 72' lang='lat' dir='ltr'><strong>vetus,</strong></span> 
     </span>
    </p>
   </div>
   <div class='ocr_carea' id='block_1_113' title="bbox 1911 4567 3470 4650">
    <p class='ocr_par' dir='ltr' id='par_1_113' title="bbox 1911 4567 3470 4650">
     <span class='ocr_line' id='line_1_118' title="bbox 1911 4567 3470 4650; baseline -0.01 -15"><span class='ocrx_word' id='word_1_833' title='bbox 1911 4591 2041 4636; x_wconf 88' lang='lat' dir='ltr'><strong>tom.</strong></span> <span class='ocrx_word' id='word_1_834' title='bbox 2076 4567 2294 4650; x_wconf 45' lang='lat' dir='ltr'><strong>ll,‘pag.</strong></span> <span class='ocrx_word' id='word_1_835' title='bbox 2325 4575 2550 4650; x_wconf 76' lang='lat' dir='ltr'><strong>I_I2__cit.</strong></span> <span class='ocrx_word' id='word_1_836' title='bbox 2578 4567 2705 4650; x_wconf 74' lang='lat' dir='ltr'><strong>edit.</strong></span> <span class='ocrx_word' id='word_1_837' title='bbox 2744 4591 2763 4623; x_wconf 83' lang='grc'><em>‹</em></span> <span class='ocrx_word' id='word_1_838' title='bbox 2800 4571 2871 4625; x_wconf 89' lang='lat' dir='ltr'><strong>Da</strong></span> <span class='ocrx_word' id='word_1_839' title='bbox 2893 4567 3470 4650; x_wconf 29' lang='lat' dir='ltr'><strong>vti-obishomnipoteos</strong></span> 
     </span>
    </p>
   </div>
   <div class='ocr_carea' id='block_1_114' title="bbox 1907 4637 3471 4716">
    <p class='ocr_par' dir='ltr' id='par_1_114' title="bbox 1907 4637 3471 4716">
     <span class='ocr_line' id='line_1_119' title="bbox 1907 4637 3471 4716; baseline -0.01 -11"><span class='ocrx_word' id='word_1_840' title='bbox 1907 4650 2072 4716; x_wconf 90' lang='lat' dir='ltr'><strong>Deus,</strong></span> <span class='ocrx_word' id='word_1_841' title='bbox 2119 4637 2192 4705; x_wconf 45' lang='lat' dir='ltr'><strong>ut.</strong></span> <span class='ocrx_word' id='word_1_842' title='bbox 2229 4637 2368 4702; x_wconf 66' lang='lat' dir='ltr'><strong>beati</strong></span> <span class='ocrx_word' id='word_1_843' title='bbox 2417 4643 2688 4714; x_wconf 85' lang='lat' dir='ltr'><strong>Hippolyti</strong></span> <span class='ocrx_word' id='word_1_844' title='bbox 2735 4642 2994 4716; x_wconf 85' lang='lat' dir='ltr'><strong>martyris</strong></span> <span class='ocrx_word' id='word_1_845' title='bbox 3044 4640 3120 4693; x_wconf 94' lang='lat' dir='ltr'><strong>tui</strong></span> <span class='ocrx_word' id='word_1_846' title='bbox 3164 4637 3471 4716; x_wconf 78' lang='lat' dir='ltr'><strong>veneranda</strong></span> 
     </span>
    </p>
   </div>
   <div class='ocr_carea' id='block_1_115' title="bbox 1908 4708 3467 4780">
    <p class='ocr_par' dir='ltr' id='par_1_115' title="bbox 1908 4708 3467 4780">
     <span class='ocr_line' id='line_1_120' title="bbox 1908 4708 3467 4780; baseline -0.009 -6"><span class='ocrx_word' id='word_1_847' title='bbox 1908 4708 2223 4777; x_wconf 76' lang='lat' dir='ltr'><strong>solemnitas</strong></span> <span class='ocrx_word' id='word_1_848' title='bbox 2254 4726 2307 4770; x_wconf 87' lang='lat' dir='ltr'><strong>et</strong></span> <span class='ocrx_word' id='word_1_849' title='bbox 2339 4708 2676 4769; x_wconf 73' lang='lat' dir='ltr'><strong>devotionem</strong></span> <span class='ocrx_word' id='word_1_850' title='bbox 2721 4708 3100 4780; x_wconf 58' lang='lat' dir='ltr'><strong>nobis&#39;augeat</strong></span> <span class='ocrx_word' id='word_1_851' title='bbox 3121 4717 3176 4764; x_wconf 90' lang='lat' dir='ltr'><strong>et</strong></span> <span class='ocrx_word' id='word_1_852' title='bbox 3215 4708 3467 4763; x_wconf 87' lang='lat' dir='ltr'><strong>salutem.</strong></span> 
     </span>
    </p>
   </div>
   <div class='ocr_carea' id='block_1_116' title="bbox 1905 4785 2810 4850">
    <p class='ocr_par' dir='ltr' id='par_1_116' title="bbox 1905 4785 2810 4850">
     <span class='ocr_line' id='line_1_121' title="bbox 1905 4785 2810 4850; baseline -0.012 -5"><span class='ocrx_word' id='word_1_853' title='bbox 1905 4789 2010 4847; x_wconf 87' lang='lat' dir='ltr'><strong>Per</strong></span> <span class='ocrx_word' id='word_1_854' title='bbox 2038 4789 2288 4845; x_wconf 87' lang='lat' dir='ltr'><strong>eumdem</strong></span> <span class='ocrx_word' id='word_1_855' title='bbox 2319 4785 2621 4850; x_wconf 88' lang='lat' dir='ltr'><strong>Christum,</strong></span> <span class='ocrx_word' id='word_1_856' title='bbox 2652 4794 2756 4839; x_wconf 91' lang='lat' dir='ltr'><strong>etc.</strong></span> <span class='ocrx_word' id='word_1_857' title='bbox 2791 4801 2810 4834; x_wconf 76' lang='grc' dir='ltr'><strong><em>ι</em></strong></span> 
     </span>
    </p>
   </div>
   <div class='ocr_carea' id='block_1_117' title="bbox 2475 4912 2904 4954">
    <p class='ocr_par' dir='ltr' id='par_1_117' title="bbox 2475 4912 2904 4954">
     <span class='ocr_line' id='line_1_122' title="bbox 2475 4912 2904 4954; baseline -0.012 0"><span class='ocrx_word' id='word_1_858' title='bbox 2475 4914 2639 4954; x_wconf 78' lang='lat' dir='ltr'><strong>SUPER</strong></span> <span class='ocrx_word' id='word_1_859' title='bbox 2678 4912 2904 4951; x_wconf 77' lang='lat' dir='ltr'><strong>OBLATA.</strong></span> 
     </span>
    </p>
   </div>
   <div class='ocr_carea' id='block_1_118' title="bbox 1985 4986 3468 5063">
    <p class='ocr_par' dir='ltr' id='par_1_118' title="bbox 1985 4986 3468 5063">
     <span class='ocr_line' id='line_1_123' title="bbox 1985 4986 3468 5063; baseline -0.011 -13"><span class='ocrx_word' id='word_1_860' title='bbox 1985 5015 2003 5049; x_wconf 76' lang='grc' dir='ltr'>ι</span> <span class='ocrx_word' id='word_1_861' title='bbox 2047 4995 2282 5063; x_wconf 78' lang='lat' dir='ltr'><strong>Respice,</strong></span> <span class='ocrx_word' id='word_1_862' title='bbox 2313 4992 2556 5052; x_wconf 82' lang='lat' dir='ltr'><strong>Domine,</strong></span> <span class='ocrx_word' id='word_1_863' title='bbox 2588 5005 2813 5063; x_wconf 80' lang='lat' dir='ltr'><strong>munera</strong></span> <span class='ocrx_word' id='word_1_864' title='bbox 2828 4986 3006 5063; x_wconf 73' lang='lat' dir='ltr'><strong>populi</strong></span> <span class='ocrx_word' id='word_1_865' title='bbox 3038 4986 3468 5063; x_wconf 61' lang='lat' dir='ltr'><strong>tui,_sanctoruin</strong></span> 
     </span>
    </p>
   </div>
   <div class='ocr_carea' id='block_1_119' title="bbox 1908 5052 3467 5137">
    <p class='ocr_par' dir='ltr' id='par_1_119' title="bbox 1908 5052 3467 5137">
     <span class='ocr_line' id='line_1_124' title="bbox 1908 5052 3467 5137; baseline -0.01 -16"><span class='ocrx_word' id='word_1_866' title='bbox 1908 5052 2189 5137; x_wconf 70' lang='lat' dir='ltr'><strong>festivitale</strong></span> <span class='ocrx_word' id='word_1_867' title='bbox 2228 5052 2420 5137; x_wconf 64' lang='lat' dir='ltr'><strong>petitio,</strong></span> <span class='ocrx_word' id='word_1_868' title='bbox 2458 5074 2506 5114; x_wconf 87' lang='lat' dir='ltr'><strong>et</strong></span> <span class='ocrx_word' id='word_1_869' title='bbox 2543 5071 2648 5137; x_wconf 50' lang='lat' dir='ltr'><strong>Luae</strong></span> <span class='ocrx_word' id='word_1_870' title='bbox 2689 5052 2998 5137; x_wconf 62' lang='lat' dir='ltr'><strong>testiﬁcatio</strong></span> <span class='ocrx_word' id='word_1_871' title='bbox 3039 5055 3273 5109; x_wconf 78' lang='lat' dir='ltr'><strong>veritatis</strong></span> <span class='ocrx_word' id='word_1_872' title='bbox 3319 5052 3467 5108; x_wconf 72' lang='lat' dir='ltr'><strong>nobis</strong></span> 
     </span>
    </p>
   </div>
   <div class='ocr_carea' id='block_1_120' title="bbox 1906 5129 3116 5209">
    <p class='ocr_par' dir='ltr' id='par_1_120' title="bbox 1906 5129 3116 5209">
     <span class='ocr_line' id='line_1_125' title="bbox 1906 5129 3116 5209; baseline -0.008 -18"><span class='ocrx_word' id='word_1_873' title='bbox 1906 5129 2147 5209; x_wconf 67' lang='lat' dir='ltr'><strong>proﬁciat</strong></span> <span class='ocrx_word' id='word_1_874' title='bbox 2179 5135 2246 5187; x_wconf 87' lang='lat' dir='ltr'><strong>ad</strong></span> <span class='ocrx_word' id='word_1_875' title='bbox 2271 5133 2516 5188; x_wconf 80' lang='lat' dir='ltr'><strong>salutem.</strong></span> <span class='ocrx_word' id='word_1_876' title='bbox 2543 5130 2649 5184; x_wconf 89' lang='lat' dir='ltr'><strong>Per</strong></span> <span class='ocrx_word' id='word_1_877' title='bbox 2676 5129 2980 5193; x_wconf 85' lang='lat' dir='ltr'><strong>Dominum,</strong></span> <span class='ocrx_word' id='word_1_878' title='bbox 3010 5135 3116 5182; x_wconf 85' lang='lat' dir='ltr'><strong>etc.</strong></span> 
     </span>
    </p>
   </div>
   <div class='ocr_carea' id='block_1_121' title="bbox 2451 5259 2925 5303">
    <p class='ocr_par' dir='ltr' id='par_1_121' title="bbox 2451 5259 2925 5303">
     <span class='ocr_line' id='line_1_126' title="bbox 2451 5259 2925 5303; baseline -0.017 0"><span class='ocrx_word' id='word_1_879' title='bbox 2451 5263 2518 5302; x_wconf 71' lang='lat' dir='ltr'><strong>AD</strong></span> <span class='ocrx_word' id='word_1_880' title='bbox 2557 5259 2925 5303; x_wconf 70' lang='lat' dir='ltr'><strong>COMPLENDUI.</strong></span> 
     </span>
    </p>
   </div>
   <div class='ocr_carea' id='block_1_122' title="bbox 1979 5336 3465 5402">
    <p class='ocr_par' dir='ltr' id='par_1_122' title="bbox 1979 5336 3465 5402">
     <span class='ocr_line' id='line_1_127' title="bbox 1979 5336 3465 5402; baseline -0.007 -6"><span class='ocrx_word' id='word_1_881' title='bbox 1979 5363 1996 5396; x_wconf 75' lang='grc' dir='ltr'>ι</span> <span class='ocrx_word' id='word_1_882' title='bbox 2021 5343 2485 5398; x_wconf 84' lang='lat' dir='ltr'><strong>Sacramentorum</strong></span> <span class='ocrx_word' id='word_1_883' title='bbox 2501 5349 2730 5402; x_wconf 85' lang='lat' dir='ltr'><strong>tuorum,</strong></span> <span class='ocrx_word' id='word_1_884' title='bbox 2752 5337 2989 5401; x_wconf 81' lang='lat' dir='ltr'><strong>Domine,</strong></span> <span class='ocrx_word' id='word_1_885' title='bbox 3007 5336 3301 5389; x_wconf 84' lang='lat' dir='ltr'><strong>communio</strong></span> <span class='ocrx_word' id='word_1_886' title='bbox 3318 5349 3465 5387; x_wconf 73' lang='lat' dir='ltr'><strong>sum-</strong></span> 
     </span>
    </p>
   </div>
   <div class='ocr_carea' id='block_1_123' title="bbox 1902 5407 3463 5487">
    <p class='ocr_par' dir='ltr' id='par_1_123' title="bbox 1902 5407 3463 5487">
     <span class='ocr_line' id='line_1_128' title="bbox 1902 5407 3463 5487; baseline -0.006 -18"><span class='ocrx_word' id='word_1_887' title='bbox 1902 5426 1993 5487; x_wconf 84' lang='lat' dir='ltr'><strong>pta</strong></span> <span class='ocrx_word' id='word_1_888' title='bbox 2041 5432 2131 5487; x_wconf 75' lang='lat' dir='ltr'><strong>nos</strong></span> <span class='ocrx_word' id='word_1_889' title='bbox 2180 5414 2364 5487; x_wconf 78' lang='lat' dir='ltr'><strong>solvet,</strong></span> <span class='ocrx_word' id='word_1_890' title='bbox 2397 5421 2446 5464; x_wconf 84' lang='lat' dir='ltr'><strong>et</strong></span> <span class='ocrx_word' id='word_1_891' title='bbox 2497 5414 2700 5487; x_wconf 47' lang='lat' dir='ltr'><strong>in_tuthe</strong></span> <span class='ocrx_word' id='word_1_892' title='bbox 2741 5409 2970 5462; x_wconf 76' lang='lat' dir='ltr'><strong>veritatis</strong></span> <span class='ocrx_word' id='word_1_893' title='bbox 3017 5407 3130 5487; x_wconf 60' lang='lat' dir='ltr'><strong>luce</strong></span> <span class='ocrx_word' id='word_1_894' title='bbox 3173 5407 3463 5487; x_wconf 57' lang='lat' dir='ltr'><strong>con/frmat.</strong></span> 
     </span>
    </p>
   </div>
   <div class='ocr_carea' id='block_1_124' title="bbox 1903 5475 3466 5548">
    <p class='ocr_par' dir='ltr' id='par_1_124' title="bbox 1903 5475 3466 5548">
     <span class='ocr_line' id='line_1_129' title="bbox 1903 5475 3466 5548; baseline -0.007 -7"><span class='ocrx_word' id='word_1_895' title='bbox 1903 5475 2010 5541; x_wconf 71' lang='lat' dir='ltr'><strong>Per</strong></span> <span class='ocrx_word' id='word_1_896' title='bbox 2036 5475 2390 5548; x_wconf 49' lang='lat' dir='ltr'><strong>Dominum,»</strong></span> <span class='ocrx_word' id='word_1_897' title='bbox 2418 5491 2520 5537; x_wconf 89' lang='lat' dir='ltr'><strong>etc.</strong></span> <span class='ocrx_word' id='word_1_898' title='bbox 2557 5480 2613 5535; x_wconf 94' lang='lat' dir='ltr'><strong>In</strong></span> <span class='ocrx_word' id='word_1_899' title='bbox 2648 5479 3073 5534; x_wconf 82' lang='lat' dir='ltr'><strong>Sacramentario</strong></span> <span class='ocrx_word' id='word_1_900' title='bbox 3095 5475 3368 5548; x_wconf 81' lang='lat' dir='ltr'><strong>Leoniano</strong></span> <span class='ocrx_word' id='word_1_901' title='bbox 3397 5476 3466 5530; x_wconf 86' lang='lat' dir='ltr'><strong>ab</strong></span> 
     </span>
    </p>
   </div>
   <div class='ocr_carea' id='block_1_125' title="bbox 1902 5547 3466 5611">
    <p class='ocr_par' dir='ltr' id='par_1_125' title="bbox 1902 5547 3466 5611">
     <span class='ocr_line' id='line_1_130' title="bbox 1902 5547 3466 5611; baseline -0.009 0"><span class='ocrx_word' id='word_1_902' title='bbox 1902 5557 2094 5611; x_wconf 85' lang='lat' dir='ltr'><strong>eodem</strong></span> <span class='ocrx_word' id='word_1_903' title='bbox 2130 5555 2424 5608; x_wconf 82' lang='lat' dir='ltr'><strong>Muralorio</strong></span> <span class='ocrx_word' id='word_1_904' title='bbox 2454 5553 2599 5607; x_wconf 89' lang='lat' dir='ltr'><strong>edito</strong></span> <span class='ocrx_word' id='word_1_905' title='bbox 2635 5552 2860 5604; x_wconf 89' lang='lat' dir='ltr'><strong>habetur</strong></span> <span class='ocrx_word' id='word_1_906' title='bbox 2889 5550 3050 5601; x_wconf 88' lang='lat' dir='ltr'><strong>etiam</strong></span> <span class='ocrx_word' id='word_1_907' title='bbox 3099 5547 3292 5600; x_wconf 88' lang='lat' dir='ltr'><strong>natalis</strong></span> <span class='ocrx_word' id='word_1_908' title='bbox 3339 5560 3466 5598; x_wconf 83' lang='lat' dir='ltr'><strong>san-</strong></span> 
     </span>
    </p>
   </div>
   <div class='ocr_carea' id='block_1_126' title="bbox 1903 5615 3464 5696">
    <p class='ocr_par' dir='ltr' id='par_1_126' title="bbox 1903 5615 3464 5696">
     <span class='ocr_line' id='line_1_131' title="bbox 1903 5615 3464 5696; baseline -0.008 -13"><span class='ocrx_word' id='word_1_909' title='bbox 1903 5640 2114 5683; x_wconf 90' lang='lat' dir='ltr'><strong>ctorum</strong></span> <span class='ocrx_word' id='word_1_910' title='bbox 2155 5624 2424 5696; x_wconf 85' lang='lat' dir='ltr'><strong>Hippolyti</strong></span> <span class='ocrx_word' id='word_1_911' title='bbox 2457 5633 2507 5678; x_wconf 86' lang='lat' dir='ltr'><strong>et</strong></span> <span class='ocrx_word' id='word_1_912' title='bbox 2540 5623 2790 5696; x_wconf 70' lang='lat' dir='ltr'><strong>Pontiani</strong></span> <span class='ocrx_word' id='word_1_913' title='bbox 2829 5617 3290 5696; x_wconf 39' lang='lat' dir='ltr'><strong>Idibus-Augusti.</strong></span> <span class='ocrx_word' id='word_1_914' title='bbox 3323 5625 3378 5670; x_wconf 88' lang='lat' dir='ltr'><strong>et</strong></span> <span class='ocrx_word' id='word_1_915' title='bbox 3410 5615 3464 5670; x_wconf 90' lang='lat' dir='ltr'><strong>in</strong></span> 
     </span>
    </p>
   </div>
   <div class='ocr_carea' id='block_1_127' title="bbox 1903 5686 3465 5762">
    <p class='ocr_par' dir='ltr' id='par_1_127' title="bbox 1903 5686 3465 5762">
     <span class='ocr_line' id='line_1_132' title="bbox 1903 5686 3465 5762; baseline -0.007 -11"><span class='ocrx_word' id='word_1_916' title='bbox 1903 5686 2438 5752; x_wconf 57' lang='lat' dir='ltr'><strong>orationibus&#39;nu&#39;lla</strong></span> <span class='ocrx_word' id='word_1_917' title='bbox 2472 5699 2538 5747; x_wconf 87' lang='lat' dir='ltr'><strong>de</strong></span> <span class='ocrx_word' id='word_1_918' title='bbox 2580 5691 2853 5762; x_wconf 77' lang='lat' dir='ltr'><strong>Hippolyti</strong></span> <span class='ocrx_word' id='word_1_919' title='bbox 2901 5687 3064 5742; x_wconf 75' lang='lat' dir='ltr'><strong>sociis</strong></span> <span class='ocrx_word' id='word_1_920' title='bbox 3111 5686 3316 5762; x_wconf 80' lang='lat' dir='ltr'><strong>mentio</strong></span> <span class='ocrx_word' id='word_1_921' title='bbox 3359 5696 3465 5762; x_wconf 71' lang='lat' dir='ltr'><strong>est.</strong></span> 
     </span>
    </p>
   </div>
   <div class='ocr_carea' id='block_1_128' title="bbox 1905 5756 3466 5840">
    <p class='ocr_par' dir='ltr' id='par_1_128' title="bbox 1905 5756 3466 5840">
     <span class='ocr_line' id='line_1_133' title="bbox 1905 5756 3466 5840; baseline -0.008 -18"><span class='ocrx_word' id='word_1_922' title='bbox 1905 5784 2076 5840; x_wconf 80' lang='lat' dir='ltr'><strong>neque</strong></span> <span class='ocrx_word' id='word_1_923' title='bbox 2120 5768 2173 5823; x_wconf 91' lang='lat' dir='ltr'><strong>iu</strong></span> <span class='ocrx_word' id='word_1_924' title='bbox 2221 5765 2483 5837; x_wconf 64' lang='lat' dir='ltr'><strong>praelatio,</strong></span> <span class='ocrx_word' id='word_1_925' title='bbox 2533 5766 2584 5819; x_wconf 91' lang='lat' dir='ltr'><strong>in</strong></span> <span class='ocrx_word' id='word_1_926' title='bbox 2632 5756 2739 5834; x_wconf 76' lang='lat' dir='ltr'><strong>quo</strong></span> <span class='ocrx_word' id='word_1_927' title='bbox 2777 5756 2886 5815; x_wconf 72' lang='lat' dir='ltr'><strong>inec</strong></span> <span class='ocrx_word' id='word_1_928' title='bbox 2928 5768 3134 5812; x_wconf 88' lang='lat' dir='ltr'><strong>tantum</strong></span> <span class='ocrx_word' id='word_1_929' title='bbox 3179 5756 3466 5822; x_wconf 71' lang='lat' dir='ltr'><strong>habentur,</strong></span> 
     </span>
    </p>
   </div>
  </div>
