3966 6344
228 392 337 446 545

1495 383 1550 439 S.
1594 382 1951 440 Hl-PPOLYTI
1989 382 2171 439 ACTA

3344 383 3449 438 διδ

233 509 425 578 iusius,
488 526 653 582 quam
707 526 802 582 par
852 518 989 577 erat,
1017 508 1084 566 de
1131 507 1310 580 magni
1362 506 1630 579 Hippolyti
1670 507 1786 578 epi-
1818 518 1862 571 Α
1894 506 2079 562 codice
2125 505 2428 560 Sorbonico
2462 502 2739 560 Marianus
2775 503 3049 562 Victorius
3079 505 3279 574 legerat
3310 503 3444 576 (87),

235 603 379 673 scopi
413 612 466 657 et
498 604 753 674 martyris
778 602 1191 673 disputavimus,
1226 602 1360 656 satis
1393 614 1661 670 superque
1687 614 1789 653 no-

231 691 313 745 bis
360 691 625 761 probasse
670 691 986 754 suademus,
1021 689 1267 745 eumdem
1318 703 1427 742 non
1457 686 1697 753 Oriente,
1729 694 1789 741 ut

227 783 600 849 Tillcmontio,
633 782 715 837 vel
750 783 803 836 in
836 783 1034 838 Arabia
1069 781 1269 845 Felice,
1315 788 1372 835 ut
1420 779 1692 851 Stephano
1740 780 1788 834 le

226 874 418 947 Hoyne
445 875 625 930 visum
660 872 785 939 fuit,
817 873 911 929 sed
935 873 987 926 in
1020 871 1183 925 Porta
1216 870 1452 924 Romano
1484 884 1649 940 prope
1682 867 1787 923 Ur-

224 968 345 1023 bem
377 968 752 1038 episcopatum
782 964 1121 1033 _obtinuisse.
1154 962 1387 1033 Ideoque
1421 963 1473 1018 in
1506 962 1789 1033 episcopo-

225 1076 343 1116 rum
374 1059 766 1116 Portuensium
793 1057 933 1115 serie
968 1055 1343 1113 collocandum
1371 1068 1531 1109 nemo
1571 1055 1669 1109 ibit
1697 1055 1785 1109 in-

224 1151 397 1208 ﬁcias.
420 1150 624 1209 Decem
652 1152 796 1207 enim
825 1159 880 1206 et
907 1151 1090 1221 plures
1112 1149 1285 1205 etatis
1306 1158 1467 1203 certa:
1495 1148 1788 1218 scriptores

222 1246 324 1300 hoc
354 1244 525 1300 nobis
564 1244 922 1308 tradiderunt,
957 1243 1096 1297 inter
1126 1256 1264 1312 quos
1284 1241 1524 1296 eminent
1543 1238 1788 1294 Pruden-

223 1337 351 1402 tius,
371 1334 660 1400 Leontius,
679 1334 1001 1390 Anastasius
1021 1331 1458 1405 Apocrysiarius,
1480 1330 1784 1402 Syncellus,

222 1429 464 1499 aliique,
522 1443 756 1499 quorum
804 1427 1113 1482 testimonia
1166 1426 1343 1497 prima
1391 1425 1787 1481 dissertationis

220 1531 371 1591 parte
390 1521 794 1592 congessimus.
814 1518 924 1575 Nec
945 1518 1143 1573 desunt
1168 1526 1409 1572 veterum
1437 1516 1684 1571 codicum
1711 1515 1789 1569 in-

221 1610 551 1680 scriptiones
599 1617 654 1663 et
702 1619 879 1674 noue;
914 1607 1240 1662 Catenarum
1286 1615 1339 1663 et
1370 1605 1786 1677 Martyrologio—

220 1716 335 1755 rum
371 1701 711 1768 testimonia,
735 1716 801 1755 ex
822 1700 1022 1770 quibus
1053 1699 1110 1754 S.
1144 1698 1491 1771 Hippolytimt
1516 1699 1786 1755 Portuen-

136 1825 145 1833 ι
218 1808 326 1847 sem
380 1792 705 1862 episcopum
755 1790 925 1846 fuisse
975 1789 1415 1846 constantissime
1456 1791 1778 1847 evineimus.

217 1884 344 1949 Quae
394 1884 618 1953 quidem
668 1884 849 1937 omnia
898 1882 1116 1938 Eusebii
1163 1898 1226 1938 ac
1265 1881 1321 1937 S.
1357 1880 1666 1954 Hieronymi
1714 1883 1781 1939 de

217 1974 273 2030 S.
300 1973 587 2045 Hippolyti
637 1974 761 2030 sede
790 1974 1006 2031 silentio
1051 1974 1427 2045 anteponenda
1457 1991 1618 2031 nemo
1653 1991 1782 2046 pru-

1888 598 1971 653 vel
2007 613 2075 652 ex
2116 596 2345 653 sinceris
2386 593 2447 651 S.
2481 595 2732 667 martyris
2772 596 2940 662 Actis,
2975 612 3095 667 qua:
3140 606 3447 665 temporum

1889 689 2087 760 injuria
2134 690 2544 752 interciderunt,
2592 688 2804 743 discere
2851 691 3112 758 potuisse,
3145 703 3273 744 cum
3317 704 3446 743 eru-

1886 784 2000 838 dito
2050 782 2317 836 monacho
2361 779 2568 835 Joanne
2625 778 2863 851 Lyronio
2900 795 3009 835 non
3056 795 3166 835 uno
3194 781 3445 850 exemplo

1886 876 2117 946 probare
2152 874 2328 929 conati
2371 889 2581 928 sumus.
2610 870 2865 938 Quinimo
2910 871 3137 941 ipsemet
3160 869 3220 927 S.
3254 871 3449 926 Hiero-

1887 982 2104 1037 nymus,
2136 964 2230 1035 qui
2281 964 2550 1035 egregiam
2605 963 2849 1034 martyrii
2901 963 3128 1033 gloriam
3186 963 3241 1018 in
3287 962 3448 1018 toties

1887 1059 2103 1113 laudato
2133 1056 2386 1127 Catalogo
2432 1057 2638 1123 reticet,
2673 1057 2798 1111 alibi
2830 1056 2887 1111 S.
2924 1055 3206 1128 Hippolyto
3250 1059 3449 1128 praecia

1886 1163 1992 1217 pue
2026 1146 2292 1203 attribuit.
2323 1146 2478 1213 Quod
2508 1146 2726 1216 quidem
2759 1147 2957 1200 mirum
3000 1147 3057 1201 in
3086 1147 3307 1201 modum
3342 1163 3447 1203 no-

1885 1248 2055 1295 stram
2081 1240 2235 1309 juvat
2262 1239 2607 1295 sententiam.
2641 1236 2897 1307 Stephani
2930 1237 3154 1307 insuper
3181 1238 3229 1291 le
3253 1237 3447 1309 Moyne

1886 1330 2259 1399 conjecturam
2300 1328 2523 1382 omnino
2569 1328 2978 1397 improbabilem
3023 1326 3304 1381 nonnullis
3353 1342 3446 1380 ra-

1885 1421 2047 1476 tionis
2092 1424 2380 1476 momcntis
2429 1422 2481 1474 in
2525 1420 2761 1475 medium
2798 1419 2976 1473 allatis
3007 1418 3362 1483 ostendimus,
3396 1427 3449 1472 et

1890 1529 1956 1567 ex
1999 1512 2281 1582 ipsiusmet
2330 1509 2677 1579 Philostorgii
2730 1509 3041 1564 testimonio
3082 1507 3447 1577 evangelicum

1884 1605 2058 1660 lucem
2085 1611 2354 1659 extremas
2385 1602 2798 1656 Homaeritarum
2834 1615 2987 1665 oras,
3018 1600 3074 1654 in
3100 1601 3302 1670 quibus
3331 1600 3449 1655 Em-

1884 1699 2095 1769 porium
2129 1696 2434 1751 Romanum
2468 1695 2629 1749 situm
2664 1703 2802 1756 erat,
2831 1702 3044 1749 centum
3072 1702 3192 1763 post
3223 1691 3282 1747 S.
3316 1692 3448 1764 Hip-

1884 1791 2124 1861 polytum
2176 1803 2349 1843 annos
2407 1796 2739 1857 penetrasse,
2791 1793 2845 1838 et
2898 1783 3234 1853 episcopales
3289 1785 3447 1839 sedes

1886 1891 2154 1938 trecentos
2176 1882 2286 1935 fere
2318 1889 2439 1950 post
2473 1895 2645 1934 annos
2674 1878 2868 1933 ibidem
2896 1892 3017 1933 esse
3040 1876 3291 1945 ccepisse,
3327 1891 3448 1929 eer-

1884 1976 1953 2030 tis
1984 1974 2228 2029 deductis
2255 1971 2587 2042 argumentis
2614 1969 2960 2024 deduximus.
3001 1968 3344 2038 Quapropter
3371 1968 3447 2021 nil

217 2066 345 2121 dens
376 2065 623 2136 negabit.
644 2064 1023 2136 Supralaudati
1045 2068 1190 2122 enim
1212 2068 1632 2139 seriptores,qui
1664 2078 1785 2137 post
1814 2078 1855 2133 Β
1885 2067 2029 2121 aliud
2078 2073 2264 2129 restat,
2300 2064 2403 2117 nisi
2444 2062 2867 2117 vetustissimam
2898 2061 3158 2115 Romanae
3184 2058 3444 2114 Ecclesia:

219 2154 524 2211 Eusebium
557 2165 613 2210 et
636 2155 697 2212 S.
730 2155 1113 2229 Hieronymum
1147 2158 1417 2225 vixerunt,
1452 2175 1559 2213 non
1584 2170 1784 2215 temere

216 2247 323 2303 haec
352 2249 665 2315 dictarunt,
688 2250 783 2305 sed
815 2249 927 2304 haec
956 2250 1138 2304 omnia
1164 2264 1227 2305 ex
1258 2250 1508 2321 genuinis
1540 2252 1782 2321 ejusdem

218 2339 273 2397 ὃ.
316 2340 612 2414 Hippolyti
656 2358 879 2413 operum
930 2342 1120 2407 titulis,
1154 2351 1209 2398 et
1254 2358 1320 2398 ex
1359 2342 1596 2408 antiquis
1642 2344 1785 2400 notis

218 2435 508 2491 codicibus
546 2435 829 2505 appositis,
883 2450 1119 2506 quarum
1158 2451 1322 2490 unam
1373 2436 1429 2491 in
1482 2434 1787 2493 Parisiensi

217 2622 567 2680 permanere.
608 2624 628 2660 ›
666 2606 1014 2678 Episcopium
1068 2605 1478 2680 PortnenselS.
1517 2608 1789 2680 Hippolyti

214 2679 561 2747 episcopium
631 2676 792 2747 etiam
858 2676 1083 2733 vocatur
1126 2677 1211 2747 fin
1297 2676 1441 2732 bulla
1517 2676 1789 2734 Benedicti

215 2746 313 2803 PP.
345 2746 495 2809 Vill,
527 2747 671 2817 apud
710 2746 916 2817 Ughell.
958 2758 1087 2802 tom.
1123 2746 1165 2813 1,
1201 2763 1253 2817 p.
1288 2748 1388 2802 116
1427 2767 1439 2802 :
1475 2767 1493 2799 ι
1528 2750 1790 2804 Concedi-

214 2835 333 2873 mus
368 2829 427 2873 et
452 2819 845 2873 conﬁrmamus
873 2819 1027 2873 vobis
1050 2820 1355 2887 vestrisque
1381 2820 1790 2875 successoribus

215 2889 266 2958 in
297 2897 635 2958 perpetuum
669 2890 983 2958 praedictum
1009 2888 1340 2958 episcopium
1383 2888 1440 2942 S.
1476 2888 1789 2945 Portuensis

215 2957 502 3021 Ecclesiae,
547 2957 693 3028 quod
725 2962 961 3029 positum
1010 2974 1130 3013 esse
1166 2961 1375 3013 videtur
1421 2958 1555 3013 foris
1600 2962 1792 3029 praedi-

213 3040 358 3083 ctam
410 3027 692 3082 civitatem
740 3027 1091 3083 Portuensem
1119 3069 1135 3093 ,
1183 3030 1272 3084 cui
1320 3027 1643 3084 vocabulum
1706 3040 1792 3086 est

215 3097 270 3170 ξ.
295 3097 646 3170 Hippolyti;
686 3117 705 3151 ι
735 3108 791 3153 et
817 3099 873 3152 in
904 3100 1068 3153 altera
1095 3098 1293 3170 Leonis
1322 3097 1414 3163 IX,
1443 3103 1583 3170 apud
1611 3103 1789 3168 ipsum

216 3166 443 3238 thelli
464 3166 576 3221 loc.
603 3171 721 3233 eit.,
746 3185 867 3238 pag.
894 3170 985 3223 121
1021 3187 1034 3222 :
1072 3188 1088 3219 ι
1131 3168 1243 3224 Hac
1270 3170 1435 3239 igitur
1463 3166 1518 3225 re
1544 3166 1786 3224 inclinati

214 3240 572 3295 decrevimus
600 3240 847 3308 petitioni
880 3249 984 3293 tua:
1007 3242 1341 3304 satisfacere,
1369 3239 1577 3294 scilicet
1600 3250 1657 3295 ut
1688 3241 1786 3294 tibi

216 3311 443 3378 tuisque
453 3310 866 3364 successoribus
879 3309 1409 3378 ipsumPortuensem
1422 3311 1792 3379 episcopatum

215 3384 635 3445 conﬁrmemus,
661 3380 805 3449 quod
835 3383 1017 3449 utique
1046 3381 1272 3433 libenter
1302 3379 1562 3449 iacimus.
1595 3380 1658 3435 Et
1686 3382 1797 3449 pri.

216 3464 371 3505 mum
385 3450 568 3517 ipsum
584 3452 953 3520 episcopatum
968 3449 1278 3505 Portuensis
1290 3448 1561 3514 Ecclesiae,
1577 3448 1695 3519 quae
1708 3465 1797 3519 po-

218 3521 312 3575 sita
338 3534 470 3574 esse
498 3519 715 3573 videtur
734 3519 869 3575 foris
899 3521 1204 3589 praedictam
1226 3521 1573 3576 Portuensem
1605 3520 1795 3577 civita-

217 3598 350 3660 tem,
376 3590 469 3645 cui
497 3591 819 3645 vocabulum
835 3601 916 3645 est
931 3589 989 3646 S.
1006 3589 1357 3660 Hippolyti...
1379 3592 1744 3645 concedimus.
1768 3609 1786 3642 ι

1884 2159 1947 2211 de
1978 2156 2259 2210 Portuensi
2292 2153 2351 2210 S.
2390 2153 2661 2224 Hippolyti
2690 2156 2807 2208 sede
2838 2153 3183 2207 traditionem
3224 2150 3447 2220 optimis

1882 2248 1993 2302 nixi
2025 2246 2325 2303 rationibus
2356 2247 2734 2308 defendamus,
2762 2254 2815 2299 et
2848 2244 3204 2299 Portuensem
3232 2242 3446 2311 episco-

1883 2355 2009 2409 pum
2032 2354 2195 2409 prope
2219 2336 2446 2392 Romam
2479 2337 2889 2392 eeleberrimum
2920 2334 3124 2390 Christi
3151 2343 3447 2405 martyrem

1885 2431 1944 2487 S.
1975 2431 2317 2504 Hippolytum
2364 2430 2640 2487 exstitisse
2683 2430 2955 2485 tutissime
3000 2427 3445 2499 pronuntiemus.

1886 2609 2329 2684 nuscriptqapud
2364 2608 2685 2684 Sorbonam_
2701 2605 3061 2684 Parisiensem
3096 2603 3219 2684 legi,
3255 2621 3273 2684 ξ
3309 2599 3451 2684 Qpe-

1886 2699 2009 2736 rum
2152 2671 2630 2753 Hieronyntitom.
2669 2676 2930 2753 l,_p._:568
2954 2676 3091 2753 edit...
3119 2671 3293 2753 ejusd.
3334 2671 3449 2725 Ma-

1889 2753 2027 2807 riani
2050 2750 2269 2805 Victorii
2293 2743 2515 2803 Parisiis
2545 2762 2686 2801 anno
2714 2743 3033 2817 11:)79,apud
3049 2743 3449 2817 Sebastianum

1888 2822 2154 2878 Nivellum
2197 2822 2300 2876 sub
2342 2819 2580 2873 Ciconiis
2628 2819 2712 2869 via
2744 2811 3011 2871 Jacobzea.
3046 2813 3153 2866 Pro
3187 2811 3449 2865 coronide

1889 2894 2066 2962 placet
2110 2890 2812 2962 etiam“adjungerehque
2874 2884 3063 2962 scribit
3121 2882 3451 2962 Franciscus

1889 2953 2248 3017 Combeiisius
2269 2953 2608 3013 Bibliotheca:
2639 2953 2941 3010 Griecorum
2971 2954 3192 3006 Patrum
3219 2953 3445 3005 Auctar.

1892 3032 2198 3097 novissim.,
2244 3046 2365 3099 pag.
2414 3028 2483 3081 65
2533 3027 2708 3099 citata:
2756 3024 2895 3099 edit.
2933 3021 3254 3099 Parisiensis
3305 3036 3452 3075 anno

1893 3101 2052 3167 ΝΗ,
2090 3092 2341 3170 (ιυὶἰιὸιῖ
2358 3100 2531 3152 solum
2564 3095 2806 3170 Mariano
2838 3092 3076 3170 Victorio
3104 3093 3264 3170 iidem
3309 3108 3450 3161 prae-

1893 3173 1999 3233 bet,
2040 3163 2233 3225 verum
2279 3170 2440 3222 etiam
2480 3182 2600 3235 qua:
2633 3167 2767 3219 alias
2800 3181 2827 3218 a
2877 3163 3035 3235 n_obis
3085 3163 3253 3216 relata
3300 3172 3451 3235 sunt,

1899 3230 2100 3296 mirum
2136 3240 2190 3295 in
2231 3241 2449 3292 modum
2482 3230 2806 3293 conﬁrmat:
2841 3252 2859 3285 ι
2898 3232 3120 3287 Factum
3146 3248 3272 3302 esse
3296 3230 3452 3302 (Hip-

1895 3312 2160 3382 polytum)
2189 3309 2540 3382 Portnensem
2565 3307 2901 3382 episeOpnm,
2932 3318 3118 3382 Sicque
3142 3300 3453 3382 Romanum

1899 3374 2217 3443 antistitem,
2263 3378 2521 3433 Romana:
2573 3374 2779 3430 scilicet
2822 3374 3038 3443 preprie
3088 3374 3454 3442 metropoleos

1899 3452 2327 3520 suifraganeum,
2390 3458 2457 3520 u_t_
2514 3457 2736 3509 vocant,
2795 3461 2877 3520 ac_
2910 3443 3453 3520 comprovincialem,

1900 3513 2229 3588 ultrai'iuam
2273 3527 2389 3573 erat
2427 3517 2670 3588 Romana
2696 3515 2915 3588 propria
2950 3514 3224 3588 dimcesis,
3261 3513 3456 3588 inqua

1899 3582 2180 3645 Romanus
2210 3588 2455 3657 pontifex
2480 3582 3004 3657 creabat—episcopos
3030 3582 3452 3657 peculiarijure,

217 3634 572 3735 omnia
615 3661 899 3735 antiquum
935 3634 1143 3735 euiluit:
1157 3634 1239 3715 vit:
1259 3634 1790 3735 Portitvensiidioscesi
1820 3634 1860 3692 (ἶ
1891 3634 2505 3735 quvi'ideireorepiscupi
2536 3634 2789 3733 Romani,
2829 3663 2886 3707 ut
2910 3634 3158 3730 rdistincti
3188 3668 3235 3735 a‘
3262 3634 3453 3735 Gallis,

220 3732 275 3785 ὃ.
297 3730 616 3801 Hippolyto
657 3732 958 3801 praestitum
993 3733 1125 3801 satis
1151 3745 1424 3800 superque
1446 3731 1788 3801 conﬁrmant.

283 3799 682 3874 (87)]ta'ipse
730 3799 1006 3874 Marianos
1057 3799 1435 3874 Victoriusad
1481 3799 1793 3874 catalogum

221 3872 280 3924 de
310 3870 673 3938 scriptoribus
717 3871 1106 3941 ecclesiasticis,
1151 3873 1207 3926 in
1269 3870 1327 3926 S.
1368 3870 1676 3941 Hippolyto,
1710 3880 1791 3925 te-

222 3950 402 3996 statur
422 3944 497 4013 ad
527 3942 694 3997 verba
719 3942 811 3996 illa
845 3939 904 3996 S.
930 3941 1241 4013 Hieronymi
1269 3959 1283 3995 :
1317 3960 1334 3992 ι
1365 3939 1794 4013 Nonien'quippe

221 4014 379 4081 urbis
420 4012 569 4066 scire
611 4028 718 4066 non
748 4013 928 4081 petiti;
963 4032 982 4064 ι
1030 4010 1149 4067 hoc'
1171 4015 1330 4066 modo
1364 4030 1377 4065 :
1419 4029 1438 4063 ι
1475 4010 1791 4081 Hippolytus

221 4078 554 4138 Portuensis
583 4078 873 4152 episcopus
899 4084 1021 4147 fuit,
1046 4094 1103 4137 ut
1128 4084 1181 4136 in
1210 4090 1421 4138 vetusto
1453 4078 1640 4138 cudi—ee
1668 4078 1787 4136 ina-

1888 3723 2167 3800 Hispanis,
2219 3723 2467 3800 aliisque
2497 3728 2549 3779 in
2584 3725 2775 3800 quavis
2824 3723 3099 3800 provincia
3132 3724 3452 3800 metropoli-

1890 3792 2163 3869 tico'jure,
2198 3814 2260 3853 ex
2288 3792 2574 3869 Canonum
2605 3792 2945 3848 Nicaeum-um
2977 3792 3333 3869 dispositione
3365 3807 3455 3869 or-v

1888 3861 2067 3927 diuai'i
2096 3861 2288 3933 solitis,
2322 3867 2595 3921 nonnullis
2620 3873 3025 3933 nuneupantur,
3044 3861 3216 3915 Graeci
3245 3862 3454 3929 signili-

1889 3950 2035 4004 eant,
2083 3941 2234 4009 quod
2258 3932 2330 3991 ita
2361 3939 2530 4009 citant
2585 3952 2615 4009 :_
2656 3932 3099 4009 sicque__lcgisse_
3130 3938 3319 3984 auctor
3367 3938 3457 3984 est

1888 4000 2163 4067 Marianos
2199 4008 2379 4065 Victor
2407 4008 2463 4061 in
2496 4021 2566 4061 an
2583 4005 2734 4073 tiquo
2755 4000 2955 4058 codice
2980 4000 3261 4056 Sorbonie.
3284 4019 3305 4052 ι

1260 4305 3417 4341 W

874 4492 992 4604 S.
1082 4488 1854 4605 HIPPOLYTI
1939 4483 2821 4604 PORTUENSIS

944 4716 952 4722 ’
1462 4724 1753 4817 ACTA
1819 4723 2264 4814 LATINA

585 4929 742 5003 Quae
769 4925 925 4989 olim
962 4925 1029 4986 in
1061 4921 1331 4987 ecclesia
1363 4918 1740 4998 legebantur
1764 4916 1843 4980 ad
1875 4914 2049 4978 diem
2095 4932 2165 4976 ιι
2204 4912 2355 4975 Kal.
2385 4911 2774 4992 Septembris
2809 4909 2998 4991 (Aug.
3034 4910 3162 4991 22).

238 5121 359 5186 ([De
372 5113 850 5191 _Hacisrats],_‘.4cta
896 5115 1025 5191 Harl

1151 5124 1165 5160 t
1204 5110 1268 5160 ad
1296 5107 1429 5159 Ostia
1455 5103 1687 5158 Tiberina
1707 5104 1795 5156 sub
1833 5101 2034 5158 Claudio
2056 5099 2268 5162 Gothico,
2307 5102 2492 5159 Romae,
2519 5101 2659 5158 1795,
2688 5100 2867 5161 in-i'ol.,
2891 5100 3141 5163 Append,
3182 5114 3229 5163 p.
3259 5098 3465 5163 L59.V_Ex

293 5160 1246 5236 ῐόαίῐῖὗὲῖἰὶἒιιῖιῖῖη,ῖσιῖίῗόιζ⁷252.
1268 5200 1331 5210 -
1353 5172 1519 5236 nonet
1537 5169 1698 5217 editor
1730 5171 1850 5236 Acta
1877 5172 1989 5227 ista,
2008 5164 2061 5215 in
2083 5167 2219 5236 Actis
2254 5160 2343 5236 ss.
2367 5164 2828 5236 Bolland..ad'diem
2854 5160 3069 5236 augusti
3102 5163 3165 5209 22
3185 5160 3286 5236 jam
3304 5160 3465 5236 'edita,

295 5223 1180 5307 FJEeiiia'ésnEe’non'msse,
1206 5233 1399 5298 quando
1430 5237 1621 5281 constat
1647 5231 1913 5280 vetustiora
1935 5223 2046 5277 esse
2067 5225 2387 5277 translatione
2410 5226 2627 5289 corporis
2649 5226 2903 5288 Hippolyti
2923 5223 3148 5286 adeoque
3169 5223 3351 5274 sacculo
3375 5235 3438 5269 ix.
3449 5231 3464 5283 )

314 5535 513 5594 Beatus
549 5534 797 5606 Ypolitus
817 5530 983 5605 quiet
1005 5529 1195 5588 Nonus
1223 5530 1441 5595 dicitur,
1468 5530 1624 5601 cujus
1654 5545 1796 5601 prie-

245 5627 516 5686 dieatione
544 5627 868 5683 Alexandria
903 5639 1166 5681 conversa
1214 5623 1407 5688 fuerat,
1450 5623 1639 5679 limina
1663 5638 1797 5693 apo—

248 5719 505 5773 stolorum
527 5717 749 5771 visitare
774 5714 1016 5784 cupiens,
1046 5711 1271 5769 Romam
1288 5713 1441 5769 adiit.
1479 5712 1797 5769 Sanctorum

252 5810 493 5879 sepulcra
517 5809 827 5878 ubicunque
856 5807 909 5862 in
939 5807 1072 5863 locis
1110 5807 1193 5862 vel
1222 5805 1276 5861 in
1298 5807 1621 5863 cmmeteriis
1648 5807 1798 5862 inve-

1902 5528 2018 5583 nire
2043 5532 2252 5598 poterat
2288 5522 2661 5580 curiosissime
2697 5518 3027 5591 requirebat,
3070 5515 3255 5586 ibique
3276 5512 3447 5584 dignat

1903 5620 2015 5677 Deo
2043 5619 2229 5675 laudes
2272 5617 2532 5681 referens,
2562 5616 2649 5672 die
2675 5622 2946 5683 noctuque
2978 5609 3315 5667 orationibus
3344 5622 3475 5679 per:

1904 5713 2147 5769 sistebat.
2177 5709 2526 5767 Postmodum
2556 5724 2684 5764 vero
2706 5708 2771 5762 ad
2792 5705 3014 5761 Portum
3041 5701 3355 5774 Tyberianm
3377 5717 3469 5756 ur-

1907 5804 1991 5860 bis
2012 5818 2325 5875 properans,
2358 5801 2590 5872 Spiritus
2619 5799 2791 5856 sancti
2826 5796 2996 5868 gratia
3029 5794 3299 5853 revelante
3333 5791 3469 5849 Ver-
