3966 6344
311 330 414 384 ὅτιὸ

1669 319 1849 377 ACTA
1885 320 2158 376 GRECA.
2645 353 2657 384 ,

3425 325 3538 386 τ’»δὸ

309 451 561 524 μέγιστος
575 445 1039 520 ἁνήῳθηδιωγμὸς
1069 447 1180 509 τοῖς
1197 442 1514 516 (τηνικαῦτα
1537 438 1706 512 οῦσιν)
1732 445 1845 514 Χρις

1971 445 2199 499 stianos.
2233 441 2362 498 Erat
2387 443 2605 515 quidam
2634 445 2716 500 vir
2746 448 3068 519 prepositus
3095 449 3417 520 magisteria:
3440 468 3539 522 po-

305 545 561 606 στιανοῖς.
586 539 695 595 Ἦν
710 537 802 596 οῦν
829 557 912 604 τις
924 541 1062 612 ἀνὴρ
1088 540 1440 609 Κενσωρῖνος
1470 536 1876 609 προηγούμενος

301 635 396 703 τῆς
427 633 524 686 τοῦ
561 631 1177 705 μαγιστορίου.ὲξουσίας
1206 630 1374 701 (15-1)
1407 629 1501 682 καὶ
1537 631 1594 682 ὲν
1621 627 1698 698 τῷ
1721 627 1877 699 λελη-

301 725 411 777 θότι
445 724 522 794 (9.)
557 724 898 796 Χριστιανὸς,
931 725 1022 778 καὶ
1053 722 1383 792 φοϐούμενος
1408 721 1500 774 τὸν
1518 721 1668 775 Θεὸν.
1708 715 1875 787 Οὗτος

298 816 405 870 ἀπὸ
436 817 540 886 τῆς
581 816 1010 887 καταπρόσωπον
1043 813 1302 886 βασιλέως
1341 813 1605 866 Κλαυδίου
1626 813 1754 877 θέας
1776 815 1874 884 ούχ

298 907 594 978 ὑπεχώρει,
624 907 737 961 ἀλλ’
753 907 911 978 εἴπερ
924 906 1075 969 τινὰς
1090 907 1153 958 ὲκ
1172 904 1280 957 τῶν
1301 905 1634 975 Χριστιανῶν
1662 904 1872 977 ἑώρακε

297 999 428 1068 πρὸς
444 997 726 1070 ἀναίρεσιν
739 997 862 1050 ὲλκο
867 997 1074 1067 μένους,
1089 998 1120 1068 ῆ
1136 996 1374 1068 καὶπρὸς
1383 995 1642 1068 δημοσίαν
1655 999 1872 1069 εἱρκτὴν

292 1091 699 1161 ἀπαγομένους,
717 1089 1010 1161 λεληθότως
1044 1089 1262 1154 τούτους
1281 1091 1513 1160 ὲνίσχυε,
1529 1090 1620 1142 καὶ
1639 1090 1760 1143 ὅσον
1776 1091 1871 1143 αύ-

291 1180 367 1251 τῷ
378 1182 674 1254 εύπορεῖτο
696 1181 900 1253 τροφὰς
929 1184 1040 1245 τοῖς
1060 1182 1118 1234 ὲν
1133 1180 1396 1250 φυλακαῖς
1411 1182 1758 1251 τυγχάνουσι,
1776 1182 1870 1236 καὶ

288 1277 400 1337 τοῖς
435 1275 497 1326 ἐν
529 1273 768 1344 δεσμοῖς,
803 1273 978 1326 καίτοι
1025 1273 1244 1344 ρἡεσιν
1288 1272 1712 1343 κατηχουμένοις
1753 1273 1870 1344 διη-

290 1367 435 1419 κόνει
461 1366 565 1435 (3).
621 1363 790 1416 Τοῦτο
824 1363 1063 1426 ἀκούσας
1106 1364 1134 1415 6
1169 1361 1638 1430 (δυσσεϐέστατος)
1667 1366 1866 1432 καῖσαρ

286 1454 565 1517 Κλαύδιος
611 1452 703 1506 καὶ
745 1451 1035 1523 ὀργισθεὶς,
1086 1449 1295 1504 κελεύει
1338 1448 1496 1503 αὑτὸν
1524 1447 1865 1520 κρατηθέντα

284 1548 522 1602 ἐνώπιον
544 1545 709 1600 αὑτοῦ
744 1545 1106 1616 παραστῆναι.
1141 1543 1250 1596 Καὶ
1277 1542 1466 1596 τούτου
1492 1543 1864 1614 παραστάντος

279 1641 463 1704 οὕτως
497 1656 620 1703 πως
651 1638 944 1708 διεσάφησε
975 1635 1172 1705 λέγων’
1208 1635 1279 1687 Σὺ
1305 1630 1356 1687 εἷ
1391 1636 1420 1687 6
1443 1633 1578 1706 ἀνὴρ
1610 1635 1813 1698 ἐκεῖνος
1834 1635 1864 1686 6

279 1732 391 1785 τῶν
440 1731 587 1784 θεῶν
627 1728 985 1802 θρηπευτὴς,
1026 1727 1121 1782 καὶ
1155 1727 1254 1797 τῆς
1291 1727 1563 1798 ἡμετέρας
1615 1726 1859 1790 ἐξουσίας

273 1826 370 1880 ἀεὶ
417 1784 782 1895 summa};
830 1784 1024 1890 ἰδοῦὴ
1064 1784 1625 1891 ἡμετέραηὴμερότης
1657 1784 1858 1873 οὐδένα
1890 1784 1934 1840 Β

273 1915 608 1970 δουλεύοντα
651 1914 786 1985 αὐτῇ
827 1911 1152 1967 ἀπεσείσατο
1194 1909 1434 1974 πώποτε,
1477 1910 1612 1964 ἀλλὰ
1655 1913 1734 1974 εἰς
1762 1910 1862 1980 τὴν

272 2006 494 2060 τούτων
553 2003 850 2075 θεραπείαν
907 2002 1197 2066 διαπαντὸς
1247 2003 1410 2073 ἡμεῖς
1447 2002 1545 2072 τὴν
1586 2000 1861 2056 πολιτείαν

273 2098 776 2173 πηδαλιουχοῦντες
801 2095 1171 2168 κατορθοῦμεν
1205 2096 1307 2165 (4).
1343 2096 1477 2149 Τότε
1509 2097 1538 2148 6
1567 2097 1859 2168 Κενσουρῖ-

1979 533 2208 597 testatis,
2254 542 2310 588 et
2351 533 2405 588 in
2449 535 2666 590 occulto
2693 536 3062 604 Christianus,
3106 538 3301 595 timens
3347 541 3533 605 Deum.

1981 635 2036 681 et
2061 625 2288 683 credens
2314 626 2368 681 in
2415 627 2615 683 vii-tute
2645 627 2859 683 Domini
2886 628 3012 685 Jesu
3043 630 3268 696 Christi,
3296 636 3538 704 quotidie

1977 719 2031 772 in
2073 717 2408 773 absconditis
2457 719 2571 774 suis
2613 719 2952 774 orationibus
2990 733 3045 775 et
3081 721 3302 792 jejuniis
3344 726 3536 795 epula-

1974 807 2131 862 batur
2164 816 2230 863 et.
2261 808 2640 880 eleemosynis.
2697 809 2796 865 llic
2831 822 2954 866 ante
2990 813 3198 867 Claudii
3251 827 3528 884 aspectum

1973 914 2079 953 non
2107 898 2386 963 recedens,
2420 901 2513 954 sed
2547 901 2590 954 si
2625 915 2765 969 quos
2801 901 3027 956 vidisset
3055 918 3085 957 e
3115 904 3436 963 Christianis
3462 909 3532 964 ad

1972 1008 2156 1048 necem
2191 992 2354 1057 trahi,
2384 993 2465 1047 vel
2513 993 2581 1046 ad
2627 990 2934 1047 custodiam
2979 995 3273 1063 publicam,
3323 999 3533 1055 occulte

1969 1083 2329 1151 confortabat,
2375 1095 2429 1139 et
2459 1093 2721 1154 quantum
2760 1085 2832 1147 ei,
2878 1085 3206 1157 largiebatur
3243 1091 3439 1146 victum
3475 1093 3530 1148 in

1969 1176 2300 1239 carceribus,
2326 1175 2668 1232 ministrabat
2687 1183 2741 1230 et
2767 1176 3000 1233 vinculis
3029 1188 3082 1233 et
3107 1182 3392 1237 custodiis.
3416 1182 3530 1237 lioc

1967 1268 2154 1322 audito
2197 1266 2460 1322 Claudius
2513 1283 2605 1321 rex
2658 1268 2834 1326 iratus
2879 1271 3048 1340 jussit
3099 1288 3222 1327 eum
3257 1275 3428 1328 teneri
3473 1287 3528 1330 et

1966 1368 2089 1413 ante
2121 1367 2468 1429 conspectum
2503 1375 2661 1414 suum
2690 1361 2905 1426 adduci,
2931 1365 3017 1418 cui
3048 1363 3123 1417 ita
3155 1364 3328 1419 dixit:
3359 1365 3439 1420 Tu
3467 1382 3528 1422 es

1965 1451 2048 1502 vir
2073 1449 2160 1504 ille
2185 1449 2520 1507 Censurinus
2540 1453 2764 1508 deorum
2795 1455 2992 1523 cultor,
3023 1467 3238 1511 aeternae
3269 1457 3528 1526 majesta-

1967 1543 2036 1597 tis
2057 1557 2270 1612 semper
2293 1543 2522 1600 aﬂ‘abilis
2537 1545 2714 1618 (8-9)?
2735 1545 3089 1604 Mansuetudo
3111 1559 3295 1606 nostra
3317 1552 3523 1606 nullum

1967 1637 2287 1690 servientem
2337 1637 2441 1691 sibi
2473 1636 2737 1707 despexit,
2783 1640 2878 1695 sed
2904 1640 2959 1695 in
2992 1641 3261 1697 culturam
3295 1642 3523 1699 deorum

1963 1743 2177 1798 semper
2199 1741 2298 1781 nos
2328 1727 2717 1796 rempublicam
2742 1730 3110 1800 gubernantes
3137 1748 3522 1804 propagamus.

1961 1818 2115 1875 Tunc
2153 1818 2493 1876 Censurinus
2523 1822 2858 1891 respondens
2891 1822 3032 1878 dixit
3079 1843 3092 1878 :
3129 1823 3244 1896 Ego
3273 1827 3523 1884 testimo-

1963 1914 2112 1968 nium
2143 1913 2266 1969 dico
2305 1914 2373 1970 de
2412 1914 2647 1970 Domino
2673 1914 2800 1971 Jesu
2836 1914 3076 1981 Christo,
3118 1919 3246 1988 quia
3281 1920 3397 1990 ipse
3440 1931 3526 1977 est

1961 2020 2124 2060 verus
2169 2005 2341 2070 Deus,
2372 2010 2465 2077 qui
2499 2007 2794 2063 cruciﬁxus
2827 2017 2912 2063 est
2940 2019 2993 2062 et
3045 2010 3310 2079 sepultus,
3351 2021 3406 2068 et
3437 2029 3524 2068 re-

1961 2099 2200 2154 surrexit
2247 2099 2380 2168 ipsis
2428 2101 2757 2163 videntibus,
2787 2101 2879 2171 qui
2920 2117 3042 2156 eum
3085 2102 3470 2160 crucilixerunt
3504 2147 3518 2160 .

265 2209 368 2256 νος
420 2190 704 2262 ἀπεκρίθη
757 2188 964 2257 λέγων·
1030 2187 1170 2256 Ἐγὼ
1219 2186 1518 2260 μαρτυρίαν
1563 2186 1700 2252 λέξω
1733 2187 1845 2258 περ)

1960 2190 2088 2259 quia
2121 2191 2449 2260 praedixerat
2493 2191 2635 2262 quod
2674 2201 2796 2262 post
2826 2201 3054 2247 mortem
3079 2193 3315 2260 viveret;
3350 2205 3406 2250 et
3437 2196 3520 2250 vi-

263 2285 369 2338 τοῦ
428 2284 646 2354 Κυρίου
698 2299 798 2353 μου
845 2280 1020 2351 Ἰησοῦ
1071 2279 1328 2352 Χριστοῦ,
1377 2279 1507 2332 δίοτι
1540 2278 1702 2342 αὐτός
1739 2280 1845 2331 ἐστι

1960 2281 2216 2336 dentibus
2244 2281 2352 2337 illis
2389 2283 2636 2338 ascendit
2677 2285 2731 2338 in
2765 2285 2987 2341 coalum.
3023 2285 3122 2343 Hic
3151 2289 3353 2343 nostris
3380 2297 3518 2341 tem-

261 2376 410 2440 Θεὸς
460 2373 736 2446 ἀληθινὸς,
781 2376 809 2427 6
841 2371 1185 2445 σταυρωθεὶς,
1235 2373 1324 2426 καὶ
1356 2373 1566 2442 ταφεὶς,
1595 2373 1691 2426 καὶ
1721 2373 1845 2426 ἀναε

1958 2371 2183 2440 poribus
2209 2371 2462 2441 dignatus
2488 2381 2572 2428 est
2601 2374 2785 2430 venire
2817 2391 2848 2430 a
2877 2375 3035 2432 Patre
3068 2377 3123 2432 in
3150 2387 3362 2433 uterum
3397 2377 3517 2434 Vir-

263 2471 412 2533 στὰς
437 2473 507 2540 τῇ
541 2470 702 2540 τρίτη
739 2467 924 2540 ἡμέρᾳ
951 2467 1236 2538 θεωμένων
1262 2467 1338 2538 (5)
1370 2468 1478 2521 τῶν
1507 2469 1845 2538 παυρωσὰν-

1955 2463 2096 2534 ginis
2142 2481 2156 2518 :
2220 2463 2314 2534 qui
2370 2464 2588 2534 quidem
2641 2467 2720 2522 sic
2780 2466 3032 2538 dignatus
3070 2477 3153 2524 est
3197 2469 3520 2524 descendere

260 2581 381 2618 των
407 2562 599 2616 αὐτόν.
641 2565 737 2626 ’ος
779 2562 874 2615 καὶ
905 2561 1040 2632 μετὰ
1078 2561 1138 2614 τὸ
1165 2562 1459 2633 ἀναστῆναι
1499 2562 1845 2632 ἐμφανισθεὶς

1955 2556 2022 2610 ad
2067 2564 2244 2610 terras
2283 2564 2343 2610 ut
2391 2555 2588 2610 coelum
2635 2572 2741 2611 non
2795 2557 3086 2614 desereret.
3139 2557 3293 2614 Tunc
3321 2560 3517 2618 .iratus

255 2659 384 2719 τοῖς
425 2655 609 2724 ἁγίοις
639 2654 800 2708 αὑτοῦ
837 2654 1121 2726 μαθηταῖς,
1156 2653 1454 2724 βλεπόντων
1479 2654 1656 2708 αὐτῶν
1690 2655 1851 2726 ἀνῆλ-

258 2747 364 2800 Θεν
398 2750 483 2811 είς
515 2748 646 2810 τοὺς
677 2743 957 2817 οὐρανούς.
994 2740 1160 2807 Οὗτος
1185 2745 1243 2796 ἐν
1265 2747 1377 2808 τοῖς
1402 2743 1687 2817 ἡμετέροις
1725 2761 1849 2798 και-

263 2843 389 2908 ροῖς
424 2838 768 2908 κατηξίωσεν
806 2835 1199 2909 παραγίνεσθαι
1232 2836 1339 2890 ἀπὸ
1367 2837 1461 2890 τοῦ
1505 2837 1716 2910 Πατρός
1756 2839 1851 2893 αὺ-

256 2929 390 2994 τοῦ,
457 2932 555 2983 καὶ
600 2928 884 3000 προελθεῖν
937 2929 1002 2981 ὲκ
1047 2928 1282 2999 γαστρὸς
1333 2928 1626 2999 Παρθένου.
1683 2923 1851 2997 Οὗτος

1953 2647 2215 2705 Claudius
2242 2647 2420 2702 dixit:
2451 2646 2684 2716 Insanis,
2725 2647 3060 2717 Censurine;
3097 2659 3149 2706 et
3189 2651 3357 2721 jussit
3390 2667 3514 2707 eum

1955 2751 2171 2813 propter
2203 2740 2410 2795 militiai
2437 2740 2774 2795 consortium
2808 2737 2972 2796 Ostia:
2998 2742 3051 2796 in
3082 2742 3327 2797 custodia
3361 2757 3520 2798 man-

1954 2833 2148 2904 cipari.
2182 2832 2273 2888 llle
2299 2843 2482 2887 autem
2517 2832 2571 2886 in
2599 2834 2848 2889 custodia
2879 2843 2932 2889 et
2961 2834 3014 2888 in
3047 2834 3278 2890 vinculis
3304 2835 3515 2906 obliga-

1956 2939 2046 2986 tus
2079 2929 2188 2984 Deo
2217 2927 2404 2982 laudes
2430 2927 2516 2982 die
2548 2935 2818 2997 noctuque
2851 2928 3095 2982 canebat.

263 3022 462 3092 μέντοι
487 3019 755 3091 κατῆλθεν
776 3019 863 3074 διὰ
883 3019 1285 3089 φιλανθρωπίαν
1311 3019 1404 3072 ἐπὶ
1433 3021 1532 3091 τῆς
1559 3021 1680 3092 γῆς,
1716 3027 1842 3090 τοὺς
1877 3025 2137 3099 οὐρανοὺς
2198 3020 2271 3094 μὴ
2331 3017 2660 3074 καταλιπών.
2699 3019 2831 3072 Τότε
2889 3017 3158 3090 ὀργισθεὶς
3191 3017 3239 3089 (6
3265 3017 3518 3073 δυσσεϐε-

262 3117 494 3180 στατος)
525 3111 791 3175 Κλαύδιος
815 3110 949 3182 ἔφη·
985 3110 1238 3175 Μαίνεαι,
1273 3111 1618 3182 Κενσουρῖνε,
1662 3117 1757 3168 καὶ
1789 3116 2124 3190 παραχρῆμα
2189 3111 2474 3166 ἐκέλευσεν
2513 3109 2674 3165 αὑτὸν
2710 3108 2796 3162 διὰ
2854 3109 2951 3180 τῆς
3009 3111 3264 3182 στρατιᾶς
3322 3111 3516 3165 ἀπενε..

261 3204 476 3275 χθῆναι
509 3202 655 3258 κατὰ
682 3201 782 3274 τὴν
842 3201 1124 3272 Ὀστησίαν
1167 3201 1322 3254 πόλιν
1371 3202 1466 3272 (6),
1502 3204 1758 3276 καὶπρὸς
1789 3207 1849 3260 τὸ
1884 3207 2250 3279 δεσμωτήριον
2270 3203 2784 3276 παραφυλάττεσθαι
2811 3204 2944 3256 ἐκεῖ.
2985 3203 3118 3257 Τότε
3165 3206 3223 3257 ὲν
3255 3205 3401 3277 αύτῷ
3437 3206 3514 3276 τῷ

266 3299 449 3368 τόπῳ,
495 3297 559 3350 ού
597 3296 812 3368 μακρὰν
845 3295 948 3348 ἀπὸ
979 3295 1069 3348 τοῦ
1102 3296 1290 3360 ἄστεος
1339 3297 1570 3368 Ῥώμης,
1622 3300 1736 3355 ἀλλ’
1785 3303 1860 3365 ὡς
1897 3303 2005 3357 ἀπὸ
2037 3301 2227 3373 μιλίων
2286 3299 2667 3354 πεντεκαίδεκα
2702 3299 2777 3369 (7)
2811 3301 2868 3352 ὲν
2908 3302 3118 3372 φρουρᾷ
3172 3303 3262 3355 καὶ
3301 3302 3515 3374 δεσμοῖς

269 3389 664 3461 κατεχόμενος,
695 3388 772 3459 τῷ
804 3388 920 3460 Θεῷ
948 3390 1072 3454 τοὺς
1104 3389 1286 3453 αἴνους
1311 3390 1521 3460 ἡμέρας
1549 3393 1641 3445 καὶ
1662 3395 1853 3458 νυκτὸς
1883 3396 2213 3465 ἀνέπεμπεν.

343 3485 423 3537 B'.
474 3485 567 3538 Ἐν
609 3484 756 3555 αύτῷ
808 3486 1093 3556 τοιγαροῦν
1149 3485 1226 3557 τῷ
1280 3487 1430 3558 τόπῳ
1496 3487 1720 3561 πλησίον
1758 3491 1845 3562 τῆς

2027 3491 2094 3545 Il.
2125 3489 2182 3544 In
2209 3505 2272 3546 ea
2293 3489 2508 3544 civitate
2529 3497 2645 3544 erat
2668 3489 2913 3558 quaedam
2942 3489 3094 3560 virgo
3111 3506 3176 3546 ex
3204 3507 3398 3563 genere
3423 3511 3512 3550 re-

271 3576 448 3648 αύτῆς
505 3576 795 3646 Ὀστησίας
838 3577 1042 3641 πόλεως
1109 3571 1175 3648 ἧν
1242 3579 1327 3642 τὶς
1372 3579 1706 3651 συγκλητικὴ
1772 3583 1845 3634 οἰ-

1953 3583 2054 3654 giaa
2080 3582 2360 3652 potestatis
2389 3582 2610 3637 nomine
2635 3583 2779 3636 Aura
2809 3600 2822 3635 :
2857 3597 2979 3652 quae
3009 3581 3211 3640 multas
3235 3585 3347 3654 jam
3381 3602 3508 3657 pcr-

272 3668 643 3732 κοδέσποινα,
709 3669 774 3720 ἐκ
857 3669 1044 3737 γένους
1113 3671 1210 3740 τῆς
1278 3670 1556 3743 βασιλικῆς
1606 3672 1845 3739 ἐξουσίας

1952 3672 2260 3728 secutiones
2311 3681 2532 3740 experta
2583 3685 2649 3723 ex
2683 3669 3130 3740 inscriptionibus
3161 3673 3299 3747 (10),
3331 3673 3508 3732 fuerat

273 3759 622 3832 ὑπάρχουσα,
669 3761 892 3831 ὀνόματι
936 3762 1149 3832 Χρυσῆ,
1179 3763 1300 3833 ἥτις
1327 3764 1552 3828 πολλοὺς
1580 3765 1845 3838 διωγμοὺς

1952 3769 2227 3836 damnata,
2266 3783 2390 3823 cum
2435 3767 2569 3824 viris
2602 3767 2870 3837 religiosis
2901 3776 2955 3821 et
2987 3769 3182 3824 sacris-
3205 3769 3503 3840 virginibus

345 4008 531 4078 (15-!)
559 4006 797 4079 Magistri
839 4007 1134 4079 ciliciorum
1183 4007 1419 4079 dignitas
1478 4009 1844 4079 plerumquea

275 4079 482 4134 Graecis
509 4077 707 4149 dicitur
729 4078 1048 4149 μαγιστερία
1078 4078 1216 4149 ᾁρχὴ
1238 4077 1300 4149 σἰι
1325 4078 1529 4132 Latinis
1545 4077 1844 4148 magisteria

278 4150 537 4221 dignitas,
553 4147 1036 4221 cujusiorm‘ulam
1065 4147 1426 4221 Cassiodorus
1489 4147 1679 4203 recitat
1713 4149 1838 4221 Var.

279 4217 352 4283 VI;
377 4219 450 4282 6;
486 4217 580 4270 τοῦ
613 4217 970 4288 μαγιστορίου
992 4217 1186 4286 legitur
1217 4218 1275 4288 in
1294 4218 1463 4282 Actis,
1491 4220 1841 4288 quemadmo-

279 4291 406 4360 dum
441 4289 597 4360 apud
618 4287 1165 4360 (ἓιηικξοε⁷Μαϊστωρ,Δ
1185 4287 1492 4360 μαῖστορος.

345 4358 423 4430 (2)
449 4356 517 4412 In
547 4358 868 4420 abscondito,
891 4373 989 4426 pro
1016 4356 1335 4428 λεληθότως,
1360 4356 1502 4428 quod
1529 4359 1692 4428 paulo
1714 4367 1838 4429 post

376 4441 546 4483 ιιιιιιτ.

282 4445 707 4570 se((11:51;ll‘31il-.i.\r:itim
736 4495 1074 4570 docerelaici
1098 4504 1359 4570 poterant
1365 4498 1833 4570 quemadmodum

283 4580 333 4623 et
358 4566 710 4630 diaconissze,
755 4569 821 4620 de
858 4567 1055 4636 quibus
1102 4566 1595 4635 pseudo-Hieron.,
1627 4568 1832 4624 Comm.

285 4639 333 4691 in
363 4637 515 4692 Rem.
547 4653 660 4700 xvi,
708 4637 762 4689 in
791 4653 884 4689 suo
915 4652 1040 4690 sexit
1069 4637 1365 4690 ministrare
1395 4637 1634 4691 videntur
1660 4641 1714 4692 in
1739 4637 1834 4690 ba-

283 4711 488 4776 ptismo,
520 4711 625 4761 sive
656 4708 709 4760 in
760 4707 1063 4777 ministerio
1091 4707 1235 4777 verbi
1285 4725 1298 4760 :
1328 4722 1449 4777 quae
1505 4708 1834 4777 respondent

285 4775 384 4833 illis
391 4780 461 4899 bin
491 4787 747 4832 contextu
763 4775 969 4840 Graeco,
1004 4777 1189 4848 ρἡεσι
1203 4775 1460 4847 διηκόνει,
1488 4775 1655 4831 verliis
1669 4778 1826 4830 mini-

285 4861 388 4899 stra
422 4856 498 4899 at.

285 4856 498 4903 strabat.

347 4918 418 4988 (4)
447 4917 732 4985 Popularis
759 4915 943 4988 haberi
971 4914 1140 4970 voluit
1163 4915 1440 4988 Claudius,
1463 4914 1596 4988 quin
1625 4924 1680 4970 et
1702 4929 1822 4971 om-

287 4986 424 5042 nium
455 4989 711 5041 ordinum
741 4987 1035 5051 studiosus,
1068 4995 1125 5039 ut
1149 4986 1663 5056 reipublicm_potius
1695 4988 1820 5040 vin.

286 5062 375 5112 dex
405 5073 569 5127 quam
613 5056 822 5126 imperii
851 5057 1136 5127 videretur.
1168 5053 1305 5111 Hinc
1335 5056 1426 5108 illa
1452 5053 1512 5108 PL
1545 5055 1610 5109 Β.
1647 5056 1821 5111 accla-

286 5125 439 5182 matio
467 5145 482 5181 :
509 5125 702 5181 Claudi
723 5128 974 5196 Auguste,
1007 5133 1062 5176 tu
1087 5125 1272 5194 frater,
1303 5135 1360 5178 ιιι
1397 5135 1564 5196 pater,
1589 5135 1647 5178 tu
1679 5127 1817 5178 ami-

287 5215 386 5260 at,
415 5207 472 5250 ιιι
497 5201 660 5250 bonus
679 5195 906 5266 senator.
937 5205 990 5248 ιιι
1010 5210 1120 5266 pere
1141 5197 1374 5265 princeps
1396 5195 1615 5266 (dictum
1637 5204 1819 5266 actua-

287 5267 664 5338 qies).'l‘rebell.
692 5265 830 5338 Poll.
851 5265 1042 5338 Claud.
1066 5265 1422 5338 simulatione
1448 5267 1550 5321 hac
1571 5265 1820 5338 humani-

287 5335 417 5401 tatis,
443 5355 473 5391 a
502 5340 618 5392 suis
641 5337 871 5391 eximias
896 5343 979 5390 est
1003 5336 1184 5390 laudes
1202 5346 1564 5392 consecutus:
1606 5336 1692 5389 ’Ev
1716 5335 1820 5388 πά-

288 5426 390 5473 σαις
414 5408 710 5479 διατρέψις
728 5409 847 5469 ταῖς
869 5405 1112 5479 ᾲ-ρεταῖς,
1135 5407 1230 5479 καὶ
1255 5405 1632 5479 πολὺνέαυτοῦ
1657 5404 1820 5459 πόθον

285 5483 378 5542 soi;
407 5474 671 5550 ὑπηκόοις
695 5474 1100 5550 ἐναπρθέμενος.
1144 5474 1236 5550 Vir
1274 5478 1430 5550 omni
1460 5478 1822 5550 cirtutnnt‘ge-

286 5565 390 5602 nere
416 5545 659 5612 ornatus,
688 5558 738 5600 et
760 5547 848 5617 qui
875 5561 1120 5617 magnum
1145 5547 1228 5617 sui
1250 5547 1566 5617 desiderium
1590 5545 1826 5617 salutige-

286 5634 388 5670 runt
411 5621 605 5672 animis
633 5611 862 5670 indit-um
888 5611 1113 5683 reliquit.
1145 5615 1270 5670 Zos.
1339 5611 1479 5668 Hist.
1519 5628 1558 5676 t,
1597 5612 1686 5668 47.
1723 5613 1826 5668 Ea-

286 5704 376 5757 que
401 5691 588 5756 opinio
613 5687 792 5742 eﬁ'ecit
814 5701 882 5739 ne
909 5684 1048 5757 inter
1079 5695 1448 5757 persecutores
1472 5687 1782 5757 referretur.

347 5756 416 5829 t5)
441 5753 529 5813 De
560 5757 878 5813 custodibus
909 5753 1107 5809 dicitur
1128 5755 1431 5828 θεωμένων,
1465 5755 1825 5825 prospicienti-

591 5851 857 5910 Ριτιιοι..
896 5848 1012 5911 (in.
1048 5850 1134 5914 X.

1856 4854 1901 4914 Ι)
1937 4849 2080 4922 [ιίη.,
2138 4867 2262 4922 pag.

1947 4008 2076 4079 (ius;
2118 4023 2242 4064 mox
2271 4015 2451 4062 autem
2483 4009 2550 4062 de
2591 4009 2875 4079 discipulis
2916 4008 3244 4079 βλεπόντων,
3278 4012 3502 4066 videnti-

3497 4079 3530 4109 6'-

1943 4078 2092 4218 ὺυῖθ)
2123 4147 2198 4203 De
2230 4148 2394 4202 variis
2426 4146 2590 4202 Ostiae
2634 4148 3082 4272 apgellationibus
3121 4146 3340 4203 disserit

1943 4218 2078 4272 alios
2105 4219 2233 4272 Adr.
2281 4215 2439 4272 Polit.
2485 4219 2554 4271 ad
2595 4216 2670 4271 Μ.
2748 4234 2844 4272 ..n.
2871 4218 3000 4272 505.
3035 4219 3494 4272 aueniadmodum

1942 4215 2082 4291 alios
2105 4219 2233 4272 Adr.
2259 4215 2439 4291 _Polit.
2478 4219 2560 4291 ait
2595 4215 2684 4291 11!.—
2699 4215 2844 4291 R.,_p.
2871 4218 3000 4291 505,
3035 4215 3494 4291 quemadmodum

1939 4297 1994 4360 et
2019 4286 2226 4360 Portus
2259 4285 2492 4360 Romani
2521 4287 2741 4354 Cellar.,
2765 4285 2936 4360 (ἕως.
2957 4285 3087 4360 Ani.
3113 4303 3174 4352 ιι,
3214 4287 3267 4353 9,
3293 4305 3346 4358 p.
3367 4290 3494 4356 50l,

1941 4357 2031 4411 ubi
2063 4366 2240 4411 tamen
2268 4357 2322 4410 in
2351 4372 2416 4412 eo
2430 4368 2602 4426 errat,
2633 4358 2778 4426 quod
2799 4357 3030 4413 insulam
3057 4357 3409 4414 Portiierisem
3427 4363 3494 4415 ad

1937 4441 2087 4550 mare
2134 4441 2346 4550 s'acit'am
2400 4424 2717 4498 Esculapio
2745 4429 2918 4495 dixit;
2968 4445 3090 4500 quae
3119 4429 3307 4483 ultima
3351 4431 3493 4486 intra

1937 4513 2003 4550 ur
2039 4511 2124 4550 em
2181 4513 2231 4550 ιιι
2261 4537 2276 4550 .

1936 4505 2124 4550 urbem
2157 4505 2276 4551 fuit.

2013 4570 2111 4647 (7).
2138 4572 2413 4647 sexdecim
2441 4595 2620 4647 nempe
2659 4579 2992 4644 milliarium,
3017 4598 3133 4634 tum
3161 4588 3426 4637 Antonino
3447 4595 3497 4639 et

1946 4638 2146 4732 Zabula
2190 4638 2594 4732 Pcutingeriari'a
2646 4665 2862 4720 cumque
2901 4638 3024 4732 ipsa
3061 4652 3300 4731 peritate,
3337 4638 3494 4722 quant

1938 4726 2181 4765 mensura
2202 4729 2295 4781 per
2316 4732 2394 4769 me
2417 4718 2614 4785 pluries
2641 4718 2797 4789 atque
2821 4722 3154 4790 uniformiter
3173 4733 3294 4776 acta
3315 4718 3495 4777 corro-

1937 4778 2155 4837 beravit.
2232 4782 2490 4847 Fabrett.,
2541 4789 2608 4842 de
2654 4790 2755 4847 Au.
2801 4791 2935 4846 diss.
2981 4793 3034 4847 5,
3088 4791 3186 4847 t3:
3229 4793 3488 4847 Antoniu.

2318 4806 2938 4934 ξῗῖξ·ξιει⁴ῗ⁰)ὖῗὲξςῗί¹ιῗξῖ
2955 4806 3186 4926 ξιιέιῗί
3209 4806 3488 4934 ἦὶἒῗῖἔῖἓῖξ

1933 4918 2110 4990 Segni.
2137 4918 2189 4984 ι’,
2208 4918 2295 4976 ed.
2326 4923 2384 4978 F.
2413 4924 2475 4981 C.
2502 4929 2570 4982 de
2599 4926 2829 4998 Scheyb.

2006 5020 2137 5094 (8-9)
2154 5018 2443 5094 Nobiscum
2475 5038 2688 5094 semper
2701 5025 3038 5094 colloquens.
3063 5025 3366 5081 Promissor
3382 5026 3492 5080 col-

1931 5089 2208 5144 locationis
2240 5102 2453 5148 nostrw.
2486 5089 2732 5150 Caséiod.
2774 5089 2898 5149 Var.
2934 5111 3008 5158 νι,
3039 5099 3090 5148 6.

1986 5187 2097 5261 (10)
2109 5190 2166 5246 In
2183 5207 2360 5261 graeco
2379 5203 2586 5247 tantum
2601 5200 2685 5247 est
2699 5187 3166 5261 καταδικασθεῖσα,
3190 5189 3441 5240 damnata
3457 5199 3479 5240 :

1921 5259 2397 5335 interprcs'autem
2428 5262 2626 5335 adjecit
2651 5277 2715 5314 ea:
2749 5259 3200 5335 inscriptionibus,
3223 5265 3478 5335 propter-

1924 5349 1986 5387 ea
2017 5326 2390 5402 quod__recenti
2414 5326 2593 5386 adbuc
2617 5329 2877 5402 memoria
2906 5326 3270 5402 constaretde
3286 5326 3476 5395 judicii

1927 5397 2123 5457 forma.
2152 5399 2396 5471 Namque
2424 5402 2697 5471 inscriptio
2728 5399 2830 5454 fuit
2852 5399 3128 5454 accusatio
3152 5397 3219 5451 ab
3247 5398 3362 5464 ipso
3383 5409 3479 5448 ac—

1927 5482 2178 5526 cusatore
2219 5472 2557 5542 subscripta,
2598 5485 2722 5528 cum
2752 5471 3046 5542 sponsione
3073 5482 3284 5537 pcenam
3329 5479 3478 5518 eam-

1919 5543 2042 5597 dem
2081 5556 2175 5596 reo
2201 5540 2469 5596 servatam
2508 5541 2798 5601 subeundi,
2835 5540 2888 5594 ui
2922 5553 3045 5592 vera
3072 5545 3218 5591 esset
3252 5550 3479 5590 accusa-

1923 5610 2246 5685 tio._$ym_in.
2275 5613 2370 5685 lib.
2393 5628 2430 5685 ι,
2452 5628 2540 5682 ep.
2568 5611 2638 5685 49
2660 5628 2674 5675 ;
2700 5607 3056 5685 Brissnn.__l)e_
3079 5606 3283 5667 Form.,
3309 5604 3405 5685 lib.
3423 5620 3478 5670 ν,

1919 5697 1972 5752 ρ.
2002 5678 2124 5736 442.
2155 5678 2564 5751 Inscriptionum
2595 5680 2930 5752 baudrsemel
2952 5678 3014 5730 lt.
3045 5679 3186 5752 leges
3220 5678 3471 5752 memine-

1919 5746 2080 5819 runt;
2108 5767 2174 5808 ac
2206 5746 2403 5808 mirum
2429 5762 2512 5810 est
2540 5751 2783 5808 Bolland.
2831 5752 3011 5804 socios
3039 5748 3244 5815 alioqui
3273 5746 3476 5802 doctis-

3138 5841 3213 5908 18
