  <div class='ocr_page' id='page_1' title='image "/cluster/home/n/w/nwhite01/storage/ocr_20150623/10/hvd.32044073501348/283.png"; bbox 0 0 3966 6344; ppageno 0'>
   <div class='ocr_carea' id='block_1_1' title="bbox 484 324 590 379">
    <p class='ocr_par' dir='ltr' id='par_1_1' title="bbox 484 324 590 379">
     <span class='ocr_line' id='line_1_1' title="bbox 484 324 590 379; baseline 0.009 -1"><span class='ocrx_word' id='word_1_1' title='bbox 484 324 590 379; x_wconf 79' lang='lat'><strong>555</strong></span> 
     </span>
    </p>
   </div>
   <div class='ocr_carea' id='block_1_2' title="bbox 1847 313 2325 372">
    <p class='ocr_par' dir='ltr' id='par_1_2' title="bbox 1847 313 2325 372">
     <span class='ocr_line' id='line_1_2' title="bbox 1847 313 2325 372; baseline -0.002 -1"><span class='ocrx_word' id='word_1_2' title='bbox 1847 317 1905 371; x_wconf 88' lang='lat' dir='ltr'><strong>S.</strong></span> <span class='ocrx_word' id='word_1_3' title='bbox 1967 313 2325 372; x_wconf 77' lang='lat' dir='ltr'><strong>HIPPOLYTI</strong></span> 
     </span>
    </p>
   </div>
   <div class='ocr_carea' id='block_1_3' title="bbox 3605 319 3708 378">
    <p class='ocr_par' dir='ltr' id='par_1_3' title="bbox 3605 319 3708 378">
     <span class='ocr_line' id='line_1_3' title="bbox 3605 319 3708 378; baseline 0.019 -2"><span class='ocrx_word' id='word_1_4' title='bbox 3605 319 3708 378; x_wconf 77' lang='lat'><strong>556</strong></span> 
     </span>
    </p>
   </div>
   <div class='ocr_carea' id='block_1_4' title="bbox 486 437 2039 515">
    <p class='ocr_par' dir='ltr' id='par_1_4' title="bbox 486 437 2038 515">
     <span class='ocr_line' id='line_1_4' title="bbox 486 437 2038 515; baseline -0.005 -16"><span class='ocrx_word' id='word_1_5' title='bbox 486 445 541 500; x_wconf 92' lang='lat' dir='ltr'><strong>in</strong></span> <span class='ocrx_word' id='word_1_6' title='bbox 575 441 832 515; x_wconf 72' lang='lat' dir='ltr'><strong>praediolo</strong></span> <span class='ocrx_word' id='word_1_7' title='bbox 861 455 962 496; x_wconf 88' lang='lat' dir='ltr'><strong>suo</strong></span> <span class='ocrx_word' id='word_1_8' title='bbox 990 439 1232 495; x_wconf 85' lang='lat' dir='ltr'><strong>vacabat.</strong></span> <span class='ocrx_word' id='word_1_9' title='bbox 1267 437 1392 495; x_wconf 83' lang='lat' dir='ltr'><strong>Haec</strong></span> <span class='ocrx_word' id='word_1_10' title='bbox 1423 437 1662 510; x_wconf 92' lang='lat' dir='ltr'><strong>quotidie</strong></span> <span class='ocrx_word' id='word_1_11' title='bbox 1689 438 1756 494; x_wconf 85' lang='lat' dir='ltr'><strong>ad</strong></span> <span class='ocrx_word' id='word_1_12' title='bbox 1790 447 2038 494; x_wconf 90' lang='lat' dir='ltr'><strong>sanctum</strong></span> 
     </span>
    </p>
   </div>
   <div class='ocr_carea' id='block_1_5' title="bbox 2143 437 3708 515">
    <p class='ocr_par' dir='ltr' id='par_1_5' title="bbox 2146 438 3708 515">
     <span class='ocr_line' id='line_1_5' title="bbox 2146 438 3708 515; baseline 0.004 -23"><span class='ocrx_word' id='word_1_13' title='bbox 2146 438 2500 510; x_wconf 80' lang='grc' dir='ltr'><strong>ὑπομείνασα,</strong></span> <span class='ocrx_word' id='word_1_14' title='bbox 2528 442 2620 495; x_wconf 81' lang='grc' dir='ltr'><strong>καί</strong></span> <span class='ocrx_word' id='word_1_15' title='bbox 2643 442 3113 508; x_wconf 86' lang='grc' dir='ltr'><strong>καταδικασθεῖσα,</strong></span> <span class='ocrx_word' id='word_1_16' title='bbox 3145 442 3282 515; x_wconf 77' lang='grc' dir='ltr'><strong>μετὰ</strong></span> <span class='ocrx_word' id='word_1_17' title='bbox 3322 444 3532 515; x_wconf 83' lang='grc' dir='ltr'><strong>ἀνδρῶν</strong></span> <span class='ocrx_word' id='word_1_18' title='bbox 3555 445 3708 499; x_wconf 80' lang='grc' dir='ltr'><strong>εὐλα-</strong></span> 
     </span>
    </p>
   </div>
   <div class='ocr_carea' id='block_1_6' title="bbox 483 529 2039 607">
    <p class='ocr_par' dir='ltr' id='par_1_6' title="bbox 483 529 2039 602">
     <span class='ocr_line' id='line_1_6' title="bbox 483 529 2039 602; baseline -0.004 -12"><span class='ocrx_word' id='word_1_19' title='bbox 483 535 846 590; x_wconf 87' lang='lat' dir='ltr'><strong>Censurinum</strong></span> <span class='ocrx_word' id='word_1_20' title='bbox 879 532 967 587; x_wconf 91' lang='lat' dir='ltr'><strong>die</strong></span> <span class='ocrx_word' id='word_1_21' title='bbox 1014 539 1287 602; x_wconf 90' lang='lat' dir='ltr'><strong>noctuque</strong></span> <span class='ocrx_word' id='word_1_22' title='bbox 1314 532 1538 587; x_wconf 89' lang='lat' dir='ltr'><strong>veniens</strong></span> <span class='ocrx_word' id='word_1_23' title='bbox 1577 531 1760 587; x_wconf 82' lang='lat' dir='ltr'><strong>omnia</strong></span> <span class='ocrx_word' id='word_1_24' title='bbox 1789 529 2039 586; x_wconf 89' lang='lat' dir='ltr'><strong>victualia</strong></span> 
     </span>
    </p>
   </div>
   <div class='ocr_carea' id='block_1_7' title="bbox 2143 529 3708 607">
    <p class='ocr_par' dir='ltr' id='par_1_7' title="bbox 2148 529 3708 607">
     <span class='ocr_line' id='line_1_7' title="bbox 2148 529 3708 607; baseline 0.004 -24"><span class='ocrx_word' id='word_1_25' title='bbox 2148 529 2276 595; x_wconf 85' lang='grc' dir='ltr'><strong>ϐῶν,</strong></span> <span class='ocrx_word' id='word_1_26' title='bbox 2299 531 2393 584; x_wconf 74' lang='grc' dir='ltr'><strong>καὶ</strong></span> <span class='ocrx_word' id='word_1_27' title='bbox 2420 532 2700 604; x_wconf 84' lang='grc' dir='ltr'><strong>παρθένων</strong></span> <span class='ocrx_word' id='word_1_28' title='bbox 2715 535 2772 587; x_wconf 83' lang='grc' dir='ltr'><strong>ἐν</strong></span> <span class='ocrx_word' id='word_1_29' title='bbox 2795 534 2872 605; x_wconf 83' lang='grc' dir='ltr'><strong>τῷ</strong></span> <span class='ocrx_word' id='word_1_30' title='bbox 2908 535 3021 606; x_wconf 85' lang='grc' dir='ltr'><strong>ἰδίῳ</strong></span> <span class='ocrx_word' id='word_1_31' title='bbox 3049 536 3218 606; x_wconf 80' lang='grc' dir='ltr'><strong>αὐτῆς</strong></span> <span class='ocrx_word' id='word_1_32' title='bbox 3241 536 3424 606; x_wconf 83' lang='grc' dir='ltr'><strong>χωρίῳ</strong></span> <span class='ocrx_word' id='word_1_33' title='bbox 3445 535 3708 607; x_wconf 62' lang='grc' dir='ltr'><strong>ἐτύγχανε</strong></span> 
     </span>
    </p>
   </div>
   <div class='ocr_carea' id='block_1_8' title="bbox 484 623 2042 694">
    <p class='ocr_par' dir='ltr' id='par_1_8' title="bbox 484 623 2042 694">
     <span class='ocr_line' id='line_1_8' title="bbox 484 623 2042 694; baseline -0.003 -12"><span class='ocrx_word' id='word_1_34' title='bbox 484 627 828 682; x_wconf 71' lang='lat' dir='ltr'><strong>ministrabat</strong></span> <span class='ocrx_word' id='word_1_35' title='bbox 859 643 872 678; x_wconf 90' lang='lat'><strong>:</strong></span> <span class='ocrx_word' id='word_1_36' title='bbox 916 624 1074 694; x_wconf 86' lang='lat' dir='ltr'><strong>cujus</strong></span> <span class='ocrx_word' id='word_1_37' title='bbox 1107 635 1159 679; x_wconf 90' lang='lat' dir='ltr'><strong>et</strong></span> <span class='ocrx_word' id='word_1_38' title='bbox 1201 623 1417 678; x_wconf 89' lang='lat' dir='ltr'><strong>vincula</strong></span> <span class='ocrx_word' id='word_1_39' title='bbox 1459 639 1622 678; x_wconf 91' lang='lat' dir='ltr'><strong>manu</strong></span> <span class='ocrx_word' id='word_1_40' title='bbox 1654 639 1753 679; x_wconf 91' lang='lat' dir='ltr'><strong>sua</strong></span> <span class='ocrx_word' id='word_1_41' title='bbox 1785 623 2042 691; x_wconf 81' lang='lat' dir='ltr'><strong>abluens,</strong></span> 
     </span>
    </p>
   </div>
   <div class='ocr_carea' id='block_1_9' title="bbox 484 715 2038 788">
    <p class='ocr_par' dir='ltr' id='par_1_9' title="bbox 484 715 2038 788">
     <span class='ocr_line' id='line_1_9' title="bbox 484 715 2038 788; baseline -0.005 -12"><span class='ocrx_word' id='word_1_42' title='bbox 484 723 672 776; x_wconf 90' lang='lat' dir='ltr'><strong>oculos</strong></span> <span class='ocrx_word' id='word_1_43' title='bbox 690 717 944 773; x_wconf 90' lang='lat' dir='ltr'><strong>etfaciem</strong></span> <span class='ocrx_word' id='word_1_44' title='bbox 962 731 1112 772; x_wconf 89' lang='lat' dir='ltr'><strong>suam</strong></span> <span class='ocrx_word' id='word_1_45' title='bbox 1133 715 1191 786; x_wconf 86' lang='lat' dir='ltr'><strong>(l.</strong></span> <span class='ocrx_word' id='word_1_46' title='bbox 1209 715 1351 788; x_wconf 88' lang='lat' dir='ltr'><strong>ejus)</strong></span> <span class='ocrx_word' id='word_1_47' title='bbox 1375 716 1606 771; x_wconf 89' lang='lat' dir='ltr'><strong>lavabat.</strong></span> <span class='ocrx_word' id='word_1_48' title='bbox 1638 715 1806 770; x_wconf 88' lang='lat' dir='ltr'><strong>Erant</strong></span> <span class='ocrx_word' id='word_1_49' title='bbox 1827 716 1968 769; x_wconf 90' lang='lat' dir='ltr'><strong>enim</strong></span> <span class='ocrx_word' id='word_1_50' title='bbox 1985 723 2038 768; x_wconf 90' lang='lat' dir='ltr'><strong>et</strong></span> 
     </span>
    </p>
   </div>
   <div class='ocr_carea' id='block_1_10' title="bbox 2148 623 3708 699">
    <p class='ocr_par' dir='ltr' id='par_1_10' title="bbox 2148 623 3708 699">
     <span class='ocr_line' id='line_1_10' title="bbox 2148 623 3708 699; baseline 0.004 -24"><span class='ocrx_word' id='word_1_51' title='bbox 2148 623 2476 693; x_wconf 80' lang='grc' dir='ltr'><strong>σχολάζουσα</strong></span> <span class='ocrx_word' id='word_1_52' title='bbox 2510 625 2640 696; x_wconf 75' lang='grc'><strong>(15).</strong></span> <span class='ocrx_word' id='word_1_53' title='bbox 2666 626 2812 698; x_wconf 77' lang='grc' dir='ltr'><strong>Αὕτη</strong></span> <span class='ocrx_word' id='word_1_54' title='bbox 2847 629 2932 696; x_wconf 82' lang='grc' dir='ltr'><strong>ἐφ’</strong></span> <span class='ocrx_word' id='word_1_55' title='bbox 2963 627 3198 699; x_wconf 76' lang='grc' dir='ltr'><strong>ἑκάστης</strong></span> <span class='ocrx_word' id='word_1_56' title='bbox 3221 629 3432 699; x_wconf 77' lang='grc' dir='ltr'><strong>ἡμέρας</strong></span> <span class='ocrx_word' id='word_1_57' title='bbox 3457 627 3536 697; x_wconf 78' lang='grc' dir='ltr'><strong>τῷ</strong></span> <span class='ocrx_word' id='word_1_58' title='bbox 3571 630 3708 699; x_wconf 85' lang='grc' dir='ltr'><strong>ἁγίῳ</strong></span> 
     </span>
    </p>
   </div>
   <div class='ocr_carea' id='block_1_11' title="bbox 2146 715 3712 792">
    <p class='ocr_par' dir='ltr' id='par_1_11' title="bbox 2146 715 3712 792">
     <span class='ocr_line' id='line_1_11' title="bbox 2146 715 3712 792; baseline 0.005 -26"><span class='ocrx_word' id='word_1_59' title='bbox 2146 715 2489 787; x_wconf 82' lang='grc' dir='ltr'><strong>Κενσουρίνῳ</strong></span> <span class='ocrx_word' id='word_1_60' title='bbox 2515 717 2724 771; x_wconf 79' lang='grc' dir='ltr'><strong>οἴκοθεν</strong></span> <span class='ocrx_word' id='word_1_61' title='bbox 2749 717 2916 789; x_wconf 77' lang='grc' dir='ltr'><strong>αὐτῆς</strong></span> <span class='ocrx_word' id='word_1_62' title='bbox 2942 718 3041 782; x_wconf 83' lang='grc' dir='ltr'><strong>τὰς</strong></span> <span class='ocrx_word' id='word_1_63' title='bbox 3069 719 3272 791; x_wconf 80' lang='grc' dir='ltr'><strong>τροφὰς</strong></span> <span class='ocrx_word' id='word_1_64' title='bbox 3301 721 3551 792; x_wconf 75' lang='grc' dir='ltr'><strong>ἐχορήγει</strong></span> <span class='ocrx_word' id='word_1_65' title='bbox 3573 737 3588 751; x_wconf 76' lang='grc' dir='ltr'><strong>ο</strong></span> <span class='ocrx_word' id='word_1_66' title='bbox 3623 717 3712 774; x_wconf 65' lang='grc' dir='ltr'><strong>οὖα</strong></span> 
     </span>
    </p>
   </div>
   <div class='ocr_carea' id='block_1_12' title="bbox 485 805 2039 884">
    <p class='ocr_par' dir='ltr' id='par_1_12' title="bbox 485 805 2039 877">
     <span class='ocr_line' id='line_1_12' title="bbox 485 805 2039 877; baseline -0.003 -13"><span class='ocrx_word' id='word_1_67' title='bbox 485 812 538 864; x_wconf 84' lang='grc' dir='ltr'><strong>ἱη</strong></span> <span class='ocrx_word' id='word_1_68' title='bbox 567 811 754 864; x_wconf 89' lang='lat' dir='ltr'><strong>eodem</strong></span> <span class='ocrx_word' id='word_1_69' title='bbox 783 809 904 863; x_wconf 92' lang='lat' dir='ltr'><strong>loco</strong></span> <span class='ocrx_word' id='word_1_70' title='bbox 936 814 1155 862; x_wconf 89' lang='lat' dir='ltr'><strong>sanctus</strong></span> <span class='ocrx_word' id='word_1_71' title='bbox 1181 805 1449 862; x_wconf 79' lang='lat' dir='ltr'><strong>Maximus</strong></span> <span class='ocrx_word' id='word_1_72' title='bbox 1467 807 1744 877; x_wconf 81' lang='lat' dir='ltr'><strong>presbyter</strong></span> <span class='ocrx_word' id='word_1_73' title='bbox 1771 805 2039 860; x_wconf 84' lang='lat' dir='ltr'><strong>etArche—</strong></span> 
     </span>
    </p>
   </div>
   <div class='ocr_carea' id='block_1_13' title="bbox 2143 805 3711 884">
    <p class='ocr_par' dir='ltr' id='par_1_13' title="bbox 2143 807 3711 884">
     <span class='ocr_line' id='line_1_13' title="bbox 2143 807 3711 884; baseline 0.004 -26"><span class='ocrx_word' id='word_1_74' title='bbox 2143 823 2286 870; x_wconf 88' lang='grc' dir='ltr'><strong>τινος</strong></span> <span class='ocrx_word' id='word_1_75' title='bbox 2321 807 2391 860; x_wconf 80' lang='grc' dir='ltr'><strong>τὰ</strong></span> <span class='ocrx_word' id='word_1_76' title='bbox 2420 808 2591 879; x_wconf 82' lang='grc' dir='ltr'><strong>δεσμὰ</strong></span> <span class='ocrx_word' id='word_1_77' title='bbox 2633 812 2753 873; x_wconf 83' lang='grc' dir='ltr'><strong>ταῖς</strong></span> <span class='ocrx_word' id='word_1_78' title='bbox 2780 811 3008 875; x_wconf 82' lang='grc' dir='ltr'><strong>οἰκείαις</strong></span> <span class='ocrx_word' id='word_1_79' title='bbox 3054 813 3235 884; x_wconf 78' lang='grc' dir='ltr'><strong>χερσὶν</strong></span> <span class='ocrx_word' id='word_1_80' title='bbox 3265 810 3416 865; x_wconf 76' lang='grc' dir='ltr'><strong>ὕδατι</strong></span> <span class='ocrx_word' id='word_1_81' title='bbox 3459 812 3711 865; x_wconf 82' lang='grc' dir='ltr'><strong>ἀποπλυ-</strong></span> 
     </span>
    </p>
   </div>
   <div class='ocr_carea' id='block_1_14' title="bbox 485 898 2042 970">
    <p class='ocr_par' dir='ltr' id='par_1_14' title="bbox 485 898 2042 970">
     <span class='ocr_line' id='line_1_14' title="bbox 485 898 2042 970; baseline -0.002 -15"><span class='ocrx_word' id='word_1_82' title='bbox 485 906 604 956; x_wconf 76' lang='lat' dir='ltr'><strong>laUS</strong></span> <span class='ocrx_word' id='word_1_83' title='bbox 657 902 949 966; x_wconf 88' lang='lat' dir='ltr'><strong>diaconus;</strong></span> <span class='ocrx_word' id='word_1_84' title='bbox 1004 900 1097 968; x_wconf 91' lang='lat' dir='ltr'><strong>qui</strong></span> <span class='ocrx_word' id='word_1_85' title='bbox 1153 899 1396 970; x_wconf 79' lang='lat' dir='ltr'><strong>quotidie</strong></span> <span class='ocrx_word' id='word_1_86' title='bbox 1447 898 1709 953; x_wconf 84' lang='lat' dir='ltr'><strong>sacriﬁcia</strong></span> <span class='ocrx_word' id='word_1_87' title='bbox 1758 898 1866 953; x_wconf 88' lang='lat' dir='ltr'><strong>Deo</strong></span> <span class='ocrx_word' id='word_1_88' title='bbox 1917 912 2042 952; x_wconf 88' lang='lat' dir='ltr'><strong>cum</strong></span> 
     </span>
    </p>
   </div>
   <div class='ocr_carea' id='block_1_15' title="bbox 482 989 2042 1064">
    <p class='ocr_par' dir='ltr' id='par_1_15' title="bbox 482 989 2042 1064">
     <span class='ocr_line' id='line_1_15' title="bbox 482 989 2042 1064; baseline -0.002 -16"><span class='ocrx_word' id='word_1_89' title='bbox 482 993 700 1064; x_wconf 85' lang='lat' dir='ltr'><strong>hymnis</strong></span> <span class='ocrx_word' id='word_1_90' title='bbox 752 1002 804 1046; x_wconf 90' lang='lat' dir='ltr'><strong>et</strong></span> <span class='ocrx_word' id='word_1_91' title='bbox 853 990 1107 1044; x_wconf 87' lang='lat' dir='ltr'><strong>laudibus</strong></span> <span class='ocrx_word' id='word_1_92' title='bbox 1161 989 1476 1044; x_wconf 70' lang='lat' dir='ltr'><strong>offerebant.</strong></span> <span class='ocrx_word' id='word_1_93' title='bbox 1538 989 1799 1044; x_wconf 61' lang='lat' dir='ltr'><strong>Praeterea</strong></span> <span class='ocrx_word' id='word_1_94' title='bbox 1851 991 2042 1045; x_wconf 85' lang='lat' dir='ltr'><strong>beatus</strong></span> 
     </span>
    </p>
   </div>
   <div class='ocr_carea' id='block_1_16' title="bbox 481 1082 2042 1154">
    <p class='ocr_par' dir='ltr' id='par_1_16' title="bbox 481 1082 2042 1154">
     <span class='ocr_line' id='line_1_16' title="bbox 481 1082 2042 1154; baseline -0.001 -15"><span class='ocrx_word' id='word_1_95' title='bbox 481 1085 752 1139; x_wconf 83' lang='lat' dir='ltr'><strong>Maximus</strong></span> <span class='ocrx_word' id='word_1_96' title='bbox 791 1085 1075 1154; x_wconf 90' lang='lat' dir='ltr'><strong>presbyter</strong></span> <span class='ocrx_word' id='word_1_97' title='bbox 1108 1091 1255 1137; x_wconf 91' lang='lat' dir='ltr'><strong>tanta</strong></span> <span class='ocrx_word' id='word_1_98' title='bbox 1297 1082 1568 1137; x_wconf 89' lang='lat' dir='ltr'><strong>mirabilia</strong></span> <span class='ocrx_word' id='word_1_99' title='bbox 1596 1083 1651 1136; x_wconf 90' lang='lat' dir='ltr'><strong>in</strong></span> <span class='ocrx_word' id='word_1_100' title='bbox 1684 1082 1902 1137; x_wconf 86' lang='lat' dir='ltr'><strong>nomine</strong></span> <span class='ocrx_word' id='word_1_101' title='bbox 1937 1083 2042 1137; x_wconf 83' lang='lat' dir='ltr'><strong>Do-</strong></span> 
     </span>
    </p>
   </div>
   <div class='ocr_carea' id='block_1_17' title="bbox 483 1171 2043 1244">
    <p class='ocr_par' dir='ltr' id='par_1_17' title="bbox 483 1171 2043 1244">
     <span class='ocr_line' id='line_1_17' title="bbox 483 1171 2043 1244; baseline -0.003 -14"><span class='ocrx_word' id='word_1_102' title='bbox 483 1175 617 1230; x_wconf 87' lang='lat' dir='ltr'><strong>mini</strong></span> <span class='ocrx_word' id='word_1_103' title='bbox 646 1173 774 1229; x_wconf 86' lang='lat' dir='ltr'><strong>Jesu</strong></span> <span class='ocrx_word' id='word_1_104' title='bbox 803 1174 1007 1228; x_wconf 84' lang='lat' dir='ltr'><strong>Christi</strong></span> <span class='ocrx_word' id='word_1_105' title='bbox 1037 1173 1323 1228; x_wconf 73' lang='lat' dir='ltr'><strong>exercebat</strong></span> <span class='ocrx_word' id='word_1_106' title='bbox 1353 1189 1365 1226; x_wconf 94' lang='lat'><strong>:</strong></span> <span class='ocrx_word' id='word_1_107' title='bbox 1398 1181 1455 1226; x_wconf 92' lang='lat' dir='ltr'><strong>ut</strong></span> <span class='ocrx_word' id='word_1_108' title='bbox 1482 1171 1613 1226; x_wconf 91' lang='lat' dir='ltr'><strong>dum</strong></span> <span class='ocrx_word' id='word_1_109' title='bbox 1640 1171 1763 1241; x_wconf 84' lang='lat' dir='ltr'><strong>quis</strong></span> <span class='ocrx_word' id='word_1_110' title='bbox 1790 1171 1846 1244; x_wconf 91' lang='lat' dir='ltr'><strong>(l.</strong></span> <span class='ocrx_word' id='word_1_111' title='bbox 1880 1171 1947 1242; x_wconf 91' lang='lat' dir='ltr'><strong>is)</strong></span> <span class='ocrx_word' id='word_1_112' title='bbox 1967 1173 2043 1226; x_wconf 87' lang='lat' dir='ltr'><strong>in-</strong></span> 
     </span>
    </p>
   </div>
   <div class='ocr_carea' id='block_1_18' title="bbox 474 1253 2041 1328">
    <p class='ocr_par' dir='ltr' id='par_1_18' title="bbox 474 1253 2041 1328">
     <span class='ocr_line' id='line_1_18' title="bbox 474 1253 2041 1328; baseline -0.003 -6"><span class='ocrx_word' id='word_1_113' title='bbox 474 1253 699 1324; x_wconf 83' lang='lat' dir='ltr'><strong>troisset</strong></span> <span class='ocrx_word' id='word_1_114' title='bbox 721 1267 786 1321; x_wconf 90' lang='lat' dir='ltr'><strong>ad</strong></span> <span class='ocrx_word' id='word_1_115' title='bbox 817 1267 1036 1320; x_wconf 90' lang='lat' dir='ltr'><strong>beatum</strong></span> <span class='ocrx_word' id='word_1_116' title='bbox 1069 1265 1468 1328; x_wconf 90' lang='lat' dir='ltr'><strong>Censurinum,</strong></span> <span class='ocrx_word' id='word_1_117' title='bbox 1512 1265 1698 1318; x_wconf 88' lang='lat' dir='ltr'><strong>statim</strong></span> <span class='ocrx_word' id='word_1_118' title='bbox 1731 1263 1945 1318; x_wconf 89' lang='lat' dir='ltr'><strong>vincula</strong></span> <span class='ocrx_word' id='word_1_119' title='bbox 1975 1263 2041 1318; x_wconf 90' lang='lat' dir='ltr'><strong>de</strong></span> 
     </span>
    </p>
   </div>
   <div class='ocr_carea' id='block_1_19' title="bbox 475 1341 2041 1426">
    <p class='ocr_par' dir='ltr' id='par_1_19' title="bbox 475 1341 2041 1426">
     <span class='ocr_line' id='line_1_19' title="bbox 475 1341 2041 1426; baseline -0.001 -14"><span class='ocrx_word' id='word_1_120' title='bbox 475 1341 736 1412; x_wconf 55' lang='lat' dir='ltr'><strong>inanibus</strong></span> <span class='ocrx_word' id='word_1_121' title='bbox 769 1366 822 1412; x_wconf 92' lang='lat' dir='ltr'><strong>et</strong></span> <span class='ocrx_word' id='word_1_122' title='bbox 853 1357 1081 1426; x_wconf 87' lang='lat' dir='ltr'><strong>pedibus</strong></span> <span class='ocrx_word' id='word_1_123' title='bbox 1109 1357 1158 1409; x_wconf 90' lang='lat' dir='ltr'><strong>ei</strong></span> <span class='ocrx_word' id='word_1_124' title='bbox 1199 1355 1567 1410; x_wconf 83' lang='lat' dir='ltr'><strong>solvebantur.</strong></span> <span class='ocrx_word' id='word_1_125' title='bbox 1600 1353 1753 1409; x_wconf 91' lang='lat' dir='ltr'><strong>Tune</strong></span> <span class='ocrx_word' id='word_1_126' title='bbox 1791 1354 2041 1424; x_wconf 84' lang='lat' dir='ltr'><strong>aperiens</strong></span> 
     </span>
    </p>
   </div>
   <div class='ocr_carea' id='block_1_20' title="bbox 482 1445 2037 1516">
    <p class='ocr_par' dir='ltr' id='par_1_20' title="bbox 482 1445 2037 1516">
     <span class='ocr_line' id='line_1_20' title="bbox 482 1445 2037 1516; baseline -0.005 -10"><span class='ocrx_word' id='word_1_127' title='bbox 482 1467 545 1506; x_wconf 91' lang='lat' dir='ltr'><strong>os</strong></span> <span class='ocrx_word' id='word_1_128' title='bbox 573 1465 749 1516; x_wconf 80' lang='lat' dir='ltr'><strong>suum</strong></span> <span class='ocrx_word' id='word_1_129' title='bbox 798 1451 992 1504; x_wconf 89' lang='lat' dir='ltr'><strong>beatus</strong></span> <span class='ocrx_word' id='word_1_130' title='bbox 1024 1447 1292 1502; x_wconf 89' lang='lat' dir='ltr'><strong>Maximus</strong></span> <span class='ocrx_word' id='word_1_131' title='bbox 1337 1447 1502 1516; x_wconf 72' lang='lat' dir='ltr'><strong>cmpit</strong></span> <span class='ocrx_word' id='word_1_132' title='bbox 1533 1446 1711 1501; x_wconf 88' lang='lat' dir='ltr'><strong>dicere</strong></span> <span class='ocrx_word' id='word_1_133' title='bbox 1751 1445 1818 1500; x_wconf 86' lang='lat' dir='ltr'><strong>ad</strong></span> <span class='ocrx_word' id='word_1_134' title='bbox 1852 1454 2037 1500; x_wconf 82' lang='lat' dir='ltr'><strong>custo-</strong></span> 
     </span>
    </p>
   </div>
   <div class='ocr_carea' id='block_1_21' title="bbox 2145 898 3713 976">
    <p class='ocr_par' dir='ltr' id='par_1_21' title="bbox 2145 898 3713 976">
     <span class='ocr_line' id='line_1_21' title="bbox 2145 898 3713 976; baseline 0.003 -24"><span class='ocrx_word' id='word_1_135' title='bbox 2145 898 2328 964; x_wconf 85' lang='grc' dir='ltr'><strong>νοῦσα,</strong></span> <span class='ocrx_word' id='word_1_136' title='bbox 2390 901 2514 964; x_wconf 81' lang='grc' dir='ltr'><strong>τοὺς</strong></span> <span class='ocrx_word' id='word_1_137' title='bbox 2557 901 2865 973; x_wconf 78' lang='grc' dir='ltr'><strong>ὀφθαλμοὺς</strong></span> <span class='ocrx_word' id='word_1_138' title='bbox 2927 904 3020 957; x_wconf 83' lang='grc' dir='ltr'><strong>καὶ</strong></span> <span class='ocrx_word' id='word_1_139' title='bbox 3061 905 3122 956; x_wconf 85' lang='grc' dir='ltr'><strong>τὸ</strong></span> <span class='ocrx_word' id='word_1_140' title='bbox 3169 904 3455 974; x_wconf 87' lang='grc' dir='ltr'><strong>πρόσωπον</strong></span> <span class='ocrx_word' id='word_1_141' title='bbox 3485 904 3713 976; x_wconf 82' lang='grc' dir='ltr'><strong>ἀπείλη-</strong></span> 
     </span>
    </p>
   </div>
   <div class='ocr_carea' id='block_1_22' title="bbox 2143 992 3716 1066">
    <p class='ocr_par' dir='ltr' id='par_1_22' title="bbox 2143 992 3716 1066">
     <span class='ocr_line' id='line_1_22' title="bbox 2143 992 3716 1066; baseline 0.004 -22"><span class='ocrx_word' id='word_1_142' title='bbox 2143 1009 2242 1061; x_wconf 79' lang='grc' dir='ltr'><strong>φεν</strong></span> <span class='ocrx_word' id='word_1_143' title='bbox 2267 992 2397 1062; x_wconf 71' lang='grc'><strong>(14).</strong></span> <span class='ocrx_word' id='word_1_144' title='bbox 2437 994 2522 1047; x_wconf 88' lang='grc' dir='ltr'><strong>Ἐν</strong></span> <span class='ocrx_word' id='word_1_145' title='bbox 2547 994 2694 1065; x_wconf 84' lang='grc' dir='ltr'><strong>αύτῷ</strong></span> <span class='ocrx_word' id='word_1_146' title='bbox 2724 994 2802 1066; x_wconf 81' lang='grc' dir='ltr'><strong>τῷ</strong></span> <span class='ocrx_word' id='word_1_147' title='bbox 2827 996 2974 1064; x_wconf 84' lang='grc' dir='ltr'><strong>τόπῳ</strong></span> <span class='ocrx_word' id='word_1_148' title='bbox 3001 995 3240 1066; x_wconf 82' lang='grc' dir='ltr'><strong>ὑπῆρχον</strong></span> <span class='ocrx_word' id='word_1_149' title='bbox 3269 998 3297 1050; x_wconf 83' lang='grc' dir='ltr'><strong>ὅ</strong></span> <span class='ocrx_word' id='word_1_150' title='bbox 3328 1014 3386 1050; x_wconf 88' lang='grc' dir='ltr'><strong>τε</strong></span> <span class='ocrx_word' id='word_1_151' title='bbox 3413 996 3716 1066; x_wconf 81' lang='grc' dir='ltr'><strong>ἁγιώτατος</strong></span> 
     </span>
    </p>
   </div>
   <div class='ocr_carea' id='block_1_23' title="bbox 2141 1083 3709 1159">
    <p class='ocr_par' dir='ltr' id='par_1_23' title="bbox 2141 1083 3709 1159">
     <span class='ocr_line' id='line_1_23' title="bbox 2141 1083 3709 1159; baseline 0.003 -23"><span class='ocrx_word' id='word_1_152' title='bbox 2141 1083 2389 1155; x_wconf 80' lang='grc' dir='ltr'><strong>Μάξιμος</strong></span> <span class='ocrx_word' id='word_1_153' title='bbox 2417 1087 2445 1137; x_wconf 97' lang='lat'><strong>6</strong></span> <span class='ocrx_word' id='word_1_154' title='bbox 2475 1086 2860 1158; x_wconf 84' lang='grc' dir='ltr'><strong>πρεσϐύτερος,</strong></span> <span class='ocrx_word' id='word_1_155' title='bbox 2889 1089 2985 1142; x_wconf 68' lang='grc' dir='ltr'><strong>καὶ</strong></span> <span class='ocrx_word' id='word_1_156' title='bbox 3033 1088 3319 1159; x_wconf 83' lang='grc' dir='ltr'><strong>Ἀρχέλαος</strong></span> <span class='ocrx_word' id='word_1_157' title='bbox 3343 1089 3609 1153; x_wconf 82' lang='grc' dir='ltr'><strong>διάκονος,</strong></span> <span class='ocrx_word' id='word_1_158' title='bbox 3634 1089 3709 1142; x_wconf 66' lang='grc' dir='ltr'><strong>οἴη</strong></span> 
     </span>
    </p>
   </div>
   <div class='ocr_carea' id='block_1_24' title="bbox 2140 1178 3712 1252">
    <p class='ocr_par' dir='ltr' id='par_1_24' title="bbox 2140 1178 3712 1252">
     <span class='ocr_line' id='line_1_24' title="bbox 2140 1178 3712 1252; baseline 0.004 -24"><span class='ocrx_word' id='word_1_159' title='bbox 2140 1193 2284 1240; x_wconf 86' lang='grc' dir='ltr'><strong>τινες</strong></span> <span class='ocrx_word' id='word_1_160' title='bbox 2312 1178 2395 1245; x_wconf 85' lang='grc' dir='ltr'><strong>ἐφ’</strong></span> <span class='ocrx_word' id='word_1_161' title='bbox 2432 1178 2666 1249; x_wconf 79' lang='grc' dir='ltr'><strong>ἑκάστης</strong></span> <span class='ocrx_word' id='word_1_162' title='bbox 2703 1179 2916 1251; x_wconf 84' lang='grc' dir='ltr'><strong>ἡμέρας</strong></span> <span class='ocrx_word' id='word_1_163' title='bbox 2947 1182 3256 1252; x_wconf 74' lang='grc' dir='ltr'><strong>ἱερουργίας</strong></span> <span class='ocrx_word' id='word_1_164' title='bbox 3286 1181 3363 1252; x_wconf 83' lang='grc' dir='ltr'><strong>τῷ</strong></span> <span class='ocrx_word' id='word_1_165' title='bbox 3406 1181 3523 1252; x_wconf 80' lang='grc' dir='ltr'><strong>Θεῷ</strong></span> <span class='ocrx_word' id='word_1_166' title='bbox 3573 1182 3712 1252; x_wconf 77' lang='grc' dir='ltr'><strong>μετὰ</strong></span> 
     </span>
    </p>
   </div>
   <div class='ocr_carea' id='block_1_25' title="bbox 2143 1266 3714 1345">
    <p class='ocr_par' dir='ltr' id='par_1_25' title="bbox 2143 1266 3714 1345">
     <span class='ocr_line' id='line_1_25' title="bbox 2143 1266 3714 1345; baseline 0.004 -26"><span class='ocrx_word' id='word_1_167' title='bbox 2143 1266 2325 1337; x_wconf 79' lang='grc' dir='ltr'><strong>ὓμνων</strong></span> <span class='ocrx_word' id='word_1_168' title='bbox 2375 1270 2466 1322; x_wconf 76' lang='grc' dir='ltr'><strong>καὶ</strong></span> <span class='ocrx_word' id='word_1_169' title='bbox 2512 1269 2676 1323; x_wconf 80' lang='grc' dir='ltr'><strong>αίνων</strong></span> <span class='ocrx_word' id='word_1_170' title='bbox 2706 1271 3095 1344; x_wconf 80' lang='grc' dir='ltr'><strong>προσεκόμιζον</strong></span> <span class='ocrx_word' id='word_1_171' title='bbox 3135 1273 3251 1326; x_wconf 81' lang='grc' dir='ltr'><strong>ἐκεῖ</strong></span> <span class='ocrx_word' id='word_1_172' title='bbox 3284 1273 3415 1343; x_wconf 80' lang='grc'><strong>(15).</strong></span> <span class='ocrx_word' id='word_1_173' title='bbox 3452 1275 3616 1326; x_wconf 82' lang='grc' dir='ltr'><strong>Ὥστε</strong></span> <span class='ocrx_word' id='word_1_174' title='bbox 3645 1273 3714 1345; x_wconf 88' lang='lat'><strong>(6</strong></span> 
     </span>
    </p>
   </div>
   <div class='ocr_carea' id='block_1_26' title="bbox 2143 1359 3709 1436">
    <p class='ocr_par' dir='ltr' id='par_1_26' title="bbox 2143 1359 3709 1436">
     <span class='ocr_line' id='line_1_26' title="bbox 2143 1359 3709 1436; baseline 0.004 -24"><span class='ocrx_word' id='word_1_175' title='bbox 2143 1359 2581 1432; x_wconf 80' lang='grc' dir='ltr'><strong>μακαριώτατος)</strong></span> <span class='ocrx_word' id='word_1_176' title='bbox 2614 1361 2862 1432; x_wconf 75' lang='grc' dir='ltr'><strong>Μάξιμος</strong></span> <span class='ocrx_word' id='word_1_177' title='bbox 2907 1363 3273 1436; x_wconf 89' lang='grc' dir='ltr'><strong>πρεσϐύτερος</strong></span> <span class='ocrx_word' id='word_1_178' title='bbox 3310 1363 3547 1418; x_wconf 85' lang='grc' dir='ltr'><strong>τοσαῦτα</strong></span> <span class='ocrx_word' id='word_1_179' title='bbox 3581 1364 3709 1418; x_wconf 85' lang='grc' dir='ltr'><strong>θαυ-</strong></span> 
     </span>
    </p>
   </div>
   <div class='ocr_carea' id='block_1_27' title="bbox 2141 1450 3706 1528">
    <p class='ocr_par' dir='ltr' id='par_1_27' title="bbox 2141 1450 3706 1528">
     <span class='ocr_line' id='line_1_27' title="bbox 2141 1450 3706 1528; baseline 0.004 -26"><span class='ocrx_word' id='word_1_180' title='bbox 2141 1450 2309 1521; x_wconf 90' lang='grc' dir='ltr'><strong>μάσια</strong></span> <span class='ocrx_word' id='word_1_181' title='bbox 2334 1454 2391 1504; x_wconf 91' lang='grc' dir='ltr'><strong>ἐν</strong></span> <span class='ocrx_word' id='word_1_182' title='bbox 2414 1451 2491 1522; x_wconf 81' lang='grc' dir='ltr'><strong>τῷ</strong></span> <span class='ocrx_word' id='word_1_183' title='bbox 2516 1453 2737 1523; x_wconf 85' lang='grc' dir='ltr'><strong>ὀνόματι</strong></span> <span class='ocrx_word' id='word_1_184' title='bbox 2777 1453 2869 1507; x_wconf 90' lang='grc' dir='ltr'><strong>τοῦ</strong></span> <span class='ocrx_word' id='word_1_185' title='bbox 2898 1455 3108 1525; x_wconf 84' lang='grc' dir='ltr'><strong>Κυρίου</strong></span> <span class='ocrx_word' id='word_1_186' title='bbox 3143 1455 3297 1526; x_wconf 78' lang='grc' dir='ltr'><strong>ἡμῶν</strong></span> <span class='ocrx_word' id='word_1_187' title='bbox 3355 1455 3528 1526; x_wconf 88' lang='grc' dir='ltr'><strong>Ἰησοῦ</strong></span> <span class='ocrx_word' id='word_1_188' title='bbox 3573 1454 3706 1528; x_wconf 83' lang='grc' dir='ltr'><strong>Χρι-</strong></span> 
     </span>
    </p>
   </div>
   <div class='ocr_carea' id='block_1_28' title="bbox 480 1535 2039 1618">
    <p class='ocr_par' dir='ltr' id='par_1_28' title="bbox 480 1535 2036 1606">
     <span class='ocr_line' id='line_1_28' title="bbox 480 1535 2036 1606; baseline -0.003 -11"><span class='ocrx_word' id='word_1_189' title='bbox 480 1543 576 1595; x_wconf 91' lang='lat' dir='ltr'><strong>des</strong></span> <span class='ocrx_word' id='word_1_190' title='bbox 602 1560 615 1594; x_wconf 92' lang='lat'><strong>:</strong></span> <span class='ocrx_word' id='word_1_191' title='bbox 645 1538 884 1603; x_wconf 85' lang='lat' dir='ltr'><strong>Fratres,</strong></span> <span class='ocrx_word' id='word_1_192' title='bbox 921 1537 1280 1606; x_wconf 91' lang='lat' dir='ltr'><strong>derelinquite</strong></span> <span class='ocrx_word' id='word_1_193' title='bbox 1309 1537 1582 1590; x_wconf 68' lang='lat' dir='ltr'><strong>daemones</strong></span> <span class='ocrx_word' id='word_1_194' title='bbox 1613 1543 1667 1590; x_wconf 90' lang='lat' dir='ltr'><strong>et</strong></span> <span class='ocrx_word' id='word_1_195' title='bbox 1689 1535 1829 1590; x_wconf 90' lang='lat' dir='ltr'><strong>idola</strong></span> <span class='ocrx_word' id='word_1_196' title='bbox 1855 1536 2036 1602; x_wconf 90' lang='lat' dir='ltr'><strong>varia;</strong></span> 
     </span>
    </p>
   </div>
   <div class='ocr_carea' id='block_1_29' title="bbox 2143 1535 3709 1618">
    <p class='ocr_par' dir='ltr' id='par_1_29' title="bbox 2143 1542 3709 1618">
     <span class='ocr_line' id='line_1_29' title="bbox 2143 1542 3709 1618; baseline 0.003 -23"><span class='ocrx_word' id='word_1_197' title='bbox 2143 1542 2264 1596; x_wconf 89' lang='grc' dir='ltr'><strong>στοῦ</strong></span> <span class='ocrx_word' id='word_1_198' title='bbox 2299 1543 2547 1609; x_wconf 81' lang='grc' dir='ltr'><strong>ἐξετέλει,</strong></span> <span class='ocrx_word' id='word_1_199' title='bbox 2604 1543 2743 1596; x_wconf 83' lang='grc' dir='ltr'><strong>ὥστε</strong></span> <span class='ocrx_word' id='word_1_200' title='bbox 2790 1545 3012 1598; x_wconf 79' lang='grc' dir='ltr'><strong>εἰσιέναι</strong></span> <span class='ocrx_word' id='word_1_201' title='bbox 3042 1546 3204 1600; x_wconf 81' lang='grc' dir='ltr'><strong>αὐτὸν</strong></span> <span class='ocrx_word' id='word_1_202' title='bbox 3235 1547 3372 1618; x_wconf 79' lang='grc' dir='ltr'><strong>πρὸς</strong></span> <span class='ocrx_word' id='word_1_203' title='bbox 3417 1547 3509 1600; x_wconf 83' lang='grc' dir='ltr'><strong>τὸν</strong></span> <span class='ocrx_word' id='word_1_204' title='bbox 3556 1548 3709 1615; x_wconf 76' lang='grc' dir='ltr'><strong>ἅγιον</strong></span> 
     </span>
    </p>
   </div>
   <div class='ocr_carea' id='block_1_30' title="bbox 474 1625 2039 1714">
    <p class='ocr_par' dir='ltr' id='par_1_30' title="bbox 474 1625 2036 1714">
     <span class='ocr_line' id='line_1_30' title="bbox 474 1625 2036 1714; baseline -0.004 -28"><span class='ocrx_word' id='word_1_205' title='bbox 474 1627 534 1714; x_wconf 42' lang='lat' dir='ltr'><strong>:et</strong></span> <span class='ocrx_word' id='word_1_206' title='bbox 565 1630 875 1700; x_wconf 82' lang='lat' dir='ltr'><strong>cognoscite</strong></span> <span class='ocrx_word' id='word_1_207' title='bbox 906 1628 1207 1682; x_wconf 90' lang='lat' dir='ltr'><strong>Dominum-</strong></span> <span class='ocrx_word' id='word_1_208' title='bbox 1223 1625 1406 1681; x_wconf 84' lang='lat' dir='ltr'><strong>Jesum</strong></span> <span class='ocrx_word' id='word_1_209' title='bbox 1425 1626 1699 1682; x_wconf 85' lang='lat' dir='ltr'><strong>Christum</strong></span> <span class='ocrx_word' id='word_1_210' title='bbox 1718 1635 2036 1696; x_wconf 86' lang='lat' dir='ltr'><strong>perpetuum</strong></span> 
     </span>
    </p>
   </div>
   <div class='ocr_carea' id='block_1_31' title="bbox 2143 1625 3706 1714">
    <p class='ocr_par' dir='ltr' id='par_1_31' title="bbox 2143 1638 3706 1710">
     <span class='ocr_line' id='line_1_31' title="bbox 2143 1638 3706 1710; baseline 0.001 -20"><span class='ocrx_word' id='word_1_211' title='bbox 2143 1638 2506 1709; x_wconf 85' lang='grc' dir='ltr'><strong>Κενσουρῖνον,</strong></span> <span class='ocrx_word' id='word_1_212' title='bbox 2549 1638 2643 1692; x_wconf 81' lang='grc' dir='ltr'><strong>καί</strong></span> <span class='ocrx_word' id='word_1_213' title='bbox 2666 1639 3004 1710; x_wconf 80' lang='grc' dir='ltr'><strong>παραχρῆμα</strong></span> <span class='ocrx_word' id='word_1_214' title='bbox 3049 1638 3119 1692; x_wconf 86' lang='grc' dir='ltr'><strong>τὰ</strong></span> <span class='ocrx_word' id='word_1_215' title='bbox 3161 1639 3336 1709; x_wconf 85' lang='grc' dir='ltr'><strong>δεσμὰ</strong></span> <span class='ocrx_word' id='word_1_216' title='bbox 3361 1639 3471 1692; x_wconf 86' lang='grc' dir='ltr'><strong>τῶν</strong></span> <span class='ocrx_word' id='word_1_217' title='bbox 3508 1639 3706 1710; x_wconf 86' lang='grc' dir='ltr'><strong>χειρῶν</strong></span> 
     </span>
    </p>
   </div>
   <div class='ocr_carea' id='block_1_32' title="bbox 474 1719 2039 1800">
    <p class='ocr_par' dir='ltr' id='par_1_32' title="bbox 474 1719 2038 1795">
     <span class='ocr_line' id='line_1_32' title="bbox 474 1719 2038 1795; baseline -0.003 -17"><span class='ocrx_word' id='word_1_218' title='bbox 474 1723 684 1795; x_wconf 82' lang='lat' dir='ltr'><strong>regem,</strong></span> <span class='ocrx_word' id='word_1_219' title='bbox 721 1723 812 1794; x_wconf 91' lang='lat' dir='ltr'><strong>qui</strong></span> <span class='ocrx_word' id='word_1_220' title='bbox 847 1721 951 1776; x_wconf 90' lang='lat' dir='ltr'><strong>fuit</strong></span> <span class='ocrx_word' id='word_1_221' title='bbox 981 1727 1111 1776; x_wconf 88' lang='lat' dir='ltr'><strong>ante</strong></span> <span class='ocrx_word' id='word_1_222' title='bbox 1141 1719 1334 1774; x_wconf 69' lang='lat' dir='ltr'><strong>saecula</strong></span> <span class='ocrx_word' id='word_1_223' title='bbox 1365 1729 1420 1775; x_wconf 91' lang='lat' dir='ltr'><strong>et</strong></span> <span class='ocrx_word' id='word_1_224' title='bbox 1445 1727 1547 1783; x_wconf 87' lang='lat' dir='ltr'><strong>est,</strong></span> <span class='ocrx_word' id='word_1_225' title='bbox 1587 1729 1641 1774; x_wconf 89' lang='lat' dir='ltr'><strong>et</strong></span> <span class='ocrx_word' id='word_1_226' title='bbox 1670 1731 1929 1774; x_wconf 86' lang='lat' dir='ltr'><strong>venturus</strong></span> <span class='ocrx_word' id='word_1_227' title='bbox 1955 1729 2038 1774; x_wconf 87' lang='lat' dir='ltr'><strong>est</strong></span> 
     </span>
    </p>
   </div>
   <div class='ocr_carea' id='block_1_33' title="bbox 2143 1719 3707 1800">
    <p class='ocr_par' dir='ltr' id='par_1_33' title="bbox 2143 1728 3707 1800">
     <span class='ocr_line' id='line_1_33' title="bbox 2143 1728 3707 1800; baseline 0.003 -20"><span class='ocrx_word' id='word_1_228' title='bbox 2143 1729 2230 1781; x_wconf 70' lang='grc' dir='ltr'><strong>καὶ</strong></span> <span class='ocrx_word' id='word_1_229' title='bbox 2259 1728 2369 1782; x_wconf 85' lang='grc' dir='ltr'><strong>τῶν</strong></span> <span class='ocrx_word' id='word_1_230' title='bbox 2407 1728 2582 1782; x_wconf 81' lang='grc' dir='ltr'><strong>ποδῶν</strong></span> <span class='ocrx_word' id='word_1_231' title='bbox 2623 1729 2788 1783; x_wconf 84' lang='grc' dir='ltr'><strong>αὑτοῦ</strong></span> <span class='ocrx_word' id='word_1_232' title='bbox 2821 1729 3152 1800; x_wconf 82' lang='grc' dir='ltr'><strong>διαλυθῆναι.</strong></span> <span class='ocrx_word' id='word_1_233' title='bbox 3199 1731 3332 1784; x_wconf 84' lang='grc' dir='ltr'><strong>Τότε</strong></span> <span class='ocrx_word' id='word_1_234' title='bbox 3380 1731 3599 1795; x_wconf 77' lang='grc' dir='ltr'><strong>ἀνοίξας</strong></span> <span class='ocrx_word' id='word_1_235' title='bbox 3645 1731 3707 1784; x_wconf 80' lang='grc' dir='ltr'><strong>τὸ</strong></span> 
     </span>
    </p>
   </div>
   <div class='ocr_carea' id='block_1_34' title="bbox 475 1804 2039 1891">
    <p class='ocr_par' dir='ltr' id='par_1_34' title="bbox 475 1811 2029 1884">
     <span class='ocr_line' id='line_1_34' title="bbox 475 1811 2029 1884; baseline -0.003 -15"><span class='ocrx_word' id='word_1_236' title='bbox 475 1817 722 1884; x_wconf 87' lang='lat' dir='ltr'><strong>judicare</strong></span> <span class='ocrx_word' id='word_1_237' title='bbox 767 1815 920 1868; x_wconf 90' lang='lat' dir='ltr'><strong>vivos</strong></span> <span class='ocrx_word' id='word_1_238' title='bbox 960 1822 1014 1867; x_wconf 93' lang='lat' dir='ltr'><strong>et</strong></span> <span class='ocrx_word' id='word_1_239' title='bbox 1044 1819 1288 1866; x_wconf 84' lang='lat' dir='ltr'><strong>mortuos</strong></span> <span class='ocrx_word' id='word_1_240' title='bbox 1324 1821 1376 1866; x_wconf 88' lang='lat' dir='ltr'><strong>et</strong></span> <span class='ocrx_word' id='word_1_241' title='bbox 1408 1811 1666 1866; x_wconf 82' lang='lat' dir='ltr'><strong>saeculum</strong></span> <span class='ocrx_word' id='word_1_242' title='bbox 1704 1826 1802 1884; x_wconf 89' lang='lat' dir='ltr'><strong>per</strong></span> <span class='ocrx_word' id='word_1_243' title='bbox 1831 1811 2029 1880; x_wconf 81' lang='lat' dir='ltr'><strong>ignem.</strong></span> 
     </span>
    </p>
   </div>
   <div class='ocr_carea' id='block_1_35' title="bbox 2143 1804 3703 1891">
    <p class='ocr_par' dir='ltr' id='par_1_35' title="bbox 2143 1817 3703 1891">
     <span class='ocr_line' id='line_1_35' title="bbox 2143 1817 3703 1891; baseline 0.003 -23"><span class='ocrx_word' id='word_1_244' title='bbox 2143 1817 2308 1888; x_wconf 85' lang='grc' dir='ltr'><strong>στόμα</strong></span> <span class='ocrx_word' id='word_1_245' title='bbox 2337 1818 2500 1872; x_wconf 84' lang='grc' dir='ltr'><strong>αὑτοῦ</strong></span> <span class='ocrx_word' id='word_1_246' title='bbox 2544 1819 2602 1889; x_wconf 90' lang='lat'><strong>(6</strong></span> <span class='ocrx_word' id='word_1_247' title='bbox 2639 1818 3080 1891; x_wconf 82' lang='grc' dir='ltr'><strong>μακαριώτατος)</strong></span> <span class='ocrx_word' id='word_1_248' title='bbox 3115 1819 3365 1890; x_wconf 78' lang='grc' dir='ltr'><strong>Μάξιμος</strong></span> <span class='ocrx_word' id='word_1_249' title='bbox 3397 1822 3426 1874; x_wconf 92' lang='lat'><strong>6</strong></span> <span class='ocrx_word' id='word_1_250' title='bbox 3456 1819 3703 1891; x_wconf 87' lang='grc' dir='ltr'><strong>πρεσϐύ-</strong></span> 
     </span>
    </p>
   </div>
   <div class='ocr_carea' id='block_1_36' title="bbox 479 1899 2039 1980">
    <p class='ocr_par' dir='ltr' id='par_1_36' title="bbox 479 1899 2036 1968">
     <span class='ocr_line' id='line_1_36' title="bbox 479 1899 2036 1968; baseline -0.003 -8"><span class='ocrx_word' id='word_1_251' title='bbox 479 1905 613 1960; x_wconf 82' lang='lat' dir='ltr'><strong>Nam</strong></span> <span class='ocrx_word' id='word_1_252' title='bbox 642 1905 839 1960; x_wconf 63' lang='lat' dir='ltr'><strong>coelum</strong></span> <span class='ocrx_word' id='word_1_253' title='bbox 875 1912 927 1959; x_wconf 91' lang='lat' dir='ltr'><strong>et</strong></span> <span class='ocrx_word' id='word_1_254' title='bbox 962 1914 1105 1958; x_wconf 89' lang='lat' dir='ltr'><strong>terra</strong></span> <span class='ocrx_word' id='word_1_255' title='bbox 1142 1909 1452 1968; x_wconf 89' lang='lat' dir='ltr'><strong>transeunt;</strong></span> <span class='ocrx_word' id='word_1_256' title='bbox 1494 1901 1754 1957; x_wconf 90' lang='lat' dir='ltr'><strong>Dominus</strong></span> <span class='ocrx_word' id='word_1_257' title='bbox 1783 1915 1911 1956; x_wconf 90' lang='lat' dir='ltr'><strong>vero</strong></span> <span class='ocrx_word' id='word_1_258' title='bbox 1944 1899 2036 1955; x_wconf 80' lang='lat' dir='ltr'><strong>Je-</strong></span> 
     </span>
    </p>
   </div>
   <div class='ocr_carea' id='block_1_37' title="bbox 2143 1899 3706 1980">
    <p class='ocr_par' dir='ltr' id='par_1_37' title="bbox 2143 1903 3706 1980">
     <span class='ocr_line' id='line_1_37' title="bbox 2143 1903 3706 1980; baseline 0.004 -22"><span class='ocrx_word' id='word_1_259' title='bbox 2143 1923 2287 1978; x_wconf 77' lang='grc' dir='ltr'><strong>τερος</strong></span> <span class='ocrx_word' id='word_1_260' title='bbox 2316 1903 2466 1962; x_wconf 72' lang='grc' dir='ltr'><strong>εἶπεν</strong></span> <span class='ocrx_word' id='word_1_261' title='bbox 2499 1908 2634 1980; x_wconf 82' lang='grc' dir='ltr'><strong>πρὸς</strong></span> <span class='ocrx_word' id='word_1_262' title='bbox 2665 1910 2826 1963; x_wconf 78' lang='grc' dir='ltr'><strong>αὑτὸν</strong></span> <span class='ocrx_word' id='word_1_263' title='bbox 2857 1911 2950 1963; x_wconf 72' lang='grc' dir='ltr'><strong>καὶ</strong></span> <span class='ocrx_word' id='word_1_264' title='bbox 2985 1912 3113 1975; x_wconf 82' lang='grc' dir='ltr'><strong>τοὺς</strong></span> <span class='ocrx_word' id='word_1_265' title='bbox 3140 1910 3417 1980; x_wconf 82' lang='grc' dir='ltr'><strong>φύλακας·</strong></span> <span class='ocrx_word' id='word_1_266' title='bbox 3463 1912 3706 1980; x_wconf 72' lang='grc' dir='ltr'><strong>Ἀδελφοὶ</strong></span> 
     </span>
    </p>
   </div>
   <div class='ocr_carea' id='block_1_38' title="bbox 477 1993 2032 2063">
    <p class='ocr_par' dir='ltr' id='par_1_38' title="bbox 477 1993 2032 2063">
     <span class='ocr_line' id='line_1_38' title="bbox 477 1993 2032 2063; baseline -0.005 -10"><span class='ocrx_word' id='word_1_267' title='bbox 477 2014 574 2054; x_wconf 76' lang='grc' dir='ltr'><strong>ωε</strong></span> <span class='ocrx_word' id='word_1_268' title='bbox 604 2013 757 2052; x_wconf 91' lang='lat' dir='ltr'><strong>meus</strong></span> <span class='ocrx_word' id='word_1_269' title='bbox 803 1996 1051 2050; x_wconf 87' lang='lat' dir='ltr'><strong>Christus</strong></span> <span class='ocrx_word' id='word_1_270' title='bbox 1086 2008 1230 2047; x_wconf 89' lang='lat' dir='ltr'><strong>nunc</strong></span> <span class='ocrx_word' id='word_1_271' title='bbox 1259 2003 1313 2046; x_wconf 93' lang='lat' dir='ltr'><strong>et</strong></span> <span class='ocrx_word' id='word_1_272' title='bbox 1345 2008 1557 2063; x_wconf 89' lang='lat' dir='ltr'><strong>semper</strong></span> <span class='ocrx_word' id='word_1_273' title='bbox 1593 2002 1646 2046; x_wconf 91' lang='lat' dir='ltr'><strong>et</strong></span> <span class='ocrx_word' id='word_1_274' title='bbox 1686 1993 1740 2046; x_wconf 92' lang='lat' dir='ltr'><strong>in</strong></span> <span class='ocrx_word' id='word_1_275' title='bbox 1773 2000 2032 2046; x_wconf 65' lang='lat' dir='ltr'><strong>aeternum</strong></span> 
     </span>
    </p>
   </div>
   <div class='ocr_carea' id='block_1_39' title="bbox 475 2081 2029 2152">
    <p class='ocr_par' dir='ltr' id='par_1_39' title="bbox 475 2081 2029 2152">
     <span class='ocr_line' id='line_1_39' title="bbox 475 2081 2029 2152; baseline -0.005 -9"><span class='ocrx_word' id='word_1_276' title='bbox 475 2087 602 2144; x_wconf 66' lang='lat' dir='ltr'><strong>brit.</strong></span> <span class='ocrx_word' id='word_1_277' title='bbox 626 2087 893 2143; x_wconf 86' lang='lat' dir='ltr'><strong>Custodes</strong></span> <span class='ocrx_word' id='word_1_278' title='bbox 923 2085 1178 2140; x_wconf 89' lang='lat' dir='ltr'><strong>dixerunt</strong></span> <span class='ocrx_word' id='word_1_279' title='bbox 1199 2083 1264 2137; x_wconf 89' lang='lat' dir='ltr'><strong>ad</strong></span> <span class='ocrx_word' id='word_1_280' title='bbox 1293 2081 1585 2136; x_wconf 84' lang='lat' dir='ltr'><strong>Maximum</strong></span> <span class='ocrx_word' id='word_1_281' title='bbox 1615 2081 1988 2152; x_wconf 85' lang='lat' dir='ltr'><strong>presbyterum</strong></span> <span class='ocrx_word' id='word_1_282' title='bbox 2016 2099 2029 2135; x_wconf 93' lang='lat'><strong>:</strong></span> 
     </span>
    </p>
   </div>
   <div class='ocr_carea' id='block_1_40' title="bbox 476 2171 2033 2244">
    <p class='ocr_par' dir='ltr' id='par_1_40' title="bbox 476 2171 2033 2244">
     <span class='ocr_line' id='line_1_40' title="bbox 476 2171 2033 2244; baseline -0.003 -15"><span class='ocrx_word' id='word_1_283' title='bbox 476 2175 545 2229; x_wconf 91' lang='lat' dir='ltr'><strong>Et</strong></span> <span class='ocrx_word' id='word_1_284' title='bbox 571 2175 702 2244; x_wconf 88' lang='lat' dir='ltr'><strong>quid</strong></span> <span class='ocrx_word' id='word_1_285' title='bbox 741 2173 1028 2238; x_wconf 80' lang='lat' dir='ltr'><strong>faciemus,</strong></span> <span class='ocrx_word' id='word_1_286' title='bbox 1058 2180 1117 2224; x_wconf 94' lang='lat' dir='ltr'><strong>ut</strong></span> <span class='ocrx_word' id='word_1_287' title='bbox 1145 2185 1539 2240; x_wconf 83' lang='lat' dir='ltr'><strong>cognoscamus</strong></span> <span class='ocrx_word' id='word_1_288' title='bbox 1580 2171 1744 2236; x_wconf 87' lang='lat' dir='ltr'><strong>hunc,</strong></span> <span class='ocrx_word' id='word_1_289' title='bbox 1785 2186 1944 2239; x_wconf 91' lang='lat' dir='ltr'><strong>quem</strong></span> <span class='ocrx_word' id='word_1_290' title='bbox 1977 2182 2033 2224; x_wconf 88' lang='lat' dir='ltr'><strong>tu</strong></span> 
     </span>
    </p>
   </div>
   <div class='ocr_carea' id='block_1_41' title="bbox 479 2259 2034 2335">
    <p class='ocr_par' dir='ltr' id='par_1_41' title="bbox 479 2259 2034 2335">
     <span class='ocr_line' id='line_1_41' title="bbox 479 2259 2034 2335; baseline -0.003 -17"><span class='ocrx_word' id='word_1_291' title='bbox 479 2265 775 2335; x_wconf 82' lang='lat' dir='ltr'><strong>praedicas?</strong></span> <span class='ocrx_word' id='word_1_292' title='bbox 825 2262 1093 2317; x_wconf 89' lang='lat' dir='ltr'><strong>Maximus</strong></span> <span class='ocrx_word' id='word_1_293' title='bbox 1145 2262 1426 2332; x_wconf 81' lang='lat' dir='ltr'><strong>presbyter</strong></span> <span class='ocrx_word' id='word_1_294' title='bbox 1479 2259 1615 2316; x_wconf 84' lang='lat' dir='ltr'><strong>dixit</strong></span> <span class='ocrx_word' id='word_1_295' title='bbox 1661 2279 1675 2315; x_wconf 86' lang='lat'><strong>:</strong></span> <span class='ocrx_word' id='word_1_296' title='bbox 1728 2260 2034 2330; x_wconf 87' lang='lat' dir='ltr'><strong>Baptizetur</strong></span> 
     </span>
    </p>
   </div>
   <div class='ocr_carea' id='block_1_42' title="bbox 475 2351 2030 2425">
    <p class='ocr_par' dir='ltr' id='par_1_42' title="bbox 475 2351 2030 2425">
     <span class='ocr_line' id='line_1_42' title="bbox 475 2351 2030 2425; baseline -0.003 -15"><span class='ocrx_word' id='word_1_297' title='bbox 475 2351 857 2425; x_wconf 58' lang='lat' dir='ltr'><strong>unusquisque</strong></span> <span class='ocrx_word' id='word_1_298' title='bbox 880 2363 1154 2420; x_wconf 88' lang='lat' dir='ltr'><strong>vestrum;</strong></span> <span class='ocrx_word' id='word_1_299' title='bbox 1189 2362 1242 2408; x_wconf 92' lang='lat' dir='ltr'><strong>et</strong></span> <span class='ocrx_word' id='word_1_300' title='bbox 1279 2353 1480 2408; x_wconf 84' lang='lat' dir='ltr'><strong>credite</strong></span> <span class='ocrx_word' id='word_1_301' title='bbox 1510 2351 1784 2408; x_wconf 89' lang='lat' dir='ltr'><strong>Christum</strong></span> <span class='ocrx_word' id='word_1_302' title='bbox 1825 2351 2030 2418; x_wconf 89' lang='lat' dir='ltr'><strong>Deum;</strong></span> 
     </span>
    </p>
   </div>
   <div class='ocr_carea' id='block_1_43' title="bbox 476 2429 2031 2517">
    <p class='ocr_par' dir='ltr' id='par_1_43' title="bbox 476 2429 2031 2517">
     <span class='ocr_line' id='line_1_43' title="bbox 476 2429 2031 2517; baseline -0.003 -12"><span class='ocrx_word' id='word_1_303' title='bbox 476 2429 532 2505; x_wconf 63' lang='lat' dir='ltr'><strong>ct</strong></span> <span class='ocrx_word' id='word_1_304' title='bbox 567 2450 707 2504; x_wconf 91' lang='lat' dir='ltr'><strong>idola</strong></span> <span class='ocrx_word' id='word_1_305' title='bbox 757 2465 896 2502; x_wconf 91' lang='lat' dir='ltr'><strong>vana</strong></span> <span class='ocrx_word' id='word_1_306' title='bbox 928 2447 1307 2517; x_wconf 89' lang='lat' dir='ltr'><strong>derelinquite,</strong></span> <span class='ocrx_word' id='word_1_307' title='bbox 1354 2454 1406 2501; x_wconf 87' lang='lat' dir='ltr'><strong>et</strong></span> <span class='ocrx_word' id='word_1_308' title='bbox 1443 2445 1816 2515; x_wconf 64' lang='lat' dir='ltr'><strong>paenitentiam</strong></span> <span class='ocrx_word' id='word_1_309' title='bbox 1851 2445 2031 2514; x_wconf 85' lang='lat' dir='ltr'><strong>agite:</strong></span> 
     </span>
    </p>
   </div>
   <div class='ocr_carea' id='block_1_44' title="bbox 475 2529 2031 2612">
    <p class='ocr_par' dir='ltr' id='par_1_44' title="bbox 475 2529 2031 2612">
     <span class='ocr_line' id='line_1_44' title="bbox 475 2529 2031 2612; baseline -0.004 -18"><span class='ocrx_word' id='word_1_310' title='bbox 475 2529 606 2612; x_wconf 78' lang='lat' dir='ltr'><strong>&#39;quia</strong></span> <span class='ocrx_word' id='word_1_311' title='bbox 625 2541 930 2596; x_wconf 88' lang='lat' dir='ltr'><strong>nescientes</strong></span> <span class='ocrx_word' id='word_1_312' title='bbox 949 2537 1368 2608; x_wconf 87' lang='lat' dir='ltr'><strong>blasphemastis</strong></span> <span class='ocrx_word' id='word_1_313' title='bbox 1394 2551 1591 2590; x_wconf 89' lang='lat' dir='ltr'><strong>nomen</strong></span> <span class='ocrx_word' id='word_1_314' title='bbox 1608 2536 1726 2606; x_wconf 85' lang='lat' dir='ltr'><strong>ejus</strong></span> <span class='ocrx_word' id='word_1_315' title='bbox 1749 2545 2031 2603; x_wconf 89' lang='lat' dir='ltr'><strong>sanctum;</strong></span> 
     </span>
    </p>
   </div>
   <div class='ocr_carea' id='block_1_45' title="bbox 478 2623 2031 2696">
    <p class='ocr_par' dir='ltr' id='par_1_45' title="bbox 478 2623 2031 2696">
     <span class='ocr_line' id='line_1_45' title="bbox 478 2623 2031 2696; baseline -0.005 -11"><span class='ocrx_word' id='word_1_316' title='bbox 478 2641 533 2686; x_wconf 89' lang='lat' dir='ltr'><strong>et</strong></span> <span class='ocrx_word' id='word_1_317' title='bbox 575 2631 774 2684; x_wconf 90' lang='lat' dir='ltr'><strong>multos</strong></span> <span class='ocrx_word' id='word_1_318' title='bbox 812 2636 1032 2683; x_wconf 90' lang='lat' dir='ltr'><strong>sanctos</strong></span> <span class='ocrx_word' id='word_1_319' title='bbox 1063 2627 1238 2696; x_wconf 90' lang='lat' dir='ltr'><strong>ipsius</strong></span> <span class='ocrx_word' id='word_1_320' title='bbox 1268 2625 1637 2680; x_wconf 89' lang='lat' dir='ltr'><strong>interemistis.</strong></span> <span class='ocrx_word' id='word_1_321' title='bbox 1676 2623 1830 2679; x_wconf 90' lang='lat' dir='ltr'><strong>Tunc</strong></span> <span class='ocrx_word' id='word_1_322' title='bbox 1859 2623 2031 2690; x_wconf 85' lang='lat' dir='ltr'><strong>Felix,</strong></span> 
     </span>
    </p>
   </div>
   <div class='ocr_carea' id='block_1_46' title="bbox 477 2711 2038 2784">
    <p class='ocr_par' dir='ltr' id='par_1_46' title="bbox 477 2711 2038 2784">
     <span class='ocr_line' id='line_1_46' title="bbox 477 2711 2038 2784; baseline -0.003 -12"><span class='ocrx_word' id='word_1_323' title='bbox 477 2718 768 2784; x_wconf 80' lang='lat' dir='ltr'><strong>Maximus,</strong></span> <span class='ocrx_word' id='word_1_324' title='bbox 794 2716 1088 2778; x_wconf 88' lang='lat' dir='ltr'><strong>Taurinus,</strong></span> <span class='ocrx_word' id='word_1_325' title='bbox 1115 2714 1473 2778; x_wconf 84' lang='lat' dir='ltr'><strong>Herculanus,</strong></span> <span class='ocrx_word' id='word_1_326' title='bbox 1502 2711 1764 2777; x_wconf 88' lang='lat' dir='ltr'><strong>Novinus,</strong></span> <span class='ocrx_word' id='word_1_327' title='bbox 1799 2711 2038 2768; x_wconf 85' lang='lat' dir='ltr'><strong>Histora-</strong></span> 
     </span>
    </p>
   </div>
   <div class='ocr_carea' id='block_1_47' title="bbox 477 2805 2039 2878">
    <p class='ocr_par' dir='ltr' id='par_1_47' title="bbox 477 2805 2039 2878">
     <span class='ocr_line' id='line_1_47' title="bbox 477 2805 2039 2878; baseline -0.003 -12"><span class='ocrx_word' id='word_1_328' title='bbox 477 2815 657 2878; x_wconf 89' lang='lat' dir='ltr'><strong>cinus,</strong></span> <span class='ocrx_word' id='word_1_329' title='bbox 690 2810 905 2876; x_wconf 82' lang='lat' dir='ltr'><strong>Menna,</strong></span> <span class='ocrx_word' id='word_1_330' title='bbox 935 2808 1307 2872; x_wconf 89' lang='lat' dir='ltr'><strong>Commodius,</strong></span> <span class='ocrx_word' id='word_1_331' title='bbox 1339 2805 1572 2872; x_wconf 85' lang='lat' dir='ltr'><strong>Hcrmis,</strong></span> <span class='ocrx_word' id='word_1_332' title='bbox 1603 2805 1844 2871; x_wconf 88' lang='lat' dir='ltr'><strong>Maurus,</strong></span> <span class='ocrx_word' id='word_1_333' title='bbox 1871 2805 2039 2861; x_wconf 81' lang='lat' dir='ltr'><strong>Euse-</strong></span> 
     </span>
    </p>
   </div>
   <div class='ocr_carea' id='block_1_48' title="bbox 478 2893 2034 2968">
    <p class='ocr_par' dir='ltr' id='par_1_48' title="bbox 478 2893 2034 2968">
     <span class='ocr_line' id='line_1_48' title="bbox 478 2893 2034 2968; baseline -0.004 -11"><span class='ocrx_word' id='word_1_334' title='bbox 478 2905 622 2967; x_wconf 86' lang='lat' dir='ltr'><strong>bius,</strong></span> <span class='ocrx_word' id='word_1_335' title='bbox 665 2901 945 2960; x_wconf 81' lang='lat' dir='ltr'><strong>Rusticus,</strong></span> <span class='ocrx_word' id='word_1_336' title='bbox 978 2897 1280 2960; x_wconf 76' lang='lat' dir='ltr'><strong>Monaxius,</strong></span> <span class='ocrx_word' id='word_1_337' title='bbox 1329 2896 1682 2959; x_wconf 85' lang='lat' dir='ltr'><strong>Amandinus,</strong></span> <span class='ocrx_word' id='word_1_338' title='bbox 1724 2893 2034 2968; x_wconf 57' lang='lat' dir='ltr'><strong>Olympius),</strong></span> 
     </span>
    </p>
   </div>
   <div class='ocr_carea' id='block_1_49' title="bbox 481 2987 2035 3064">
    <p class='ocr_par' dir='ltr' id='par_1_49' title="bbox 481 2987 2035 3064">
     <span class='ocr_line' id='line_1_49' title="bbox 481 2987 2035 3064; baseline -0.004 -15"><span class='ocrx_word' id='word_1_339' title='bbox 481 2995 680 3064; x_wconf 88' lang='lat' dir='ltr'><strong>Eipros</strong></span> <span class='ocrx_word' id='word_1_340' title='bbox 699 2992 833 3064; x_wconf 85' lang='grc'><strong>(11),</strong></span> <span class='ocrx_word' id='word_1_341' title='bbox 851 3000 905 3045; x_wconf 91' lang='lat' dir='ltr'><strong>et</strong></span> <span class='ocrx_word' id='word_1_342' title='bbox 926 2990 1262 3053; x_wconf 86' lang='lat' dir='ltr'><strong>Theodorus,</strong></span> <span class='ocrx_word' id='word_1_343' title='bbox 1282 2987 1506 3051; x_wconf 89' lang='lat' dir='ltr'><strong>tribuni,</strong></span> <span class='ocrx_word' id='word_1_344' title='bbox 1533 2987 1592 3058; x_wconf 92' lang='grc' dir='ltr'><strong>(Ι.</strong></span> <span class='ocrx_word' id='word_1_345' title='bbox 1623 2988 1917 3058; x_wconf 87' lang='lat' dir='ltr'><strong>tribunus),</strong></span> <span class='ocrx_word' id='word_1_346' title='bbox 1938 2989 2035 3044; x_wconf 87' lang='lat' dir='ltr'><strong>de-</strong></span> 
     </span>
    </p>
   </div>
   <div class='ocr_carea' id='block_1_50' title="bbox 479 3078 2034 3154">
    <p class='ocr_par' dir='ltr' id='par_1_50' title="bbox 479 3078 2034 3154">
     <span class='ocr_line' id='line_1_50' title="bbox 479 3078 2034 3154; baseline -0.006 -10"><span class='ocrx_word' id='word_1_347' title='bbox 479 3103 594 3144; x_wconf 90' lang='lat' dir='ltr'><strong>cem</strong></span> <span class='ocrx_word' id='word_1_348' title='bbox 624 3096 678 3142; x_wconf 90' lang='lat' dir='ltr'><strong>et</strong></span> <span class='ocrx_word' id='word_1_349' title='bbox 705 3095 909 3154; x_wconf 89' lang='lat' dir='ltr'><strong>septem</strong></span> <span class='ocrx_word' id='word_1_350' title='bbox 949 3083 1213 3136; x_wconf 84' lang='lat' dir='ltr'><strong>miserunt</strong></span> <span class='ocrx_word' id='word_1_351' title='bbox 1245 3095 1303 3134; x_wconf 91' lang='lat' dir='ltr'><strong>se</strong></span> <span class='ocrx_word' id='word_1_352' title='bbox 1335 3078 1402 3134; x_wconf 89' lang='lat' dir='ltr'><strong>ad</strong></span> <span class='ocrx_word' id='word_1_353' title='bbox 1448 3079 1610 3148; x_wconf 88' lang='lat' dir='ltr'><strong>pedes</strong></span> <span class='ocrx_word' id='word_1_354' title='bbox 1636 3079 1774 3134; x_wconf 88' lang='lat' dir='ltr'><strong>beati</strong></span> <span class='ocrx_word' id='word_1_355' title='bbox 1815 3078 2034 3135; x_wconf 80' lang='lat' dir='ltr'><strong>Maximi</strong></span> 
     </span>
    </p>
   </div>
   <div class='ocr_carea' id='block_1_51' title="bbox 479 3171 2038 3249">
    <p class='ocr_par' dir='ltr' id='par_1_51' title="bbox 479 3171 2038 3249">
     <span class='ocr_line' id='line_1_51' title="bbox 479 3171 2038 3249; baseline -0.006 -13"><span class='ocrx_word' id='word_1_356' title='bbox 479 3191 538 3235; x_wconf 88' lang='lat' dir='ltr'><strong>ut</strong></span> <span class='ocrx_word' id='word_1_357' title='bbox 565 3180 1000 3249; x_wconf 84' lang='lat' dir='ltr'><strong>baptizarentur;</strong></span> <span class='ocrx_word' id='word_1_358' title='bbox 1049 3173 1142 3243; x_wconf 91' lang='lat' dir='ltr'><strong>qui</strong></span> <span class='ocrx_word' id='word_1_359' title='bbox 1186 3187 1313 3227; x_wconf 84' lang='lat' dir='ltr'><strong>mox</strong></span> <span class='ocrx_word' id='word_1_360' title='bbox 1349 3171 1648 3226; x_wconf 90' lang='lat' dir='ltr'><strong>secundum</strong></span> <span class='ocrx_word' id='word_1_361' title='bbox 1686 3174 2038 3227; x_wconf 89' lang='lat' dir='ltr'><strong>consuetudi-</strong></span> 
     </span>
    </p>
   </div>
   <div class='ocr_carea' id='block_1_52' title="bbox 479 3264 2036 3339">
    <p class='ocr_par' dir='ltr' id='par_1_52' title="bbox 479 3264 2036 3339">
     <span class='ocr_line' id='line_1_52' title="bbox 479 3264 2036 3339; baseline -0.005 -12"><span class='ocrx_word' id='word_1_362' title='bbox 479 3288 604 3327; x_wconf 86' lang='lat' dir='ltr'><strong>nem</strong></span> <span class='ocrx_word' id='word_1_363' title='bbox 633 3279 688 3327; x_wconf 92' lang='lat' dir='ltr'><strong>et</strong></span> <span class='ocrx_word' id='word_1_364' title='bbox 713 3267 967 3339; x_wconf 85' lang='lat' dir='ltr'><strong>baptizati</strong></span> <span class='ocrx_word' id='word_1_365' title='bbox 999 3273 1145 3330; x_wconf 90' lang='lat' dir='ltr'><strong>sunt,</strong></span> <span class='ocrx_word' id='word_1_366' title='bbox 1177 3272 1228 3318; x_wconf 92' lang='lat' dir='ltr'><strong>et</strong></span> <span class='ocrx_word' id='word_1_367' title='bbox 1257 3271 1583 3334; x_wconf 88' lang='lat' dir='ltr'><strong>acceperunt</strong></span> <span class='ocrx_word' id='word_1_368' title='bbox 1613 3264 1842 3335; x_wconf 78' lang='lat' dir='ltr'><strong>gratiam</strong></span> <span class='ocrx_word' id='word_1_369' title='bbox 1877 3264 2036 3320; x_wconf 90' lang='lat' dir='ltr'><strong>Chri-</strong></span> 
     </span>
    </p>
   </div>
   <div class='ocr_carea' id='block_1_53' title="bbox 480 3355 2037 3427">
    <p class='ocr_par' dir='ltr' id='par_1_53' title="bbox 480 3355 2037 3427">
     <span class='ocr_line' id='line_1_53' title="bbox 480 3355 2037 3427; baseline -0.007 -6"><span class='ocrx_word' id='word_1_370' title='bbox 480 3365 570 3421; x_wconf 88' lang='lat' dir='ltr'><strong>sti.</strong></span> <span class='ocrx_word' id='word_1_371' title='bbox 629 3363 784 3417; x_wconf 90' lang='lat' dir='ltr'><strong>Tunc</strong></span> <span class='ocrx_word' id='word_1_372' title='bbox 835 3367 1056 3416; x_wconf 88' lang='lat' dir='ltr'><strong>sanctus</strong></span> <span class='ocrx_word' id='word_1_373' title='bbox 1089 3357 1379 3424; x_wconf 82' lang='lat' dir='ltr'><strong>Quiriacus</strong></span> <span class='ocrx_word' id='word_1_374' title='bbox 1415 3355 1704 3426; x_wconf 87' lang='lat' dir='ltr'><strong>episcopus</strong></span> <span class='ocrx_word' id='word_1_375' title='bbox 1740 3355 1856 3427; x_wconf 69' lang='lat'><strong>(12)</strong></span> <span class='ocrx_word' id='word_1_376' title='bbox 1892 3356 2037 3412; x_wconf 90' lang='lat' dir='ltr'><strong>chri-</strong></span> 
     </span>
    </p>
   </div>
   <div class='ocr_carea' id='block_1_54' title="bbox 481 3445 2037 3520">
    <p class='ocr_par' dir='ltr' id='par_1_54' title="bbox 481 3445 2037 3520">
     <span class='ocr_line' id='line_1_54' title="bbox 481 3445 2037 3520; baseline -0.005 -6"><span class='ocrx_word' id='word_1_377' title='bbox 481 3465 654 3515; x_wconf 87' lang='lat' dir='ltr'><strong>smate</strong></span> <span class='ocrx_word' id='word_1_378' title='bbox 688 3453 890 3510; x_wconf 88' lang='lat' dir='ltr'><strong>Christi</strong></span> <span class='ocrx_word' id='word_1_379' title='bbox 924 3467 1018 3508; x_wconf 89' lang='lat' dir='ltr'><strong>eos</strong></span> <span class='ocrx_word' id='word_1_380' title='bbox 1048 3463 1393 3520; x_wconf 84' lang='lat' dir='ltr'><strong>perunguens</strong></span> <span class='ocrx_word' id='word_1_381' title='bbox 1436 3447 1668 3519; x_wconf 81' lang='lat' dir='ltr'><strong>signavit</strong></span> <span class='ocrx_word' id='word_1_382' title='bbox 1694 3445 1816 3504; x_wconf 92' lang='lat' dir='ltr'><strong>illos</strong></span> <span class='ocrx_word' id='word_1_383' title='bbox 1839 3447 2037 3516; x_wconf 59' lang='lat' dir='ltr'><strong>verbis</strong></span> 
     </span>
    </p>
   </div>
   <div class='ocr_carea' id='block_1_55' title="bbox 481 3549 626 3604">
    <p class='ocr_par' dir='ltr' id='par_1_55' title="bbox 481 3549 626 3604">
     <span class='ocr_line' id='line_1_55' title="bbox 481 3549 626 3604; baseline -0.007 0"><span class='ocrx_word' id='word_1_384' title='bbox 481 3549 626 3604; x_wconf 83' lang='lat' dir='ltr'><strong>fidei.</strong></span> 
     </span>
    </p>
   </div>
   <div class='ocr_carea' id='block_1_56' title="bbox 2133 1997 3700 2072">
    <p class='ocr_par' dir='ltr' id='par_1_56' title="bbox 2133 1997 3700 2072">
     <span class='ocr_line' id='line_1_56' title="bbox 2133 1997 3700 2072; baseline 0.003 -22"><span class='ocrx_word' id='word_1_385' title='bbox 2133 1997 2560 2069; x_wconf 76' lang='grc' dir='ltr'><strong>ἐγκαταλείψατε</strong></span> <span class='ocrx_word' id='word_1_386' title='bbox 2615 2001 2740 2063; x_wconf 84' lang='grc' dir='ltr'><strong>τοὺς</strong></span> <span class='ocrx_word' id='word_1_387' title='bbox 2792 1999 3049 2070; x_wconf 86' lang='grc' dir='ltr'><strong>δαίμονας</strong></span> <span class='ocrx_word' id='word_1_388' title='bbox 3110 2000 3206 2053; x_wconf 71' lang='grc' dir='ltr'><strong>καὶ</strong></span> <span class='ocrx_word' id='word_1_389' title='bbox 3270 2000 3368 2063; x_wconf 83' lang='grc' dir='ltr'><strong>τὰς</strong></span> <span class='ocrx_word' id='word_1_390' title='bbox 3437 2003 3700 2072; x_wconf 84' lang='grc' dir='ltr'><strong>προσκαί-</strong></span> 
     </span>
    </p>
   </div>
   <div class='ocr_carea' id='block_1_57' title="bbox 2136 2089 3705 2164">
    <p class='ocr_par' dir='ltr' id='par_1_57' title="bbox 2136 2089 3705 2164">
     <span class='ocr_line' id='line_1_57' title="bbox 2136 2089 3705 2164; baseline 0.003 -23"><span class='ocrx_word' id='word_1_391' title='bbox 2136 2107 2260 2162; x_wconf 85' lang='grc' dir='ltr'><strong>ρους</strong></span> <span class='ocrx_word' id='word_1_392' title='bbox 2306 2089 2664 2161; x_wconf 84' lang='grc' dir='ltr'><strong>ἡδυπαθείας,</strong></span> <span class='ocrx_word' id='word_1_393' title='bbox 2717 2091 2811 2144; x_wconf 71' lang='grc' dir='ltr'><strong>καὶ</strong></span> <span class='ocrx_word' id='word_1_394' title='bbox 2850 2091 3116 2160; x_wconf 86' lang='grc' dir='ltr'><strong>ἐπίγνωτε</strong></span> <span class='ocrx_word' id='word_1_395' title='bbox 3167 2090 3258 2144; x_wconf 76' lang='grc' dir='ltr'><strong>τὸν</strong></span> <span class='ocrx_word' id='word_1_396' title='bbox 3311 2091 3513 2164; x_wconf 84' lang='grc' dir='ltr'><strong>Κύριον</strong></span> <span class='ocrx_word' id='word_1_397' title='bbox 3551 2094 3705 2164; x_wconf 80' lang='grc' dir='ltr'><strong>ἡμῶν</strong></span> 
     </span>
    </p>
   </div>
   <div class='ocr_carea' id='block_1_58' title="bbox 2146 2177 3706 2254">
    <p class='ocr_par' dir='ltr' id='par_1_58' title="bbox 2146 2177 3706 2254">
     <span class='ocr_line' id='line_1_58' title="bbox 2146 2177 3706 2254; baseline 0.004 -25"><span class='ocrx_word' id='word_1_398' title='bbox 2146 2177 2350 2249; x_wconf 77' lang='grc' dir='ltr'><strong>Ἰησοῦν</strong></span> <span class='ocrx_word' id='word_1_399' title='bbox 2399 2179 2653 2251; x_wconf 83' lang='grc' dir='ltr'><strong>Χριστὸν,</strong></span> <span class='ocrx_word' id='word_1_400' title='bbox 2696 2179 2785 2232; x_wconf 75' lang='grc' dir='ltr'><strong>τὸν</strong></span> <span class='ocrx_word' id='word_1_401' title='bbox 2819 2180 3042 2251; x_wconf 86' lang='grc' dir='ltr'><strong>διηνεκῆ</strong></span> <span class='ocrx_word' id='word_1_402' title='bbox 3097 2180 3340 2251; x_wconf 80' lang='grc' dir='ltr'><strong>βασιλέα,</strong></span> <span class='ocrx_word' id='word_1_403' title='bbox 3379 2182 3438 2245; x_wconf 85' lang='grc' dir='ltr'><strong>ὃς</strong></span> <span class='ocrx_word' id='word_1_404' title='bbox 3483 2177 3553 2253; x_wconf 77' lang='grc' dir='ltr'><strong>ἦν</strong></span> <span class='ocrx_word' id='word_1_405' title='bbox 3601 2183 3706 2254; x_wconf 85' lang='grc' dir='ltr'><strong>πρὸ</strong></span> 
     </span>
    </p>
   </div>
   <div class='ocr_carea' id='block_1_59' title="bbox 2134 2268 3706 2342">
    <p class='ocr_par' dir='ltr' id='par_1_59' title="bbox 2134 2268 3706 2342">
     <span class='ocr_line' id='line_1_59' title="bbox 2134 2268 3706 2342; baseline 0.003 -20"><span class='ocrx_word' id='word_1_406' title='bbox 2134 2269 2242 2322; x_wconf 84' lang='grc' dir='ltr'><strong>τῶν</strong></span> <span class='ocrx_word' id='word_1_407' title='bbox 2293 2268 2523 2333; x_wconf 87' lang='grc' dir='ltr'><strong>αἰώνων,</strong></span> <span class='ocrx_word' id='word_1_408' title='bbox 2556 2271 2646 2323; x_wconf 78' lang='grc' dir='ltr'><strong>τὸν</strong></span> <span class='ocrx_word' id='word_1_409' title='bbox 2679 2272 2968 2341; x_wconf 81' lang='grc' dir='ltr'><strong>ἐρχόμενον</strong></span> <span class='ocrx_word' id='word_1_410' title='bbox 3015 2274 3199 2342; x_wconf 88' lang='grc' dir='ltr'><strong>κρῖναι</strong></span> <span class='ocrx_word' id='word_1_411' title='bbox 3254 2272 3460 2336; x_wconf 81' lang='grc' dir='ltr'><strong>ζῶντας</strong></span> <span class='ocrx_word' id='word_1_412' title='bbox 3498 2275 3594 2327; x_wconf 78' lang='grc' dir='ltr'><strong>καὶ</strong></span> <span class='ocrx_word' id='word_1_413' title='bbox 3625 2291 3706 2326; x_wconf 85' lang='grc' dir='ltr'><strong>νε-</strong></span> 
     </span>
    </p>
   </div>
   <div class='ocr_carea' id='block_1_60' title="bbox 2136 2361 3706 2434">
    <p class='ocr_par' dir='ltr' id='par_1_60' title="bbox 2136 2361 3706 2434">
     <span class='ocr_line' id='line_1_60' title="bbox 2136 2361 3706 2434; baseline 0.001 -20"><span class='ocrx_word' id='word_1_414' title='bbox 2136 2361 2321 2432; x_wconf 80' lang='grc' dir='ltr'><strong>κροὺς,</strong></span> <span class='ocrx_word' id='word_1_415' title='bbox 2355 2362 2449 2414; x_wconf 75' lang='grc' dir='ltr'><strong>καὶ</strong></span> <span class='ocrx_word' id='word_1_416' title='bbox 2481 2361 2572 2415; x_wconf 83' lang='grc' dir='ltr'><strong>τὸν</strong></span> <span class='ocrx_word' id='word_1_417' title='bbox 2601 2361 2772 2415; x_wconf 85' lang='grc' dir='ltr'><strong>αἰῶνα</strong></span> <span class='ocrx_word' id='word_1_418' title='bbox 2791 2365 2980 2415; x_wconf 84' lang='grc' dir='ltr'><strong>τοῦτον</strong></span> <span class='ocrx_word' id='word_1_419' title='bbox 3016 2361 3106 2414; x_wconf 77' lang='grc' dir='ltr'><strong>διὰ</strong></span> <span class='ocrx_word' id='word_1_420' title='bbox 3128 2362 3315 2432; x_wconf 88' lang='grc' dir='ltr'><strong>πυρός.</strong></span> <span class='ocrx_word' id='word_1_421' title='bbox 3351 2363 3495 2416; x_wconf 84' lang='grc' dir='ltr'><strong>Διότι</strong></span> <span class='ocrx_word' id='word_1_422' title='bbox 3520 2365 3549 2415; x_wconf 93' lang='lat'><strong>6</strong></span> <span class='ocrx_word' id='word_1_423' title='bbox 3570 2365 3602 2433; x_wconf 74' lang='grc' dir='ltr'>ἡ</span> <span class='ocrx_word' id='word_1_424' title='bbox 3613 2365 3706 2434; x_wconf 87' lang='grc' dir='ltr'><strong>μέ-</strong></span> 
     </span>
    </p>
   </div>
   <div class='ocr_carea' id='block_1_61' title="bbox 2133 2450 3703 2522">
    <p class='ocr_par' dir='ltr' id='par_1_61' title="bbox 2133 2450 3703 2522">
     <span class='ocr_line' id='line_1_61' title="bbox 2133 2450 3703 2522; baseline -0.001 -18"><span class='ocrx_word' id='word_1_425' title='bbox 2133 2467 2292 2522; x_wconf 87' lang='grc' dir='ltr'><strong>τερος</strong></span> <span class='ocrx_word' id='word_1_426' title='bbox 2307 2450 2440 2504; x_wconf 83' lang='grc' dir='ltr'><strong>αἰὼν</strong></span> <span class='ocrx_word' id='word_1_427' title='bbox 2461 2450 2812 2522; x_wconf 79' lang='grc' dir='ltr'><strong>παρέρχεται,</strong></span> <span class='ocrx_word' id='word_1_428' title='bbox 2842 2451 2933 2504; x_wconf 76' lang='grc' dir='ltr'><strong>καὶ</strong></span> <span class='ocrx_word' id='word_1_429' title='bbox 2959 2451 2986 2502; x_wconf 92' lang='lat'><strong>6</strong></span> <span class='ocrx_word' id='word_1_430' title='bbox 3013 2450 3238 2521; x_wconf 82' lang='grc' dir='ltr'><strong>ούρανδς</strong></span> <span class='ocrx_word' id='word_1_431' title='bbox 3261 2450 3355 2502; x_wconf 77' lang='grc' dir='ltr'><strong>καὶ</strong></span> <span class='ocrx_word' id='word_1_432' title='bbox 3381 2453 3413 2520; x_wconf 83' lang='grc' dir='ltr'>ἡ</span> <span class='ocrx_word' id='word_1_433' title='bbox 3455 2450 3526 2519; x_wconf 84' lang='grc' dir='ltr'><strong>γῆ</strong></span> <span class='ocrx_word' id='word_1_434' title='bbox 3556 2467 3703 2520; x_wconf 84' lang='grc' dir='ltr'><strong>παρ-</strong></span> 
     </span>
    </p>
   </div>
   <div class='ocr_carea' id='block_1_62' title="bbox 2133 2536 3719 2610">
    <p class='ocr_par' dir='ltr' id='par_1_62' title="bbox 2133 2536 3719 2610">
     <span class='ocr_line' id='line_1_62' title="bbox 2133 2536 3719 2610; baseline 0.003 -22"><span class='ocrx_word' id='word_1_435' title='bbox 2133 2536 2434 2592; x_wconf 79' lang='grc' dir='ltr'><strong>ελεύσεται’</strong></span> <span class='ocrx_word' id='word_1_436' title='bbox 2475 2538 2504 2589; x_wconf 88' lang='lat'><strong>6</strong></span> <span class='ocrx_word' id='word_1_437' title='bbox 2545 2539 2602 2592; x_wconf 84' lang='grc' dir='ltr'><strong>δὲ</strong></span> <span class='ocrx_word' id='word_1_438' title='bbox 2650 2537 2850 2610; x_wconf 85' lang='grc' dir='ltr'><strong>Κύριος</strong></span> <span class='ocrx_word' id='word_1_439' title='bbox 2903 2538 3058 2609; x_wconf 82' lang='grc' dir='ltr'><strong>ὴμῶν</strong></span> <span class='ocrx_word' id='word_1_440' title='bbox 3095 2538 3301 2609; x_wconf 87' lang='grc' dir='ltr'><strong>Ἰησοῦς</strong></span> <span class='ocrx_word' id='word_1_441' title='bbox 3338 2539 3572 2609; x_wconf 75' lang='grc' dir='ltr'><strong>Χριστὸς</strong></span> <span class='ocrx_word' id='word_1_442' title='bbox 3620 2541 3719 2592; x_wconf 74' lang='grc' dir='ltr'><strong>ἀεὶ·</strong></span> 
     </span>
    </p>
   </div>
   <div class='ocr_carea' id='block_1_63' title="bbox 2135 2627 3722 2702">
    <p class='ocr_par' dir='ltr' id='par_1_63' title="bbox 2135 2627 3722 2702">
     <span class='ocr_line' id='line_1_63' title="bbox 2135 2627 3722 2702; baseline 0.001 -19"><span class='ocrx_word' id='word_1_443' title='bbox 2135 2630 2300 2695; x_wconf 78' lang='grc' dir='ltr'><strong>ἐστὶν,</strong></span> <span class='ocrx_word' id='word_1_444' title='bbox 2335 2629 2430 2684; x_wconf 78' lang='grc' dir='ltr'><strong>καὶ</strong></span> <span class='ocrx_word' id='word_1_445' title='bbox 2472 2631 2501 2682; x_wconf 90' lang='lat'><strong>6</strong></span> <span class='ocrx_word' id='word_1_446' title='bbox 2539 2629 2697 2694; x_wconf 74' lang='grc' dir='ltr'><strong>αὐτὸς</strong></span> <span class='ocrx_word' id='word_1_447' title='bbox 2729 2630 2896 2684; x_wconf 78' lang='grc' dir='ltr'><strong>ἔσται.</strong></span> <span class='ocrx_word' id='word_1_448' title='bbox 2928 2631 2990 2684; x_wconf 84' lang='grc' dir='ltr'><strong>Οἱ</strong></span> <span class='ocrx_word' id='word_1_449' title='bbox 3017 2630 3074 2683; x_wconf 77' lang='grc' dir='ltr'><strong>δὲ</strong></span> <span class='ocrx_word' id='word_1_450' title='bbox 3121 2631 3356 2700; x_wconf 78' lang='grc' dir='ltr'><strong>φύλακες</strong></span> <span class='ocrx_word' id='word_1_451' title='bbox 3400 2631 3516 2702; x_wconf 90' lang='grc'><strong>(16)</strong></span> <span class='ocrx_word' id='word_1_452' title='bbox 3553 2627 3722 2697; x_wconf 75' lang='grc' dir='ltr'><strong>εἷπον,</strong></span> 
     </span>
    </p>
   </div>
   <div class='ocr_carea' id='block_1_64' title="bbox 2135 2719 3711 2796">
    <p class='ocr_par' dir='ltr' id='par_1_64' title="bbox 2135 2719 3711 2796">
     <span class='ocr_line' id='line_1_64' title="bbox 2135 2719 3711 2796; baseline 0.003 -24"><span class='ocrx_word' id='word_1_453' title='bbox 2135 2720 2272 2792; x_wconf 78' lang='grc' dir='ltr'><strong>πρὸς</strong></span> <span class='ocrx_word' id='word_1_454' title='bbox 2302 2720 2390 2773; x_wconf 84' lang='grc' dir='ltr'><strong>τὸν</strong></span> <span class='ocrx_word' id='word_1_455' title='bbox 2439 2719 2704 2791; x_wconf 86' lang='grc' dir='ltr'><strong>μακάριον</strong></span> <span class='ocrx_word' id='word_1_456' title='bbox 2736 2721 2984 2792; x_wconf 81' lang='grc' dir='ltr'><strong>Μάξιμον</strong></span> <span class='ocrx_word' id='word_1_457' title='bbox 3016 2722 3108 2776; x_wconf 87' lang='grc' dir='ltr'><strong>τὸν</strong></span> <span class='ocrx_word' id='word_1_458' title='bbox 3150 2723 3522 2796; x_wconf 88' lang='grc' dir='ltr'><strong>πρεσϐύτερον</strong></span> <span class='ocrx_word' id='word_1_459' title='bbox 3542 2741 3557 2755; x_wconf 76' lang='grc' dir='ltr'><strong>ο</strong></span> <span class='ocrx_word' id='word_1_460' title='bbox 3598 2725 3711 2778; x_wconf 76' lang='grc' dir='ltr'><strong>Καὶ</strong></span> 
     </span>
    </p>
   </div>
   <div class='ocr_carea' id='block_1_65' title="bbox 2134 2807 3722 2887">
    <p class='ocr_par' dir='ltr' id='par_1_65' title="bbox 2134 2807 3722 2887">
     <span class='ocr_line' id='line_1_65' title="bbox 2134 2807 3722 2887; baseline 0.003 -21"><span class='ocrx_word' id='word_1_461' title='bbox 2134 2813 2188 2866; x_wconf 83' lang='grc' dir='ltr'><strong>τί</strong></span> <span class='ocrx_word' id='word_1_462' title='bbox 2218 2815 2531 2884; x_wconf 84' lang='grc' dir='ltr'><strong>ποιήσωμεν</strong></span> <span class='ocrx_word' id='word_1_463' title='bbox 2573 2813 2703 2885; x_wconf 76' lang='grc' dir='ltr'><strong>περὶ</strong></span> <span class='ocrx_word' id='word_1_464' title='bbox 2742 2814 2931 2867; x_wconf 84' lang='grc' dir='ltr'><strong>τούτου</strong></span> <span class='ocrx_word' id='word_1_465' title='bbox 2979 2807 3150 2887; x_wconf 76' lang='grc' dir='ltr'><strong>οὗπερ</strong></span> <span class='ocrx_word' id='word_1_466' title='bbox 3185 2817 3247 2869; x_wconf 84' lang='grc' dir='ltr'><strong>σὺ</strong></span> <span class='ocrx_word' id='word_1_467' title='bbox 3283 2817 3609 2887; x_wconf 82' lang='grc' dir='ltr'><strong>κηρύττεις,</strong></span> <span class='ocrx_word' id='word_1_468' title='bbox 3651 2813 3722 2884; x_wconf 60' lang='grc' dir='ltr'><strong>ὃνί</strong></span> 
     </span>
    </p>
   </div>
   <div class='ocr_carea' id='block_1_66' title="bbox 2138 2903 3714 2977">
    <p class='ocr_par' dir='ltr' id='par_1_66' title="bbox 2138 2903 3714 2977">
     <span class='ocr_line' id='line_1_66' title="bbox 2138 2903 3714 2977; baseline 0.004 -21"><span class='ocrx_word' id='word_1_469' title='bbox 2138 2903 2230 2956; x_wconf 72' lang='grc' dir='ltr'><strong>καὶ</strong></span> <span class='ocrx_word' id='word_1_470' title='bbox 2267 2903 2580 2972; x_wconf 75' lang='grc' dir='ltr'><strong>ἐπέγνωμεν</strong></span> <span class='ocrx_word' id='word_1_471' title='bbox 2614 2903 2702 2956; x_wconf 78' lang='grc' dir='ltr'><strong>διὰ</strong></span> <span class='ocrx_word' id='word_1_472' title='bbox 2730 2904 2837 2956; x_wconf 85' lang='grc' dir='ltr'><strong>τῶν</strong></span> <span class='ocrx_word' id='word_1_473' title='bbox 2876 2903 3212 2976; x_wconf 80' lang='grc' dir='ltr'><strong>λαληθέντων</strong></span> <span class='ocrx_word' id='word_1_474' title='bbox 3240 2906 3390 2977; x_wconf 77' lang='grc' dir='ltr'><strong>παρὰ</strong></span> <span class='ocrx_word' id='word_1_475' title='bbox 3432 2906 3553 2972; x_wconf 90' lang='grc' dir='ltr'><strong>σοῦ,</strong></span> <span class='ocrx_word' id='word_1_476' title='bbox 3610 2911 3714 2962; x_wconf 73' lang='grc' dir='ltr'><strong>καὶ</strong></span> 
     </span>
    </p>
   </div>
   <div class='ocr_carea' id='block_1_67' title="bbox 2136 2994 3726 3069">
    <p class='ocr_par' dir='ltr' id='par_1_67' title="bbox 2136 2994 3726 3069">
     <span class='ocr_line' id='line_1_67' title="bbox 2136 2994 3726 3069; baseline 0.004 -22"><span class='ocrx_word' id='word_1_477' title='bbox 2136 2995 2202 3047; x_wconf 82' lang='grc' dir='ltr'><strong>δι’</strong></span> <span class='ocrx_word' id='word_1_478' title='bbox 2230 2994 2407 3048; x_wconf 80' lang='grc' dir='ltr'><strong>αὐτῶν</strong></span> <span class='ocrx_word' id='word_1_479' title='bbox 2451 2994 2748 3066; x_wconf 79' lang='grc' dir='ltr'><strong>γινομένων</strong></span> <span class='ocrx_word' id='word_1_480' title='bbox 2793 2997 2850 3049; x_wconf 93' lang='grc' dir='ltr'><strong>ἐν</strong></span> <span class='ocrx_word' id='word_1_481' title='bbox 2877 2994 2955 3066; x_wconf 79' lang='grc' dir='ltr'><strong>τῷ</strong></span> <span class='ocrx_word' id='word_1_482' title='bbox 2981 2996 3205 3066; x_wconf 84' lang='grc' dir='ltr'><strong>ὀνόματι</strong></span> <span class='ocrx_word' id='word_1_483' title='bbox 3233 2997 3395 3050; x_wconf 76' lang='grc' dir='ltr'><strong>αὑτοῦ</strong></span> <span class='ocrx_word' id='word_1_484' title='bbox 3429 3015 3495 3069; x_wconf 87' lang='grc' dir='ltr'><strong>ση</strong></span> <span class='ocrx_word' id='word_1_485' title='bbox 3506 2999 3726 3069; x_wconf 61' lang='lat' dir='ltr'><strong>peiuri,&quot;</strong></span> 
     </span>
    </p>
   </div>
   <div class='ocr_carea' id='block_1_68' title="bbox 2136 3085 3716 3159">
    <p class='ocr_par' dir='ltr' id='par_1_68' title="bbox 2136 3085 3716 3159">
     <span class='ocr_line' id='line_1_68' title="bbox 2136 3085 3716 3159; baseline 0.001 -19"><span class='ocrx_word' id='word_1_486' title='bbox 2136 3087 2218 3140; x_wconf 83' lang='grc' dir='ltr'><strong>ὅτι</strong></span> <span class='ocrx_word' id='word_1_487' title='bbox 2250 3088 2307 3139; x_wconf 85' lang='grc' dir='ltr'><strong>ἐν</strong></span> <span class='ocrx_word' id='word_1_488' title='bbox 2330 3088 2397 3157; x_wconf 83' lang='grc' dir='ltr'><strong>τῇ</strong></span> <span class='ocrx_word' id='word_1_489' title='bbox 2425 3085 2648 3155; x_wconf 83' lang='grc' dir='ltr'><strong>δυνάμει</strong></span> <span class='ocrx_word' id='word_1_490' title='bbox 2678 3085 2865 3151; x_wconf 82' lang='grc' dir='ltr'><strong>αὑτοῦ,</strong></span> <span class='ocrx_word' id='word_1_491' title='bbox 2887 3087 2983 3141; x_wconf 76' lang='grc' dir='ltr'><strong>καὶ</strong></span> <span class='ocrx_word' id='word_1_492' title='bbox 3013 3089 3130 3150; x_wconf 88' lang='grc' dir='ltr'><strong>ταῖς</strong></span> <span class='ocrx_word' id='word_1_493' title='bbox 3157 3089 3276 3150; x_wconf 85' lang='grc' dir='ltr'><strong>σαῖς</strong></span> <span class='ocrx_word' id='word_1_494' title='bbox 3308 3087 3493 3157; x_wconf 80' lang='grc' dir='ltr'><strong>εὐχαῖς</strong></span> <span class='ocrx_word' id='word_1_495' title='bbox 3531 3089 3716 3159; x_wconf 73' lang='grc' dir='ltr'><strong>δεσμὰ</strong></span> 
     </span>
    </p>
   </div>
   <div class='ocr_carea' id='block_1_69' title="bbox 2139 3175 3717 3249">
    <p class='ocr_par' dir='ltr' id='par_1_69' title="bbox 2139 3175 3717 3249">
     <span class='ocr_line' id='line_1_69' title="bbox 2139 3175 3717 3249; baseline 0.001 -21"><span class='ocrx_word' id='word_1_496' title='bbox 2139 3175 2460 3230; x_wconf 84' lang='grc' dir='ltr'><strong>διαλύονται.</strong></span> <span class='ocrx_word' id='word_1_497' title='bbox 2507 3175 2803 3247; x_wconf 83' lang='grc' dir='ltr'><strong>Ἀπεκρίθη</strong></span> <span class='ocrx_word' id='word_1_498' title='bbox 2837 3175 2973 3247; x_wconf 84' lang='grc' dir='ltr'><strong>πρὸς</strong></span> <span class='ocrx_word' id='word_1_499' title='bbox 3002 3176 3196 3238; x_wconf 79' lang='grc' dir='ltr'><strong>αὐτοὺς</strong></span> <span class='ocrx_word' id='word_1_500' title='bbox 3233 3176 3262 3227; x_wconf 88' lang='grc' dir='ltr'>ὁ</span> <span class='ocrx_word' id='word_1_501' title='bbox 3290 3177 3559 3249; x_wconf 85' lang='grc' dir='ltr'><strong>μακάριος</strong></span> <span class='ocrx_word' id='word_1_502' title='bbox 3591 3178 3717 3230; x_wconf 81' lang='grc' dir='ltr'><strong>Μά-</strong></span> 
     </span>
    </p>
   </div>
   <div class='ocr_carea' id='block_1_70' title="bbox 2139 3263 3718 3339">
    <p class='ocr_par' dir='ltr' id='par_1_70' title="bbox 2139 3263 3718 3339">
     <span class='ocr_line' id='line_1_70' title="bbox 2139 3263 3718 3339; baseline 0.002 -20"><span class='ocrx_word' id='word_1_503' title='bbox 2139 3266 2293 3337; x_wconf 81' lang='grc' dir='ltr'><strong>ξιμος</strong></span> <span class='ocrx_word' id='word_1_504' title='bbox 2321 3268 2348 3320; x_wconf 91' lang='lat'><strong>6</strong></span> <span class='ocrx_word' id='word_1_505' title='bbox 2381 3266 2748 3338; x_wconf 86' lang='grc' dir='ltr'><strong>πρεσϐύτερος</strong></span> <span class='ocrx_word' id='word_1_506' title='bbox 2774 3266 2867 3319; x_wconf 75' lang='grc' dir='ltr'><strong>καὶ</strong></span> <span class='ocrx_word' id='word_1_507' title='bbox 2895 3263 3077 3320; x_wconf 80' lang='grc' dir='ltr'><strong>εἶπεν·</strong></span> <span class='ocrx_word' id='word_1_508' title='bbox 3104 3268 3230 3336; x_wconf 81' lang='grc' dir='ltr'><strong>¹Ἵνα</strong></span> <span class='ocrx_word' id='word_1_509' title='bbox 3260 3265 3528 3339; x_wconf 81' lang='grc' dir='ltr'><strong>βαπτισθῇ</strong></span> <span class='ocrx_word' id='word_1_510' title='bbox 3553 3270 3582 3320; x_wconf 93' lang='lat'><strong>6</strong></span> <span class='ocrx_word' id='word_1_511' title='bbox 3614 3286 3718 3322; x_wconf 85' lang='grc' dir='ltr'><strong>κα-</strong></span> 
     </span>
    </p>
   </div>
   <div class='ocr_carea' id='block_1_71' title="bbox 2141 3357 3714 3432">
    <p class='ocr_par' dir='ltr' id='par_1_71' title="bbox 2141 3357 3714 3432">
     <span class='ocr_line' id='line_1_71' title="bbox 2141 3357 3714 3432; baseline 0.002 -20"><span class='ocrx_word' id='word_1_512' title='bbox 2141 3357 2252 3421; x_wconf 85' lang='grc' dir='ltr'><strong>θεῖς</strong></span> <span class='ocrx_word' id='word_1_513' title='bbox 2285 3357 2437 3428; x_wconf 84' lang='grc' dir='ltr'><strong>ὑμῶν</strong></span> <span class='ocrx_word' id='word_1_514' title='bbox 2489 3359 2582 3412; x_wconf 74' lang='grc' dir='ltr'><strong>καὶ</strong></span> <span class='ocrx_word' id='word_1_515' title='bbox 2616 3358 2882 3432; x_wconf 78' lang='grc' dir='ltr'><strong>πιστεύσῃ</strong></span> <span class='ocrx_word' id='word_1_516' title='bbox 2932 3359 3012 3422; x_wconf 89' lang='grc' dir='ltr'><strong>εἰς</strong></span> <span class='ocrx_word' id='word_1_517' title='bbox 3046 3358 3280 3432; x_wconf 76' lang='grc' dir='ltr'><strong>Χριστὸν</strong></span> <span class='ocrx_word' id='word_1_518' title='bbox 3326 3359 3417 3412; x_wconf 84' lang='grc' dir='ltr'><strong>τὸν</strong></span> <span class='ocrx_word' id='word_1_519' title='bbox 3450 3359 3580 3412; x_wconf 84' lang='grc' dir='ltr'><strong>Υἱὸν</strong></span> <span class='ocrx_word' id='word_1_520' title='bbox 3616 3361 3714 3415; x_wconf 87' lang='grc' dir='ltr'><strong>τοῦ</strong></span> 
     </span>
    </p>
   </div>
   <div class='ocr_carea' id='block_1_72' title="bbox 2139 3448 3713 3524">
    <p class='ocr_par' dir='ltr' id='par_1_72' title="bbox 2139 3448 3713 3524">
     <span class='ocr_line' id='line_1_72' title="bbox 2139 3448 3713 3524; baseline 0.002 -21"><span class='ocrx_word' id='word_1_521' title='bbox 2139 3448 2298 3514; x_wconf 82' lang='grc' dir='ltr'><strong>Θεοῦ,</strong></span> <span class='ocrx_word' id='word_1_522' title='bbox 2327 3449 2418 3502; x_wconf 73' lang='grc' dir='ltr'><strong>καὶ</strong></span> <span class='ocrx_word' id='word_1_523' title='bbox 2443 3448 2510 3502; x_wconf 84' lang='grc' dir='ltr'><strong>τὰ</strong></span> <span class='ocrx_word' id='word_1_524' title='bbox 2541 3448 2743 3520; x_wconf 85' lang='grc' dir='ltr'><strong>μάταια</strong></span> <span class='ocrx_word' id='word_1_525' title='bbox 2766 3449 3347 3524; x_wconf 76' lang='grc' dir='ltr'><strong>είδωλαέγκαταλείψῃ</strong></span> <span class='ocrx_word' id='word_1_526' title='bbox 3367 3489 3381 3513; x_wconf 91' lang='grc'><strong>,</strong></span> <span class='ocrx_word' id='word_1_527' title='bbox 3409 3450 3506 3503; x_wconf 78' lang='grc' dir='ltr'><strong>καί</strong></span> <span class='ocrx_word' id='word_1_528' title='bbox 3542 3469 3713 3523; x_wconf 86' lang='grc' dir='ltr'><strong>μετα-</strong></span> 
     </span>
    </p>
   </div>
   <div class='ocr_carea' id='block_1_73' title="bbox 2140 3541 3719 3616">
    <p class='ocr_par' dir='ltr' id='par_1_73' title="bbox 2140 3541 3719 3616">
     <span class='ocr_line' id='line_1_73' title="bbox 2140 3541 3719 3616; baseline 0.001 -20"><span class='ocrx_word' id='word_1_529' title='bbox 2140 3543 2307 3616; x_wconf 78' lang='grc' dir='ltr'><strong>νοήσῃ</strong></span> <span class='ocrx_word' id='word_1_530' title='bbox 2327 3559 2340 3572; x_wconf 76' lang='grc' dir='ltr'><strong>ο</strong></span> <span class='ocrx_word' id='word_1_531' title='bbox 2377 3543 2456 3596; x_wconf 85' lang='grc' dir='ltr'><strong>ὅτι</strong></span> <span class='ocrx_word' id='word_1_532' title='bbox 2493 3541 2809 3611; x_wconf 79' lang='grc' dir='ltr'><strong>ἀγνοοῦντες</strong></span> <span class='ocrx_word' id='word_1_533' title='bbox 2831 3541 3284 3613; x_wconf 77' lang='grc' dir='ltr'><strong>ἐϐλασφημήσατε</strong></span> <span class='ocrx_word' id='word_1_534' title='bbox 3313 3542 3375 3594; x_wconf 82' lang='grc' dir='ltr'><strong>τὸ</strong></span> <span class='ocrx_word' id='word_1_535' title='bbox 3399 3543 3570 3614; x_wconf 80' lang='grc' dir='ltr'><strong>ὄνομα</strong></span> <span class='ocrx_word' id='word_1_536' title='bbox 3615 3544 3719 3597; x_wconf 86' lang='grc' dir='ltr'><strong>αύ.</strong></span> 
     </span>
    </p>
   </div>
   <div class='ocr_carea' id='block_1_74' title="bbox 479 3629 3717 3708">
    <p class='ocr_par' dir='ltr' id='par_1_74' title="bbox 479 3629 3717 3708">
     <span class='ocr_line' id='line_1_74' title="bbox 479 3629 3717 3708; baseline -0.002 -15"><span class='ocrx_word' id='word_1_537' title='bbox 479 3640 594 3706; x_wconf 87' lang='grc' dir='ltr'><strong>τοῦ,</strong></span> <span class='ocrx_word' id='word_1_538' title='bbox 626 3638 708 3694; x_wconf 83' lang='grc' dir='ltr'><strong>διὸ</strong></span> <span class='ocrx_word' id='word_1_539' title='bbox 733 3636 858 3701; x_wconf 85' lang='grc' dir='ltr'><strong>τοὺς</strong></span> <span class='ocrx_word' id='word_1_540' title='bbox 889 3633 1076 3704; x_wconf 77' lang='grc' dir='ltr'><strong>ἁγίους</strong></span> <span class='ocrx_word' id='word_1_541' title='bbox 1105 3631 1479 3687; x_wconf 85' lang='grc' dir='ltr'><strong>ἐϐασανίσατε.</strong></span> <span class='ocrx_word' id='word_1_542' title='bbox 1518 3629 1652 3685; x_wconf 85' lang='grc' dir='ltr'><strong>Τότε</strong></span> <span class='ocrx_word' id='word_1_543' title='bbox 1676 3630 2009 3704; x_wconf 82' lang='grc' dir='ltr'><strong>ὁμοθυμαδὸν</strong></span> <span class='ocrx_word' id='word_1_544' title='bbox 2047 3634 2281 3700; x_wconf 77' lang='grc' dir='ltr'><strong>ἅπαντες</strong></span> <span class='ocrx_word' id='word_1_545' title='bbox 2305 3634 2500 3700; x_wconf 78' lang='grc' dir='ltr'><strong>αὐτῶν,</strong></span> <span class='ocrx_word' id='word_1_546' title='bbox 2547 3636 2576 3690; x_wconf 86' lang='grc' dir='ltr'><strong>ὃ</strong></span> <span class='ocrx_word' id='word_1_547' title='bbox 2607 3652 2667 3688; x_wconf 90' lang='grc' dir='ltr'><strong>τε</strong></span> <span class='ocrx_word' id='word_1_548' title='bbox 2709 3635 2892 3706; x_wconf 72' lang='grc' dir='ltr'><strong>Φῆλιξ,</strong></span> <span class='ocrx_word' id='word_1_549' title='bbox 2924 3633 3194 3706; x_wconf 77' lang='grc' dir='ltr'><strong>Μάξιμος,</strong></span> <span class='ocrx_word' id='word_1_550' title='bbox 3258 3634 3543 3707; x_wconf 82' lang='grc' dir='ltr'><strong>Ταυρῖνος,</strong></span> <span class='ocrx_word' id='word_1_551' title='bbox 3589 3636 3717 3708; x_wconf 82' lang='grc' dir='ltr'><strong>Ἑρ-</strong></span> 
     </span>
    </p>
   </div>
   <div class='ocr_carea' id='block_1_75' title="bbox 483 3849 2044 3925">
    <p class='ocr_par' dir='ltr' id='par_1_75' title="bbox 483 3849 2044 3925">
     <span class='ocr_line' id='line_1_75' title="bbox 483 3849 2044 3925; baseline -0.006 -12"><span class='ocrx_word' id='word_1_552' title='bbox 483 3857 655 3914; x_wconf 90' lang='lat' dir='ltr'><strong>simos</strong></span> <span class='ocrx_word' id='word_1_553' title='bbox 683 3861 906 3925; x_wconf 82' lang='lat' dir='ltr'><strong>putasse</strong></span> <span class='ocrx_word' id='word_1_554' title='bbox 934 3851 1000 3907; x_wconf 92' lang='lat' dir='ltr'><strong>de</strong></span> <span class='ocrx_word' id='word_1_555' title='bbox 1023 3860 1150 3906; x_wconf 89' lang='lat' dir='ltr'><strong>nota</strong></span> <span class='ocrx_word' id='word_1_556' title='bbox 1181 3851 1442 3925; x_wconf 77' lang='lat' dir='ltr'><strong>inscripta</strong></span> <span class='ocrx_word' id='word_1_557' title='bbox 1467 3850 1538 3925; x_wconf 91' lang='lat' dir='ltr'><strong>in_</strong></span> <span class='ocrx_word' id='word_1_558' title='bbox 1548 3849 1729 3925; x_wconf 80' lang='lat' dir='ltr'><strong>fronte</strong></span> <span class='ocrx_word' id='word_1_559' title='bbox 1754 3849 1826 3906; x_wconf 87' lang='lat' dir='ltr'><strong>-S.</strong></span> <span class='ocrx_word' id='word_1_560' title='bbox 1850 3851 2044 3925; x_wconf 57' lang='lat' dir='ltr'><strong>Aurea:</strong></span> 
     </span>
    </p>
   </div>
   <div class='ocr_carea' id='block_1_76' title="bbox 483 3920 2036 3991">
    <p class='ocr_par' dir='ltr' id='par_1_76' title="bbox 483 3920 2036 3991">
     <span class='ocr_line' id='line_1_76' title="bbox 483 3920 2036 3991; baseline -0.002 -10"><span class='ocrx_word' id='word_1_561' title='bbox 483 3929 572 3982; x_wconf 89' lang='lat' dir='ltr'><strong>hic</strong></span> <span class='ocrx_word' id='word_1_562' title='bbox 614 3920 729 3979; x_wconf 78' lang='lat' dir='ltr'><strong>ﬁeri</strong></span> <span class='ocrx_word' id='word_1_563' title='bbox 767 3937 1090 3988; x_wconf 85' lang='lat' dir='ltr'><strong>sermonem,</strong></span> <span class='ocrx_word' id='word_1_564' title='bbox 1120 3931 1159 3976; x_wconf 92' lang='lat' dir='ltr'><strong>t.</strong></span> <span class='ocrx_word' id='word_1_565' title='bbox 1188 3920 1278 3986; x_wconf 74' lang='grc' dir='ltr'><strong>ιν,</strong></span> <span class='ocrx_word' id='word_1_566' title='bbox 1326 3920 1460 3990; x_wconf 84' lang='lat' dir='ltr'><strong>Aug.</strong></span> <span class='ocrx_word' id='word_1_567' title='bbox 1508 3921 1612 3991; x_wconf 14' lang='lat' dir='ltr'><strong>die,</strong></span> <span class='ocrx_word' id='word_1_568' title='bbox 1643 3937 1792 3984; x_wconf 84' lang='lat' dir='ltr'><strong>xxiv,</strong></span> <span class='ocrx_word' id='word_1_569' title='bbox 1825 3937 1878 3991; x_wconf 94' lang='lat' dir='ltr'><strong>p.</strong></span> <span class='ocrx_word' id='word_1_570' title='bbox 1913 3922 2036 3978; x_wconf 81' lang='grc'><strong>757.</strong></span> 
     </span>
    </p>
   </div>
   <div class='ocr_carea' id='block_1_77' title="bbox 482 3990 2038 4060">
    <p class='ocr_par' dir='ltr' id='par_1_77' title="bbox 482 3990 2038 4060">
     <span class='ocr_line' id='line_1_77' title="bbox 482 3990 2038 4060; baseline -0.003 -9"><span class='ocrx_word' id='word_1_571' title='bbox 482 3997 621 4060; x_wconf 78' lang='lat' dir='ltr'><strong>Hinc</strong></span> <span class='ocrx_word' id='word_1_572' title='bbox 649 3994 900 4049; x_wconf 84' lang='lat' dir='ltr'><strong>novimus</strong></span> <span class='ocrx_word' id='word_1_573' title='bbox 931 3993 1165 4046; x_wconf 84' lang='lat' dir='ltr'><strong>Auream</strong></span> <span class='ocrx_word' id='word_1_574' title='bbox 1203 3993 1337 4045; x_wconf 88' lang='lat' dir='ltr'><strong>adeo</strong></span> <span class='ocrx_word' id='word_1_575' title='bbox 1376 3999 1558 4060; x_wconf 89' lang='lat' dir='ltr'><strong>aperte</strong></span> <span class='ocrx_word' id='word_1_576' title='bbox 1587 3990 1906 4046; x_wconf 72' lang='lat' dir='ltr'><strong>Christianae</strong></span> <span class='ocrx_word' id='word_1_577' title='bbox 1947 4008 2038 4048; x_wconf 83' lang='lat' dir='ltr'><strong>re-</strong></span> 
     </span>
    </p>
   </div>
   <div class='ocr_carea' id='block_1_78' title="bbox 486 4057 2038 4137">
    <p class='ocr_par' dir='ltr' id='par_1_78' title="bbox 486 4057 2038 4137">
     <span class='ocr_line' id='line_1_78' title="bbox 486 4057 2038 4137; baseline -0.003 -17"><span class='ocrx_word' id='word_1_578' title='bbox 486 4057 673 4137; x_wconf 84' lang='lat' dir='ltr'><strong>ligioni</strong></span> <span class='ocrx_word' id='word_1_579' title='bbox 712 4072 1045 4137; x_wconf 78' lang='lat' dir='ltr'><strong>vacass_e_,_ut</strong></span> <span class='ocrx_word' id='word_1_580' title='bbox 1079 4062 1276 4137; x_wconf 75' lang='lat' dir='ltr'><strong>saepius</strong></span> <span class='ocrx_word' id='word_1_581' title='bbox 1321 4061 1372 4114; x_wconf 90' lang='lat' dir='ltr'><strong>in</strong></span> <span class='ocrx_word' id='word_1_582' title='bbox 1485 4075 1820 4137; x_wconf 82' lang='lat' dir='ltr'><strong>paganorum</strong></span> <span class='ocrx_word' id='word_1_583' title='bbox 1851 4062 2038 4137; x_wconf 75' lang='lat' dir='ltr'><strong>odium</strong></span> 
     </span>
    </p>
   </div>
   <div class='ocr_carea' id='block_1_79' title="bbox 484 4131 2041 4200">
    <p class='ocr_par' dir='ltr' id='par_1_79' title="bbox 484 4131 2041 4200">
     <span class='ocr_line' id='line_1_79' title="bbox 484 4131 2041 4200; baseline -0.003 -9"><span class='ocrx_word' id='word_1_584' title='bbox 484 4131 813 4198; x_wconf 75' lang='lat' dir='ltr'><strong>concitaret;</strong></span> <span class='ocrx_word' id='word_1_585' title='bbox 865 4132 1000 4184; x_wconf 89' lang='lat' dir='ltr'><strong>nihil</strong></span> <span class='ocrx_word' id='word_1_586' title='bbox 1035 4132 1179 4184; x_wconf 89' lang='lat' dir='ltr'><strong>enim</strong></span> <span class='ocrx_word' id='word_1_587' title='bbox 1225 4131 1291 4184; x_wconf 91' lang='lat' dir='ltr'><strong>de</strong></span> <span class='ocrx_word' id='word_1_588' title='bbox 1343 4131 1574 4185; x_wconf 87' lang='lat' dir='ltr'><strong>talionis</strong></span> <span class='ocrx_word' id='word_1_589' title='bbox 1615 4145 1775 4200; x_wconf 75' lang='lat' dir='ltr'><strong>poma</strong></span> <span class='ocrx_word' id='word_1_590' title='bbox 1822 4133 2041 4187; x_wconf 90' lang='lat' dir='ltr'><strong>solliciti</strong></span> 
     </span>
    </p>
   </div>
   <div class='ocr_carea' id='block_1_80' title="bbox 483 4200 2043 4274">
    <p class='ocr_par' dir='ltr' id='par_1_80' title="bbox 483 4200 2043 4274">
     <span class='ocr_line' id='line_1_80' title="bbox 483 4200 2043 4274; baseline -0.004 -13"><span class='ocrx_word' id='word_1_591' title='bbox 483 4215 657 4266; x_wconf 86' lang='lat' dir='ltr'><strong>erant,</strong></span> <span class='ocrx_word' id='word_1_592' title='bbox 693 4203 786 4274; x_wconf 93' lang='lat' dir='ltr'><strong>qui</strong></span> <span class='ocrx_word' id='word_1_593' title='bbox 811 4217 922 4256; x_wconf 72' lang='lat' dir='ltr'><strong>sua:</strong></span> <span class='ocrx_word' id='word_1_594' title='bbox 949 4201 1306 4274; x_wconf 64' lang='lat' dir='ltr'><strong>inscriptionis</strong></span> <span class='ocrx_word' id='word_1_595' title='bbox 1331 4202 1518 4253; x_wconf 88' lang='lat' dir='ltr'><strong>vadem</strong></span> <span class='ocrx_word' id='word_1_596' title='bbox 1545 4200 1804 4274; x_wconf 78' lang='lat' dir='ltr'><strong>haberent</strong></span> <span class='ocrx_word' id='word_1_597' title='bbox 1845 4211 2043 4274; x_wconf 85' lang='lat' dir='ltr'><strong>marty-</strong></span> 
     </span>
    </p>
   </div>
   <div class='ocr_carea' id='block_1_81' title="bbox 483 4269 2044 4342">
    <p class='ocr_par' dir='ltr' id='par_1_81' title="bbox 483 4269 2044 4342">
     <span class='ocr_line' id='line_1_81' title="bbox 483 4269 2044 4342; baseline -0.003 -12"><span class='ocrx_word' id='word_1_598' title='bbox 483 4291 597 4330; x_wconf 86' lang='lat' dir='ltr'><strong>rem</strong></span> <span class='ocrx_word' id='word_1_599' title='bbox 619 4269 976 4342; x_wconf 81' lang='lat' dir='ltr'><strong>designatam.</strong></span> <span class='ocrx_word' id='word_1_600' title='bbox 1005 4269 1415 4342; x_wconf 66' lang='lat' dir='ltr'><strong>Inscriptionum</strong></span> <span class='ocrx_word' id='word_1_601' title='bbox 1436 4269 1675 4342; x_wconf 74' lang='lat' dir='ltr'><strong>cognitio</strong></span> <span class='ocrx_word' id='word_1_602' title='bbox 1694 4272 1911 4339; x_wconf 90' lang='lat' dir='ltr'><strong>propria</strong></span> <span class='ocrx_word' id='word_1_603' title='bbox 1927 4269 2044 4326; x_wconf 84' lang='lat' dir='ltr'><strong>erat</strong></span> 
     </span>
    </p>
   </div>
   <div class='ocr_carea' id='block_1_82' title="bbox 484 4337 2042 4402">
    <p class='ocr_par' dir='ltr' id='par_1_82' title="bbox 484 4337 2042 4402">
     <span class='ocr_line' id='line_1_82' title="bbox 484 4337 2042 4402; baseline -0.004 -2"><span class='ocrx_word' id='word_1_604' title='bbox 484 4346 670 4400; x_wconf 77' lang='lat' dir='ltr'><strong>vicarii</strong></span> <span class='ocrx_word' id='word_1_605' title='bbox 696 4337 1186 4396; x_wconf 37' lang='lat' dir='ltr'><strong>urbani-Cassioda</strong></span> <span class='ocrx_word' id='word_1_606' title='bbox 1210 4338 1331 4393; x_wconf 86' lang='lat' dir='ltr'><strong>Var.</strong></span> <span class='ocrx_word' id='word_1_607' title='bbox 1357 4355 1432 4402; x_wconf 74' lang='grc' dir='ltr'><strong>γι,</strong></span> <span class='ocrx_word' id='word_1_608' title='bbox 1457 4337 1523 4393; x_wconf 85' lang='grc'><strong>15</strong></span> <span class='ocrx_word' id='word_1_609' title='bbox 1552 4357 1565 4392; x_wconf 89' lang='lat'><strong>:</strong></span> <span class='ocrx_word' id='word_1_610' title='bbox 1601 4337 1720 4393; x_wconf 70' lang='lat' dir='ltr'><strong>Vica</strong></span> <span class='ocrx_word' id='word_1_611' title='bbox 1741 4337 1895 4394; x_wconf 78' lang='lat' dir='ltr'><strong>sacra</strong></span> <span class='ocrx_word' id='word_1_612' title='bbox 1923 4357 2042 4394; x_wconf 84' lang='lat' dir='ltr'><strong>sen-</strong></span> 
     </span>
    </p>
   </div>
   <div class='ocr_carea' id='block_1_83' title="bbox 488 4408 2041 4480">
    <p class='ocr_par' dir='ltr' id='par_1_83' title="bbox 488 4408 2041 4480">
     <span class='ocr_line' id='line_1_83' title="bbox 488 4408 2041 4480; baseline -0.005 -10"><span class='ocrx_word' id='word_1_613' title='bbox 488 4418 707 4470; x_wconf 81' lang='lat' dir='ltr'><strong>tentiam</strong></span> <span class='ocrx_word' id='word_1_614' title='bbox 731 4413 887 4478; x_wconf 85' lang='lat' dir='ltr'><strong>dicis,</strong></span> <span class='ocrx_word' id='word_1_615' title='bbox 910 4410 1116 4480; x_wconf 77' lang='lat' dir='ltr'><strong>etquod</strong></span> <span class='ocrx_word' id='word_1_616' title='bbox 1145 4411 1388 4463; x_wconf 64' lang='lat' dir='ltr'><strong>maxime</strong></span> <span class='ocrx_word' id='word_1_617' title='bbox 1409 4408 1532 4477; x_wconf 84' lang='lat' dir='ltr'><strong>ﬁdei</strong></span> <span class='ocrx_word' id='word_1_618' title='bbox 1556 4409 1760 4478; x_wconf 86' lang='lat' dir='ltr'><strong>signum</strong></span> <span class='ocrx_word' id='word_1_619' title='bbox 1779 4421 1855 4462; x_wconf 83' lang='lat' dir='ltr'><strong>est</strong></span> <span class='ocrx_word' id='word_1_620' title='bbox 1874 4411 1928 4465; x_wconf 91' lang='lat' dir='ltr'><strong>in</strong></span> <span class='ocrx_word' id='word_1_621' title='bbox 1955 4411 2041 4463; x_wconf 92' lang='lat' dir='ltr'><strong>in-</strong></span> 
     </span>
    </p>
   </div>
   <div class='ocr_carea' id='block_1_84' title="bbox 488 4454 2114 4555">
    <p class='ocr_par' dir='ltr' id='par_1_84' title="bbox 488 4454 2114 4555">
     <span class='ocr_line' id='line_1_84' title="bbox 488 4454 2114 4555; baseline -0.005 -15"><span class='ocrx_word' id='word_1_622' title='bbox 488 4454 887 4555; x_wconf 57' lang='grc' dir='ltr'><strong>ὲῖῖ-ἷῇἶῖὁιῖίῖἱμὲ</strong></span> <span class='ocrx_word' id='word_1_623' title='bbox 910 4454 1532 4555; x_wconf 20' lang='grc' dir='ltr'><strong>ἷμὲεῗῐῶίῖῧὶιᾘιῖιμέἑῖιῖἕ</strong></span> <span class='ocrx_word' id='word_1_624' title='bbox 1556 4454 2036 4551; x_wconf 63' lang='grc' dir='ltr'><strong>ἰῗόἧῆὶὶὶιῖἶι’,’ὶῇιὶὀὶι</strong></span> <span class='ocrx_word' id='word_1_625' title='bbox 2071 4454 2114 4508; x_wconf 79' lang='grc' dir='ltr'><strong>ῐ)</strong></span> 
     </span>
    </p>
   </div>
   <div class='ocr_carea' id='block_1_85' title="bbox 484 4551 1578 4618">
    <p class='ocr_par' dir='ltr' id='par_1_85' title="bbox 484 4551 1578 4618">
     <span class='ocr_line' id='line_1_85' title="bbox 484 4551 1578 4618; baseline -0.005 -10"><span class='ocrx_word' id='word_1_626' title='bbox 484 4551 621 4608; x_wconf 72' lang='grc' dir='ltr'><strong>ἰηιεὲ</strong></span> <span class='ocrx_word' id='word_1_627' title='bbox 646 4552 892 4607; x_wconf 83' lang='lat' dir='ltr'><strong>mortales</strong></span> <span class='ocrx_word' id='word_1_628' title='bbox 919 4559 1122 4604; x_wconf 79' lang='lat' dir='ltr'><strong>constat</strong></span> <span class='ocrx_word' id='word_1_629' title='bbox 1145 4566 1254 4602; x_wconf 86' lang='lat' dir='ltr'><strong>esse</strong></span> <span class='ocrx_word' id='word_1_630' title='bbox 1276 4551 1578 4618; x_wconf 87' lang='lat' dir='ltr'><strong>pretiosum.</strong></span> 
     </span>
    </p>
   </div>
   <div class='ocr_carea' id='block_1_86' title="bbox 559 4619 1310 4694">
    <p class='ocr_par' dir='ltr' id='par_1_86' title="bbox 559 4619 1310 4694">
     <span class='ocr_line' id='line_1_86' title="bbox 559 4619 1310 4694; baseline -0.011 -15"><span class='ocrx_word' id='word_1_631' title='bbox 559 4629 577 4694; x_wconf 82' lang='lat'><strong>(</strong></span> <span class='ocrx_word' id='word_1_632' title='bbox 589 4625 677 4694; x_wconf 89' lang='grc'><strong>11)</strong></span> <span class='ocrx_word' id='word_1_633' title='bbox 709 4624 935 4694; x_wconf 69' lang='lat' dir='ltr'><strong>Cyprus,</strong></span> <span class='ocrx_word' id='word_1_634' title='bbox 968 4621 1050 4674; x_wconf 87' lang='lat' dir='ltr'><strong>vel</strong></span> <span class='ocrx_word' id='word_1_635' title='bbox 1067 4619 1310 4694; x_wconf 80' lang='lat' dir='ltr'><strong>Cyprius.</strong></span> 
     </span>
    </p>
   </div>
   <div class='ocr_carea' id='block_1_87' title="bbox 517 4688 2040 4764">
    <p class='ocr_par' dir='ltr' id='par_1_87' title="bbox 517 4688 2040 4764">
     <span class='ocr_line' id='line_1_87' title="bbox 517 4688 2040 4764; baseline -0.001 -16"><span class='ocrx_word' id='word_1_636' title='bbox 517 4719 521 4723; x_wconf 93' lang='lat'><strong><em>-</em></strong></span> <span class='ocrx_word' id='word_1_637' title='bbox 558 4688 672 4764; x_wconf 73' lang='grc'><strong>(12)</strong></span> <span class='ocrx_word' id='word_1_638' title='bbox 723 4688 976 4747; x_wconf 77' lang='lat' dir='ltr'><strong>Omnium</strong></span> <span class='ocrx_word' id='word_1_639' title='bbox 1000 4693 1210 4764; x_wconf 71' lang='lat' dir='ltr'><strong>primus</strong></span> <span class='ocrx_word' id='word_1_640' title='bbox 1244 4691 1384 4764; x_wconf 69' lang='lat' dir='ltr'><strong>inter</strong></span> <span class='ocrx_word' id='word_1_641' title='bbox 1436 4688 1710 4764; x_wconf 65' lang='lat' dir='ltr'><strong>Ostienses</strong></span> <span class='ocrx_word' id='word_1_642' title='bbox 1756 4689 2040 4764; x_wconf 72' lang='lat' dir='ltr'><strong>episcopos</strong></span> 
     </span>
    </p>
   </div>
   <div class='ocr_carea' id='block_1_88' title="bbox 485 4757 2038 4832">
    <p class='ocr_par' dir='ltr' id='par_1_88' title="bbox 485 4757 2038 4832">
     <span class='ocr_line' id='line_1_88' title="bbox 485 4757 2038 4832; baseline -0.006 -14"><span class='ocrx_word' id='word_1_643' title='bbox 485 4757 768 4832; x_wconf 45' lang='lat' dir='ltr'><strong>Qu‘iriacus</strong></span> <span class='ocrx_word' id='word_1_644' title='bbox 800 4757 1066 4832; x_wconf 41' lang='lat' dir='ltr'><strong>occurrit:</strong></span> <span class='ocrx_word' id='word_1_645' title='bbox 1089 4759 1317 4824; x_wconf 72' lang='lat' dir='ltr'><strong>Marem,</strong></span> <span class='ocrx_word' id='word_1_646' title='bbox 1343 4759 1419 4812; x_wconf 88' lang='lat' dir='ltr'><strong>De</strong></span> <span class='ocrx_word' id='word_1_647' title='bbox 1445 4775 1526 4828; x_wconf 83' lang='lat' dir='ltr'><strong>ep.</strong></span> <span class='ocrx_word' id='word_1_648' title='bbox 1559 4757 1698 4825; x_wconf 88' lang='lat' dir='ltr'><strong>0st.,</strong></span> <span class='ocrx_word' id='word_1_649' title='bbox 1727 4757 1864 4832; x_wconf 53' lang='lat' dir='ltr'><strong>p.&#39;9.</strong></span> <span class='ocrx_word' id='word_1_650' title='bbox 1887 4757 2038 4832; x_wconf 59' lang='lat' dir='ltr'><strong>om-</strong></span> 
     </span>
    </p>
   </div>
   <div class='ocr_carea' id='block_1_89' title="bbox 483 4829 2040 4904">
    <p class='ocr_par' dir='ltr' id='par_1_89' title="bbox 483 4829 2040 4904">
     <span class='ocr_line' id='line_1_89' title="bbox 483 4829 2040 4904; baseline -0.004 -13"><span class='ocrx_word' id='word_1_651' title='bbox 483 4829 564 4891; x_wconf 75' lang='lat' dir='ltr'><strong>eis</strong></span> <span class='ocrx_word' id='word_1_652' title='bbox 590 4842 674 4889; x_wconf 90' lang='lat' dir='ltr'><strong>est</strong></span> <span class='ocrx_word' id='word_1_653' title='bbox 703 4831 998 4904; x_wconf 80' lang='grc' dir='ltr'><strong>Κυριακός,</strong></span> <span class='ocrx_word' id='word_1_654' title='bbox 1029 4830 1306 4904; x_wconf 71' lang='lat' dir='ltr'><strong>Cyrjacus,</strong></span> <span class='ocrx_word' id='word_1_655' title='bbox 1347 4845 1505 4899; x_wconf 92' lang='lat' dir='ltr'><strong>quem</strong></span> <span class='ocrx_word' id='word_1_656' title='bbox 1541 4840 1726 4904; x_wconf 80' lang='lat' dir='ltr'><strong>nostra</strong></span> <span class='ocrx_word' id='word_1_657' title='bbox 1760 4831 1873 4885; x_wconf 64' lang='lat' dir='ltr'><strong>hare</strong></span> <span class='ocrx_word' id='word_1_658' title='bbox 1907 4829 2040 4885; x_wconf 89' lang='lat' dir='ltr'><strong>Acta</strong></span> 
     </span>
    </p>
   </div>
   <div class='ocr_carea' id='block_1_90' title="bbox 485 4900 2041 4972">
    <p class='ocr_par' dir='ltr' id='par_1_90' title="bbox 485 4900 2041 4972">
     <span class='ocr_line' id='line_1_90' title="bbox 485 4900 2041 4972; baseline -0.003 -13"><span class='ocrx_word' id='word_1_659' title='bbox 485 4906 746 4972; x_wconf 85' lang='lat' dir='ltr'><strong>martyrio</strong></span> <span class='ocrx_word' id='word_1_660' title='bbox 772 4900 1089 4972; x_wconf 78' lang='lat' dir='ltr'><strong>coronatum</strong></span> <span class='ocrx_word' id='word_1_661' title='bbox 1122 4900 1287 4956; x_wconf 86' lang='lat' dir='ltr'><strong>fuisse</strong></span> <span class='ocrx_word' id='word_1_662' title='bbox 1311 4910 1613 4972; x_wconf 76' lang='lat' dir='ltr'><strong>testantur;</strong></span> <span class='ocrx_word' id='word_1_663' title='bbox 1639 4901 1862 4970; x_wconf 87' lang='lat' dir='ltr'><strong>ejusque</strong></span> <span class='ocrx_word' id='word_1_664' title='bbox 1889 4909 2041 4954; x_wconf 91' lang='lat' dir='ltr'><strong>nata-</strong></span> 
     </span>
    </p>
   </div>
   <div class='ocr_carea' id='block_1_91' title="bbox 483 4969 2036 5043">
    <p class='ocr_par' dir='ltr' id='par_1_91' title="bbox 483 4969 2036 5043">
     <span class='ocr_line' id='line_1_91' title="bbox 483 4969 2036 5043; baseline -0.005 -11"><span class='ocrx_word' id='word_1_665' title='bbox 483 4976 553 5032; x_wconf 86' lang='lat' dir='ltr'><strong>lis</strong></span> <span class='ocrx_word' id='word_1_666' title='bbox 577 4969 691 5033; x_wconf 80' lang='lat' dir='ltr'><strong>dies</strong></span> <span class='ocrx_word' id='word_1_667' title='bbox 723 4976 780 5043; x_wconf 88' lang='lat' dir='ltr'><strong>in</strong></span> <span class='ocrx_word' id='word_1_668' title='bbox 807 4973 1025 5043; x_wconf 80' lang='lat' dir='ltr'><strong>Martyr.</strong></span> <span class='ocrx_word' id='word_1_669' title='bbox 1051 4971 1206 5043; x_wconf 72' lang='lat' dir='ltr'><strong>Rom.</strong></span> <span class='ocrx_word' id='word_1_670' title='bbox 1235 4987 1287 5024; x_wconf 85' lang='lat' dir='ltr'><strong>xi</strong></span> <span class='ocrx_word' id='word_1_671' title='bbox 1310 4969 1424 5024; x_wconf 81' lang='lat' dir='ltr'><strong>Kal.</strong></span> <span class='ocrx_word' id='word_1_672' title='bbox 1453 4969 1598 5043; x_wconf 80' lang='lat' dir='ltr'><strong>Sept.</strong></span> <span class='ocrx_word' id='word_1_673' title='bbox 1629 4969 1712 5043; x_wconf 75' lang='lat' dir='ltr'><strong>est</strong></span> <span class='ocrx_word' id='word_1_674' title='bbox 1732 4969 2036 5043; x_wconf 62' lang='lat' dir='ltr'><strong>adnotatas.</strong></span> 
     </span>
    </p>
   </div>
   <div class='ocr_carea' id='block_1_92' title="bbox 555 5039 2041 5114">
    <p class='ocr_par' dir='ltr' id='par_1_92' title="bbox 555 5039 2041 5114">
     <span class='ocr_line' id='line_1_92' title="bbox 555 5039 2041 5114; baseline -0.004 -15"><span class='ocrx_word' id='word_1_675' title='bbox 555 5045 669 5114; x_wconf 76' lang='grc'><strong>(15)</strong></span> <span class='ocrx_word' id='word_1_676' title='bbox 702 5039 1018 5114; x_wconf 73' lang='lat' dir='ltr'><strong>Exemplum</strong></span> <span class='ocrx_word' id='word_1_677' title='bbox 1077 5041 1137 5114; x_wconf 85' lang='lat' dir='ltr'><strong>S.</strong></span> <span class='ocrx_word' id='word_1_678' title='bbox 1177 5041 1370 5095; x_wconf 71' lang='lat' dir='ltr'><strong>Aureae</strong></span> <span class='ocrx_word' id='word_1_679' title='bbox 1409 5039 1615 5096; x_wconf 79' lang='lat' dir='ltr'><strong>nobiles</strong></span> <span class='ocrx_word' id='word_1_680' title='bbox 1635 5041 1754 5096; x_wconf 79' lang='lat' dir='ltr'><strong>alia:</strong></span> <span class='ocrx_word' id='word_1_681' title='bbox 1781 5039 2041 5114; x_wconf 69' lang='lat' dir='ltr'><strong>Romana:</strong></span> 
     </span>
    </p>
   </div>
   <div class='ocr_carea' id='block_1_93' title="bbox 487 5112 2038 5183">
    <p class='ocr_par' dir='ltr' id='par_1_93' title="bbox 487 5112 2038 5183">
     <span class='ocr_line' id='line_1_93' title="bbox 487 5112 2038 5183; baseline -0.006 -10"><span class='ocrx_word' id='word_1_682' title='bbox 487 5112 686 5173; x_wconf 64' lang='lat' dir='ltr'><strong>secutae</strong></span> <span class='ocrx_word' id='word_1_683' title='bbox 712 5124 864 5170; x_wconf 91' lang='lat' dir='ltr'><strong>sunt.</strong></span> <span class='ocrx_word' id='word_1_684' title='bbox 891 5112 1238 5183; x_wconf 77' lang='lat' dir='ltr'><strong>Suburbanus</strong></span> <span class='ocrx_word' id='word_1_685' title='bbox 1275 5128 1399 5183; x_wconf 84' lang='lat' dir='ltr'><strong>ager</strong></span> <span class='ocrx_word' id='word_1_686' title='bbox 1425 5114 1564 5165; x_wconf 80' lang='lat' dir='ltr'><strong>vobis</strong></span> <span class='ocrx_word' id='word_1_687' title='bbox 1595 5128 1688 5183; x_wconf 74' lang='lat' dir='ltr'><strong>pro</strong></span> <span class='ocrx_word' id='word_1_688' title='bbox 1723 5113 2038 5183; x_wconf 82' lang='lat' dir='ltr'><strong>monasterio</strong></span> 
     </span>
    </p>
   </div>
   <div class='ocr_carea' id='block_1_94' title="bbox 490 5181 2039 5256">
    <p class='ocr_par' dir='ltr' id='par_1_94' title="bbox 490 5181 2039 5256">
     <span class='ocr_line' id='line_1_94' title="bbox 490 5181 2039 5256; baseline -0.004 -16"><span class='ocrx_word' id='word_1_689' title='bbox 490 5188 612 5256; x_wconf 77' lang='lat' dir='ltr'><strong>fuit,</strong></span> <span class='ocrx_word' id='word_1_690' title='bbox 630 5197 680 5239; x_wconf 86' lang='lat' dir='ltr'><strong>et</strong></span> <span class='ocrx_word' id='word_1_691' title='bbox 701 5201 790 5237; x_wconf 88' lang='lat' dir='ltr'><strong>rus</strong></span> <span class='ocrx_word' id='word_1_692' title='bbox 813 5184 1032 5237; x_wconf 85' lang='lat' dir='ltr'><strong>electum</strong></span> <span class='ocrx_word' id='word_1_693' title='bbox 1053 5199 1144 5256; x_wconf 84' lang='lat' dir='ltr'><strong>pro</strong></span> <span class='ocrx_word' id='word_1_694' title='bbox 1161 5181 1482 5256; x_wconf 68' lang='lat' dir='ltr'><strong>solitudine:</strong></span> <span class='ocrx_word' id='word_1_695' title='bbox 1509 5181 1774 5256; x_wconf 80' lang='lat' dir='ltr'><strong>multoque</strong></span> <span class='ocrx_word' id='word_1_696' title='bbox 1803 5182 1877 5234; x_wconf 87' lang='lat' dir='ltr'><strong>ita</strong></span> <span class='ocrx_word' id='word_1_697' title='bbox 1901 5181 2039 5256; x_wconf 74' lang='lat' dir='ltr'><strong>vixi-</strong></span> 
     </span>
    </p>
   </div>
   <div class='ocr_carea' id='block_1_95' title="bbox 491 5253 2040 5323">
    <p class='ocr_par' dir='ltr' id='par_1_95' title="bbox 491 5253 2040 5323">
     <span class='ocr_line' id='line_1_95' title="bbox 491 5253 2040 5323; baseline -0.004 -12"><span class='ocrx_word' id='word_1_698' title='bbox 491 5253 588 5311; x_wconf 78' lang='lat' dir='ltr'><strong>stis</strong></span> <span class='ocrx_word' id='word_1_699' title='bbox 623 5266 879 5323; x_wconf 85' lang='lat' dir='ltr'><strong>tempore,</strong></span> <span class='ocrx_word' id='word_1_700' title='bbox 924 5265 978 5308; x_wconf 87' lang='lat' dir='ltr'><strong>ut</strong></span> <span class='ocrx_word' id='word_1_701' title='bbox 1019 5267 1084 5306; x_wconf 72' lang='lat' dir='ltr'><strong>ex</strong></span> <span class='ocrx_word' id='word_1_702' title='bbox 1121 5255 1416 5323; x_wconf 60' lang='lat' dir='ltr'><strong>imitatione</strong></span> <span class='ocrx_word' id='word_1_703' title='bbox 1449 5253 1604 5307; x_wconf 79' lang='lat' dir='ltr'><strong>uestri</strong></span> <span class='ocrx_word' id='word_1_704' title='bbox 1641 5262 1691 5323; x_wconf 70' lang='lat' dir='ltr'><strong>et</strong></span> <span class='ocrx_word' id='word_1_705' title='bbox 1711 5254 2040 5323; x_wconf 72' lang='lat' dir='ltr'><strong>conuersione</strong></span> 
     </span>
    </p>
   </div>
   <div class='ocr_carea' id='block_1_96' title="bbox 486 5321 2034 5395">
    <p class='ocr_par' dir='ltr' id='par_1_96' title="bbox 486 5321 2034 5395">
     <span class='ocr_line' id='line_1_96' title="bbox 486 5321 2034 5395; baseline -0.004 -14"><span class='ocrx_word' id='word_1_706' title='bbox 486 5321 793 5392; x_wconf 80' lang='lat' dir='ltr'><strong>multarum,</strong></span> <span class='ocrx_word' id='word_1_707' title='bbox 814 5325 1154 5395; x_wconf 54' lang='lat' dir='ltr'><strong>gauderemus</strong></span> <span class='ocrx_word' id='word_1_708' title='bbox 1177 5321 1395 5395; x_wconf 77' lang='lat' dir='ltr'><strong>Romam</strong></span> <span class='ocrx_word' id='word_1_709' title='bbox 1411 5323 1608 5392; x_wconf 85' lang='lat' dir='ltr'><strong>factam</strong></span> <span class='ocrx_word' id='word_1_710' title='bbox 1632 5321 2034 5392; x_wconf 82' lang='lat' dir='ltr'><strong>Jerosolymam.</strong></span> 
     </span>
    </p>
   </div>
   <div class='ocr_carea' id='block_1_97' title="bbox 491 5392 1897 5466">
    <p class='ocr_par' dir='ltr' id='par_1_97' title="bbox 491 5392 1897 5466">
     <span class='ocr_line' id='line_1_97' title="bbox 491 5392 1897 5466; baseline -0.012 -14"><span class='ocrx_word' id='word_1_711' title='bbox 491 5398 549 5453; x_wconf 90' lang='lat' dir='ltr'><strong>S.</strong></span> <span class='ocrx_word' id='word_1_712' title='bbox 581 5396 752 5460; x_wconf 84' lang='lat' dir='ltr'><strong>llier.,</strong></span> <span class='ocrx_word' id='word_1_713' title='bbox 783 5392 868 5466; x_wconf 81' lang='lat' dir='ltr'><strong>ep.</strong></span> <span class='ocrx_word' id='word_1_714' title='bbox 901 5394 987 5466; x_wconf 74' lang='grc'><strong>16,</strong></span> <span class='ocrx_word' id='word_1_715' title='bbox 1020 5395 1086 5448; x_wconf 87' lang='lat' dir='ltr'><strong>ad</strong></span> <span class='ocrx_word' id='word_1_716' title='bbox 1116 5392 1353 5466; x_wconf 68' lang='lat' dir='ltr'><strong>Princip.</strong></span> <span class='ocrx_word' id='word_1_717' title='bbox 1483 5461 1531 5466; x_wconf 85' lang='lat'>__</span> <span class='ocrx_word' id='word_1_718' title='bbox 1588 5463 1596 5466; x_wconf 22' lang='grc' dir='ltr'><strong>Α</strong></span> <span class='ocrx_word' id='word_1_719' title='bbox 1659 5463 1668 5466; x_wconf 80' lang='lat'>_</span> <span class='ocrx_word' id='word_1_720' title='bbox 1751 5463 1762 5466; x_wconf 26' lang='grc' dir='ltr'><strong>Α</strong></span> <span class='ocrx_word' id='word_1_721' title='bbox 1852 5461 1862 5466; x_wconf 28' lang='grc' dir='ltr'><strong>Δ</strong></span> <span class='ocrx_word' id='word_1_722' title='bbox 1889 5426 1897 5435; x_wconf 95' lang='grc'><strong>.</strong></span> 
     </span>
    </p>
   </div>
   <div class='ocr_carea' id='block_1_98' title="bbox 563 5457 2039 5540">
    <p class='ocr_par' dir='ltr' id='par_1_98' title="bbox 563 5457 2039 5540">
     <span class='ocr_line' id='line_1_98' title="bbox 563 5457 2039 5540; baseline -0.004 -18"><span class='ocrx_word' id='word_1_723' title='bbox 563 5467 676 5540; x_wconf 66' lang='grc'><strong>(14)</strong></span> <span class='ocrx_word' id='word_1_724' title='bbox 712 5457 840 5522; x_wconf 69' lang='grc' dir='ltr'><strong>11ωό</strong></span> <span class='ocrx_word' id='word_1_725' title='bbox 866 5457 1039 5520; x_wconf 79' lang='lat' dir='ltr'><strong>ollicia</strong></span> <span class='ocrx_word' id='word_1_726' title='bbox 1059 5467 1259 5540; x_wconf 80' lang='lat' dir='ltr'><strong>usitata</strong></span> <span class='ocrx_word' id='word_1_727' title='bbox 1274 5457 1446 5519; x_wconf 68' lang='lat' dir='ltr'><strong>fuisse</strong></span> <span class='ocrx_word' id='word_1_728' title='bbox 1473 5461 1796 5540; x_wconf 77' lang='lat' dir='ltr'><strong>Christianis</strong></span> <span class='ocrx_word' id='word_1_729' title='bbox 1815 5461 2039 5540; x_wconf 78' lang='lat' dir='ltr'><strong>virgini-</strong></span> 
     </span>
    </p>
   </div>
   <div class='ocr_carea' id='block_1_99' title="bbox 490 5534 2038 5608">
    <p class='ocr_par' dir='ltr' id='par_1_99' title="bbox 490 5534 2038 5608">
     <span class='ocr_line' id='line_1_99' title="bbox 490 5534 2038 5608; baseline -0.003 -14"><span class='ocrx_word' id='word_1_730' title='bbox 490 5534 592 5594; x_wconf 80' lang='lat' dir='ltr'><strong>bus</strong></span> <span class='ocrx_word' id='word_1_731' title='bbox 617 5534 742 5608; x_wconf 79' lang='lat' dir='ltr'><strong>erga</strong></span> <span class='ocrx_word' id='word_1_732' title='bbox 769 5546 1031 5608; x_wconf 84' lang='lat' dir='ltr'><strong>martyres</strong></span> <span class='ocrx_word' id='word_1_733' title='bbox 1062 5535 1263 5608; x_wconf 65' lang='lat' dir='ltr'><strong>mirum</strong></span> <span class='ocrx_word' id='word_1_734' title='bbox 1301 5550 1410 5588; x_wconf 91' lang='lat' dir='ltr'><strong>non</strong></span> <span class='ocrx_word' id='word_1_735' title='bbox 1430 5542 1707 5608; x_wconf 79' lang='lat' dir='ltr'><strong>-e_st,_eut_n</strong></span> <span class='ocrx_word' id='word_1_736' title='bbox 1733 5534 2038 5608; x_wconf 81' lang='lat' dir='ltr'><strong>hospitibus</strong></span> 
     </span>
    </p>
   </div>
   <div class='ocr_carea' id='block_1_100' title="bbox 488 5601 1894 5678">
    <p class='ocr_par' dir='ltr' id='par_1_100' title="bbox 488 5601 1894 5678">
     <span class='ocr_line' id='line_1_100' title="bbox 488 5601 1894 5678; baseline -0.004 -15"><span class='ocrx_word' id='word_1_737' title='bbox 488 5601 1032 5678; x_wconf 65' lang='lat' dir='ltr'><strong>eadem&quot;praestarent.</strong></span> <span class='ocrx_word' id='word_1_738' title='bbox 1062 5603 1414 5678; x_wconf 68' lang='lat' dir='ltr'><strong>_Vid.Soz_om._</strong></span> <span class='ocrx_word' id='word_1_739' title='bbox 1435 5602 1508 5657; x_wconf 81' lang='grc' dir='ltr'><strong>Η.</strong></span> <span class='ocrx_word' id='word_1_740' title='bbox 1545 5601 1637 5669; x_wconf 85' lang='grc' dir='ltr'><strong>Ε.,</strong></span> <span class='ocrx_word' id='word_1_741' title='bbox 1665 5604 1702 5658; x_wconf 92' lang='lat' dir='ltr'><strong>l.</strong></span> <span class='ocrx_word' id='word_1_742' title='bbox 1732 5620 1780 5678; x_wconf 57' lang='grc' dir='ltr'><strong>ι,</strong></span> <span class='ocrx_word' id='word_1_743' title='bbox 1805 5601 1894 5678; x_wconf 81' lang='grc'><strong>11.</strong></span> 
     </span>
    </p>
   </div>
   <div class='ocr_carea' id='block_1_101' title="bbox 563 5673 2039 5748">
    <p class='ocr_par' dir='ltr' id='par_1_101' title="bbox 563 5673 2039 5748">
     <span class='ocr_line' id='line_1_101' title="bbox 563 5673 2039 5748; baseline -0.001 -18"><span class='ocrx_word' id='word_1_744' title='bbox 563 5677 673 5748; x_wconf 76' lang='grc'><strong>(15)</strong></span> <span class='ocrx_word' id='word_1_745' title='bbox 701 5673 1034 5748; x_wconf 68' lang='grc' dir='ltr'><strong>Ἶερουργὶα,</strong></span> <span class='ocrx_word' id='word_1_746' title='bbox 1053 5675 1338 5748; x_wconf 72' lang='lat' dir='ltr'><strong>lzierurgia,</strong></span> <span class='ocrx_word' id='word_1_747' title='bbox 1363 5674 1454 5748; x_wconf 79' lang='lat' dir='ltr'><strong>hic</strong></span> <span class='ocrx_word' id='word_1_748' title='bbox 1477 5689 1582 5748; x_wconf 87' lang='lat' dir='ltr'><strong>pro</strong></span> <span class='ocrx_word' id='word_1_749' title='bbox 1609 5673 1875 5748; x_wconf 81' lang='lat' dir='ltr'><strong>sacrificio</strong></span> <span class='ocrx_word' id='word_1_750' title='bbox 1905 5673 2039 5748; x_wconf 84' lang='lat' dir='ltr'><strong>mis-</strong></span> 
     </span>
    </p>
   </div>
   <div class='ocr_carea' id='block_1_102' title="bbox 488 5744 2036 5817">
    <p class='ocr_par' dir='ltr' id='par_1_102' title="bbox 488 5744 2036 5817">
     <span class='ocr_line' id='line_1_102' title="bbox 488 5744 2036 5817; baseline -0.004 -12"><span class='ocrx_word' id='word_1_751' title='bbox 488 5763 563 5805; x_wconf 70' lang='lat' dir='ltr'><strong>sa</strong></span> <span class='ocrx_word' id='word_1_752' title='bbox 584 5744 870 5802; x_wconf 78' lang='lat' dir='ltr'><strong>manifeste</strong></span> <span class='ocrx_word' id='word_1_753' title='bbox 888 5744 1180 5817; x_wconf 79' lang='lat' dir='ltr'><strong>accipitur,</strong></span> <span class='ocrx_word' id='word_1_754' title='bbox 1201 5744 1364 5816; x_wconf 84' lang='lat' dir='ltr'><strong>quam</strong></span> <span class='ocrx_word' id='word_1_755' title='bbox 1395 5744 1559 5815; x_wconf 83' lang='lat' dir='ltr'><strong>hujus</strong></span> <span class='ocrx_word' id='word_1_756' title='bbox 1585 5745 1734 5801; x_wconf 85' lang='lat' dir='ltr'><strong>vocis</strong></span> <span class='ocrx_word' id='word_1_757' title='bbox 1761 5745 2036 5814; x_wconf 88' lang='lat' dir='ltr'><strong>propriam</strong></span> 
     </span>
    </p>
   </div>
   <div class='ocr_carea' id='block_1_103' title="bbox 2149 3849 3708 3924">
    <p class='ocr_par' dir='ltr' id='par_1_103' title="bbox 2149 3849 3708 3924">
     <span class='ocr_line' id='line_1_103' title="bbox 2149 3849 3708 3924; baseline -0.003 -14"><span class='ocrx_word' id='word_1_758' title='bbox 2149 3853 2596 3924; x_wconf 83' lang='lat' dir='ltr'><strong>significationem</strong></span> <span class='ocrx_word' id='word_1_759' title='bbox 2648 3851 2823 3923; x_wconf 88' lang='lat' dir='ltr'><strong>quoad</strong></span> <span class='ocrx_word' id='word_1_760' title='bbox 2871 3852 3047 3923; x_wconf 91' lang='lat' dir='ltr'><strong>potuit</strong></span> <span class='ocrx_word' id='word_1_761' title='bbox 3080 3850 3380 3924; x_wconf 84' lang='lat' dir='ltr'><strong>suppressit</strong></span> <span class='ocrx_word' id='word_1_762' title='bbox 3425 3849 3708 3924; x_wconf 10' lang='lat' dir='ltr'><strong>Sviﬁeerus.</strong></span> 
     </span>
    </p>
   </div>
   <div class='ocr_carea' id='block_1_104' title="bbox 2148 3922 3714 3992">
    <p class='ocr_par' dir='ltr' id='par_1_104' title="bbox 2148 3922 3714 3992">
     <span class='ocr_line' id='line_1_104' title="bbox 2148 3922 3714 3992; baseline 0.001 -14"><span class='ocrx_word' id='word_1_763' title='bbox 2148 3922 2468 3980; x_wconf 82' lang='lat' dir='ltr'><strong>Recentiora</strong></span> <span class='ocrx_word' id='word_1_764' title='bbox 2492 3935 2618 3978; x_wconf 89' lang='lat' dir='ltr'><strong>sunt</strong></span> <span class='ocrx_word' id='word_1_765' title='bbox 2641 3922 2822 3978; x_wconf 87' lang='lat' dir='ltr'><strong>autem</strong></span> <span class='ocrx_word' id='word_1_766' title='bbox 2846 3922 3047 3977; x_wconf 76' lang='lat' dir='ltr'><strong>nostris</strong></span> <span class='ocrx_word' id='word_1_767' title='bbox 3073 3922 3222 3976; x_wconf 83' lang='lat' dir='ltr'><strong>Actis</strong></span> <span class='ocrx_word' id='word_1_768' title='bbox 3251 3923 3562 3976; x_wconf 88' lang='lat' dir='ltr'><strong>testimonia</strong></span> <span class='ocrx_word' id='word_1_769' title='bbox 3587 3939 3714 3992; x_wconf 71' lang='lat' dir='ltr'><strong>qua:</strong></span> 
     </span>
    </p>
   </div>
   <div class='ocr_carea' id='block_1_105' title="bbox 2145 3991 3714 4065">
    <p class='ocr_par' dir='ltr' id='par_1_105' title="bbox 2145 3991 3714 4065">
     <span class='ocr_line' id='line_1_105' title="bbox 2145 3991 3714 4065; baseline -0.001 -16"><span class='ocrx_word' id='word_1_770' title='bbox 2145 3995 2380 4065; x_wconf 83' lang='lat' dir='ltr'><strong>profert;</strong></span> <span class='ocrx_word' id='word_1_771' title='bbox 2426 4004 2485 4065; x_wconf 82' lang='lat' dir='ltr'><strong>ut</strong></span> <span class='ocrx_word' id='word_1_772' title='bbox 2511 3993 2912 4065; x_wconf 68' lang='lat' dir='ltr'><strong>vetustissimus</strong></span> <span class='ocrx_word' id='word_1_773' title='bbox 2955 3993 3195 4065; x_wconf 80' lang='lat' dir='ltr'><strong>hujusce</strong></span> <span class='ocrx_word' id='word_1_774' title='bbox 3225 3991 3375 4065; x_wconf 81' lang='lat' dir='ltr'><strong>vocis</strong></span> <span class='ocrx_word' id='word_1_775' title='bbox 3405 4007 3542 4065; x_wconf 83' lang='lat' dir='ltr'><strong>usus</strong></span> <span class='ocrx_word' id='word_1_776' title='bbox 3582 3991 3714 4048; x_wconf 88' lang='lat' dir='ltr'><strong>inde</strong></span> 
     </span>
    </p>
   </div>
   <div class='ocr_carea' id='block_1_106' title="bbox 2147 4061 3712 4135">
    <p class='ocr_par' dir='ltr' id='par_1_106' title="bbox 2147 4061 3712 4135">
     <span class='ocr_line' id='line_1_106' title="bbox 2147 4061 3712 4135; baseline -0.001 -17"><span class='ocrx_word' id='word_1_777' title='bbox 2147 4061 2419 4135; x_wconf 74' lang='lat' dir='ltr'><strong>appareat.</strong></span> <span class='ocrx_word' id='word_1_778' title='bbox 2455 4063 2608 4128; x_wconf 84' lang='lat' dir='ltr'><strong>Quod</strong></span> <span class='ocrx_word' id='word_1_779' title='bbox 2639 4061 3152 4135; x_wconf 25' lang='lat' dir='ltr'><strong>SsMaximuscum</strong></span> <span class='ocrx_word' id='word_1_780' title='bbox 3182 4062 3398 4135; x_wconf 81' lang='lat' dir='ltr'><strong>hymnis</strong></span> <span class='ocrx_word' id='word_1_781' title='bbox 3426 4070 3479 4135; x_wconf 82' lang='lat' dir='ltr'><strong>et</strong></span> <span class='ocrx_word' id='word_1_782' title='bbox 3530 4062 3712 4116; x_wconf 60' lang='lat' dir='ltr'><strong>laudi-</strong></span> 
     </span>
    </p>
   </div>
   <div class='ocr_carea' id='block_1_107' title="bbox 2145 4131 3710 4196">
    <p class='ocr_par' dir='ltr' id='par_1_107' title="bbox 2145 4131 3710 4196">
     <span class='ocr_line' id='line_1_107' title="bbox 2145 4131 3710 4196; baseline -0.001 -7"><span class='ocrx_word' id='word_1_783' title='bbox 2145 4131 2250 4189; x_wconf 72' lang='lat' dir='ltr'><strong>bus</strong></span> <span class='ocrx_word' id='word_1_784' title='bbox 2281 4135 2500 4189; x_wconf 69' lang='lat' dir='ltr'><strong>offerret</strong></span> <span class='ocrx_word' id='word_1_785' title='bbox 2550 4133 2876 4188; x_wconf 85' lang='lat' dir='ltr'><strong>sacrificium</strong></span> <span class='ocrx_word' id='word_1_786' title='bbox 2933 4131 3295 4196; x_wconf 86' lang='lat' dir='ltr'><strong>incruentum,</strong></span> <span class='ocrx_word' id='word_1_787' title='bbox 3340 4131 3392 4184; x_wconf 92' lang='lat' dir='ltr'><strong>id</strong></span> <span class='ocrx_word' id='word_1_788' title='bbox 3439 4132 3710 4187; x_wconf 88' lang='lat' dir='ltr'><strong>Actorum</strong></span> 
     </span>
    </p>
   </div>
   <div class='ocr_carea' id='block_1_108' title="bbox 2145 4201 3712 4270">
    <p class='ocr_par' dir='ltr' id='par_1_108' title="bbox 2145 4201 3712 4270">
     <span class='ocr_line' id='line_1_108' title="bbox 2145 4201 3712 4270; baseline -0.001 -12"><span class='ocrx_word' id='word_1_789' title='bbox 2145 4205 2398 4260; x_wconf 84' lang='lat' dir='ltr'><strong>vetustati</strong></span> <span class='ocrx_word' id='word_1_790' title='bbox 2433 4203 2642 4257; x_wconf 87' lang='lat' dir='ltr'><strong>videtur</strong></span> <span class='ocrx_word' id='word_1_791' title='bbox 2697 4203 3063 4269; x_wconf 87' lang='lat' dir='ltr'><strong>tribuendum,</strong></span> <span class='ocrx_word' id='word_1_792' title='bbox 3115 4213 3401 4270; x_wconf 87' lang='lat' dir='ltr'><strong>antequam</strong></span> <span class='ocrx_word' id='word_1_793' title='bbox 3453 4201 3712 4257; x_wconf 89' lang='lat' dir='ltr'><strong>decretus</strong></span> 
     </span>
    </p>
   </div>
   <div class='ocr_carea' id='block_1_109' title="bbox 2146 4271 3711 4343">
    <p class='ocr_par' dir='ltr' id='par_1_109' title="bbox 2146 4271 3711 4343">
     <span class='ocr_line' id='line_1_109' title="bbox 2146 4271 3711 4343; baseline -0.004 -13"><span class='ocrx_word' id='word_1_794' title='bbox 2146 4284 2292 4330; x_wconf 88' lang='lat' dir='ltr'><strong>esset</strong></span> <span class='ocrx_word' id='word_1_795' title='bbox 2319 4282 2497 4329; x_wconf 89' lang='lat' dir='ltr'><strong>certus</strong></span> <span class='ocrx_word' id='word_1_796' title='bbox 2525 4273 2813 4343; x_wconf 70' lang='lat' dir='ltr'><strong>hierurgiae</strong></span> <span class='ocrx_word' id='word_1_797' title='bbox 2838 4273 3007 4343; x_wconf 82' lang='lat' dir='ltr'><strong>ordo;</strong></span> <span class='ocrx_word' id='word_1_798' title='bbox 3043 4273 3124 4325; x_wconf 86' lang='lat' dir='ltr'><strong>vel</strong></span> <span class='ocrx_word' id='word_1_799' title='bbox 3157 4271 3552 4343; x_wconf 81' lang='lat' dir='ltr'><strong>persecutionis</strong></span> <span class='ocrx_word' id='word_1_800' title='bbox 3573 4282 3711 4343; x_wconf 67' lang='lat' dir='ltr'><strong>tern-</strong></span> 
     </span>
    </p>
   </div>
   <div class='ocr_carea' id='block_1_110' title="bbox 2183 4340 3706 4413">
    <p class='ocr_par' dir='ltr' id='par_1_110' title="bbox 2183 4340 3706 4413">
     <span class='ocr_line' id='line_1_110' title="bbox 2183 4340 3706 4413; baseline -0.002 -14"><span class='ocrx_word' id='word_1_801' title='bbox 2183 4345 2295 4408; x_wconf 91' lang='lat' dir='ltr'><strong>ori,</strong></span> <span class='ocrx_word' id='word_1_802' title='bbox 2350 4359 2458 4413; x_wconf 92' lang='lat' dir='ltr'><strong>quo</strong></span> <span class='ocrx_word' id='word_1_803' title='bbox 2503 4340 2803 4413; x_wconf 79' lang='lat' dir='ltr'><strong>breviorem</strong></span> <span class='ocrx_word' id='word_1_804' title='bbox 2854 4341 3372 4413; x_wconf 23' lang='lat' dir='ltr'><strong>fuisseﬂliturgiam,</strong></span> <span class='ocrx_word' id='word_1_805' title='bbox 3431 4340 3588 4413; x_wconf 81' lang='lat' dir='ltr'><strong>docet</strong></span> <span class='ocrx_word' id='word_1_806' title='bbox 3639 4341 3706 4397; x_wconf 86' lang='grc' dir='ltr'><strong>Ε.</strong></span> 
     </span>
    </p>
   </div>
   <div class='ocr_carea' id='block_1_111' title="bbox 2193 4411 3709 4483">
    <p class='ocr_par' dir='ltr' id='par_1_111' title="bbox 2193 4411 3709 4483">
     <span class='ocr_line' id='line_1_111' title="bbox 2193 4411 3709 4483; baseline -0.003 -15"><span class='ocrx_word' id='word_1_807' title='bbox 2193 4430 2317 4468; x_wconf 90' lang='lat' dir='ltr'><strong>ona.</strong></span> <span class='ocrx_word' id='word_1_808' title='bbox 2367 4411 2607 4482; x_wconf 76' lang='lat' dir='ltr'><strong>Hymnus</strong></span> <span class='ocrx_word' id='word_1_809' title='bbox 2648 4412 2866 4483; x_wconf 83' lang='lat' dir='ltr'><strong>quidem</strong></span> <span class='ocrx_word' id='word_1_810' title='bbox 2908 4411 3132 4480; x_wconf 82' lang='lat' dir='ltr'><strong>intelligi</strong></span> <span class='ocrx_word' id='word_1_811' title='bbox 3172 4418 3349 4483; x_wconf 71' lang='lat' dir='ltr'><strong>potest</strong></span> <span class='ocrx_word' id='word_1_812' title='bbox 3381 4411 3648 4483; x_wconf 62' lang='lat' dir='ltr'><strong>angelicas</strong></span> <span class='ocrx_word' id='word_1_813' title='bbox 3687 4425 3709 4464; x_wconf 93' lang='lat'><strong><em>:</em></strong></span> 
     </span>
    </p>
   </div>
   <div class='ocr_carea' id='block_1_112' title="bbox 2142 4477 3711 4547">
    <p class='ocr_par' dir='ltr' id='par_1_112' title="bbox 2142 4477 3711 4547">
     <span class='ocr_line' id='line_1_112' title="bbox 2142 4477 3711 4547; baseline -0.001 -9"><span class='ocrx_word' id='word_1_814' title='bbox 2142 4483 2325 4538; x_wconf 84' lang='lat' dir='ltr'><strong>Gloria</strong></span> <span class='ocrx_word' id='word_1_815' title='bbox 2363 4477 2443 4537; x_wconf 71' lang='grc' dir='ltr'><strong>ἐπ’</strong></span> <span class='ocrx_word' id='word_1_816' title='bbox 2457 4477 2712 4547; x_wconf 69' lang='lat' dir='ltr'><strong>excelsis;</strong></span> <span class='ocrx_word' id='word_1_817' title='bbox 2751 4477 2944 4537; x_wconf 82' lang='lat' dir='ltr'><strong>laudes</strong></span> <span class='ocrx_word' id='word_1_818' title='bbox 2972 4477 3100 4536; x_wconf 83' lang='lat' dir='ltr'><strong>vero</strong></span> <span class='ocrx_word' id='word_1_819' title='bbox 3136 4477 3248 4536; x_wconf 77' lang='lat' dir='ltr'><strong>sive</strong></span> <span class='ocrx_word' id='word_1_820' title='bbox 3289 4477 3431 4533; x_wconf 76' lang='grc' dir='ltr'><strong>αἶνοι</strong></span> <span class='ocrx_word' id='word_1_821' title='bbox 3457 4477 3711 4537; x_wconf 87' lang='lat' dir='ltr'><strong>Psalmo-</strong></span> 
     </span>
    </p>
   </div>
   <div class='ocr_carea' id='block_1_113' title="bbox 2139 4547 3595 4623">
    <p class='ocr_par' dir='ltr' id='par_1_113' title="bbox 2139 4547 3595 4623">
     <span class='ocr_line' id='line_1_113' title="bbox 2139 4547 3595 4623; baseline -0.003 -14"><span class='ocrx_word' id='word_1_822' title='bbox 2139 4569 2260 4609; x_wconf 88' lang='lat' dir='ltr'><strong>rum</strong></span> <span class='ocrx_word' id='word_1_823' title='bbox 2294 4563 2404 4609; x_wconf 90' lang='lat' dir='ltr'><strong>tres</strong></span> <span class='ocrx_word' id='word_1_824' title='bbox 2433 4553 2715 4623; x_wconf 90' lang='lat' dir='ltr'><strong>postremi,</strong></span> <span class='ocrx_word' id='word_1_825' title='bbox 2747 4553 2841 4622; x_wconf 91' lang='lat' dir='ltr'><strong>qui</strong></span> <span class='ocrx_word' id='word_1_826' title='bbox 2871 4567 2901 4607; x_wconf 89' lang='lat' dir='ltr'><strong>a</strong></span> <span class='ocrx_word' id='word_1_827' title='bbox 2933 4551 3134 4607; x_wconf 82' lang='lat' dir='ltr'><strong>Graecis</strong></span> <span class='ocrx_word' id='word_1_828' title='bbox 3160 4547 3299 4605; x_wconf 83' lang='grc' dir='ltr'><strong>αῑνοι</strong></span> <span class='ocrx_word' id='word_1_829' title='bbox 3319 4551 3595 4605; x_wconf 89' lang='lat' dir='ltr'><strong>dicuntur.</strong></span> 
     </span>
    </p>
   </div>
   <div class='ocr_carea' id='block_1_114' title="bbox 2217 4687 3714 4762">
    <p class='ocr_par' dir='ltr' id='par_1_114' title="bbox 2217 4687 3714 4762">
     <span class='ocr_line' id='line_1_114' title="bbox 2217 4687 3714 4762; baseline 0 -18"><span class='ocrx_word' id='word_1_830' title='bbox 2217 4687 2329 4762; x_wconf 83' lang='grc'><strong>(16)</strong></span> <span class='ocrx_word' id='word_1_831' title='bbox 2357 4689 2438 4745; x_wconf 85' lang='lat' dir='ltr'><strong>Ad</strong></span> <span class='ocrx_word' id='word_1_832' title='bbox 2485 4689 3023 4762; x_wconf 11' lang='lat' dir='ltr'><strong>apostolorumgActa</strong></span> <span class='ocrx_word' id='word_1_833' title='bbox 3051 4689 3373 4744; x_wconf 88' lang='lat' dir='ltr'><strong>illustranda</strong></span> <span class='ocrx_word' id='word_1_834' title='bbox 3397 4689 3491 4744; x_wconf 92' lang='lat' dir='ltr'><strong>ubi</strong></span> <span class='ocrx_word' id='word_1_835' title='bbox 3522 4704 3714 4762; x_wconf 62' lang='lat' dir='ltr'><strong>sermo</strong></span> 
     </span>
    </p>
   </div>
   <div class='ocr_carea' id='block_1_115' title="bbox 2140 4758 3713 4817">
    <p class='ocr_par' dir='ltr' id='par_1_115' title="bbox 2140 4758 3713 4817">
     <span class='ocr_line' id='line_1_115' title="bbox 2140 4758 3713 4817; baseline -0.001 -1"><span class='ocrx_word' id='word_1_836' title='bbox 2140 4758 2236 4817; x_wconf 75' lang='lat' dir='ltr'><strong>est</strong></span> <span class='ocrx_word' id='word_1_837' title='bbox 2255 4758 2322 4816; x_wconf 85' lang='lat' dir='ltr'><strong>de</strong></span> <span class='ocrx_word' id='word_1_838' title='bbox 2360 4758 2604 4816; x_wconf 84' lang='lat' dir='ltr'><strong>custodia</strong></span> <span class='ocrx_word' id='word_1_839' title='bbox 2641 4761 2697 4815; x_wconf 89' lang='lat' dir='ltr'><strong>S.</strong></span> <span class='ocrx_word' id='word_1_840' title='bbox 2748 4759 2891 4814; x_wconf 86' lang='lat' dir='ltr'><strong>Petri</strong></span> <span class='ocrx_word' id='word_1_841' title='bbox 2919 4762 2986 4814; x_wconf 92' lang='lat' dir='ltr'><strong>ad</strong></span> <span class='ocrx_word' id='word_1_842' title='bbox 3031 4776 3220 4815; x_wconf 90' lang='lat' dir='ltr'><strong>necem</strong></span> <span class='ocrx_word' id='word_1_843' title='bbox 3266 4761 3467 4815; x_wconf 88' lang='lat' dir='ltr'><strong>servati</strong></span> <span class='ocrx_word' id='word_1_844' title='bbox 3490 4761 3561 4814; x_wconf 89' lang='lat' dir='ltr'><strong>ab</strong></span> <span class='ocrx_word' id='word_1_845' title='bbox 3597 4758 3713 4814; x_wconf 82' lang='lat' dir='ltr'><strong>He-</strong></span> 
     </span>
    </p>
   </div>
   <div class='ocr_carea' id='block_1_116' title="bbox 2141 4829 3708 4901">
    <p class='ocr_par' dir='ltr' id='par_1_116' title="bbox 2141 4829 3708 4901">
     <span class='ocr_line' id='line_1_116' title="bbox 2141 4829 3708 4901; baseline -0.001 -16"><span class='ocrx_word' id='word_1_846' title='bbox 2141 4833 2270 4886; x_wconf 83' lang='lat' dir='ltr'><strong>rode</strong></span> <span class='ocrx_word' id='word_1_847' title='bbox 2311 4829 2566 4901; x_wconf 76' lang='lat' dir='ltr'><strong>Agrjppa,</strong></span> <span class='ocrx_word' id='word_1_848' title='bbox 2619 4832 2860 4886; x_wconf 88' lang='lat' dir='ltr'><strong>nondum</strong></span> <span class='ocrx_word' id='word_1_849' title='bbox 2911 4830 3117 4898; x_wconf 90' lang='lat' dir='ltr'><strong>aliquid</strong></span> <span class='ocrx_word' id='word_1_850' title='bbox 3160 4830 3339 4886; x_wconf 86' lang='lat' dir='ltr'><strong>simile</strong></span> <span class='ocrx_word' id='word_1_851' title='bbox 3384 4832 3440 4884; x_wconf 94' lang='lat' dir='ltr'><strong>in</strong></span> <span class='ocrx_word' id='word_1_852' title='bbox 3469 4830 3708 4901; x_wconf 87' lang='lat' dir='ltr'><strong>historia</strong></span> 
     </span>
    </p>
   </div>
   <div class='ocr_carea' id='block_1_117' title="bbox 2141 4900 3712 4971">
    <p class='ocr_par' dir='ltr' id='par_1_117' title="bbox 2141 4900 3712 4971">
     <span class='ocr_line' id='line_1_117' title="bbox 2141 4900 3712 4971; baseline -0.003 -14"><span class='ocrx_word' id='word_1_853' title='bbox 2141 4900 2478 4971; x_wconf 89' lang='lat' dir='ltr'><strong>suppetebat.</strong></span> <span class='ocrx_word' id='word_1_854' title='bbox 2513 4900 2670 4956; x_wconf 84' lang='lat' dir='ltr'><strong>Nune</strong></span> <span class='ocrx_word' id='word_1_855' title='bbox 2701 4910 2880 4955; x_wconf 88' lang='lat' dir='ltr'><strong>autem</strong></span> <span class='ocrx_word' id='word_1_856' title='bbox 2921 4910 3120 4969; x_wconf 68' lang='lat' dir='ltr'><strong>praasto</strong></span> <span class='ocrx_word' id='word_1_857' title='bbox 3165 4909 3249 4955; x_wconf 87' lang='lat' dir='ltr'><strong>est</strong></span> <span class='ocrx_word' id='word_1_858' title='bbox 3294 4901 3348 4954; x_wconf 88' lang='lat' dir='ltr'><strong>in</strong></span> <span class='ocrx_word' id='word_1_859' title='bbox 3401 4900 3520 4970; x_wconf 87' lang='lat' dir='ltr'><strong>pari</strong></span> <span class='ocrx_word' id='word_1_860' title='bbox 3555 4901 3712 4955; x_wconf 85' lang='lat' dir='ltr'><strong>mili-</strong></span> 
     </span>
    </p>
   </div>
   <div class='ocr_carea' id='block_1_118' title="bbox 2141 4971 3714 5040">
    <p class='ocr_par' dir='ltr' id='par_1_118' title="bbox 2141 4971 3714 5040">
     <span class='ocr_line' id='line_1_118' title="bbox 2141 4971 3714 5040; baseline -0.002 -15"><span class='ocrx_word' id='word_1_861' title='bbox 2141 4981 2255 5026; x_wconf 89' lang='lat' dir='ltr'><strong>tum</strong></span> <span class='ocrx_word' id='word_1_862' title='bbox 2293 4987 2540 5040; x_wconf 81' lang='lat' dir='ltr'><strong>numero,</strong></span> <span class='ocrx_word' id='word_1_863' title='bbox 2573 4985 2872 5040; x_wconf 90' lang='lat' dir='ltr'><strong>eorumque</strong></span> <span class='ocrx_word' id='word_1_864' title='bbox 2914 4971 3032 5040; x_wconf 92' lang='lat' dir='ltr'><strong>pari</strong></span> <span class='ocrx_word' id='word_1_865' title='bbox 3072 4973 3241 5036; x_wconf 88' lang='lat' dir='ltr'><strong>exitu,</strong></span> <span class='ocrx_word' id='word_1_866' title='bbox 3289 4972 3540 5040; x_wconf 87' lang='lat' dir='ltr'><strong>quamvis</strong></span> <span class='ocrx_word' id='word_1_867' title='bbox 3583 4971 3714 5024; x_wconf 83' lang='lat' dir='ltr'><strong>feli-</strong></span> 
     </span>
    </p>
   </div>
   <div class='ocr_carea' id='block_1_119' title="bbox 2141 5039 3712 5112">
    <p class='ocr_par' dir='ltr' id='par_1_119' title="bbox 2141 5039 3712 5112">
     <span class='ocr_line' id='line_1_119' title="bbox 2141 5039 3712 5112; baseline -0.003 -15"><span class='ocrx_word' id='word_1_868' title='bbox 2141 5042 2291 5098; x_wconf 91' lang='lat' dir='ltr'><strong>ciori.</strong></span> <span class='ocrx_word' id='word_1_869' title='bbox 2323 5039 2457 5096; x_wconf 89' lang='lat' dir='ltr'><strong>Nam</strong></span> <span class='ocrx_word' id='word_1_870' title='bbox 2493 5041 2735 5112; x_wconf 81' lang='lat' dir='ltr'><strong>Herodes</strong></span> <span class='ocrx_word' id='word_1_871' title='bbox 2759 5039 2879 5112; x_wconf 85' lang='lat' dir='ltr'><strong>cum</strong></span> <span class='ocrx_word' id='word_1_872' title='bbox 2913 5039 3320 5112; x_wconf 12' lang='lat' dir='ltr'><strong>requisisset,iet</strong></span> <span class='ocrx_word' id='word_1_873' title='bbox 3341 5057 3443 5093; x_wconf 89' lang='lat' dir='ltr'><strong>non</strong></span> <span class='ocrx_word' id='word_1_874' title='bbox 3476 5041 3712 5112; x_wconf 67' lang='lat' dir='ltr'><strong>inuenis-</strong></span> 
     </span>
    </p>
   </div>
   <div class='ocr_carea' id='block_1_120' title="bbox 2139 5109 3709 5182">
    <p class='ocr_par' dir='ltr' id='par_1_120' title="bbox 2139 5109 3709 5182">
     <span class='ocr_line' id='line_1_120' title="bbox 2139 5109 3709 5182; baseline -0.003 -15"><span class='ocrx_word' id='word_1_875' title='bbox 2139 5121 2236 5178; x_wconf 84' lang='lat' dir='ltr'><strong>set,</strong></span> <span class='ocrx_word' id='word_1_876' title='bbox 2264 5113 2601 5182; x_wconf 74' lang='lat' dir='ltr'><strong>inquisitione</strong></span> <span class='ocrx_word' id='word_1_877' title='bbox 2627 5111 2771 5180; x_wconf 78' lang='lat' dir='ltr'><strong>facta</strong></span> <span class='ocrx_word' id='word_1_878' title='bbox 2793 5111 2856 5164; x_wconf 81' lang='lat' dir='ltr'><strong>de</strong></span> <span class='ocrx_word' id='word_1_879' title='bbox 2880 5109 3205 5178; x_wconf 75' lang='lat' dir='ltr'><strong>custodibus,</strong></span> <span class='ocrx_word' id='word_1_880' title='bbox 3227 5111 3391 5182; x_wconf 82' lang='lat' dir='ltr'><strong>jussit</strong></span> <span class='ocrx_word' id='word_1_881' title='bbox 3419 5127 3506 5164; x_wconf 83' lang='lat' dir='ltr'><strong>eos</strong></span> <span class='ocrx_word' id='word_1_882' title='bbox 3531 5109 3659 5182; x_wconf 85' lang='lat' dir='ltr'><strong>d_uci</strong></span> <span class='ocrx_word' id='word_1_883' title='bbox 3684 5126 3709 5174; x_wconf 85' lang='lat'><em>;</em></span> 
     </span>
    </p>
   </div>
   <div class='ocr_carea' id='block_1_121' title="bbox 2142 5179 3706 5252">
    <p class='ocr_par' dir='ltr' id='par_1_121' title="bbox 2142 5179 3706 5252">
     <span class='ocr_line' id='line_1_121' title="bbox 2142 5179 3706 5252; baseline -0.003 -16"><span class='ocrx_word' id='word_1_884' title='bbox 2142 5184 2261 5238; x_wconf 89' lang='lat' dir='ltr'><strong>Act.</strong></span> <span class='ocrx_word' id='word_1_885' title='bbox 2294 5179 2394 5247; x_wconf 82' lang='lat' dir='ltr'><strong>xii,</strong></span> <span class='ocrx_word' id='word_1_886' title='bbox 2436 5182 2523 5236; x_wconf 89' lang='grc'><strong>19.</strong></span> <span class='ocrx_word' id='word_1_887' title='bbox 2557 5179 2736 5237; x_wconf 66' lang='grc' dir='ltr'><strong>Νοδιινί</strong></span> <span class='ocrx_word' id='word_1_888' title='bbox 2764 5196 2892 5236; x_wconf 88' lang='lat' dir='ltr'><strong>vero</strong></span> <span class='ocrx_word' id='word_1_889' title='bbox 2919 5191 3186 5252; x_wconf 88' lang='lat' dir='ltr'><strong>martyres</strong></span> <span class='ocrx_word' id='word_1_890' title='bbox 3225 5179 3498 5252; x_wconf 84' lang='lat' dir='ltr'><strong>obierunt.</strong></span> <span class='ocrx_word' id='word_1_891' title='bbox 3523 5179 3706 5252; x_wconf 69' lang='lat' dir='ltr'><strong>Qua-</strong></span> 
     </span>
    </p>
   </div>
   <div class='ocr_carea' id='block_1_122' title="bbox 2142 5249 3710 5323">
    <p class='ocr_par' dir='ltr' id='par_1_122' title="bbox 2142 5249 3710 5323">
     <span class='ocr_line' id='line_1_122' title="bbox 2142 5249 3710 5323; baseline -0.001 -17"><span class='ocrx_word' id='word_1_892' title='bbox 2142 5265 2262 5306; x_wconf 89' lang='lat' dir='ltr'><strong>tuor</strong></span> <span class='ocrx_word' id='word_1_893' title='bbox 2288 5253 2467 5323; x_wconf 88' lang='lat' dir='ltr'><strong>itaque</strong></span> <span class='ocrx_word' id='word_1_894' title='bbox 2495 5251 2722 5306; x_wconf 84' lang='lat' dir='ltr'><strong>militum</strong></span> <span class='ocrx_word' id='word_1_895' title='bbox 2743 5249 3190 5321; x_wconf 83' lang='lat' dir='ltr'><strong>quaternionibus,</strong></span> <span class='ocrx_word' id='word_1_896' title='bbox 3212 5251 3304 5321; x_wconf 92' lang='lat' dir='ltr'><strong>qui</strong></span> <span class='ocrx_word' id='word_1_897' title='bbox 3327 5249 3710 5323; x_wconf 79' lang='lat' dir='ltr'><strong>apostolorum</strong></span> 
     </span>
    </p>
   </div>
   <div class='ocr_carea' id='block_1_123' title="bbox 2139 5320 3705 5394">
    <p class='ocr_par' dir='ltr' id='par_1_123' title="bbox 2139 5320 3705 5394">
     <span class='ocr_line' id='line_1_123' title="bbox 2139 5320 3705 5394; baseline -0.003 -16"><span class='ocrx_word' id='word_1_898' title='bbox 2139 5320 2437 5394; x_wconf 81' lang='lat' dir='ltr'><strong>principem</strong></span> <span class='ocrx_word' id='word_1_899' title='bbox 2455 5320 2874 5394; x_wconf 79' lang='lat' dir='ltr'><strong>custodiebant,</strong></span> <span class='ocrx_word' id='word_1_900' title='bbox 2904 5320 3245 5394; x_wconf 71' lang='lat' dir='ltr'><strong>respondent</strong></span> <span class='ocrx_word' id='word_1_901' title='bbox 3264 5321 3444 5394; x_wconf 86' lang='lat' dir='ltr'><strong>nostri</strong></span> <span class='ocrx_word' id='word_1_902' title='bbox 3474 5320 3705 5394; x_wconf 70' lang='lat' dir='ltr'><strong>milites,</strong></span> 
     </span>
    </p>
   </div>
   <div class='ocr_carea' id='block_1_124' title="bbox 2139 5388 3710 5463">
    <p class='ocr_par' dir='ltr' id='par_1_124' title="bbox 2139 5388 3710 5463">
     <span class='ocr_line' id='line_1_124' title="bbox 2139 5388 3710 5463; baseline -0.004 -16"><span class='ocrx_word' id='word_1_903' title='bbox 2139 5388 2232 5463; x_wconf 78' lang='lat' dir='ltr'><strong>qui</strong></span> <span class='ocrx_word' id='word_1_904' title='bbox 2257 5388 2525 5463; x_wconf 74' lang='lat' dir='ltr'><strong>sexdecim</strong></span> <span class='ocrx_word' id='word_1_905' title='bbox 2550 5403 2930 5463; x_wconf 86' lang='lat' dir='ltr'><strong>numerantur,</strong></span> <span class='ocrx_word' id='word_1_906' title='bbox 2947 5388 3231 5446; x_wconf 82' lang='lat' dir='ltr'><strong>Censorini</strong></span> <span class='ocrx_word' id='word_1_907' title='bbox 3255 5392 3532 5463; x_wconf 82' lang='lat' dir='ltr'><strong>custodes.</strong></span> <span class='ocrx_word' id='word_1_908' title='bbox 3551 5388 3710 5463; x_wconf 80' lang='lat' dir='ltr'><strong>Qua-</strong></span> 
     </span>
    </p>
   </div>
   <div class='ocr_carea' id='block_1_125' title="bbox 2138 5461 3705 5532">
    <p class='ocr_par' dir='ltr' id='par_1_125' title="bbox 2138 5461 3705 5532">
     <span class='ocr_line' id='line_1_125' title="bbox 2138 5461 3705 5532; baseline -0.003 -15"><span class='ocrx_word' id='word_1_909' title='bbox 2138 5461 2279 5518; x_wconf 80' lang='lat' dir='ltr'><strong>terni</strong></span> <span class='ocrx_word' id='word_1_910' title='bbox 2311 5462 2516 5532; x_wconf 87' lang='lat' dir='ltr'><strong>scilicet</strong></span> <span class='ocrx_word' id='word_1_911' title='bbox 2540 5477 2638 5530; x_wconf 88' lang='lat' dir='ltr'><strong>pro</strong></span> <span class='ocrx_word' id='word_1_912' title='bbox 2667 5463 2858 5532; x_wconf 88' lang='lat' dir='ltr'><strong>quavis</strong></span> <span class='ocrx_word' id='word_1_913' title='bbox 2889 5462 3070 5531; x_wconf 88' lang='lat' dir='ltr'><strong>vigilia</strong></span> <span class='ocrx_word' id='word_1_914' title='bbox 3099 5463 3274 5532; x_wconf 73' lang='lat' dir='ltr'><strong>noctis</strong></span> <span class='ocrx_word' id='word_1_915' title='bbox 3295 5461 3555 5532; x_wconf 70' lang='lat' dir='ltr'><strong>custodiae</strong></span> <span class='ocrx_word' id='word_1_916' title='bbox 3596 5461 3705 5532; x_wconf 83' lang='lat' dir='ltr'><strong>ad-</strong></span> 
     </span>
    </p>
   </div>
   <div class='ocr_carea' id='block_1_126' title="bbox 2141 5530 3709 5604">
    <p class='ocr_par' dir='ltr' id='par_1_126' title="bbox 2141 5530 3709 5604">
     <span class='ocr_line' id='line_1_126' title="bbox 2141 5530 3709 5604; baseline -0.003 -18"><span class='ocrx_word' id='word_1_917' title='bbox 2141 5532 2435 5604; x_wconf 74' lang='lat' dir='ltr'><strong>vigilahant</strong></span> <span class='ocrx_word' id='word_1_918' title='bbox 2473 5530 2914 5604; x_wconf 68' lang='lat' dir='ltr'><strong>Romanoinore,</strong></span> <span class='ocrx_word' id='word_1_919' title='bbox 2943 5530 3104 5604; x_wconf 83' lang='lat' dir='ltr'><strong>quem</strong></span> <span class='ocrx_word' id='word_1_920' title='bbox 3140 5530 3377 5604; x_wconf 76' lang='lat' dir='ltr'><strong>Herodes</strong></span> <span class='ocrx_word' id='word_1_921' title='bbox 3407 5540 3487 5604; x_wconf 83' lang='lat' dir='ltr'><strong>est</strong></span> <span class='ocrx_word' id='word_1_922' title='bbox 3515 5531 3709 5584; x_wconf 83' lang='lat' dir='ltr'><strong>imita-</strong></span> 
     </span>
    </p>
   </div>
   <div class='ocr_carea' id='block_1_127' title="bbox 2137 5601 3708 5673">
    <p class='ocr_par' dir='ltr' id='par_1_127' title="bbox 2137 5601 3708 5673">
     <span class='ocr_line' id='line_1_127' title="bbox 2137 5601 3708 5673; baseline -0.004 -15"><span class='ocrx_word' id='word_1_923' title='bbox 2137 5601 2247 5673; x_wconf 69' lang='lat' dir='ltr'><strong>tus.</strong></span> <span class='ocrx_word' id='word_1_924' title='bbox 2293 5601 2437 5656; x_wconf 85' lang='lat' dir='ltr'><strong>Nam</strong></span> <span class='ocrx_word' id='word_1_925' title='bbox 2469 5601 2532 5657; x_wconf 85' lang='lat' dir='ltr'><strong>de</strong></span> <span class='ocrx_word' id='word_1_926' title='bbox 2561 5602 2781 5673; x_wconf 87' lang='lat' dir='ltr'><strong>singulis</strong></span> <span class='ocrx_word' id='word_1_927' title='bbox 2814 5603 3070 5673; x_wconf 66' lang='lat' dir='ltr'><strong>centuriis</strong></span> <span class='ocrx_word' id='word_1_928' title='bbox 3107 5603 3346 5673; x_wconf 84' lang='lat' dir='ltr'><strong>quaterni</strong></span> <span class='ocrx_word' id='word_1_929' title='bbox 3369 5601 3708 5673; x_wconf 69' lang='lat' dir='ltr'><strong>peditcs___ra-</strong></span> 
     </span>
    </p>
   </div>
   <div class='ocr_carea' id='block_1_128' title="bbox 2138 5670 3703 5743">
    <p class='ocr_par' dir='ltr' id='par_1_128' title="bbox 2138 5670 3703 5743">
     <span class='ocr_line' id='line_1_128' title="bbox 2138 5670 3703 5743; baseline -0.002 -15"><span class='ocrx_word' id='word_1_930' title='bbox 2138 5671 2374 5728; x_wconf 83' lang='lat' dir='ltr'><strong>cubitum</strong></span> <span class='ocrx_word' id='word_1_931' title='bbox 2398 5681 2546 5727; x_wconf 82' lang='lat' dir='ltr'><strong>nocte</strong></span> <span class='ocrx_word' id='word_1_932' title='bbox 2567 5670 2788 5743; x_wconf 75' lang='lat' dir='ltr'><strong>faciunt.</strong></span> <span class='ocrx_word' id='word_1_933' title='bbox 2813 5671 3066 5743; x_wconf 82' lang='lat' dir='ltr'><strong>Modest.,</strong></span> <span class='ocrx_word' id='word_1_934' title='bbox 3099 5670 3174 5728; x_wconf 79' lang='lat' dir='ltr'><strong>De</strong></span> <span class='ocrx_word' id='word_1_935' title='bbox 3194 5673 3372 5730; x_wconf 78' lang='lat' dir='ltr'><strong>vocab.</strong></span> <span class='ocrx_word' id='word_1_936' title='bbox 3399 5673 3474 5727; x_wconf 78' lang='lat' dir='ltr'><strong>rei</strong></span> <span class='ocrx_word' id='word_1_937' title='bbox 3503 5670 3703 5734; x_wconf 82' lang='lat' dir='ltr'><strong>milit.,</strong></span> 
     </span>
    </p>
   </div>
   <div class='ocr_carea' id='block_1_129' title="bbox 2140 5741 3146 5815">
    <p class='ocr_par' dir='ltr' id='par_1_129' title="bbox 2140 5741 3146 5815">
     <span class='ocr_line' id='line_1_129' title="bbox 2140 5741 3146 5815; baseline -0.003 -14"><span class='ocrx_word' id='word_1_938' title='bbox 2140 5745 2237 5800; x_wconf 87' lang='lat' dir='ltr'><strong>int.</strong></span> <span class='ocrx_word' id='word_1_939' title='bbox 2264 5743 2457 5815; x_wconf 81' lang='lat' dir='ltr'><strong>Script.</strong></span> <span class='ocrx_word' id='word_1_940' title='bbox 2495 5741 2576 5799; x_wconf 80' lang='lat' dir='ltr'><strong>rei</strong></span> <span class='ocrx_word' id='word_1_941' title='bbox 2593 5743 2772 5810; x_wconf 63' lang='lat' dir='ltr'><strong>milit,</strong></span> <span class='ocrx_word' id='word_1_942' title='bbox 2798 5751 2838 5798; x_wconf 83' lang='lat' dir='ltr'><strong>t.</strong></span> <span class='ocrx_word' id='word_1_943' title='bbox 2870 5741 2912 5804; x_wconf 89' lang='grc'><strong>1,</strong></span> <span class='ocrx_word' id='word_1_944' title='bbox 2940 5757 2992 5815; x_wconf 84' lang='lat' dir='ltr'><strong>p.</strong></span> <span class='ocrx_word' id='word_1_945' title='bbox 3023 5743 3146 5800; x_wconf 74' lang='lat'><strong>559.</strong></span> 
     </span>
    </p>
   </div>
  </div>
