3966 6344
235 384 327 442 557
1565 371 1750 430 ACTA

1850 371 2069 430 RECA.
3337 379 3442 436 εδδ

231 498 500 563 κουλιανδς,
525 496 780 570 Νεϐἐριος
810 495 922 570 (17)
957 494 1299 568 Στοράκινος,
1336 495 1527 567 Μῆνας
1550 537 1566 562 ,
1605 497 1893 567 Κομόδιος,
1968 494 2193 569 Ἑρμῆς,
2246 495 2490 568 Μαῦρος,
2547 496 2803 561 Εὐσέϐιος
2825 537 2841 562 ,
2887 497 3224 565 Ῥωστίκιος,
3256 501 3440 556 Μονά-

227 610 356 664 ιιριος
388 590 515 662 (18),
561 590 886 662 Ἀμανδῑνος,
943 591 1266 660 Ὀλύμπιος,
1319 591 1588 662 Κύπριος,
1649 592 1746 645 καὶ
1792 591 2066 660 Θεόδωρος
2123 591 2154 644 6
2215 591 2494 664 τριϐοῦνος
2526 591 2718 646 ἐϐαλον
2755 594 2980 658 ἑαυτοὺς
3013 595 3130 666 ἅμα
3158 593 3298 667 πρὸς
3315 598 3442 660 τοὺς

225 688 365 752 πόδας
392 683 482 740 τδῦ
517 687 926 758 μακαριωτάτου
955 687 1205 758 Μαξίμου
1243 686 1336 741 τοῦ
1391 687 1784 760 πρεσϐυτέρου,
1831 687 2074 758 δεόμενοι
2125 687 2219 741 τοῦ
2265 687 2562 760 ἀξιωθῆναι
2585 689 2782 753 αὐτοὺς
2806 690 2900 746 τοῦ
2939 692 3098 760 ἁγίου
3129 693 3439 767 βαπτίσμα-

223 799 314 846 τος.
385 781 564 844 Ὅστις
625 780 755 854 παρ’
790 781 929 836 αὐτὰ
989 781 1128 836 κατὰ
1173 780 1274 850 τήν
1326 783 1579 837 εἰωθυῖαν
1616 782 1934 838 ἀκολουθίαν
1980 783 2091 855 (19)
2141 785 2348 848 πάντας
2391 783 2700 850 ἐκτελέσας,
2734 786 2948 851 καὶτὰς
2981 788 3259 860 μακαρίας
3290 789 3441 861 Χρυ-

227 876 307 946 σῆς
335 874 1203 954 ὲσθῆτας(19“)διακοσμησάσης,
1262 877 1357 932 καὶ
1399 878 1548 932 σιτία
1599 877 1738 950 πρὸς
1779 877 2068 950 διατροφὴν
2101 880 2468 952 παρεχούσης,
2509 880 2807 936 ἐϐάπτισεν
2841 883 3083 948 ἅπαντας
3127 885 3207 950 εἰς
3233 883 3296 939 τὸ
3320 885 3435 938 6w-

227 989 287 1043 μα
310 969 391 1024 τοῦ
425 970 649 1042 Πατρὺς,
673 974 770 1025 καὶ
803 971 898 1025 τοῦ
943 971 1105 1037 Υἰοῦ,
1149 975 1242 1027 κα)⁸
1266 972 1360 1026 τοῦ
1388 973 1543 1043 ἁγίου
1567 972 1902 1044 Πνεύματος,
1929 973 2178 1039 είδόντες·
2219 974 2355 1045 (20)
2389 993 2448 1029 τε
2473 976 2656 1030 λοιπὸν
2688 979 3010 1049 ἐκομίσαντο
3037 979 3134 1052 τὴν
3156 981 3314 1052 χάριν
3343 980 3439 1034 τοῦ

223 1067 616 1138 παντοκράτορος
650 1067 805 1121 Θεοῦ.
853 1068 1063 1132 Νυκτὸς
1113 1068 1169 1122 δὲ
1197 1069 1636 1142 παραγινομένης
1656 1071 1685 1123 6
1717 1068 2132 1140 μακαριώτατος
2159 1070 2436 1143 Κυριακὸς
2465 1073 2494 1124 6
2532 1071 2829 1138 ἐπίσκοπος
2872 1073 2931 1128 τὸ
2961 1074 3054 1128 τοῦ
3077 1074 3312 1147 Χριστοῦ
3337 1075 3442 1146 μύε-

224 1181 296 1236 ρον
312 1163 406 1234 (21)
427 1163 632 1233 χρίσας,
653 1162 980 1234 ἐσφράγισεν
1007 1165 1222 1229 αὐτοὺς,
1241 1167 1334 1219 καὶ
1351 1166 1665 1238 κατηχήσας
1695 1166 1806 1227 τοῖς
1829 1165 1929 1236 τῆς
1943 1165 2174 1230 πίστεως
2185 1165 2361 1235 λόγοις
2380 1167 2708 1241 ἐσφράγισεν
2727 1167 3032 1234 ἀπελούσας
3053 1173 3073 1194 ‘
3095 1169 3204 1241 (22)
3219 1170 3438 1234 αύτούς.

275 1260 337 1314 Γ’.
368 1259 596 1323 Σκυτεὺς
624 1258 680 1312 δέ
701 1277 784 1323 τις
803 1255 871 1330 ἦν
908 1261 965 1313 ἐν
996 1259 1142 1330 αύτῷ
1167 1260 1245 1332 τῷ
1270 1261 1421 1332 τόπῳ
1441 1303 1458 1329 ,
1501 1252 1710 1325 οὗτινος
1739 1266 1750 1314 ε

1941 1259 2026 1312 lll.
2061 1261 2223 1316 Sotor
2256 1261 2378 1331 (sic)
2411 1273 2592 1316 autem
2620 1270 2738 1317 erat
2767 1263 2820 1317 in
2849 1262 3042 1319 eodem
3079 1264 3236 1321 loco:
3277 1265 3438 1336 cujus

221 1352 311 1417 υίὸς
328 1353 380 1404 ἐν
403 1351 571 1424 ταύτῃ
607 1351 729 1424 ὥρᾳ
777 1349 843 1424 ἦν
886 1353 1180 1424 τεθνηκώς.
1212 1355 1522 1426 Παριόντων
1555 1354 1614 1408 δὲ
1654 1354 1759 1408 τῶν

222 1443 465 1514 μακαρίων
493 1443 776 1515 Κυριακοῦ
805 1461 864 1497 τε
894 1445 988 1497 καὶ
1016 1442 1266 1516 Μαξίμου
1288 1443 1424 1516 μετὰ
1452 1445 1550 1516 τῆς
1579 1461 1754 1516 μακα-

222 1536 315 1606 ρίας
327 1534 690 1606 Χρυσῆς,άλλά
708 1537 804 1606 μὲν
819 1535 1029 1590 καὶτῶν
1051 1537 1217 1604 ἁγίων
1236 1535 1328 1588 τοῦ
1343 1535 1576 1606 Χριστοῦ
1595 1554 1754 1608 στρα-

218 1623 404 1688 τιωτῶν,
433 1623 652 1697 ἐθρηνε”
679 1628 707 1680 6
737 1627 962 1690 σκυτεύς
998 1626 1090 1679 ἐπὶ
1135 1626 1212 1697 τῷ
1255 1627 1470 1697 θανάτῳ
1506 1626 1598 1680 τοῦ
1639 1626 1755 1680 υἱοῦ

219 1714 367 1769 αὐτοῦ.
401 1716 528 1768 Τότε
551 1717 579 1769 6
602 1715 1016 1788 μακαριώτατος
1048 1716 1298 1788 Μάξιμος
1328 1719 1356 1771 6
1384 1716 1755 1791 πρεσϐύτερος

218 1806 298 1876 ἔφη
327 1807 450 1878 πρὸς
476 1807 565 1861 τὸν
593 1807 796 1861 σκυτέα
815 1824 827 1837 ·
855 1808 1147 1861 Πίστευσον
1164 1810 1245 1873 είς
1261 1809 1351 1861 τὸν
1379 1808 1581 1881 Κύριον
1598 1809 1754 1881 ἡμῶν

226 1894 395 1965 Ἰησοῦν
419 1896 655 1968 Χριστὸν
687 1895 1027 1951 κατενώπιον
1063 1897 1286 1951 πάντων
1311 1899 1465 1970 ἡμῶν
1490 1941 1505 1963 ,
1551 1900 1643 1953 καὶ
1687 1901 1752 1954 σὺ

218 1985 366 2057 ζήσεις
376 1987 462 2040 καὶ
475 1988 562 2041 τὸν
586 1989 704 2041 υἱόν
721 2006 811 2042 σου
831 1989 1157 2061 άπολήψης”.
1177 1989 1233 2044 '0
1250 1990 1306 2044 δὲ
1340 1991 1478 2062 μετὰ
1504 1992 1754 2066 δακρύων

218 2073 363 2132 εἷπεν·
393 2081 481 2144 Εἰς
507 2080 635 2134 τίνα
667 2081 977 2147 πιστεύσω;
1000 2085 1079 2146 είς
1106 2083 1272 2155 ὅνπερ
1304 2084 1410 2138 ἀπὸ
1438 2086 1538 2157 τῆς
1567 2087 1752 2159 νεότη-

218 2171 286 2234 τός
320 2189 408 2242 μου
453 2171 620 2244 μέχρι
659 2171 752 2225 τοῦ
805 2173 898 2225 νῦν
944 2173 1376 2246 ὲϐλασφήμησα;
1410 2177 1662 2249 Μάξιμος
1691 2179 1751 2250 (ὁ

218 2262 560 2334 πρεσϐύτερος)
598 2260 792 2327 εἷπενζ
822 2265 1244 2336 Μεταμελήθητι
1273 2269 1358 2337 ἐφ’
1377 2263 1458 2333 οἷς
1486 2269 1748 2343 ἔπραξας,

217 2355 319 2408 διότι
335 2357 360 2409 6
378 2355 501 2421 Θεὸς
525 2357 690 2428 ἡμῶν
727 2357 834 2411 τῶν
860 2357 1258 2428 μετανοούντων
1285 2362 1429 2414 ἐστὶν
1448 2404 1464 2425 ,
1503 2363 1576 2434 μὴ
1613 2365 1748 2418 άπο-

215 2446 350 2511 διδοὺς
374 2447 505 2502 κατὰ
532 2449 641 2512 τὰς
689 2449 963 2520 ἁμαρτίας
990 2449 1179 2522 ήμῶν,
1214 2451 1351 2506 ἀλλὰ
1385 2455 1554 2509 ποιῶν
1607 2458 1748 2512 κατὰ

216 2540 262 2592 τὸ
283 2539 404 2609 μέγα
427 2541 590 2596 αὑτοῦ
651 2541 819 2605 ἔλεος.
863 2541 919 2596 '0
948 2543 1005 2596 δὲ
1046 2545 1272 2608 σκυτεὺς
1315 2543 1497 2601 εἶπενο
1541 2548 1748 2604 Οὐκοῦν

218 2629 466 2698 βαπτίσατέ
505 2652 572 2704 με
622 2634 682 2688 ἐν
723 2633 799 2704 τῷ
844 2633 1068 2705 ὀνόματι
1115 2635 1280 2690 αὐτοῦ
1316 2637 1404 2692 ἵνα
1456 2641 1745 2696 πιστεύσω.

217 2720 318 2775 Τότε
342 2722 635 2796 ἐϐαπτίσθη
671 2726 752 2788 είς
779 2724 840 2778 τὸ
866 2724 1037 2796 ὄνομα
1055 2725 1157 2796 τῆς
1185 2727 1348 2795 ἁγίας
1375 2730 1620 2801 Τριάδος.
1640 2733 1751 2788 Καὶ

215 2815 453 2886 γενόμενος
477 2817 807 2888 Χριστιανὸς
833 2859 848 2883 ,
887 2817 1023 2888 μετὰ
1055 2818 1114 2872 τὸ
1144 2818 1396 2884 δέξασθαι
1446 2823 1606 2875 αὐτὸν
1652 2824 1754 2896 τὴν

217 2908 440 2978 σφραγῖδα
459 2909 550 2962 τοῦ
575 2908 844 2980 Χριστοῦ,
867 2908 1069 2981 χαίρων
1087 2913 1180 2964 καὶ
1194 2912 1596 2984 ἀγαλλιώμενος
1610 2916 1753 2988 ἀπή-

214 3012 352 3065 γαγεν
370 2999 525 3052 αὐτὸν
550 2999 639 3062 είς
667 2998 759 3053 τὸν
783 2999 898 3052 υἱὸν
929 2999 1112 3053 αὑτοῦ.
1156 3001 1362 3073 Ὅνπερ
1384 3003 1460 3067 ώς
1492 3003 1752 3059 ἐθεάσατο

214 3085 637 3161 δμακαριώτατος
683 3089 936 3160 Μάξιμος
983 3091 1014 3144 6
1069 3090 1437 3164 πρεσϐύτερος
1479 3095 1615 3164 μετὰ
1659 3095 1751 3151 δα-

213 3178 359 3248 κρύων
386 3179 482 3252 ἔφη
501 3196 515 3210 ⁸
548 3178 732 3253 Κύριε
763 3179 937 3252 Ἰησοῦ
970 3180 1194 3250 Χριστὲ,
1211 3182 1600 3250 ὁκαταξιώσας
1625 3202 1751 3257 μορε

213 3268 295 3339 φὴν
319 3269 486 3324 δούλου
516 3271 838 3329 ἀναλαϐεῖν.
873 3270 960 3325 ἶνα
991 3271 1137 3342 ἡμᾶς
1159 3272 1267 3326 άπὸ
1301 3273 1397 3345 τῆς
1438 3275 1532 3328 τοῦ
1573 3276 1751 3330 διαϐό-

213 3355 284 3411 λου
308 3360 525 3426 δουλείας
547 3361 868 3433 λυτρώσῃς,
901 3362 1192 3433 ἐπίϐλεψον
1228 3365 1322 3419 ἐπὶ
1368 3365 1436 3420 τὰ
1467 3367 1606 3439 ἔργα
1641 3369 1750 3422 τῶν

213 3450 372 3521 χειρῶν
399 3469 488 3506 σου
518 3454 678 3516 ὅπως
708 3451 1079 3524 ἐπιγνώσηταί
1113 3471 1173 3507 σε
1209 3455 1299 3510 τὸν
1342 3458 1572 3530 ποιητὴν
1593 3499 1610 3525 ,
1655 3461 1750 3514 καὶ

212 3538 492 3612 δημιουργὸν
521 3543 716 3598 αὑτοῦ.
747 3543 880 3596 Τότε
909 3543 939 3596 6
974 3544 1392 3618 μακαριώτατος
1421 3549 1698 3620 Κυριακὸς
1719 3551 1750 3603 6

212 3630 458 3699 ἐπίσκοπος
481 3630 672 3690 εἶπεν·
697 3635 890 3708 Κύριε,
917 3635 976 3689 ἐν
1001 3636 1080 3708 τῷ
1117 3637 1195 3710 σῷ
1237 3640 1464 3712 ὀνόματι
1496 3643 1748 3713 κάμτττο·⁸

214 3741 292 3792 μεν
308 3726 366 3780 τὰ
385 3728 581 3796 γόνατα
632 3727 809 3799 ἡμῶν.
852 3728 940 3792 Ὣς
979 3728 1036 3782 δὲ
1071 3729 1304 3801 ηὔξαντο
1333 3733 1596 3798 ἐπιπολὺ,
1644 3735 1746 3808 ἔφη

211 3817 339 3870 πάλιν
361 3821 387 3873 6
416 3819 837 3891 μακαριώτατος
863 3822 1141 3894 Κυριακὸς
1159 3839 1173 3853 °
1193 3823 1364 3895 Κύριε
1412 3823 1586 3895 Ἰησοῦ
1615 3827 1750 3899 Χρι-

213 3908 301 3971 στὲ,
321 3911 346 3962 6
362 3909 442 3962 διὰ
470 3911 626 3975 ἔλεος
657 3911 894 3985 ἄμετρον
915 3914 1011 3967 καὶ
1029 3914 1126 3987 τὴν
1153 3914 1452 3986 ἀνθρώπων
1474 3917 1747 3990 σωτηρίαν
1773 3948 1816 4006 C

267 4075 510 4145 (17)Μεε.
544 4077 612 4133 S.
645 4077 925 4146 Maximin.
972 4090 1058 4146 ap.
1089 4073 1299 4146 Trevir.
1331 4071 1607 4146 Benerias,
1650 4083 1746 4146 aut

221 4139 452 4216 Yaeriu,
496 4159 558 4204 ut
610 4148 816 4212 Siber.,
868 4139 1152 4216 Martyrot.
1182 4152 1358 4216 ‘metr.
1399 4158 1456 4213 p.
1508 4145 1614 4216 _Al,
1647 4145 1743 4214 qui

217 4211 380 4286 frustra
417 4211 707 4275 numerum
756 4218 926 4273 auxit.
974 4211 1110 4270 Nam
1165 4213 1383 4286 Auram
1402 4211 1464 4286 et
1497 4211 1743 4286 Chrysen

215 4283 324 4340 duas
348 4289 494 4356 facit;
521 4291 665 4346 duos
695 4289 860 4344 etiam
886 4286 1232 4356 Theodorum
1260 4281 1669 4356 et_'l‘ribunngn.

273 4357 364 4428 (l8)
396 4351 524 4416 Mss.
545 4359 606 4416 S.
635 4358 940 4424 Maximin.,
979 4355 1297 4419 Monaxius;
1321 4351 1522 4418 Siber.,
1555 4353 1744 4408 Mona-

217 4439 355 4493 graus.

270 4499 363 4567 (l9)
389 4499 724 4564 ‘Axolooﬂia,
749 4515 911 4570 quam
930 4497 1109 4552 Latini
1127 4497 1448 4570 seqaentiam
1465 4495 1740 4570 dixerunt,

219 4564 286 4618 hic
311 4564 396 4636 pro
414 4571 672 4625 universo
694 4564 796 4624 ritu
824 4566 1247 4624 administrandi
1278 4565 1540 4636 Baptismi
1567 4567 1739 4636 sumi-

218 4635 380 4698 wr,'ac
401 4639 640 4695 ostendit
659 4641 902 4707 ejusdem
923 4640 1061 4694 ritus
1085 4646 1140 4692 et
1167 4635 1612 4707 caeremoniarum
1634 4635 1739 4690 Ba-

217 4707 366 4778 ptismi
412 4703 768 4775 vetustatem;
805 4710 1101 4778 quinetiam
1152 4707 1304 4762 vocis
1355 4703 1528 4775 ipsius
1563 4721 1740 4778 quam

218 4772 357 4832 Graeci
406 4779 582 4834 adhuc
629 4772 882 4834 retinent.
919 4776 1169 4832 Nondum
1226 4772 1408 4830 tamen
1450 4772 1743 4844 antiquius

217 4847 393 4918 nostris
407 4850 554 4904 Actis
583 4859 1000 4918 monumentum
1019 4847 1290 4918 apparuit,
1325 4843 1550 4918 ubighoc
1573 4843 1742 4900 sensu

218 4913 825 4993 dulcatiiahnsnrpetur.
851 4919 917 4993 _S.
952 4913 1285 4993 Epiphanius
1312 4931 1376 4993 ex
1423 4916 1745 4993 interpreta-

217 4983 409 5060 tiones.
439 4983 1013 5060 Hieron—ymi‘videtur'
1031 4983 1214 5043 missae
1240 4983 1488 5060 ordi'nem
1512 4985 1739 5060 ἀκολου-

220 5051 316 5109 θίαν
335 5058 547 5125 dixisse,
573 5051 740 5130 qu'am
755 5058 955 5115 Hieron
998 5073 1115 5114 mus
1137 5057 1298 5112 vertit
1322 5055 1741 5126 consequentiam

220 5122 264 5178 in
284 5128 422 5184 enist.
447 5131 513 5184 ad
540 5128 737 5184 Joann.
767 5075 996 5184 εἰει-οεοί

220 5122 264 5178 in
284 5128 422 5191 epist.
447 5131 513 5184 ad
533 5122 737 5184 ’Jo'ann.
767 5129 956 5186 Jeroso

277 5195 392 5268 (19')
417 5198 851 5268 Vetustissimum
877 5199 944 5249 de
961 5191 1207 5268 c_and_idis
1244 5191 1634 5268 neophytorurn
1667 5207 1754 5246 ve-

238 5261 385 5322 stibus
405 5267 790 5322 testimonium.
820 5266 955 5320 Acta
978 5262 1036 5318 S.
1071 5261 1288 5320 Genesii
1325 5261 1395 5316 Μ.
1427 5261 1630 5318 nostris
1649 5276 1750 5332 po-

233 5338 428 5392 steriora
452 5347 601 5395 sunt.

282 5404 398 5475 (ΞΟ)
430 5407 706 5462 Lectorem
731 5406 896 5463 semel
935 5404 1202 5475 monitum
1232 5403 1505 5466 volumus,
1537 5416 1640 5456 nos
1662 5415 1751 5475 as:

227 5473 396 5532 terisco
453 5487 668 5532 notasse
717 5476 978 5532 nonnulla
1027 5474 1213 5540 verba,
1256 5489 1376 5544 quae
1405 5489 1434 5528 a
1469 5473 1748 5529 communi

231 5557 312 5617 usu
331 5548 403 5601 vel
422 5547 633 5617 syntaxi
675 5548 982 5617 abhorrere,
1014 5544 1286 5617 videntur.
1318 5544 1530 5614 Cuique
1565 5552 1748 5617 autem

230 5614 396 5682 legenti
410 5613 628 5686 patebit.
643 5618 942 5674 versionem
967 5616 1214 5671 Latinam
1231 5630 1335 5670 non
1352 5613 1543 5686 parum
1556 5613 1751 5670 abesse

208 5686 339 5755 _quin
363 5685 557 5743 textum
583 5685 824 5744 Graecum
846 5689 913 5742 ad
935 5687 1156 5741 verbum
1176 5686 1460 5755 exprimat.
1479 5685 1747 5738 Caeterum

233 5751 695 5826 interpretationem
724 5772 913 5813 novam
941 5756 1131 5826 ϐαξξοο
1158 5751 1530 5826 textui_magis
1553 5768 1749 5809 conso-

237 5823 578 5884 nam'edimus
623 5830 687 5885 ad
721 5829 922 5888 calcem
964 5825 1275 5884 voluminis.
1313 5823 1475 5880 Enn:
1506 5824 1743 5880 ΡΑτιιοι..

1865 1350 2007 1406 (ilius
2039 1351 2226 1406 eadem
2256 1351 2392 1406 hora
2427 1362 2679 1408 mortuus
2722 1351 2918 1409 fuerat.
2951 1353 3294 1411 Transeunte
3335 1372 3437 1410 au-

1862 1452 1969 1497 tem
2003 1443 2162 1498 beato
2192 1442 2450 1509 Qniriaco
2477 1453 2530 1499 et
2557 1443 2794 1500 Maximo
2836 1454 2890 1501 et
2940 1447 3094 1502 beata
3130 1449 3278 1502 Aura
3304 1488 3319 1510 ,
3352 1447 3437 1502 la-

1863 1533 2204 1588 mentabatur
2251 1543 2406 1588 sotor
2453 1534 2508 1588 in
2555 1545 2732 1590 morte
2783 1535 2878 1590 ﬁlii
2910 1537 3016 1591 sui.
3045 1536 3202 1593 Tunc
3243 1538 3438 1594 beatus

1859 1624 2128 1680 Maximus
2177 1624 2460 1694 presbyter
2485 1624 2622 1679 dixit
2661 1625 2727 1679 ad
2759 1635 2995 1681 sotorem
3021 1644 3035 1680 :
3063 1625 3143 1681 Tu
3188 1629 3350 1683 crede
3380 1629 3436 1683 in

1859 1715 2027 1770 Deum
2060 1713 2245 1770 Jesum
2269 1714 2550 1770 Christum
2582 1730 2766 1770 coram
2790 1717 3047 1772 omnibus
3071 1718 3265 1785 nobis;
3295 1729 3351 1775 et
3377 1730 3434 1774 tu

1856 1809 2007 1863 vives
2039 1818 2093 1862 et
2126 1807 2297 1862 tilium
2350 1817 2502 1861 tuum
2549 1807 2796 1875 recipies.
2840 1806 2934 1861 ille
2967 1818 3148 1864 autem
3187 1825 3314 1865 cum
3357 1811 3437 1865 la-

1856 1899 2057 1972 crymis
2087 1898 2266 1954 dixit:
2321 1894 2378 1950 In
2423 1912 2534 1966 quo
2567 1897 2830 1951 credam:
2880 1913 3040 1967 quem
3073 1915 3106 1953 a
3148 1899 3436 1969 juventutc

1857 2008 1976 2046 mea
1998 1987 2413 2060 blasphemavi?
2442 1988 2746 2058 Respondit
2763 1989 2956 2044 beatus
2981 1988 3288 2046 Maximus:
3315 1991 3439 2046 Ρω-

1854 2083 2138 2138 nitentiam
2167 2095 2287 2151 age,
2310 2081 2437 2151 quia
2476 2079 2620 2135 Deus
2651 2079 3029 2150 pmnitentium
3060 2089 3145 2136 est
3171 2095 3285 2136 non
3318 2084 3440 2137 red-

1851 2178 1986 2232 dens
2003 2176 2299 2230 sccunduin
2325 2182 2548 2244 peccata
2575 2182 2797 2240 nostra;
2823 2173 2915 2228 sed
2938 2172 3102 2229 faciet
3128 2174 3433 2231 secundum

1851 2283 2006 2324 suam
2045 2282 2298 2339 magnam
2350 2264 2805 2321 misericordiam.
2839 2264 3000 2320 Soter
3039 2275 3222 2320 autem
3255 2267 3430 2323 dixit:

1849 2359 1962 2430 Ego
1995 2361 2158 2414 credo
2181 2358 2234 2412 in
2265 2357 2434 2413 Deum
2464 2355 2652 2412 Jesum
2682 2355 2982 2412 Christum.
3033 2355 3190 2414 Tunc
3238 2356 3437 2416 beatus

1851 2453 2118 2508 Maximus
2148 2450 2440 2521 baptizavit
2467 2465 2594 2505 eum
2625 2447 2681 2503 in
2717 2449 2937 2504 nomine
2982 2447 3161 2506 Patris
3193 2457 3250 2505 et
3280 2449 3430 2518 Filii,

1851 2552 1906 2599 et
1930 2543 2166 2614 Spiritus
2197 2541 2402 2608 sancti;
2432 2548 2488 2595 et
2517 2541 2648 2595 dum
2676 2539 2976 2610 accepisset
3007 2541 3227 2611 signum
3268 2542 3433 2596 Chri-

1852 2636 1923 2692 sti
1957 2637 2199 2709 gaudens
2221 2643 2275 2690 et
2299 2634 2580 2689 exsultans
2601 2631 2827 2688 deduxit
2861 2633 3080 2688 beatum
3112 2633 3429 2701 Quiriacum

1851 2737 1906 2781 et
1932 2726 2230 2780 Maximum
2287 2723 2664 2794 presbyterum
2713 2722 2782 2778 ad
2825 2724 2997 2778 tilium
3032 2739 3220 2781 suum.
3275 2723 3433 2781 Tunc

1852 2817 2045 2874 beatus
2097 2816 2388 2884 Quiriacus
2434 2817 2728 2887 episcopus
2778 2815 2946 2871 dixit:
3013 2814 3246 2871 Domine
3295 2814 3430 2872 Jesu

1850 2907 2088 2970 Christe,
2119 2911 2214 2978 qui
2263 2907 2519 2979 dignatus
2559 2922 2620 2962 es
2649 2907 2882 2963 formam
2929 2907 3075 2962 servi
3111 2905 3428 2978 suscipere,

1853 3009 1912 3056 ιιι
1941 3015 2043 3058 nos
2071 3001 2138 3056 de
2163 3001 2424 3055 servitute
2446 2998 2648 3054 diaboli
2684 2998 2980 3064 liberares;
3016 2998 3111 3070 qui
3157 2997 3428 3053 Lazarum

1847 3092 1959 3162 jam
2010 3091 2361 3162 pmnitcntem
2406 3091 2482 3159 (l.
2513 3088 2801 3160 fetentem)
2852 3088 3120 3144 suscitare
3170 3088 3430 3158 dignatus

1848 3199 1931 3248 es,
1955 3193 2008 3238 et
2032 3182 2201 3237 tilium
2227 3182 2451 3237 unicum
2477 3182 2654 3237 viduae
2676 3181 2983 3243 redonasti;
3015 3179 3246 3235 ostende
3263 3195 3431 3250 super

1852 3273 1998 3329 hunc
2026 3272 2291 3327 famulum
2344 3281 2496 3326 tuum
2532 3281 2681 3326 tuam
2730 3271 3200 3340 misericordiam;
3247 3283 3309 3328 ut
3335 3289 3432 3328 co-

1850 3371 2078 3434 gnoscat
2106 3372 2158 3418 te
2185 3361 2354 3418 Deum
2382 3363 2588 3430 vivum,
2628 3373 2683 3416 ct
2727 3378 2942 3430 verum,
2979 3373 3285 3420 creatorem
3329 3382 3430 3421 no-

1850 3465 2025 3512 strum
2055 3456 2110 3510 in
2139 3457 2550 3526 regeneratione
2572 3471 2672 3510 sua
2693 3473 2709 3522 ;
2733 3455 2863 3526 quia
2897 3465 2955 3510 tu
2991 3471 3189 3526 regnas
3221 3456 3278 3512 in
3324 3473 3429 3512 sa:-

1849 3547 1972 3602 cula
1992 3547 2317 3603 saeculorum
2336 3564 2350 3610 ;
2370 3559 2563 3602 etcum
2591 3561 2783 3602 omnes
2803 3547 3215 3617 respondissent
3229 3549 3426 3614 Amen,

1850 3637 2047 3693 revixit
2073 3637 2167 3707 qui
2217 3643 2334 3691 erat
2360 3644 2647 3701 mortuus,
2702 3645 2758 3690 et
2807 3637 2972 3704 cmpit
3018 3636 3166 3707 loqui
3197 3637 3419 3696 dicens:

1851 3727 1962 3799 Ego
1991 3728 2098 3782 vidi
2124 3727 2294 3782 Deum
2323 3725 2508 3783 Jesum
2540 3725 2820 3782 Christum
2851 3727 3205 3783 reducentem
3233 3744 3321 3786 me
3358 3732 3427 3786 de

1849 3820 2090 3878 tenebris
2109 3821 2176 3876 ad
2209 3821 2406 3877 lucem.
2435 3819 2590 3875 Tunc
2656 3819 3015 3875 catechizavit
3044 3834 3170 3874 eum
3192 3837 3207 3887 ;
3231 3829 3286 3876 et
3299 3837 3425 3877 cum

1849 3913 2153 3986 baptizatus
2195 3922 2432 3970 essetet
2467 3911 2771 3982 accepisset
2797 3913 3011 3982 signum
3056 3913 3238 3968 crucis
3261 3955 3277 3979 ,
3329 3930 3428 3969 su-

1919 4073 2032 4143 (21)
2071 4071 2184 4127 Τοῦ
2199 4072 2456 4142 Χριστοῦ
2475 4073 2688 4141 μύρον.
2721 4071 2994 4143 Antiquus
3021 4075 3160 4128 ritus
3192 4071 3424 4128 balsami

1845 4142 2235 4199 commiscendi
2264 4157 2388 4198 cum
2418 4143 2539 4197 oleo
2577 4143 2631 4196 in
2656 4157 2768 4197 sac.
2788 4142 3081 4198 chrismate
3106 4147 3403 4198 conﬁrma-

1845 4225 1934 4270 tur
1960 4254 1974 4278 ,
2009 4214 2255 4284 adeoque
2302 4212 2504 4284 mirum
2540 4221 2623 4268 est
2671 4213 2887 4282 aliquos
2904 4213 2985 4284 _ad
3036 4214 3328 4284 Alcuinum
3368 4223 3426 4268 et

1845 4282 2178 4338 Amalariuni
2223 4283 2697 4351 descendereaut
2746 4282 3118 4351 permistionis
3171 4284 3420 4350 ejusdem

1845 4355 2221 4410 necessitatem
2237 4352 2549 4408 ostendant.
2578 4350 2715 4406 Nam
2738 4350 2792 4407 in
2810 4351 3288 4407 Constitutionibus
3301 4371 3426 4422 apo—

1845 4424 2047 4478 stolicis
2082 4424 2311 4493 hujusce
2326 4424 2466 4478 ritus
2487 4424 2547 4477 iit
2562 4423 2787 4494 mentio,
2804 4431 2966 4494 atque
2991 4423 3128 4477 ordo
3146 4423 3418 4494 Baptismi

1845 4495 2201 4558 describitur,
2231 4509 2298 4548 ne
2343 4494 2526 4548 oleum
2565 4493 3085 4548 catechumenorum
3115 4493 3237 4548 cum
3271 4494 3421 4548 chri-

1845 4575 2020 4635 smate
2049 4563 2436 4635 confundatur,
2477 4564 2624 4635 quod
2649 4563 2858 4617 faciunt
2885 4563 3150 4635 hazretici.
3181 4564 3422 4635 AXpiaer;

1841 4634 1900 4688 δέ
1923 4635 2136 4707 πρῶτον
2167 4635 2349 4707 ἐλαίῳ,
2377 4631 2567 4707 ἔπειτα
2601 4633 2884 4707 βαπτίσεις
2901 4631 3052 4687 ὖδατι
3069 4648 3086 4664 ο
3110 4633 3204 4707 καὶ
3236 4631 3422 4707 τελευ-

1842 4703 1998 4778 ταῖον
2033 4703 2352 4778 σφραγίσεις
2395 4704 2573 4776 μύρῳ.
2623 4703 2792 4778 Unges
2835 4705 3208 4778 autcm_prius
3267 4703 3417 4767 oleo,

1843 4776 2030 4852 deinde
2051 4773 2354 4852 ba'ptizabjs
2371 4773 2534 4852 aqua,
2550 4783 2600 4852 et
2628 4773 2838 4828 tandem
2862 4773 3096 4852 δίμηαίξὶε
3128 4783 3415 4852 unguen_to.

1843 4845 1937 4899 lib.
1970 4862 2088 4909 vm,
2119 4843 2256 4914 'cap.
2289 4845 2378 4898 ἓξ.
2416 4843 2572 4911 Quod
2608 4853 2788 4898 autem
2837 4843 2930 4915 τοῦ
2977 4843 3148 4915 μύρου
3196 4844 3420 4915 nomine

1845 4915 2141 4969 balsamum
2169 4913 2696 4986 designet,inferius
2717 4913 3018 4986 ostendite.
3047 4913 3138 4979 27,
3168 4913 3260 4986 ubi
3295 4928 3418 4984 gra-

1843 4987 1950 5056 tias
1979 4986 2200 5056 agitxal.
2232 4982 2372 5056 ὑπὲρ
2399 4985 2497 5056 τῆς
2531 4983 2766 5056 εὐωδίας
2788 4982 2880 5036 τοῦ
2907 4982 3100 5056 μύρου,
3131 4982 3416 5052 etiam—pro

1844 5054 2145 5126 fragrantia
2176 5054 2530 5126 unguenti,'et
2561 5071 2681 5122 cap.
2706 5054 2794 5109 44.

1915 5122 2025 5197 (22)
2061 5122 2365 5197 Succinctus
2410 5141 2646 5178 summus
2669 5125 2912 5197 sacerdos
2941 5123 3093 5197 pedes
3135 5122 3232 5178 tibi
3265 5123 3411 5197 tavit.

1843 5193 2096 5251 Ambros.
2147 5195 2224 5249 De
2255 5211 2482 5250 sacram.
2518 5210 2576 5248 tn
2605 5235 2620 5258 ,
2679 5195 2729 5247 1.
2760 5193 3225 5248 Consuetudinem
3272 5193 3415 5247 hanc

1845 5264 2086 5320 Ecclesia
2109 5265 2176 5320 Il.
2208 5282 2316 5320 non
2347 5264 2536 5318 habuit
2559 5274 2777 5335 propter
2797 5263 3205 5335 multitudinem
3241 5262 3414 5332 bapti-

1772 5369 1816 5425 ι)
1845 5345 2111 5418 ratorum,
2151 5337 2392 5416 aliasque
2426 5333 3033 5425 c_ausas.l'Alibil‘tatneri_
3054 5334 3414 5425 viguisse-no:

1843 5407 2060 5472 vimus;
2096 5401 2240 5460 nunc
2259 5401 2423 5459 etiam
2453 5405 2506 5460 in
2535 5404 2772 5459 Ecclesia
2799 5404 3058 5458 Ostiensi.
3094 5401 3413 5457 llliberitani

1844 5475 1946 5530 PP.
1975 5491 2094 5531 eam
2128 5475 2470 5531 sustulerunt
2496 5492 2620 5529 can.
2641 5474 2732 5538 48,
2763 5474 3015 5538 fortasse,
3047 5489 3110 5526 ne
3139 5473 3208 5526 ad
3236 5472 3412 5540 ipsum

1843 5555 2231 5600 sacramentum
2265 5545 2526 5614 Baptismi
2561 5547 2823 5600 videretur
2852 5545 3129 5614 pertinere,
3158 5551 3215 5614 ut
3243 5539 3317 5614 ait
3349 5539 3407 5596 S.

1840 5619 1978 5686 Aug.
2008 5618 2074 5671 ad
2100 5615 2221 5670 Jan.
2254 5613 2504 5685 ep.'ll9,
2554 5616 2636 5669 18.
2670 5615 2824 5683 Quod
2865 5613 3114 5686 noctn__S.
3147 5613 3412 5686 Cyriacns

1841 5682 1957 5742 haec
1989 5687 2171 5741 omnia
2213 5682 2476 5756 gesserit,
2516 5682 2911 5757 persecutionis
2942 5701 2970 5738 a
3007 5682 3232 5738 Claudio
3260 5685 3412 5739 exci-

1837 5765 1964 5813 tatae
1993 5768 2370 5830 argumentum
2403 5767 2504 5812 cst.
