3966 6344
293 379 396 436 565

1621 366 1803 423 ACTA
1842 363 2111 422 CRECA.

3417 353 3518 410 566

290 497 600 570 ὠμότατος)
637 495 912 566 Ῥώμυλος
941 494 1045 565 ἔφη
1064 510 1077 524 ·
1123 493 1343 566 Ἀρτίως
1365 473 1590 562 όψειτὸν
1605 489 1837 561 Χριστόν

1959 498 2059 543 tem
2096 500 2163 542 ex
2189 499 2285 541 ore
2333 491 2428 539 tuo
2450 483 2636 539 dicens
2683 480 2838 547 mihi,
2885 479 2930 535 si
2990 493 3098 535 non
3147 476 3520 533 sacriﬁcavcro

290 605 402 650 σου,
459 586 555 639 ἐὰν
592 587 666 657 μὴ
719 585 885 656 θύσῃς
912 588 1024 647 τοῖς
1055 583 1337 644 ἀθανάτοις
1388 582 1547 645 θεοῖς.
1619 582 1684 634 Ἦ
1730 581 1860 648 ἁγία

288 679 476 748 Χρυσῆ
506 675 656 730 εἶπεν
678 677 854 747 αὐτῷ·
884 675 1078 738 Καλῶς
1108 676 1332 746 εἴρηκας
1380 673 1468 734 σὺ,
1503 669 1720 736 ὲλεεινὲ,
1757 671 1860 725 κᾶν

283 770 515 840 όψέποτε
548 773 859 841 προήγαγες
889 768 987 838 τὴν
1034 766 1287 836 ἀλήθειαν
1322 767 1385 818 ὲκ
1425 764 1520 817 τοῦ
1574 765 1858 834 στόματος,

284 861 478 929 λέγων,
513 862 590 924 ὡς
619 861 712 915 ὲὰν
748 862 820 932 μὴ
868 860 1107 913 θυσιάσω
1155 861 1267 921 τοῖς
1294 856 1606 928 δαιμονίοις,
1659 855 1859 926 ὂψομαι

282 952 376 1007 τὸν
403 954 639 1024 Χριστόν
673 970 792 1024 μου.
825 953 962 1004 Τότε
993 950 1264 1022 θυμωθεὶς
1305 952 1333 1003 ὁ
1366 946 1858 1018 (δυσσεϐέστατος)

294 1046 589 1117 Ῥώμυλος,
624 1045 757 1099 διότι
785 1043 969 1098 λοιπὸν
999 1045 1056 1096 ὲν
1092 1046 1214 1106 ταῖς
1258 1040 1463 1105 λέξεσιν
1492 1039 1662 1109 αὐτῆς
1693 1042 1858 1110 ἡττη-

287 1139 445 1208 μένος
479 1137 745 1206 ἐγεγόνει,
782 1135 1064 1189 ἐκέλευσεν
1095 1133 1230 1204 μετὰ
1259 1131 1422 1184 λίθων
1454 1131 1553 1194 τὰς
1589 1130 1859 1198 σιαγῶνας

281 1227 455 1297 αὐτῆς
507 1225 919 1295 ωνθλασθῆναι.
959 1225 1023 1277 Ἠ
1049 1224 1106 1277 δὲ
1149 1221 1279 1290 ἁγία
1309 1221 1498 1292 Χρυσῆ
1549 1221 1677 1273 ἐϐόα
1707 1223 1854 1291 φωνῇ

288 1317 501 1389 μεγάλῃ
553 1315 813 1383 λέγουσα·
850 1315 986 1380 Δόξα
1015 1330 1116 1378 σοι,
1150 1312 1321 1383 Κύριέ
1377 1330 1476 1383 μου
1520 1311 1692 1384 Ἰησοῦ
1725 1314 1855 1383 Χρι-

285 1409 395 1471 στὲ,
426 1409 508 1460 ὄτι
541 1407 698 1472 ἀξίαν
723 1423 787 1476 με
819 1406 1078 1476 ἐποίησας
1108 1403 1246 1474 μετὰ
1272 1403 1380 1458 τῶν
1399 1403 1597 1456 δούλων
1644 1404 1738 1456 καὶ
1767 1402 1855 1456 θε-

285 1499 561 1572 ραπαινῶν
617 1517 708 1553 σου
767 1497 1273 1570 συναριθμιθῆναι⁶.
1306 1496 1398 1566 ('O
1453 1493 1855 1562 ἀσεϐέστατος)

293 1591 574 1662 Ῥώμυλος
605 1591 751 1658 λέγει
780 1590 914 1660 αὐτῇ
933 1607 946 1619 ο
991 1588 1190 1642 Λοιπὸν
1213 1589 1508 1659 προνόησαι
1540 1588 1636 1657 τὴν
1677 1602 1858 1653 γενεα-

279 1682 469 1750 λογίαν
501 1698 615 1745 σου,
646 1682 740 1736 καὶ
756 1680 1176 1751 προσκυνήσασα
1189 1681 1298 1740 τοῖς
1325 1677 1464 1740 θεοῖς
1487 1677 1663 1747 ἡμῶν,
1688 1675 1854 1729 θῦσον

277 1772 488 1836 αὐτοῖς,
520 1772 612 1825 καὶ
665 1770 798 1824 λὰὁε
832 1787 924 1822 σου
963 1768 1134 1840 ἄνδρα
1183 1768 1323 1822 κατὰ
1359 1769 1456 1840 τὴν
1513 1769 1702 1836 γενεάν
1737 1785 1851 1821 σου.

279 1865 422 1936 Πρὸς
441 1865 503 1918 ὃν
539 1839 1074 1934 πεπαρρησιασμένη
1109 1861 1292 1931 ήὰγία
1325 1860 1589 1931 παρθένος
1620 1858 1852 1930 ἀναϐοή-
1887 1839 1928 1892 Β

281 1977 420 2013 σασα
477 1959 704 2030 λαμπρᾷ
745 1959 812 2028 τῇ
843 1958 989 2026 φωνῇ
1021 1950 1190 2007 εἶπενσ
1235 1951 1374 2021 Ἐγὼ
1401 1953 1499 2022 ἤδη
1530 1951 1696 2022 ἄνδρα
1747 1949 1854 2020 ἔχω

277 2053 368 2106 τὸν
432 2050 762 2122 δημιουργὸν
805 2048 900 2103 τοῦ
948 2046 1178 2118 οὐρανοῦ
1225 2047 1320 2100 καὶ
1368 2045 1466 2116 τῆς
1510 2044 1612 2115 γῆς
1651 2042 1854 2114 Ἰησοῦν

281 2143 519 2215 Χριστὸν
571 2143 664 2196 τὸν
714 2141 842 2196 Υίὺν
870 2139 961 2193 τοῦ
1008 2139 1142 2192 Θεοῦ
1195 2136 1288 2191 τοῦ
1339 2135 1558 2202 ζῶντος,
1597 2135 1765 2204 ὅνπερ
1789 2133 1852 2186 σὺ

277 2240 496 2306 ἀγνοεῖς
526 2235 744 2302 εἰδέναι,
773 2233 908 2288 ἀλλὰ
965 2231 1160 2304 μᾶλλον
1184 2230 1310 2292 τοὺς
1355 2227 1609 2298 δαίμονας
1637 2225 1857 2278 ἐπίστα-

278 2349 390 2396 σαι,
422 2331 625 2392 οἵτινες
652 2328 752 2398 τὴν
796 2325 1023 2396 καρδίαν
1072 2341 1164 2378 σου
1199 2323 1366 2393 θυμὸν
1395 2319 1640 2388 λυσσώδη
1695 2316 1859 2388 ὲπλή-

1961 577 2263 644 daemoniis,
2285 575 2473 630 videro
2505 573 2802 628 Christum.
2829 572 3002 627 Iratus
3020 573 3202 642 itaque
3231 570 3518 635 Romulus,

1961 669 2086 740 quia
2118 669 2171 723 in
2193 668 2353 724 dictis
2371 666 2488 722 suis
2517 663 2690 719 fuerat
2713 664 2910 729 victus,
2931 663 3092 733 jussit
3119 673 3179 717 ut
3202 662 3378 732 lapide
3407 678 3522 716 ma—

1961 763 2101 817 xilla:
2133 761 2252 830 ejus
2289 758 2624 813 caederentur
2653 754 2997 810 diutissime:
3043 755 3311 809 clamabat
3339 763 3517 808 autem

1959 854 2116 908 beata
2148 850 2295 904 Aura
2328 849 2544 904 dicens:
2578 845 2760 901 Gloria
2779 845 2896 910 tibi,
2933 844 3159 899 Domine
3187 843 3315 898 Jesu
3363 844 3521 898 Chri-

1959 950 2061 1004 ste,
2093 939 2219 1008 quia
2240 936 2415 992 merui
2446 936 2586 990 inter
2610 948 2796 989 servos
2826 943 2946 988 tuos
2983 934 3374 1002 cognominati.
3412 933 3521 989 Ro-

1959 1031 2143 1086 mulus
2157 1030 2321 1084 dixit:
2352 1027 2472 1083 Jam
2500 1028 2722 1083 consule
2746 1027 3094 1098 generositati
3125 1037 3248 1093 tuae,
3275 1037 3328 1082 et
3355 1027 3519 1082 adora

1959 1125 2113 1188 deos,
2137 1133 2193 1178 et
2224 1122 2490 1188 sacriﬁca,
2514 1130 2568 1175 et
2597 1121 2782 1190 accipe
2825 1121 3001 1174 virum
3035 1123 3331 1175 secundum
3367 1133 3521 1176 nata-

1958 1217 2037 1272 les
2057 1226 2203 1272 tuos.
2230 1215 2329 1270 Cui
2357 1213 2676 1270 liducialiter
2695 1214 2853 1267 beata
2868 1212 3011 1264 Aura
3041 1228 3171 1267 voce
3190 1214 3333 1268 clara
3349 1215 3518 1268 dixit:

1959 1309 2072 1378 Ego
2100 1309 2276 1362 virum
2335 1307 2510 1362 habeo
2567 1305 2852 1360 Dominum
2884 1304 3004 1357 οωιί
3048 1313 3102 1358 et
3139 1315 3292 1358 terra:
3334 1303 3516 1358 Jesum

1958 1399 2256 1463 Christum,
2283 1414 2444 1468 quem
2481 1407 2539 1451 tu
2569 1397 2734 1452 miser
2773 1398 2978 1468 negasti
3009 1409 3060 1451 te
3091 1396 3247 1460 seire,
3291 1396 3385 1450 sed
3425 1412 3517 1450 co-

1958 1491 2175 1562 gnoscis
2207 1490 2481 1545 daemones
2504 1490 2596 1558 qui
2625 1505 2720 1544 cor
2755 1498 2904 1542 tuum
2931 1487 3142 1543 insania
3171 1495 3226 1541 et
3251 1486 3398 1541 rabie
3417 1487 3520 1540 im-

1958 1583 2256 1651 pleverunt.
2287 1582 2462 1636 Iratus
2495 1579 2759 1635 Romulus
2788 1580 2975 1634 eadem
3026 1579 3157 1634 hora
3189 1579 3358 1648 jussit
3390 1587 3517 1632 ante

1956 1681 2304 1744 conspectum
2361 1687 2522 1729 suum
2572 1672 2865 1742 plumbatis
2913 1687 3032 1725 eam
3077 1671 3326 1726 deﬁcere.
3387 1669 3519 1736 Qua:

1958 1783 2080 1822 cum
2109 1766 2202 1821 diu
2226 1765 2522 1822 caederetur
2548 1763 2719 1834 magis
2755 1762 3183 1827 confortabatur,
3217 1772 3271 1817 et
3290 1761 3434 1816 dedit
3462 1763 3517 1815 in

1959 1873 2078 1913 eam
2120 1857 2465 1922 sententiam,
2516 1855 2746 1926 lapidem
2794 1871 3047 1926 magnum
3086 1855 3240 1924 ligari
3259 1853 3424 1924 jussit
3451 1857 3518 1908 ad

1959 1948 2158 2004 collum
2188 1948 2327 2018 ejus,
2360 1955 2414 2002 et
2442 1947 2765 2017 praecipitari
2801 1948 2854 2000 in
2900 1961 3070 2001 mare.
3125 1945 3295 2015 Cujus
3320 1960 3518 2014 corpus

1959 2049 2205 2095 sanctum
2264 2039 2504 2109 pervenit
2540 2039 2608 2093 ad
2653 2039 2823 2093 littus.
2878 2039 3078 2093 Beatus
3115 2053 3244 2093 vero
3292 2037 3519 2092 Nonnus

1961 2131 2178 2202 collegit
2205 2147 2405 2201 corpus
2437 2131 2556 2200 ejus
2591 2139 2646 2184 et
2694 2131 2938 2200 sepelivit
2977 2131 3030 2183 in
3075 2130 3278 2199 przedio
3326 2130 3518 2199 ipsius,

1963 2224 2056 2278 ubi
2087 2223 2423 2278 habitaverat
2455 2222 2604 2278 foras
2633 2238 2819 2277 muros
2840 2230 3009 2292 porta:
3029 2221 3190 2277 Ostia:
3216 2237 3360 2276 nono
3413 2222 3520 2276 Ka-

1962 2317 2150 2372 lendas
2181 2314 2532 2386 Septembris.

282 2439 482 2494 ρωσαν.
523 2420 668 2491 Αὑτῇ
705 2418 762 2472 δὲ
811 2420 878 2489 τῇ
909 2417 1026 2489 ὥρᾳ
1047 2415 1318 2487 ὀργισθεὶς
1362 2409 1789 2483 ό(παράνομος)
1831 2407 2101 2480 Ῥώμυλος
2151 2408 2430 2464 ἐκέλευσεν
2473 2412 2586 2472 τοῖς
2643 2409 2939 2480 ὑπηρέταις
2992 2407 3154 2464 αὐτοῦ
3207 2410 3327 2471 ταῖς
3376 2408 3523 2478 μολι-

279 2516 486 2579 ϐδίναις
515 2514 771 2585 σφαίραις
800 2512 1096 2567 τύπτεσθαι
1123 2512 1310 2584 αὑτήν.
1343 2510 1499 2573 Ἧτις
1540 2505 2006 2576 πολυτυπτηθεῖσα
2053 2505 2248 2577 μᾶλλον
2294 2505 2699 2576 ἐνεδυναμοῦτο.
2745 2505 3024 2559 Ἐκέλευσε
3063 2505 3119 2558 δὲ
3179 2505 3338 2559 πάλιν
3377 2503 3522 2558 λίθον

281 2612 458 2683 μέγαν
487 2609 847 2681 δεσμευθῆναι
894 2608 1036 2663 κατὰ
1079 2608 1172 2663 τοῦ
1200 2607 1465 2681 τραχήλου
1493 2606 1679 2675 αὐτῆς,
1717 2603 1812 2657 καὶ
1837 2602 2008 2667 οὕτως
2044 2603 2414 2676 κρεμασθῆναι
2444 2605 2500 2657 ὲν
2536 2607 2601 2674 τῇ
2647 2603 2906 2677 θαλάσσῃ.
2961 2597 3215 2665 ΊΓΗστινος
3269 2602 3330 2657 τὸ
3370 2603 3524 2670 ἅγιον

281 2701 439 2772 σῶμα
469 2699 759 2771 περιῆλθεν
787 2700 890 2763 ἕως
920 2699 1013 2752 τοῦ
1044 2697 1498 2780 αἰγιαλοῦηὸπερ
1524 2701 1552 2752 ὁ
1586 2696 1993 2770 μακαριώτατος
2044 2695 2210 2760 Νόνος
2243 2698 2271 2750 ὁ
2315 2697 2406 2749 καὶ
2465 2694 2880 2767 μετονομασθεὶς
2950 2696 3256 2759 Ἱππόλυτος
3289 2699 3522 2768 συνήγα-

281 2812 394 2863 γεν,
429 2794 527 2848 καὶ
557 2792 716 2846 τοῦτο
741 2791 1040 2863 κατέθαψεν
1067 2795 1123 2846 ὲν
1153 2792 1231 2863 τῷ
1263 2793 1374 2864 ίδίῳ
1417 2793 1585 2864 αὐτῆς
1642 2792 1845 2864 χωρίῳ,
1899 2789 2024 2844 ἔνθα
2068 2791 2157 2845 καὶ
2223 2789 2479 2861 κατῴκει,
2519 2789 2623 2858 ἔξω
2673 2791 2780 2845 τῶν
2826 2792 3046 2862 τειχέων
3100 2793 3196 2864 τῆς
3239 2795 3521 2864 Ὀστησίας

282 2891 511 2953 πόλεως,
555 2892 622 2961 τῇ
657 2889 763 2953 πρὸ
791 2889 946 2942 ἐννέα
975 2888 1084 2960 (40)
1117 2887 1407 2942 Καλανδῶν
1443 2889 1846 2960 Σεπτεμϐρίων.

349 2984 424 3035 A'.
466 2980 599 3033 Τότε
647 2977 741 3034 οὖν
779 2984 807 3035 ό
856 2980 1236 3053 (παράνομος)
1269 2981 1512 3052 βικάριος
1553 2982 1854 3054 ἐκράτησεν

2033 2975 2125 3030 ιν.
2148 2973 2288 3030 Tum
2323 2974 2589 3032 Romulus
2612 2975 2786 3030 tenuit
2837 2972 3189 3030 Sabinianum
3232 2978 3518 3047 quemdam

285 3069 599 3122 Σαϐινιανόν
619 3086 739 3124 τινα
766 3070 1094 3142 ἐπιμελητὴν
1135 3071 1229 3124 τοῦ
1277 3071 1441 3125 τόπου
1489 3073 1694 3126 ἐκείνου
1716 3089 1730 3104 ο
1761 3074 1856 3126 καὶ

1961 3067 2252 3138 agricolam
2278 3067 2381 3122 loci
2412 3066 2580 3132 illius,
2609 3076 2663 3122 et
2687 3068 2850 3138 coepit
2870 3069 2937 3122 ab
2981 3083 3046 3123 eo
3077 3083 3323 3137 qumrere
3351 3067 3521 3122 facul-

283 3160 487 3232 ἦρξατο
506 3162 639 3233 παρ’
669 3161 830 3214 αὑτοῦ
859 3161 1132 3232 ἐπιζητεῖν
1147 3162 1246 3226 τὰς
1266 3162 1525 3235 ὑπάρξεις
1551 3165 1650 3235 τῆς
1680 3181 1856 3235 μακα-

1959 3167 2099 3214 tates
2129 3158 2306 3214 beata:
2327 3159 2492 3214 Aura:
2515 3159 2738 3214 dicens:
2766 3160 3041 3231 Sacrilega
3069 3160 3235 3224 Aura,
3259 3174 3380 3229 quae
3403 3175 3522 3214 ma-

289 3252 408 3320 ρίας
428 3252 652 3323 Χρυσῆς
672 3252 842 3321 λέγων
860 3269 874 3284 ·
919 3254 982 3307 Ἠ
1009 3254 1281 3324 ἱερόσυλος
1309 3256 1352 3306 Χ
1362 3255 1516 3326 ρυσῆ,
1545 3257 1666 3324 ἥτις
1685 3255 1858 3319 ἐξελέ-

289 3341 413 3404 ξατο
441 3340 530 3393 διὰ
557 3341 655 3411 τῆς
685 3341 920 3411 μαγικῆς
944 3341 1115 3410 αὐτῆς
1143 3341 1335 3411 τέχνης
1364 3341 1561 3411 μᾶλλον
1585 3341 1674 3394 τὸν
1696 3341 1856 3395 θάνα-

281 3449 376 3486 τον
403 3433 553 3502 ἥπερ
594 3431 692 3502 τὴν
721 3431 887 3501 ζωὴν,
924 3432 1090 3486 πολὺν
1138 3432 1400 3502 ἐκέκτητο
1444 3431 1689 3484 πλοῦτον.
1719 3432 1856 3495 Τοὺς

282 3518 379 3576 οὖν
412 3522 723 3594 θησαυροὺς
776 3522 946 3593 αὐτῆς
1003 3523 1096 3576 καὶ
1149 3523 1217 3576 τὰ
1270 3521 1472 3592 κόσμια
1527 3521 1857 3576 κατενώπιον

283 3612 446 3682 ήμῶν
476 3611 678 3682 φέρων,
706 3610 865 3663 θῦσον
895 3611 986 3664 καὶ
1014 3612 1126 3674 τοῖς
1155 3611 1314 3674 Θεοῖς,
1348 3613 1441 3665 καὶ
1463 3611 1584 3682 ζῆθι
1619 3611 1859 3664 ὑποκύπ-

279 3720 393 3756 των
421 3703 516 3756 καὶ
542 3706 655 3765 τοῖς
684 3702 1065 3772 προστάγμασι
1092 3703 1200 3756 τῶν
1233 3703 1662 3775 αὐτοκρατόρων.
1692 3704 1855 3757 Σαϐι-

281 3795 468 3858 νιανδς
497 3791 677 3848 εἶπεν⁸
721 3793 861 3862 Ἐγὼ
890 3794 1118 3848 πάντοτε
1141 3795 1636 3868 ταπεινοφροσύνην
1682 3795 1855 3849 ἐδιδά-

280 3887 421 3958 χθην
459 3886 613 3958 παρὰ
653 3887 753 3958 τῆς
805 3886 963 3955 ἁγίας
1000 3887 1267 3957 παρθένου
1305 3887 1548 3960 Χρυσῆς,
1596 3887 1718 3958 ἥτις
1763 3888 1857 3941 καὶ

281 3977 526 4042 ἐδίδαξέν
561 3995 628 4048 με
656 3978 1044 4048 καθομολογεῖν
1071 3977 1165 4030 ξένα
1183 3979 1336 4043 Θεὸν,
1366 3979 1458 4032 τὸν
1486 3972 1688 4050 Κύριον
1703 3979 1857 4050 ἡμῶν

293 4067 504 4139 Ἰησοῦν
532 4068 782 4139 Χριστὸν,
811 4067 902 4120 τὸν
922 4067 1246 4137 γεννηθέντα
1274 4069 1338 4121 ἐκ
1364 4067 1673 4137 Πνεῦματος
1699 4067 1856 4136 ἁγίου

279 4160 378 4214 καὶ
407 4159 627 4230 Μαρίας
666 4160 764 4230 τῆς
816 4159 1113 4231 Παρθένου.
1156 4159 1307 4212 Ἐπεὶ
1337 4159 1535 4231 χρυσὸς
1588 4161 1718 4230 ἡμῖν
1763 4160 1858 4213 καὶ

279 4259 526 4328 ἄργυρος
556 4257 603 4326 ἢ-
625 4255 958 4327 μαργαρίται
985 4255 1084 4326 οὐχ
1125 4255 1479 4327 ὑπάρχουσιν.
1540 4255 1597 4309 'O
1626 4254 1682 4308 δὲ
1712 4253 1859 4324 (δυσ-

282 4349 640 4421 σεϐέστατος)
682 4347 955 4418 Ῥώμυλος
983 4348 1086 4420 ἔφη
1116 4345 1290 4418 αὐτῷ·
1325 4347 1600 4418 Σύνδραμε
1647 4345 1858 4418 σεαυτῷ

279 4563 394 4600 esse
443 4545 526 4614 ﬁl.
587 4544 930 4599 Praetextati.
949 4587 962 4599 .
983 4582 1000 4598 .
1047 4543 1211 4613 jussit
1254 4544 1462 4613 familia
1483 4586 1495 4598 .
1521 4584 1534 4596 .
1557 4581 1574 4597 .

275 4632 405 4686 quia
435 4631 554 4669 eam
580 4617 842 4669 tuebatur.
883 4614 950 4667 Et
982 4631 1262 4684 agnoscens
1284 4655 1296 4667 .
1323 4653 1336 4666 .
1357 4615 1468 4686 ._ab
1493 4615 1568 4668 eis
1618 4615 1697 4686 i_ta
1726 4630 1856 4676 esse,

278 4683 598 4756 imperatori
639 4686 894 4756 suggessit
921 4685 984 4738 de
996 4683 1081 4756 ‘ea
1102 4686 1295 4756 dicens
1315 4700 1333 4737 :
1360 4683 1567 4756 Filiam
1621 4683 1860 4738 Praztex-

277 4752 384 4808 tati
423 4752 869 4809 nobilissimiviri
895 4772 927 4808 (ι
981 4752 1302 4807 Christianis
1350 4755 1427 4806 ita
1469 4755 1736 4820 deceptam
1765 4769 1859 4821 pro

276 4824 489 4879 Christi
512 4827 752 4879 nomine.
775 4864 790 4878 .
812 4864 826 4878 .
869 4823 1020 4878 vellet
1053 4825 1299 4892 interﬁci.
1354 4822 1450 4876 His
1497 4824 1696 4876 auditis
1730 4822 1860 4876 Dio-

273 4896 543 4950 clitianus
579 4895 726 4964 (sic)
757 4895 912 4960 iussit
935 4910 1048 4947 eam
1096 4895 1374 4963 diligenter
1399 4894 1674 4946 custodiri.
1710 4892 1860 4946 Dice-

278 4967 374 5016 bat
405 4965 574 5017 enim.
597 5004 642 5018 ..
677 4965 746 5017 ad
777 4982 932 5018 aures
971 4981 1095 5017 suos
1126 4966 1214 5017 in.
1241 5002 1287 5017 ..
1328 4964 1466 5033 quod
1511 4965 1738 5033 immane
1768 4979 1862 5029 pa-

278 5035 598 5087 trimonium
623 5036 960 5087 uendidisset.
1000 5035 1183 5088 Altera
1213 5032 1392 5104 itaque
1413 5033 1498 5087 die
1519 5032 1724 5085 Probus
1747 5033 1862 5100 jus-

275 5106 352 5156 sit
387 5119 507 5156 eam
526 5104 579 5156 in
605 5105 946 5158 secretarium
969 5106 1200 5158 adduci:
1227 5105 1396 5168 Quam
1419 5146 1430 5158 .
1454 5143 1468 5156 .
1491 5144 1504 5156 .
1531 5104 1860 5172 interrogans

275 5175 344 5227 de
378 5175 589 5226 vendito
641 5175 964 5238 patrimonio
985 5214 1000 5227 .
1023 5215 1036 5228 .
1059 5213 1072 5225 .
1106 5176 1331 5242 pretium
1373 5173 1711 5242 prodegisset.
1738 5171 1856 5226 Ἡσ-

278 5243 508 5311 spondet
555 5245 844 5302 Anastasio
883 5243 1100 5296 dicens:
1140 5243 1250 5313 Ego
1305 5245 1352 5297 si
1408 5243 1578 5295 adhuc
1622 5243 1862 5295 haberem

279 5313 424 5381 quod
457 5322 817 5382 e_:t:penderem,
851 5330 952 5366 non
976 5330 1054 5366 me
1083 5313 1506 5382 persequentibus
1537 5315 1863 5366 demonstra-

278 5380 419 5436 rem.
468 5380 656 5435 verum
685 5385 809 5452 quia
838 5380 1330 5452 universa-expenso
1355 5423 1368 5436 .
1390 5424 1404 5437 .
1426 5424 1438 5436 .
1471 5399 1653 5436 securo
1672 5383 1862 5451 festino

279 5454 352 5507 ad
390 5461 644 5507 mortem.
694 5452 849 5506 Nihil
897 5455 1036 5507 enim
1071 5455 1196 5508 licet
1247 5453 1457 5506 diabolo
1496 5454 1559 5505 de
1594 5452 1864 5522 facultati-

281 5525 383 5576 bus
422 5524 557 5592 meis,
579 5538 670 5590 per
725 5539 847 5578 suos
871 5563 885 5577 .
908 5563 923 5578 .
950 5565 963 5578 .
1019 5539 1278 5592 usurpare
1307 5522 1532 5575 cultores
1557 5563 1568 5575 .
1593 5561 1608 5575 .
1633 5563 1646 5575 .
1680 5524 1862 5592 cogni-

283 5596 481 5646 tionem
529 5591 857 5647 Dioclitiano
911 5591 1186 5663 suggessit.
1221 5593 1470 5663 Tuncrad
1527 5594 1861 5647 Anostosiam

288 5663 496 5716 Probus
519 5663 691 5716 dixit:
724 5663 856 5717 Deos
880 5662 1104 5734 deosque
1129 5665 1274 5734 (sic)
1300 5662 1472 5716 cultor
1491 5673 1603 5716 crat
1625 5663 1865 5734 Printed;-

285 5743 432 5785 tatus
459 5741 609 5799 pater
651 5743 791 5797 tuus,
812 5743 862 5786 et
898 5736 1034 5801 ipsos
1064 5733 1466 5795 coleredebctis,
1505 5742 1552 5786 et
1575 5749 1676 5785 non
1712 5733 1863 5787 Chri-

291 5815 428 5856 stum
461 5803 638 5856 nescio
671 5819 822 5872 quem
857 5801 1125 5869 ludorum,
1151 5805 1238 5872 qui
1269 5821 1298 5856 α
1329 5804 1437 5857 suis
1478 5803 1679 5858 occisus
1713 5814 1854 5858 est...

1957 3251 2042 3321 gis
2076 3250 2236 3320 elegit
2259 3265 2355 3320 per
2405 3251 2644 3321 magicas
2677 3262 2819 3306 artes
2856 3253 2990 3306 mori
3019 3265 3181 3321 quam
3199 3251 3308 3304 vita
3339 3249 3525 3304 nobis~

1957 3357 2081 3398 cum
2110 3340 2238 3408 frui,
2271 3351 2377 3398 tua:
2407 3343 2658 3398 amicitia:
2688 3344 3352 3414 semperfuitcommunis.
3381 3343 3523 3397 The-

1959 3452 2182 3492 saurum
2213 3437 2333 3505 ejus
2354 3437 2436 3491 vel
2469 3446 2788 3491 ornamenta
2843 3447 2968 3490 ante
3024 3446 3373 3506 conspectum
3419 3451 3520 3488 no-

1957 3537 2129 3582 strum
2153 3527 2430 3582 declarare
2457 3526 2674 3594 festina,
2708 3536 2762 3582 et
2790 3529 3031 3582 sacriﬁca
3056 3527 3181 3592 diis,
3215 3535 3267 3582 et
3308 3529 3448 3590 vive,
3470 3539 3524 3582 et

1957 3617 2245 3672 humiliare
2281 3617 2576 3672 secundum
2619 3617 2773 3687 jussa
2815 3618 3144 3686 principum.
3195 3617 3522 3671 Sabinianus

1956 3710 2136 3765 dixit:
2187 3709 2302 3778 Ego
2341 3725 2470 3764 vero
2519 3724 2733 3779 semper
2781 3709 3136 3765 humilitatem
3176 3711 3366 3765 doctus
3399 3724 3520 3763 sum

1956 3814 1988 3854 a
2033 3807 2219 3854 sancta
2243 3799 2391 3853 Aura
2415 3814 2536 3868 quae
2585 3815 2671 3854 me
2713 3800 2898 3854 docuit
2943 3800 3189 3855 conﬁteri
3230 3801 3520 3854 Dominum

1957 3905 2138 3946 meum
2166 3887 2350 3944 Jesum
2404 3888 2704 3954 Christum,
2757 3891 2852 3960 qui
2882 3898 3045 3945 natus
3093 3898 3176 3945 est
3205 3890 3270 3944 de
3317 3890 3520 3958 Spiritu

1957 3992 2148 4040 sancto
2177 3998 2243 4038 ex
2268 3980 2435 4035 Maria
2459 3979 2700 4050 Virgine.
2733 3978 2869 4034 Nam
2901 3996 3093 4035 aurum
3120 3989 3214 4035 aut
3239 3989 3525 4050 argentum

1955 4077 2043 4130 vel
2066 4075 2390 4147 margaritas
2416 4089 2525 4129 non
2549 4089 2634 4128 me
2660 4075 2860 4128 habere
2883 4075 3045 4137 scias,
3079 4074 3185 4128 nisi
3232 4073 3520 4127 Dominum

1957 4167 2142 4224 Iesum
2175 4167 2474 4222 Christum.
2508 4164 2772 4220 Romulus
2804 4165 2970 4219 dixit:
2999 4163 3268 4219 Succurre
3305 4164 3424 4230 tibi,
3469 4175 3523 4218 et

1957 4261 2201 4316 occultos
2216 4261 2501 4316 thesauros
2523 4259 2828 4329 principum
2845 4257 3028 4324 redde,
3049 4267 3103 4311 et
3124 4257 3369 4312 sacriﬁca
3392 4256 3518 4318 diis,

1957 4359 2013 4405 et
2043 4349 2233 4408 recede
2264 4349 2332 4404 ab
2379 4349 2590 4404 insania
2647 4347 2804 4402 falsa.
2856 4345 3184 4402 Sabinianus
3211 4347 3378 4402 dixit:
3410 4345 3522 4416 Ego

1641 4559 1857 4612 parvam
1890 4543 1929 4555 “’
1963 4548 2205 4602 odorare.
2258 4547 2548 4601 Anastasio
2575 4547 2748 4600 dixit:
2794 4545 2904 4616 Ego
2934 4546 3056 4616 deos
3085 4544 3312 4616 deosque
3353 4543 3520 4616 patris

1960 4620 2060 4672 mei
2087 4633 2286 4686 semper
2304 4617 2463 4680 colui,
2498 4625 2547 4669 et
2579 4618 2681 4670 nisi
2697 4633 2783 4670 eos
2801 4613 2924 4686 bene
2948 4615 3245 4686 coluissent,
3279 4613 3432 4686 hodie
3452 4613 3521 4665 ad

1960 4683 2347 4758 confessionem
2361 4687 2530 4739 sancti
2547 4688 2778 4758 nominis
2803 4685 3002 4739 Christi
3020 4701 3122 4758 non
3149 4685 3364 4758 exirent.
3395 4683 3527 4758 Rre-

1961 4752 2071 4811 bus'
2094 4759 2270 4810 dixit:
2301 4755 2370 4810 Et
2401 4759 2448 4809 si
2475 4755 2685 4809 coluisti
2706 4773 2812 4821 eos,
2848 4772 3008 4826 quare
3029 4753 3304 4826 deseruisti
3353 4752 3524 4826 cultu-

1959 4843 2076 4880 rom
2103 4829 2296 4880 tuom?
2325 4828 2612 4880 Anastasio
2659 4826 2834 4878 dixit:
2860 4824 3001 4878 Non
3035 4824 3260 4886 deserui,
3295 4838 3386 4875 nec
3435 4824 3524 4874 de-

1961 4914 2096 4950 sero.
2131 4895 2332 4952 Probus
2361 4897 2538 4948 dixit:
2589 4893 2731 4965 Ergo
2775 4896 2910 4948 coles
2957 4897 3080 4965 deos
3106 4895 3329 4962 deasque
3357 4903 3521 4965 patris

1962 4968 2038 5019 tui
2062 4969 2086 5019 ?
2115 4967 2398 5019 Anastasio
2426 4965 2597 5018 dixit:
2627 4963 2689 5018 In
2719 4975 2923 5018 tantum
2941 4964 3052 5016 colo
3071 4981 3176 5028 eos,
3207 4973 3262 5015 ut
3290 4965 3353 5015 ab
3377 4963 3518 5015 omni

1960 5053 2046 5090 eos
2077 5037 2275 5105 injuria
2309 5035 2605 5088 liberarem.
2634 5035 2862 5104 Denique
2909 5035 3034 5086 dum
3067 5049 3274 5086 aranea:
3307 5050 3392 5105 eos
3436 5033 3520 5083 in-

1962 5103 2212 5169 texerent,
2243 5117 2291 5158 et
2319 5123 2434 5159 oves
2463 5103 2833 5168 stercorarent,
2875 5121 2966 5174 ego
2993 5120 3078 5158 eos
3108 5103 3345 5174 liberavi,
3369 5113 3520 5174 atque

1962 5177 2194 5244 con/laus
2251 5192 2336 5228 eos
2382 5177 2438 5227 in
2485 5176 2759 5242 pecuniam
2807 5175 3055 5228 converti.
3109 5173 3312 5226 Probus
3345 5173 3517 5244 dixit:

1965 5241 2080 5299 Hoc
2109 5246 2444 5314 sacrilegium
2479 5241 2568 5297 nec
2594 5261 2744 5297 aures
2775 5261 2901 5298 mea:
2927 5247 3108 5296 audire
3136 5251 3345 5314 queunt.
3377 5241 3520 5294 Tunc

1965 5319 2139 5369 ridens
2167 5311 2317 5368 beata
2347 5314 2632 5366 Anastasio
2677 5315 2841 5368 dixit:
2886 5314 3054 5366 Miror
3086 5311 3418 5381 prudentiam
3444 5327 3523 5363 ve-

1963 5398 2150 5448 stram,
2187 5401 2248 5437 ac
2276 5385 2321 5437 si
2343 5385 2679 5452 sacrilegium
2706 5387 2853 5437 times
2877 5385 3074 5454 lapides
3108 5387 3364 5454 frangere,
3401 5397 3520 5432 suc-

1964 5457 2197 5518 cendere,
2225 5466 2506 5508 atramenta
2536 5450 2802 5523 conﬂare;
2848 5450 2983 5507 cer'te
3021 5455 3067 5506 si
3110 5450 3520 5523 putusoliquam

1963 5527 2291 5578 divinitatem
2318 5524 2480 5577 latere
2504 5525 2557 5576 in
2574 5521 2873 5577 simulacris
2902 5523 3220 5583 vanissimis,
3247 5521 3366 5572 date
3393 5521 3520 5571 mihi

1965 5598 2166 5664 capiam
2195 5596 2475 5660 evertendi,
2497 5604 2546 5647 et
2571 5611 2656 5648 eos
2675 5605 2898 5647 evertens
2916 5595 3093 5662 patiar
3115 5590 3178 5643 ab
3197 5590 3270 5644 eis
3295 5589 3516 5660 aliquid.

1963 5665 2166 5720 Caetera
2197 5665 2413 5719 desunt.

2039 5735 2153 5805 (40)
2184 5734 2487 5805 Legendum
2515 5732 2890 5805 ἐννεακαίδεκα
2909 5731 3219 5799 Καλανδῶν,
3258 5746 3347 5785 xu
3379 5727 3520 5794 Kal.,

1968 5815 2027 5861 ut
2050 5803 2111 5860 in
2136 5803 2462 5860 'Prmfatione
2492 5804 2820 5860 monuimus.
2882 5846 2889 5851 .
