3966 6344
421 325 526 382 567
1571 323 1630 378 S.
1677 321 2033 379 HlPPULYTl
2071 321 2250 377 ACTA
2283 322 2555 381 GRAECA.
3556 325 3662 380 σεε

421 441 641 515 quidem
666 455 878 497 mereor
897 439 1027 495 caedi
1054 454 1155 509 pro
1183 439 1422 510 peccatis
1474 440 1634 506 meis,
1665 442 1760 496 sed
1790 443 1991 513 gratias

2108 443 2185 495 ιαὶ
2211 442 2333 505 τοὺς
2361 421 2711 513 ἁποδῗρύφους
2739 441 3045 512 θησαυροὺς
3071 443 3181 505 τοῖς
3234 440 3662 512 αὐτοκράτορσιν

421 549 525 606 ago
554 532 783 587 Domino
811 545 932 585 meo
958 527 1089 585 Jesu
1115 529 1334 586 Christo
1361 538 1414 586 et
1439 530 1602 586 credo
1627 546 1714 587 me
1731 532 1983 587 idoneum

2108 535 2306 600 ὶπόδος,
2337 535 2431 588 καὶ
2463 534 2623 588 θῦσον
2642 537 2753 597 τοῖς
2771 534 2930 598 θεοῖς.
2955 533 3265 598 Σαϐινιανὸς
3295 531 3477 588 εἶπενο
3521 533 3662 602 Ἐγὼ

417 641 541 686 esse
573 626 640 682 ad
679 623 1113 694 cognoscendam
1165 623 1285 694 ejus
1317 623 1770 687 misericordiam,
1821 625 1984 680 etiam

2108 629 2191 680 t'sv
2225 628 2327 680 οὐκ
2353 627 2467 698 εἰμὶ
2497 625 2643 693 ἄξιος
2678 626 2764 681 ἵνα
2794 626 2932 698 ὑπὲρ
2958 625 3068 679 τῶν
3096 625 3245 696 ὲμῶν
3297 625 3579 698 ἁμαρτιῶν
3608 624 3661 678 τί

418 717 514 788 qui
539 716 668 771 mihi
700 716 953 786 dignatus
977 724 1060 770 est
1081 729 1235 770 suam
1256 714 1484 784 gratiam
1505 715 1562 769 in
1583 712 1866 785 Baptismo
1895 716 1987 770 do-

2108 735 2219 770 τοτε
2248 717 2619 787 ἐπιτεύξομαι,
2650 716 2762 769 ἀλλ’
2783 717 2904 768 ὅσον
2936 716 2964 768 6
3011 715 3211 788 Κύριός
3242 733 3340 786 μου
3389 716 3486 770 καὶ
3531 715 3664 782 Θεὸς

422 824 571 864 nare.
601 806 736 862 Nam
763 807 866 862 hoc
891 807 1033 862 scias
1075 821 1267 860 aurum
1299 806 1594 875 temporale
1643 821 1730 862 me
1753 821 1861 862 non
1885 808 1983 862 ha-

2108 808 2372 872 rrtvsdoaq
2415 806 2738 878 χαρίσασθαι
2781 804 3189 869 καταξιώσειεν·
3238 807 3378 860 οὕτω
3400 807 3658 864 πιστεύω.

421 895 566 957 bere,
595 910 660 950 ac
698 893 982 949 daemoniis
1009 893 1250 948 cervices
1277 907 1428 948 meas
1469 909 1577 950 non
1618 895 1865 962 ﬂectere;
1896 895 1983 952 fac

2108 899 2226 953 Ἐπὶ
2279 899 2438 953 τοῦτο
2465 899 2699 968 γίνωσκε
2752 899 2950 972 χρυσὸν
2995 899 3254 973 ἐπίκηρον
3283 899 3358 970 μὴ
3395 899 3537 969 ἔχειν
3569 899 3660 971 μὲ,

421 985 564 1056 quod
603 985 705 1040 vis.
739 985 915 1040 iratus
963 983 1230 1040 Romulus
1258 985 1425 1054 jussit
1455 993 1514 1039 ut
1548 999 1671 1040 cum
1696 986 1986 1056 plumbatis

2108 990 2231 1059 μηδὲ
2266 988 2459 1060 βουλὴν
2486 989 2548 1042 τὸ
2590 989 2716 1057 γόνυ
2761 987 2972 1059 κάμψαι
3003 992 3115 1052 τοῖς
3164 987 3421 1052 εἰδώλοις.
3476 989 3664 1043 Ταῦτα

419 1079 658 1134 cervices
683 1078 802 1148 ejus
831 1078 1188 1134 tunderentur
1212 1079 1314 1134 sub
1339 1093 1474 1134 voce
1513 1078 1814 1148 praeconia:
1848 1077 1985 1133 Deos

2108 1081 2186 1134 ιαὶ
2211 1081 2282 1134 τὰ
2308 1079 2516 1144 τούτοις
2543 1081 2702 1152 ὅμοια
2721 1079 2968 1150 λέγοντος
2994 1079 3087 1133 τοῦ
3117 1079 3384 1152 μακαρίου
3415 1081 3666 1134 Σαϐινιαρ

417 1176 475 1222 et
501 1169 632 1224 deas
662 1169 964 1238 principum
992 1169 1370 1239 blasphemare
1394 1169 1528 1223 noli.

2090 1171 2203 1237 νοῦ,
2234 1173 2262 1224 6
2292 1171 2669 1244 (παράνομος)
2711 1171 2984 1244 Ῥώμυλος
3004 1172 3285 1225 ἐκέλευσεν
3313 1175 3426 1235 τοῖς
3454 1173 3662 1245 ὐπηρέυ

419 1280 546 1327 ταις
571 1263 734 1318 αὐτοῦ
765 1265 912 1328 ὅπως
969 1263 1108 1335 μετὰ
1136 1263 1244 1319 τῶν
1277 1264 1592 1336 μολιϐδίνων
1627 1265 1872 1338 σφαιρῶν
1899 1267 1991 1320 τὸν
2025 1267 2227 1338 αὐχένα
2257 1265 2421 1320 αὐτοῦ
2457 1266 2808 1320 συνθλάσωσι.

497 1357 558 1411 V.
587 1356 788 1412 Eodem
841 1357 929 1413 die
956 1359 1186 1415 audiens
1214 1360 1318 1415 boc
1339 1361 1530 1416 beatus
1559 1359 1878 1432 Hippolytus
1899 1377 1984 1418 se-

2156 1363 2231 1416 E'.
2251 1362 2420 1415 Τοῦτο
2445 1362 2501 1416 δὲ
2528 1361 2764 1426 ἀκούσας
2793 1365 2822 1415 6
2855 1360 3264 1433 μακαριώτατος
3293 1361 3606 1424 Ἱππόλυτος
3633 1360 3664 1411 6

423 1463 526 1504 ne:
550 1448 748 1504 obtulit
777 1465 836 1505 se
857 1447 917 1504 in
943 1459 1295 1520 conspectum
1324 1450 1564 1517 Romuli,
1595 1453 1684 1508 cui
1733 1453 1806 1508 ita
1853 1469 1986 1509 voce

2108 1452 2455 1525 τρεσϐύτερος
2481 1453 2614 1525 (Al),
2644 1452 2810 1506 ἐλθὼν
2839 1452 2968 1524 ἔστη
2999 1452 3230 1508 ἐνώπιον
3256 1451 3346 1506 τοῦ
3362 1452 3662 1523 Ῥωμύλου,

422 1544 571 1598 clara
603 1542 770 1598 dixit:
799 1542 844 1597 0
873 1544 1059 1610 miser,
1089 1543 1134 1598 si
1167 1544 1362 1611 scires,
1393 1559 1505 1599 non
1535 1544 1868 1600 cruciatibus
1887 1545 1984 1600 da-

423 1650 513 1690 res
536 1635 775 1692 cervices
802 1645 1136 1703 sanctorum,
1169 1636 1260 1692 sed
1289 1647 1343 1692 te
1370 1637 1546 1708 ipsum
1574 1636 1908 1703 humiliares,
1934 1648 1990 1693 et

423 1728 675 1784 crederes
718 1726 848 1792 Deo,
879 1736 934 1783 et
980 1726 1212 1783 Domino
1250 1727 1377 1784 Jesu
1426 1727 1665 1798 Christo,
1717 1743 1772 1785 et
1818 1730 1992 1786 servis

2091 1545 2186 1598 καὶ
2233 1544 2460 1616 λαμπρᾷ
2507 1547 2575 1616 τῇ
2609 1548 2758 1616 φωνῇ
2807 1542 2986 1599 εἶπεν·
3019 1541 3090 1598 Ὦ
3115 1546 3284 1608 ἄθλιε,
3321 1545 3370 1598 εί
3391 1544 3508 1616 ἴδῃς
3532 1545 3669 1617 Χρι-

2093 1639 2216 1691 στὸν
2245 1639 2334 1692 τὸν
2361 1637 2456 1692 τοῦ
2499 1638 2632 1694 Θεοῦ
2675 1639 2819 1702 Υίὸν,
2865 1641 2967 1694 οὐκ
3009 1639 3079 1693 ἂν
3120 1639 3293 1703 οὕτως
3337 1637 3667 1702 ὲϐασάνισας

2091 1730 2218 1792 τοὺς
2247 1729 2479 1800 αὐχένας
2503 1729 2613 1784 τῶν
2639 1732 2802 1786 ὁσίων
2846 1731 3032 1797 αὐτοῦ,
3087 1732 3236 1793 ὅπως
3287 1728 3666 1783 ταπεινωθῶσι

423 1817 565 1886 ejus,
589 1826 643 1872 et
673 1831 781 1871 non
806 1816 1081 1886 lapidibus
1109 1817 1267 1872 vanis
1298 1825 1356 1873 et
1376 1817 1629 1873 metallis.
1662 1819 1835 1875 Iratus
1879 1817 1992 1874 Ro-

2108 1824 2204 1886 mi;
2240 1825 2487 1893 ματαίοις
2521 1825 2673 1896 ὑμῶν
2731 1825 2994 1890 εἰδώλοις·
3049 1824 3186 1880 ἀλλὰ
3216 1824 3414 1896 μᾶλλον
3465 1823 3666 1877 σαυτὸν

424 1909 609 1963 mulus
635 1909 910 1979 praecepit,
946 1916 1007 1963 ut
1026 1908 1256 1978 pedibus
1279 1917 1334 1964 et
1361 1909 1614 1966 manibus
1633 1910 1814 1982 ligatis
1835 1911 1889 1966 in
1914 1911 1994 1967 fo-

424 2015 580 2055 veant
620 1999 776 2056 vivus
838 2011 1192 2070 mergeretur.
1237 2000 1434 2056 Beatus
1489 2016 1620 2058 vero
1669 2001 1993 2074 Hippolytus

425 2091 555 2145 dum
587 2103 801 2147 mersus
833 2089 1027 2151 fuisset
1057 2093 1111 2147 in
1169 2092 1378 2149 foveam
1427 2103 1554 2149 ante
1591 2110 1777 2151 muros
1798 2093 1995 2151 Portus

427 2183 810 2252 Romani,vox
855 2185 1038 2241 audita
1085 2198 1168 2242 est
1199 2204 1294 2258 per
1326 2190 1561 2259 spatium
1619 2189 1765 2244 hora:
1813 2188 1978 2244 unius

425 2277 584 2346 quasi
607 2276 901 2332 infantium
944 2279 1327 2335 clamantium:
1373 2280 1483 2336 Deo
1535 2283 1759 2352 gratias.
1788 2278 1994 2334 Romu-

425 2369 514 2425 lus
545 2370 718 2425 dixit:
758 2370 873 2427 Hoc
903 2372 1115 2427 insania
1146 2373 1370 2444 magica:
1393 2375 1526 2430 artis
1554 2389 1676 2430 esse
1702 2389 1991 2444 cognosco.

2093 1916 2465 1980 ὲταπείνωσας
2493 1917 2571 1987 τῷ
2599 1917 2792 1990 κτίστῃ
2839 1919 2935 1972 καὶ
2977 1916 3294 1990 δημιουργῷ
3322 1915 3430 1970 τῶν
3493 1915 3669 1970 ἁπάν-

2093 2021 2202 2058 των
2232 2007 2326 2058 καὶ
2353 2009 2465 2070 τοῖς
2485 2006 2652 2060 αὐτοῦ
2674 2007 2899 2072 δούλοις,
2929 2007 3022 2062 καὶ
3049 2009 3171 2078 οὐχὶ
3197 2007 3365 2071 λίθοις
3395 2007 3668 2078 ματαίοις,

2094 2096 2190 2150 καὶ
2222 2096 2442 2167 κώφοις,
2475 2098 2568 2152 καὶ
2596 2099 2823 2170 ἀψύχοις
2863 2099 3161 2169 ὑπέκυψας.
3191 2098 3376 2153 Ταῦτα
3431 2097 3670 2160 ἀκούσας

2095 2190 2124 2241 6
2169 2189 2599 2258 (ἀσεϐέστατος)
2643 2191 2919 2262 Ῥώμυλος
2983 2188 3240 2262 ἐθυμώθη
3297 2190 3518 2261 σφόδρα,
3574 2191 3672 2243 καὶ

2099 2279 2402 2351 προσέταξε
2429 2281 2558 2344 τοὺς
2602 2281 2766 2344 πόδας
2815 2280 2980 2334 αὐτοῦ
3020 2281 3116 2334 καὶ
3169 2279 3267 2343 τὰς
3309 2282 3494 2350 χεῖρας
3529 2279 3672 2333 δεδε-

2103 2371 2262 2442 μένον
2290 2375 2369 2436 είς
2397 2372 2616 2442 βόθυνον
2648 2373 3211 2445 κατακρημνισθῆναι.
3243 2371 3349 2426 Τοῦ
3373 2367 3466 2424 οὖν
3491 2388 3670 2442 μακα-

430 2463 546 2534 ρίου
587 2464 897 2519 Ἱππολύτου
928 2465 1273 2538 βυθιζομένου
1303 2470 1362 2523 ἐν
1389 2469 1465 2540 τῷ
1493 2471 1659 2541 τείχει
1690 2469 1802 2539 (42)
1831 2470 1908 2531 είς
1936 2467 2025 2521 τὸν
2059 2465 2276 2536 βόθυνον
2319 2468 2538 2540 πόρτον,
2599 2469 2691 2522 τὸν
2750 2468 3207 2540 ἀναγορευόμενον
3253 2468 3477 2538 Πόρτον,
3517 2467 3675 2535 ἄφνω

427 2555 580 2628 φωνὴ
609 2556 850 2629 ἠκούσθη
905 2560 1038 2613 ὡσεὶ
1081 2560 1447 2633 διαστήματος
1490 2561 1638 2633 ὥρας
1689 2563 1818 2634 μιᾶς
1875 2558 2124 2626 καθάπερ
2181 2559 2388 2630 νηπίων
2434 2559 2696 2628 λεγόντων
2752 2559 3097 2632 εὐχαριστίας
3135 2559 3213 2630 τῷ
3264 2558 3401 2629 θεῷ.
3465 2556 3560 2612 καὶ
3610 2556 3675 2609 ἑν

426 2651 507 2723 τῷ
533 2652 704 2706 ταῦτα
757 2653 949 2719 εἰπεῖν,
1010 2655 1220 2725 ἀφῆκεν
1246 2655 1307 2708 τὸ
1335 2655 1551 2728 πνεῦμα
1606 2655 1683 2727 τῷ
1730 2652 1938 2724 Κυρίῳ,
1985 2652 2050 2719 τῇ
2106 2649 2474 2721 προδεκαμιᾶς
2531 2648 2807 2734 κσδλανδῶν
2854 2649 3260 2721 Σεπτεμϐρίων.
3319 2649 3453 2703 Τότε
3492 2647 3594 2717 ἔφη
3641 2643 3674 2698 6

430 2744 802 2820 (παράνομος)
849 2744 1152 2816 Ῥώμυλοςο
1179 2747 1322 2817 Αὕτη
1355 2749 1390 2819 η
1440 2747 1606 2819 μανία
1639 2745 1879 2819 μαγικῆς
1905 2741 2096 2812 τέχνης
2126 2737 2262 2795 εἶναι
2290 2742 2726 2811 διαγινώσκεται.

498 2840 588 2898 Vl.
613 2843 767 2896 Tunc
787 2857 910 2896 cum
935 2842 1120 2896 furore
1155 2841 1399 2897 clamans
1419 2841 1580 2912 coepit
1623 2842 1840 2897 dicere:
1892 2837 1992 2893 llic

433 2932 763 2988 Sabinianus
785 2933 877 3002 qui
909 2943 1098 3002 captus
1129 2941 1213 2986 est
1234 2933 1530 3002 cupiditate
1581 2934 1804 3003 magica:
1835 2932 1989 2999 artis,

430 3032 486 3079 et
511 3023 735 3078 libidine
762 3023 1173 3078 thesaurorum:
1200 3023 1255 3077 in
1280 3015 1558 3078 momento
1579 3039 1702 3078 eum
1749 3023 1992 3078 confrin-

432 3128 580 3183 gam,
608 3121 701 3168 aut
719 3112 946 3168 avellam
977 3127 1008 3164 a
1039 3121 1179 3166 terra
1199 3111 1246 3168 si
1270 3127 1377 3167 non
1409 3128 1467 3169 se
1487 3113 1990 3176 humiliaveritdiis.

431 3215 488 3260 et
518 3204 904 3260 sacriﬁcaverit
929 3203 1030 3258 eis.
1068 3200 1279 3268 Quibus
1305 3203 1465 3260 dictis
1487 3203 1652 3274 jussit
1677 3219 1800 3259 eum
1831 3204 1990 3261 fusti~

433 3296 540 3350 bus
574 3295 708 3351 cadi
737 3295 840 3350 sub
862 3308 991 3349 voce
1009 3293 1310 3363 praeconia:
1339 3293 1520 3350 Redde
1534 3295 1820 3350 thesauros
1846 3295 1997 3364 prin-

434 3387 642 3456 cipum,
676 3394 730 3440 et
764 3384 989 3440 humilia
1013 3396 1065 3440 te
1091 3387 1196 3442 diis
1225 3401 1256 3440 a
1300 3385 1499 3455 quibus
1546 3385 1880 3456 gubernatur
1909 3398 1997 3439 res

433 3479 671 3549 publica.
721 3476 816 3532 Ille
844 3487 1022 3533 autem
1053 3478 1300 3535 dicebat:
1355 3477 1568 3534 Gratias
1601 3492 1703 3548 ago
1739 3477 1858 3542 tibi,
1896 3475 1998 3532 Do-

435 3568 584 3623 mine
605 3565 734 3623 Jesu
757 3567 994 3635 Christe,
1021 3569 1117 3638 qui
1141 3569 1396 3640 dignatus
1442 3583 1503 3622 es
1554 3582 1641 3622 me
1678 3581 1801 3620 cum
1829 3566 2000 3621 servis

438 3659 548 3715 tuis
581 3659 810 3714 sociare.
845 3658 981 3714 Cum
1004 3675 1132 3716 vero
1151 3661 1244 3715 diu
1279 3660 1598 3724 crederetur,
1629 3659 1784 3712 lirma
1810 3667 1864 3713 et
1889 3658 2000 3712 ala-

435 3752 547 3808 cris
572 3751 738 3809 facies
759 3751 881 3822 ejus
905 3768 1027 3808 esse
1051 3753 1354 3808 videbatur.
1387 3751 1562 3807 lratus
1595 3751 1861 3808 Romulus
1885 3751 2002 3820 jus-

437 3847 510 3904 sit
534 3862 660 3904 eum
688 3847 743 3901 in
765 3846 997 3917 equuleo
1013 3845 1202 3911 levari,
1227 3853 1422 3900 etcum
1441 3843 1804 3899 attraheretur
1824 3844 2003 3898 nervis

419 3940 542 4011 .sub
569 3954 700 3996 voce
723 3939 1018 4009 praeconia,
1048 3937 1185 3992 nihil
1231 3936 1378 3991 aliud
1415 3937 1608 4006 agebat
1649 3937 1755 3991 nisi
1802 3936 2004 4005 gratias

442 4032 673 4089 Domino
697 4032 824 4088 Jesu
849 4031 1090 4088 Christo.
1113 4029 1378 4085 Romulus
1400 4028 1564 4084 dixit:
1599 4029 1823 4096 Insanit,
1843 4038 1898 4084 et
1921 4045 2006 4085 se-

438 4142 608 4182 curus
627 4126 793 4181 estde
811 4126 1040 4196 magicis
1062 4124 1324 4180 consiliis.
1367 4122 1435 4177 Et
1455 4122 1618 4192 jussit
1660 4129 1722 4177 ut
1770 4121 2006 4178 ﬂammis

445 4225 728 4282 ureretur;
763 4226 817 4271 et
844 4232 968 4272 cum
996 4215 1382 4286 applicuissent
1402 4212 1649 4268 ﬂammas
1680 4214 1746 4268 ad
1783 4213 1900 4283 ejus
1922 4214 2004 4268 la-

444 4318 581 4375 tera,
611 4308 778 4378 cmpit
801 4307 1066 4364 Romulus
1090 4308 1332 4362 clamans
1354 4305 1565 4361 dicere:
1617 4305 1737 4361 Jam
1785 4307 2008 4362 consule

445 4399 562 4467 tibi,
599 4410 654 4456 et
699 4401 859 4456 redde
890 4400 1193 4456 thesauros.
1241 4399 1440 4456 Beatus
1467 4408 1647 4455 autem
1681 4397 2007 4453 Sabinianus

2169 2839 2257 2904 ς’.
2277 2838 2384 2892 Καὶ
2406 2835 2605 2909 ἤρξατο
2625 2837 2762 2909 μετὰ
2779 2836 2950 2909 θυμοῦ
2980 2838 3108 2909 βοᾷν
3155 2839 3250 2891 καὶ
3263 2835 3438 2905 λέγειν
3457 2853 3470 2865 ·
3503 2829 3675 2899 Οὗτος

2097 2928 2127 2978 ὀ
2155 2928 2465 2993 Σαϐινιανὸς
2486 2928 2752 3001 ἐθηρεύθη
2787 2929 2875 2983 διὰ
2901 2929 3000 3001 τῆς
3031 2929 3269 3000 μαγικῆς
3286 2926 3451 2981 αὐτοῦ
3477 2927 3675 2995 τέχνης

2099 3022 2164 3092 τῇ
2196 3020 2546 3093 φιλαργυρίᾳ,
2601 3021 2694 3074 καὶ
2723 3022 2830 3074 τῶν
2867 3021 3166 3092 χρημάτων
3196 3019 3514 3092 ἡδυπαθείᾳ.
3547 3017 3680 3070 Τοῦ⁴

2099 3126 2190 3164 τον
2218 3111 2277 3163 ὲν
2316 3111 2447 3182 ῥιπῇ
2479 3110 2763 3165 καταλύσω
2808 3111 2915 3164 ἀπὸ
2943 3112 3043 3181 τῆς
3102 3109 3400 3181 μανιώδους
3424 3107 3548 3164 όδοῦ
3576 3109 3679 3161 αὐ-

2097 3198 2190 3253 τοῦ
2221 3202 2268 3254 εί
2306 3201 2380 3272 μὴ
2408 3202 2894 3273 ταπεινωθήσεται,
2925 3204 3018 3256 καὶ
3065 3201 3200 3273 θύσῃ
3226 3204 3339 3265 τοῖς
3399 3201 3680 3272 μεγίστοις

2095 3293 2126 3360 ἡ
2137 3291 2251 3360 μῶν
2279 3291 2436 3356 θεοῖς.
2494 3293 2708 3346 Τούτων
2754 3290 2847 3347 οὖν
2900 3295 2994 3348 καὶ
3044 3293 3299 3346 τοιούτων
3327 3291 3617 3362 λεγόμενος
3635 3296 3678 3356 ⁸,

2097 3383 2379 3437 ἐκέλευσεν
2431 3385 2592 3438 αὐτὸν
2635 3384 2812 3451 ξύλοις
2843 3384 3182 3457 τυπτηθῆναι
3211 3383 3540 3456 (τυφθῆναι)
3571 3383 3680 3436 ὑπὸ

2099 3476 2281 3546 φωνῆς
2307 3475 2400 3528 τοῦ
2430 3478 2670 3548 κήρυκος
2724 3477 2973 3546 λέγοντος
2993 3495 3006 3508 ·
3069 3477 3290 3540 Ἀπόδος
3316 3477 3443 3538 τοὺς
3472 3475 3681 3546 θησαυ-

2101 3567 2228 3638 ροὺς
2276 3569 2389 3632 τοῖς
2435 3567 2857 3641 αὐτοκράτορσιν
2915 3569 3100 3640 ἡμῶν,
3151 3568 3248 3621 καί⁸
3310 3565 3680 3636 ταπεινώθητι

2099 3658 2210 3730 τοῖς
2231 3657 2654 3729 παντοδυνάμοις
2675 3657 2835 3723 θεοῖς,
2853 3660 2920 3712 δι’
2941 3654 3014 3714 ὧν
3039 3658 3472 3730 πηδαλιουχεῖται
3487 3660 3522 3728 ἡ
3542 3657 3682 3728 σύμ-

2103 3728 2251 3803 πασα
2303 3748 2459 3819 ἡμῶν
2513 3728 2776 3803 πολιτεία.
2839 3749 2896 3802 '0
2922 3749 2980 3802 δὲ
3039 3728 3330 3820 μακάριος
3363 3745 3680 3809 Σαϐινιανδς

2101 3839 2316 3904 ἀνοίξας
2340 3839 2403 3892 τὸ
2431 3840 2602 3911 στόμα
2633 3840 2797 3894 αὐτοῦ
2845 3839 3044 3909 ἔλεγεν·
3077 3839 3398 3910 Εὐχαριστῶ
3427 3855 3532 3903 σοι,
3563 3838 3678 3892 Κύ-

2105 3932 2188 4002 ριέ
2219 3949 2319 4002 μου
2360 3931 2534 4003 Ἰησοῦ
2577 3933 2800 4003 Χριστὲ,
2830 3935 2859 3986 6
2889 3931 3231 3997 καταξιώσας
3281 3948 3349 4002 με
3406 3929 3545 4002 μετὰ
3570 3929 3678 3983 τῶν

2103 4024 2303 4077 δούλων
2332 4041 2424 4076 σου
2455 4021 3052 4095 συγκαταριθμηθῆναι.
3095 4023 3181 4086 Ὠς
3205 4022 3263 4075 δὲ
3297 4021 3525 4075 ἐπιπολὺ
3558 4021 3680 4074 ὲτύο

2106 4133 2290 4179 πτετο,
2322 4117 2534 4188 ἑδραῖον
2559 4111 2628 4186 ἦν
2656 4117 2750 4168 καὶ
2771 4113 3048 4186 πρόθυμον
3075 4113 3134 4166 τὸ
3167 4114 3456 4185 πρόσωπον
3487 4111 3674 4166 αὐτοῦ.

2106 4209 2240 4262 Τότε
2273 4208 2543 4278 θυμωθεὶς
2571 4209 2629 4278 (6
2655 4207 3050 4277 ἀσεϐέστατος)
3091 4205 3364 4276 Ῥώμυλος
3392 4206 3679 4260 ἐκέλευσεν

2114 4301 2276 4354 αὐτὸν
2316 4302 2374 4352 ἐν
2402 4299 2480 4370 τῷ
2511 4300 2856 4372 ἁρμενταρίῳ
2901 4299 3012 4368 (45)
3063 4297 3429 4370 ἀναρτηθῆναι
3452 4315 3466 4329 ·
3499 4300 3595 4352 καὶ
3619 4300 3678 4351 ὲν

2108 4391 2186 4461 τῷ
2213 4389 2612 4461 διασπασθῆναι
2641 4390 2800 4444 αὐτὸν
2828 4393 2942 4453 τοῖς
2994 4387 3221 4460 νεύροις,
3250 4387 3346 4441 καὶ
3371 4387 3470 4458 τῆς
3497 4387 3678 4458 φωνῆς

444 4495 646 4566 gratias
691 4493 885 4564 agebat
935 4491 1048 4547 Deo
1084 4493 1300 4548 dicens:
1349 4491 1595 4557 Domine,
1625 4493 1810 4562 accipe
1849 4491 1999 4561 spiri-

2112 4479 2206 4538 τοῦ
2235 4480 2473 4551 κήρυκος
2503 4478 2830 4548 επιϐοώσης,
2852 4478 3012 4540 αὐτὸς
3039 4477 3190 4531 οὐδὲν
3211 4477 3336 4531 ἄλλο
3363 4476 3567 4546 ἔλεγεν,
3627 4477 3676 4528 εἱ

443 4595 558 4641 tum
603 4600 802 4640 meum.
832 4583 898 4638 Et
949 4585 1053 4638 hoc
1076 4599 1199 4639 cum
1224 4584 1470 4648 dixisset,
1502 4584 1683 4639 emisit
1719 4583 2005 4652 spiritum;

443 4677 601 4747 cujus
627 4691 825 4746 corpus
846 4675 1012 4746 jussit
1038 4675 1091 4729 in
1124 4685 1344 4745 puteum
1373 4675 1592 4746 jactari.
1625 4673 1825 4729 Eodem
1871 4683 2008 4728 tem-

444 4783 574 4838 pore
609 4767 831 4822 veniens
883 4765 1104 4835 quidam
1137 4765 1474 4822 Concordius
1529 4766 1804 4838 presbyter
1846 4776 2008 4820 noctu

445 4856 645 4913 levavit
672 4871 871 4924 corpus
896 4856 962 4911 de
981 4865 1160 4927 puteo,
1185 4868 1238 4911 et
1265 4857 1489 4912 sociavit
1521 4857 1692 4912 beatae
1715 4857 1875 4911 Aur-.e
1904 4856 2006 4911 sub

521 5116 636 5186 (Al)
662 5113 816 5193 Etas
844 5117 934 5172 hic
982 5118 1298 5193 designatur
1322 5114 1610 5193 llippolyti,
1647 5130 1754 5168 non
1775 5112 2009 5193 gradus,

445 5189 905 5258 quemadmodum
963 5186 1126 5258 paulo
1161 5198 1283 5241 ante
1313 5188 1489 5242 dictus
1539 5186 1714 5258 fuerat
1763 5186 2008 5238 Nonnus.

448 5255 527 5310 ita
548 5255 719 5312 Graeci
747 5259 890 5311 hunc
922 5255 1100 5312 locum
1127 5265 1468 5325 acceperunt,
1499 5257 1704 5325 quibus,
1733 5271 2010 5325 nunquam

447 5325 770 5400 Hippolytus
800 5328 900 5382 fuit
924 5329 1218 5400 presbyter,
1255 5323 1348 5381 Sed
1371 5323 1657 5400 episcopus
1682 5324 1882 5400 Portus
1903 5323 2014 5378 Ro-

447 5394 886 5453 maniz'Latinus
912 5394 1377 5466 etiani'interpres
1411 5394 1641 5451 reddidit
1684 5395 1750 5451 Β.
1811 5394 2012 5464 Hippo-

448 5467 590 5519 lutus
619 5485 793 5519 senex.

469 5479 590 5536 ytus
619 5485 793 5522 senex.

521 5538 631 5610 (Η)
664 5539 838 5593 Locus
875 5538 1365 5610 Acorrnptuslacile
1389 5537 1780 5610 restituendus,
1817 5539 1881 5591 ἐκ
1904 5536 2009 5610 ,τῆς

445 5607 621 5680 τύχης
641 5611 719 5672 εἰς
745 5609 834 5661 τὸν
867 5607 1084 5678 βόθυνον
1138 5609 1356 5680 πόρτου,
1400 5608 1492 5661 τοῦ
1547 5608 2008 5680 ἀναγορευομένου

447 5677 688 5749 Πόρτουε
723 5677 949 5747 eamque
979 5677 1261 5734 lectionem
1297 5677 2004 5733 Latinercddidiinus’iufra

446 5750 503 5805 in
535 5752 733 5804 recenti
763 5751 1015 5804 versione
1042 5767 1202 5820 quam
1228 5752 1291 5806 ad
1321 5751 1521 5806 calcem
1549 5749 1836 5803 voluminis
1869 5749 2005 5802 inter

2117 4571 2218 4641 μὴ’
2244 4569 2560 4641 Εὐχαριστῶ
2588 4568 2666 4639 τῷ
2691 4568 2881 4639 Κυρίῳ
2913 4585 3013 4640 μου
3052 4567 3224 4637 Ἰησοῦ
3253 4567 3493 4640 Χριστῷ.
3533 4568 3591 4620 Ὁ
3621 4565 3678 4620 δὲ

2116 4661 2362 4732 βικὰριος
2389 4660 2494 4730 ἔφη
2543 4659 2680 4732 πρὸς
2725 4661 2853 4723 τοὺς
2899 4658 3255 4731 παρεστῶτας
3293 4659 3472 4729 αὐτῷ’
3509 4651 3679 4721 Οὗτος

2117 4752 2390 4824 μαίνεται,
2421 4752 2514 4805 καὶ
2535 4751 2836 4824 ἁμέριμνός
2875 4750 3022 4803 ἐστιν
3042 4749 3149 4802 τῶν
3177 4749 3423 4820 μαγικῶν
3447 4747 3681 4818 συμϐου-

2114 4845 2264 4899 λιῶν.
2294 4844 2403 4898 Καὶ
2459 4843 2786 4914 προσέταξεν
2817 4839 3040 4912 φλόγαις
3063 4841 3083 4861 ⁶
3106 4841 3444 4912 κατακαῆναι
3495 4839 3676 4894 αὐτόν.

2115 5113 2371 5171 Addenda
2397 5113 2671 5167 sistimus.

2189 5185 2302 5249 (45)
2328 5182 2402 5238 De
2425 5181 2794 5254 ἀρμενταρίῳ,
2820 5179 3060 5254 equuleo.
3086 5181 3137 5234 in
3163 5179 3479 5254 praefatione
3508 5178 3680 5254 disse-

2116 5233 2348 5316 ruimu's,
2372 5233 2951 5324 qum‘vos'éoiacil'ius
2980 5233 3334 5324 in'mar'itima
3361 5249 3495 5324 urbe
3537 5233 3680 5303 obti-

2115 5327 2256 5390 nnit,
2279 5320 2424 5394 quod
2453 5323 2566 5376 vela
2605 5323 2825 5394 navium
2854 5321 3439 5394 appsvadicebantur;
3472 5320 3521 5394 is_
3553 5335 3680 5374 vero

2115 5397 2209 5466 qui
2237 5391 2313 5449 ad'
2335 5408 2609 5466 sumntum
2644 5393 2798 5466 navis
2818 5391 3205 5466 conscenderet
3225 5391 3681 5466 dppquo'zizg,_tit

2120 5460 2170 5520 in
2212 5467 2326 5536 lege
2340 5463 2554 5539 Rhodia
2578 5472 2660 5516 est
2680 5464 2997 5539 adnotatum
3021 5480 3032 5514 :
3059 5460 3353 5539 aliquando
3384 5461 3548 5539 etiam
3581 5460 3679 5539 ἆρ-

2118 5529 2432 5608 μενονίίιιίι
2477 5535 2904 5608 instrumentum.
2951 5531 3123 5608 Quod_
3155 5533 3201 5584 si
3251 5547 3375 5608 cuni
3414 5529 3679 5608 {Egyptiis

2113 5600 2443 5682 ἑρμητάριον
2472 5603 2980 5682 θαρηοηιιιεηὲρμας
3006 5613 3058 5656 ct
3102 5601 3262 5682 ἕρμα,
3299 5600 3402 5655 fuit
3425 5601 3679 5682 scopulus

2115 5620 2443 5678 ερμηταριον
2472 5620 2780 5667 eueramus,
2807 5620 2980 5726 ερμας
3006 5620 3058 5656 et
3103 5620 3245 5682 ερμα
3299 5620 3402 5655 iuit
3425 5620 3679 5680 scopulus

2115 5679 2198 5730 vel
2228 5688 2450 5728 exstans
2474 5674 2556 5727 vel
2592 5674 2644 5726 in
2671 5674 2808 5726 mari
2863 5683 3034 5734 atens,
3059 5673 3360 5741 quinetiam
3397 5671 3501 5738 pila
3537 5686 3679 5725 mar.

2113 5760 2297 5802 morea
2330 5745 2384 5801 in
2408 5744 2709 5816 portubus:
2745 5743 2890 5817 ’ἐρμα
2938 5743 3170 5816 denique
3195 5741 3294 5797 fuit
3325 5743 3572 5797 saburra.
