3966 6344
607 346 709 400 .57!

1827 332 2244 396 TESTIMONIA
2281 330 2615 390 VETERUM

3686 336 3768 392 57!

607 462 752 534 genii
775 466 1126 515 monumenta
1147 453 1448 525 dereliquit.
1483 451 1744 507 Similiter
1763 460 1818 514 et
1840 450 2158 523 Hippolytus

2282 441 2437 512 οὗτος
2475 443 2545 520 ἦν
2586 447 2695 502 τῶν
2728 447 2868 501 κατὰ
2899 447 3139 518 Βόστραν
3181 444 3434 515 ’Δρά6ων.
3467 445 3706 512 Ὡσαύτως
3726 451 3771 502 δι

606 553 837 610 alterius
862 550 1146 621 cujusdam
1180 544 1436 602 Ecclesiae
1459 544 1771 616 episcopus.

2277 540 2371 592 καὶ
2410 539 2743 606 Ἱππόλυτος,
2775 537 2965 610 ἑτέρας
3013 553 3115 592 που
3146 535 3218 609 (1)
3249 535 3340 591 καὶ
3362 535 3513 601 αὐτὸς
3539 539 3773 609 προεστὼς

2288 630 2486 704 Ἑκκλη
2493 631 2630 696 σίας.

1820 761 1969 818 Idem
1991 765 2148 830 ibid.,
2187 767 2280 822 lib.
2312 785 2387 834 Vl,
2419 787 2536 840 cap.
2559 769 2650 825 ‘22.

680 863 880 919 Eodem
912 873 1153 932 tempore
1180 867 1235 914 et
1271 859 1588 930 Hippolytus
1631 857 1773 912 inter
1800 859 2031 928 plurima
2067 861 2174 916 alia

607 956 809 1026 ingenii
849 953 932 1010 sui
972 958 1344 1017 monumenta,
1379 950 1679 1004 librum'de
1712 947 1920 1005 Pascha
1953 966 2175 1024 compo-

607 1049 757 1105 suit:
785 1047 839 1102 in
879 1061 989 1116 quo
1035 1051 1340 1113 temporum
1372 1043 1567 1098 seriem
1611 1041 1953 1107 describens,
1992 1050 2046 1097 et
2082 1058 2174 1098 ca-

485 1178 508 1184 η
605 1156 806 1196 nonem
839 1136 1127 1208 quemdam
1151 1135 1463 1206 paschalem
1492 1150 1588 1204 per
1607 1135 1878 1190 sexdecim
1903 1151 2170 1192 annorum

605 1233 867 1288 circulum
897 1231 1180 1294 exhibens,
1201 1242 1344 1283 anno
1366 1228 1542 1297 primo
1569 1229 1912 1297 imperatoris
1939 1227 2174 1284 Alexan-

602 1326 688 1380 dri
749 1321 1206 1393 computationem
1259 1326 1564 1388 temporum
1615 1318 2034 1375 circumscribit.
2089 1318 2170 1376 Ex

600 1413 827 1484 reliquis
875 1420 1056 1467 autem
1114 1410 1259 1466 illius
1302 1409 1521 1479 scriptis
1574 1409 1691 1464 haec
1732 1417 1880 1477 sunt,
1927 1425 2050 1481 quae
2101 1410 2171 1466 ad

601 1505 850 1563 notitiam
903 1511 1147 1559 nostram
1190 1509 1549 1572 pervenerunt
1583 1520 1598 1557 :
1637 1503 1698 1556 In
1736 1515 1874 1572 opus
1919 1517 2015 1558 sex
2053 1501 2172 1557 die-

600 1613 754 1663 rum;
809 1594 864 1648 in
907 1609 971 1648 ea
1016 1608 1137 1664 quae
1184 1600 1307 1663 post
1348 1607 1443 1646 sex
1494 1591 1611 1646 dies
1668 1599 1957 1647 consecuta
2008 1599 2169 1660 sunt;

601 1688 864 1742 adversus
899 1682 1264 1747 Marcionem;
1301 1681 1354 1735 in
1399 1680 1684 1736 Canticum
1715 1681 2086 1746 canticorum;
2115 1682 2172 1736 in

599 1777 776 1847 capita
827 1775 1074 1846 quaedam
1126 1771 1458 1836 Ezechielis;
1501 1772 1568 1825 de
1620 1771 1858 1838 Pascha;
1909 1772 2170 1829 adversus

599 1884 789 1923 omnes
831 1867 1082 1920 haereses.
1147 1862 1251 1918 Sed
1301 1875 1354 1916 et
1395 1862 1500 1916 alia
1555 1862 1791 1933 plurima
1839 1864 1982 1935 apud
2028 1864 2170 1920 alios

574 1968 871 2026 ,asservata
895 1957 1024 2012 licet
1053 1955 1294 2025 reperire
1323 1953 1382 2024 1-.

2351 865 2484 918 Τότε
2511 865 2644 936 δῆτα
2675 865 2770 918 καὶ
2811 863 3123 928 Ἱππόλυτος
3177 862 3476 918 συντάττων
3515 863 3637 934 μετὰ
3654 863 3774 917 πλείο

2278 973 2418 1012 στων
2461 957 2634 1012 ἄλλων
2693 958 3098 1029 ὑπομνημάτων
3116 997 3132 1021 ,
3160 956 3255 1010 καὶ
3281 955 3343 1008 τὸ
3366 955 3490 1026 περὶ
3519 955 3605 1008 τοῦ
3621 957 3775 1027 Πάσχα

2277 1047 2565 1118 πεποίηται
2599 1047 2960 1121 σύγγραμμα·
2995 1051 3052 1102 ἐν
3077 1042 3122 1116 ᾧ
3152 1047 3261 1100 τῶν
3289 1046 3486 1117 χρόνων
3510 1047 3773 1119 ἀναγραφὴν

2275 1139 2584 1210 ἐκθέμενος,
2625 1139 2718 1194 καί
2749 1157 2870 1195 τινα
2901 1139 3100 1192 κανόνα
3131 1137 3641 1209 ὲκκαιδεκαετηρίδος
3674 1141 3773 1210 περὶ

2275 1230 2369 1287 τοῦ
2404 1233 2595 1303 Πάσχα
2628 1231 2703 1305 (2)
2741 1233 2962 1304 προθεὶς
2997 1234 3088 1286 ἐπὶ
3121 1233 3183 1286 τὸ
3226 1231 3440 1302 πρῶτον
3480 1231 3590 1296 ἔτος
3619 1249 3774 1286 παντο-

2272 1327 2535 1398 κράτορος
2569 1326 2912 1398 Ἀλεξάνδρου
2935 1328 3062 1391 τοὺς
3093 1326 3315 1399 χρόνους
3341 1327 3660 1399 περιγράφει.
3682 1326 3773 1380 Τῶν

2270 1414 2329 1468 δὲ
2359 1414 2560 1469 λοιπῶν
2587 1414 2750 1468 αὐτοῦ
2779 1415 3224 1488 συγγραμμάτων
3247 1415 3316 1469 τὰ
3341 1417 3417 1479 είς
3443 1416 3577 1485 ἡμᾶς
3598 1414 3774 1468 ἐλθόντα

2271 1505 2389 1559 ἐστὶ
2439 1505 2602 1560 τάδε’
2635 1506 2731 1570 Είς
2779 1506 2878 1578 τὴν
2930 1504 3265 1577 ἑξαήμερον·
3317 1505 3396 1568 είς
3449 1502 3514 1555 τὰ
3547 1502 3667 1574 μετὰ
3701 1503 3773 1573 τὴν

2267 1596 2569 1671 ὲξαήμερον
2585 1616 2598 1630 ·
2618 1599 2755 1672 πρὸς
2775 1598 3076 1671 Μαρκίωνα
3095 1615 3109 1630 ο
3129 1600 3209 1663 είς
3235 1598 3296 1652 τὸ
3316 1593 3501 1671 *ᾼσμα
3522 1614 3534 1629 ·
3565 1597 3637 1660 είς
3665 1596 3771 1668 μέρη

2267 1687 2362 1741 τοῦ
2409 1688 2702 1760 Ἰεζεκιήλο
2741 1689 2870 1761 περὶ
2907 1688 3002 1742 τοῦ
3035 1687 3259 1760 [Ida-xw
3302 1689 3437 1760 πρὸς
3479 1689 3671 1750 ἁπάσας
3699 1687 3773 1749 τὰς

2269 1779 2528 1851 αἱρέσεις·
2560 1780 2791 1836 πλεῖστά
2820 1798 2880 1834 τε
2903 1779 3036 1836 ἄλλα
3055 1782 3151 1836 κα)⁴
3175 1780 3326 1855 παρὰ
3340 1780 3542 1844 πολλοῖς
3560 1779 3617 1834 ἂν
3633 1778 3774 1852 εὕροις

2277 1872 2576 1948 σωζόμενα.

1617 2048 1768 2104 Idem
1794 2051 1849 2104 in
1875 2050 2147 2106 Chronico
2186 2047 2258 2104 ad
2294 2069 2492 2107 annum
2520 2069 2819 2110 uuccxuu.

665 2149 1022 2204 Geminianus
1057 2145 1343 2218 presbyter
1374 2145 1770 2212 Antiochenus,
1801 2155 1855 2202 et
1888 2144 2231 2217 Hippolytus,
2273 2157 2330 2202 et
2353 2145 2598 2220 Beryllus
2623 2149 2908 2220 episcopus
2933 2147 3146 2204 Arabiae
3174 2147 3490 2215 Bostrenus,
3525 2146 3641 2202 clari
3671 2145 3772 2201 scri-

594 2249 779 2313 ptores
802 2240 1091 2295 habentur.

2157 2329 2250 2386 Ill.

1086 2425 1145 2482 S.
1201 2425 1554 2495 Hieronymus
1583 2425 1675 2479 lib.
1719 2423 1796 2481 De
1836 2424 1968 2481 viris
1993 2425 2190 2480 illustr.
2219 2441 2337 2494 cap.
2361 2423 2451 2491 61,
2474 2441 2592 2478 cum
2623 2433 2785 2480 vetere
2822 2425 3104 2494 interprete
3133 2424 3343 2478 Greece.

667 2518 982 2591 Hippolytus
1007 2519 1298 2590 cujusdam
1333 2519 1590 2577 Ecclesia:
1615 2521 1902 2591 episcopus
1939 2521 2155 2589 (nomen
2189 2523 2235 2583 Β

591 2611 789 2680 quippe
837 2611 989 2666 urbis
1037 2611 1179 2667 scire
1226 2629 1332 2668 non
1381 2613 1580 2683 potui),
1620 2613 1886 2666 rationem
1940 2610 2162 2666 Pascha:

593 2714 1009 2773 temporumque
1052 2719 1291 2759 canones
1342 2703 1559 2773 scripsit
1603 2718 1775 2772 usque
1812 2701 1880 2756 ad
1925 2701 2160 2771 primum

592 2812 794 2851 annum
829 2796 1119 2851 Alexandri
1164 2796 1532 2865 imperatoris,
1578 2802 1633 2848 et
1674 2794 1945 2850 sexdecim
1992 2808 2165 2848 anno-

593 2905 713 2942 rum
752 2890 1052 2955 circulum,
1099 2905 1259 2958 quem
1301 2887 1474 2943 Graaci
1517 2885 2032 2957 ὲκκαιδεκαετηρίδα
2064 2901 2162 2940 vo-

591 2988 738 3043 cant,
774 2981 1004 3050 reperit;
1032 2989 1084 3034 et
1111 2979 1344 3034 Eusebio
1376 2978 1471 3048 qui
1498 2992 1660 3046 super
1708 2977 1895 3031 eodem
1931 2976 2161 3042 Pascha,

589 3085 888 3134 canonem,
932 3070 1117 3123 decem
1157 3077 1210 3122 et
1259 3083 1451 3122 novem
1483 3081 1751 3120 annorum
1783 3067 2072 3131 circulum,
2109 3067 2163 3122 id

589 3171 692 3225 est,
714 3159 1319 3231 ἐννεακαιδεκαετηρίδα
1341 3158 1670 3227 composuit,
1691 3159 2034 3214 occasionem
2069 3159 2164 3215 de-

589 3251 689 3304 dit.
721 3249 952 3318 Scripsit
977 3249 1271 3303 nonnullos
1299 3248 1353 3301 in
1379 3247 1689 3316 Scripturas
1714 3249 2161 3313 commentarios,

589 3356 619 3395 e
645 3339 845 3410 quibus
873 3339 975 3393 hos
1003 3339 1180 3408 reperi
1207 3357 1220 3392 :
1249 3338 1302 3392 in
1334 3338 1718 3401 hexaemeron,
1741 3345 1794 3390 et
1819 3336 1874 3390 in
1892 3335 2164 3406 Exodum,

589 3432 642 3485 in
672 3431 955 3486 Canticum
989 3429 1349 3494 canticorum,
1386 3429 1439 3483 in
1482 3427 1738 3492 Genesiu,
1773 3437 1826 3482 et
1873 3428 1926 3482 in
1953 3427 2166 3484 Zacha-

588 3521 729 3574 riam
769 3539 782 3574 :
820 3521 887 3575 de
936 3519 1193 3586 Psalmis,
1235 3528 1289 3576 et
1331 3521 1384 3574 in
1427 3517 1668 3582 Esaiam,
1712 3517 1778 3572 de
1819 3517 2060 3581 Dauiele,
2098 3519 2191 3574 de

583 3614 932 3685 Apocalypsi,
967 3614 1034 3668 de
1072 3611 1402 3677 Proverbiis,
1445 3611 1512 3665 de
1544 3610 1891 3676 Ecclesiaste,
1932 3611 1999 3666 de
2034 3612 2166 3667 Saul

585 3717 640 3762 et
688 3706 1048 3779 Pythonissa,
1096 3707 1163 3762 de
1195 3705 1567 3771 Aulichrislo,
1604 3705 1671 3760 de
1705 3703 2161 3773 Resurrectione,

585 3809 776 3854 contra
828 3798 1191 3862 Marcionem,
1235 3798 1302 3852 de
1352 3796 1614 3852 Pascha:
1664 3797 1926 3851 adversus
1975 3811 2165 3852 omnes

2341 2520 2671 2584 Ἱππόλυτος,
2709 2521 2810 2578 οὐκ
2858 2516 2974 2573 οἶδα
3023 2518 3183 2583 ποίας
3240 2518 3554 2590 Ἐκκλησίας
3591 2517 3766 2570 ἐπίσκο-

2262 2627 2382 2676 πος,
2418 2612 2452 2682 ἦ
2491 2613 2633 2675 τίνος
2661 2611 2900 2676 πόλεως,
2944 2613 3042 2685 τὴν
3090 2611 3455 2684 προσηγορίαν
3489 2609 3657 2682 μαθεῖν
3693 2608 3767 2660 οὐκ

2261 2703 2554 2777 ἐδυνήθην,
2599 2705 2902 2777 συνέγραψε
2955 2705 3111 2775 λόγον
3155 2704 3254 2758 τοῦ
3291 2703 3508 2776 Πάσχα,
3563 2699 3644 2782 κα)
3676 2698 3770 2760 τοὺς

2262 2801 2544 2867 χρονικοὺς
2564 2796 2795 2860 κανόνας
2813 2797 2919 2860 ἓως
2940 2795 3155 2869 πρώτου
3189 2794 3441 2849 ἐνιαυτοῦ
3481 2789 3768 2859 Ἀλεξάνδρου

2257 2885 2355 2938 τοῦ
2384 2885 2664 2956 βασιλέως,
2688 2886 2879 2954 δεκαὲξ
2901 2887 3042 2955 λέγω
3073 2885 3136 2958 δὴ
3158 2885 3422 2939 ἐνιαυτῶν
3451 2882 3647 2945 κύκλον,
3675 2882 3720 2932 ὃν
3734 2878 3769 2930 οἱ

2261 2980 2544 3051 λεγόμενοι
2567 2982 2793 3054 Γραικοὶ⁴
2831 2981 3348 3053 ὲκκαιδεκαετηρίδα
3370 2978 3622 3041 καλοῦσιν,
3649 2975 3770 3029 Εὐσε-

2264 3071 2365 3144 ϐίῳ
2393 3072 2471 3144 τῷ
2502 3073 2631 3146 περὶ
2652 3074 2815 3128 αὐτοῦ
2843 3073 2935 3127 τοῦ
2964 3075 3154 3143 Πάσχα
3181 3064 3769 3136 ὲννεακκαιδεκαετηρίδα

2265 3166 2584 3231 συντάξαντι
2610 3166 2880 3237 πρόφασιν
2913 3165 3301 3237 παρεσχηκώς.
3328 3164 3590 3236 Ἔγραψεν
3613 3158 3770 3225 εἰςτὰς

2265 3260 2416 3322 θείας
2446 3258 2668 3330 Γραφὰς
2715 3259 3081 3328 ὑπομνήματα
3107 3299 3122 3321 ,
3156 3259 3254 3327 ἀφ’
3277 3251 3351 3313 ὧν
3378 3257 3498 3312 τάδε
3529 3250 3685 3326 εὗρον·
3714 3252 3771 3312 είς

2255 3353 2362 3426 ’τὴν
2395 3353 2716 3425 ἑξαήμερον,
2750 3354 2828 3414 είς
2851 3351 2946 3422 τὴν
2966 3351 3199 3416 Ἐξοδον,
3227 3355 3310 3418 είς
3339 3353 3406 3406 τὰ
3442 3352 3669 3422 ’ᾼσματα
3691 3345 3770 3398 τῶν

2265 3445 2544 3516 ᾀσμάτων,
2585 3444 2663 3506 εἰς
2690 3442 2788 3513 τὴν
2813 3442 3028 3496 Γένεσιν
3047 3484 3062 3509 ,
3095 3445 3172 3506 είς
3202 3444 3496 3515 Ζαχαρίαν,
3519 3440 3633 3512 περὶ
3657 3437 3771 3490 Ψαλ-

2269 3535 2383 3606 μῶν
2409 3576 2423 3599 ,
2477 3536 2556 3598 είς
2589 3533 2836 3598 Ἠσαίαν,
2894 3534 3023 3606 περὶ
3077 3534 3310 3605 Δανιὴλ,
3360 3535 3482 3606 περὶ
3537 3527 3772 3585 Ἀποκαλύ-

2263 3626 2443 3695 ψεως,
2477 3624 2606 3698 περὶ
2649 3624 2994 3696 Παροιμιῶν,
3039 3626 3167 3696 περ)⁵
3200 3621 3634 3697 Ἐκκλησιαστοῧ,
3676 3617 3772 3687 περὶ

2265 3718 2408 3773 Σαὺλ
2463 3718 2556 3771 καὶ
2613 3717 2886 3783 Πύθωνος,
2929 3717 3058 3789 περ).
3095 3717 3190 3771 τοῦ
3245 3719 3625 3790 Ἀντιχρίστου,
3675 3710 3772 3780 περὶ

2278 3810 2685 3874 Ἀναστάσεως,
2717 3809 2856 3863 κατὰ
2888 3810 3242 3880 Μαρκίωνος,
3297 3812 3424 3882 περὶ
3464 3807 3551 3862 τοῦ
3590 3804 3770 3871 Πάσχα.

584 3889 841 3956 haereses,
901 3898 956 3944 et
1002 3888 1354 3960 προσομιλίαν
1411 3887 1478 3943 de
1529 3887 1691 3942 laude
1719 3885 1937 3940 Domini
1969 3869 2158 3942 Salva;

2264 3903 2405 3958 κατὰ
2425 3903 2614 3957 πασῶν
2633 3869 2753 3955 τῶν
2769 3869 3050 3973 αἱρέσεων,
3093 3869 3454 3973 προσομιλίαν
3483 3900 3552 3970 (5)
3571 3895 3679 3968 περὶ
3691 3869 3770 3946 τῶν

583 3983 742 4044 toris,
779 3982 835 4035 in
864 3997 970 4050 qua
1002 3989 1270 4052 praesente
1297 3979 1528 4050 Origene
1559 3995 1618 4034 se
1648 3979 1799 4048 loqui
1831 3981 1886 4033 in
1923 3974 2154 4034 ecclesia

582 4055 935 4142 signiﬁcatjn
955 4073 1118 4143 hujus
1138 4071 1535 4127 aemulationem
1552 4069 1894 4134 Ambrosius,
1915 4085 2075 4139 quem
2089 4070 2155 4125 de

581 4163 876 4220 Marcionis
905 4164 1096 4218 haeresi
1137 4164 1202 4217 ad
1238 4179 1422 4218 veram
1467 4164 1627 4218 ﬁdem
1671 4165 1977 4216 correctum
2005 4162 2150 4217 dixi-

581 4275 727 4323 mus,
765 4257 1083 4312 cohortatus
1117 4267 1200 4313 est
1229 4260 1516 4329 Origeuem
1556 4261 1611 4316 in
1646 4260 1956 4334 Scripturas
1998 4273 2151 4314 com-

582 4349 879 4405 mentarios
924 4349 1184 4417 scribere,
1220 4351 1466 4420 praebens
1503 4353 1552 4407 ei
1603 4363 1808 4424 septem
1851 4364 1907 4408 et
1942 4369 2008 4409 eo
2031 4369 2151 4407 am-

2263 3996 2498 4050 ἐπαίνων
2511 3996 2604 4048 τοῦ
2621 3995 2827 4067 Κυρίου
2857 3994 3016 4065 ἡμῶν
3042 3995 3214 4066 Ἰησοῦ
3238 3993 3494 4067 Χριστοῦ,
3513 3994 3565 4045 ὲν
3589 3986 3658 4053 οἷς
3673 4003 3771 4056 παρα

2258 4089 2410 4150 όντος
2471 4087 2774 4158 Ὠριγένους
2819 4086 3007 4139 ἑαυτὸν
3039 4085 3377 4158 ὡμιληκέναι
3413 4084 3547 4140 κατὰ
3587 4082 3771 4153 μίμησιν

2256 4177 2420 4230 αὑτοῦ
2449 4179 2505 4230 ὲν
2530 4180 2596 4248 τῇ
2631 4177 2894 4249 ἐκκλησίᾳ
2920 4177 3068 4248 δηλοῖ
3102 4177 3197 4248 (4).
3244 4178 3584 4249 Ἀμϐρόσιος,
3629 4174 3771 4224 ὅντινα

2259 4270 2367 4324 ἀπὸ
2397 4269 2496 4341 τῆς
2528 4269 2737 4340 πλάνης
2775 4269 3098 4342 Μαρκίωνος
3125 4270 3204 4332 είς
3231 4269 3333 4341 τὴν
3366 4266 3605 4340 ἀληθινὴν
3627 4262 3769 4316 πίστιν

2258 4358 2580 4430 ἐπιπρέψαι
2643 4359 2997 4434 προείρηται,
3024 4359 3398 4432 προετρέψατο
3438 4357 3672 4431 Ὠριγένει
3696 4351 3771 4410 τὰς

1734 4475 1776 4548 ἰ-
1816 4473 2376 4532 INTERPRETATIO
2407 4474 2665 4532 RUFINI.

652 4563 708 4643 l_n
753 4564 860 4620 illis
905 4563 1098 4643 diebus
1145 4564 1865 4643 Hippolytus'de-Lquoanle
1904 4573 2354 4640 memoravimus,
2383 4572 2547 4643 inter
2583 4580 2778 4628 caetera
2823 4573 3025 4643 scripta
3071 4588 3169 4627 sua
3212 4571 3453 4628 libellum
3499 4570 3560 4643 de
3597 4561 3766 4643 Pascha

581 4635 846 4713 scriptum
897 4635 1064 4713 edidit
1093 4653 1119 4713 :_
1145 4635 1356 4713 in’quo’
1390 4653 1513 4713 cum
1558 4635 1978 4713 descriptionem
2024 4635 2571 4713 quamdam'l‘aceret
2617 4644 2684 4698 de
2727 4635 3000 4698 sexdecim
3052 4659 3324 4698 annorum
3367 4640 3580 4700 circulo,
3611 4635 3691 4713 qui
3726 4635 3766 4684 in

579 4701 802 4758 Pascha:
832 4705 1042 4760 ratione
1069 4701 1346 4760 observari
1383 4707 1550 4772 solet,
1597 4701 1784 4767 nesci-0
1871 4726 1996 4767 uam
2039 4701 2481 4782 supputationem
2526 4723 2781 4775 secutus,
2835 4715 3089 4768 universa
3132 4722 3374 4782 tempora
3408 4713 3540 4765 intra
3573 4701 3767 4778 primum

579 4775 873 4829 Alexandri
905 4775 1251 4836 imperatoris
1280 4792 1482 4831 annum
1515 4781 1811 4836 concludit.
1831 4728 1948 4836 (Sed
1977 4791 2030 4836 et
2058 4783 2148 4836 alii
2179 4784 2298 4836 eius
2345 4784 2512 4836 libelli
2553 4794 2921 4836 pervenerunt
2958 4784 3022 4836 ad
3060 4798 3182 4836 nos.
3225 4785 3278 4836 id
3324 4791 3407 4836 est
3447 4783 3498 4834 in
3531 4781 3767 4832 hexaeme-

577 4775 873 4829 Alexandri
905 4775 1251 4844 imperatoris
1280 4792 1482 4831 annum
1515 4781 1811 4836 concludit.

1883 4781 1948 4836 ed
1977 4791 2030 4836 et
2058 4781 2160 4837 alii
2179 4784 2298 4852 ejus
2345 4784 2512 4838 libelli
2553 4794 2921 4853 pervenerunt
2958 4784 3022 4838 ad
3060 4798 3182 4848 nos,
3225 4781 3278 4840 id
3324 4783 3498 4853 estin
3531 4781 3768 4853 hancine-

580 4858 703 4923 ron,
732 4852 786 4897 et
812 4859 872 4898 ea
905 4841 1026 4923 quae
1064 4856 1189 4923 post
1237 4846 1838 4923 hexaemeronscripta
1885 4861 2031 4917 sunt,
2073 4863 2127 4908 et
2167 4841 2356 4909 contra
2391 4841 2745 4914 Marcionem.
2777 4863 2831 4909 et
2872 4855 2925 4908 in
2968 4841 3252 4908 Canticum
3296 4852 3636 4923 canticorum.
3662 4841 3766 4923 cii"

578 4915 1110 4994 partemquamdam
1143 4915 1441 4973 Ezechielis
1477 4915 1771 4990 prophetae,
1800 4931 1855 4978 et
1883 4915 2074 4978 contra
2113 4939 2303 4980 omnes
2334 4926 2586 4981 haereses.
2633 4923 2740 4980 Sed
2788 4935 2843 4980 et
2885 4925 2988 4980 alia
3026 4927 3168 4994 apud
3207 4924 3346 4980 alios
3386 4918 3632 4994 opuscula
3670 4915 3766 4980 ejus

576 4981 810 5037 inveniri
837 4981 1045 5039 certum
1070 4994 1173 5040 est.

647 5115 722 5201 (ί)
767 5116 997 5201 lluﬁnus
1025 5117 1434 5201 écépa;_retuli_t
1459 5123 1527 5178 ad
1562 5123 1896 5201 φιλοκαλίας,
1931 5141 2041 5201 non
2076 5127 2142 5184 ad

577 5187 890 5265 ἐκκλησίας,
921 5199 980 5242 ut
1004 5187 1202 5265 rectius
1225 5191 1352 5246 fecit
1374 5187 1751 5265 Hieronymus,
1779 5187 1936 5264 cuius
1963 5197 2142 5252 locum

576 5274 643 5340 ex
667 5257 922 5340 catalogo
943 5261 1406 5340 scriptorum_eccl.
1437 5257 1605 5340 habes
1632 5265 1792 5340 infra.
1818 5257 1924 5320 Pro
1947 5269 2139 5340 ἐκκλη-

578 5328 697 5404 σίας
729 5329 820 5404 alii
851 5328 1398 5404 leguntstapmxiaqL
1416 5343 1475 5387 ut
1500 5332 1656 5389 Joan.
1689 5335 1906 5404 Langus
1946 5339 2013 5391 ad
2049 5328 2144 5393 Ni-

576 5398 799 5479 gfphori
825 5416 882 5479 χ,
904 5398 990 5479 l5,
1019 5402 1113 5479 qui
1135 5398 1339 5479 _yerbis_
1357 5401 1575 5458 Eusebii
1613 5405 1772 5479 addit
1790 5398 2140 5479 ﬂippolytum

575 5469 784 5543 lldp'rou
827 5469 1052 5543 Ῥώμης
1071 5471 1239 5526 misse
1259 5473 1605 5543 episcopum;
1633 5477 1776 5543 quod
1790 5469 2057 5532 Eusebius
2088 5490 2141 5534 et

577 5537 949 5616 Hieronymus
970 5537 1388 5616 ignonruntl‘et
1411 5537 1502 5616 qui
1528 5537 1838 5616 Hieronymi
1881 5547 2141 5603 insistunt

577 5610 820 5683 yestigiis
864 5611 1111 5683 juniores
1162 5610 1544 5683 -atiniet‘iam
1589 5610 1789 5670 inﬁmae
1831 5618 2038 5683 alatis,
2079 5628 2140 5673 ut

571 5676 894 5804 ἕὶιέίόἑηιίυὲ
926 5680 1321 5741 Bellovacensis
1351 5682 1444 5740 lib.
1477 5701 1554 5742 xu
1597 5685 1808 5758 Speculi
1845 5676 2135 5744 liislari'alis

2320 5135 2492 5260 (2)vln
2517 5135 2642 5260 csod.
2671 5134 2866 5193 Medic.
2893 5135 3092 5208 legitur
3121 5135 3398 5210 προσθείς,
3419 5132 3570 5198 male,
3602 5133 3655 5182 ut
3671 5137 3765 5193 opl-

2325 5223 2367 5260 Γ.
2444 5223 2542 5260 Λιε
2581 5249 2594 5260 .

2248 5220 2367 5260 ηον.
2407 5220 2594 5262 νΛιεε.

2320 5277 2397 5346 (5)
2429 5276 2506 5331 lla
2536 5276 2818 5345 legendum
2846 5278 2990 5346 (cum
3017 5277 3205 5333 Graeco
3226 5269 3532 5344 interprete)
3547 5282 3634 5339 pro
3653 5262 3762 5334 πρὸς

2241 5346 2488 5419 ὁμιλιῶν,
2523 5349 2606 5419 vel
2629 5357 2697 5400 ut
2727 5347 2816 5402 alii
2847 5349 2976 5419 περὶ
3004 5346 3572 5419 ὁμιλιῶνηΕΑιιιιιοιυε.

2321 5418 2394 5485 (4)
2439 5404 2800 5487 Sophronius,
2830 5404 2942 5473 sive
2971 5404 3221 5488 quisquis
3249 5415 3351 5472 fuit
3380 5417 3625 5488 interpres
3643 5404 3762 5488 ϐεφ-

2247 5491 2361 5543 cus‘
2382 5485 2676 5552 recentior,
2731 5485 3249 5544 vitiosanfsecutus
3293 5495 3379 5540 est
3418 5485 3762 5554 interpuanlo'

2246 5573 2391 5620 nem,
2423 5574 2544 5628 quae
2571 5543 2732 5613 etiam
2767 5560 2818 5612 in
2861 5559 3110 5628 pluribus
3141 5554 3451 5681 Hieronymi
3479 5543 3759 5634 edi'tiqnilgus

2246 5637 2442 5681 exstat.
2471 5638 2723 5681 praesente
2756 5628 2976 5681 Oriaene
3001 5646 3057 5681 se
3080 5629 3223 5681 loaui
3252 5629 3304 5681 iu
3383 5624 3560 5681 celum
3585 5610 3758 5681 ει9η³β⁶

2243 5643 2306 5680 ex
2315 5610 2457 5690 sta:
2460 5610 2732 5700 ,prjwsaa;
2756 5610 3316 5700 όὶρῑᾷέιῖῖἕεῖοᾷᾗῐίιὶ
3334 5610 3560 5691 Ecclesia
3585 5610 3758 5687 signiﬁ-

2245 5708 2329 5752 cal
2362 5700 2419 5755 in
2448 5699 2601 5770 huius
2630 5699 3039 5756 aemulationem.
3071 5699 3288 5755 Fanum.
