3836 6330
142 326 243 382 573
1469 329 1556 386 DE
1595 329 1652 387 S.
1695 327 2100 387 HlPPOLYTO.
3303 316 3412 373 δτι

136 447 280 508 θείας
339 446 819 517 ὑπομνηματίσαι
869 447 1111 520 Γραφάς,
1168 446 1539 522 παρεσχηκὼς
1590 449 1651 504 αὑ

1897 448 1983 502 ius
2009 442 2278 509 notarios,
2311 453 2611 510 eorumque
2653 451 2946 510 expensas,
2977 444 3030 492 et
3061 434 3409 490 librariorum

134 537 265 591 ἑπτά
305 535 406 588 καὶ
441 535 682 600 πλείους
711 538 1026 610 νοταρίους,
1060 537 1281 603 καὶτὰς
1311 539 1517 593 τούτων
1561 539 1649 593 δας

1895 552 2027 593 trem
2057 549 2365 598 numerum,
2397 530 2650 603 quodque
2685 531 2774 586 his
2818 529 2995 598 majus
3029 535 3135 592 est,
3176 525 3410 580 incredi-

136 645 256 691 νας,
287 629 390 681 καὶ
418 627 849 700 καλλιγράφους
893 628 986 684 τὸν
1030 626 1148 683 ἴσον
1181 629 1436 703 ἀριθμὸν,
1465 633 1560 685 καὶ
1591 631 1651 686 ὅτ

1896 630 1934 684 li
1983 628 2168 685 studio
2205 625 2449 696 quotidie
2488 623 2558 678 ab
2596 637 2662 678 eo
2698 638 2834 692 Opus
2875 621 3118 692 exigens.
3163 614 3319 672 Unde
3352 617 3408 670 in

135 719 240 772 ἐστὶ
274 718 496 789 μεῖξον,
527 719 846 790 ἀνυποίστῳ
880 720 1084 792 σπουδῇ
1118 721 1377 775 ἑκάστοτε
1404 721 1566 793 ἔργον
1598 741 1650 777 π‹

1892 720 2078 776 iadam
2111 717 2340 788 epistola
2384 713 2747 788 ὲργοδιώκτην
2775 710 3035 784 Origenes
3067 725 3191 766 eum
3229 717 3407 770 vocat.

133 809 285 862 αὑτοῦ
323 810 628 868 ἀπαιτῶν.
665 811 756 864 Διὸ
799 812 858 865 ὲν
906 813 1006 884 μιᾷ
1056 811 1314 884 ἐπιστολῇ
1354 810 1760 884 ἐργοδιώκτην
1796 811 1963 865 αὐτὸν
2000 809 2281 882 Ὠριγένης
2303 807 2476 862 καλεῖ.

1731 906 1820 963 ιν.

994 1023 1230 1080 Andreas
1264 1024 1608 1081 Cwsariensis
1634 1026 1688 1080 in
1712 1025 2043 1096 Apocalyps.
2081 1039 2200 1088 xm,
2234 1023 2286 1090 1,
2320 1038 2442 1093 pag.
2474 1020 2562 1076 70.

197 1136 349 1199 Τινὲς
378 1137 488 1207 μὲν
521 1138 600 1192 τὸ
628 1142 834 1209 θηρίον
855 1140 1011 1196 τοῦτο
1038 1144 1456 1216 δευτερεύουσάν
1487 1161 1606 1199 τινα
1634 1145 1712 1198 δύ-

1903 1141 2132 1209 Quidam
2190 1156 2288 1211 per
2343 1141 2485 1196 hanc
2537 1138 2754 1193 bestiam
2818 1136 3092 1206 accipiunt
3149 1133 3403 1188 virtutem

136 1245 282 1298 ναμιν
305 1226 405 1279 τοῦ
449 1229 703 1296 Σατανᾶ,
737 1231 842 1286 τῶν
875 1233 1076 1287 λοιπῶν
1122 1230 1390 1306 δαιμόνων
1423 1234 1651 1306 ἄρχουσα

1887 1234 2120 1289 tamdam
2167 1233 2377 1287 viribus
2419 1241 2472 1286 et
2516 1230 2757 1300 nequitia
2806 1226 3004 1283 Satana
3053 1224 3402 1284 inferiorem.

137 1320 438 1391 ὲξειλὴφασι
461 1337 477 1350 °
509 1322 581 1375 τὸ
631 1322 690 1376 δὲ
722 1325 837 1394 μετ’
870 1325 1000 1379 αὐτὸ
1031 1328 1095 1379 ὲκ
1137 1326 1236 1396 τῆς
1274 1327 1377 1398 γῆς
1421 1327 1603 1391 ἀνιὸν,
1631 1344 1652 1379 1

1918 1327 2040 1380 teris
2077 1333 2260 1378 autem
2298 1321 2638 1379 daemonibus
2667 1329 2901 1388 utroque
2932 1333 3131 1388 genere
3159 1317 3404 1384 eminen-
3429 1353 3433 1359 ς

135 1413 522 1483 ’Δντίχριστον.
575 1413 706 1478 Τοῖς
741 1415 799 1468 δε
857 1415 1051 1481 ἁγίοις,
1101 1415 1344 1484 Μεθοδίῳ
1396 1417 1491 1470 καὶ
1534 1417 1650 1471 Ἰποπ

1888 1433 2018 1473 ποίη
2047 1436 2060 1472 :
2087 1431 2186 1486 per
2215 1415 2445 1470 bestiam
2487 1428 2617 1468 vero
2662 1427 2785 1481 quae
2824 1410 2988 1481 paulo
3032 1417 3156 1479 post
3192 1423 3222 1462 e
3260 1416 3403 1461 terra

135 1503 264 1573 λὺτῳ
297 1502 396 1555 καὶ
443 1503 694 1575 ἑτέροις,
738 1507 818 1568 εἰς
861 1503 1069 1578 [αὑτὸν]
1113 1506 1205 1559 τὸν
1250 1507 1612 1577 Ἀντιχριστον

1887 1511 2075 1580 uergit,
2097 1497 2504 1563 ‘Antichristum
2537 1506 2734 1576 ipsum.
2761 1504 2830 1558 At
2855 1511 3078 1558 sanctus
3097 1498 3402 1553 Methodius

139 1595 292 1665 παρὸν
331 1593 536 1664 θηρίον
569 1596 919 1666 ὲξείληπταιο
955 1599 1018 1652 ὲκ
1063 1599 1161 1668 τῆς
1212 1598 1590 1670 πολυταράχου
1622 1618 1653 1652 τ

1909 1601 2251 1673 Hippolytus,
2291 1607 2348 1653 et
2396 1598 2486 1652 alii
2533 1607 2766 1659 veteres,
2807 1596 2875 1650 de
2908 1596 3025 1664 ipso
3067 1593 3403 1646 Antichristo

140 1685 239 1755 βίω
286 1686 490 1738 τούτου
556 1686 838 1759 Θαλάσσης
878 1689 972 1742 καὶ
1023 1688 1393 1760 πολυκύμονος
1424 1690 1655 1763 ὲξερχόμ

1887 1701 2144 1748 aesentem
2173 1692 2354 1746 locum
2387 1689 2725 1758 interpretati
2766 1695 2922 1752 sunt;
2966 1696 3027 1740 ut
3065 1685 3159 1755 qui
3188 1701 3254 1739 ex
3289 1693 3402 1738 tur-

137 1795 232 1830 vov.
264 1777 345 1831 Τὰ
394 1777 456 1830 δὲ
492 1777 654 1832 δέκα
693 1779 910 1847 κέρατα
964 1781 1060 1834 σὺν
1091 1782 1206 1843 τοῖς
1258 1781 1587 1853 διαδήμασι,
1621 1800 1652 1835 κ

1885 1784 2040 1838 ιιθιιιο
2060 1783 2468 1852 plurimumque
2491 1781 2702 1836 undoso
2724 1781 2847 1833 vitae
2870 1778 3033 1848 hujus
3055 1781 3194 1832 mari
3215 1790 3400 1846 egres-

138 1871 185 1922 αἱ
211 1869 352 1922 ἑπτὰ
385 1870 668 1939 κεφαλαὶ
690 1912 706 1937 ,
739 1874 838 1944 τήν
868 1889 926 1926 τε
983 1872 1079 1926 τοῦ
1111 1872 1356 1928 διαϐόλου
1390 1875 1525 1946 πρὸς
1550 1877 1653 1929 αὐτ

1888 1889 1979 1928 rus
2009 1872 2103 1928 sit.
2143 1871 2247 1928 Per
2286 1872 2460 1926 decem
2492 1880 2674 1925 autem
2715 1885 2917 1923 cornua
2945 1867 3172 1923 totidem
3214 1865 3403 1921 diade-

141 1961 240 2031 [τὸν
303 1961 714 2036 ’Δντίχριστον]
769 1964 960 2018 ἕνωσιν
1014 1964 1306 2020 αἰνίττεται
1351 1967 1554 2036 (ταῦτα
1606 1970 1656 2036 γι

1884 1967 1984 2022 atis
2031 1975 2334 2030 exornata,
2381 1973 2435 2019 et
2481 1971 2674 2032 septem
2723 1961 2921 2032 capita,
2975 1958 3399 2014 familiaritatem

138 2049 260 2122 [xei]
294 2051 450 2122 αὐτῷ
513 2055 796 2125 προσόντα
831 2054 1086 2128 ἀνωτέρω
1113 2057 1495 2128 ἡρμήνευται),
1516 2058 1617 2130 τήν

1882 2074 1965 2112 am
1996 2057 2247 2114 denotari
2281 2057 2489 2122 volunt,
2518 2069 2641 2124 quae
2665 2054 2806 2108 inter
2833 2054 3012 2123 ipsum
3038 2059 3092 2106 et
3118 2049 3397 2104 diabolum

142 2145 208 2205 είς
223 2143 349 2195 δέκα
381 2143 488 2214 τῆς
515 2147 721 2217 γηῖνης
745 2144 1018 2215 βασιλείας
1050 2147 1138 2198 ἐπ’
1163 2147 1406 2217 ἐσχάτων
1425 2147 1656 2218 διαίρεσι

1883 2151 2118 2206 tercedet
2159 2151 2307 2219 (nam
2361 2150 2477 2204 haec
2522 2148 2601 2202 illi
2643 2146 2811 2202 all'ore
2848 2146 2962 2216 jam
3009 2153 3136 2198 ante
3178 2158 3398 2212 quoque

141 2234 218 2286 καὶ
241 2235 335 2306 τὴν
371 2235 454 2306 τῷ
477 2237 684 2309 κόσμῳ
713 2237 887 2309 τούτῳ
913 2237 1196 2308 σύστοιχον
1230 2237 1588 2310 ἑϐδοματικὴν
1616 2238 1656 2310 βα

1880 2244 2114 2300 dicatum
2159 2244 2286 2314 est),
2342 2242 2601 2312 regnique
2643 2239 2842 2296 terreni
2884 2239 2941 2293 in
2993 2238 3176 2293 decem
3212 2245 3395 2307 partes

143 2324 336 2388 σιλείαν,
363 2326 515 2381 ὲπτά
563 2329 666 2399 μὲν
715 2330 951 2401 ἡμέραις
981 2329 1444 2401 ὲκμετρουμένην,
1479 2328 1618 2383 ἑπτὰ
1653 2352 1658 2377 ι

1881 2335 2114 2389 ctionem
2142 2351 2157 2401 ;
2198 2343 2253 2390 et
2286 2349 2512 2405 regnum
2536 2339 2794 2402 praeterea
2818 2329 3184 2401 septenarium
3208 2327 3396 2382 mundi

141 2413 383 2486 διαδοχαῖς
420 2417 820 2491 διαιρουμένην
844 2461 860 2486 ,
895 2420 970 2485 ὡς
1001 2421 1060 2475 ὲν
1087 2423 1201 2485 τοῖς
1233 2420 1360 2494 ἑξῆς
1386 2420 1656 2494 ῥηθήσεται

1879 2425 1981 2495 Ijus
2022 2427 2210 2481 cursui
2244 2423 2642 2480 conformatum
2663 2464 2679 2490 ,
2706 2437 2910 2492 septem
2941 2421 3161 2492 quidem
3185 2420 3394 2475 dierum

147 2507 298 2576 spatio
325 2509 754 2581 dimensum,et
779 2513 835 2568 in
859 2521 1064 2584 septem
1091 2530 1311 2571 rursum
1364 2515 1741 2573 successiones
1777 2515 2159 2589 distributum;
2201 2526 2367 2590 prout
2423 2518 2477 2573 in
2523 2516 2876 2588 sequentibus
2905 2515 3068 2571 latius
3129 2514 3184 2569 id
3222 2512 3395 2584 expli-

143 2601 349 2658 cabitnr.

1176 2699 1402 2760 Idemin
1420 2704 1747 2781 Apocalyps.
1778 2725 1902 2774 xnt,
1933 2705 2023 2773 18,
2090 2719 2216 2774 pag.
2248 2701 2338 2757 75o

197 2801 290 2858 Καὶ
321 2806 422 2879 τὴν
459 2809 577 2880 μὲν
607 2812 891 2884 ἀκρίϐειαν
945 2815 1046 2887 τῆς
1101 2815 1316 2888 ψήφου,
1365 2819 1442 2884 ὡς
1499 2822 1595 2875 καὶ
1640 2821 1711 2876 τὰ

1881 2822 2208 2876 Accuratam
2266 2813 2461 2871 calculi
2505 2813 2789 2881 notitiam,
2835 2821 2898 2868 ut
2941 2812 3151 2883 reliqua
3202 2809 3389 2865 itidem

143 2891 280 2948 λοιπὰ
322 2897 392 2951 τὰ
439 2901 584 2972 περὶ
615 2903 779 2957 αὑτοῦ
805 2905 1184 2977 γεγραμμένα,
1208 2910 1237 2961 ὁ
1275 2908 1467 2981 χρόνος
1497 2911 1658 2965 ἀποκι

1876 2927 1934 2967 la:
1955 2911 2022 2966 de
2043 2908 2382 2964 Antichristo
2408 2906 2610 2977 scripta
2638 2913 2874 2970 exstant,
2902 2915 3117 2976 tempus
3145 2915 3197 2958 et
3227 2918 3391 2973 expe-

145 2984 272 3055 λὺψει
295 2991 384 3043 καὶ
409 2993 444 3063 ἡ
479 2996 658 3064 πεῖρα
687 2997 801 3059 τοῖς
825 2997 1102 3067 νήφουσιν.
1136 3000 1200 3051 Εἰ
1227 2999 1336 3072 γὰρ
1369 3000 1495 3067 ἔδει,
1519 3001 1660 3056 καθά

1868 3003 2004 3060 entia
2059 3002 2192 3056 viris
2244 2999 2605 3070 prudentibus
2652 3009 2706 3054 et
2748 2998 2946 3054 sobriis
2989 2995 3383 3052 manifestabit.

151 3080 259 3146 φασί
312 3100 456 3149 τινες
507 3085 627 3141 τῶν
674 3086 1031 3154 διδασκάλων,
1083 3091 1270 3162 σαφῶς
1302 3094 1609 3164 γνωσθῆναι
1637 3113 1666 3148 τ

1869 3111 1945 3150 am
1979 3095 2024 3150 si
2055 3093 2111 3149 in
2146 3091 2418 3164 exquisita
2456 3092 2697 3148 nominis
2732 3092 2898 3162 hujus
2927 3091 3234 3161 cognitione
3264 3105 3384 3144 ma-

148 3173 351 3227 τοιοῦτον
391 3177 594 3250 ὄνομα,
642 3180 1016 3253 ότεθεαμένος
1048 3184 1115 3238 ἂν
1163 3185 1294 3238 αὐτὸ
1331 3187 1663 3257 ἀπεκάλυψει

1870 3203 1971 3243 lum
2003 3186 2222 3256 aliquod
2253 3201 2434 3256 operae
2458 3187 2694 3257 pretium
2726 3185 2891 3240 situm
2933 3193 3099 3248 esset,
3147 3182 3238 3238 ille
3277 3182 3385 3236 uti-

160 3263 293 3320 una.
323 3269 421 3322 οὐκ
455 3246 758 3344 εδδὸκησεν
784 3275 818 3346 ἡ
851 3246 969 3328 δεῖα
997 3246 1164 3349 χάρις
1198 3279 1255 3331 ὲν
1293 3279 1412 3350 θείᾳ
1441 3246 1608 3352 ptem}
1638 3283 1675 3334 τέ

1868 3293 1914 3332 te
1942 3277 2034 3348 qui
2060 3276 2322 3332 visionem
2359 3275 2656 3344 impressit,
2691 3284 2751 3329 ut
2782 3284 2992 3330 veteres
3022 3283 3167 3330 recte
3194 3275 3383 3329 admo-

152 3356 224 3409 τοῦ
247 3358 514 3431 λυμεῶνος
549 3366 724 3437 ὄνομα
752 3369 1047 3439 γραφῆναι.
1095 3370 1183 3434 Ὠς
1215 3371 1274 3423 ὲν
1305 3371 1614 3441 γυμνασίας
1637 3390 1667 3425 τ

1867 3378 1954 3436 ent,
1985 3368 2334 3438 evangelista:
2374 3365 2505 3422 illud
2545 3365 2908 3438 patefecisset.
2951 3365 3143 3422 Verum
3184 3365 3382 3422 divinae

149 3442 285 3518 λόγῳ,
316 3450 484 3507 πολλά
519 3454 675 3508 ἐστιν
723 3458 904 3530 εὑρεῖν
923 3497 938 3522 ,
970 3458 1113 3514 κατὰ
1145 3459 1234 3515 τὸν
1285 3460 1551 3532 μακάριον
1583 3462 1664 3515 Ἰπ

1866 3460 1993 3515 οιίξε
2022 3458 2194 3525 aliud,
2226 3473 2389 3528 quam
2423 3458 2758 3528 corruptoris
2790 3458 3095 3528 perditique
3143 3458 3381 3514 hominis

152 3537 342 3594 πόλυτον
388 3544 484 3597 καὶ
540 3547 784 3620 ἑτέρους,
822 3549 1061 3621 ὀνόματα
1098 3552 1189 3606 τὸν
1241 3552 1472 3624 ἀριθμὸν
1513 3553 1667 3607 τοῦτο

1862 3566 2019 3614 ιηιειι,
2058 3550 2242 3605 divino
2278 3549 2407 3605 huic
2438 3549 2579 3604 libro
2612 3549 2855 3604 inserere
2895 3549 3070 3604 visum
3109 3548 3228 3603 fuit.
3269 3545 3377 3603 Ve-

153 3629 466 3717 τῖιριέχοντα,
494 3641 887 3712 προσηγορικὰ
913 3659 973 3695 τε
1006 3645 1103 3697 καὶ
1143 3643 1330 3716 κύρια.
1364 3645 1544 3717 Κύρια
1577 3647 1668 3717 μὲν

1867 3651 2102 3700 mtamen
2134 3657 2230 3712 per
2273 3641 2497 3695 modum
2528 3640 2937 3696 exercitationis
2979 3640 3150 3696 multa
3180 3655 3377 3696 secun-

154 3711 241 3771 οἷον
264 3721 584 3800 Λαμπέτης,
617 3711 832 3801 Τειτάν,
863 3733 929 3786 ἐκ
959 3733 1052 3788 τοῦ
1077 3711 1270 3799 telvm,
1303 3734 1424 3788 καθ’
1453 3711 1669 3790 ιΙππόλυ

1859 3750 1926 3788 tm
1967 3733 2030 3790 Β,
2068 3711 2418 3805 Hippolytum
2464 3743 2519 3788 et
2555 3734 2692 3789 alios
2728 3733 2960 3803 contingi
3005 3743 3236 3803 possunt
3275 3749 3374 3786 no-

153 3823 247 3900 εον
274 3814 554 3886 Λατεῖνος,
589 3823 790 3893 ὁμοίως
825 3823 939 3896 [διὰ
972 3825 1322 3900 διφθόγγου·]
1355 3827 1668 3890 Βενέδικτος

1854 3827 1982 3894 ina,
2024 3842 2146 3897 quae
2191 3841 2482 3880 numerum
2535 3825 2688 3879 illum
2734 3825 3187 3894 complectantur,
3241 3839 3368 3898 cum

155 3899 263 3975 ὅπερ
299 3909 661 3982 ἑρμηνεύεται
702 3915 1062 3989 εὐλογημένος
1093 3918 1127 3991 ἢ
1180 3899 1500 3989 εὐλογητὸς·
1552 3918 1670 3972 κατέ

1854 3919 2041 3989 'opria,
2070 3927 2187 3973 tum
2217 3918 2380 3972 etiam
2407 3917 2756 3987 appellativa,
2789 3917 2952 3988 idque
2985 3916 3039 3970 in
3066 3915 3212 3970 omni
3241 3931 3369 3985 pro-

159 3993 348 4066 μίμησιν
373 4003 544 4074 τυχὸν
565 4004 658 4058 τοῦ
691 4005 905 4078 ἀληθῶς
935 4007 1299 4080 εὑλογημένου
1333 4008 1573 4081 Χριστοῦ
1597 4008 1674 4063 τοὶ

1856 4010 2083 4066 :modum
2117 4011 2320 4079 lingua.
2358 4008 2670 4079 Pr0prium,
2705 4008 2938 4078 exempli
2961 4023 3148 4073 causa,
3185 4006 3371 4062 Graece

159 4082 264 4138 Θεοῦ
296 4091 462 4160 ἡμῶν.
495 4096 883 4169 Προσηγορικά
919 4099 977 4152 δὲ
997 4141 1011 4167 ,
1041 4100 1227 4163 Κακὸς
1249 4099 1464 4172 ὁδηγὸς,
1486 4100 1674 4153 Παλαι-

1850 4111 1865 4156 ι
1893 4101 2213 4172 Λαμπέτης,
2235 4098 2425 4155 Latine
2444 4100 2780 4168 Benedictus,
2804 4098 3019 4155 Persice
3040 4097 3365 4155 Sarmatam.

158 4173 402 4249 ϐάσκανος,
436 4187 691 4257 Ἀληθῶς
717 4189 1007 4262 βλαϐερὸς,
1051 4191 1245 4262 Ἀμνὸς
1274 4191 1487 4256 ἀδικος’
1517 4186 1599 4256 οἷς
1623 4194 1673 4246 ἐι

1859 4193 2002 4248 milis
2045 4194 2102 4248 in
2141 4195 2351 4249 caeteris
2393 4193 2592 4265 linguis
2625 4192 2930 4247 ell‘ormatio
2963 4192 3076 4251 ﬁat.
3121 4191 3369 4262 Appella-

159 4267 242 4358 τῶν
267 4274 680 4351 ἐναντιουμένων
703 4285 768 4352 τῇ
794 4281 970 4354 πλάνη
1002 4281 1448 4356 ὲπικληθήσεται,
1481 4283 1579 4357 τὴν
1603 4286 1674 4339 οξ-

1850 4301 1906 4340 vo
1939 4300 2091 4350 vero,
2126 4293 2188 4340 ut
2216 4285 2386 4349 κακὸς
2422 4285 2634 4358 ὁδηγός,
2668 4285 2778 4338 dua:
2814 4284 3114 4354 improbus;
3151 4283 3365 4356 ἀληθῶς

162 4357 280 4412 κείαν
300 4363 445 4430 δόξαν
470 4369 532 4421 ὲν
565 4369 794 4443 αἰσχύνῃ
821 4371 1120 4443 τιθέμενος.

1849 4374 2084 4448 ιαὸερός,
2118 4391 2237 4430 vere
2284 4377 2473 4430 noxius
2488 4357 2512 4441 ,°r
2552 4375 2717 4430 πάλαι
2751 4374 3036 4445 βάσκανος,
3070 4375 3186 4445 jam
3239 4372 3364 4427 olim

165 4450 351 4524 invidus;
373 4462 542 4533 ἀμνὸς
564 4464 766 4531 ἄδικος,
801 4483 966 4537 agnus
990 4469 1234 4539 iniquus;
1271 4470 1470 4541 quibus
1493 4471 1562 4527 ab
1601 4470 1677 4526 illi

1849 4471 2030 4541 ecipue
2068 4471 2428 4541 appellabitur
2456 4470 2826 4525 Antichristus
2850 4508 2866 4535 ,
2905 4469 3000 4540 qui
3033 4483 3246 4524 errores
3299 4467 3364 4522 il-

164 4543 247 4606 lius
265 4567 608 4628 aversantur;
655 4561 924 4633 siquidem
964 4564 1012 4620 is
1057 4565 1287 4637 gloriam
1321 4583 1478 4624 suam
1512 4568 1567 4622 in
1592 4565 1810 4639 ﬂagitiis
1848 4567 2049 4637 probro
2079 4567 2261 4638 dignis
2289 4566 2584 4622 constituet
2609 4567 2695 4622 vel
2723 4565 2979 4620 maxime.

1151 4681 1303 4740 Idem
1328 4681 1384 4739 in
1408 4685 1730 4759 Apocalyps.
1773 4701 1908 4754 xvn,
1934 4685 2022 4754 l0,
2043 4702 2166 4756 pag.
2191 4685 2316 4741 101.

213 4786 398 4882 Τνῦςδὲ
419 4798 532 4853 ἀπὸ
566 4799 677 4854 τῶν
727 4801 867 4857 ἐπτά
915 4802 1179 4875 βασιλέων
1209 4809 1479 4874 πεσόντας
1517 4809 1680 4864 πέντε
1711 4813 1728 4868 1

1854 4810 2056 4866 Beatus
2085 4809 2407 4882 Hippolytus
2430 4825 2529 4881 per
2561 4809 2726 4865 hosce
2753 4825 2896 4880 reges
2927 4809 3168 4880 quinque
3196 4809 3288 4879 qui
3323 4823 3356 4865 ο

167 4872 390 4973 ξξξιλεῖς,
418 4891 447 4944 ό
501 4893 772 4966 μακάριος
836 4872 1152 4964 Ἱππόλυτος
1203 4900 1406 4964 αἰῶνας
1459 4872 1682 4966 τούτους

1843 4911 1993 4973 :ptem
2023 4872 2355 4965 ceciderunt,
2385 4872 2584 4956 saecula
2627 4872 2874 4970 accepit:
2907 4872 3161 4970 e-quib-us
3196 4872 3358 4970 qum-

168 4964 397 5064 ξξέλαδεν·
425 4976 502 5037 ὧν
537 4964 667 5050 τοὺς
697 4986 796 5057 μὲν
843 4987 1027 5054 πέντε,
1069 4992 1480 5063 παρῳχηκέναι,
1509 4993 1602 5048 τὸν

1839 5008 1892 5048 ιο
1936 4993 2049 5063 jam
2093 4993 2505 5064 praeterierunt;
2553 5001 2790 5057 sextum,
2815 4991 2871 5045 in
2907 5005 3018 5060 quo
3062 4991 3354 5062 Apostolus

169 5055 323 5162 ἕκτον,
360 5071 601 5128 ἑστάναι⁸
650 5055 709 5131 ἐν
755 5070 799 5146 ᾧ
851 5080 1023 5135 ταῦτα
1354 5084 1384 5136 ὁ
1429 5055 1684 5139 ’Ᾰπόστο-

1837 5099 1906 5139 sec
1934 5055 2303 5162 vidit,-_adhuc
2329 5055 2600 5151 decurrit;
2630 5055 3153 5155 septimum-autem,
3179 5094 3238 5137 ut
3265 5083 3352 5138 ille

284 5159 363 5214 τὸν
384 5165 438 5218 δὲ
467 5167 713 5240 ἓόδομον,
741 5171 835 5226 τὸν
863 5172 1002 5243 μετά
1041 5173 1112 5227 τά
1237 5175 1354 5248 ἔτη,
1397 5177 1562 5248 μήπω
1583 5177 1682 5246 μὲν

1834 5177 2060 5244 )inatur,
2090 5159 2212 5246 post
2243 5177 2424 5247 elapsa
2464 5193 2561 5234 sex
2602 5193 2871 5233 annorum
2921 5177 3088 5232 millia
3131 5178 3349 5232 tandem

172 5245 425 5348 ἐληλυθέναι
443 5299 459 5324 ,
492 5262 781 5334 ἐρχόμενον
829 5265 907 5331 δὲ,
963 5265 1142 5335 ὀλίγον
1184 5266 1266 5320 δεῖ
1314 5245 1513 5339 μεῖναι.
1568 5245 1683 5326 Καὶ

1838 5295 1840 5319 ε
1870 5271 2059 5341 prodet
2075 5245 2107 5338 ;7
2128 5271 2222 5325 ubi
2255 5245 2436 5327 autem
2468 5287 2590 5327 sese
2623 5272 2940 5342 prodiderit,
2965 5287 3156 5342 parum
3184 5271 3353 5326 dura-

169 5349 304 5434 ταυτα
333 5349 418 5416 μὲν
437 5351 610 5417 οὕτως
643 5353 915 5430 [ὲκεῖνος]·
947 5358 997 5411 εἰ
1027 5359 1108 5428 δὲ,
1139 5359 1216 5424 ὥς
1237 5378 1400 5432 φησιν
1418 5363 1447 5415 ὁ
1477 5360 1682 5434 [μακά-

1830 5366 1879 5420 it.
1918 5363 1984 5417 Et
2014 5365 2129 5420 haec
2169 5363 2389 5434 quidem
2428 5363 2498 5419 ad
2541 5380 2666 5420 eum
2711 5365 2931 5421 modum
2965 5365 3074 5420 ille.
3115 5362 3345 5428 Forsan,

176 5431 278 5505 ριος]
303 5438 599 5528 ῐεξίρηναίος,
631 5446 820 5520 ὥσπερ
851 5450 990 5504 ἑπτὰ
1015 5451 1218 5525 ἡμέραι
1254 5431 1682 5528 δεδημιοόργην-

1832 5466 1840 5510 t
1877 5455 1939 5511 Β.
1972 5455 2160 5512 lrenzei
2187 5457 2475 5522 sententia,
2508 5468 2712 5528 septem
2744 5457 2946 5514 conditi
2974 5465 3101 5513 sunt
3127 5457 3264 5517 dies.
3291 5465 3347 5512 et

174 5528 241 5626 iis:
259 5526 414 5626 ..οὕτω
455 5533 547 5626 καὶ
575 5536 714 5591 ἑπτὰ
733 5539 969 5611 οὐρανοὶ,
1003 5542 1097 5596 καὶ¹
1138 5541 1276 5597 ἐπτά
1303 5526 1527 5614 ἄγγελοι
1570 5546 1680 5600 τῶν

1831 5556 1985 5616 εριθω
2025 5549 2171 5607 caeli.
2205 5555 2259 5602 et
2289 5556 2492 5617 septem
2543 5526 2720 5616 angeli
2755 5549 2968 5603 cretei-is
3001 5547 3346 5616 praestantio-

180 5623 332 5669 Αηιτιῖιν
356 5624 686 5699 προῦχοντες,
723 5632 816 5685 καὶ
839 5632 995 5704 ἡμῶν
1022 5633 1290 5704 λεγόντων
1336 5637 1676 5709 εὐπαράδεκ-

1828 5657 1900 5706 εε;
1937 5641 2008 5695 ita
2034 5640 2145 5711 jam
2180 5641 2306 5696 inde
2339 5641 2408 5696 ab
2429 5641 2654 5697 exordio
2677 5655 2850 5710 usque
2874 5641 2942 5696 ad
2970 5641 3154 5698 saeculi
3181 5641 3343 5697 linem

180 5714 245 5758 ων
273 5711 367 5776 τοῖς
409 5715 656 5773 ἀκούουσι
707 5721 956 5792 φαίνεται
997 5724 1058 5778 τδ
1091 5725 1184 5779 καὶ
1226 5727 1364 5783 ἑπτὰ
1397 5729 1674 5803 βασιλείας

1826 5743 1986 5804 ’ξρῑοῐιι
2023 5748 2186 5803 regna
2212 5731 2421 5788 caeteris
2452 5731 2745 5788 celebriora
2789 5731 2922 5787 citra
2952 5732 3341 5790 absurditatem
