3966 6344
553 352 664 408 575
1781 342 2197 400 TESTIMONIA
2241 343 2575 402 VETEHUM
3669 355 3753 414 576

553 483 801 532 statuere
832 470 1051 536 licebit;
1085 483 1116 523 ε
1153 467 1352 538 quibus
1385 466 1628 537 quinque
1660 466 1773 536 jam
1802 476 1918 522 tum
1949 465 2119 522 conci-

2189 497 2202 535 ι
2230 463 2368 521 εἶναι
2399 467 2498 531 τὰς
2535 467 2630 520 ἀπ’
2673 463 2846 538 ἀρχῆς
2889 465 3049 538 μέχρι
3084 464 3223 538 [τοῦ]
3271 465 3365 521 νῦν
3398 468 3755 542 περιϐοήτουςο

553 565 742 617 derant
765 578 778 615 :
798 569 1034 621 sextum,
1058 574 1183 614 cum
1209 556 1563 628 Apocalypsis
1585 557 1929 622 cernebatur,
1951 557 2119 612 adhuc

2228 553 2303 614 ὧν
2334 559 2435 622 τὰς
2477 560 2574 630 μὲν
2631 557 2792 612 πέντε
2834 558 2936 630 ήδη
2969 558 3311 613 πεπτωκέναι
3332 576 3345 589 θ
3379 559 3474 630 τὴν
3500 560 3554 613 δὲ
3583 562 3755 637 ἕκτην,

555 654 910 715 consistebat,
939 663 992 706 et
1017 651 1234 720 quidem
1267 649 1320 702 in
1351 649 1573 719 antiqua
1596 647 1771 704 Roma
1798 667 1811 703 :
1840 650 2121 720 septimum

2227 649 2313 718 ἐφ’
2344 643 2412 720 ἧς
2455 647 2640 721 ώράθη
2667 651 2701 720 ἡ
2750 648 3136 714 Ἀποκάλυψις,
3170 649 3387 705 ἑστάναι
3414 651 3606 723 ταύτην
3635 657 3754 728 ὲντῇ

553 759 718 816 porro
772 759 868 813 per
897 741 950 796 id
982 749 1197 810 tempus
1218 738 1450 794 necdum
1485 740 1808 795 advenerat:
1834 755 1990 796 novae
2021 739 2119 797 lio-

2229 740 2438 811 παλαιᾷ
2483 739 2670 812 Ῥώμῃ
2691 757 2704 772 ·
2749 741 2846 810 τὴν
2893 740 2950 796 δὲ
2982 741 3215 813 ἑϐδόμην
3252 743 3416 815 μήπω
3446 743 3755 818 ἐληλυθέναι,

552 852 656 893 ma:
684 835 996 907 imperium.

2225 832 2324 904 τὴν
2357 833 2416 886 ὲν
2443 834 2508 903 τῇ
2537 832 2633 904 νέα
2669 830 2938 905 [Ῥώμῃ].

2136 952 2198 1006 V.

903 1066 1136 1138 Cyrillus
1172 1065 1636 1137 Scythopolitanus
1662 1070 1718 1123 in
1752 1067 1872 1124 Vita
1914 1069 2555 1194 Sbguthymiisgahbatis
2578 1087 2593 1137 ;
2619 1073 2691 1126 'in
2730 1070 3005 1125 Analectis
3059 1069 3262 1127 Graecis
3311 1071 3441 1126 edit.
3472 1089 3502 1124 a
3529 1076 3758 1133 monachi;

2068 1181 2106 1194 ..
2131 1158 2256 1194 naa.
2361 1180 2374 1193 .

2068 1181 2106 1204 .,
2131 1158 2256 1212 pag.
2285 1158 2374 1194 az.

619 1232 815 1287 Obitus
859 1238 1043 1285 autem
1083 1230 1204 1299 ejus
1249 1228 1569 1301 (Euthymii)
1616 1232 1816 1287 accidit
1860 1233 2120 1303 vigesima

2306 1231 2371 1286 'H
2395 1231 2451 1284 δὲ
2486 1232 2762 1296 τελείωσις
2794 1231 2958 1287 αὐτοῦ
2993 1234 3184 1302 γέγονε
3214 1233 3357 1286 κατά
3376 1233 3474 1306 τὴν
3495 1234 3667 1288 είκάδα
3683 1235 3757 1290 toi

551 1323 756 1379 mensis
785 1320 1052 1386 Januarii,
1089 1321 1376 1375 undecima
1410 1321 1728 1386 indictione,
1772 1337 1804 1375 a
1846 1324 2117 1379 creatione

2239 1322 2567 1400 Ἰανουαρίου
2596 1347 2598 1350 ·
2631 1323 2800 1395 μηνὸς
2826 1322 2929 1393 τῆς
2959 1325 3250 1394 ἑνδεκάτης
3284 1325 3534 1390 ίνδίκτου,
3563 1325 3660 1379 ἀπὸ
3683 1327 3760 1397 μὲν

550 1413 762 1476 mundi,
786 1429 817 1466 a
858 1427 968 1482 quo
1010 1411 1143 1468 solis
1178 1426 1376 1466 cursus
1421 1411 1682 1482 temporis
1716 1427 1972 1468 mensura
1999 1429 2116 1470 esse

2228 1410 2456 1475 κτίσεως
2507 1413 2715 1483 κόσμου
2754 1413 2846 1481 ἀφ’
2891 1405 3062 1485 οὗπερ
3111 1415 3302 1487 χρόνος
3344 1412 3552 1486 ’ἤρξατο
3591 1421 3650 1488 τῇ
3685 1418 3759 1470 τοῦ

551 1505 799 1575 ἱιιοωρίι,
859 1519 1006 1558 anno
1047 1503 1339 1574 quinquies
1386 1503 1676 1560 millesimo
1714 1507 2117 1577 nongentesimc

2229 1502 2380 1572 ἡλίου
2400 1504 2540 1574 φορᾷ
2571 1502 2908 1575 μετρεῖσθαι,
2941 1503 3094 1568 ἔτους
3126 1506 3378 1575 πέμπτου
3408 1505 3680 1577 ἑξηκοστοῦ
3695 1511 3762 1560 ὲν-

550 1597 894 1668 sexagesimo
922 1597 1146 1666 quinto;
1176 1612 1208 1650 a
1240 1595 1334 1650 Dei
1366 1593 1530 1651 Verbi
1566 1612 1633 1652 ex
1671 1595 1896 1668 Virgine
1934 1599 2116 1654 huma-

2226 1591 2572 1646 νακοσιοστοῦ
2604 1593 3157 1664 πεντακισχιλιοστοῦο
3189 1595 3298 1648 ἀπὸ
3330 1596 3387 1650 δὲ
3417 1597 3511 1669 τῆς
3537 1597 3659 1651 Θεοῦ
3683 1597 3760 1651 Δό-

548 1703 638 1743 ιιω
661 1696 870 1742 natura:
898 1687 1276 1756 assumptione
1309 1693 1364 1742 et
1393 1688 1692 1743 secundum
1717 1703 1938 1744 carnem
1965 1705 2114 1760 gene-

2229 1700 2326 1752 γου
2349 1684 2414 1736 ὲκ
2461 1682 2736 1754 Παρθένου
2787 1685 3251 1757 ἐνανθρωπήσεως
3295 1687 3390 1741 καὶ
3436 1687 3570 1741 κατὰ
3615 1689 3759 1760 σάρκα

550 1779 784 1844 ratione,
837 1793 981 1832 anno
1037 1777 1574 1849 quadringentesimo
1607 1780 1946 1850 sexagesimo
1966 1783 2116 1850 quin-

2225 1773 2552 1844 γεννήσεως,
2574 1773 2726 1838 ἔτους
2757 1775 3006 1846 πέμπτου
3025 1775 3317 1846 ἑξηκοστοῦ
3351 1781 3756 1850 τετρακοσιοστοῦ

550 1880 628 1934 to,
665 1871 963 1925 secundum
993 1868 1263 1938 descripta
1291 1876 1535 1938 tempora
1567 1884 1600 1923 a
1624 1869 1830 1925 sanctis
1867 1867 2116 1924 Patribus

2228 1861 2372 1918 κατὰ
2395 1865 2519 1927 τοὺς
2573 1867 2985 1936 συγγραφέντας
3042 1867 3270 1938 χρόνους
3313 1869 3419 1922 ὑπὸ
3469 1870 3570 1923 τῶν
3617 1872 3755 1940 ἁγίων

551 1961 844 2033 Hippolyto
881 1961 1110 2030 antiquo
1134 1969 1189 2014 et
1216 1960 1476 2030 apostolis
1513 1967 1664 2024 noto,
1689 1957 1993 2030 Epiphanio
2017 1959 2117 2034 Cy-

2226 1953 2489 2026 Πατέρων
2531 1955 2844 2011 Ἱππολύτου
2868 1956 2961 2010 τοῦ
2985 1957 3212 2012 παλαιοῦ
3256 1960 3351 2012 καὶ
3388 1960 3644 2032 γνωρίμου
3671 1962 3755 2014 τῶν

551 2054 746 2124 priola,
768 2063 822 2109 et
849 2052 1065 2108 Herone
1086 2052 1413 2123 philosopho
1435 2060 1490 2106 et
1509 2050 1841 2107 coniessore.

2224 2047 2552 2114 ἀποστόλων,
2612 2051 2707 2102 καὶ
2778 2051 3091 2121 Ἐπιφανίου
3135 2052 3231 2105 τοῦ
3298 2052 3632 2123 Κυπριώτου,
3684 2057 3757 2107 καὶ

2228 2140 2476 2212 Ἥρωνος
2503 2140 2599 2195 τοῦ
2633 2141 2922 2212 φιλοσόφου
2953 2144 3045 2198 καὶ
3075 2144 3429 2215 όμολογητοῦ.
3496 2141 3505 2151 ’

2144 2233 2228 2288 γι.

1178 2325 1427 2380 Leontius
1454 2323 1785 2394 Byzantinus
1821 2323 2018 2394 πράξει
2049 2324 2156 2378 sive
2183 2325 2400 2381 lectione
2424 2343 2510 2396 ιιι,
2554 2326 2629 2383 De
2663 2343 2744 2382 sec

1600 2324 1785 2377 ntinus
1821 2323 2018 2394 πράξει
2049 2324 2156 2378 sive
2183 2325 2400 2381 lectione
2424 2343 2510 2396 ιιι,
2554 2326 2629 2383 De
2663 2329 2847 2394 sectis,
2887 2346 3008 2399 pag.
3043 2329 3166 2384 450.

623 2418 981 2489 Temporibus
1011 2417 1117 2473 illis
1145 2433 1268 2488 qua:
1301 2432 1332 2470 a
1377 2415 1580 2470 Christi
1621 2415 1906 2470 nativitate
1949 2430 2120 2484 usque

2310 2418 2586 2487 Ἐγένοντο
2605 2418 2660 2472 δὲ
2681 2420 2738 2472 ὲν
2759 2422 2870 2483 τοῖς
2889 2420 3098 2492 χρόνοις
3126 2423 3237 2485 τοῖς
3255 2420 3364 2474 ἀπὸ
3390 2421 3486 2492 τῆς
3506 2423 3757 2494 γεννήσεως

550 2513 617 2568 ad
659 2511 943 2581 imperium
975 2509 1316 2566 Constantini
1350 2516 1728 2571 numerantur,
1768 2506 1825 2561 hi
1867 2507 2116 2562 doctores

2232 2508 2327 2562 τοῦ
2393 2501 2628 2583 Χριστοῦ
2706 2511 2868 2582 μέχρι
2926 2513 3024 2583 τῆς
3079 2512 3356 2584 βασιλείας
3397 2515 3755 2568 Κωνσταντίνου

550 2615 606 2660 et
627 2603 817 2658 Patres
845 2603 1206 2657 exstiterunt:
1241 2599 1482 2672 Ignatius
1511 2600 1600 2654 ille
1634 2599 1992 2668 theophorus,
2018 2597 2116 2653 Ire-

2187 2641 2197 2690 ι
2225 2600 2534 2656 διδάσκαλοι
2569 2602 2663 2656 καὶ
2693 2602 2934 2673 Πατέρες
2970 2603 3111 2656 οἶδε’
3159 2604 3418 2672 Ἰγνάτιος
3454 2607 3481 2659 6
3511 2605 3753 2676 θεοφόρος,

551 2713 724 2760 natus,
758 2695 1008 2751 Justinus
1045 2695 1400 2766 philosophus
1434 2701 1488 2746 et
1521 2700 1748 2762 martyr,
1775 2689 2025 2745 Clemens
2071 2700 2117 2745 et

2230 2694 2535 2765 Εἰρηναῖος,
2580 2695 2861 2759 ’1ουστῖνος
2918 2693 3209 2764 φιλόσοφος
3241 2698 3342 2750 καὶ
3392 2697 3607 2769 μάρτυς,
3643 2696 3756 2768 Κλή-

550 2789 875 2860 llippolytus
901 2787 1141 2858 episcopi
1170 2785 1426 2848 Romani,
1453 2783 1743 2854 Dionysius
1771 2781 2116 2852 Areopagita.

2232 2801 2339 2856 μης
2370 2787 2463 2839 καὶ
2501 2784 2820 2849 Ἱππόλυτος
2851 2787 3140 2840 ἐπίσκοποι
3177 2787 3432 2860 Ῥώμης,
3477 2790 3755 2851 Διονύσιοςό

548 2881 859 2938 Methodius
897 2880 1209 2936 Patarensis
1261 2878 1571 2948 episcopus,
1615 2874 1910 2946 Gregorius
1955 2875 2114 2928 mira-

2241 2877 2668 2948 Ἀρεοπαγίτης,
2713 2877 2975 2940 Μεϐόδιος
3021 2879 3323 2944 ἐπίσκοπος
3349 2882 3625 2952 Πατάρων,
3647 2880 3754 2952 Γρη-

548 2977 801 3032 culorum
839 2973 1078 3036 eﬂ‘ector,
1101 2971 1295 3027 Petrus
1327 2968 1730 3024 Alexandrinus
1757 2967 2046 3037 episcopus
2069 2975 2114 3020 el

2227 2968 2412 3042 γόριος
2438 2971 2466 3022 6
2491 2969 2907 3045 Θαυματουργὺς
2925 3011 2939 3038 ,
2961 2971 3165 3044 Πέτρος
3194 2975 3223 3026 6
3267 2973 3644 3045 Ἀλεξανδρείας
3660 2973 3753 3026 ἐπί-

549 3079 778 3138 martyr.

2177 3099 2184 3110 .
2229 3075 2434 3124 σκοπος
2471 3061 2566 3114 καὶ
2609 3060 2839 3132 μάρτυς.

2127 3171 2238 3228 VII.

1280 3267 1341 3323 S.
1369 3265 1608 3322 Isidorus
1633 3266 1968 3337 Hispalensis
1994 3265 2088 3320 lib.
2114 3282 2166 3320 γι
2222 3264 2530 3338 Originum,
2557 3284 2675 3338 cap.
2711 3269 2795 3334 16,
2821 3285 2944 3339 pag.
2976 3269 3064 3322 77.

617 3360 937 3417 Paschalem
966 3359 1189 3432 Cyclum
1227 3359 1552 3432 Hippolytus
1593 3361 1885 3430 episc0pus
1915 3367 2128 3430 tempo-
2221 3359 2508 3413 ediderunt
2534 3378 2548 3414 :
2600 3360 2758 3430 cujus
2787 3361 3006 3431 quidem
3038 3361 3306 3416 rationem
3334 3361 3655 3416 beatissimus
3674 3357 3755 3429 Cy-

546 3453 702 3510 ribus
759 3452 1054 3507 Alexandri
1106 3451 1451 3522 imperatoris
1513 3451 1722 3522 primus
1776 3451 2126 3519 conscripsit.
2223 3449 2379 3506 rillus
2406 3449 2786 3507 Alexandrinae
2807 3452 2958 3508 urbis
2979 3453 3268 3522 episcopus
3298 3453 3352 3508 in
3377 3469 3476 3508 xcv
3500 3468 3653 3507 annos
3680 3465 3755 3520 per

549 3543 680 3600 Post
707 3560 866 3615 quem
906 3543 1281 3614 probatissimi
1323 3553 1576 3600 auctores
1625 3542 1894 3598 Eusebius
1939 3542 2125 3597 Caesa-
2225 3541 2468 3612 quinque
2505 3542 2693 3597 decem
2738 3545 2929 3599 novies
2967 3543 3285 3610 calculans,
3320 3554 3485 3615 quoto
3528 3543 3754 3599 Kalendas

551 3635 770 3699 riensis,
801 3633 1135 3703 Theophilus
1174 3632 1593 3699 Alexandrinus,
1638 3631 1873 3702 Prosper
1911 3645 2130 3702 quoque
2227 3633 2308 3688 vel
2331 3634 2459 3688 luna
2481 3634 2674 3690 debeat
2694 3635 2969 3704 paschalis
2998 3637 3322 3695 solemnitas
3349 3637 3616 3702 celebrari,
3638 3651 3754 3692 sum-

496 3715 504 3724 ’
549 3727 772 3781 natione
827 3727 1134 3797 Aquitanus
1191 3736 1356 3796 atque
1410 3724 1722 3782 Victorinus
1785 3725 2130 3796 ampliﬁcatis
2227 3741 2316 3781 ma
2346 3726 2609 3782 brevitate
2641 3727 2868 3782 notavit.

548 3817 797 3889 ejusdem
831 3813 1146 3872 festivitatis
1175 3816 1484 3872 rationibus
1524 3815 1860 3886 multiplices
1894 3813 2132 3870 circulos

2109 3931 2242 3986 Vlll.

797 4028 856 4084 S.
895 4027 1182 4084 Germanus
1228 4029 1648 4099 archiepiscopus
1676 4026 1811 4093 CP.,
1837 4026 1891 4080 in
1921 4026 2171 4096 Μυστικῇ
2209 4024 2362 4095 Θεωρ

1958 4026 2171 4096 [υστικῇ
2209 4024 2667 4095 Θεωρίᾳμυισιαν.
2716 4025 2974 4081 Ducwani
2999 4037 3129 4080 tom.
3155 4024 3219 4092 ll,
3249 4043 3373 4097 pag.
3409 4022 3524 4079 M8.

617 4128 675 4183 ιιι
699 4138 752 4183 et
796 4125 1120 4198 Hippolytus
1153 4141 1183 4182 e
1209 4124 1384 4180 Roma
1407 4135 1460 4180 et
1489 4124 1548 4180 S.
1574 4123 1810 4196 Cyrillus
1843 4122 2116 4178 aliirmant

2305 4120 2476 4174 Τοῦτο
2505 4123 2598 4174 καὶ
2632 4122 2950 4186 Ἱππόλυτος
2989 4121 3207 4193 Ῥώμης
3231 4122 3328 4176 καὶ
3353 4123 3382 4174 6
3414 4122 3556 4190 ἆγιος
3583 4114 3750 4187 Κύριλ⁴

544 4219 601 4278 in
637 4219 792 4274 libris
825 4217 943 4274 suis
971 4218 1038 4272 de
1072 4216 1428 4280 Antichristo,
1449 4231 1593 4270 anno
1622 4215 1800 4270 sexies
1827 4214 2110 4270 millesimo

2223 4210 2593 4282 λος-λέγουσιν
2616 4214 2674 4268 ὲν
2695 4217 2807 4279 τοῖς
2837 4217 2965 4286 περὶ⁵
2985 4213 3079 4268 τοῦ
3104 4214 3471 4286 Ἀντιχρίστου
3496 4211 3653 4279 λόγοις
3677 4207 3750 4259 αὑ-

538 4311 983 4385 quingentesimo
1020 4307 1266 4364 futurum
1295 4306 1544 4377 (Christi)
1574 4305 1887 4360 adventum.

2220 4301 2348 4367 τῶν,
2382 4305 2440 4356 ἐν
2467 4303 2543 4375 τῷ
2587 4304 3025 4378 έξακισχιλιοστῷ
3086 4305 3513 4376 πεντακοσιοπῷ
3547 4303 3642 4356 ἔτει
3674 4297 3749 4367 τὴν

2229 4394 2526 4464 μέλλουσαν
2570 4399 2872 4470 παρουσίαν
2893 4399 3132 4454 ἔσεσθαι.

2131 4507 2221 4564 IX.

1075 4631 1134 4686 S.
1162 4629 1396 4684 Joannes
1437 4627 1796 4682 Damascenus
1822 4628 1876 4681 in
1913 4626 2068 4683 Sacr.
2095 4628 2370 4697 Parallel.,
2408 4639 2446 4684 t.
2485 4630 2550 4700 Π,
2577 4649 2698 4703 pag.
2726 4633 2824 4688 781
2854 4635 2982 4688 edit.
3018 4632 3267 4704 Lequien.

613 4747 673 4802 S.
716 4746 987 4820 Hippolyti
1032 4748 1277 4820 episcopi
1306 4746 1511 4814 Romae,
1539 4746 1607 4802 de
1647 4746 1866 4803 Christo
1906 4756 1961 4803 et
2002 4746 2113 4800 An-
2141 4751 2179 4812 ρ

2182 4754 2186 4812 ς
2300 4750 2618 4805 Ἱππολύτου
2653 4752 2950 4805 ἐπισκόπου
2991 4752 3228 4825 Ῥώμης,
3275 4754 3404 4824 περὶ
3441 4745 3654 4822 Χριστοῦ
3676 4742 3748 4796 καλ

539 4837 812 4892 tichristo.

2223 4842 2318 4894 τοῦ
2366 4843 2746 4914 Ἀντιχρίστου.

541 4931 544 4934 ’
612 4928 716 4983 Sed
745 4929 830 4984 his
851 4929 918 4983 ad
946 4928 1038 4984 Dei
1065 4931 1290 5000 gloriam
1314 4929 1368 4983 in
1400 4941 1743 4985 antecessum
1774 4929 1957 4996 dictis,
1983 4941 2107 4996 etc.,

2296 4934 2375 5004 (5)
2423 4934 2580 4987 Ἀλλά
2626 4934 2832 4988 τούτων
2863 4934 2918 4987 ὲν
2961 4933 3232 5005 προοιμίῳ
3263 4935 3343 4996 είς
3371 4930 3521 4996 δόξαν
3547 4924 3664 4981 Θεοῦ
3690 4922 3749 4973 εί-

539 5035 702 5090 usque
731 5021 822 5085 ad,
853 5020 1050 5075 Libero
1082 5021 1335 5076 circuire.

2223 5026 2494 5098 ρημένων,
2528 5043 2580 5079 κ.
2603 5043 2654 5078 τ.
2686 5023 3072 5096 λ.,πομπεύειν
3100 5023 3177 5094 τῷ
3198 5023 3449 5093 Διονύσῳ.

2119 5121 2166 5176 Χ

647 5208 708 5265 S.
758 5211 1086 5285 Nicephorus
1118 5218 1230 5274 ΟΡ.
1257 5221 1312 5274 in
1369 5220 1673 5292 Chronogr.
1706 5237 1826 5292 pag.
1856 5220 1981 5288 401,
2013 5223 2142 5345 fidit.
2180 5221 2386 5345 Paris"
2417 5219 2522 5275 519
2583 5217 2780 5285 Venet.,
2813 5218 3095 5288 interprete
3118 5217 3400 5272 Anastasio
3450 5209 3580 5267 Bibl.
3611 5207 3658 5258 in

2065 5304 2152 5345 ist.
2195 5309 2287 5345 ecc
2315 5332 2329 5345 .

2065 5304 2152 5347 13L
2195 5304 2329 5347 CCCI.

612 5375 725 5432 Sub
751 5377 916 5449 hujus
959 5380 1191 5455 (Severi)
1233 5383 1464 5454 imperio
1499 5383 1765 5440 Leonides
1803 5394 1954 5456 pater
1989 5383 2111 5441 Ori-

2297 5387 2422 5440 Ἐπὶ
2442 5385 2630 5439 τούτου
2665 5384 2948 5456 (Σευήρου)
2979 5384 3253 5456 βασιλείας
3279 5379 3523 5448 Λεονίδης
3545 5377 3571 5427 ὁ
3589 5366 3739 5435 πατὴρ

538 5468 695 5536 genis
736 5473 1121 5543 martyrizatus
1185 5485 1290 5540 est,
1314 5484 1370 5531 et
1448 5475 1770 5548 Hippolytus
1829 5475 2104 5532 Romanus

2229 5478 2534 5549 Ὠριγένους
2571 5477 2970 5548 ἐμαρτύρησεν,
3000 5478 3095 5529 καὶ
3133 5476 3438 5535 Ἱππόλυτος
3459 5473 3485 5524 6
3509 5463 3737 5534 Ῥωμαῖος

541 5562 776 5632 scriptor
834 5565 1100 5631 ﬂorebat,
1157 5577 1319 5638 atque
1373 5567 1668 5639 Gregorius
1719 5569 2107 5624 miraculorum

2215 5568 2564 5638 συγγραφεὺς
2614 5565 2852 5636 ἡκμαξε,
2903 5567 2996 5619 καὶ
3047 5566 3343 5638 Γρηγόριος
3382 5566 3410 5617 6
3447 5561 3738 5628 θαυματουρ·

539 5649 782 5718 ctl‘ector,
805 5663 860 5710 et
882 5654 1135 5714 Clemens
1161 5658 1586 5714 Alexandrinus.

2209 5661 2306 5728 γδς
2335 5660 2428 5712 καὶ
2458 5656 2688 5730 Κλήμης
2717 5659 2745 5710 6
2791 5657 3188 5730 Ἀλεξανδρεύς.

613 5789 993 5868 (ξλετοοι-μια
1025 5807 1154 5868 sunt
1186 5814 1252 5853 ex
1285 5797 1521 5868 genuino
1555 5797 1823 5868 Hippolyti
1855 5813 2014 5866 opere
2042 5799 2103 5852 de

2209 5806 2368 5858 runt,
2412 5795 2712 5868 πομπεύειν
2751 5795 2826 5867 τῷ
2873 5795 3145 5865 Διονύσῳ,
3202 5813 3266 5850 ex
3301 5794 3389 5847 lib.
3431 5787 3469 5842 ll
3516 5778 3728 5839 Machlb.

544 5858 1076 5937 Attticltt'isto,-Capp.
1110 5867 1144 5922 5
1171 5879 1224 5925 et
1250 5858 1338 5938 i9,
1363 5869 1454 5926 ubi
1482 5869 1582 5925 sub
1609 5858 1771 5925 ﬁdem
1805 5858 2116 5924 illa-occur-
2224 5885 2303 5933 vn,
2342 5868 2393 5933 7,
2424 5858 2723 5936 descripta.
