3966 6344
1457 342 1546 398 Ι)εέ
1593 343 1651 399 S.
1688 342 2099 400 ﬂlPPOLYTO.

3309 354 3418 410 578

1737 466 1828 523 XI.

1083 561 1144 617 S.
1183 564 1298 616 Ado
1351 561 1654 616 Viennensis
1695 563 1748 614 in
1777 559 2069 629 Chronico,
2111 562 2180 615 ad
2209 579 2335 617 ann.
2367 561 2492 635 220.

262 683 567 754 Hippolytus
621 680 908 751 episcopus
973 681 1272 736 multorum
1331 681 1583 736 conditor
1638 680 2059 751 opusculorum,
2106 691 2413 753 temporum
2473 684 2750 741 Canonem
2794 688 3156 758 conscripsit.
3207 698 3260 741 et
3309 695 3416 742 huc

198 791 339 846 usque
361 775 449 844 (ad
480 771 768 827 Alexandri
793 770 968 826 Severi
998 773 1256 840 tempora)
1295 771 1566 843 perduxit.

1727 866 1842 921 XII.

1352 961 1570 1016 Photius
1603 960 1883 1028 Biblioth.,
1918 965 2034 1018 cod.
2067 979 2216 1017 cxxt.

257 1079 573 1152 ’Δνεγνώσθη
627 1078 951 1150 βιὸλιδάριον
995 1078 1330 1134 Ἱππολύτου.
1380 1079 1644 1152 Μαθητής
1669 1079 1724 1133 δὲ

1899 1078 2097 1135 Lectus
2123 1088 2209 1134 est
2238 1078 2509 1154 Hippolyti
2552 1082 2791 1150 libellus,
2822 1083 2917 1154 qui
2952 1082 3137 1140 lrentei
3170 1085 3413 1155 discipu-

193 1172 440 1246 ῐίρηναίου
471 1171 501 1224 ὁ
543 1169 876 1235 Ἱππόλυτος.
909 1166 1017 1222 Ἦν
1062 1170 1119 1224 δὲ
1159 1171 1221 1224 τὸ
1259 1170 1546 1242 σύνταγμα
1585 1171 1729 1225 κατά

192 1267 414 1338 αἱρέσεων
435 1263 538 1339 λβ’,
565 1264 742 1336 ἀρχὴν
773 1263 1092 1335 ποιούμενον
1117 1263 1489 1329 Δοσιθεανοὺς,
1513 1263 1604 1316 καὶ
1630 1261 1728 1335 μέ-

191 1375 262 1431 χρι
287 1358 480 1430 Νοητοῦ
515 1359 612 1412 καὶ
641 1359 952 1431 Νοητιανῶν
974 1359 1488 1432 διαλαμϐανόμενον.
1515 1358 1728 1423 Ταύτας

197 1454 248 1524 δή
276 1469 424 1522 φησιν
480 1450 730 1522 ἐλέγχοις
755 1451 1149 1522 ὑποϐληθῆναι,
1204 1451 1516 1522 ὁμιλοῦντος
1563 1451 1730 1524 Εἰρη-

190 1543 328 1605 ναίου,
352 1534 424 1594 ὧν
448 1539 543 1594 καὶ
585 1539 808 1609 σύνοψιν
839 1543 867 1594 ὁ
899 1541 1211 1605 Ἱππόλυτος
1253 1539 1577 1611 ποιούμενος
1610 1540 1728 1594 τόδε

187 1636 234 1688 τὸ
255 1632 437 1703 βιϐλίον
468 1631 641 1703 φησὶν
665 1632 1064 1703 συντεταχέναι.
1099 1633 1209 1705 Τὴν
1239 1633 1296 1687 δὲ
1322 1632 1520 1705 φράσιν
1554 1633 1729 1704 σαφής

187 1729 278 1780 ἐστι
306 1725 392 1778 καὶ
428 1723 759 1794 ύπόσεμνος,
795 1726 890 1778 καὶ
923 1725 1234 1796 ἁπέριττος,
1269 1727 1319 1778 εί
1346 1724 1438 1778 καὶ
1473 1723 1608 1795 πρὸς
1635 1725 1728 1777 τὸν

194 1817 402 1870 Ἀττικὸν
435 1814 511 1885 (6)
545 1817 654 1869 οὐκ
684 1816 1071 1888 ἐπιστρέφεται
1099 1816 1272 1886 λόγον.
1306 1817 1466 1886 Λέγει
1511 1816 1568 1870 δὲ
1594 1815 1728 1872 ἄλλα

183 1911 236 1982 δή
271 1927 378 1963 τινα
425 1909 525 1980 τῆς
568 1907 864 1980 ἀκριϐείας
915 1907 1230 1980 λειπόμενα,
1280 1909 1374 1962 καὶ⁵
1407 1909 1489 1961 ὅτι
1526 1906 1728 1980 ἡπρδς

194 2003 437 2075 Ἐϐραίους
474 1999 772 2072 Ἐπιστολὴ
794 2000 894 2054 ούκ
913 2000 1029 2055 ἔστι
1053 2001 1146 2055 τοῦ
1171 2001 1468 2055 ἀποστόλου
1491 2000 1722 2054 Παύλου.

183 2097 375 2164 Λέγεται
406 2096 461 2150 δὲ
487 2099 584 2152 καὶ
622 2093 780 2166 οὗτος
828 2095 1177 2170 προσομιλεῖν
1203 2094 1281 2166 τῷ
1323 2093 1436 2166 λαῷ
1466 2093 1604 2148 κατά
1647 2092 1730 2164 μί·

188 2205 318 2258 μησιν
354 2189 687 2261 Ὀριγένους,
723 2191 800 2262 (7)
835 2184 897 2245 οῦ
950 2188 1046 2243 καὶ¹
1087 2186 1322 2259 συνήθης
1358 2184 1590 2256 μάλιστα
1635 2184 1728 2236 καὶ

185 2279 375 2351 ἐραστὴς
416 2281 526 2335 τῶν
557 2283 742 2353 λόγων
768 2284 1032 2356 ὑπῆρχεν,
1059 2281 1136 2344 ὡς
1173 2281 1268 2333 καὶ
1305 2275 1724 2351 προτρέψασθαι

184 2371 310 2425 αὑτὸν
343 2370 435 2442 τὴν
455 2371 616 2426 Θείαν
649 2373 1092 2446 ύπομνηματίσαι
1123 2371 1364 2444 Γραφὴν,
1388 2368 1726 2438 ἐγκαταστή-

1829 1171 1916 1226 lus
1953 1171 2076 1225 fuit.
2114 1169 2208 1226 Est
2249 1172 2354 1225 hoc
2398 1173 2650 1228 volumen
2694 1175 2958 1230 adversus
2997 1176 3231 1232 haereses
3271 1177 3412 1232 duas

1828 1273 1884 1319 et
1930 1265 2184 1335 triginta,
2235 1263 2441 1321 iaciens
2497 1266 2712 1321 initium
2761 1283 2792 1322 a
2837 1267 3214 1335 Dositheanis,
3263 1279 3315 1323 ct
3351 1270 3409 1324 in

1827 1353 2077 1410 Noetano
2113 1371 2177 1411 ac
2205 1353 2485 1412 Noetianis
2513 1358 2790 1413 desinens.
2824 1356 3028 1412 Harum
3055 1359 3132 1413 ait
3153 1359 3412 1414 confuta-

1829 1446 2033 1501 tionem
2069 1461 2126 1501 se
2161 1449 2470 1516 suscepisse
2517 1463 2581 1502 ex
2628 1451 2978 1506 sermonibus
3019 1449 3228 1517 lremei,
3265 1468 3411 1522 quo»

1828 1551 1950 1591 rum
1992 1537 2378 1607 compendium
2413 1537 2518 1592 hoc
2547 1553 2606 1594 se
2652 1539 2792 1594 libro
2835 1540 3182 1610 complexum
3221 1540 3406 1596 refert.

1829 1626 2007 1683 Dictio
2038 1628 2325 1698 perspicua
2351 1635 2406 1682 et
2449 1628 2699 1683 nonnihil
2728 1630 2930 1701 gravis,
2966 1645 3066 1684 nec
3101 1631 3408 1697 abundans,

1827 1719 1954 1775 licet
1978 1719 2253 1775 Atticismi
2281 1721 2524 1776 rationes
2555 1735 2664 1776 non
2689 1723 2824 1777 adeo
2847 1732 3022 1778 curat.
3049 1721 3222 1777 Habet
3243 1725 3410 1780 etiam

1828 1819 1942 1866 tum
1977 1812 2083 1866 alia
2115 1812 2297 1867 minus
2326 1821 2604 1877 accurata,
2628 1822 2743 1867 tum
2769 1815 2914 1884 quod
2938 1813 3167 1868 Paulum
3195 1812 3414 1884 Episto-

1827 1903 1893 1958 las
1920 1904 1986 1957 ad
2020 1901 2282 1956 Hebraeos
2315 1911 2594 1957 auctorem
2627 1918 2751 1958 esse
2776 1913 2955 1974 negat.
2995 1903 3204 1958 Dicitur
3222 1913 3276 1958 et
3311 1905 3412 1960 ho-

1826 1995 2007 2050 milias
2046 1996 2114 2049 ad
2159 1994 2418 2065 populum
2460 1995 2718 2051 habuisse
2761 1995 3013 2068 Origenis
3067 1996 3407 2060 imitatione.

1826 2087 1986 2158 cujus
2030 2095 2086 2142 et
2129 2086 2416 2143 familiaris
2473 2089 2714 2144 maxime
2751 2097 2806 2143 et
2847 2089 3154 2145 studiorum
3198 2101 3410 2145 amator

1826 2178 2070 2246 exstitit;
2113 2179 2186 2234 ita
2221 2186 2283 2234 ut
2314 2187 2370 2235 et
2417 2179 2486 2234 ad
2527 2194 2713 2234 sacras
2749 2180 2961 2235 litteras
2999 2183 3410 2237 commentariis

1828 2271 2180 2327 illnstrandas
2204 2286 2330 2326 eum
2365 2272 2764 2343 provocaverit,
2789 2281 2843 2327 et
2867 2282 3072 2344 septem
3095 2275 3198 2344 ipsi
3220 2275 3411 2346 tachy-

1827 2364 2066 2435 graphos
2119 2363 2455 2433 totidemque
2511 2364 2876 2436 calligraphos
2927 2366 3302 2432 constituerit,
3353 2377 3411 2421 et

185 2478 260 2524 σας
295 2462 430 2533 αὐτῷ
474 2463 571 2517 καὶ
616 2464 969 2538 ὑπογραφέας
1002 2463 1143 2518 έπτά
1173 2461 1592 2534 ταχυγράφους,
1632 2458 1724 2511 καὶ

1829 2463 2145 2525 sumptuum
2191 2456 2357 2510 etiam
2399 2455 2491 2526 qui
2538 2456 2604 2511 ad
2649 2457 2752 2512 hos
2797 2458 3206 2527 requirerentur
3243 2451 3410 2513 fuerit

183 2553 358 2623 ἐτέρους
373 2553 670 2619 τοσούτους
683 2555 993 2626 γράφοντας
1009 2556 1086 2620 είς
1102 2554 1316 2618 κάλλος,
1337 2547 1411 2606 ὧν
1425 2547 1492 2623 ἦν
1513 2549 1606 2604 καὶ
1625 2549 1727 2619 τῆς

180 2647 380 2719 δαπάνης
425 2648 592 2711 αὐτὸς
636 2647 872 2720 χορηγός
891 2666 906 2680 ·
939 2649 1032 2702 καὶ
1067 2646 1239 2701 ταῦτα
1285 2641 1557 2717 ὑπηρετού
1567 2655 1726 2713 μενος

179 2737 310 2809 αὐτῷ,
343 2740 598 2795 ἀπαιτεῖν
645 2740 807 2794 αὑτὸν
853 2741 1242 2811 ἀπαραιτήτως
1275 2737 1336 2791 τὸ
1363 2737 1546 2808 ἔργον,
1572 2733 1632 2798 ἐξ
1661 2725 1723 2787 οῦ

178 2829 252 2881 καὶ
275 2827 670 2898 ἐργοδιώκτυην
698 2832 756 2884 ὲν
793 2831 892 2902 μιᾷ
919 2829 1027 2883 τῶν
1062 2827 1356 2882 ἐπιστολῶν
1391 2823 1543 2896 παρὰ
1586 2824 1728 2893 Ὠρι-

1828 2549 2108 2619 elargitor.
2148 2546 2381 2617 Haecque
2409 2563 2533 2604 cum
2559 2548 2662 2618 ipsi
2696 2549 2982 2618 praeberet,
3006 2550 3123 2606 sine
3147 2550 3410 2604 dilatione

1830 2653 1970 2709 opus
2001 2639 2171 2705 ursit;
2204 2639 2348 2693 unde
2385 2648 2439 2694 et
2467 2640 2814 2707 impulsorem
2856 2655 2982 2694 eum
3012 2625 3190 2695 suum
3221 2639 3405 2709 aliqua

1832 2728 1888 2782 in
1917 2727 2147 2797 epistola
2175 2742 2274 2781 sua
2301 2724 2561 2796 Origenes
2594 2728 2844 2798 appellat.
2895 2726 3001 2782 Sed
3044 2735 3100 2782 et
3138 2726 3252 2797 ipse
3281 2726 3406 2796 plu-

1830 2819 1971 2874 rima
1998 2818 2286 2888 scripsisse
2312 2819 2565 2874 traditur.

177 2920 331 2987 γένους
351 2921 648 2995 κληθῆναι.
701 2923 936 2977 Πλεῖστα
981 2922 1038 2976 δὲ
1071 2922 1165 2976 καὶ
1207 2915 1360 2984 οὗτος
1394 2917 1472 2990 (8)
1504 2915 1720 2984 λέγεται
1760 2910 2220 2983 συγγεγραφέναι.

1456 3033 1609 3089 Idem
1641 3030 1771 3087 ibid.
1801 3031 1918 3085 cod.
1943 3045 2070 3085 catt.

241 3155 556 3230 Ἀνεγνώσθη
612 3156 930 3212 Ἱππολύτου
963 3157 1264 3212 ἐπισκόπου
1307 3156 1405 3210 καὶ
1445 3153 1724 3226 μάρτυρος

177 3245 402 3318 ἑρμηνεία
429 3250 510 3312 εἰς
545 3249 654 3302 τὸν
685 3250 902 3323 Δανιὴλ.
937 3249 1093 3304 Κατὰ
1113 3248 1256 3316 λέξιν
1273 3248 1371 3320 μὲν
1401 3247 1462 3301 ού
1487 3249 1720 3300 ποιεῖται

177 3338 254 3409 τὴν
279 3339 593 3408 ἀνάπτυξιν,
618 3340 756 3413 πλὴν
779 3342 870 3395 τὸν
897 3341 1022 3394 νοῦν
1049 3357 1134 3412 γε,
1163 3340 1238 3403 ὡς
1272 3339 1401 3403 έπος
1431 3340 1624 3402 εἰπεῖν,
1658 3337 1722 3390 οὐ

181 3432 496 3503 παρατρέχει.
531 3432 718 3487 Πολλά
738 3432 922 3504 μέντοι
942 3431 1377 3505 ἀρχαιοτρόπως,
1402 3429 1496 3484 καὶ
1525 3429 1626 3483 οὐκ
1642 3429 1721 3493 είς

181 3521 440 3594 τδῦστερον
463 3524 878 3596 διηκριϐωμένα
899 3524 1192 3593 καταλέγει
1212 3541 1226 3555 ο
1249 3523 1364 3577 ἀλλ’
1382 3521 1604 3576 ἐκείνων
1619 3521 1719 3573 ούκ

183 3610 235 3663 ἂν
261 3612 333 3682 εἴη
347 3613 547 3678 δίκαιος
582 3613 742 3682 λόγον
757 3613 998 3684 ὑπέχειν.
1019 3615 1156 3678 Τοὺς
1172 3613 1280 3686 γὰρ
1295 3613 1468 3686 ἀρχὴν
1486 3611 1718 3682 Θεωρίας

180 3705 675 3777 καταδαλλομένους,
701 3706 762 3759 ού
799 3704 956 3777 [χρὴ]
979 3705 1132 3770 δίκας
1154 3706 1406 3760 ἀπαιτεῖν
1433 3703 1543 3757 τῶν
1577 3718 1717 3774 παρ-

181 3796 392 3863 ειμένων,
423 3768 538 3849 ἀλλ’
573 3768 1076 3868 ἀγαπᾷνῃμίάλιστα
1108 3768 1278 3868 αὐτῆς
1303 3814 1364 3850 τε
1407 3797 1505 3865 τῆς
1537 3768 1721 3849 ἐπιόο-
1744 3768 1790 3827 c

180 3883 276 3955 λῆς,
300 3887 387 3940 καὶ
418 3886 504 3958 ἐφ’
537 3888 670 3941 ὅσον
705 3886 772 3940 ἂν
803 3886 1156 3958 καταλήψεως
1186 3886 1294 3940 τῶν
1326 3886 1722 3958 διασκοπουμέ-

180 3996 265 4031 νων
289 3981 616 4051 προχωροίη.
660 3980 733 4032 Τὸ
759 3979 816 4032 δὲ
848 3979 946 4049 τὴν
976 3978 1067 4032 τοῦ
1113 3979 1478 4050 ’Δντιχρίστου
1514 3994 1722 4049 παρου-

181 4068 296 4132 σίαν,
330 4069 444 4122 καθ’
476 4071 542 4140 ἢν
571 4068 718 4140 καὶὴ
751 4065 846 4122 τοῦ
879 4067 1139 4140 αἰσθητοῦ
1171 4069 1376 4140 κόσμου
1409 4067 1561 4122 τοῦδε
1598 4085 1721 4123 συν-

179 4161 332 4215 τέλεια
355 4164 592 4226 ῖσταται,
625 4161 760 4233 μηδὲ
782 4165 895 4225 τοῖς
914 4161 1183 4234 μαθηταῖς
1204 4160 1477 4232 δεομένοις
1497 4159 1591 4214 τοῦ
1609 4161 1722 4212 Σω-

179 4253 317 4325 τῆρος
346 4254 794 4324 ἀποκαλύψαντος
813 4271 828 4286 ο
875 4250 996 4308 εἶτα
1026 4253 1188 4306 αὑτὸν
1223 4252 1424 4324 ταύτην
1460 4269 1723 4306 πεντακο-

181 4343 292 4406 σίοις
321 4345 491 4398 έτεσιν
523 4347 636 4399 ἀπὸ
659 4343 892 4415 Χριστοῦ
921 4343 1226 4416 ὑπαχθέντα
1257 4344 1718 4416 περιγράψασθαι,

179 4432 348 4487 ὡσανεὶ
375 4435 481 4488 τῶν
511 4433 622 4488 ἀπὸ
654 4433 874 4506 πρώτης
899 4433 992 4487 τοῦ
1016 4432 1222 4504 κόσμου
1260 4431 1566 4502 καταϐολῆς
1593 4431 1719 4498 ἐξα-

181 4527 424 4596 κισχιλίων
455 4527 597 4580 ἑτῶν
633 4525 1088 4596 συντελουμένων,
1122 4525 1216 4579 καὶ
1247 4523 1344 4596 τὴν
1367 4524 1608 4578 διάλυσιν
1631 4525 1722 4577 αύ-

179 4617 257 4670 τοῦ
297 4619 620 4689 ἐφεστάναι·
669 4618 828 4672 τοῦτο
873 4619 967 4672 καὶ
1005 4617 1338 4690 θερμοτέρας
1379 4615 1442 4672 ἂν
1491 4617 1576 4689 εῐη
1625 4617 1720 4670 τοῦ

181 4713 519 4783 προσήκοντος
568 4709 827 4783 γνώμης,
877 4711 972 4764 καὶ
1003 4712 1036 4783 ή
1069 4711 1340 4782 ἀπόφασις
1377 4711 1722 4784 ἀνθρωπίνης

178 4803 404 4870 ἀγνοίας,
437 4803 557 4857 ἀλλ’
607 4804 706 4856 ούκ
735 4804 1020 4868 ἐπιπνοίας
1060 4803 1160 4875 τῆς
1197 4804 1402 4859 ἀνωθεν
1433 4804 1716 4876 διελέγχει.

187 4892 241 4944 Ἦ
263 4894 452 4961 φράσις
483 4895 674 4959 αὑτοῦ,
705 4895 766 4947 τὸ
800 4894 966 4964 σαφὲς
985 4895 1066 4948 ὅτι
1101 4893 1333 4967 μάλιστα
1354 4895 1720 4965 οἰκειουμένη,

181 4985 354 5054 ⁴πρέποι
385 4987 450 5042 ἂν
486 4988 773 5061 ἑρμηνεία,
820 4989 870 5041 εί
912 4988 1160 5052 καὶτοὺς
1200 4987 1477 5052 ’Δττικοὺς
1505 4985 1581 5060 (9)
1604 4985 1722 5041 οὔτι

184 5080 306 5147 μάλα
334 5082 570 5154 θεσμοὺς
599 5083 948 5136 δυσωπεῖται.

1896 3145 2060 3203 Lecta
2111 3157 2194 3204 est
2234 3145 2507 3219 Hippolyti
2548 3144 2789 3217 episc0pi
2836 3159 2901 3199 ac
2943 3142 3202 3214 martyris
3238 3141 3408 3198 inter.

1825 3239 2058 3308 pretatio
2084 3237 2350 3303 Danielis,
2376 3253 2539 3310 quetn
2571 3238 2674 3294 etsi
2716 3237 2785 3290 ad
2830 3235 3054 3290 verbum
3087 3249 3198 3289 non
3231 3233 3407 3303 expli-

1823 3332 2280 3395 cat,sententiam
2303 3339 2586 3394 tamen,ut
2613 3331 2685 3386 ita
2717 3329 2919 3392 dicam,
2951 3343 3060 3382 non
3086 3336 3410 3397 prtetercur-

1824 3424 1918 3478 rit.
1951 3422 2120 3480 Multa
2158 3439 2322 3495 porro
2363 3424 2531 3480 veteri
2564 3439 2740 3490 more,
2779 3438 2889 3478 non
2919 3431 2982 3478 ut
3018 3431 3206 3494 postea
3252 3422 3411 3481 fuere

1825 3515 2140 3570 accuratius
2171 3531 2428 3580 excussa,
2462 3516 2829 3587 persequitur.
2862 3514 3187 3588 Quanquam
3213 3529 3406 3570 eorum

1823 3607 1975 3675 posci
2000 3607 2292 3672 rationem,
2317 3622 2530 3679 mquum
2564 3624 2672 3663 non
2695 3615 2798 3663 est.
2828 3605 3016 3678 Neque
3044 3607 3188 3662 enim
3219 3605 3303 3663 fas
3335 3606 3406 3662 ab

1825 3701 1892 3756 iis
1933 3702 2026 3771 qui
2056 3702 2408 3759 fundamenta
2449 3705 2526 3759 rei
2581 3704 2818 3780 alicujus
2851 3705 3261 3760 consideranda:
3307 3720 3408 3776 po-

1823 3792 2051 3859 suerint,
2084 3794 2349 3849 rationem
2389 3802 2634 3864 repetere
2670 3809 2858 3850 eorum
2897 3809 3020 3865 quae
3055 3795 3402 3865 praeteriere:

1821 3885 1914 3940 sed
1968 3884 2149 3941 lavere
2196 3886 2377 3956 potius
2417 3886 2636 3941 conatui
2682 3886 2818 3956 ipsi,
2854 3887 3404 3958 quantulumcunque

1821 3977 1876 4033 in
1920 3993 2104 4032 rerum
2144 3978 2684 4049 contemplandarum
2729 3978 3214 4064 comprehensione
3264 3994 3396 4049 pro-

1822 4071 2106 4127 cesserint.
2157 4071 2480 4128 Antichristi
2533 4087 2662 4126 vero
2716 4072 3040 4137 adventum,
3089 4070 3178 4126 cui
3227 4072 3395 4127 etiam

1822 4163 2169 4234 aspectabilis
2218 4163 2383 4232 hujus
2438 4163 2628 4218 mundi
2676 4163 3080 4219 consummatio
3121 4163 3393 4235 jungitur,

1821 4269 1946 4310 cum
1972 4271 2043 4310 ne
2070 4255 2353 4326 discipulis
2392 4254 2612 4325 quidem
2656 4253 2976 4325 rogantibus
3016 4254 3403 4310 manifestave-

1822 4352 1896 4406 rit
1927 4349 2197 4414 Salvator,
2230 4350 2299 4404 ab
2345 4349 2633 4421 Hippolyto
2668 4349 2864 4404 deinde
2909 4350 2974 4404 ad
3014 4350 3341 4421 quingentos
3368 4367 3400 4408 a

1823 4441 2041 4498 Christo
2058 4457 2233 4498 annos
2264 4440 2462 4497 adduci
2477 4457 2540 4497 ac
2566 4441 2968 4511 circumscribi,
2990 4445 3146 4514 quasi
3171 4461 3200 4499 a
3224 4445 3401 4514 prima

1821 4533 2010 4587 mundi
2063 4533 2455 4589 constitutione
2511 4548 2608 4588 sex
2662 4533 2903 4590 millibus
2957 4549 3224 4590 annorum
3283 4546 3400 4592 tum

1823 4625 2030 4681 exactis
2058 4625 2178 4695 ejus
2222 4625 2514 4681 dissolutio
2541 4625 2790 4693 instaret,
2837 4626 2942 4682 hoc
2978 4627 3254 4684 calidioris
3279 4630 3404 4696 qui-

1823 4717 1947 4773 dem
1981 4732 2148 4788 quam
2187 4718 2447 4786 decebat,
2483 4718 2653 4774 animi
2698 4729 2818 4785 est;
2865 4730 3030 4790 atque
3069 4722 3404 4777 asseveratio

1825 4809 1940 4864 haec
1965 4809 2262 4865 humanam
2294 4809 2658 4880 ignorantiam
2693 4810 2878 4880 potius
2913 4827 3078 4881 quam
3121 4811 3396 4869 caelestem

1827 4901 2246 4971 inspirationem
2277 4903 2481 4972 arguit.
2514 4901 2699 4958 Genus
2719 4902 2840 4972 ejus
2866 4902 3079 4960 dicendi
3107 4905 3316 4961 clarum
3343 4906 3400 4962 in

1824 4993 2016 5063 primis
2031 5008 2095 5048 ac
2117 4993 2487 5063 perspicuum,
2506 4993 3047 5066 interpretationique
3069 5011 3397 5068 congruens,

1826 5085 1954 5139 licet
1980 5100 2081 5140 nec
2109 5085 2317 5142 Atticas
2350 5086 2498 5157 leges
2537 5085 2692 5140 valde
2721 5087 2991 5156 repudiat.

238 5172 642 5246 Συνανεγνὼσθη
687 5175 850 5229 αὐτοῦ
885 5173 980 5228 καὶ
1009 5171 1195 5245 ἔτερος
1215 5171 1376 5242 λόγος
1409 5172 1537 5244 περὶ
1579 5174 1715 5244 Χρι-

1899 5175 2096 5232 Lectus
2124 5177 2367 5247 ejusdem
2399 5179 2564 5233 simul
2594 5189 2648 5233 et
2674 5178 2816 5234 alius
2846 5178 2983 5234 liber
3013 5178 3080 5234 de
3104 5178 3324 5235 Christo
3343 5187 3400 5235 et

241 5349 309 5419 (6)
343 5349 418 5404 Ex
443 5350 548 5405 hoc
571 5351 692 5406 loco
715 5358 958 5420 apparet,
981 5347 1399 5420 apndPhotium
1423 5365 1549 5404 mox
1579 5350 1720 5406 infra

181 5427 282 5475 cod.
307 5437 428 5486 ccn,
459 5422 513 5474 in
537 5423 658 5484 line,
685 5419 799 5475 non
819 5419 1240 5490 esseile’gendum
1262 5419 1378 5473 οὔτι
1403 5421 1566 5490 μάλα,
1590 5423 1718 5477 sed:

179 5491 286 5553 τοὺς
311 5491 582 5555 Ἀττικοὺς
611 5491 723 5545 δντι
753 5490 896 5561 μάλα
934 5489 1168 5560 θεσμοὺς
1198 5489 1526 5544 δυσωπεῖται
1561 5510 1574 5524 ·
1617 5493 1724 5548 nisi

181 5561 290 5626 quis
313 5571 366 5614 et
401 5562 488 5616 hic
526 5562 669 5632 legat
705 5561 1106 5632 ἀποστρέφεται
1149 5575 1267 5632 proh
1289 5562 1675 5632 ἐπιστρέφεται
1696 5603 1712 5626 ,

181 5632 308 5696 quod
356 5631 664 5701 neutiquam
703 5631 905 5702 probo,
953 5631 1104 5686 nullo
1151 5631 1340 5687 codice
1378 5631 1480 5688 ms.
1525 5631 1720 5688 Sum-a-

183 5709 342 5753 laute.
369 5700 582 5753 Fsstttc.

183 5709 342 5767 gante.
369 5709 582 5757 r‘ssntc.

245 5768 314 5838 (Ἰ)
350 5770 478 5838 Quae
517 5780 834 5845 sequuntur,
866 5771 989 5828 licet
1030 5771 1229 5829 similia
1265 5787 1330 5828 ex
1373 5773 1515 5828 male
1557 5773 1717 5836 intel:

1825 5352 1982 5425 lectis
2013 5349 2233 5425 Eusebii
2263 5367 2339 5425 vt,
2371 5351 2462 5425 25,
2499 5353 2681 5425 verbis
2709 5352 2872 5409 habet
2898 5355 3060 5408 etiam
3089 5352 3397 5425 Syncellus,

1824 5438 1878 5492 p.
1905 5424 2031 5486 558,
2055 5422 2741 5497 Ambrosio_l\lexandrino
2778 5425 3026 5497 Origenis
3062 5422 3400 5497 ἐργοδιώκτῃ

1825 5491 2296 5574 competunt,_non
2325 5491 2633 5574 Hippolyto,
2669 5502 2789 5574 uta
2829 5491 3178 5574 multi_s_viris
3217 5491 3400 5549 doctis

1819 5563 1934 5634 jam
1962 5563 2423 5636 animadversum.
2453 5563 2994 5636 Co‘nferkﬂieronymi
3021 5566 3200 5620 locum
3229 5579 3399 5635 supra

1827 5632 1980 5689 num.
2012 5635 2066 5695 3,
2103 5642 2157 5687 et
2190 5632 2330 5688 infra
2357 5650 2509 5688 num.
2539 5635 2620 5688 l4.
2650 5632 2899 5692 Ἐλελεῦ(
2979 5659 2986 5664 α

1899 5704 1976 5776 (8)
2009 5703 2329 5776 llippolytus
2360 5706 2640 5761 nimirum.

1899 5775 1978 5845 (9)
2015 5775 2222 5831 Scbott.
2259 5775 2360 5830 ὃτι.
