3966 6344
553 324 655 379 579
1758 311 2172 372 TESTIMONIA
2235 309 2570 368 VETERUM
3667 311 3755 367 580

554 436 910 498 Antichristo,
934 433 987 488 in
1011 448 1119 504 quo
1145 430 1333 488 eadem
1363 430 1579 486 dicendi
1605 428 1777 487 forma
1804 443 2040 496 servata,
2067 441 2122 486 et
2148 435 2192 490 Α
2221 425 2337 480 crto:

2237 425 2348 480 ςτοῦ
2373 429 2468 482 καὶ
2506 428 2895 501 ’Δντιχρίστου,
2953 431 3013 482 ιν
3057 421 3100 497 ᾧ
3142 393 3244 500 ἣτε
3273 427 3413 499 αὐτὴ
3455 428 3559 480 τῶν
3604 427 3756 497 λόγων

555 543 812 585 sensuum
845 524 1165 595 simplicitas
1198 537 1264 576 ac
1291 528 1553 577 vetustas.
2227 519 2337 572 ἰδέα

2237 519 2342 572 ιδέα
2373 519 2683 593 διαπρέπει,
2705 520 2873 576 καὶτὸ
2893 520 3002 574 τῶν
3029 521 3316 592 νοημάτων
3349 517 3757 591 ἁπλούστερόντι

2224 610 2320 662 καὶ
2363 609 2782 684 ἀρχαιότροπον.
2829 614 2839 625 ³

2099 738 2240 796 Xllt.

1883 852 2080 909 Suidas
2123 857 2181 910 in
2208 856 2425 915 Lexico.

631 981 971 1054 Hippolytus.
1007 978 1104 1034 Hic
1149 977 1368 1048 scripsit
1421 978 1475 1030 in
1524 975 1840 1045 prophetias
1887 973 2122 1031 Danielis
2309 979 2337 1032 Ἴ

2309 973 2676 1048 Ἱππόλυτος.
2708 975 2874 1045 Οὗτος
2918 981 3152 1054 ἔργαψεν
3205 981 3286 1045 εἰς,
3323 980 3423 1044 τάς
3451 981 3654 1052 ὁράσεις
3677 985 3755 1040 τοῦ

558 1074 1029 1134 commentarium,
1055 1080 1108 1124 et
1137 1071 1190 1123 in
1215 1067 1499 1139 proverbia
1535 1065 1865 1120 Salomonis.
2225 1072 2337 1124 Δανι

2237 1070 2421 1142 Δανιὴλ
2448 1071 2773 1146 ὑπόμνημα,
2807 1073 2901 1128 καὶ
2938 1074 3020 1138 είς
3057 1072 3155 1137 τὰς
3189 1071 3496 1142 Παροιμίας
3515 1073 3758 1147 Σολομῶν-

813 1181 816 1184 ί
2223 1174 2337 1221 τος.

2109 1256 2249 1312 XIV.

1323 1373 1576 1448 Georgius
1609 1374 1881 1446 Syncellus
1909 1376 1966 1430 in
1993 1374 2322 1446 Chronogr.,
2345 1374 2414 1429 ad
2449 1389 2575 1428 ann.
2601 1373 2727 1439 915,
2753 1390 2873 1444 pag.
2905 1372 3030 1430 358.

629 1496 946 1570 Hippolytus
975 1509 1126 1551 sacer
1145 1495 1521 1566 philosophus,
1536 1495 1734 1551 Portus
1751 1495 1982 1551 Romani
2005 1497 2124 1565 epi-
2304 1493 2337 1548 'l

2304 1493 2618 1558 Ἱππόλυτος
2649 1493 2790 1566 ἱερὸς
2815 1493 3120 1564 φιλόσοφος,
3143 1491 3448 1558 ἐπίσκοπος
3466 1493 3657 1565 Πόρτου
3679 1496 3756 1550 τοῦ

560 1606 780 1660 scopus,
817 1589 1128 1644 Christiana
1162 1587 1507 1657 philosophia
1548 1597 1834 1657 praestans,
1876 1588 2124 1657 pluribus
2221 1600 2337 1636 κατε

2237 1583 2363 1636 ιατά
2386 1584 2483 1656 τὴν
2517 1582 2756 1655 Ῥώμην,
2791 1584 2996 1656 σφόδρα
3011 1582 3334 1656 διαπρεπῶς
3355 1583 3505 1656 ἤνθει
3530 1587 3652 1657 ὲντῇ
3679 1603 3758 1640 m-

557 1681 806 1750 juvandae
840 1679 1120 1732 hominum
1151 1678 1314 1734 saluti
1347 1678 1669 1747 conscriptis
1705 1678 1857 1734 libris
1887 1678 2126 1733 celebra-
2222 1673 2293 1727 τὰ

2237 1673 2293 1727 ιά
2343 1674 2575 1745 Χριστὸν
2621 1675 2934 1746 φιλοσοφίᾳ,
2971 1675 3201 1728 πλεῖστα.
3244 1675 3536 1747 ψυχωφελῆ
3570 1677 3758 1732 συντάτ-

560 1772 739 1826 batur.
777 1770 944 1824 Editis
986 1769 1185 1839 quippe
1229 1768 1282 1821 in
1317 1783 1412 1822 sex
1453 1767 1662 1822 dierum
1696 1782 1853 1836 opus,
1889 1776 1943 1822 et
1979 1766 2034 1822 in
2059 1781 2127 1821 ea
2227 1783 2335 1820 των

2237 1783 2335 1820 των
2364 1766 2574 1838 ὑποπνή
2584 1784 2746 1838 ματα.
2782 1766 2878 1830 Εἷς
2901 1783 2960 1820 τε
2983 1768 3092 1838 γὰρ
3119 1766 3218 1838 τὴν
3241 1765 3565 1837 ὲξαήμερον,
3593 1769 3676 1821 καὶ
3693 1771 3756 1832 εις

561 1877 682 1931 quae
722 1860 927 1930 priores
976 1874 1072 1914 sex
1102 1859 1218 1912 dies
1261 1857 1384 1912 illos
1432 1866 1721 1912 consecuta
1765 1867 1920 1922 sunt,
1964 1865 2019 1912 et
2067 1857 2125 1912 in
2226 1856 2296 1910 τά
2331 1875 2337 1928 ι

2237 1856 2296 1910 τά
2331 1856 2468 1929 μετά
2511 1858 2610 1928 τὴν
2665 1857 2990 1930 ἑξαήμερον,
3041 1860 3122 1921 είς
3154 1857 3333 1912 πολλά.
3355 1874 3415 1910 τε
3444 1857 3548 1909 τῶν
3581 1874 3759 1930 προφη-

561 1952 960 2021 przecipuorum
1005 1950 1422 2020 prOphetarum,
1468 1947 1766 2004 Ezechielis
1805 1948 2040 2003 maxime
2074 1958 2128 2004 et
2226 1949 2334 2004 τῶν

2237 1949 2354 2014 τῶν,
2388 1950 2619 2020 μάλιστα
2652 1949 2910 2021 Ἰεζεκιὴλ
2939 1949 3032 2002 καὶ
3049 1949 3248 2020 Δανιὴλ
3270 1947 3382 2003 τῶν
3413 1948 3673 2019 μεγάλων,
3692 1949 3756 2003 ἔτι

561 2042 819 2109 Danielis,
835 2041 1110 2105 vaticinia,
1133 2056 1231 2095 nec
1249 2055 1354 2095 non
1374 2042 1427 2094 in
1444 2039 1687 2107 Cantica,
1711 2050 1764 2094 et
1779 2048 1987 2095 veteres
2005 2056 2130 2109 pas—
2168 2110 2191 2112 ᾗ
2235 2040 2337 2111 μὴν

2237 2040 2340 2111 μὴν
2369 2042 2448 2104 είς
2483 2041 2552 2094 τά
2587 2040 2868 2112 Ι’ᾼσματα,
2924 2041 3020 2095 καὶ
3050 2042 3129 2104 εἰς
3177 2040 3349 2104 ἄλλας
3395 2040 3636 2105 παντοίας
3674 2058 3759 2095 πα-

560 2136 665 2190 sim
701 2147 978 2204 novasque
1015 2131 1360 2200 Scripturas,
1391 2130 1820 2194 commentariis,
1848 2130 2134 2200 speciatim
2166 2110 2206 2164 Β
2235 2110 2337 2186 λαις

2237 2110 2392 2196 λαιὰς
2420 2132 2514 2186 καὶ
2539 2110 2665 2196 νέας
2695 2110 2937 2205 Γραφὰς,
2972 2133 3029 2186 ἐν
3052 2127 3133 2196 οἷς
3173 2132 3274 2186 καὶ
3302 2133 3385 2197 είς
3411 2131 3570 2204 τὴνὲν
3583 2133 3756 2203 Πάτμῳ

563 2225 618 2279 in
655 2223 883 2279 Joannis
914 2222 1147 2290 theologi
1167 2222 1221 2275 in
1249 2220 1441 2275 Patmo
1471 2220 1896 2285 Revelationem,
1917 2221 1970 2274 in
1991 2218 2135 2274 Μαι-ο
2233 2223 2326 2278 τοῦ

2237 2223 2326 2278 τοῦ
2360 2223 2606 2293 Θεολόγου
2645 2223 3004 2293 Ἀπκάλυψιν
3023 2264 3039 2288 ,
3073 2222 3212 2295 πρὸς
3243 2223 3544 2295 Μαρκίωνα
3571 2224 3756 2287 καὶτὰς

561 2316 778 2372 cionem
803 2323 858 2370 et
886 2313 1129 2383 reliquas
1160 2313 1417 2376 haereses,
1449 2320 1505 2366 et
1549 2326 1817 2365 annorum
1858 2311 2131 2366 sexdecim
2234 2315 2337 2368 λοιτ

2237 2314 2421 2378 λοιπάς
2447 2315 2705 2386 αἱρέσεις,
2733 2316 2830 2369 καὶ
2857 2315 2948 2369 τὸν
2969 2315 3353 2382 ὲξκαιδέκατον
3398 2314 3508 2387 (10)
3543 2316 3754 2388 ὲτηρικὺν

563 2407 879 2462 Paschalem
913 2407 1155 2476 regulam
1207 2405 1275 2460 ad
1317 2420 1520 2460 annum
1569 2405 1803 2474 primum
1842 2401 2141 2460 Alexandri
2234 2405 2326 2461 τοῦ

2237 2405 2326 2461 τοῦ
2353 2405 2540 2475 Πάσχα
2558 2406 2755 2460 κανόνα
2786 2405 3001 2472 ἐξέθετο
3031 2406 3383 2478 περιγράψας
3401 2406 3482 2470 είς
3505 2404 3562 2459 τὸ
3579 2405 3755 2478 πρῶτον

565 2494 860 2550 ﬂammma:
893 2495 999 2549 ﬁxo
1035 2495 1268 2549 termino
1299 2494 1553 2564 exposuit
1578 2513 1592 2548 :
1615 2500 1689 2557 et,
1718 2501 1779 2548 ut
1803 2494 1970 2547 verbo
1999 2507 2136 2547 con-
2235 2497 2337 2560 ἔτος

2237 2497 2354 2560 ἔτος
2393 2495 2742 2568 Ἀλεξάνδρου
2791 2497 2887 2551 τοῦ
2939 2498 3211 2569 Μαμμίας
3243 2496 3462 2566 τούτου,
3490 2500 3578 2553 καὶ
3607 2500 3758 2552 συντό-

563 2586 805 2650 cludam,
840 2586 977 2641 vivis
1022 2587 1332 2641 divinorum
1379 2586 1721 2655 eloquiorum
1771 2584 1987 2640 ﬂuentis
2028 2583 2133 2640 Ec--
2239 2604 2337 2658 μως

2239 2604 2353 2658 μως
2390 2587 2554 2656 φάναι
2605 2586 2905 2660 θεοφράδης
2934 2588 3192 2659 ,ποταμὸς
3234 2592 3304 2661 τῇ
3344 2588 3623 2660 Ἐκκλησία
3650 2588 3758 2655 ζών-

567 2676 789 2731 clesiam
821 2675 1074 2746 irrigans,
1109 2676 1322 2731 tandem
1347 2675 1592 2747 martyrii
1620 2690 1822 2731 corona
1849 2675 2136 2730 redimitus
2233 2693 2337 2729 των

2237 2693 2340 2729 των
2364 2676 2616 2747 ναμάτων
2647 2675 2899 2745 γέγονεν,
2933 2675 3024 2729 τὸν
3073 2674 3413 2748 μαρτυρικὺν
3451 2673 3758 2746 περιθέμενος

564 2779 668 2823 est.
704 2767 782 2822 Ex
809 2769 930 2838 ejus
960 2769 1176 2838 scriptis
1213 2768 1504 2834 occasione
1543 2775 1759 2838 sumpta
1791 2765 1980 2821 infelix
2010 2765 2135 2820 Ori-
2236 2768 2337 2822 στέι

2237 2768 2497 2838 στέφανον
2531 2767 2667 2839 πρὸς
2685 2766 2764 2838 τῷ
2788 2767 2958 2842 τέλειτ
2995 2761 3093 2820 Ἐκ
3121 2767 3315 2820 τούτου
3342 2765 3516 2821 λαϐὼν
3546 2765 3756 2834 ἀφορμὰς

565 2874 730 2931 genes
783 2860 954 2916 libros
1000 2875 1172 2915 sacrae
1211 2858 1504 2928 Scriptum
1539 2858 1887 2929 quamplures
1921 2861 2136 2928 (horta-
2249 2860 2337 2931 Ὠρ

2249 2858 2529 2931 Ὧριγένης
2574 2859 2603 2912 ὁ
2640 2858 2808 2922 τάλας
2862 2858 3379 2930 ὺπερεμνημάτισεν
3429 2857 3622 2912 πολλῶν
3673 2854 3754 2908 τῶν

563 2962 684 3008 tore
719 2961 774 3009 et
815 2960 1065 3021 sumptus
1108 2951 1446 3007 necessarios
1489 2951 1838 3021 notariosque
1905 2958 2135 3020 septem,
2235 2955 2337 3026 Γρο

2237 2953 2490 3026 Γραφῶν,
2530 2951 2853 3024 ’Δμσροσίου
2888 2950 3288 3023 παρορμῶντος
3324 2949 3486 3004 αὐτὸν
3511 2952 3584 3012 εἰς
3602 2947 3754 3008 τοῦτο,

569 3043 695 3098 aliis
722 3051 848 3112 post
880 3042 1019 3096 alios
1050 3056 1227 3112 operae
1253 3041 1692 3107 succedentibus,
1721 3051 1773 3096 et
1801 3042 1948 3096 viros
1973 3057 2138 3098 accu-
2237 3045 2333 3098 καὶ

2237 3045 2333 3098 καὶ
2386 3042 2746 3115 χορηγοῦντος
2788 3041 3090 3112 ἀναγκαίας
3117 3059 3178 3094 τε
3213 3043 3404 3115 χρείας
3431 3040 3655 3110 ἀφθόνως
3683 3037 3755 3089 καὶ

566 3135 792 3188 ratioris
817 3133 1155 3188 characteris
1183 3133 1410 3202 peritos,
1435 3147 1544 3187 una
1573 3147 1698 3188 cum
1732 3135 1928 3204 puellis
1947 3135 2135 3189 eadem
2234 3150 2337 3204 ταχ

2237 3133 2620 3204 ταχυγράφους
2665 3131 2804 3184 ἑπτὰ
2860 3131 3234 3203 παριστῶντος
3269 3132 3581 3204 ἀμείϐοντας
3620 3128 3743 3196 ἀλλή-

564 3222 822 3291 pingendi
854 3231 970 3276 arte
996 3221 1408 3291 praestantibus,
1439 3236 1506 3275 ex
1541 3223 1737 3276 throno
1763 3222 1990 3277 dictanti
2024 3223 2137 3277 lar-
2234 3223 2337 3277 λουι

2237 3223 2358 3287 λους
2392 3220 2781 3295 ὑπαγορεύοντι
2827 3221 2920 3274 καὶ
2960 3221 3362 3295 καλλιγράφους
3404 3221 3637 3283 τελείους,
3662 3217 3753 3287 ἅμα

571 3316 710 3386 giter
737 3314 1191 3370 subministrante
1215 3316 1524 3382 Ambrosio,
1557 3326 1612 3372 et
1637 3331 1759 3386 qua:
1789 3317 1856 3372 ad
1895 3317 2137 3371 scriben-
2235 3315 2336 3386 κόρ

2237 3315 2427 3386 κόραις
2457 3313 2799 3384 ἡσκημέναις
2851 3311 3102 3383 γράφειν,
3151 3314 3361 3383 ἄφατόν
3409 3331 3467 3367 τε
3496 3307 3753 3384 προθυμίαν

565 3407 698 3462 dum
727 3405 934 3460 cierent
979 3407 1221 3461 animum
1265 3407 1425 3476 plena
1466 3422 1632 3463 manu
1673 3407 1969 3479 praebente)
2021 3407 2136 3464 suis
2164 3439 2206 3496 ο
2237 3406 2336 3458 αὐτ

2237 3404 2384 3476 αὑτῷ
2412 3405 2737 3477 παρέχοντος
2765 3404 2845 3469 είς
2875 3405 2936 3459 τὸ
2966 3404 3302 3460 συντάττειν.

566 3495 1039 3552 lucubrationibus
1068 3497 1382 3554 illustravit.

2016 3609 2165 3666 Idem
2203 3610 2332 3665 ibid.

635 3725 761 3784 Haec
789 3742 897 3782 non
927 3727 1146 3798 proprio
1179 3727 1350 3784 Marte
1379 3729 1718 3800 collegimus,
1750 3733 1847 3785 sed
1885 3744 1952 3785 ex
1983 3729 2128 3784 beati
2301 3727 2337 3779 Ἰ

2301 3724 2485 3779 Ταῦτα
2516 3724 2616 3778 οὐκ
2641 3723 2733 3792 ἀφ’
2765 3721 2972 3778 ἑαυτῶν
3006 3722 3434 3796 συντετάχαμεν,
3460 3722 3566 3777 ἀλλ’
3597 3714 3753 3772 ἐκτῶν

565 3819 797 3890 apostoli
827 3827 881 3873 et
908 3817 1104 3873 Portus
1133 3819 1363 3874 Romani
1397 3821 1812 3891 archiepiscopi,
1845 3822 2130 3890 sanctique
2231 3833 2337 3886 παρ

2237 3817 2582 3886 παραδόσεων
2637 3814 2732 3868 τοῦ
2801 3815 3068 3888 μακαρίου
3139 3817 3438 3870 ἀποστόλου
3499 3813 3586 3868 καὶ
3630 3813 3753 3880 ἀρχι-

568 3911 820 3982 martyris
856 3909 1162 3982 Hippolyti,
1188 3921 1242 3966 et
1271 3911 1469 3967 Aniani
1505 3913 1898 3984 religiosissimi
1941 3927 2133 3967 mona-
2232 3912 2337 3964 ὲπιι

2237 3909 2529 3964 ἐπισκόπου
2560 3907 2815 3980 [Πόρτου]
2849 3908 3065 3980 Ῥώμης
3089 3909 3404 3963 Ἱππολύτου
3435 3900 3752 3976 καίἱερομὰρπ

568 4002 681 4069 chi,
711 4003 805 4073 qui
839 4003 1052 4074 cyclum
1087 4018 1142 4056 ιιι
1177 4001 1490 4058 Paschalem
1532 4019 1800 4058 annorum
1831 4005 1936 4059 552
1971 4003 2132 4058 scho-
2234 4018 2337 4072 τυρ

2237 4018 2298 4055 τυ
2307 4018 2419 4072 ρος,
2446 3998 2684 4053 Ἀνιανοῦ
2711 4017 2772 4053 τε
2800 3998 2897 4053 τοῦ
2935 4000 3229 4055 ὁσιωτάτου
3263 3999 3512 4074 μοναχοῦ,
3542 3994 3625 4050 τοῦ
3647 4009 3747 4046 συν-

569 4092 658 4148 liis
698 4094 1026 4148 illustratum
1063 4094 1460 4150 studiosissime
1503 4093 1760 4164 digessit,
1809 4101 1865 4148 et
1911 4092 2131 4148 Maximi
2237 4092 2337 4157 τάξ

2237 4092 2494 4157 τάξαντος
2548 4091 2744 4145 κύκλον
2799 4097 2869 4144 ια’
2921 4093 3283 4164 πασχουάλιον
3339 4090 3457 4163 φὶβθ
3493 4088 3616 4143 ἐτῶν
3659 4085 3749 4154 ἅμα

572 4184 910 4240 sanctissimi
942 4185 1196 4239 monachi
1242 4194 1297 4238 et
1336 4184 1582 4254 praeclari
1623 4183 1961 4254 philOSOphi,
2004 4197 2136 4237 con-
2241 4202 2337 4255 σχο

2241 4183 2472 4255 σχολίοις
2505 4183 2785 4254 ἀκριϐέσι,
2823 4183 2918 4237 καὶ
2956 4183 3207 4255 Μαξίμου
3241 4183 3337 4239 τοῦ
3371 4180 3646 4251 ἀγιωτάτου
3670 4189 3747 4244 μοι

571 4276 798 4332 fessoris
826 4285 880 4331 et
903 4276 1086 4348 magni
1114 4276 1369 4333 Ecclesiae
1393 4275 1657 4342 doctoris,
1676 4275 2060 4331 monumentis.
2238 4291 2337 4346 ναχ

2238 4273 2402 4346 ναχοῦ
2423 4275 2516 4327 καὶ
2538 4273 2828 4344 φιλοσόφου
2853 4275 3108 4346 μεγάλου,
3129 4273 3477 4348 όμολογτγιοῦ,
3508 4270 3592 4324 καὶ
3613 4263 3748 4339 μεγὰ-

2239 4362 2334 4418 λου
2367 4363 2682 4418 διδασκάλου
2715 4362 2815 4435 τῆς
2853 4363 3198 4432 Ἐκκλησίας.

2129 4478 2246 4535 XV.

1134 4573 1365 4632 Joannes
1394 4573 1632 4631 Zonaras
1655 4577 1710 4629 in
1731 4575 1986 4631 Annalib.
2013 4583 2141 4629 tam.
2175 4574 2217 4639 Ι,
2253 4591 2376 4645 pag.
2399 4573 2504 4629 626
2529 4574 2659 4629 edit.
2687 4573 2888 4642 Paris.,
2909 4574 3014 4630 468
3049 4573 3227 4631 Venet.

643 4691 758 4749 Sub
781 4692 1004 4748 Urbano
1026 4691 1274 4748 Romano
1298 4695 1574 4764 episcopo,
1603 4694 1766 4748 etiam
1794 4692 2132 4764 Hippolytus,
2167 4695 2211 4751 D
2310 4693 2337 4744 Ἰ

2310 4692 2444 4745 Τότε
2495 4691 2770 4763 Οὐρϐανοῦ
2801 4692 2902 4761 τῆς
2927 4692 3231 4763 ἐπισκοπῆς
3265 4691 3364 4762 τῆς
3395 4682 3652 4756 Ῥωμαίων

569 4785 654 4839 vir
699 4786 1079 4841 sanctissimus
1129 4794 1186 4842 et
1225 4787 1609 4853 doctissimus,
1652 4785 1884 4841 Romani
1939 4785 2134 4841 Portus
2237 4783 2337 4836 λεω

2237 4783 2373 4847 λεως
2403 4782 2760 4855 προεστῶτος,
2789 4783 2883 4836 καὶ
2929 4782 3239 4846 Ἱππόλυτος
3263 4782 3430 4855 ἣνθει,
3465 4776 3592 4846 ἀνὴρ
3613 4763 3742 4839 ἱερώ-

569 4876 856 4946 episcopus
904 4876 1118 4942 ﬂoruit,
1162 4879 1255 4949 qui
1307 4879 1364 4934 in
1403 4879 1572 4935 multa
1620 4893 1792 4936 sacrae
1839 4877 2134 4950 Scriptura;
2236 4890 2337 4927 τατ

2237 4890 2396 4938 τατος
2438 4875 2532 4927 καὶ
2565 4873 2903 4944 σοφώτατος,
2937 4874 3232 4938 ἐπίσκοπος
3277 4872 3369 4928 τοῦ
3409 4866 3538 4924 κατὰ
3566 4859 3742 4927 Ῥώμην

571 4970 992 5025 commentarios
1025 4971 1368 5042 conscripsit.
2239 4965 2337 5036 Πὸε

2239 4965 2442 5036 Πόρτου
2473 4964 2780 5035 γενόμενος,
2805 4964 2862 5029 ὃς
2880 4965 2974 5019 καὶ
2998 4965 3165 5018 πολλά
3209 4963 3591 5035 συγγράμματα
3618 4959 3743 5002 συνε⁰

2237 5056 2513 5126 γράψοιτο,
2544 5056 2776 5128 διάφορα
2804 5057 2903 5126 τῆς
2935 5056 3086 5120 Θείας
3111 5057 3331 5129 Γμφῆς
3367 5044 3737 5127 ἐξηγησάμενος-

2102 5192 2242 5249 XVI.

1473 5334 1798 5406 Nicephorus
1828 5335 2080 5390 Callistus
2111 5334 2249 5389 Hist.
2278 5333 2411 5387 ccci.
2442 5331 2533 5386 lib.
2559 5347 2633 5399 IV,
2658 5349 2774 5402 cap.
2807 5332 2894 5388 5!.

642 5427 1000 5500 Temporibus
1032 5428 1215 5484 Severi
1239 5428 1563 5501 Hippolytus
1584 5399 1769 5495 etiam,
1796 5428 1995 5486 Portus
2019 5429 2127 5484 Ro-
2303 5429 2337 5481 Ἰ

2303 5429 2429 5490 Τοῖς
2476 5427 2534 5480 δὲ
2567 5399 2978 5500 κατάνΣεύηρον
3005 5427 3246 5500 χρόνοις,
3278 5424 3366 5480 καὶ
3417 5399 3733 5501 ’ῐππόλυτῖςδ

572 5519 722 5572 mani
768 5493 1090 5589 episcopus,
1140 5493 1375 5573 ﬂoruit}
1421 5493 1512 5590 ciui
1563 5535 1687 5576 cum
1734 5493 1837 5574 alia
1890 5517 2127 5590 plurima
2232 5519 2337 5590 Πόρ

2237 5519 2441 5590 Πόρτου
2485 5519 2585 5589 τῆς
2627 5517 2842 5591 Ῥώμης
2867 5493 3180 5584 inimicm;
3226 5513 3480 5590 γεγονὼς,
3516 5493 3734 5575 “ﬁt”

641 5695 684 5762 (l
697 5694 752 5764 0)
781 5693 1369 5769 Ἐκκαιδεκαετηρικόν.
