3966 6344
188 370 273 425 58!
1433 369 1528 425 DE
1560 369 1617 425 S.
1658 366 2067 425 HlPPOLYTO.
3277 363 3385 423 582

187 482 261 553 ἦν.
285 484 385 537 Καὶ
422 482 484 551 δὴ
511 480 719 536 πολλῶν
750 482 1153 555 ὑπομνημάτων
1183 486 1417 551 συνετῶς
1443 487 1589 559 αὐτῷ
1616 505 1707 557 γε·
1734 498 1753 550 1

1816 488 2010 558 scripta
2040 486 2338 558 prudenter
2373 493 2427 539 et
2458 485 2619 539 docte
2647 485 2834 550 edidit,
2868 493 2982 540 tum
3017 485 3084 541 de
3115 484 3382 541 Paschate

191 577 510 647 γραμμένων,
545 578 639 628 καὶ
676 574 738 628 τὸ
780 575 911 646 περὶ⁵
940 576 1034 628 τοῦ
1067 577 1261 648 Πάσχα
1293 578 1563 634 ἐκτίθεται
1590 581 1719 651 σύγ-

1818 581 2016 634 librum
2050 578 2385 648 composuit,
2431 577 2485 631 in
2523 591 2633 647 quo
2670 578 3029 648 descriptione
3078 586 3384 649 temporum

192 685 394 738 γράμμα
413 684 426 696 ο
482 667 543 719 ὲν
596 659 638 735 ᾧ
668 666 774 719 τῶν
813 666 1019 737 χρόνων
1048 667 1365 739 ἀναγραφὴν
1395 668 1716 740 ἐκθέμενος,

1818 677 1873 724 et
1894 669 2061 722 veluti
2096 668 2357 722 fastorum
2398 667 2572 734 initio,
2606 676 2661 721 et
2698 682 2906 722 canone
2950 683 3217 723 annorum
3262 685 3384 725 sex-

193 759 266 813 καί
289 774 397 811 τινα
428 758 627 811 κανόνα
650 756 1182 827 ὲκκαιδεκαετηρίδος
1220 760 1349 830 περὶ
1396 759 1489 812 τοῦ
1527 760 1719 831 Πάσχα

1819 758 1991 813 decim
2029 759 2095 812 de
2134 756 2399 812 Pascbate
2436 758 2743 827 proposito,
2776 759 3041 812 rationem
3077 770 3382 830 temporum

192 850 410 921 προθεὶς,
436 849 529 901 ἐπὶ
554 849 615 902 τὸ
638 848 850 920 πρῶτον
903 849 1021 912 ἔτος
1064 849 1408 922 Ἀλεξάνδρου
1452 852 1719 923 περιγρά-

1821 864 1994 918 usque
2023 849 2087 903 ad
2116 850 2351 919 primum
2396 863 2599 901 annum
2636 847 2925 902 Alexandri
2960 849 3196 904 deducit.
3225 850 3387 906 Cata-

191 961 264 1012 φει
300 942 415 1004 τοὺς
462 940 702 1012 χρόνους.
739 940 819 995 Τά
867 958 932 1010 γε
973 941 1077 1013 μὴν
1110 940 1273 996 αὑτοῦ
1323 942 1721 1014 συγγράμματα

1822 939 1976 1008 logus
2008 938 2269 991 librorum
2312 936 2429 1005 ejus
2465 934 2545 989 sic
2585 935 2784 989 habet:
2828 934 2988 989 Liber
3018 937 3070 989 in
3102 937 3388 992 bexaeme-

192 1034 339 1088 ταῦτά
376 1035 508 1085 είσι·
554 1031 765 1084 Βιϐλίον
808 1032 889 1095 είς
919 1032 1014 1102 τὴν
1060 1030 1391 1104 ὲξαὴμερον·
1426 1033 1611 1104 ἕτερον
1642 1036 1721 1098 είς

1820 1044 1942 1091 ron,
1972 1038 2024 1082 et
2052 1029 2190 1082 alter
2217 1035 2342 1097 post
2370 1029 2768 1092 hexaemeron;
2802 1025 3154 1081 refutatorius
3196 1038 3384 1083 contra

192 1125 246 1176 τὰ
270 1123 389 1194 μετά
412 1123 512 1193 τὴν
540 1122 844 1193 ἐξαήμερον
864 1135 877 1150 ⁸
910 1122 1289 1193 ἀπιρῤητικδς
1312 1122 1445 1195 πρὸς
1462 1124 1723 1196 Μαρκίω-

1820 1118 2190 1186 Marcionem;
2234 1120 2291 1173 in
2337 1118 2621 1173 Canticum
2674 1118 3047 1185 canticorum;
3095 1120 3148 1173 in
3204 1132 3386 1191 partes

191 1233 272 1269 να·
291 1217 363 1279 είς
396 1214 455 1268 τὸ
474 1211 671 1285 τᾼσμα
700 1214 807 1267 τῶν
838 1215 1113 1285 ᾲσμάτωψ
1152 1217 1231 1279 είς
1260 1216 1400 1287 μέρη
1429 1214 1522 1269 τοῦ
1567 1216 1723 1281 Ἰεζε-

1824 1207 2153 1273 Ezechielis;
2192 1209 2257 1262 de
2290 1206 2587 1271 Paschate;
2619 1221 2757 1277 opus
2802 1216 2990 1261 contra
3020 1208 3249 1265 bmreses
3270 1226 3390 1266 om-

192 1308 320 1378 κιήλ·
360 1305 485 1377 περὶ
517 1304 614 1359 τοῦ
641 1306 867 1376 Πάσχα’
912 1304 1196 1377 σύνταγμα
1248 1306 1382 1379 πρὸς
1413 1306 1591 1371 πάσας
1622 1307 1720 1373 τὰς

1823 1313 1941 1363 nes,
1975 1297 2137 1368 longe
2165 1298 2513 1353 utilissimum
2536 1315 2550 1359 ;
2574 1297 2640 1351 de
2669 1298 2897 1352 adventu
2928 1298 3245 1356 Antichristi
3271 1344 3286 1368 ,
3318 1304 3386 1358 de

193 1401 390 1473 αἱρέσεις
427 1399 891 1470 βιωφελέστατονο
939 1400 1069 1472 περὶ
1122 1400 1219 1470 τῆς
1277 1400 1576 1471 παρουσίας
1626 1399 1720 1454 τοῦ

1822 1391 2241 1455 resurrectione,
2284 1400 2337 1444 et
2384 1390 2489 1443 alia
2539 1389 2800 1459 plurima;
2846 1390 2901 1443 in
2938 1389 3280 1459 Zachariam,
3321 1395 3388 1448 de

202 1492 565 1563 ‘Avrtxptccou-
596 1491 729 1563 περὶ
766 1491 1112 1555 ἀναστάσεως
1131 1508 1143 1522 ⁸
1175 1492 1266 1545 καὶ
1296 1491 1427 1546 ἀλλα
1460 1492 1717 1547 πλεῖστα·

1822 1480 2085 1545 Psalmis,
2117 1482 2169 1535 in
2208 1481 2455 1547 Esaiam,
2490 1481 2544 1536 in
2587 1480 2891 1548 Danielem,
2920 1482 2987 1536 de
3024 1483 3386 1557 Apocalypsi,

192 1589 256 1649 είς
294 1582 583 1655 Ζαχαρίαν·
634 1583 759 1653 περὶ
796 1583 1040 1655 Ψαλμῶν
1066 1600 1080 1613 ⁸
1117 1584 1198 1648 είς
1232 1584 1323 1637 τὸν
1360 1584 1613 1638 Ἡσαΐαν⁵
1643 1587 1723 1649 είς

1823 1572 1889 1628 de
1915 1572 2243 1638 Proverbiis,
2270 1574 2336 1627 de
2367 1572 2495 1627 Saul
2523 1580 2575 1627 et
2598 1571 2874 1643 Pythone,
2908 1576 2974 1629 de
3004 1576 3258 1632 laudibus
3282 1577 3389 1633 Do-

192 1679 264 1730 τδν
286 1676 505 1746 Δανιήλίο
545 1676 680 1748 περὶ
722 1675 1137 1746 Ἀποκαλύψεως
1156 1694 1168 1706 ·
1206 1677 1335 1748 περὶ
1366 1676 1683 1748 Παροιμιῶν
1705 1694 1718 1709 ·

1823 1666 1957 1723 mini
1986 1667 2157 1720 nostri
2198 1665 2324 1721 Jesu
2355 1665 2583 1730 Christi,
2626 1669 2679 1719 in
2724 1668 2923 1735 quibus
2964 1677 3230 1738 praesente
3267 1667 3389 1723 Ori-

193 1767 295 1840 rsz
334 1767 499 1820 Σαοὺλ
546 1766 648 1820 καὶ
692 1765 977 1829 Πύθωνος’
1026 1766 1153 1837 περὶ
1200 1768 1433 1822 ἐπαίνων
1472 1768 1566 1821 τοῦ
1607 1770 1722 1822 Κυ-

1823 1772 1957 1828 gene
1983 1772 2289 1813 sermonem
2315 1757 2529 1811 habuit.
2559 1754 2815 1821 Quazdam
2846 1773 3011 1827 porro
3036 1759 3235 1829 scripta
3270 1760 3389 1829 ejus

192 1852 286 1932 pica
311 1858 456 1930 ἡμῶν
498 1857 679 1929 Ἰησοῦ
716 1856 951 1929 Χριστοῦ
973 1875 986 1889 ο
1044 1859 1101 1910 ἐν
1138 1853 1219 1923 οἷς
1279 1860 1544 1931 παρόντος
1584 1860 1726 1931 Ὠρι-

1823 1864 1947 1903 cum
2003 1848 2425 1918 reprehensione
2464 1863 2573 1901 non
2609 1857 2859 1914 careant,
2904 1852 3163 1921 martyrio
3203 1860 3388 1919 postca

192 1952 347 2018 γένους
365 1949 632 2022 ὡμίλησε.
667 1949 799 2002 Τινά
825 1948 881 2002 δὲ
913 1947 1020 2002 τῶν
1058 1951 1499 2020 συγγραμμάτων
1539 1948 1727 2021 ἐπιλή-

1824 1954 1919 2009 pro
1953 1936 2157 1993 Christi
2194 1938 2411 1994 nomine
2449 1940 2722 2004 absoluto,
2761 1939 3081 2008 ignorantiae
3118 1942 3237 2011 ejus
3273 1959 3390 1997 ma-

191 2044 309 2112 ψιμα
339 2042 503 2112 ἔχων,
552 2040 639 2111 τῷ
672 2040 816 2111 ὑπὲρ
842 2040 1079 2111 Χριστοῦ
1115 2040 1398 2112 μαρτυρίῳ
1427 2040 1564 2111 μετὰ
1595 2041 1725 2094 ταῦ-

1823 2028 2001 2084 culam
2036 2029 2255 2084 detrivit
2281 2039 2445 2099 atque
2472 2029 2715 2085 detersit.
2745 2028 2899 2084 Unde
2927 2027 3210 2101 Origenem
3237 2032 3389 2087 aiunt

193 2129 550 2193 τατελειωθεὶς
570 2170 586 2194 ,
620 2130 710 2184 τὸν
746 2130 844 2199 τῆς
878 2128 1099 2197 ἀγνοίας
1147 2129 1480 2201 ἀπετρίψατο
1514 2129 1721 2200 μῶμον.

1824 2120 2038 2174 initium
2069 2120 2586 2176 commentariorum
2622 2121 2676 2175 in
2709 2135 2894 2175 sacras
2926 2119 3231 2192 Scripturas
3256 2124 3390 2178 scri-

202 2222 273 2288 Ἐξ
315 2216 382 2275 ὧν
412 2238 571 2291 φασι,
608 2220 704 2275 καὶ
746 2220 1027 2292 Ὠριγένην
1075 2220 1249 2292 ἀρχὴν
1288 2220 1576 2292 ἐσχηκέναι
1602 2222 1768 2285 ταῖς]

1500 2238 1576 2274 ναι
1602 2222 1723 2285 ταῖς
1752 2228 1795 2284 Β
1823 2212 2122 2268 bendorum
2149 2213 2469 2285 sumpsisse.
2504 2212 2628 2269 Haec
2660 2214 2727 2268 de
2758 2212 3066 2284 Hippolyto.

195 2311 332 2376 θείαις
375 2310 689 2365 ἐπιϐάλλειν
728 2309 990 2380 Γραφαῖς.
1015 2308 1264 2365 Τοσαῦτα
1295 2310 1353 2365 δὲ
1386 2311 1479 2364 καὶ
1512 2309 1581 2363 τὰ
1622 2310 1727 2365 Ἱπ-

197 2402 408 2456 τωλύτου.

1696 2539 1860 2596 XVII.

197 2654 362 2707 Auctor
384 2670 682 2725 anonymus
705 2653 759 2708 in
789 2649 967 2707 Serm.
997 2651 1064 2710 de
1100 2612 1623 2725 psteudopt'oph_<_etis1
1630 2652 1696 2706 In
1736 2653 1973 2725 Append.
2010 2652 2232 2725 adAtom.
2259 2650 2377 2707 VIII
2420 2652 2555 2723 Opp.
2608 2650 2668 2709 S.
2718 2652 2943 2709 Joannis
2987 2652 3348 2725 Chrysostomi
3370 2697 3390 2718 ,

1313 2720 1434 2791 pag.
1476 2721 1563 2786 79,
1590 2720 1677 2787 8.,
1700 2720 1896 2778 nobisa.
1915 2724 2042 2778 edit.
2067 2720 2247 2777 Paris.

252 2838 345 2892 Ποῦ
384 2837 648 2900 Εΰόδιος,
699 2835 735 2909 ὴ
779 2832 977 2891 εὐωδία
1010 2832 1108 2905 τῆς
1141 2831 1463 2903 Ἐκκλησίας
1495 2832 1587 2886 καὶ
1618 2830 1729 2886 τῶν

1905 2833 2008 2890 Ubi
2036 2843 2118 2889 est
2147 2831 2406 2898 Evodius,
2434 2832 2613 2890 bonus
2650 2835 2786 2891 odor
2813 2836 3065 2891 Ecclesiae
3092 2844 3146 2891 et
3177 2846 3392 2895 sancto-

192 2930 335 2999 ἁγίων
358 2930 673 2984 ἀποστόλων
699 2926 937 2997 διάδοχος
972 2926 1067 2979 καὶ
1097 2923 1367 2996 μιμητής;
1406 2922 1517 2977 Ποῦ
1561 2923 1731 2993 Ἰγνά-

1831 2942 1955 2982 runt
1983 2927 2350 2997 apostolorum
2380 2943 2685 2992 successor,
2714 2937 2769 2983 et
2800 2928 3075 2984 imitator?
3106 2928 3205 2984 Ubi
3231 2931 3391 2999 lgna--

194 3039 311 3088 τως,
340 3024 397 3078 τὸ
422 3016 514 3078 τοῦ
544 3021 690 3077 Θεοῦ
736 3020 1078 3092 οἱκητήριον;
1116 3017 1224 3071 Ποῦ
1262 3019 1290 3070 ὁ
1320 3017 1587 3081 Διονύσιος
1606 3057 1622 3082 ,
1670 3016 1730 3071 τὸ

1832 3020 1961 3083 tius,
1987 3019 2080 3075 Dei
2110 3019 2482 3075 domicilium?
2507 3019 2603 3074 Ubi
2632 3020 2941 3092 Dionysius,
2975 3023 3211 3077 volucris
3236 3022 3396 3080 cmli?

196 3114 404 3169 πετεινδν
446 3113 540 3167 τοῦ
559 3110 828 3185 σούρανοῦ;
860 3108 970 3163 Ποῦ
1011 3108 1322 3171 Ἱππόλυτος
1346 3107 1373 3159 ὁ
1397 3106 1729 3177 γλυκύτατος

1689 3123 1729 3171 ις
1834 3111 1939 3168 Ubi
1967 3112 2289 3185 Hippolytus
2319 3112 2668 3168 dulcissimus
2706 3121 2761 3169 et
2797 3114 3255 3185 benignissimus?

198 3210 273 3260 καὶ
299 3208 647 3269 εὐνούστατος
666 3222 682 3271 ;

1679 3330 1865 3388 XVIII.

346 3457 541 3510 Auctor
574 3452 794 3510 Catenae
830 3451 1054 3507 Patrum
1087 3450 1397 3506 Graecorum
1441 3449 1497 3504 in
1517 3447 1762 3504 Ieremia:
1798 3465 1934 3516 xvu,
1982 3449 2071 3517 Η,
2102 3458 2228 3505 tom.
2258 3447 2302 3504 li
2338 3450 2466 3506 edit.
2511 3450 2876 3516 Gltislcriamz,
2920 3470 3042 3524 pag.
3077 3453 3201 3509 449.

256 3571 352 3641 (ii)
382 3572 490 3627 Τοῦ
510 3569 690 3641 ἁγίου
723 3570 1089 3625 Ἱππολύτου.
1114 3569 1187 3623 Οὐ
1214 3568 1387 3641 μάτην
1412 3570 1441 3622 ό
1466 3570 1745 3643 προφήτης

1922 3569 2106 3625 Sancti
2149 3570 2441 3642 Hippolyti.
2484 3570 2601 3627 Non
2654 3571 2851 3628 frustra
2901 3573 3013 3629 haec
3060 3573 3272 3630 locutus
3311 3578 3398 3631 est

199 3664 480 3735 ἀπεφήνατο
506 3662 575 3717 τὸ
608 3662 792 3735 ῥητόν,
819 3681 874 3718 κ.
905 3678 958 3717 τ’.
984 3665 1043 3716 .1.

683 3662 792 3725 τόν,
819 3681 874 3718 κ.
905 3678 958 3717 τ’.
984 3665 1043 3716 .1.
1832 3658 2124 3732 Propheta,
2151 3671 2249 3716 etc.

275 3822 376 3893 (Η)
424 3821 610 3879 Locus
653 3819 970 3892 desumptus
1012 3836 1076 3875 ex
1126 3819 1266 3876 libro
1306 3818 1371 3875 de
1416 3818 1761 3887 Amic/irino,
1793 3832 1912 3890 cap.
1951 3817 2042 3874 55.
