3966 6344
494 318 593 378 591

1373 319 1428 373 S.
1471 317 1832 374 lllPl’OLYTl
1864 316 2014 372 OPP.
2056 315 2234 371 PARS
2263 317 2299 370 1.
2341 346 2410 356 -
2446 315 2851 371 EXEGETICA.
3620 311 3761 366 592'

493 452 763 515 quatenus
788 443 957 513 ipsius
980 442 1123 498 dicta
1146 442 1327 496 lumen
1356 441 1587 496 aderunt
1616 442 1684 496 iis
1710 441 1802 511 qui
1828 440 2052 496 credunt

2160 438 2519 509 λαμϐάνομεν,
2546 436 2630 490 ὃτι
2664 436 2733 490 τά
2761 436 2979 507 ῥήματα
3012 430 3174 487 αὐτοῦ
3206 430 3445 502 φωτεινὰ
3486 430 3731 499 γίνονται

491 552 549 592 In
577 551 700 592 eum
710 578 722 590 .

562 629 731 684 Juxta
759 643 904 682 mare
940 626 1302 682 habitaturum
1334 623 1575 678 Zabulon
1626 624 1755 679 dum
1790 624 1884 687 ait,
1921 623 2055 679 vici-

493 737 618 776 nam
650 720 787 776 mari
819 720 1089 790 regionem
1122 718 1224 787 ipsi
1262 715 1525 787 pmdieit,
1553 724 1608 772 et
1632 716 1776 786 quod
1805 716 2056 785 gentibus

494 816 566 870 sit
598 813 1007 885 permiseendus
1036 811 1220 873 lsracl,
1272 809 1540 879 amboque
1580 807 1766 879 populi
1799 808 1855 861 in
1883 822 2054 862 unum

493 922 707 976 gregem
738 904 1059 961 adducendi.
1090 902 1443 971 Perspicuum
1474 900 1621 957 enim
1646 899 1777 955 illud
1799 899 1854 954 in
1874 897 2053 954 Evan-

492 998 631 1068 gelio
664 1016 678 1051 :
716 996 873 1052 Terra
899 994 1155 1058 Zabulon,
1187 1003 1234 1047 et
1257 1003 1395 1047 terra
1432 991 1829 1062 Nephtltalim",
1851 1000 1905 1046 et
1935 1006 2056 1061 qua:

492 1095 810 1155 sequuntur.
844 1086 1062 1140 Plenius
1091 1098 1219 1140 vero
1262 1085 1528 1153 intelliges
1572 1092 1802 1153 utraque
1853 1091 2053 1137 terram

493 1186 545 1232 et
568 1192 717 1237 mare
745 1176 957 1232 abunde
995 1176 1394 1246 suppeditatum
1426 1176 1513 1228 iri.
1546 1173 1611 1227 Et
1636 1175 1744 1243 ipse
1774 1190 1921 1226 secus
1961 1188 2053 1226 ac-

490 1285 693 1324 cessum
726 1269 966 1330 navium;
998 1268 1102 1322 hoc
1128 1276 1211 1321 est
1238 1276 1496 1335 tanquam
1522 1265 1575 1318 in
1610 1273 1725 1318 tuto
1757 1272 1937 1334 portu,
1971 1279 2056 1318 re-

493 1362 673 1416 ferens
701 1360 767 1415 ad
802 1359 1076 1414 Christum
1101 1359 1213 1428 spei
1241 1357 1572 1411 ﬁrmitatem.
1596 1335 1653 1408 1d
1678 1364 1858 1409 autem
1887 1354 2055 1425 signi-

491 1454 618 1507 ﬂeat
664 1451 1003 1507 vocationem
1045 1464 1075 1504 e
1120 1449 1389 1520 gentibus,
1415 1447 1559 1517 quod
1603 1447 1658 1501 in
1692 1462 1907 1501 omnem
1942 1454 2055 1500 ter-

490 1558 608 1597 ram
640 1543 919 1610 mariaque
952 1540 1133 1594 omnia
1171 1538 1385 1593 exitura
1415 1537 1486 1593 sit
1515 1536 1688 1607 gratia
1712 1535 1936 1590 Christi.
1966 1535 2059 1590 Ait

489 1633 633 1688 enim
668 1641 717 1685 et
748 1647 894 1685 secus
923 1645 1188 1683 accessum
1232 1630 1462 1693 navium,
1510 1638 1558 1681 et
1595 1628 1859 1696 pertendet
1897 1643 2057 1698 usque

491 1727 559 1779 ad
600 1724 866 1778 Sidonem.
903 1721 1057 1787 Quod
1097 1720 1316 1791 quidem
1346 1720 1412 1774 de
1449 1718 1690 1774 Ecclesia
1733 1733 1765 1774 e
1809 1720 2057 1790 gentibus

2156 531 2267 601 τοῖς
2293 527 2602 581 πιστεύουσι
2626 526 2693 580 δι’
2721 524 2907 579 αὐτοῦ.

2225 620 2521 688 Παράλιος
2560 616 2884 674 θαλασσῶν
2923 616 3304 686 κατοικήσειν
3339 633 3407 686 τε
3452 614 3581 685 μὴν
3621 614 3736 669 τὸν

2156 709 2495 773 Ζαϐουλὼν,
2527 709 2625 779 τὴν
2666 708 2725 762 ὲν
2762 709 2829 779 τῇ
2862 706 3104 780 θαλάσσῃ
3140 706 3353 775 γείτονα
3389 705 3576 777 χώραν
3603 722 3737 777 προ-

2156 798 2324 869 λέγει,
2341 799 2437 853 καὶ
2458 797 2657 852 ὡσανεὶ
2680 795 3013 868 ἀναμιγῆναι
3033 797 3142 860 τοῖς
3171 794 3348 850 ἔθνεσι
3372 794 3465 848 τοῦ
3490 795 3735 867 Ἰσραὴλ,

2156 890 2250 944 ἆτε
2278 890 2341 962 δὴ
2380 890 2473 944 καὶ
2501 892 2578 955 εἰς
2608 890 2735 961 μίαν
2763 889 2996 960 ποίμνην
3028 887 3279 959 ὴγμένων
3306 888 3417 941 τῶν
3445 887 3537 940 δύο
3560 887 3730 942 λαῶν.

2155 983 2323 1054 Δῆλον
2355 983 2411 1036 δὲ
2439 982 2624 1064 Μ
2657 981 2997 1060 Εὑαχχελίω·
3031 980 3120 1049 Γῆ
3153 979 3474 1035 Ζαϐουλὼν
3514 980 3609 1034 καὶ
3651 978 3736 1051 γῆ

2156 1073 2510 1143 Νεφθαλείμ,
2547 1074 2640 1127 καὶ
2668 1071 2734 1125 τὰ
2767 1073 2913 1143 ἑξῆς.
2944 1071 3405 1145 Σωματικώτερον
3435 1070 3490 1124 δὲ
3517 1073 3737 1143 νοήσεις

2158 1164 2253 1235 τὴν
2280 1164 2616 1236 ἑκατέρωθεν
2645 1168 2746 1238 γῆς
2777 1166 2870 1219 καὶ
2898 1163 3170 1236 θαλάσσης
3190 1166 3471 1237 χορηγίαν.
3493 1166 3603 1220 Kal
3625 1168 3739 1222 αὐ-

2156 1256 2259 1323 τὸς
2308 1258 2442 1326 παρ’
2471 1257 2656 1327 ὅρμον
2699 1258 2957 1313 πλοίων-ο
3010 1255 3282 1310 τουτέστιν
3328 1258 3405 1321 ὼς
3443 1260 3501 1311 ὲν
3551 1257 3735 1328 λιμένι

2156 1349 2407 1419 ἀσφαλεῖ,
2422 1350 2676 1404 ἀνάπτων
2704 1352 2784 1414 εἰς
2812 1348 3045 1421 Χριστὸν
3069 1347 3136 1402 τὰ
3157 1350 3251 1420 τῆς
3268 1349 3480 1413 ἐλπίδος
3494 1350 3737 1420 πείσμα-

2156 1457 2244 1493 τα.
2276 1441 2437 1513 Δηλοῖ
2466 1441 2523 1495 δὲ
2553 1441 2710 1495 τοῦτο
2735 1442 2851 1511 τὴν
2869 1441 2929 1505 ἐξ
2952 1440 3120 1495 ἐθνῶν
3150 1440 3361 1512 κλῆσιν,
3388 1442 3471 1494 ὅτι
3514 1443 3595 1504 είς
3621 1442 3736 1497 πᾶ-

2160 1549 2256 1586 σαν
2284 1532 2380 1602 τὴν
2426 1533 2528 1603 γῆν
2562 1534 2656 1586 καὶ
2682 1533 2780 1605 τὴν
2811 1532 3086 1586 Θάλασσαν
3128 1531 3467 1605 ἐξελεύσεται
3505 1534 3540 1603 ἡ
3571 1536 3739 1605 χάρις

2156 1619 2248 1673 τοῦ
2282 1622 2536 1692 Χριστοῦ.
2566 1623 2725 1691 Λέγει
2740 1604 2876 1695 γάρ,
2900 1622 2999 1675 καὶ
3019 1622 3154 1691 παρ’
3174 1604 3357 1692 ὅρμον
3377 1625 3610 1678 πλοίων
3631 1604 3736 1680 καὶ

2158 1713 2478 1781 παρατενεῖ
2514 1713 2624 1779 ἕως
2669 1712 3073 1780 Σιδῶνος-,Ὅτι
3118 1713 3176 1767 δὲ
3217 1716 3296 1777 είς
3329 1714 3429 1785 τὴν
3470 1712 3532 1779 ἐξ
3564 1714 3739 1768 ἐθνῶν

490 1816 606 1871 haec
662 1815 915 1886 przedicta
962 1813 1111 1875 sint,
1164 1813 1403 1867 declarat
1455 1812 1612 1867 nobis
1658 1811 2052 1883 Evangelium:

2170 1803 2490 1875 Ἐκκλησίαν
2519 1805 2673 1859 τοῦτο
2696 1806 3085 1878 προκηρύσσει,
3101 1805 3353 1877 δηλοῦται

492 1907 655 1961 Terra
701 1906 939 1960 Zabulon
986 1914 1036 1959 et
1085 1915 1225 1959 terra
1273 1901 1652 1973 Nepltthalim,
1702 1904 1839 1957 ciam
1894 1905 2056 1958 maris

490 2011 637 2054 trans
662 1997 972 2069 Iordanem,
1001 1996 1227 2052 Galilwa
1252 1996 1502 2065 gentium.
1533 1995 1766 2063 Populus
1791 1995 1971 2049 sedens
2003 1997 2055 2047 in

490 2092 710 2147 tenebris
749 2091 877 2145 vidit
928 2089 1093 2143 lucem
1140 2102 1403 2158 magnam.
1451 2085 1830 2141 Habitaturum
1877 2087 2056 2157 itaque

485 2186 687 2254 ipsum,
713 2182 951 2236 Zahulon
983 2193 1194 2248 nempe,
1212 2178 1446 2233 vicinam
1473 2177 1612 2232 mari
1635 2178 1907 2248 regionem
1931 2192 2055 2232 cum

488 2275 584 2339 ait,
609 2274 892 2344 perspicue
915 2271 968 2325 id
999 2270 1371 2334 conﬁrmavit;
1400 2267 1621 2339 perinde
1647 2283 1711 2324 ac
1736 2267 1783 2323 si
1808 2267 2056 2337 dixisset,

488 2366 739 2437 gentibus
773 2364 1027 2432 deinceps
1054 2360 1375 2432 permistum
1400 2359 1516 2415 fore
1545 2359 1819 2425 lsraelem,
1842 2359 2056 2415 duobus

487 2472 683 2527 nempe
724 2453 939 2525 pupulis
988 2453 1042 2507 in
1096 2467 1265 2506 unum
1311 2466 1527 2522 gregem
1560 2449 1923 2521 congregatis,
1952 2449 2055 2505 sub

488 2564 654 2604 manu
703 2546 865 2601 unius
915 2554 1106 2598 natura
1153 2543 1282 2598 boni
1328 2541 1588 2612 principis
1617 2549 1919 2611 pastorum,
1950 2539 2056 2596 hoc

487 2648 571 2697 est
597 2637 823 2694 Christi.
851 2636 930 2690 illi
963 2635 1290 2690 benedicens
1318 2632 1530 2704 Moyses
1553 2632 1687 2687 dixit
1718 2650 1731 2686 :
1763 2630 2055 2686 Laztabitur

488 2730 789 2800 Zabulon‘;
829 2739 883 2785 et
923 2729 1026 2785 sub
1057 2744 1219 2782 manu
1253 2726 1417 2781 unius
1466 2726 1522 2779 in
1567 2725 1849 2780 sortitione
1875 2734 2053 2790 terrae,

487 2837 718 2895 utraque
769 2829 967 2893 praesto
1015 2820 1091 2874 illi
1141 2817 1257 2872 fore
1305 2818 1447 2871 bona
1499 2830 1567 2871 ex
1614 2824 1756 2870 terra
1786 2813 2052 2885 marique,

488 2916 702 2989 Moyses
754 2911 1102 2985 praenuntiat.
1156 2908 1315 2963 Seeus
1365 2922 1631 2960 accessum
1675 2907 1917 2971 navium;
1956 2907 2058 2962 hoc

484 3020 566 3065 est
590 3007 725 3063 utin
751 3015 934 3076 portu,
966 3011 1082 3057 tuto
1104 3001 1381 3062 nimirum,
1412 2998 1480 3052 ad
1513 2996 1790 3052 Christttm
1818 2996 2058 3054 referens

489 3100 606 3170 spei
633 3100 995 3155 ﬁrmamenta.
1025 3091 1100 3146 Ex
1153 3092 1319 3144 multa
1368 3090 1513 3142 enim
1552 3088 1786 3143 evadens
1829 3087 2057 3144 ﬂuctua-

2147 1895 2349 1973 γελέιρ,
2373 1898 2505 1967 ἡμῖν
2534 1914 2546 1926 ·
2595 1895 2685 1964 Γῆ
2728 1895 3048 1951 Ζαϐουλὼν
3102 1898 3199 1950 καὶ
3248 1897 3324 1967 γνῆ
3370 1898 3740 1969 Νεφθαλείμ,

2157 1985 2298 2039 ὁδὸν
2351 1986 2668 2054 θαλάσσης
2708 1986 2897 2055 πέραν
2936 1987 3043 2041 τοῦ
3075 1987 3388 2058 Ἰορδάνου,
3432 1991 3741 2044 Γαλιλαία

2154 2075 2272 2129 τῶν
2312 2076 2519 2131 ἐθνῶν.
2538 2077 2599 2130 Ὀ
2625 2077 2775 2143 λαὸς
2806 2080 2838 2132 ό
2867 2077 3197 2148 καθήμενος
3246 2080 3318 2133 ἐν
3357 2083 3564 2136 σκότει
3614 2081 3742 2136 εἶδε

2155 2167 2279 2237 φῶς
2304 2168 2475 2238 μέγα.
2511 2171 2869 2241 Κατοικήσειν
2899 2189 2963 2240 γε
3008 2172 3114 2244 μὴν
3159 2171 3342 2238 αὐτὸν,
3376 2174 3494 2244 ἦτοι
3527 2175 3744 2228 Ζαϐου-

2156 2254 2280 2324 λὼν,
2314 2258 2412 2331 τὴν
2446 2263 2512 2332 τῇ
2552 2260 2795 2336 θαλάσσῃ
2844 2262 3059 2330 γείτονα
3110 2262 3312 2335 χώραν,
3361 2263 3741 2321 διεϐεϐαιοῦτο

2156 2352 2361 2421 σαφῶς,
2397 2353 2672 2418 οἱονείπως
2703 2353 2884 2408 ἐκεῖνα
2918 2353 3111 2424 λέγων,
3139 2356 3219 2409 ὅτι
3254 2360 3364 2421 τοῖς
3388 2357 3568 2412 ἔθνεσι
3601 2360 3741 2415 ἀνα-

2160 2441 2252 2514 μὶξ
2296 2442 2448 2497 ἔσται
2496 2443 2682 2497 λοιπὸν
2719 2446 2747 2497 ὁ
2784 2445 3029 2517 Ἰσραήλ·
3067 2446 3165 2500 ἆτε
3212 2447 3277 2520 δὴ
3327 2450 3422 2503 καὶ
3466 2452 3549 2514 είς
3605 2453 3741 2523 μίαν
3838 2462 3847 2471 ⁸

2158 2535 2391 2606 ποίμνην
2440 2535 2791 2606 συνηγμένων
2839 2532 2946 2590 τῶν
2989 2535 3081 2591 δύο
3112 2538 3275 2605 λαῶν,
3322 2542 3417 2595 καὶ
3445 2541 3552 2595 ὑπὸ
3579 2546 3743 2615 χεῖρα

2155 2627 2253 2699 τὴν
2285 2625 2402 2691 ἑνὸς
2433 2627 2527 2680 τοῦ
2563 2629 2702 2683 κατὰ
2735 2627 2895 2699 φύσιν
2926 2629 3131 2699 ἀγαθοῦ
3164 2635 3443 2702 γεγονότος
3479 2637 3738 2707 ἀρχιποι-

2160 2718 2339 2789 μένος,
2365 2719 2605 2772 τουτέστι
2648 2719 2903 2792 Χριστοῦ.
2931 2720 3129 2777 Τοῦτον
3156 2724 3390 2794 εὐλογῶν
3429 2729 3460 2781 ὁ
3489 2729 3740 2799 Μωῦσῆς

2158 2804 2339 2862 εἶπεν·
2384 2811 2881 2880 Εὐφρανθήσεται
2918 2814 3258 2882 Ζαϐουλὼν,
3289 2817 3382 2871 καὶ
3423 2817 3529 2872 ὑπὸ
3575 2822 3740 2892 χεῖρα

2156 2900 2254 2973 τὴν
2289 2901 2406 2966 ἐνὸς
2439 2905 2497 2957 ἐν
2536 2906 2600 2976 τῇ
2635 2904 2784 2978 λήξει
2818 2907 2917 2979 τῆς
2949 2909 3051 2979 γῆς
3089 2909 3186 2981 τὴν
3219 2909 3557 2983 ἑκατέρωθεν
3589 2912 3741 2983 ἔχειν

2157 2994 2438 3067 χορηγίαν,
2473 2995 2638 3050 τῶνδε
2667 3000 2732 3051 ὲκ
2758 2999 2861 3071 γῆς
2891 2999 2985 3053 καὶ
3012 2999 3284 3072 θαλάσσης
3312 2999 3491 3055 καλῶν
3511 3002 3542 3053 ὁ
3567 3003 3740 3056 Mai-3-

2160 3088 2258 3159 σῆς
2291 3089 2642 3161 προφητεύει.
2679 3090 2821 3159 [Iap'
2850 3090 3035 3160 ὅρμον
3058 3092 3304 3156 πλοίων,
3330 3093 3630 3157 τουτέστιν,
3660 3094 3741 3159 ὡς

484 3193 650 3253 tione.
681 3204 775 3259 per
806 3187 951 3241 illius
988 3182 1215 3253 gratiam
1256 3181 1486 3251 appellet
1510 3180 1763 3249 deinceps
1796 3190 2051 3248 tanquam

2160 3183 2215 3234 ἐν
2244 3178 2422 3251 λιμένι
2464 3181 2626 3252 τυχὸν
2658 3183 2908 3251 ἀσφαλεῖ,
2948 3182 3041 3238 καὶ
3074 3187 3154 3249 είς
3193 3184 3430 3257 Χριστὸν
3475 3186 3742 3240 ἀνάπτων

484 3287 540 3340 in
570 3293 728 3354 portu
765 3295 949 3336 naves.
983 3277 1156 3331 Etiam
1179 3276 1470 3345 pertingere
1501 3274 1577 3328 ait
1605 3273 1672 3327 ad
1695 3273 1867 3343 ipsam
1892 3289 2051 3342 usque

483 3376 734 3433 Sidonem
776 3390 793 3426 :
836 3370 1164 3443 signiﬁcans,
1207 3376 1266 3421 ut
1307 3366 1539 3431 videtur,
1583 3364 1728 3434 quod
1771 3372 1917 3418 tanta
1966 3363 2055 3417 lict

483 3469 717 3524 duorum
746 3465 962 3520 illorum
992 3462 1313 3533 populorum
1350 3457 1480 3513 unio
1506 3472 1600 3527 per
1624 3471 1849 3513 cursum
1881 3454 2051 3525 Spiri-

484 3571 605 3627 tus,
664 3567 726 3613 ut
777 3571 844 3613 ex
890 3555 1153 3624 sanguine
1199 3551 1410 3607 lsraelis
1468 3549 1735 3619 procreati
1780 3548 1942 3602 etiam
1986 3546 2055 3601 ad

484 3653 631 3722 ipsas
679 3648 930 3705 civitates
974 3645 1212 3716 gentium
1267 3641 1633 3704 exscendant,
1687 3654 1808 3709 quae
1859 3652 2054 3709 magna

482 3743 641 3813 culpa
665 3749 720 3797 et
745 3737 1125 3795 criminatione
1155 3743 1388 3806 gravatte
1412 3731 1624 3787 fuerant
1651 3730 1796 3801 apud
1824 3728 2013 3784 Deum.

2155 3269 2277 3339 τῆς
2299 3268 2511 3334 ἐλπίδος
2543 3270 2610 3323 τὰ
2641 3272 2933 3343 πείσματα.
2953 3273 3047 3327 Ἐκ
3075 3274 3274 3346 πολλῆς
3300 3275 3409 3347 γὰρ
3436 3276 3741 3350 ἀποφοιτή-

2159 3378 2255 3424 σας
2284 3361 2451 3433 ζάλης
2476 3364 2865 3436 ὁρμισθήσεται
2889 3364 3069 3419 λοιπὸν
3098 3369 3163 3439 τῇ
3196 3369 3327 3438 παρ’
3352 3368 3500 3440 αύτῷ
3527 3368 3739 3443 χάριτι,

2158 3452 2410 3526 καθάπερ
2438 3454 2628 3525 ἀμέλει
2662 3456 2755 3509 καὶ
2799 3457 2858 3509 ὲν
2897 3456 3109 3529 λιμέσιν
3148 3459 3391 3525 ὁλκάδες.
3421 3461 3534 3515 Καὶ
3554 3462 3738 3531 μέχρι

2155 3544 2210 3597 δὲ
2238 3546 2405 3617 αὐτῆς
2429 3548 2887 3615 παρατείνεσθαι
2915 3551 3015 3620 τῆς
3038 3550 3295 3619 Σιδῶνος
3319 3548 3499 3608 εἶπενο
3531 3554 3739 3626 ὑποδη-

2158 3636 2284 3701 λῶν,
2314 3637 2387 3702 ὡς
2420 3638 2615 3704 ἔοικεν,
2639 3640 2723 3693 ὃτι
2753 3640 2990 3714 τοσαύτη
3018 3640 3351 3715 προσένωσις
3383 3648 3447 3717 τῇ
3487 3648 3740 3718 Πνευμαο

2158 3732 2284 3800 τικῇ
2313 3728 2485 3802 δρομῇ
2520 3730 2627 3784 τῶν
2659 3730 2751 3785 δύο
2782 3735 3065 3805 γενήσεται
3087 3734 3252 3799 λαῶν,
3285 3736 3361 3799 ὼς
3393 3737 3517 3801 τοὺς
3551 3737 3610 3805 ἐξ
3644 3738 3737 3792 αἴ-

485 3855 655 3914 ματος
683 3834 898 3908 Ἰσραὴλ
923 3833 1016 3888 καὶ
1048 3831 1219 3895 αὐτὰς
1255 3829 1523 3900 ἐκπλῆσαι
1558 3828 1654 3892 τὰς
1685 3827 1866 3891 πόλεις
1911 3825 2010 3889 τὰς
2034 3826 2093 3879 ὲν
2123 3822 2289 3896 πολλῇ
2339 3826 2488 3898 παρὰ
2520 3825 2596 3897 τῷ
2638 3825 2756 3898 Θεῷ
2786 3829 3152 3900 γεγενημένας
3184 3829 3328 3901 αἰτίᾳ
3358 3831 3451 3884 καὶ
3488 3831 3733 3904 διαὸολῇ.

1780 3968 1909 4024 Post
1939 3943 2130 4039 Cyrilli
2157 3967 2412 4022 nonnulla
2435 3983 2453 4021 :

555 4101 625 4158 Et
678 4113 873 4157 terram
932 4099 1058 4171 quia
1103 4095 1332 4166 pinguis.
1376 4093 1490 4148 lloc
1544 4102 1628 4148 est
1671 4107 1798 4147 caro
1840 4090 2055 4146 Domini

480 4195 675 4251 nostri.
716 4194 959 4264 Pinguis,
1009 4193 1113 4247 hoc
1144 4200 1227 4246 est
1268 4189 1571 4251 abundans,
1612 4174 1776 4241 'melle
1820 4200 1882 4239 ac
1918 4184 2055 4238 lacte

481 4287 676 4343 ﬂuens.
709 4286 985 4341 Destinata
1014 4283 1118 4353 ipsi
1162 4285 1218 4336 in
1257 4280 1624 4335 hereditatem
1660 4294 1724 4334 ac
1753 4278 2052 4348 possessio-

2236 4087 2571 4145 HIPPOLYTUS
2606 4110 2619 4144 :
2654 4089 2765 4145 Καὶ
2795 4090 2909 4159 τὴν
2945 4090 3061 4162 γῆν
3089 4090 3178 4145 ὅτι
3206 4094 3565 4167 πίων.”οπερ
3586 4095 3735 4149 ἐστὶν

2161 4183 2194 4251 ἡ
2226 4181 2361 4253 σάρξ
2384 4181 2474 4236 τοῦ
2502 4183 2706 4252 Κυρίου
2732 4183 2908 4254 ἡμῶν.
2926 4184 2986 4238 Ἡ
3014 4184 3184 4248 πίων,
3206 4186 3479 4239 τουτέστιν
3506 4188 3540 4257 ἡ
3570 4187 3732 4240 λιπα-

2159 4274 2247 4343 ρὰ·
2280 4273 2416 4346 αὕτη
2470 4275 2583 4344 γὰρ
2629 4277 2662 4347 ἡ
2710 4276 2906 4347 ῥέουσα
2953 4276 3073 4347 μέλι
3119 4278 3212 4330 καὶ
3254 4278 3413 4346 γάλα.
3445 4277 3567 4333 Τῶν
3593 4281 3729 4350 ἀφο-

482 4395 606 4434 nem
654 4379 772 4433 loca
819 4385 997 4440 terrae,
1027 4374 1132 4428 hoc
1180 4382 1265 4428 est
1306 4369 1566 4426 doctrinae
1613 4368 1864 4435 Domini;
1908 4368 2049 4422 bona

2160 4364 2447 4468 ρισθέντιιίν
2480 4366 2627 4437 αὐτῷ
2658 4368 2715 4419 ὲν
2750 4367 2907 4440 μέρει
2936 4368 3314 4442 κληρονομίας,
3357 4371 3451 4424 καὶ
3483 4374 3732 4443 κτήσεως

482 4471 644 4527 etiam
677 4471 790 4523 haec
815 4466 1050 4536 requies,
1077 4472 1136 4518 ut
1163 4465 1277 4533 ipse
1302 4463 1377 4517 ait
1403 4480 1416 4514 :
1450 4458 1628 4515 Venite
1653 4460 1721 4513 ad
1747 4475 1848 4526 me,
1871 4473 2047 4511 omnes

482 4564 572 4633 qui
609 4561 862 4634 laboratis
914 4567 963 4612 et
1012 4556 1213 4610 onerati
1257 4555 1381 4608 estis
1402 4553 1445 4620 ⁷,
1487 4560 1691 4621 etquae
1727 4557 2047 4618 sequuntur.

486 4647 763 4718 Siquidem
814 4655 1080 4716 praecepta
1122 4643 1504 4707 custodientes,
1536 4657 1635 4695 nec
1680 4638 2050 4695 renuntiantes

484 4737 619 4810 legis
643 4736 1145 4801 constitutionibus,
1171 4745 1222 4790 et
1255 4737 1310 4789 in
1337 4733 1444 4787 illis
1469 4740 1524 4787 et
1552 4733 1606 4786 in
1638 4729 1851 4785 Domini
1878 4729 2050 4784 nostri

482 4828 730 4885 doctrina
762 4828 1112 4897 requiescunt
1145 4824 1327 4895 :quod
1361 4833 1445 4879 est
1470 4824 1605 4877 inter
1632 4820 1828 4875 medios
1862 4817 2047 4872 cleros.

482 4922 636 4979 Sicut
662 4920 793 4976 dicit
823 4919 1088 4974 Dominus
1113 4938 1128 4974 :
1159 4916 1277 4972 Non
1304 4918 1418 4972 veni
1446 4914 1639 4972 solvere
1662 4915 1822 4985 legem
1849 4927 1910 4965 ac
1933 4927 2058 4980 pro-

484 5015 690 5086 phetas,
707 5014 796 5069 sed
819 5011 1083 5083 implere”.
1103 5010 1237 5066 Nam
1265 5021 1319 5066 et
1344 5009 1610 5065 Dominus
1634 5015 1817 5061 noster
1843 5019 2048 5076 praece-

486 5114 579 5178 pta
606 5103 741 5174 legis
768 5100 1054 5165 servando,
1097 5117 1201 5154 non
1246 5099 1491 5155 dissolvit
1529 5099 1698 5168 legem
1728 5104 1781 5150 et
1817 5096 2048 5165 prophe-

488 5207 594 5259 tas,
628 5198 722 5252 δυο
753 5195 959 5265 implet,
989 5203 1048 5247 ut
1073 5192 1146 5247 ait
1177 5196 1229 5246 in
1258 5189 1584 5261 Evangeliis.

2154 4452 2332 4510 τόπων
2363 4456 2488 4526 γῆς,
2521 4458 2796 4511 τουτέστιν
2838 4458 2935 4529 τῆς
2980 4460 3324 4525 διδασκαλίας
3352 4462 3446 4515 τοῦ
3479 4464 3686 4535 Κυρίου
3711 4482 3725 4495 ·

2152 4549 2456 4612 ἀνάπαυσις
2483 4549 2591 4621 γὰρ
2623 4549 2758 4623 αὕτη
2789 4550 2948 4622 καλὴ,
2983 4551 3165 4616 καθὼς
3209 4553 3302 4606 καὶ
3346 4553 3508 4618 αὐτὸς
3544 4556 3726 4625 λέγει’

2153 4638 2326 4693 Δεῦτε
2354 4639 2503 4708 πρὸς
2533 4641 2610 4711 μὲ
2649 4641 2870 4708 πάντες
2911 4646 2966 4697 οι
2998 4643 3340 4713 κοπιῶντες,
3382 4647 3480 4702 καὶ
3509 4663 3729 4717 πεφορ-

2152 4731 2435 4802 τισμένοι,
2468 4732 2560 4786 καὶ
2586 4733 2652 4787 τὰ
2674 4731 2819 4805 ἑξῆς.
2837 4735 3054 4810 Ἐπειδή
3085 4737 3134 4790 οἱ
3150 4738 3247 4803 τὰς
3267 4738 3486 4804 ἐντολὰς
3517 4740 3729 4811 φυλάσ-

2155 4838 2355 4886 σοντες,
2387 4822 2488 4876 οὺκ
2518 4823 2915 4895 ἅποταξάμενοι
2936 4829 3047 4892 τοῖς
3074 4832 3313 4899 νομικοῖς
3343 4829 3728 4904 διατάγμασιν,

2155 4914 2592 4970 ἑπαναπαύονται
2639 4917 2732 4970 καὶ
2778 4918 2864 4971 ἐπ’
2897 4919 3080 4977 αὐτοῖς
3111 4921 3204 4973 καὶ
3256 4924 3321 4991 τῇ
3374 4923 3466 4976 τοῦ
3519 4924 3728 4997 Κυρίου

2156 5007 2309 5077 ἡμῶν
2333 5007 2674 5079 διδασκαλίᾳ·
2710 5009 2848 5082 ὅπερ
2884 5010 3030 5064 ἐστὶν
3062 5011 3177 5065 ἀνὰ
3204 5012 3398 5082 μέσον
3430 5015 3549 5069 τῶν
3579 5017 3732 5087 κλή-

2144 5115 2300 5165 ρων·
2339 5097 2522 5162 καθὼς
2568 5100 2596 5151 ὁ
2646 5100 2849 5172 Κύριος
2873 5101 3058 5171 λέγει’
3097 5105 3217 5157 Οὐκ
3250 5100 3437 5174 ἦλθον
3467 5106 3729 5163 statuati-

2152 5201 2253 5241 σαι
2285 5190 2392 5244 τὸν
2416 5193 2603 5262 νόμον
2634 5193 2733 5246 καὶ
2765 5193 2906 5259 τοὺς
2937 5193 3265 5263 προφήτας,
3296 5196 3457 5251 ἀλλὰ
3486 5198 3757 5269 πληρῶ-’

480 5282 610 5346 σαι.
641 5291 750 5345 Καὶ
774 5291 882 5360 γὰρ
909 5290 938 5341 ὁ
970 5287 1171 5359 Κύριος
1208 5284 1363 5356 ἡμῶν
1400 5286 1457 5337 ὲν
1488 5282 1564 5354 τῷ
1595 5283 1691 5342 τὰς
1722 5281 1943 5343 ἐντολὰς
1974 5280 2266 5349 φυλάσσειν
2295 5288 2356 5338 οὐ
2394 5287 2651 5341 καταλύει
2680 5287 2770 5341 τὸν
2797 5287 2958 5359 νόμον
2984 5289 3079 5344 καὶ
3109 5291 3234 5355 τοὺς
3257 5294 3560 5364 προφήτας,
3589 5294 3726 5352 ἀλλὰ

485 5381 702 5456 πληροῖ,
732 5380 911 5445 καθὼς
919 5378 1369 5459 ﬂauam;
1396 5377 1579 5448 φησίν.

558 5476 842 5549 δἀρροδιιίι
887 5479 1156 5532 humerum
1201 5492 1352 5529 suum
1400 5474 1467 5527 ad
1501 5472 1865 5535 laborandum,
1892 5481 1941 5527 et
1971 5471 2047 5540 fa-

484 5583 599 5629 ctus
638 5583 711 5626 est
744 5574 824 5626 vir
849 5570 1101 5643 agricola.
1150 5567 1263 5624 lloc
1303 5566 1544 5622 fecerunt
1575 5565 1841 5637 apostoli;
1888 5580 2044 5618 acce-

2232 5469 2511 5539 Ὑπέθηκε
2554 5470 2662 5523 τὸν
2708 5466 2868 5540 ὦμον
2917 5473 3102 5527 αὐτοῦ
3131 5476 3220 5540 εἰς
3248 5473 3315 5528 τὸ
3347 5476 3576 5541 πονεῖν,
3622 5474 3724 5531 και

2150 5562 2401 5633 ἐγενήθη
2440 5561 2598 5629 ἀνὴρ
2632 5565 3086 5640 γεωργός.’⁷οπερ
3118 5566 3375 5638 ἐποίησαν
3405 5569 3455 5622 oi
3488 5567 3720 5623 ἀπόστο-

554 5754 580 5789 ⁸
615 5754 803 5815 Hattlt.
831 5769 908 5827 ιτ,
942 5757 1029 5828 15,
1062 5758 1143 5815 16.
1221 5759 1240 5791 ⁸
1283 5757 1435 5813 Deut.
1470 5773 1659 5825 smn,
1696 5726 1779 5811 178.
1855 5757 1871 5771 ‘
1915 5753 2052 5807 Matt!

2160 5766 2209 5821 ιι,
2238 5750 2329 5806 28.
2405 5752 2424 5784 ⁸
2452 5749 2635 5805 Matth.
2674 5765 2731 5818 ι’,
2766 5748 2850 5805 Π.
