3966 6344
195 359 289 416 593

1358 356 1779 415 FRAGMENTA
1819 357 1887 413 IN
1923 357 2236 417 GENESIN.

3324 358 3429 415 5M

193 484 266 536 λοι
296 479 549 546 λαϐόντες
579 483 678 555 τὴν
712 483 937 555 δύναμιν
971 483 1119 557 παρὰ
1149 484 1305 548 Θεοῦ,
1340 486 1431 541 καὶ
1465 485 1751 549 ὑποθέντες

1873 496 2052 557 itaque
2080 502 2110 542 a
2136 485 2248 543 Deo
2286 485 2538 542 facultate
2570 500 2627 540 sc
2663 484 2813 556 ipsos
2837 484 3009 540 labori
3043 481 3425 548 subdiderunt,

192 575 405 638 ἑαυτοὺς
448 577 530 638 είς
559 576 622 629 τὸ
664 579 864 640 πονεῖν,
893 577 1226 648 ἐγενήθησαν
1256 579 1490 649 γεωργοὶ
1514 578 1608 632 τοῦ
1639 579 1753 632 Κυ-

195 667 296 738 ρίου
328 667 695 738 ἐργασάμενοι
722 668 821 740 τὴν
853 668 978 739 γῆν,
1007 671 1252 724 τουτέστι
1276 671 1375 742 τὴν
1405 669 1758 741 ἀνθρωπότη-

191 774 270 823 τα,
291 759 380 811 διὰ
411 757 508 812 τοῦ
543 759 897 831 κηρύγματος
925 759 1019 815 τοῦ
1052 762 1257 832 Κυρίου
1290 761 1463 833 ⁴ἡμῶν.

251 848 369 902 Adr-
391 849 588 917 κρινεῖ
613 849 718 903 τὸν
742 851 899 905 λαὸν
919 853 1107 914 αὑτοῦ
1129 853 1271 907 ὡσεὶ
1297 853 1409 907 ’καὶ
1444 853 1553 923 μία
1590 852 1757 922 φυλὴ

192 940 253 993 ἐν
286 939 545 1007 Ἰσραήλ.
592 942 702 996 Καὶ
770 940 1074 1012 γενηθήτω
1116 944 1233 996 Δὰν
1287 942 1421 1011 ὄφις
1448 942 1541 1012 ἐφ’
1574 942 1718 997 ὀδοῦ
1743 985 1758 1009 ,

192 1030 587 1100 ἐγκαθήμενος
612 1032 709 1086 ἐπὶ
737 1033 958 1101 τρίϐου,
985 1032 1225 1087 δάκνων
1247 1032 1512 1103 πτέρναν
1547 1034 1755 1089 ἵππου·

193 1124 279 1177 καὶ
312 1124 591 1179 πεσεῖται
632 1127 666 1177 ό
711 1124 927 1192 ἱππεὺς
956 1127 1044 1191 εὶς
1070 1125 1142 1179 τὰ
1178 1126 1387 1190 ὀπίσω,
1414 1126 1531 1194 τὴν
1573 1140 1763 1194 σωτη-

185 1216 312 1283 ρίαν
350 1215 691 1285 περιμένων
720 1216 957 1285 Κυρίου.
986 1215 1133 1280 Γὰδ,
1161 1216 1539 1286 πειρατήριον
1565 1234 1763 1287 πειρα-

193 1308 376 1360 τεύσει
412 1310 603 1362 αὐτόν
624 1325 636 1338 ·
664 1308 846 1374 αὐτὸς
888 1305 955 1360 δὲ
986 1310 1357 1376 πειρατεύσει
1391 1309 1577 1362 αὐτὸν
1615 1309 1764 1364 κατὰ

191 1397 389 1464 πόδας.
409 1399 612 1468 Ἀσὴρ,
642 1401 794 1453 πίων
817 1402 1001 1455 αὐτοῦ
1035 1403 1068 1454 ό
1091 1399 1286 1470 ἄρτος,
1314 1402 1412 1455 καὶ
1448 1400 1629 1468 αὐτὸς
1659 1402 1766 1455 δώ-

190 1505 273 1546 σει
300 1492 549 1561 τρυφὴν
572 1492 850 1563 ἄρχουσι.

1855 589 1912 635 et
1954 578 2082 634 facti
2130 586 2259 634 sunt
2303 578 2553 650 agricola:
2579 576 2815 642 Domini,
2854 587 3187 646 terramque,
3219 574 3322 629 hoc
3345 582 3430 629 est

1858 672 2159 727 humanum
2186 686 2378 742 genus,
2405 672 2759 728 excoluerunt
2786 672 3173 741 praedicatione
3212 667 3430 724 Domini

1861 764 2057 819 nostri.

1935 852 2132 910 Genes.
2161 870 2310 919 sua,
2342 853 2504 911 16-20
2533 874 2549 911 :
2580 854 2697 910 Dan
2714 855 2979 925 judicabit
3004 853 3256 924 populum
3276 865 3432 906 suum

1868 957 2115 1017 tanquam
2140 956 2190 1002 et
2222 963 2329 1001 una
2356 947 2523 1002 tribus
2552 945 2744 1002 Israel.
2774 946 2844 1001 Et
2868 946 2964 1016 ﬁat
2993 946 3113 1000 Dan
3142 960 3348 1014 serpens
3373 943 3431 996 in

1865 1041 1976 1105 ria,
2009 1040 2191 1096 sedens
2227 1040 2285 1094 in
2331 1040 2538 1106 semita,
2577 1038 2819 1095 mordens
2858 1043 3175 1105 calcaneum.
3202 1039 3321 1108 equi
3335 1054 3363 1108 ς,
3381 1046 3432 1091 et

1867 1129 2018 1182 cadet
2048 1145 2200 1199 eques
2247 1138 2552 1193 retrorsum,
2594 1130 2818 1184 salutem
2842 1139 3144 1199 exspectans
3195 1127 3428 1181 Domini.

1871 1221 2010 1287 ϐοά,
2039 1221 2183 1276 sedes
2220 1223 2516 1291 piratarum
2538 1220 2867 1292 pradabitur
2892 1237 3011 1277 eum
3043 1237 3061 1275 :
3087 1230 3135 1274 et
3163 1221 3273 1290 ipse
3296 1235 3433 1288 pra:-

1867 1312 2081 1365 dabilur
2103 1326 2217 1365 eam
2246 1327 2394 1365 secus
2421 1311 2593 1380 pedes.
2624 1314 2776 1375 Aser,
2802 1312 3008 1382 pinguis
3028 1306 3143 1380 ejus
3168 1304 3353 1378 panis;
3382 1317 3440 1363 et;

1870 1406 1976 1475 ipse
2007 1404 2155 1458 dabit
2187 1404 2400 1458 delicias
2426 1405 2765 1474 principibus.
3056 1398 3061 1403 ’
3320 1408 3328 1415 ’

1072 1592 1200 1648 Post
1236 1591 1488 1646 nonnulla
1517 1608 1579 1646 ex
1608 1591 1831 1662 Cyrillo,
1864 1590 2161 1660 Apollinari
2188 1599 2237 1646 et
2274 1589 2541 1644 Diodoro:

252 1706 604 1766 Hirrourus
637 1729 651 1764 :
684 1711 945 1781 Δηλοῦται
992 1715 1122 1785 ἡμῖν
1171 1709 1312 1767 εἶναι
1360 1713 1555 1775 ἱππεὺς
1599 1713 1627 1764 ὁ
1659 1711 1774 1765 Κύ-

191 1817 293 1871 ριος
322 1817 339 1830 ο
377 1800 590 1873 πτέρνα
626 1802 711 1868 δὲ,
738 1803 821 1855 ὃτι
856 1803 991 1876 πρὸς
1042 1803 1268 1877 ἔσχατον
1296 1804 1404 1860 τῶν
1438 1802 1664 1875 καιρῶν.
1700 1802 1774 1856 Τὸ

187 1892 236 1946 δὲ
261 1894 352 1946 ὅτι
386 1896 659 1959 πεσεῖται,
695 1896 785 1949 τὸν
810 1894 1035 1951 θάνατον
1063 1897 1225 1951 αὐτοῦ
1257 1896 1425 1968 δηλοῖ,
1459 1894 1639 1959 καθὼς
1673 1896 1768 1965 γέ-

186 2000 431 2053 γραπται
465 1985 525 2037 ὲν
554 1984 631 2054 τῷ
667 1986 1011 2058 Εὐαγγελίῳ·
1056 1987 1208 2041 Ἰδοὺ
1255 1984 1432 2054 οὗτος
1464 1985 1648 2040 κεῖται
1681 1990 1768 2054 εἰς

187 2076 421 2131 πτῶσιν
471 2078 571 2131 καὶ
617 2078 956 2134 ἀνάστασιν
993 2080 1255 2135 πολλῶν.
1288 2080 1647 2151 Δαμὸάνομεν
1678 2082 1767 2134 τὸν

187 2170 455 2243 πειρατὴν
483 2170 577 2223 τὸν
611 2170 923 2224 ὲπίΕουλον·
972 2158 1143 2235 οὐδεὶς
1187 2173 1244 2226 δὲ
1292 2171 1449 2236 ἄλλος
1490 2171 1769 2238 ἐπίϐουλος

187 2260 406 2328 ἐγένετο
447 2260 543 2315 τοῦ
583 2262 810 2334 Κυρίου,
852 2263 885 2333 ἢ
915 2266 943 2317 ὁ
974 2263 1122 2326 λαός.
1160 2267 1559 2332 Πειρατεύσει,
1586 2264 1777 2319 τουτέ-.

187 2367 293 2405 στιν
335 2352 714 2407 ἐπιϐουλεύσει
739 2354 906 2426 αὐτῷ.
932 2355 1092 2409 Κατὰ
1120 2356 1309 2424 πόδας
1327 2376 1341 2389 ο
1362 2357 1612 2429 δηλοῦται
1639 2360 1768 2431 ἡμῖν

187 2443 539 2514 ήάντίληψις
573 2448 604 2516 ὴ
640 2446 791 2518 παρά
822 2446 915 2501 τοῦ
945 2448 1151 2521 Κυρίου
1181 2453 1292 2513 τοῖς
1324 2449 1769 2505 ἐπιϐουλεύσασιν

187 2533 357 2605 αύτῷ.
392 2536 470 2589 Τὸ
512 2537 570 2593 δὲ
610 2540 758 2594 κατὰ
789 2540 999 2605 πόδας,
1035 2543 1206 2621 ὅτισὲν
1238 2542 1389 2613 τάχει
1424 2544 1639 2614 ποιήσει
1673 2544 1770 2615 τὴν

186 2628 468 2700 ἐκδίκησιν
508 2630 540 2682 ὁ
581 2631 803 2704 Κύριος.
839 2633 1034 2698 Καλῶς
1075 2635 1460 2708 ὀπλισθήσεται
1492 2637 1583 2690 τὸν
1614 2637 1767 2702 πόδα,

186 2719 270 2773 καὶ
281 2721 356 2774 τὸ
370 2722 674 2794 εὑρημένον
698 2728 1046 2798 πειρατήριον
1078 2725 1424 2799 πειρατεύσει
1446 2730 1765 2786 αὐτόν-Α.

183 2809 462 2879 Εὗζωνος
496 2813 817 2883 εὐζωνήσει
842 2818 1049 2880 αὑτὸν,
1086 2820 1202 2873 ἀντὶ
1236 2819 1328 2874 τοῦ
1368 2820 1588 2885 ἔνοπλος
1631 2822 1770 2895 ἀνὴρ

185 2900 271 2952 καί
309 2900 613 2973 πολεμικὸς
638 2906 908 2959 ὲνοπλίσει
952 2907 1133 2967 αὐτόν.
1169 2909 1280 2963 Καὶ
1324 2910 1619 2980 ὀπλιστὴς
1664 2913 1781 2966 τόν-

183 2992 344 3046 πόδα
369 2994 545 3049 ἔσται
564 3014 576 3027 ⁸
608 2998 806 3069 μᾶλλον
838 3000 994 3054 τοῦτο
1020 2999 1160 3055 θέλει
1185 3004 1380 3068 εἰπεῖν,
1413 3002 1633 3068 ἔνοπλος
1662 3004 1771 3059 Γὰδ

184 3086 420 3139 κατόπιν
450 3087 558 3141 τῶν
588 3090 832 3160 ἀδελφῶν
858 3091 1023 3147 αὑτοῦ
1057 3092 1430 3168 ἀκολουθήσει.
1468 3096 1585 3152 Κᾶν
1611 3096 1719 3169 γὰρ
1741 3100 1772 3152 ὁ

184 3178 389 3251 κλῆρος
422 3180 591 3234 αὐτοῦ
618 3183 789 3254 πέραν
816 3180 884 3256 ἢν
921 3186 1205 3258 Ἰορδάνου,
1234 3187 1348 3241 ἀλλ’
1374 3185 1466 3243 οὖν
1498 3187 1771 3262 ἒτάγησαν

1942 1707 2192 1764 innuitur
2219 1708 2376 1764 nobis
2419 1724 2516 1777 per
2540 1708 2774 1778 equitem
2805 1706 3089 1772 Dominus,
3125 1720 3219 1777 per
3258 1700 3439 1760 calca-

1869 1817 2030 1855 neum
2089 1809 2329 1855 extrema
2382 1809 2709 1868 temporum.
2758 1797 2911 1863 Quod
2970 1797 3145 1861 cadet,
3202 1804 3435 1850 mortem

1867 1895 1987 1964 ejus
2011 1894 2315 1964 significat;
2364 1893 2507 1947 sicut
2538 1892 2804 1962 scriptum
2840 1891 2895 1942 in
2931 1887 3220 1957 Evangelio
3257 1907 3269 1941 :
3302 1887 3437 1940 Ecce

1800 1967 1841 2022 Β
1869 1987 2070 2055 positus
2115 1994 2192 2038 est
2233 1986 2317 2038 hic
2360 1986 2416 2038 in
2448 2000 2629 2038 casum
2674 1991 2723 2036 et
2770 1982 3195 2037 resurrectionem
3238 1977 3437 2032 multo-

1870 2081 2042 2132 rum'.
2108 2076 2346 2132 Piratam
2407 2091 2507 2148 pro
2565 2075 2883 2131 insidiatore
2946 2073 3244 2143 accipimus
3288 2089 3300 2123 :
3338 2084 3439 2125 nec

1869 2173 2157 2241 quisquam
2194 2171 2334 2226 alius
2372 2170 2657 2226 insidiator
2686 2166 2900 2223 Domini
2931 2167 3052 2231 fuit,
3082 2158 3251 2236 quam.
3273 2178 3441 2233 pepu-

1869 2263 1957 2319 lus
2001 2261 2332 2319 Iudaeorum.
2384 2261 2746 2329 Priedabitur,
2799 2262 2906 2317 hoc
2952 2270 3038 2317 est
3091 2248 3439 2339 insidiabitur

1870 2356 1966 2412 illi.
2004 2354 2163 2411 Secus
2210 2356 2383 2426 pedes,
2417 2354 2750 2424 significatur
2778 2354 2939 2410 nobis
2965 2350 3225 2409 auxilium
3270 2367 3301 2406 a
3336 2350 3441 2404 Do-

1870 2449 2019 2504 mino
2065 2448 2329 2503 adversus
2379 2447 2700 2502 insidiantes
2742 2447 2812 2502 ei.
2851 2446 2913 2502 Et
2958 2463 3105 2500 secus
3151 2445 3302 2515 pedes
3340 2442 3435 2506 ait.

1870 2540 2014 2610 quod
2044 2541 2225 2596 subito
2255 2538 2549 2594 vindictam
2582 2546 2761 2593 sumet
2782 2536 3064 2592 Dominus.
3096 2535 3238 2591 Bene
3271 2549 3442 2588 arma-

1869 2634 2017 2688 bitur
2063 2648 2159 2703 pes
2207 2633 2349 2703 ejus,
2381 2640 2544 2700 atque
2596 2640 2859 2700 repertam
2914 2629 3095 2683 sedem
3141 2628 3439 2698 piratarum

1870 2726 1985 2796 ipse
1999 2722 2690 2795 deprredabitur.-—AQUILA
2707 2742 2719 2776 :
2735 2723 3010 2795 Accinctus
3025 2721 3253 2795 accinget
3265 2717 3440 2780 illum;

1870 2816 1975 2872 hoc
1997 2826 2101 2883 est,
2132 2824 2375 2872 armatus
2421 2823 2475 2871 et
2520 2815 2750 2871 bellator
2790 2813 3025 2869 armabit
3052 2812 3223 2866 illum.
3256 2809 3323 2863 Et
3338 2826 3440 2862 οι·-

1871 2909 2104 2964 mabitur
2128 2911 2256 2980 pede
2284 2926 2301 2965 :
2343 2909 2457 2966 sive
2485 2910 2590 2964 hoc
2622 2909 2801 2979 potius
2829 2907 3027 2971 innuit,
3060 2892 3308 2960 armatus
3326 2903 3440 2960 Gad

1869 3013 1993 3074 post
2034 3003 2230 3059 fratres
2276 3017 2406 3059 suos
2437 2996 2816 3070 subsequetur.
2863 2996 2998 3053 Nam
3040 2997 3287 3071 quamvis
3319 3011 3440 3051 sors

1868 3098 1989 3168 ejus
2012 3105 2130 3152 erat
2155 3097 2296 3151 ultra
2315 3093 2631 3159 Iordanem,
2659 3101 2839 3147 tamen
2870 3090 3066 3146 fratres
3090 3105 3221 3146 suos
3244 3086 3441 3144 armati

1870 3188 2024 3259 sequi
2068 3188 2416 3259 jubebantur,
2461 3187 2633 3241 donec
2659 3193 2713 3240 et
2738 3184 2842 3254 ipsi
2880 3174 3055 3237 sortes
3083 3197 3212 3238 suas
3249 3189 3443 3259 censef

186 3271 651 3375 συνακολουθῆσαι
684 3278 795 3340 τοῖς
827 3256 1073 3348 ἀδελφοῖς
1104 3279 1283 3334 αὐτῶν
1316 3280 1547 3349 ἔνοπλοι,
1707 3275 1767 3338 οῦ

1873 3256 1982 3337 cuti
2010 3256 2261 3335 fuissent.
2293 3277 2403 3332 Aut
2430 3276 2658 3332 fortasse
2684 3277 2799 3329 vult
2824 3274 3071 3336 innuere,
3094 3271 3240 3340 quod
3280 3256 3445 3325 latro;

185 3360 394 3416 λάὄωσι
433 3364 674 3419 κάκεῖνοι
703 3367 828 3431 τοὺς
860 3369 1066 3423 ἑαυτῶν
1098 3369 1195 3444 κλή
1206 3374 1427 3444 ρους.Ἦ
1456 3374 1595 3445 τάχα
1617 3375 1767 3429 τοῦτο

1879 3388 2009 3428 num
2041 3387 2192 3427 more
2227 3370 2425 3426 victuri
2457 3378 2637 3425 essent
2663 3365 2891 3431 Gaditaa,
2929 3373 2985 3420 et
3027 3363 3337 3443 sodalitium
3366 3361 3460 3415 ια...

186 3450 358 3521 εἶπεν,
384 3457 471 3509 ὅτι
500 3457 777 3531 λῃστρικῷ
804 3460 990 3533 τρόπῳ
1021 3462 1242 3534 ἔμελλον
1274 3466 1372 3536 ζῇν
1411 3469 1459 3520 οἱ
1508 3467 1636 3539 περὶ
1677 3467 1767 3521 τὸν

1874 3475 2091 3521 tronum
2134 3463 2383 3526 ascituri,
2413 3476 2616 3531 eosque
2657 3459 2937 3525 sectaturi,
2973 3473 3037 3513 ac
3071 3454 3321 3512 similiter
3365 3454 3444 3507 la-

186 3546 325 3602 Γάδ’
371 3550 472 3603 καὶ⁵
505 3548 759 3621 σύστημα
789 3551 1023 3626 λῃστῶν,
1053 3557 1081 3610 ὃ
1120 3560 1233 3611 ἐστι
1274 3560 1642 3632 πειρατήριον,
1674 3557 1767 3612 λα-

1878 3557 2163 3612 trocinium
2196 3555 2426 3611 facturi.
2678 3556 2685 3563 ’
3048 3565 3055 3570 ’
3230 3556 3234 3559 ⁷
3322 3605 3330 3613 .

189 3640 299 3697 δεῖν
329 3645 433 3697 σὺν
475 3641 627 3714 αὐτῷ
668 3644 875 3714 τοῦτον,
911 3651 1004 3704 καὶ
1031 3652 1112 3704 ὅτι
1156 3652 1339 3723 μέλλει
1370 3652 1598 3706 κατόπιν
1631 3650 1778 3723 αὐτῷ
1820 3651 1989 3705 ἱέναι·
2055 3651 2148 3704 καὶ
2205 3650 2363 3713 αὐτὸς
2432 3646 2630 3718 ὁμοίως
2688 3643 3046 3716 πειρατεύων,
3096 3641 3125 3695 ὃ
3152 3643 3300 3709 ,ἐστι
3347 3638 3445 3712 λῃ-

192 3738 397 3793 στεύων
408 3779 423 3792 .

266 3834 491 3908 Ἐπειδὴ
526 3838 624 3909 τῆς
650 3841 709 3893 ὲν
732 3838 882 3912 νόμῳ
910 3843 1067 3906 σκιᾶς
1097 3844 1376 3908 οἱονείπως
1409 3843 1770 3916 συνεσταλμέ-

190 3943 304 3996 νης,
322 3930 425 3983 καὶ
444 3931 547 4001 τῆς
571 3932 632 3984 ὲν
653 3932 923 4005 πνεύματι
945 3935 1039 3987 καὶ
1062 3936 1294 4006 ἀληθοῦς
1322 3938 1576 4011 λατρείας
1600 3940 1772 3991 είνσκε-

191 4018 567 4089 κοσμημένης,
588 4020 978 4096 λαμπροτέρων
1005 4024 1110 4078 ἔδει
1134 4025 1209 4096 τῷ
1233 4028 1439 4098 κόσμῳ,
1458 4027 1769 4100 είσκέκλην-

191 4125 277 4163 ται
314 4110 459 4182 πρὸς
490 4111 649 4166 τοῦτο
672 4113 854 4167 λοιπὸν
878 4118 925 4168 οἱ
952 4115 1225 4171 θεσπέσιοι
1264 4118 1525 4189 μαθηταὶ,
1561 4120 1654 4173 καὶ
1693 4123 1771 4185 είς

193 4200 281 4253 τὸν
302 4203 418 4256 τῶν
460 4204 600 4257 κατὰ
632 4205 793 4276 νόμον
831 4206 1156 4279 καθηγητῶν
1189 4212 1514 4283 εἰσέφρησαν
1547 4212 1767 4284 κλῆρον.

195 4290 379 4358 Οῦτως
432 4296 543 4366 γάρ
573 4313 656 4349 τοι
693 4298 827 4369 πρὸς
858 4316 955 4370 μεν
981 4300 1079 4370 τὴν
1106 4300 1213 4354 τῶν
1251 4301 1514 4357 Ἰουδαίων
1539 4304 1769 4376 μητέρα,

196 4387 332 4455 φημὶ
374 4387 445 4462 δὴ
497 4387 596 4458 τὴν
650 4387 1023 4463 Ἰερουσαλὴμ,
1069 4391 1284 4461 ἐλέγετο
1325 4396 1477 4467 παρὰ
1514 4395 1647 4450 Θεοῦ
1680 4397 1769 4451 διὰ

194 4471 288 4541 τῆς
325 4473 426 4526 τοῦ
453 4474 744 4544 ψάλλοντος
788 4480 988 4550 φωνῆς’
1031 4481 1186 4537 Ἀντί
1228 4482 1346 4537 τῶν
1383 4486 1620 4555 πατρῶν
1653 4505 1771 4544 σου

196 4561 611 4651 ἐγεννήθησαν
635 4569 688 4620 οἱ
713 4569 833 4622 υἱοί
861 4585 997 4624 σου·
1030 4573 1332 4640 τουτέστιν,
1362 4578 1411 4629 οἱ
1447 4578 1528 4630 σοὶ
1553 4595 1770 4651 χρηματ-

1945 3835 2390 3905 Quandoquidem
2433 3834 2625 3889 umbra
2668 3831 2803 3901 legis
2831 3812 3232 3900 quodammodo
3262 3823 3443 3880 subla-

1878 3938 1953 3993 ta,
1986 3926 2404 3997 introductoque
2450 3926 2595 3981 cultu
2651 3922 2879 3996 spiritali
2932 3935 3190 3990 veroque,
3238 3915 3445 3986 majore

1877 4021 1999 4075 luce
2052 4018 2290 4074 mundus
2339 4017 2612 4089 indigebat
2646 4035 2660 4072 :
2692 4023 2976 4086 propterea
3025 4010 3225 4089 in‘boc
3267 3997 3455 4063 vocati.

1878 4120 2009 4168 sunt
2034 4110 2290 4181 deinceps
2338 4109 2507 4166 divini
2562 4110 2836 4179 discipuli,
2868 4118 3029 4179 atque
3052 4092 3121 4161 :in
3155 4103 3443 4159 doctorum

1874 4206 2010 4277 legis
2031 4213 2234 4261 sortem
2266 4203 2445 4260 asciti.
2474 4202 2552 4258 Ita
2582 4204 2726 4258 enim
2759 4203 3079 4257 ad'matrem
3108 4197 3450 4282 Iudaeorum,

1874 4297 2306 4371 Hierosolymam
2341 4298 2531 4356 innuo.
2560 4297 2764 4351 dictum
2798 4305 2881 4351 est
2913 4312 2943 4350 a
2992 4295 3102 4348 Deo
3144 4299 3446 4363 per'vocem

1875 4394 2158 4463 psallentis
2192 4409 2205 4446 :
2240 4392 2348 4447 Pro
2384 4392 2626 4463 patribus
2663 4394 2766 4446 tuis
2804 4391 2919 4446 nati
2960 4400 3081 4445 sunt
3120 4389 3215 4444 tibi
3241 4387 3342 4458 ﬁlii
3368 4388 3443 4452 ὀι

1872 4486 1978 4542 hoc
2027 4495 2130 4550 est,
2177 4484 2272 4555 qui
2319 4485 2412 4540 ﬁlii
2448 4486 2524 4540 tui
2576 4495 2868 4549 vocantur,
2904 4472 3085 4539 locum
3114 4492 3168 4538 et
3197 4480 3444 4537 ordinem

1874 4588 2087 4649 patrum
2138 4579 2317 4634 sortiti
2364 4587 2511 4634 sunt.
2544 4578 2719 4649 Atque
2766 4576 2832 4633 ad
2865 4575 3153 4632 Dominum
3186 4582 3442 4651 nostrum

196 4650 434 4716 τίζοντες
467 4655 597 4719 υἱοὶ,
626 4656 725 4728 τὴν
755 4657 864 4711 τῶν
895 4660 1117 4732 πατρῶν
1146 4661 1299 4727 τάξιν
1339 4664 1601 4736 διέλαχον.
1626 4650 1767 4739 Πρὸς

1873 4667 2056 4724 Iesum
2113 4668 2387 4727 Christum
2439 4686 2452 4721 :
2496 4667 2796 4725 Constitues
2849 4684 2934 4722 eos
2985 4650 3241 4737 principes
3289 4680 3445 4735 super

198 4741 257 4794 ae
279 4760 341 4812 γε
364 4744 455 4798 τὸν
488 4747 692 4819 Κύριον
717 4749 871 4819 ἡμῶν
916 4752 1120 4823 Ἰησοῦν
1164 4755 1429 4828 Χριστόν,
1457 4760 1767 4829 Καταστή-

200 4849 326 4900 cecc
357 4838 582 4905 αὐτοὺς
625 4839 921 4911 ἄρχοντας
964 4845 1061 4899 ἐπὶ
1106 4846 1311 4902 πᾶσαν
1355 4851 1468 4919 τὴν
1496 4850 1631 4921 γῆν.
1658 4854 1769 4906 Καὶ

206 4930 320 4994 μετ’
348 4927 523 4998 ὀλίγα,
546 4931 685 5002 πλὴν
713 4934 795 4987 ὅτι
821 4935 883 4988 τὸ
908 4936 1095 5009 ἄρχειν
1122 4940 1306 5005 αὐτοῖς
1326 4943 1426 4997 οὐκ
1456 4943 1767 4998 ἀταλαίπω-

208 5031 307 5109 ρον
330 5017 476 5074 ἔσται
509 5023 809 5089 παντελῶς.
839 5026 1102 5096 Ἔμελλον
1145 5029 1201 5084 δὲ
1236 5030 1432 5102 μᾶλλον
1462 5034 1553 5087 καὶ
1583 5036 1771 5109 ἀναρι-

205 5105 419 5178 θμήτων
470 5114 763 5186 πειρᾶσθαι
811 5117 1023 5173 κακῶν·
1071 5122 1632 5196 παραποδισθήσονται
1679 5105 1768 5192 δὲ,

207 5200 305 5252 καὶ
333 5202 531 5297 οὐκ-είς
562 5205 707 5297 ἅπαν
738 5211 1028 5297 εὑρήσουσι
1065 5214 1165 5286 τῆς
1196 5214 1495 5287 ἀποστολῆς
1523 5219 1615 5272 τὸν
1652 5219 1773 5291 δρό-

338 5293 592 5349 κινδύνων
631 5293 1074 5371 ἀπηλλαγμένον,
1121 5306 1169 5357 εί
1211 5305 1287 5367 ὡς
1318 5306 1377 5359 ὲν
1411 5304 1564 5378 τύπῳ
1596 5325 1773 5381 παρα-

206 5379 485 5453 δείγματος
514 5388 795 5461 ὑπέφηνεν
822 5392 990 5447 εἰπὼν
1008 5434 1022 5458 ,
1047 5395 1128 5448 ὃτι
1171 5397 1491 5466 γενηθήτω·
1526 5400 1648 5453 ἀντὶ
1676 5379 1770 5454 τοῦ

210 5471 355 5527 ἔσται
377 5477 432 5530 ὲν
458 5476 537 5548 τῷ
561 5478 669 5532 Δάν
696 5483 724 5535 ὁ
756 5482 864 5537 τῶν
900 5483 1204 5539 διωκόντων
1230 5485 1401 5557 δῆμος
1426 5487 1501 5552 ὡς
1540 5489 1672 5559 ὄφις
1702 5491 1772 5543 ἐν

215 5563 329 5630 έδῷ
356 5570 686 5640 καθήμενος
723 5573 821 5626 ἐπὶ
860 5577 1080 5644 τρίϐου,
1110 5578 1346 5633 δάκνων
1372 5580 1633 5649 πτέρναν
1671 5583 1767 5634 ἵπ-

214 5667 345 5710 που.
393 5660 647 5717 ’τουτέστι
699 5665 846 5720 δεινὰ
895 5668 989 5721 καὶ
1032 5669 1246 5739 ἄφυκτα
1287 5670 1535 5743 δήγματα
1573 5672 1764 5738 διδούς·

288 5795 311 5827 ¹
342 5792 463 5856 Luc.
496 5816 557 5869 ιι,
583 5800 674 5857 54.
778 5806 817 5835 ¹⁰
847 5803 988 5861 Psal.
1024 5823 1170 5872 xuv,
1208 5807 1298 5861 l7.

1875 4777 2077 4816 omnem
2106 4770 2322 4817 terram.
2352 4760 2552 4816 Verum
2577 4777 2701 4817 mox
2728 4761 3063 4832 principatus
3089 4759 3178 4813 hic
3200 4746 3306 4813 illis
3336 4772 3443 4812 non

1875 4854 2098 4909 omnino
2127 4854 2456 4910 calamitatis
2486 4870 2681 4926 expers
2719 4866 2834 4910 erat
2875 4852 3131 4918 futurus;
3158 4851 3444 4906 innumera

1873 4942 2016 4996 enim
2057 4944 2240 5013 potius
2281 4943 2517 5014 experiri
2562 4945 2705 4999 mala
2736 4943 3025 5007 debebant,
3053 4950 3109 4997 et
3152 4939 3441 5010 impediri;

1873 5048 1972 5088 nec
1995 5035 2220 5089 omnino
2248 5050 2472 5090 cursum
2506 5036 2843 5105 apostolatus
2870 5034 3109 5090 invenire
3141 5034 3443 5088 immunem

1872 5142 1903 5179 ιι
1942 5124 2219 5195 periculis,
2249 5126 2393 5196 quod
2437 5125 2586 5180 velut
2623 5126 2855 5196 exempli
2890 5128 3061 5195 figura
3095 5120 3441 5194 signiﬁcavit,

1870 5233 1993 5271 cum
2026 5216 2162 5272 dixit
2195 5236 2208 5271 :
2240 5215 2389 5281 Fiat,
2420 5218 2523 5273 hoc
2548 5227 2632 5272 est
2664 5217 2755 5272 fiet
2784 5217 2835 5271 in
2872 5216 2984 5270 Dan
3033 5222 3442 5286 perseeutorum

1870 5307 2158 5363 multitudo
2186 5319 2443 5379 tanquam
2484 5327 2692 5379 serpens
2734 5311 2788 5364 in
2820 5310 2906 5364 via
2934 5309 3116 5364 sedens
3146 5309 3201 5362 in
3231 5304 3439 5370 semita,

1869 5398 2117 5457 mordens
2142 5401 2445 5456 caleaneum
2477 5403 2616 5472 equi.
2652 5399 2767 5457 Hoc
2794 5410 2897 5467 est,
2933 5415 3123 5473 graves
3152 5408 3207 5453 et
3238 5395 3444 5469 pericu-

1868 5493 2014 5550 losos
2055 5510 2276 5551 morsus
2319 5493 2476 5565 figet,
2528 5505 2587 5551 ut
2633 5496 2809 5550 solent
2843 5509 2964 5549 esse
3004 5484 3342 5563 serpentium
3378 5502 3446 5543 ac

1866 5585 2179 5656 viperarum
2213 5602 2433 5644 morsus
2479 5587 2792 5659 periculosi.
2830 5585 3100 5641 Calcaneo
3139 5585 3318 5637 antem
3360 5580 3449 5634 ina

1864 5677 2116 5753 ﬂigentur
2149 5698 2160 5733 :
2193 5696 2317 5734 nam
2368 5682 2476 5751 ipse
2507 5691 2732 5736 conteret
2766 5688 2922 5748 caput
2968 5688 3142 5745 tuum,
3174 5687 3223 5731 et
3278 5687 3330 5729 tu
3361 5676 3447 5733 iit-
