3966 6344
582 300 688 362 599

1464 308 1521 365 S.
1567 309 1933 369 HIPPOLYTI
1974 314 2124 370 OPP.
2169 314 2348 371 PARS
2383 316 2425 373 1.
2461 347 2531 360 -
2566 317 2980 376 EXEGETICA.
3657 336 3737 392 mo

584 422 895 494 Scripturas
941 428 1230 484 exiuanivit
1270 431 1337 494 υ,
1364 429 1655 488 demittens
1686 434 1830 490 ultro
1876 451 1935 492 se
1983 436 2146 505 ipsun':

2263 438 2593 492 xsxérwxsr
2625 438 2842 493 ἑαυτὸν
2884 438 3025 492 κατὰ
3060 437 3159 502 τὰς
3200 438 3426 511 Γραφὰς,
3461 447 3622 512 καθεὶς
3647 453 3741 507 tea.

581 513 640 571 in
670 516 722 571 id
752 518 898 587 quod
927 535 1037 574 non
1080 530 1219 585 erat,
1247 531 1302 575 et
1338 523 1499 577 vilem
1548 523 1753 579 hancce
1802 540 2023 581 carnem
2071 527 2155 580 in-

581 607 723 671 duit,
755 618 918 678 atque
959 611 1015 664 in
1066 613 1201 665 servi
1230 611 1403 681 [arma
1447 616 1724 683 apparuit,
1760 615 1871 671 Deo
1917 626 1982 671 et
2008 616 2157 672 Patri

581 698 758 780 factus
805 700 1046 758 obediens
1086 720 1249 774 usque
1297 705 1367 758 ad
1400 715 1655 770 mortem;
1700 716 1971 778 eapropter
1999 708 2150 763 dein-

582 805 711 861 ceps
739 800 788 845 et
816 794 1239 863 superexallatus
1267 795 1499 866 legitur;
1536 806 1592 853 et
1625 805 1882 869 tauquam
1913 800 1964 855 id
1990 815 2157 871 prope

582 897 694 941 non
730 886 935 942 habens
966 899 1187 959 propter
1226 889 1518 947 humanam
1547 900 1819 955 naturam,
1843 907 1910 948 ac
1933 893 2155 962 gratuiti

580 976 760 1031 instar
784 978 932 1045 doni,
961 980 1168 1049 accepit
1207 997 1397 1034 nomen
1444 998 1600 1050 super
1639 997 1789 1036 omne
1826 999 2032 1051 nomen,
2062 1001 2154 1040 se-

581 1071 823 1124 cundum
856 1071 995 1125 beati
1030 1070 1183 1127 Pauli
1209 1073 1393 1127 verba.
1428 1071 1533 1128 Sed
1576 1089 1640 1131 ex
1684 1074 1759 1129 rei
1792 1076 2036 1139 veritate,
2066 1093 2154 1133 res

577 1170 760 1217 tamen
812 1163 929 1232 ipsa
982 1180 1087 1223 non
1124 1173 1240 1219 erat
1270 1181 1459 1220 eorum
1495 1166 1698 1221 donum
1729 1182 1852 1237 quae
1884 1170 1953 1223 ab
1996 1170 2154 1226 initio

576 1255 907 1311 naturaliter
955 1257 1009 1311 in
1054 1272 1120 1311 eo
1158 1257 1303 1312 haud
1357 1267 1542 1313 essent
1569 1258 1753 1330 (longe
1793 1260 1950 1315 aliter
1976 1278 2035 1317 se
2064 1279 2153 1319 res

576 1348 796 1419 habet);
837 1351 929 1405 sed
973 1350 1156 1419 potius
1201 1350 1410 1405 reditus
1452 1351 1849 1421 existimandus
1877 1363 1961 1409 est
1989 1362 2043 1409 et
2067 1370 2155 1411 re-

524 1474 537 1507 ρ
580 1456 776 1503 cursus
810 1440 876 1495 ad
917 1441 991 1505 id,
1024 1442 1170 1512 quod
1210 1442 1280 1498 ab
1322 1441 1479 1497 initio
1510 1445 1875 1500 essentialiter
1907 1452 1961 1500 et
2002 1446 2152 1503 inse--

516 1588 519 1589 ν
576 1533 896 1603 parabiliter
922 1533 973 1588 ei
1004 1535 1200 1588 inerat.
1234 1533 1601 1600 Quamobrem
1634 1545 1689 1590 et
1718 1553 1843 1591 cum
1879 1553 1976 1607 per
2005 1554 2155 1594 uaco-

576 1626 817 1681 nomiam
846 1626 1150 1682 humilitate
1173 1628 1355 1683 carnis
1375 1637 1522 1683 esset
1547 1629 1790 1697 indutus,
1815 1631 1891 1685 ait
1915 1649 1931 1686 :
1966 1631 2151 1698 Pater,

572 1719 816 1790 gloriﬁca
848 1736 929 1773 me
957 1720 1127 1790 gloria
1152 1736 1311 1790 quam
1338 1720 1499 1775 habui
1524 1722 1591 1789 υ,
1612 1732 1665 1778 et
1684 1738 1805 1793 qua:
1827 1733 2150 1794 sequuntur.

2258 528 2443 601 λοντὴς
2470 530 2658 583 ἑαυτὸν
2689 532 2770 593 εἰς
2805 529 2942 601 ὅπερ
2969 529 3070 583 οὐκ
3099 525 3188 601 ἦν,
3215 532 3304 584 καὶ
3344 534 3432 606 τὴν
3461 538 3620 605 ἄδοξον
3641 544 3741 596 md.

2256 637 2355 690 την
2390 619 2569 692 σάρκα
2599 620 2932 692 ἠμπέσχετο,
2960 619 3054 672 καὶ
3084 619 3142 671 ὲν
3172 622 3236 693 τῇ
3254 621 3354 675 τοῦ
3374 622 3571 680 δούλου
3583 632 3743 701 μορφῇ

2258 712 2463 784 πέφηνε
2497 711 2607 783 (7),
2640 710 2898 782 γεγονὼς
2928 710 3197 778 ὑπήκοος
3232 711 3307 783 τῷ
3351 713 3459 786 Θεῷ
3499 718 3582 771 καὶ
3607 720 3744 794 Πατρὶ

2249 802 2427 872 μέχρι
2468 803 2747 868 θανάτου,
2790 802 2976 871 ταύτῃ
3024 819 3104 856 τοι
3142 801 3318 855 λοιπὸν
3355 804 3747 878 καὶύπερυψοῦ-

2255 899 2398 949 σθαι
2439 895 2676 965 λέγεταιο
2715 895 2808 949 καὶ
2841 895 2917 960 ὼς
2961 896 3062 949 οὐκ
3094 894 3228 966 ἔχων
3259 895 3343 949 διὰ
3378 898 3435 951 τὸ
3472 899 3745 971 ἀνθρώπινον

2258 987 2557 1057 μονονουχὶ,
2585 986 2679 1041 καὶ
2706 988 2763 1038 ὲν
2789 986 3007 1058 χάριτος
3037 986 3222 1058 μοίρᾳ,
3246 986 3493 1059 λαμϐάνει
3520 991 3580 1043 τὸ
3604 991 3748 1061 ἄνομα

2253 1082 2321 1134 τὸ
2356 1079 2507 1149 ὑπὲρ
2548 1079 2669 1135 πᾶν
2698 1079 2903 1149 ὄνομα,
2937 1079 3079 1134 κατὰ
3110 1080 3207 1152 τὴν
3246 1079 3336 1133 τοῦ
3375 1083 3611 1154 μακαρίου
3638 1083 3748 1138 Παύ-

2254 1170 2345 1225 λου
2391 1173 2594 1244 φωνήν.
2644 1170 2780 1225 Ἀλλ’
2809 1166 2877 1242 ἦν
2906 1170 2966 1224 τὸ
3016 1171 3204 1243 χρῆμα
3249 1172 3384 1226 κατὰ
3411 1173 3467 1225 τὸ
3501 1173 3667 1245 ἀληθὲς
3692 1175 3750 1248 (8)

2253 1264 2314 1318 οὐ
2348 1264 2490 1326 δόσις
2523 1263 2598 1326 ὡς
2629 1264 2685 1315 ὲν
2717 1265 2857 1334 ἀρχῇ
2890 1263 2995 1316 τῶν
3017 1264 3119 1317 οὐκ
3146 1263 3363 1317 ἐνόντων
3383 1264 3517 1335 αὐτῷ
3539 1267 3750 1334 φυσικῶς,

2254 1354 2450 1409 πολλοῦ
2494 1371 2559 1424 γε
2591 1356 2684 1408 καὶ
2729 1354 2825 1407 δεῖξ’
2877 1357 3044 1408 νοοῖτο
3066 1354 3111 1407 δ’
3144 1354 3210 1408 ἂν
3249 1356 3435 1425 μᾶλλον
3467 1358 3752 1429 ἁναφοίτησις

2255 1442 2350 1494 καὶ
2399 1441 2674 1513 ἀναδρομὴ
2706 1442 2840 1514 πρὸς
2873 1442 2932 1496 τὸ
2983 1444 3041 1495 ὲν
3090 1443 3230 1515 ἀρχῇ
3275 1446 3366 1498 καὶ
3411 1445 3649 1509 οὑσιωδῶς
3682 1449 3754 1501 καὶ

2255 1532 2647 1606 ἀναποόλήτως
2680 1535 2922 1607 ὑπάρχον
2954 1535 3122 1607 αὐτῷ.
3152 1538 3431 1610 Τοιγάρτοι
3458 1539 3543 1592 καὶ
3566 1540 3753 1608 ἔφασκεν

2253 1625 2282 1676 ὁ
2314 1622 2413 1693 τῆς
2437 1624 2857 1697 ἀνθρωπότητος
2890 1626 2950 1680 τὸ
2985 1630 3391 1701 σμικροπρεπὲς
3421 1630 3622 1694 ὐποδοὺς
3646 1634 3755 1686 οἰκο-

2255 1715 2512 1785 νομικῶς·
2562 1716 2777 1786 Πάτερ,
2821 1716 3089 1782 δόξασόν
3134 1737 3211 1789 με
3260 1718 3333 1789 τῇ
3372 1720 3509 1791 δόξῃ
3544 1717 3579 1793 ᾖ
3610 1719 3755 1792 εἶχον.

577 1810 806 1881 Semper
835 1811 980 1866 enim
1013 1821 1129 1867 erat
1171 1812 1225 1875 in
1264 1813 1435 1883 gloria
1478 1814 1681 1880 divina,
1718 1814 1810 1884 qui
1833 1825 1959 1870 ante
1989 1830 2146 1871 omne

2256 1809 2349 1861 καὶ
2381 1808 2449 1862 τὰ
2482 1808 2623 1880 ἑξῆς.
2668 1809 2779 1865 Ἀεὶ
2804 1808 2913 1881 γὰρ
2944 1805 3010 1881 ἦν
3037 1813 3095 1865 ὲν
3122 1810 3248 1883 δόξῃ
3274 1810 3564 1885 θεοπρεπεῖ,
3585 1814 3651 1884 τῷ
3673 1813 3756 1885 ἰδίῳ

573 1920 747 1958 aevum
775 1913 830 1958 et
859 1912 1073 1974 tempus
1095 1914 1260 1974 atque
1303 1914 1430 1964 ante
1476 1907 1667 1963 mundi
1700 1909 2148 1973 constitutionem

569 1997 793 2073 proprio
822 1995 969 2051 Patri
997 1998 1297 2053 coexsistit.

643 2088 971 2160 lntelligitur
1020 2090 1184 2144 etiam
1215 2091 1603 2147 convenienter
1646 2107 1743 2163 per
1767 2093 2152 2151 adolescentio-

569 2196 681 2237 rem
715 2181 829 2236 sive
846 2180 1138 2250 juniorem.
1194 2183 1462 2251 Apparuit
1512 2183 1659 2237 enim
1721 2184 1775 2237 in
1818 2184 2025 2240 ultimis
2050 2186 2151 2245 aevi

567 2274 933 2344 temporibus,
964 2281 1018 2327 et
1046 2282 1167 2343 post
1189 2282 1504 2330 sanctorum
1534 2275 1921 2346 prophetarum
1950 2278 2146 2346 glorio-

570 2382 693 2423 sum
726 2375 781 2420 et
835 2364 1062 2436 dignum
1116 2381 1302 2424 amore
1341 2367 1568 2422 chorum
1595 2408 1610 2431 ,
1659 2375 1715 2422 et
1741 2367 2061 2437 simpliciter
2086 2384 2152 2426 ac

569 2458 743 2514 semel
766 2466 825 2512 ut
849 2458 1055 2521 dicam,
1085 2468 1208 2528 post
1241 2474 1434 2514 omnes
1480 2469 1751 2529 quotquot
1781 2470 1909 2515 ante
1936 2470 2150 2529 tempus

567 2550 996 2616 incarnationis,
1029 2550 1082 2602 in
1115 2549 1310 2604 ordine
1341 2550 1581 2605 ﬁliorum
1615 2550 1686 2605 ob
1724 2551 1978 2606 virtutem
2003 2566 2152 2606 com-

567 2642 745 2715 putati
794 2650 943 2697 sunt.
1005 2641 1221 2698 Zelatus
1255 2651 1436 2697 autem
1489 2642 1638 2712 quod
1670 2643 1871 2699 dicitur
1927 2641 2149 2698 Emma-

567 2732 719 2798 nuel,
744 2741 829 2787 est
851 2732 1259 2802 quodammodo
1285 2733 1620 2803 ambiguum.
1648 2731 1762 2787 lmo
1791 2748 1920 2787 vero
1940 2733 2149 2790 zelatus

571 2827 688 2881 sive
717 2827 1062 2882 tumulandus
1090 2834 1175 2882 est
1228 2826 1454 2894 sanctis,
1499 2827 1594 2896 qui
1646 2825 1876 2898 vestigia
1916 2828 2037 2898 ejus
2062 2843 2150 2884 se-

568 2918 707 2977 etari
736 2919 1016 2974 studentes
1045 2921 1113 2977 ad
1157 2919 1399 2974 divinam
1451 2918 1571 2988 ejus
1597 2920 2053 2988 pulchritudinem
2091 2936 2151 2978 se

568 3013 938 3077 conformant,
972 3022 1027 3069 et
1048 3014 1227 3083 ipsum
1261 3012 1369 3069 sibi
1416 3022 1737 3083 proponunt
1767 3014 2149 3083 praescriptum

569 3121 761 3162 eorum
792 3122 915 3175 qua:
935 3120 1096 3176 agere
1126 3106 1382 3168 debeant,
1441 3119 1825 3173 summamque
1880 3103 2007 3159 inde
2038 3105 2150 3174 glo—
2174 3138 2216 3195 Ο

567 3199 710 3253 riam
741 3198 1007 3252 referunt.
1040 3195 1257 3251 Zelatus
1287 3211 1416 3251 vero
1441 3196 1606 3255 etiam
1635 3196 1689 3250 in
1723 3196 1890 3251 alium
1918 3194 2143 3265 intelligi

569 3290 794 3344 modum
820 3298 1018 3360 potest,
1075 3289 1180 3345 hoc
1231 3300 1317 3345 est
1361 3289 1567 3344 invidia
1619 3289 1821 3359 petitus
1849 3288 1916 3342 ab
1945 3288 2012 3343 iis
2048 3288 2144 3357 qui

570 3397 697 3435 eum
729 3397 837 3435 non
892 3380 1156 3450 diligunt;
1213 3381 1469 3444 ducibus,
1502 3381 1751 3451 inquam,
1806 3378 2141 3445 Judaaorum,

568 3472 684 3528 sive
716 3472 925 3528 Scribis
980 3482 1146 3544 atque
1196 3472 1521 3539 Pharisacis;
1555 3472 1653 3542 qui
1710 3471 1968 3527 acerbum
1998 3471 2053 3525 in
2083 3485 2143 3525 se

568 3562 933 3630 parturientes
965 3563 1162 3628 zelum,
1212 3571 1267 3618 et
1314 3563 1530 3618 invidia:
1563 3562 1850 3617 materiam
1878 3560 2140 3616 facientes

570 3654 676 3708 sibi
706 3670 769 3708 ex
797 3654 919 3724 ejus
948 3670 1069 3725 quae
1095 3655 1231 3725 eripi
1267 3655 1343 3709 illi
1374 3670 1483 3709 non
1513 3663 1690 3724 potest
1729 3655 1920 3725 gloria,
1954 3652 2141 3709 multis

567 3747 748 3801 modis
799 3761 921 3801 eum
973 3747 1284 3816 captabant.
1317 3745 1572 3802 Christus
1634 3747 1853 3816 quidem
1886 3746 2136 3801 invitam

566 3848 918 3895 revocaverat
947 3846 1192 3893 mortuos
1214 3838 1327 3906 jam
1370 3836 1621 3895 [ualentes
1662 3848 1716 3892 et
1744 3847 2048 3907 corruptos,
2088 3845 2143 3892 et

567 3934 673 3997 alia
707 3934 888 3988 divina
914 3935 1066 4001 signa
1087 3933 1335 3989 ediderat
1362 3951 1376 3999 ;
1407 3934 1551 3988 unde
1602 3932 1686 3989 fas
1725 3944 1846 3988 erat
1874 3934 1999 3988 illos
2025 3941 2141 3989 stu-

565 4034 758 4095 pentcs
810 4025 877 4080 ad
931 4026 1072 4090 ista,
1139 4028 1361 4081 credere
1435 4041 1612 4095 neque
1694 4026 1930 4095 amplius
1981 4024 2142 4079 dubi-

2257 1902 2613 1974 συνυπάρχων
2657 1903 2940 1975 γεννήτορι
2987 1903 3093 1975 πρὸ
3122 1906 3324 1969 παντὸς
3356 1905 3536 1972 αἰῶνος
3562 1907 3642 1959 καὶ
3661 1907 3756 1977 χρό-

2254 2012 2344 2049 νου
2376 1994 2472 2048 καὶ
2503 1994 2601 2065 τῆς
2631 1994 2723 2051 τοῦ
2748 1997 2951 2067 κόσμου
2980 1999 3303 2069 καταϐολῆς.

2324 2085 2513 2138 Νοοῖτο
2532 2084 2575 2136 δ’
2607 2084 2672 2139 ἂν
2700 2086 2923 2150 εἰκότως
2950 2088 3044 2141 καὶ
3070 2088 3376 2155 νεώτατος.
3393 2088 3587 2160 Πέφηνε
3612 2088 3699 2158 γὰρ
3715 2087 3763 2147 tv.

2252 2176 2576 2240 τελευταίοις
2616 2177 2709 2230 τοῦ
2762 2177 2956 2243 αἰῶνος
3005 2183 3239 2252 καιροῖς,
3277 2181 3370 2235 καὶ
3424 2180 3550 2254 μετὰ
3583 2178 3658 2233 τὸν
3679 2178 3760 2234 τῶν

2252 2268 2422 2337 ἁγίων
2440 2268 2735 2340 προφητῶν
2752 2269 2949 2324 εὐκλεᾶ
2977 2288 3037 2324 τε
3065 2271 3161 2326 καὶ
3183 2269 3502 2341 ἀξιάγαστον
3527 2271 3678 2342 χορὸν,
3690 2269 3760 2323 καὶ

2254 2360 2400 2428 ἅπαξ
2432 2361 2619 2425 ἁπλῶς
2668 2362 2806 2433 μετὰ
2849 2364 3056 2428 πάντας
3085 2364 3213 2428 τοὺς
3263 2364 3370 2435 πρὸ
3400 2363 3493 2433 τῆς
3528 2363 3760 2433 ἐπιδημίας

2251 2452 2327 2517 ὡς
2355 2455 2413 2506 ὲν
2442 2452 2574 2507 υἱῶν
2597 2453 2746 2521 τάξει
2774 2453 3188 2527 λελογισμένους
3213 2455 3279 2509 δι’
3310 2458 3520 2528 ἀρετήν.
3544 2452 3759 2521 Ζηλωτὲς

2251 2544 2309 2599 δὲ
2339 2545 2418 2597 ὃτι
2444 2544 2664 2614 γέγονεν
2694 2548 2724 2600 ὁ
2789 2547 3133 2619 Ἐμμανουὴλ
3191 2547 3311 2612 πῶς
3352 2549 3493 2601 ἐστιν
3546 2545 3760 2618 ἀμφιϐάλ-

2251 2634 2384 2692 λειν.
2430 2638 2590 2692 Ἀλλὰ
2621 2636 2860 2711 ζηλωτὸς
2900 2639 2997 2710 μὲν
3032 2639 3211 2710 ἁγίοις
3255 2640 3303 2694 οἳ
3338 2643 3447 2704 τοῖς
3476 2639 3651 2711 ἴχνεσιν
3690 2637 3761 2691 αὑ-

2251 2727 2346 2782 τοῦ
2376 2730 2792 2785 κατακολουθεῖν
2820 2732 3234 2797 σπουδάζοντες,
3267 2733 3360 2786 καὶ
3389 2732 3519 2804 πρὸς
3558 2730 3611 2784 τὺ
3657 2728 3762 2781 θεῖον

2251 2820 2418 2875 αὑτοῦ
2459 2821 2823 2895 μορφούμενοι
2853 2821 3066 2887 κάλλος,
3102 2824 3268 2878 αὐτόν
3306 2841 3363 2877 τε
3395 2822 3672 2892 ποιούμενοι
3695 2819 3761 2872 τὸν

2252 2916 2544 2985 πρακτέων
2583 2917 2969 2988 ὑπογραμμὸν,
3020 2915 3120 2987 τὴν
3158 2917 3386 2973 ἁπασῶν
3428 2915 3635 2988 ἀρίστην
3659 2912 3760 2966 tunc

2251 3004 2507 3075 φέρονται
2537 3002 2711 3070 δόξαν·
2742 3006 2988 3077 Ζηλωτός
3030 3022 3095 3074 γε
3150 3006 3259 3079 μὴν
3292 3007 3385 3061 καὶ
3410 3005 3523 3060 καθ’
3545 3004 3700 3074 ἕτερον
3713 3000 3767 3053 ἂν

2250 3099 2421 3151 νοοῖτο
2449 3097 2647 3167 τρόπον
2688 3101 2799 3161 τοῖς
2824 3099 2924 3151 οὐκ
2973 3099 3195 3169 ἀγαπᾷν
3228 3095 3545 3169 εἰρημένοις
3578 3090 3764 3164 φημὶδὴ

2250 3190 2361 3250 τοῖς
2389 3188 2498 3240 τῶν
2542 3188 2812 3243 Ἰουδαίων
2860 3188 3225 3261 καθηγηταῖς,
3259 3190 3376 3260 ἦτοι
3420 3190 3523 3251 τοῖς
3553 3187 3763 3257 Γραμμα-

2246 3282 2397 3335 τεῦσι
2433 3284 2526 3336 καὶ
2552 3283 2884 3354 Φαρισαίοιςε
2916 3285 2964 3337 οἳ
2995 3284 3195 3356 πικρὸν
3231 3286 3290 3339 ὲν
3313 3286 3516 3345 ἑαυτοῖς
3541 3279 3767 3339 ὼδίνοντες

2247 3373 2408 3445 ζῆλον
2434 3376 2528 3428 καὶ
2561 3374 2859 3445 βασκανίας
2906 3375 3162 3431 ὑπόθεσιν
3190 3376 3291 3447 τὴν
3319 3373 3673 3447 ἀπαράδλητον
3694 3366 3766 3421 αὐ-

2244 3468 2339 3522 τοῦ
2375 3469 2688 3540 ποιούμενοι
2715 3469 2873 3536 δόξαν
2895 3470 3037 3525 κατὰ
3067 3471 3302 3537 πολλοὺς
3329 3470 3541 3542 ἧλισκον
3559 3464 3762 3537 τρόπους·

2246 3564 2501 3635 Διανίστη
2534 3563 2632 3634 μὲν
2662 3562 2771 3636 γὰρ
2797 3565 2922 3629 τοὺς
2958 3566 3187 3635 νεκροὺς
3237 3567 3267 3619 ὁ
3304 3562 3529 3636 Χριστὸς
3556 3554 3765 3614 ὀδωδότας

2247 3655 2349 3725 ἤδη
2402 3657 2496 3710 καὶ
2525 3655 2973 3726 διεφθαρμένους,
3023 3654 3120 3708 καί¹
3169 3654 3270 3719 τὰς
3298 3652 3462 3716 ἄλλας
3500 3640 3765 3716 θεοσημείας

2246 3748 2511 3801 ἐπετέλεν
2542 3749 2668 3811 τοὺς
2721 3748 2776 3802 δὲ
2824 3747 3267 3820 κατατεθηπέναι
3315 3746 3430 3800 δέον
3470 3744 3557 3797 καὶ
3592 3731 3766 3809 πρὸςτδ

2248 3838 2443 3908 χρῆναι
2474 3837 2751 3891 πιστεύειν
2783 3837 2979 3904 ἵεσθαι,
3025 3837 3212 3891 λοιπὸν
3240 3835 3391 3890 οὐδὲν
3435 3828 3763 3892 ἐνδοιάζοντας·

2247 3932 2309 3984 Οί
2341 3930 2397 3983 δὲ
2425 3931 2582 3984 τοῦτο
2614 3932 2710 4002 μὲν
2733 3931 2834 3984 οὐκ
2869 3930 3058 4004 ἔδρων,
3111 3929 3401 3983 ὲδάκνοντο
3429 3926 3483 3979 δὲ
3512 3923 3583 3994 τῷ
3610 3917 3765 3989 φθόνῳν

2248 4024 2344 4076 καὶ
2370 4023 2572 4096 πικρὰς
2602 4025 2681 4087 είς
2709 4021 2834 4078 νοῦν
2861 4022 3104 4094 ἐδέχοντο
3131 4023 3332 4086 λύπας.

566 4129 703 4175 tare.
736 4120 804 4175 At
843 4121 919 4175 illi
947 4122 1052 4177 hoc
1086 4122 1400 4192 neutiquam
1474 4121 1773 4188 faciebant;
1832 4137 2020 4177 verum
2070 4119 2273 4190 invidia
2337 4122 2670 4176 vexabantur
2697 4120 2775 4191 et]
2796 4120 3052 4192 acerbum
3098 4121 3287 4175 animo
3341 4126 3614 4172 mmrorem
3668 4118 3767 4161 ωηο

567 4216 860 4286 cipiehant.

1625 4375 1628 4378 ,
1869 4312 1999 4367 Post
2033 4310 2224 4382 Cyrilli
2256 4308 2509 4364 nonnulla
2533 4325 2549 4360 :

642 4402 842 4474 Ecquis
865 4404 1006 4461 alius
1033 4404 1157 4470 iste,
1188 4421 1352 4475 quam
1407 4406 1550 4466 sicut
1578 4408 2006 4463 demonstratum
2046 4423 2146 4463 no—

2325 4403 2661 4457 "IPPOLYTUS
2695 4419 2707 4454 :
2760 4400 2855 4465 Τίς
2878 4400 3032 4467 ἄλλος
3054 4396 3232 4465 οὗτος,
3264 4399 3299 4471 ἢ
3343 4394 3521 4458 καθὼς
3546 4390 3767 4445 δείκνυται

565 4496 655 4551 bis
687 4506 775 4551 est
826 4497 896 4551 ab
945 4495 1230 4566 Apostolo,
1265 4500 1525 4552 secundus
1578 4500 1731 4557 homo
1758 4498 2023 4554 Dominus
2080 4498 2144 4554 de

567 4589 698 4646 caelo
736 4589 802 4642 ²².
830 4589 1008 4658 Atque
1033 4590 1086 4643 in
1118 4590 1430 4660 Evangelio.
1467 4600 1804 4661 postremum
1845 4590 2142 4651 aibfecisse

565 4680 900 4736 voluntatem
927 4680 1106 4736 Patris
1125 4680 1191 4735 ⁸³.
1214 4679 1409 4737 Verbis
1435 4682 1739 4747 autem,Ad
1765 4699 1845 4736 me
1865 4693 2136 4750 reuertere,

2249 4500 2379 4569 ἡμῖν
2402 4494 2491 4549 διὰ
2524 4491 2622 4547 τοῦ
2659 4491 3000 4557 Ἀποστόλου,
3032 4495 3114 4548 ὅτι
3138 4495 3166 4547 ὁ
3193 4493 3475 4560 δεύτερος
3514 4487 3771 4552 ἅνθρωπος

2246 4594 2275 4646 ὁ
2308 4589 2511 4661 Κύριος
2560 4586 2630 4652 ἐξ
2659 4585 2936 4654 οὐρανοῦ.
2966 4586 3078 4638 Καὶ
3131 4588 3189 4640 ἐν
3232 4582 3314 4655 τῷ
3344 4576 3658 4649 Εὐαγγελίῳ,
3700 4569 3770 4622 τὸν

2248 4682 2551 4754 ποιήσαντα
2575 4677 2636 4731 τὸ
2659 4677 2870 4749 θέλημα
2895 4677 2988 4731 τοῦ
3010 4677 3223 4750 Πατρὸς
3244 4672 3398 4729 εἶπεν
3428 4675 3457 4727 ὁ
3482 4671 3680 4741 ἔσχατος
3697 4664 3769 4733 (9).

636 4799 685 4831 ¹⁹
708 4799 943 4871 Philipp.
970 4817 1033 4869 ιι,
1067 4799 1178 4855 7-9.
1254 4801 1297 4832 ²¹
1338 4799 1497 4856 Joan.
1540 4816 1674 4864 xvn,
1707 4800 1759 4855 5.
1836 4802 1881 4833 ³³
1916 4799 2088 4857 lCor.
2119 4817 2146 4856 x

2250 4800 2328 4857 Π.
2403 4798 2449 4831 ’³
2495 4796 2684 4859 Matth.
2721 4811 2836 4861 xxx,
2876 4795 2987 4849 3L

639 4916 714 4985 (7)
745 4918 956 4989 Kaiér
998 4919 1074 4989 τῇ
1110 4920 1218 4975 τοῦ
1262 4920 1488 4975 δούλου
1521 4918 1724 4989 μορφῇ
1755 4961 1814 4989 ...
1843 4921 2028 4989 ταύτῃ
2057 4938 2148 4975 τοι

562 4990 804 5061 λοιπόν.
853 4988 978 5044 Haec
1029 4988 1189 5045 habet
1235 4988 1547 5059 excerptum
1598 4990 1964 5057 Grabianum;
2002 4988 2145 5061 "qua:

565 5068 751 5113 tamen
780 5060 834 5112 in
861 5061 1268 5133 edito_Fabricii
1296 5062 1674 5133 desiderantur
1692 5062 1863 5133 ;_licet
1883 5078 1946 5114 ea
1970 5060 2146 5133 requi-

565 5137 653 5183 rat
686 5138 975 5204 contertus
1008 5130 1292 5204 Paulinus,
1320 5132 1386 5187 ad
1418 5129 1580 5203 (luem
1612 5130 1670 5186 S.
1707 5129 2144 5204 Hippolytushie

566 5200 760 5271 procul
790 5201 956 5271 dubio
986 5202 1241 5270 respexit.

600 5269 917 5396 ﬁgis?
940 5269 1286 5340 rddanég.
1319 5271 1457 5327 Male
1498 5273 1640 5342 apud
1669 5272 1977 5329 Fabricium
2000 5311 2015 5338 ,
2044 5272 2140 5326 xci.

564 5358 631 5396 το
650 5358 879 5413 Δοιριηυες.

564 5418 572 5435 ³
638 5410 714 5483 (9)
750 5410 829 5465 ’Ὀ
868 5414 1145 5483 ἔσχατος.
1204 5410 1471 5468 Observat
1513 5412 1798 5468 Fabricius
1845 5422 1970 5481 post
2017 5412 2140 5467 Mil-

566 5483 733 5553 lium,
759 5483 977 5538 codices
1038 5483 1365 5553 nonnullos,
1416 5491 1477 5538 ut
1530 5483 1813 5542 Cantabr..
1851 5486 2050 5553 legere,
2079 5492 2141 5537 ut

568 5554 660 5625 b’ic
699 5552 1043 5625 Hippolytus.
1077 5552 1312 5625 Sanctus
1346 5553 1709 5625 Hieronymus
1736 5552 2052 5625 hominem.
2086 5555 2142 5608 in

571 5623 792 5688 Μαιιίιζ,
825 5623 920 5679 lib.
965 5641 1048 5691 nt,
1100 5624 1166 5678 ad
1210 5639 1332 5693 cap.
1369 5640 1485 5686 ιιι,
1522 5623 1582 5678 Si
1622 5643 1635 5678 :
1677 5643 1696 5675 ‹
1726 5623 2017 5679 Sciendum
2033 5635 2137 5693 est,

567 5695 766 5763 inquit,
799 5696 853 5749 in
885 5697 1032 5751 veris
1076 5695 1482 5764 exemplaribus
1508 5710 1617 5750 non
1664 5695 1854 5749 haberi
1909 5696 2137 5748 novissi-

569 5780 735 5838 mum,
771 5767 864 5823 sed
894 5770 1147 5839 primum,
1200 5775 1256 5821 ut
1288 5766 1511 5839 proprio
1536 5765 1743 5837 judicio
1770 5764 2137 5825 condemnem

2251 4929 2360 4974 tu".
2389 4915 2445 4972 Si
2475 4927 2653 4974 autem
2682 4915 3023 4973 novissimum
3050 4914 3385 4969 voluerimus
3408 4913 3594 4980 legere,
3624 4900 3769 4981 mani-

2251 4990 2387 5044 festa
2418 4997 2501 5043 est
2531 4986 2941 5054 interpretatio:
2976 4994 3034 5039 ut
3061 4984 3315 5040 dicamus
3363 4981 3647 5054 intelligere
3672 4986 3772 5054 qu]-

2250 5042 2374 5114 dem
2408 5042 2692 5113 veritatem
2745 5054 3009 5125 Juda‘osL
3040 5054 3133 5109 sed
3168 5042 3611 5125 tergiversariiet
3649 5042 3768 5125 nolle

2248 5113 2431 5187 dicere
2458 5127 2601 5197 quod
2624 5126 2922 5197 sentiuntq
2944 5113 3283 5197 Wetstenius'
3307 5129 3363 5197 in
3396 5138 3491 5197 sua
3506 5119 3630 5174 Nov.

2248 5181 2425 5255 ὀιῖώὸῖ
2448 5181 2706 5261 editione,
2742 5205 2875 5250 tom.
2908 5194 2947 5261 l,
2976 5211 3098 5265 pag.
3132 5195 3260 5261 467,
3307 5196 3453 5249 hunc
3477 5193 3639 5265 ipsum
3664 5181 3770 5249 iliP'

2249 5272 2415 5341 polyti
2446 5269 2623 5341 locum
2656 5267 2711 5321 in
2745 5264 2989 5341 medium
3008 5264 3235 5341 profert,
3271 5266 3402 5341 licet
3421 5264 3771 5341 minusetngllj

2247 5334 2391 5404 date,
2444 5337 2738 5406 subditque
2766 5334 3024 5408 doctoris
3059 5336 3288 5408 maximi
3318 5334 3500 5408 verbis
3522 5334 3767 5408 recitat!er

2252 5430 2270 5465 ι
2306 5403 2570 5464 Nimirum
2602 5403 2918 5463 recordatus
2940 5407 3161 5476 aliquis,
3191 5403 3418 5462 ultimos
3447 5403 3557 5476 fore
3576 5403 3769 5469 priuva

2246 5482 2392 5551 quod
2432 5479 2632 5534 dicitur
2662 5477 2852 5551 Matth.
2878 5494 2970 5544 xx,
3010 5473 3098 5545 l6,
3139 5478 3354 5551 putavit
3379 5473 3769 5551 publicanosre:

2246 5535 2390 5607 enus
2417 5550 2640 5605 ultimos
2663 5550 2845 5604 vocari
2877 5567 2889 5603 :
2924 5535 3096 5619 q'uam'
3119 5535 3552 5619 emendationem
3579 5535 3768 5614 quidam

2244 5638 2310 5677 eo
2346 5636 2518 5691 usque
2546 5614 2958 5691 ertenderunt,‘
2978 5629 3038 5674 ut
3068 5620 3229 5673 etiam
3281 5614 3651 5691 responsiones
3680 5619 3768 5691 In};

2244 5674 2515 5762 grani}...
2552 5674 2741 5762 Quam
2769 5674 2987 5762 quidem
3015 5705 3070 5743 ν.
3099 5674 3570 5762 c._conjeéturam
3604 5674 3770 5762 erudi-

2242 5751 2418 5822 torum
2446 5751 2653 5841 judicio
2705 5751 3089 5840 permittimus.
3147 5751 3421 5817 Caeterum
3485 5751 3618 5813 haud
3651 5759 3768 5823 [νῦν
