3876 6340
179 326 285 384 609

1345 316 1769 385 FRAGMENTA
1809 322 1873 384 ΙΝ
1911 320 2243 387 ΡεΑωιοε.

3296 332 3402 396 610

175 444 385 502 Ιιἰωτῶν
414 440 684 511 παίζεται,
719 450 812 503 καὶ
842 449 946 505 ὐπὸ
990 450 1253 505 Ἰουδαίων
1277 451 1418 523 ξύλῳ
1482 454 1723 525 προσπή-

1832 462 1882 508 et
1915 454 1983 508 ad
2012 453 2224 510 Patrem
2244 441 2247 445 ⁴
2271 453 2514 512 clamans
2561 456 2813 527 spiritum
2859 456 2909 514 ei
2945 458 3313 526 commendat,
3343 470 3400 516 et

177 562 385 615 γνυται,
409 544 501 598 καὶ
519 545 654 616 πρὸς
672 546 888 619 Πατέρα
904 546 1037 617 βοῶν
1053 548 1406 619 παρατίθεται
1428 548 1488 602 τὸ
1502 548 1736 620 πνεῦμα,

177 636 267 691 καὶ
314 634 510 690 κλίνων
552 636 795 709 κεφαλὴν
844 639 1067 703 ἐκπνεί,
1138 639 1231 693 καὶ
1287 638 1526 711 πλευρὰν
1570 638 1735 711 λόγχῃ

176 729 443 794 νύσσεται,
477 729 573 783 καὶ
605 729 798 783 σίνδονι
832 729 1174 799 ἑλισσόμενος
1223 730 1281 784 ὲν
1311 729 1559 803 μνημείῳ
1591 730 1736 784 τίθε-

177 838 292 884 ται,
338 820 433 873 καὶ
474 820 768 892 τριήμερος
814 818 918 873 ὑπὸ
958 818 1170 892 Πατρὸς
1213 822 1524 876 ἀνίσταταιυ
1573 822 1634 875 τὸ
1677 822 1734 876 δὲ

178 912 344 965 θείκὸν
372 910 537 964 αὐτοῦ
571 910 734 966 πάλιν
767 911 1015 985 φανερῶς
1044 913 1191 967 ἔστιν
1227 913 1373 976 ίδεῖν,
1407 915 1494 967 ὅτε
1526 914 1617 966 ὑπ’
1640 914 1739 983 ἁγ-

176 1003 337 1073 γέλων
378 1006 795 1073 προσκυνεῖται,
845 1004 938 1057 καὶ
980 1004 1261 1076 θεωρεῖται
1304 1005 1407 1059 ὑπὸ
1442 1004 1736 1074 ποιμένων,

175 1098 260 1151 καὶ
288 1097 656 1168 προσδοκᾶται
697 1095 801 1150 ὑπὸ
829 1096 1072 1169 Συμεὼν,
1103 1100 1196 1154 καὶ
1223 1099 1327 1153 ὑπὸ
1356 1100 1552 1168 ’Δννης
1596 1115 1734 1169 μαρ-

173 1190 428 1260 τυρεῖται,
446 1188 541 1242 καὶ
574 1189 814 1258 ζητεῖται
829 1186 933 1242 ὑπὸ
951 1190 1158 1260 μάγων,
1188 1192 1283 1245 καὶ
1315 1191 1632 1262 σημαίνεται
1658 1189 1729 1244 δι’

172 1278 412 1349 ἀστέρος,
443 1278 699 1351 καὶ,ὖᾶυρ
718 1281 774 1334 ἐν
794 1279 992 1351 γάμοις
1021 1279 1162 1335 οἴνου
1183 1280 1302 1350 (sic)
1336 1279 1727 1351 ἀπεργάζεται,

172 1369 255 1422 καὶ
292 1368 541 1442 Θαλάσσῃ
584 1370 689 1424 ὑπὸ
733 1369 852 1441 βίας
883 1371 1103 1443 ἀνέμων
1177 1368 1433 1442 κινομένῃ
1480 1370 1726 1440 ἐπιτιμᾷ,

96 1464 102 1469 ”
171 1462 254 1515 καὶ
278 1461 371 1515 ἐπὶ
401 1462 679 1534 θαλάσσης
706 1466 1016 1536 περιπατεῖ,
1045 1463 1136 1541 διαὶ
1158 1462 1352 1531 τυφλὸν
1375 1464 1439 1516 ὲκ
1464 1460 1729 1531 γεννητῆς

168 1555 289 1626 ὸρᾷν
319 1557 491 1622 ποιεῖ,
515 1556 609 1610 καὶ
634 1555 825 1627 νεκρὸν
846 1556 1097 1627 Λάζαρον
1119 1554 1491 1625 τετραήμερον
1518 1550 1731 1619 ἀνιστᾷ,

1842 547 2103 602 inclinato
2131 548 2306 617 capite
2334 549 2597 619 exspirat,
2638 558 2693 604 et
2720 550 2905 605 lancea
2940 549 3082 606 latus
3117 549 3237 618 ejus
3265 567 3402 607 con-

1841 637 2065 705 foditur,
2098 645 2153 693 et
2179 639 2408 695 sindone
2440 640 2714 697 involutus
2746 642 2800 695 in
2834 651 3186 697 monumento
3235 644 3405 699 collo-

1840 738 2015 793 catur,
2039 736 2093 784 et
2119 732 2280 785 tertio
2303 731 2393 786 die
2421 746 2452 785 a
2476 730 2633 787 Patre
2661 732 3032 788 resuscitatur.
3060 733 3253 790 Divina
3275 749 3405 791 vero

1839 821 2014 891 ipsius
2042 831 2239 881 natura
2272 839 2379 878 non
2410 824 2642 881 obscure
2667 825 2926 891 cernitur,
2954 828 3172 896 quando
3198 827 3268 882 ab
3304 842 3404 882 an-

1836 912 1972 981 gelis
2003 913 2285 981 adoratur,
2320 924 2373 969 et
2400 930 2429 969 a
2461 916 2773 984 pastoribus
2802 925 3095 986 spectatur,
3123 928 3177 975 et
3203 936 3402 990 exspe-

1832 1010 2014 1057 ctatur
2050 1019 2079 1058 a
2108 1005 2381 1072 Simeone,
2418 1016 2472 1060 et
2511 1006 2682 1061 Annae
2726 1009 3035 1065 testimonio
3070 1024 3316 1076 ornatur,
3347 1021 3403 1068 et

1832 1092 2096 1161 quaeritur
2140 1110 2170 1148 a
2201 1096 2393 1166 magis,
2427 1104 2481 1150 et
2512 1096 2783 1152 indicatur
2817 1113 2848 1151 a
2876 1099 3050 1165 stella,
3082 1112 3137 1156 et
3165 1117 3232 1157 ex
3258 1118 3402 1173 aqua

1834 1183 1891 1237 in
1920 1185 2122 1253 nuptiis
2153 1189 2339 1241 vinum
2364 1187 2525 1253 lacit,
2560 1198 2614 1243 et
2641 1204 2790 1244 mare
2816 1190 2867 1243 vi
2900 1200 3187 1248 ventorum
3228 1197 3403 1266 agita-

1838 1283 1951 1330 tum
1981 1275 2252 1347 objurgat,
2291 1287 2346 1333 et
2377 1279 2431 1333 in
2465 1281 2601 1335 mari
2635 1282 2907 1348 ambulat,
2938 1291 2993 1338 et
3027 1299 3170 1339 caeco
3203 1300 3234 1339 a
3259 1287 3402 1339 nati-

1833 1366 1998 1420 vitate
2036 1367 2213 1422 visum
2255 1370 2532 1435 restituit,
2573 1379 2629 1426 et
2661 1370 2929 1429 Lazarum
2976 1376 3399 1444 quatriduanum

1835 1459 2155 1525 resuscitat,
2198 1475 2253 1515 et
2300 1463 2481 1516 varias
2531 1463 2762 1521 virtutes
2810 1466 3044 1535 perlicit,
3089 1475 3143 1523 et
3181 1480 3400 1538 peccata

1838 1550 2083 1616 remittit,
2115 1560 2172 1607 et
2204 1562 2525 1622 potestatem
2564 1556 2872 1613 remittendi
2901 1558 2994 1614 dat
3022 1559 3326 1630 discipulis.

170 1652 253 1704 καὶ
288 1650 547 1716 ποικίλας
576 1651 833 1723 δυνάμεις
863 1649 1026 1719 τελεῖ,
1075 1650 1168 1704 καὶ
1202 1648 1475 1720 ἁμαρτίας
1515 1645 1729 1715 ἀφίησι,
1757 1642 1854 1695 καὶ
1881 1643 2128 1707 ἐξουσίαν
2156 1647 2339 1702 δίδωσι
2368 1648 2659 1719 μαθηταῖς.

1431 1886 1501 1945 In
1561 1882 1882 1944 Psalmum
1927 1879 2143 1942 XXII.

2562 2008 2595 2027 \

1300 2033 1449 2090 Idem
1475 2032 1516 2087 Τ
1518 2031 1818 2086 heodoritus
1842 2030 2054 2100 dialogo
2080 2030 2270 2098 primo.

167 2154 259 2208 Τοῦ
302 2154 472 2221 ἁγίου
517 2150 831 2206 Ἱππολύτου
869 2113 1168 2206 ἐπισκόπου
1217 2152 1311 2204 καὶ
1336 2152 1628 2223 μάρτυρος
1660 2150 1723 2202 ὲκ

1832 2202 1871 2220 Δ,
1897 2146 2129 2223 Sanctus
2158 2146 2479 2223 Hippolytus
2510 2150 2799 2223 episcOpns
2830 2162 2884 2206 et
2912 2162 3117 2223 martyr
3144 2150 3198 2206 in
3230 2160 3393 2209 enar-

266 2225 363 2279 τοῦ
402 2224 561 2292 λόγου
593 2223 686 2276 τοῦ
712 2226 821 2287 είς·
865 2241 882 2273 ι
922 2222 1123 2294 Κύριος
1154 2221 1545 2293 ποιμαίνειμε.
1590 2240 1609 2271 ›

224 2319 328 2371 Καὶ
368 2316 602 2380 mam-.22;
630 2316 688 2369 δὲ
714 2317 778 2368 ἐκ
807 2314 973 2379 ξύλων
1002 2315 1258 2385 ἀσήπτων
1282 2312 1443 2377 αὐτὸς
1476 2308 1587 2384 ἦνὸ
1610 2314 1722 2366 Σω-

165 2412 281 2483 τήρ’
316 2410 390 2463 τὺ
416 2410 522 2482 γάρ
548 2410 786 2481 ἄσηπτον
823 2402 982 2460 αὐτοῦ
1028 2408 1122 2460 καὶ
1154 2405 1475 2478 ἀδιάφθορον
1526 2405 1721 2475 σκῆνος

166 2503 318 2574 ταύτῃ
362 2500 765 2572 κατηγγέλλετο
792 2500 852 2552 τὸ
885 2498 1150 2574 μηδεμίαν
1199 2499 1589 2570 ἁμαρτήματος
1630 2513 1723 2566 ση-

165 2594 347 2647 πεδόνα
368 2591 571 2662 φύσανο
590 2592 646 2644 '0
661 2589 731 2660 γά
738 2609 768 2663 ρ
794 2592 1111 2665 ἁμαρτήσας
1133 2590 1225 2644 καὶ
1243 2587 1562 2659 ὲξομολογού
1571 2588 1728 2659 μενός

164 2702 305 2756 φησι·
328 2681 731 2752 Προσάκῖεσαν
754 2683 851 2737 καὶ
883 2683 1205 2752 ἐσὰπησαν
1224 2685 1275 2736 οἱ
1293 2680 1724 2752 μώλωπέςμου,

163 2776 266 2829 ἀπὸ
296 2772 633 2843 προσώπου
661 2772 773 2842 τῆς
797 2774 1149 2842 ἀφροσύνης
1171 2789 1310 2850 μου.
1349 2771 1405 2824 '0
1433 2769 1491 2823 δὲ
1525 2771 1753 2846 Κύριος.

163 2867 547 2938 ἀναμάρτητος
583 2861 673 2936 ἢν,
718 2868 780 2919 ὲκ
818 2865 925 2918 τῶν
968 2865 1225 2936 ἀσήπτων
1274 2861 1444 2928 ξύλων
1489 2857 1549 2912 τὸ
1586 2858 1726 2912 κατά

160 2957 461 3030 ἄνθρωπον,
496 2958 771 3011 τουτέστιν
802 2958 866 3010 ἐκ
894 2956 991 3027 τῆς
1022 2955 1290 3029 Παρθένου
1322 2954 1415 3008 καὶ
1442 2951 1535 3007 τοῦ
1568 2950 1721 3021 ἁγίου

160 3051 472 3123 Πνεύματος
517 3050 739 3117 ἔσωθεν,
767 3049 859 3104 καὶ
890 3048 1086 3116 ἔξωθεν
1117 3049 1211 3102 τοῦ
1238 3048 1395 3116 λόγου
1432 3047 1527 3101 τοῦ
1564 3044 1721 3111 Θεοῦ,

158 3131 235 3192 οἷα
264 3132 650 3212 καθαρωτάτῳ
676 3138 883 3211 χρυσίῳ
918 3136 1476 3211 περικεκαλυμμένος.

1969 2219 2176 2272 ratione
2208 2220 2425 2288 psalmi,
2468 2238 2486 2271 ι
2512 2219 2773 2275 Dominus
2801 2232 2986 2291 pastor
3017 2219 3193 2277 meus.
3231 2242 3250 2274 ι

1896 2308 2038 2364 Arca
2075 2311 2399 2365 concinnata
2424 2326 2490 2364 ex
2520 2311 2683 2383 lignis
2730 2326 2840 2366 non
2873 2313 3126 2369 obnoxiis
3157 2314 3397 2383 putrefa-

1825 2400 1993 2455 ctioni
2020 2410 2137 2455 erat
2172 2401 2289 2471 ipse
2320 2400 2587 2457 Salvator.
2624 2402 2836 2458 Etenim
2866 2404 2968 2459 hac
2994 2404 3397 2474 significabatur

1829 2492 2237 2547 tabernaculum
2309 2494 2480 2563 ipsius
2538 2509 2647 2547 non
2703 2496 2941 2551 sentiens
2994 2496 3232 2562 cariem,
3298 2507 3395 2552 aut

1827 2583 2253 2653 corruptionem,
2284 2584 2390 2640 hoc
2430 2594 2533 2651 est,
2571 2575 2773 2640 nullam
2808 2588 3013 2656 peccati
3052 2590 3394 2658 putredinem

1826 2676 2073 2745 gignens.
2121 2671 2259 2728 Nam
2305 2686 2557 2744 peccator
2603 2678 2745 2733 hanc
2793 2677 2903 2733 edit
2952 2680 3389 2734 confessionem:

1826 2763 2153 2820 Putruerunt
2206 2775 2258 2820 et
2300 2777 2547 2837 corrupta
2591 2777 2715 2822 sunt
2762 2769 2975 2823 vulnera
3020 2787 3136 2825 mea
3183 2781 3394 2842 propter

1825 2857 2182 2927 insipientiam
2208 2876 2377 2913 meam
2400 2860 2463 2912 ³⁸.
2493 2859 2756 2915 Dominus
2784 2877 2913 2916 vero
2943 2863 3146 2931 peccati
3176 2877 3390 2933 expers,

1828 2956 1882 3003 et
1910 2963 1977 3004 ex
2006 2949 2167 3021 lignis
2222 2950 2556 3006 immunibus
2594 2966 2623 3005 a
2654 2952 3046 3022 putrefactionc
3094 2954 3394 3009 secundum

1828 3039 2126 3109 hominem,
2157 3042 2262 3097 hoc
2293 3053 2395 3108 est,
2424 3044 2489 3096 cx
2524 3040 2743 3112 Virgine
2775 3052 2827 3097 et
2855 3042 3056 3112 Spiritu
3092 3053 3281 3100 sancto
3309 3044 3395 3099 in-

1830 3138 1939 3197 tus,
1975 3141 2028 3186 et
2066 3130 2199 3187 foris
2243 3132 2406 3185 verbo
2438 3131 2566 3198 Dei,
2600 3132 2755 3202 quasi
2804 3133 3043 3203 quodam
3100 3131 3394 3203 purissimo

1829 3236 1965 3276 auro
2001 3232 2223 3292 opertus
2256 3220 2378 3277 fuit.

1452 3426 1525 3487 In
1571 3427 1884 3506 psalmum
1938 3431 2178 3493 XXIII.

1614 3555 1763 3612 Idem
1806 3559 1936 3614 ibid.

218 3669 322 3726 Τοῦ
351 3669 520 3725 αὑτοῦ
548 3673 612 3725 ἐκ
636 3669 727 3725 τοῦ
759 3667 916 3740 λόγου
942 3671 1034 3725 τοῦ
1064 3674 1145 3737 είς
1167 3666 1259 3726 τὸν
1290 3678 1380 3742 κγ’
1419 3672 1649 3744 ψαλμὸν.

222 3765 484 3836 Ἔρχεται
517 3763 610 3815 ἐπὶ
643 3762 741 3825 τὰς
777 3762 1033 3834 οὐρανίας
1078 3762 1282 3829 πύλας,
1318 3762 1535 3832 ἄγγελοι
1576 3765 1722 3837 αὐτῷ

160 3855 526 3920 συνοδεύουσι,
567 3855 661 3907 καὶ
694 3854 1073 3924 κεκλεισμέναι
1122 3855 1256 3907 εἰσὶν
1303 3857 1357 3907 αἱ
1403 3853 1567 3908 πύλαι
1612 3856 1721 3910 τῶν

157 3948 413 4020 οὐρανῶν.
481 3947 705 4001 Οὐδέπω
752 3946 860 4019 γὰρ
920 3945 1254 4017 ἀναϐέϐηκεν
1306 3947 1386 4011 είς
1438 3947 1718 4019 οὐρανούς.

160 4042 371 4113 Πρῶτος
412 4040 511 4094 νῦν
552 4038 798 4109 φαίνεται
838 4042 957 4103 ταῖς
995 4039 1257 4110 δυνάμεσι
1296 4041 1417 4103 ταῖς
1446 4038 1721 4110 οὐρανίαις

161 4132 287 4208 σὰρξ
320 4132 709 4187 ἀναϐαίνουσα.
744 4131 975 4199 Λέγεται
1005 4125 1097 4184 οἷν
1131 4133 1251 4194 ταῖς
1286 4130 1577 4201 δυνάμεσιν
1613 4129 1718 4185 ὑπὸ

156 4227 255 4280 τῶν
295 4225 547 4296 ἀγγέλων
582 4224 690 4277 τῶν
731 4223 1137 4297 προτρεχόντων
1178 4223 1270 4276 τὸν
1315 4224 1538 4295 Σωτῆρα
1560 4263 1575 4287 ,
1622 4223 1716 4277 καὶ

157 4318 377 4391 Κύριονο
434 4318 641 4386 Ἄρατε
678 4317 897 4383 πύλας,
948 4318 1003 4369 οἱ
1034 4315 1339 4383 ἄρχοντες,
1379 4315 1567 4385 ὑμῶν,
1614 4316 1713 4371 καί

157 4408 460 4479 ὲπάρθητε,
483 4407 669 4462 πύλαι
687 4404 929 4469 ultimm,
958 4405 1055 4460 καὶ
1081 4407 1489 4461 εἰσελεύσεται
1536 4409 1569 4460 ὀ
1602 4409 1717 4460 Ba-

157 4501 356 4568 σιλεὺς
393 4499 507 4569 τῆς
553 4498 757 4566 δόξης.

1750 3680 1796 3743 C

1912 3679 2057 3734 Idem
2094 3678 2150 3732 in
2182 3678 2525 3733 enarratione
2557 3677 2752 3748 psalmi
2780 3692 2937 3735 χχιιι.

1894 3768 2054 3825 Venit
2087 3771 2154 3825 ad
2185 3770 2435 3825 cmlcstes
2460 3779 2650 3838 portas
2676 3773 2879 3842 angelis
2910 3773 3086 3841 ipsum
3122 3774 3389 3829 comitan-

1820 3859 1985 3926 tibus,
2031 3869 2085 3915 et
2131 3862 2330 3917 clausae
2376 3872 2533 3916 erant
2576 3871 2744 3930 portae
2795 3864 3079 3919 caelorum.
3133 3861 3383 3919 Nondum

1820 3952 1964 4007 enim
2013 3952 2067 4006 in
2122 3954 2317 4009 omium
2349 3955 2687 4019 ascenderat,
2724 3956 2815 4011 sed
2858 3966 2985 4009 tunc
3022 3957 3256 4024 primum
3291 3972 3387 4025 ap-

1822 4045 2004 4115 paruit
2070 4046 2432 4115 potestatibus
2501 4048 2815 4103 cmlestibus
2875 4061 3004 4101 caro
3062 4047 3381 4101 ascendens.

1818 4132 2026 4189 Dicitur
2052 4150 2181 4206 ergo
2206 4137 2562 4206 potestatibus
2593 4138 2662 4192 ab
2685 4138 2911 4209 angelis,
2940 4137 3033 4208 qui
3064 4145 3222 4193 erant
3248 4153 3385 4207 prae-

1818 4239 2070 4281 cursores
2100 4224 2397 4283 Salvatoris
2429 4236 2483 4284 et
2507 4227 2722 4284 Domini
2749 4242 2763 4283 :'
2790 4227 2979 4283 Tollite
3006 4239 3211 4299 portas,
3233 4230 3385 4296 prin-

1817 4320 1978 4387 cipes,
2015 4328 2232 4385 vestras,
2272 4329 2322 4373 et
2350 4321 2645 4385 elevamini,
2686 4331 2852 4391 porta:
2889 4321 3185 4389 wternales,
3224 4335 3273 4377 et
3303 4324 3387 4376 in-

1818 4413 1995 4467 troibit
2017 4412 2127 4467 Rea;
2149 4411 2332 4483 gloria:
2358 4411 2421 4466 ³³.

1477 4728 1549 4792 In
1586 4729 1900 4809 psalmum
1954 4727 2115 4790 CIX.

1264 4852 1414 4916 Idem
1441 4856 1786 4916 Theodoritus
1808 4860 2020 4930 dialogo
2052 4855 2301 4911 secundo.

230 4954 326 5012 τοῦ
354 4958 518 5014 αὑτοῦ
548 4961 613 5013 ἐκ
638 4955 730 5012 τοῦ
759 4952 917 5026 λόγου
942 4957 1020 5021 είς
1052 4955 1150 5027 τὴν
1177 4956 1320 5028 ᾠδὴν
1346 4957 1610 5029 μεγάλην.

243 5050 293 5104 '0
315 5053 399 5106 τὸν
419 5050 734 5106 ἀπολωλότα
759 5049 823 5102 ὲκ
843 5048 947 5119 γῆς
967 5047 1387 5118 πρωτόπλαστον
1408 5048 1712 5121 ἄνθρωπον,

160 5142 256 5195 καὶ
279 5145 329 5196 ὲν
356 5145 575 5215 δεσμοῖς
607 5143 836 5196 θανάτου
871 5138 1259 5213 κρατούμενον,
1290 5138 1349 5207 ἐξ
1381 5140 1507 5211 ᾅδου
1542 5158 1716 5194 κατω-

160 5234 311 5287 τάτου
351 5236 608 5299 ἑλκύσας·
647 5236 676 5287 ὁ
713 5231 918 5287 ἀνωθεν
961 5230 1262 5297 κατελθὼν,
1310 5232 1404 5284 καὶ
1436 5231 1528 5285 τὸν
1565 5232 1711 5286 κάτω

160 5327 241 5388 είς
263 5326 327 5381 τὰ
351 5329 459 5382 ἄνω
500 5325 829 5395 ἀνενέγκας·
867 5327 896 5379 ὁ
916 5323 1025 5377 τῶν
1059 5322 1270 5396 νεκρῶν
1301 5322 1709 5393 εὐαγγελιστὴς,

162 5418 370 5471 καὶτῶν
393 5417 581 5490 ψυχῶν
606 5417 907 5488 λυτρωτὴς,
936 5417 1029 5471 καὶ
1059 5415 1353 5478 ἀνάστασις
1370 5414 1480 5467 τῶν
1508 5412 1712 5483 τεθαμ-

167 5508 325 5579 μινων
351 5512 631 5581 γινόμενος
651 5505 823 5573 οὗτοςσ
854 5504 920 5580 ἦν
951 5510 980 5561 ὁ
1002 5506 1096 5560 τοῦ
1120 5506 1470 5578 νενικημένου
1505 5502 1712 5575 ἀνθρὼ-

165 5617 258 5655 που
296 5602 653 5673 γεγενημένος
708 5600 898 5671 βοηθὸς
946 5601 1065 5652 κατ’
1120 5598 1282 5652 αὑτὸν
1340 5599 1523 5668 ὅμοιος
1561 5596 1710 5667 αύτῷ

232 5767 268 5799 ³³
291 5768 425 5826 Psal.
458 5781 689 5832 xxxvi",
719 5766 772 5820 5.
849 5764 889 5795 ³³
915 5763 1057 5819 Psal.
1093 5778 1237 5829 xxxv,
1272 5762 1325 5817 7.,

1746 4966 1797 5026 D

2034 4953 2177 5008 Idem
2214 4953 2268 5006 in
2299 4952 2558 5007 concione
2594 4951 2664 5008 de
2697 4960 2897 5023 magno
2925 4951 3159 5008 cantico.

1885 5044 1989 5112 Qui
2047 5044 2317 5115 perditum
2370 5043 2645 5097 hominem
2702 5058 2770 5097 ex
2805 5051 2947 5098 terra
2995 5042 3287 5098 formatum
3328 5053 3385 5099 et

1812 5136 2049 5192 vinculis
2084 5134 2276 5190 mortis
2319 5133 2652 5203 implicatum
2693 5148 2760 5188 ex
2800 5134 2988 5188 intimo
3025 5133 3237 5189 inferno
3270 5135 3382 5190 eri-

1812 5230 1950 5297 puit,
1987 5238 2042 5283 et
2069 5227 2302 5296 desuper
2346 5225 2571 5280 veniens
2622 5225 2678 5279 in
2712 5224 2942 5280 sublime
2993 5224 3204 5297 extulit
3229 5224 3379 5278 humi

1811 5322 2104 5392 jacentem,
2155 5320 2332 5376 factus
2378 5326 2716 5372 mortuorum
2766 5316 3118 5387 evangelista,
3264 5315 3380 5368 ani-

1814 5426 2026 5469 marum
2060 5412 2388 5480 redemptor,
2415 5418 2471 5465 et
2499 5408 2830 5465 resurrectio
2873 5408 3245 5477 sepultorum;
3290 5404 3381 5460 hic

1820 5505 1964 5559 victo
1998 5501 2202 5558 homini
2243 5515 2401 5569 opem
2435 5499 2577 5569 tulit,
2598 5498 2774 5553 lactus
2804 5497 2853 5551 ei
2884 5497 3079 5553 similis
3109 5495 3381 5566 primoge-

1818 5597 1964 5654 nitus
1989 5594 2194 5662 Λόγος,
2249 5591 2483 5662 primum
2531 5600 2807 5661 parentem
2852 5589 3027 5647 Adam
3073 5589 3130 5646 in
3169 5586 3377 5658 virgine
3482 5586 3485 5589 “
