3876 6340
471 339 571 394 6H
1311 339 1370 394 S.
1406 336 1770 396 lllPPOLYTl
1809 337 1958 396 OPP.
1997 337 2180 396 PARS
2217 338 2257 396 Ι.
2297 365 2364 379 -—-
2401 337 2811 399 EXEGETICA.
3589 341 3704 400 οη

469 459 722 523 visitans,
757 459 1054 530 spiritualis
1095 468 1368 514 terrenum
1408 461 1461 515 in
1501 462 1726 516 matrice
1752 476 2022 532 quaerens,

2146 459 2467 530 τρωτότοκος
2495 458 2696 526 Λόγος,
2741 457 2832 510 τὸν
2870 457 3290 528 πρωτόπλαστον
3326 457 3497 529 Ἀδὰμ
3535 461 3594 511 ἐν
3633 461 3706 529 τῇ

472 564 687 620 semper
713 549 897 603 vivens
957 564 1052 618 per
1089 547 1509 603 inobedientiam
1543 560 1839 613 mortuum,
1875 549 2031 604 caele-

2146 550 2390 623 παρθένῳ
2421 549 2909 620 ἐπισκεπτόμενος,
2947 551 2976 602 6
3004 551 3370 622 πνευματικὸς
3397 551 3490 605 τὸν
3522 553 3712 622 χοῖκὺν

472 642 572 697 stis
601 649 907 695 terrestrem
935 639 1000 693 ad
1031 640 1309 708 superiora
1339 655 1560 704 vocans,
1591 640 1787 694 nobilis
1819 654 2031 695 servum

2146 644 2192 694 ὲν
2226 643 2290 712 τῇ
2324 641 2506 712 μήτρα
2555 639 2848 709 ἐπιζητῶν,
2875 641 2904 692 6
2931 640 3018 694 ἀεὶ
3048 638 3153 705 ζῶν
3182 640 3272 694 τὸν
3300 641 3389 696 διὰ
3418 643 3708 714 παρακοῆς

470 749 568 805 per
591 733 864 804 propriam
897 730 1258 786 obedientiam
1310 731 1559 787 libertate
1590 732 1794 786 donare
1825 714 2031 799 volens,

2146 731 2469 787 ὶποθανόντα
2497 749 2511 762 ·
2571 731 2599 784 6
2627 731 2874 801 οὐράνιος
2921 730 3012 784 τὸν
3063 731 3301 799 ἐπίγειον
3344 733 3424 796 είς
3471 733 3543 786 τὰ
3591 733 3712 784 ἄνω

471 825 563 894 qui
605 824 658 877 in
688 833 884 877 terram
918 823 1211 877 resolutum
1243 822 1510 877 hominem
1547 832 1600 877 et
1623 823 1879 892 pabulum
1920 838 2031 877 ser-

2146 824 2318 878 καῡιῶν
2340 841 2353 853 ·
2388 825 2418 875 ὁ
2460 823 2684 894 εὐγενὴς
2718 823 2806 875 τὸν
2836 821 3019 875 δοῦλον
3053 822 3140 876 διὰ
3170 824 3267 894 τῆς
3302 823 3433 887 ἰδίας
3455 825 3712 894 ὑπακοῆς

472 917 648 985 pentis
680 915 880 970 factum
900 955 916 979 ,
960 916 1014 969 in
1046 915 1391 969 adamantem
1432 926 1756 970 convertens
1785 915 1945 984 idque
1978 915 2031 968 in

2146 916 2419 987 ἐλεύθερον
2446 917 2722 981 ἀποδεῖξαι
2759 914 2948 968 θέλωνο
2984 916 3012 968 6
3057 914 3149 968 τὸν
3178 916 3258 978 είς
3303 917 3404 986 γῆν
3444 915 3710 986 λυόμενον

470 1005 617 1076 ligno
647 1006 986 1074 pendentem,
1021 1005 1309 1059 Dominum
1343 1005 1604 1060 adversus
1641 1005 1900 1061 victorem
1934 1005 2031 1060 de-

2146 1008 2413 1079 ἱνθρωπον
2455 1008 2549 1060 καὶ
2579 1007 2772 1079 βρῶμα
2814 1007 2989 1076 ὄφεως
3019 1009 3405 1078 γεγενημένον,
3446 1011 3527 1072 είς
3574 1009 3710 1062 ἀδά-

469 1095 696 1150 claravit
733 1105 894 1164 atque
925 1095 999 1150 ita
1031 1109 1129 1164 per
1160 1095 1364 1164 lignum
1391 1095 1568 1150 victor
1597 1095 1889 1150 invenitur.

2133 1114 2311 1168 μαντα
2355 1096 2590 1166 τρέψας,
2635 1095 2728 1148 καὶ¹
2767 1093 2922 1148 τοῦτο
2972 1097 3064 1149 ἐπὶ
3115 1095 3272 1162 ξύλου
3302 1097 3711 1168 κρεμασθέντα,

469 1186 672 1259 Κύριον
715 1187 856 1241 κατά
905 1185 997 1239 τοῦ
1045 1186 1388 1257 νενικηκότος
1438 1187 1745 1255 ἀποδείξας,
1779 1187 1874 1241 καὶ
1926 1187 2015 1241 διά
2037 1186 2190 1241 τοῦτο
2217 1188 2305 1242 διά
2327 1186 2506 1254 ξύλου,
2539 1189 2831 1259 νικηφόρος
2865 1189 3198 1258 εὑρίσκεται*

857 1279 999 1336 Idem
1027 1282 1080 1336 in
1110 1282 1298 1337 eadem
1327 1283 1623 1337 concione:

543 1371 648 1440 Qui
694 1372 890 1427 Filium
938 1372 1031 1427 Dei
1079 1373 1134 1428 in
1181 1390 1349 1429 carne
1388 1390 1533 1429 nunc
1569 1389 1677 1428 non
1709 1386 2032 1444 agnoscunt,

469 1471 763 1532 agnoscent
812 1462 988 1531 ipsum
1049 1463 1285 1532 judicem
1337 1464 1392 1517 in
1441 1465 1613 1534 gloria
1656 1466 2030 1530 constitutum,

468 1569 631 1624 quem
661 1561 818 1608 antea
839 1553 892 1606 in
915 1568 1141 1622 corpore
1170 1553 1360 1608 humili
1383 1555 1682 1624 petulanter
1713 1563 2027 1610 tractarant.

883 1644 1028 1700 ldem
1061 1646 1114 1700 in
1147 1647 1332 1701 eadem
1359 1646 1620 1701 concione
1643 1667 1658 1705 :

539 1734 748 1791 Etenim
783 1739 1012 1808 apostoli
1043 1755 1167 1794 cum
1198 1740 1477 1796 venissent
1509 1737 1577 1792 ad
1612 1749 2024 1796 monumentum

467 1826 555 1881 die
585 1828 764 1893 tertio,
786 1843 894 1882 non
915 1829 1234 1887 invenerunt
1264 1848 1462 1904 corpus
1488 1834 1638 1902 Jesu,
1671 1832 2026 1904 quemadmo-

469 1918 599 1973 dum
648 1919 743 1974 ﬁ'lii
791 1919 957 1975 Israel
1011 1923 1316 1992 sepulcrum
1352 1923 1520 1996 Moysi
1576 1924 1932 1980 ascendentes
1973 1923 2024 1976 in

469 2018 708 2064 montem
739 2011 1126 2087 quaesiverunt,
1140 2024 1192 2069 et
1225 2031 1330 2070 non
1362 2015 1702 2071 invenerunt.

2461 1283 2564 1336 Τοῦ
2591 1282 2758 1336 αὐτοῦ
2792 1285 2855 1334 ὲκ
2887 1281 2978 1334 τοῦ
3003 1279 3167 1334 αὑτοῦ
3195 1282 3379 1350 λόγουο

2208 1373 2270 1426 Οἱ
2299 1373 2408 1445 γὰρ
2433 1373 2523 1426 τὸν
2547 1374 2672 1426 Υίὺν
2711 1371 2804 1425 τοῦ
2827 1372 2961 1424 Θεοῦ
3001 1371 3262 1444 ἔνσαρκον
3293 1373 3388 1425 νῦν
3416 1372 3488 1443 μὴ
3527 1374 3716 1441 ἐπιγιρ

2136 1463 2433 1528 νώσκοντες
2453 1505 2468 1528 ,
2509 1463 2896 1533 ὲπιγνώσονται
2938 1464 3100 1516 αὑτὸν
3140 1461 3328 1534 κριτὴν
3356 1465 3412 1516 ὲν
3440 1463 3568 1536 δόξῃ
3596 1480 3716 1517 πα-

2137 1555 2486 1625 ραγινόμενον
2527 1555 2617 1608 τὸν
2657 1553 2751 1606 νῦν
2793 1555 2850 1605 ἐν
2880 1553 3048 1622 ἀδόξῳ
3083 1551 3290 1621 σώματι
3327 1551 3713 1624 ὑϐριζόμενον.

2465 1644 2572 1698 Τοῦ
2598 1644 2761 1698 αὑτοῦ
2788 1648 2850 1698 ὲκ
2874 1643 2965 1697 τοῦ
2994 1642 3154 1696 αὑτοῦ
3189 1642 3370 1712 λόγουο

2202 1738 2311 1790 Καὶ
2352 1737 2461 1808 γὰρ
2490 1738 2540 1790 οἱ
2557 1737 2838 1790 ἀπόστολοι
2873 1735 3115 1798 ἐλθόντες
3142 1735 3222 1797 είς
3249 1735 3309 1788 τὸ
3340 1738 3602 1806 μνημεῖον
3637 1736 3712 1805 τῇ

2131 1829 2312 1901 ἡμέρᾳ
2352 1833 2418 1900 τῇ
2451 1830 2605 1902 τρίτῃ
2625 1871 2639 1893 ,
2676 1830 2774 1900 οὐχ
2808 1829 3057 1900 εὕρισκον
3086 1831 3149 1882 τὸ
3187 1829 3344 1900 σῶμα
3369 1828 3463 1881 τοῦ
3493 1827 3709 1898 Ἰησοῦ·

2131 1921 2191 1974 ὃν
2219 1922 2414 1993 τρόπον
2431 1924 2480 1975 οἱ
2498 1920 2604 1975 υἱοὶ
2623 1921 2715 1974 τοῦ
2733 1921 2948 1992 Ἰσραὴλ
2975 1921 3072 1992 τὴν
3103 1922 3280 1992 ταφὴν
3307 1920 3403 1973 τοῦ
3428 1920 3713 1985 Μωῦσὲως

2063 1997 2106 2050 Β
2135 2011 2430 2076 ἀναϐάντες
2454 2013 2511 2066 ὲν
2535 2012 2613 2083 τῷ
2637 2013 2752 2081 δρει
2787 2009 3030 2082 ἐζήτουν,
3065 2012 3158 2064 καὶ
3194 2011 3292 2080 ούχ
3319 2008 3595 2080 εὕρισκον.

1711 2311 1780 2372 1η
1845 2309 2158 2389 psalmum
2190 2309 2501 2372 LXXVII.

1023 2429 1264 2494 (BANDIM,
1301 2430 1514 2496 Catalog.
1540 2430 1684 2481 codd.
1714 2435 1869 2483 Graec.
1909 2429 2124 2483 biblioth.
2162 2428 2757 2490 Mediceo—Laurentianaz,
2777 2437 2895 2482 tom.
2918 2432 2958 2492 Ι,
2981 2446 3028 2495 p.
3062 2431 3165 2496 91.)

541 2536 610 2592 45
641 2555 654 2591 :
683 2535 828 2590 Misit
852 2537 905 2591 in
927 2553 1012 2592 eos
1043 2539 1444 2610 cynomyiam,et
1470 2541 1694 2595 comedit
1713 2555 1831 2606 eos;
1859 2548 1907 2594 et
1936 2556 2030 2593 ra-

471 2638 664 2700 uam,et
694 2629 1006 2699 disperdidit
1031 2645 1138 2685 eos.

539 2807 629 2863 46.
678 2805 747 2860 Ει
795 2807 938 2861 dedit
979 2807 1201 2878 aerugini
1249 2806 1454 2875 [ructus
1495 2821 1674 2860 eorum
1724 2815 1774 2858 et
1829 2803 2032 2859 labores

467 2916 648 2954 eorum
674 2898 911 2953 locustae.

539 2993 633 3047 47.
667 2992 735 3045 Et
770 2992 960 3046 occidit
1000 2992 1053 3044 in
1093 2988 1349 3061 grandine
1377 2990 1552 3044 vineas
1583 3006 1760 3044 eorum
1785 2999 1834 3045 et
1862 3006 2032 3044 moros

470 3100 651 3140 eorum
678 3086 734 3138 in
763 3084 976 3154 pruina.

541 3175 1010 3245 Quemadmodum
1032 3191 1160 3231 vero
1185 3191 1282 3247 per
1303 3175 1719 3231 immoderatam
1745 3175 1923 3230 victus
1947 3190 2035 3229 ra-

472 3271 675 3325 tionem
725 3267 963 3324 exitialis
1007 3267 1228 3338 quidam
1276 3277 1331 3322 et
1377 3267 1605 3323 biliosus
1642 3267 1694 3321 in
1732 3267 2035 3322 visceribus

473 3359 777 3414 concrescit
807 3358 1028 3425 humor,
1067 3373 1228 3427 quem
1275 3367 1392 3413 arte
1425 3374 1527 3413 sua
1563 3356 1808 3412 medicus
1841 3357 1906 3410 ad
1941 3373 2035 3410 vo-

472 3450 668 3503 mitum
713 3449 1003 3514 eliciendo,
1059 3465 1168 3503 non
1205 3450 1250 3504 is
1281 3447 1520 3520 profecto
1568 3450 1624 3502 in
1655 3463 1820 3503 causa
1851 3446 2032 3510 fuerit,

471 3549 534 3596 ut
563 3541 654 3596 ille
680 3541 970 3596 morbosus
994 3541 1048 3595 in
1077 3556 1302 3610 corpore
1328 3541 1696 3611 producatur;
1721 3555 1882 3610 quem
1911 3540 2035 3610 qui-

471 3635 595 3691 dem
637 3633 1053 3703 intemperantia
1085 3634 1192 3690 cibi
1232 3634 1430 3700 elfecit,
1476 3634 1532 3688 in
1575 3643 1820 3702 apertum
1853 3641 2033 3688 autem

470 3728 660 3785 eduxit
685 3744 774 3784 ars
801 3729 1008 3784 medica
1036 3747 1051 3784 :
1075 3730 1155 3786 sic
1188 3731 1352 3785 etiam
1389 3731 1640 3801 quamvis
1667 3729 1881 3784 dicatur
1913 3742 2034 3782 mo-

2204 2535 2307 2608 με’.
2359 2536 2814 2601 Ἐξαπέστειλεν
2839 2539 2924 2601 εὶς
2959 2538 3180 2604 αὐτοὺς
3208 2540 3558 2608 κυνόμυιαν,
3604 2537 3710 2597 και

2132 2624 2466 2696 κατέφαγεν
2497 2629 2733 2695 αὐτοὺς,
2761 2629 2857 2682 καί
2884 2627 3214 2700 βάτραχον,
3249 2631 3349 2684 καὶ
3375 2631 3711 2702 διέφθειρεν

2131 2721 2375 2787 αὐτούς.

2204 2813 2323 2885 με’.
2362 2813 2470 2870 Καὶ
2496 2811 2680 2868 ἔδωκε
2724 2813 2800 2883 τῇ
2846 2815 3095 2884 ἐρυσίϐῃ
3127 2815 3268 2882 τοὺς
3297 2814 3569 2885 καρποὺς
3603 2820 3711 2872 αὖ.

2131 2906 2270 2970 τῶν,
2297 2904 2395 2959 καὶ
2422 2903 2564 2971 τοὺς
2584 2905 2810 2972 πόνους
2833 2903 3031 2960 αὐτῶν
3057 2904 3130 2976 τῇ
3161 2907 3378 2976 ἁκρίδι.

2207 2997 2315 3070 με’.
2369 2995 2734 3051 Ἀπέκτεινεν
2767 2997 2840 3051 ἐν
2876 2995 3104 3067 χαλάζῃ
3136 2998 3250 3066 τὴν
3281 2999 3559 3069 ἄμπελον
3600 3004 3710 3057 σὺ·

2135 3087 2271 3149 τῶν.
2304 3087 2400 3141 καὶ
2428 3088 2532 3152 τὰς
2567 3087 2940 3156 συκαμίνους
2965 3088 3165 3141 αὐτῶν
3185 3087 3256 3141 ἐν
3277 3088 3352 3158 τῇ
3374 3089 3603 3164 πάχνη.

2201 3174 2416 3249 Ὠσπερ
2442 3178 2498 3230 δὲ
2526 3177 2612 3231 διὰ
2636 3178 2732 3248 τῆς
2761 3177 3128 3248 ἀτακτοτέρας
3152 3178 3360 3251 διαίτης
3387 3180 3713 3252 φθοροποιός

2133 3286 2216 3335 τις
2241 3269 2413 3341 χυμὸς
2432 3270 2526 3322 καὶ
2547 3269 2782 3341 χολώδης
2809 3273 2866 3324 ὲν
2889 3271 3000 3334 τοῖς
3023 3270 3348 3341 σπλάγχνοις
3369 3274 3708 3336 συνίσταται,

2133 3363 2192 3415 ὂν
2227 3363 2257 3414 ὁ
2294 3361 2474 3432 ἰατρὸς
2511 3361 2597 3415 διὰ
2639 3364 2737 3432 τῆς
2771 3362 2964 3433 τέχνης
2999 3363 3080 3425 είς
3112 3362 3302 3433 ἔμετον
3326 3365 3711 3437 ἐφελκόμενος,

2135 3454 2235 3506 οὐκ
2268 3452 2334 3506 ἂν
2357 3453 2413 3505 ἐν
2438 3452 2586 3522 αἰτίᾳ
2611 3451 2820 3521 γένοιτο
2857 3453 2951 3506 τοῦ
2985 3452 3150 3507 αὐτοῦ
3177 3456 3475 3527 ἐμποιῆσαι
3505 3458 3587 3529 τῷ
3614 3459 3714 3512 σώ-

2139 3564 2267 3618 ματι
2287 3546 2379 3600 τὸν
2412 3545 2617 3617 νοσώδη
2647 3545 2840 3616 χυμὸν,
2867 3545 2983 3600 ἀλλ’
3003 3547 3223 3617 ἐποίησε
3252 3547 3352 3618 μὲν
3383 3551 3485 3620 τῆς
3504 3555 3714 3623 τροςῆς

2135 3640 2350 3705 ἀταξία,
2369 3641 2449 3703 είς
2465 3639 2521 3693 δὲ
2542 3638 2602 3693 τὸ
2622 3639 2858 3710 ἐμφανὲς
2877 3639 3082 3709 ήγαγεν
3105 3640 3137 3709 ἡ
3163 3639 3380 3710 ἰατρικὴ
3405 3641 3711 3714 ἐπιστήμη.

2136 3733 2321 3796 Οῦτως
2350 3732 2452 3786 κᾶν
2481 3732 2637 3804 παρά
2661 3731 2795 3784 Θεοῦ
2825 3730 3069 3799 γίνεσθαι
3098 3729 3318 3801 λέγηται
3359 3733 3474 3794 τοῖς
3506 3733 3714 3806 μοχθηο

470 3825 662 3880 lestam
693 3823 1141 3890 vindicationem,
1173 3839 1280 3894 qua
1302 3823 1610 3894 plectuntur
1637 3823 1728 3892 qui
1756 3824 2031 3878 voluntate

2146 3828 2249 3896 ροίς
2269 3826 2366 3897 τὴν
2393 3825 2711 3896 προαίρεσιν
2766 3824 2799 3894 ὴ
2829 3822 3048 3894 ἀλγεινὴ
3080 3823 3456 3888 άνταπόδοσις,
3492 3824 3714 3894 εὔλογον

470 3927 599 3974 sunt
627 3917 888 3987 perversi,
913 3932 944 3972 a
975 3915 1086 3972 Deo
1113 3931 1267 3983 esse;
1302 3916 1502 3972 rationi
1531 3916 1719 3985 utique
1743 3927 2036 3972 consenta-

473 4025 632 4064 neum
670 4007 830 4073 forct,
862 4025 928 4063 ex
959 4009 1117 4064 nobis
1142 4008 1443 4079 ipsisinitia
1463 4018 1706 4078 repetere
1737 4017 1790 4063 ct
1814 4024 2031 4072 causas,

469 4103 783 4172 hnjusmodi
830 4102 972 4156 mala
1019 4101 1331 4172 recipiendi.
1379 4100 1481 4167 Qui
1528 4102 1671 4155 enim
1715 4101 1832 4157 sine
1877 4102 2034 4170 culpa

471 4194 688 4257 vixerit,
734 4207 842 4249 non
889 4194 967 4247 illi
1017 4193 1251 4248 tenebrae
1297 4200 1445 4255 sunt,
1502 4207 1607 4246 non
1652 4191 1872 4254 vermis,
1924 4205 2032 4244 non

471 4287 741 4358 gebenna,
776 4301 886 4341 non
923 4286 1087 4357 ignis.
1139 4301 1244 4340 non
1291 4285 1437 4340 aliud
1488 4285 1783 4354 quidquam
1819 4283 2037 4338 terribi-

472 4381 603 4434 lium
657 4395 840 4434 rerum
887 4389 942 4433 et
982 4392 1315 4447 pmnarum:
1368 4376 1804 4447 quemadmodun
1861 4390 2036 4447 neque

470 4472 714 4529 Hebraeis
759 4471 1086 4525 detrimento
1131 4467 1354 4522 fuerunt
1387 4466 1652 4537 Egyptize
1692 4467 1881 4536 plagas,
1927 4481 2034 4519 non

474 4563 668 4618 minuti
719 4561 796 4615 illi
849 4558 1122 4629 sciniphes
1172 4557 1348 4610 inviso
1401 4571 1586 4611 morsu
1618 4555 1861 4610 dolorem
1895 4553 2034 4609 infe-

473 4663 673 4719 rentes,
709 4668 817 4707 non
851 4649 1135 4721 cynomyia
1187 4647 1461 4702 mordicus
1498 4647 1687 4701 aculeo
1713 4647 1908 4701 acerbo
1937 4646 2033 4700 ad-

474 4747 802 4807 haerescens,
836 4757 942 4796 non
978 4753 1211 4809 superne
1238 4739 1552 4808 ingruentes
1586 4737 1865 4808 grandinis
1894 4738 2038 4807 lapi-

473 4838 634 4892 dibus
665 4835 934 4906 procellae,
989 4849 1096 4888 non
1137 4847 1264 4886 arva
1307 4831 1531 4886 locustis
1575 4831 1886 4901 absumpta,
1925 4847 2032 4886 non

473 4929 683 4985 obsitus
741 4927 979 4982 tenebris
1035 4940 1160 4991 aer,
1212 4932 1514 4992 cmteraque
1579 4923 1911 4994 hnjusmodi.
1977 4921 2036 4978 ln

475 5030 728 5094 promptu
777 5028 958 5074 autem
1008 5017 1120 5072 Deo
1177 5028 1260 5072 cst
1314 5016 1562 5072 excolere
1613 5030 1795 5069 veram
1847 5016 2036 5078 vitem.

474 5114 783 5186 Egyptiam
834 5129 964 5168 vero
1001 5110 1244 5182 perdere,
1289 5125 1412 5165 cum
1464 5109 1570 5164 illis
1614 5109 1778 5163 etiam
1824 5117 2033 5179 parcat,

473 5207 564 5277 qui
600 5205 880 5260 comesturi
926 5213 1046 5258 sunt
1071 5219 1224 5257 uvam
1254 5201 1416 5270 fellis,
1454 5210 1504 5254 et
1540 5200 1757 5254 bibituri
1789 5217 2035 5256 venenum

474 5300 716 5370 aspidum
794 5297 1089 5353 insanabile
1151 5297 1215 5350 “.
1300 5294 1595 5350 Subruitur
1670 5293 1829 5364 plane
1904 5294 2038 5349 licus

473 5391 752 5464 Egyptia,
784 5405 890 5444 non
923 5399 1101 5444 autem
1143 5389 1232 5442 illa
1263 5403 1425 5457 quam
1454 5385 1748 5442 Zacchzeus
1771 5401 2034 5442 conscen-

473 5487 574 5547 dit,
606 5496 664 5540 ut
690 5484 978 5538 Dominum
1019 5498 1198 5538 meum
1234 5481 1432 5536 intueri
1465 5481 1639 5549 possit
1669 5499 1680 5533 :
1713 5477 2038 5549 fructusque

472 5577 691 5650 Egypti
732 5585 1173 5645 corrumpuntur,
1215 5589 1376 5644 opera
1403 5574 1662 5628 nimirum
1688 5573 1898 5637 carnis;
1925 5587 2036 5628 non

470 5681 651 5728 autem
687 5670 888 5740 fructus
917 5667 1168 5739 Spiritus,
1197 5667 1448 5731 charitas,
1483 5667 1756 5737 gaudium,
1774 5681 1878 5736 pax
1897 5666 1960 5717 ³⁸.

546 5790 592 5822 ³⁸
623 5789 835 5847 Dcutcr.
868 5805 1036 5859 xxx",
1064 5790 1152 5844 35.
1205 5789 1274 5868 ‘3'
1299 5786 1416 5844 Gal.
1444 5804 1496 5856 v,
1527 5788 1616 5842 22.

2135 3916 2200 3970 ἂν
2224 3916 2308 3988 εἴη
2332 3914 2440 3988 ὲξή
2450 3915 2563 3987 μῶν
2589 3915 2767 3970 αὐτῶν
2797 3917 2936 3968 νοεῖν
2962 3915 3060 3978 τὰς
3087 3915 3261 3987 ἀρχὰς
3288 3916 3382 3968 καὶ
3401 3915 3504 3981 τὰς
3534 3918 3714 3980 αἰτίας

2137 4005 2205 4059 τά
2242 4005 2468 4059 τοιαῦτα
2507 4004 2808 4076 λαμϐάνειν
2849 4005 3016 4076 πάθη.
3061 4005 3150 4075 Τῷ
3177 4004 3284 4076 γὰρ
3312 4005 3713 4079 ἀναμαρτήτως

2139 4095 2421 4166 βεϐιωκότι
2446 4097 2506 4149 οὺ
2539 4097 2728 4159 σκότος
2756 4097 2922 4160 ἐστὶν,
2955 4097 3014 4148 ού
3044 4095 3276 4164 σκώληξ,
3311 4096 3372 4149 ού
3404 4097 3620 4165 γέεννα,
3650 4104 3713 4154 οὐ

2137 4188 2268 4261 πῦρ,
2314 4189 2413 4242 οὐκ
2451 4187 2578 4241 ἄλλο
2621 4206 2674 4240 τι
2723 4187 2829 4242 τῶν
2877 4187 3122 4259 φοϐερῶν
3173 4189 3452 4259 ὀνομάτων
3509 4207 3570 4243 τε
3619 4189 3713 4243 καὶ

2138 4283 2495 4355 πραγμάτων,
2540 4281 2614 4345 ὡς
2660 4281 2780 4334 οὐδὲ
2821 4283 2932 4346 τοῖς
2999 4281 3268 4350 Ἑϐραίοις
3310 4283 3366 4335 αἱ
3415 4283 3713 4352 Αἰγύπτιαι

2139 4374 2360 4443 πληγαὶ,
2390 4375 2440 4426 οἱ
2472 4373 2660 4426 λεπειτο)⁹
2695 4373 2942 4437 σκίνιπες
2974 4375 3187 4437 ἐκεῖνοι,
3216 4377 3265 4428 οἱ
3305 4377 3416 4437 τοῖς
3451 4377 3713 4444 ἀφανέσιν

2137 4467 2458 4534 ἀλγύνοντες
2496 4466 2788 4536 δήγμασιν,
2821 4467 2854 4536 ἡ
2898 4465 3170 4536 ὀδυνηρῶς
3201 4466 3288 4520 διά
3320 4466 3410 4520 τοῦ
3437 4469 3712 4538 δήγματος

2139 4557 2453 4630 ἐμφυομένη
2483 4557 2560 4628 τῷ
2586 4556 2797 4627 σώματι
2853 4557 3140 4628 κυνόμυια,
3171 4559 3220 4610 οἱ
3241 4556 3447 4612 ἀνωθεν
3474 4563 3715 4631 πρηστῆε

2141 4667 2230 4721 ρες
2259 4653 2372 4712 τοῖς
2396 4651 2492 4720 τῆς
2519 4647 2760 4719 χαλάζης
2778 4647 2946 4712 λίθοις
2968 4649 3522 4716 συγκαταπίπτοντες,
3551 4653 3583 4720 ἡ
3608 4650 3714 4702 ὑπὸ

2139 4741 2244 4794 τῶν
2273 4741 2505 4813 ἀκρίδων
2547 4739 3021 4812 καταφθειρομένη
3065 4740 3367 4807 γεωπονία,
3403 4743 3432 4795 6
3467 4742 3711 4811 μελαινό-

2145 4849 2303 4903 μενος
2336 4832 2463 4904 ἀὴρ,
2503 4832 2571 4886 τά
2611 4832 2762 4886 ἄλλα.
2799 4831 3092 4904 Πρόκειται
3117 4832 3173 4885 δὲ
3206 4832 3283 4904 τῷ
3303 4833 3422 4904 Θεῷ
3451 4836 3712 4904 γεωργεῖν

2143 4927 2241 4998 μὲν
2267 4926 2364 4998 τὴν
2395 4925 2654 4997 ἀληθινὴν
2700 4923 2962 4996 ἄμπελον,
3003 4925 3321 4979 ἀποκτεῖναι
3344 4925 3402 4978 δὲ
3423 4924 3524 4995 τὴν
3545 4927 3711 4991 Δίγυ-

2143 5019 2301 5074 πτίαν
2318 5018 2618 5089 φειδομένῳ
2634 5016 2750 5070 τῶν
2763 5019 3116 5086 μελλόντων
3141 5017 3368 5072 ἐσθίειν
3391 5015 3714 5086 σταφυλὴν

2142 5111 2331 5181 χολῆς
2352 5109 2448 5164 καὶ
2484 5110 2678 5163 πίνειν
2700 5108 2889 5177 θυμὸν
2919 5108 3192 5163 ἀσπίδων
3232 5109 3498 5163 ἀνίατον.
3542 5109 3713 5160 ’Δναι-

2147 5211 2321 5281 ρεῖται
2349 5207 2404 5260 δὲ
2437 5206 2531 5258 καὶ
2570 5205 2865 5275 συκάμινος
2913 5203 3202 5272 Αἰγυπτία,
3259 5205 3319 5256 ού
3376 5203 3482 5274 μὴν
3525 5203 3706 5268 ἐκείνη

2147 5301 2314 5370 ἐφ’ἢν
2341 5297 2618 5352 ἀναϐαίνει
2651 5298 2938 5366 Ζακχαῖος,
2970 5296 3058 5349 ἵνα
3094 5294 3292 5366 δυνηθῇ
3331 5295 3455 5349 ίδεῖν
3487 5312 3583 5367 μου
3615 5295 3713 5348 τὸν

2145 5392 2367 5464 Κύριον.
2411 5390 2517 5443 Καὶ
2548 5389 2944 5461 διαφθείρονται
2985 5388 3189 5460 καρποὶ⁵
3232 5387 3532 5456 Αἰγύπτιοι,
3569 5386 3713 5459 ἔργα

2147 5481 2368 5553 σαρκὸς,
2393 5480 2451 5534 οῦ
2490 5481 2594 5553 μὴν
2637 5483 2670 5536 ό
2701 5479 2805 5536 τοῦ
2827 5480 3173 5550 Πνεύματος
3207 5481 3455 5546 καρπὸς,
3481 5476 3706 5548 ἀγάπη,

2144 5577 2316 5661 χαρὰ,
2343 5573 2567 5644 suum.
