3876 6340
175 317 268 373 615

1286 315 1711 375 FRAGHENTA
1750 320 1817 377 IN
1859 321 2195 381 PSALMOS.

3252 333 3352 390 σει

233 436 330 503 pq’.
362 430 464 487 Kal
503 431 835 501 παρέδωκεν
859 433 947 500 εις
972 431 1237 503 χάλαζαν
1265 435 1341 489 τὰ
1373 434 1563 506 κτήνη
1587 438 1666 493 αὑ

1861 441 1953 496 48.
1992 441 2060 495 Ει
2114 441 2335 495 tradidit
2362 443 2610 513 qrandini
2636 445 2881 516 jumenta
2901 463 3108 517 eorum,
3148 460 3201 505 et
3242 468 3362 521 pos-

168 521 287 587 τῶν,
309 523 399 577 καὶ
419 521 530 592 τὴν
551 523 806 593 ὕπαρξιν
832 524 1029 579 αὐτῶν
1058 526 1139 592 τῷ
1167 527 1331 595 πιφι.

239 615 288 670 '0
318 613 369 668 δὲ
394 612 698 686 Σῦμμαχοςο
718 614 829 670 Τοῦ
860 616 1146 685 ἐκδόντος
1170 618 1355 687 ,ποιμῷ
1396 619 1468 674 τὰ
1503 619 1691 689 κτήνη

166 710 354 774 αὐτῶν,
403 709 499 765 καὶ
541 709 610 764 τὰ
646 706 915 779 κτήματα
943 709 1141 765 αὐτῶν
1172 709 1422 778 olm-07c.
1466 712 1691 784 Ἀθρόαν

162 805 252 878 γάρ
274 802 528 873 δεξάμενα
553 800 827 872 τελευτὴν,
866 801 1013 874 θοίνη
1037 801 1147 855 τῶν
1174 803 1519 875 σαρκοϐόρων
1548 803 1693 875 ὀρνί-

162 894 249 951 θων
280 893 533 963 ἐγένοντο.
574 892 731 948 Κατὰ
756 892 813 947 δὲ
843 894 970 957 τοὺς
1000 892 1403 965 Ἑϐδομήκοντα
1426 894 1506 948 πού
1531 890 1690 949 τοῦτο

159 988 296 1057 λέγει,
325 986 402 1039 ὅτι
440 986 545 1055 ίδίᾳ
580 986 676 1056 μὲν
706 986 739 1055 ή
771 984 980 1056 χάλαζα
1021 986 1088 1040 τὰ
1129 988 1298 1058 κτήνη
1335 985 1545 1057 ἀνῄρει,
1582 985 1688 1058 ίδίᾳ

156 1078 202 1131 δὲ
224 1077 277 1131 τὸ
303 1075 425 1148 πῦρ,
457 1076 554 1147 τὴν
589 1075 754 1148 ἄλλην
780 1077 1033 1150 ὓπαρξιν,
1062 1077 1174 1132 ἀλλ’
1202 1079 1284 1131 ὅτι
1308 1075 1515 1148 χάλαζα
1551 1076 1686 1147 μετά

156 1169 295 1240 πυρὸς
331 1161 641 1240 παραδόξως
683 1169 1120 1241 καταφερομένη,
1163 1168 1269 1240 πρὸ
1320 1167 1536 1221 πάντων
1588 1168 1686 1238 μὲν

148 1260 232 1332 τὴν
256 1259 483 1330 ἄμπελον
517 1260 825 1332 ἀπενεκρου
864 1262 958 1315 καὶ
994 1261 1090 1326 τὰς
1123 1260 1470 1333 συκαμίνους,
1501 1260 1576 1324 ὡς
1609 1259 1683 1332 μὴ

148 1353 411 1423 δυναμένας
438 1352 576 1417 ὅλως
604 1353 875 1424 ἀντισχεῖν
911 1357 976 1426 τῇ
1017 1353 1207 1426 πρώτῃ
1236 1337 1526 1425 προσϐολῇ.
1551 1349 1684 1407 Εἶτα

149 1444 205 1497 τὰ
225 1445 376 1514 κτήνη
403 1444 501 1497 ὅσα
524 1446 584 1497 ὲν
608 1447 719 1509 τοῖς
744 1444 943 1510 πεδίοις
975 1446 1249 1517 ἐνέμοντο,
1274 1444 1464 1499 ἔπειτα
1494 1444 1552 1499 δὲ
1584 1446 1683 1499 πᾶ-

150 1554 230 1592 σαν
259 1536 474 1607 βοτάνην
503 1537 600 1591 καὶ
643 1539 752 1591 πᾶν
783 1537 971 1606 φυτὸν,
1013 1537 1073 1591 τὸ
1111 1539 1173 1590 ἐν
1210 1540 1277 1609 τῇ
1317 1536 1524 1609 χαλάζῃ
1570 1536 1679 1610 πῦρ

148 1629 453 1693 ἐπεϐόσκετο,
491 1630 589 1683 καὶ
630 1625 698 1701 ἦν
728 1631 790 1683 τὸ
810 1631 1042 1702 πρᾶγμα
1074 1630 1376 1702 τεράστιον,
1417 1629 1589 1701 πυρὸς
1620 1630 1679 1682 ὲν

145 1721 273 1775 ὕδατι
304 1721 582 1792 τρέχοντος
627 1724 721 1775 καὶ
758 1721 1203 1793 διαπλεκομένου.
1242 1722 1507 1792 Διέτρεχε
1544 1722 1673 1792 γὰρ,

145 1819 271 1889 φησι,
295 1815 357 1870 τὸ
379 1814 499 1884 adp
539 1814 614 1869 ἐν
640 1813 716 1894 τῇ
752 1813 998 1884 χαλάζῃο
1028 1810 1098 1886 ἦν
1121 1814 1177 1867 δὲ
1201 1816 1235 1886 ἠ
1263 1813 1470 1885 χάλαζα
1492 1812 1587 1867 καὶ
1619 1813 1681 1867 τὸ
1709 1795 1752 1851 Β

143 1910 234 1981 πῦρ
268 1907 505 1978 φλογίζον
544 1909 609 1961 ὲν
656 1909 721 1978 τῇ
763 1905 993 1981 χαλάζῃ.
1046 1905 1320 1978 ’Υπαρξιν
1363 1905 1420 1959 δὲ
1458 1906 1557 1959 εἰτ’
1586 1902 1679 1962 οὖν

143 2003 334 2058 πλοῦτον
358 2000 508 2055 καλεῖ
529 2003 561 2055 ὁ
617 1999 780 2055 Δαὸὶδ
806 1999 876 2054 τά
899 2000 1068 2071 κτήνη
1103 1999 1198 2053 καὶ
1222 1999 1313 2054 τὸν
1338 1998 1550 2071 καρπὸν
1570 1998 1679 2054 τῶν

143 2093 309 2163 φυτῶν.
334 2092 449 2165 Χρὴ
477 2092 537 2146 δὲ
564 2090 855 2161 γινώσκειν
887 2091 993 2155 ὅτι,
1032 2092 1081 2144 εί
1119 2090 1215 2143 καὶ¹
1241 2092 1420 2145 πᾶσαν
1449 2089 1678 2160 βοτάνην

143 2186 218 2240 καὶ
248 2186 345 2239 πᾶν
375 2184 530 2250 ξύλον
574 2186 611 2254 ή
647 2183 855 2254 χάλαζα
885 2182 1189 2254 διαφθεῖραι
1234 2182 1534 2254 ἱστόρηται,
1562 2182 1677 2235 ἀλλ’

141 2274 214 2332 οὖν
235 2277 536 2331 ὑπελείπετό
574 2292 699 2329 τινα
722 2276 759 2330 ὃ.
781 2275 922 2346 μετά
942 2274 1041 2345 τὴν
1064 2273 1396 2347 πυρίπλοκον
1413 2272 1673 2345 χάλαζαν,

143 2370 397 2425 ἐπελθοῦσα
438 2368 753 2439 κατέφαγεν
778 2370 812 2440 ή
847 2368 1026 2439 ἀκρὶς,
1069 2369 1198 2439 περὶ
1224 2362 1292 2439 ἦς
1323 2369 1559 2439 εἴρηται,
1593 2368 1676 2421 ὅτι

142 2463 381 2516 κατέδεται
409 2463 594 2516 πᾶσαν
625 2462 872 2532 βοτάνην,
904 2462 999 2515 καὶ
1020 2461 1196 2515 πάντα
1220 2462 1310 2515 τὸν
1336 2463 1546 2534 καρπὸν
1566 2461 1673 2516 τῶν

140 2553 294 2619 ξύλων,
335 2554 392 2608 δν
423 2540 750 2609 ὑπελείπετο
793 2556 827 2624 ἡ
871 2552 1099 2625 χάλαζα.
1144 2553 1302 2608 Κατὰ
1330 2554 1387 2607 δὲ
1419 2553 1668 2624 Θεωρίαν,

140 2648 228 2700 ἐστι
250 2646 361 2701 τινὰ
385 2649 562 2719 κτήνη
602 2645 860 2718 Χριστοῦ,
904 2645 999 2700 καὶ
1026 2645 1140 2699 ἔστι
1177 2646 1299 2700 τινὰ
1335 2646 1668 2715 Αἰγυπτίων.

138 2736 329 2792 Δύναται
366 2737 463 2810 μέν
495 2754 586 2791 τοι
624 2736 695 2790 τὰ
734 2735 865 2790 ποτὲ
906 2734 1159 2807 ἀλλοτρία
1196 2735 1455 2804 γενέσθαι
1504 2738 1669 2793 αὑτοῦ

137 2828 366 2900 κτήματα,
410 2829 487 2893 ὡς
520 2827 598 2881 τὰ
635 2826 824 2883 Δαὸἀν
865 2826 961 2881 τοῦ
1005 2826 1216 2892 Ἰακὼϐ,
1258 2829 1354 2882 καὶ
1379 2828 1666 2884 ἀνάπαλιν.

137 2918 231 2972 Τῶν
250 2918 369 2988 γοῦν
392 2917 686 2989 προόἀδτων
715 2918 816 2971 ὅσα
860 2916 1054 2970 Ἰακὼϐ
1085 2916 1510 2988 ἀπεδοκίμασεν,
1540 2919 1668 2989 ἐχα-

136 3008 290 3079 ρίσατο
312 3008 383 3080 τῷ
424 3007 625 3063 Ἠσαῦ.
656 3008 799 3081 Ὅρα
826 3007 957 3078 γοῦν
986 3009 1193 3080 μήποτε
1215 3011 1280 3062 ὲκ
1300 3011 1402 3080 τῆς
1434 3010 1667 3083 ποίμνης

1800 534 2083 588 sessionem
2110 549 2290 587 eorum
2320 535 2454 605 igni.

1869 623 2042 681 Porro
2096 623 2457 698 Symmachus
2508 628 2686 684 reddit
2714 629 2850 696 :Qui
2901 633 3126 689 tradidit
3171 650 3364 704 pecora

1797 734 1980 773 eorum
1999 719 2153 789 fami,
2182 730 2233 775 et
2255 722 2603 790 possessiones
2629 740 2810 778 eorum
2827 726 3031 783 avibus.
3051 727 3186 784 Cum
3216 729 3364 784 enim

1798 812 2128 867 cumulatam
2154 813 2463 868 vastitatem
2494 823 2716 884 esperta
2737 827 2938 885 essent,
2963 835 3145 876 escam
3168 822 3364 879 avibus

1796 903 2098 959 carnivoris
2120 904 2491 976 praebuerunt.
2519 904 2831 963 Secundum
2854 926 2982 966 vero
3007 910 3360 985 Septuaginta

1795 1010 1904 1049 non
1948 996 2053 1052 hoc
2098 997 2194 1062 ait,
2251 999 2543 1068 separatim
2597 1000 2807 1057 scilicet
2855 1018 3051 1072 pecora
3097 1007 3363 1077 grandine

1792 1087 1963 1144 fuisse
2006 1089 2357 1160 interempta,
2397 1092 2577 1161 ignem
2620 1106 2750 1147 vero
2790 1093 3106 1165 singillatim
3140 1100 3363 1155 absum-

1790 1180 1969 1250 psisse
2003 1189 2254 1235 caeterum
2288 1182 2689 1251 substantiam;
2724 1186 2815 1241 sed
2860 1188 3175 1257 grandinem
3234 1207 3358 1246 cum

1791 1270 1915 1341 igne
1957 1271 2178 1341 copiose
2217 1272 2583 1343 ingruentem,
2633 1275 2689 1330 in
2739 1277 2932 1347 primis
2967 1281 3186 1349 quidem
3217 1284 3359 1339 vites

1787 1363 2186 1419 exterminasse
2230 1379 2296 1420 ac
2339 1365 2499 1432 ﬁcus,
2542 1375 2808 1439 tanquam
2838 1371 3077 1441 impares
3132 1373 3356 1429 omnino

1787 1468 1910 1524 quae
1933 1454 2043 1508 vim
2087 1454 2291 1511 ferrent
2333 1458 2635 1528 eruptionis
2673 1461 2893 1531 prima};
2938 1463 3131 1519 deinde
3159 1478 3358 1534 pecora

1785 1560 2129 1616 quaecunque
2172 1562 2336 1618 agros
2376 1548 2761 1619 depaseebant,
2797 1569 2924 1610 mox
2967 1570 3185 1611 omnem
3231 1557 3357 1612 her-

1785 1633 1911 1688 bam
1965 1650 2295 1708 omnemque
2330 1639 2580 1695 arborem
2652 1642 2725 1697 ab
2779 1642 2903 1714 igne
2938 1660 3063 1700 cum
3090 1647 3358 1717 grandine

1782 1727 2049 1796 permisto
2081 1728 2251 1787 fuisse
2282 1740 2686 1802 consumptam.
2730 1732 2968 1805 Eratque
3011 1739 3249 1807 portenti
3280 1741 3356 1795 si-

1780 1820 1932 1885 mile,
1964 1821 2107 1892 ignis
2142 1837 2267 1878 cum
2297 1839 2440 1895 aqua
2472 1825 2811 1891 discurrens,
2860 1830 3350 1904 complicatusque.

1780 1911 2125 1968 Discurrebat
2145 1916 2307 1984 enim,
2330 1916 2427 1982 ait,
2456 1918 2595 1988 ignis
2623 1921 2680 1974 in
2706 1923 2981 1991 grandine.
3009 1922 3133 1979 Fuit
3155 1941 3351 1997 nempe

1780 2004 1990 2074 grando
2039 2014 2094 2059 et
2144 2005 2284 2076 ignis
2334 2007 2390 2061 in
2434 2009 2697 2079 grandine
2721 2012 2940 2068 ardens.
2972 2012 3349 2072 Substantiam

1779 2111 1927 2159 vero,
1956 2095 2071 2151 sive
2107 2097 2349 2164 divitias,
2389 2099 2558 2156 David
2590 2103 2825 2172 appellat
2853 2120 3072 2174 pecora,
3103 2116 3157 2162 et
3182 2109 3348 2163 arbo-

1778 2203 1903 2243 rum
1944 2187 2175 2246 l‘ructus.
2224 2193 2674 2252 Animadvertere
2705 2206 2887 2252 autem
2932 2208 3168 2269 oportet,
3201 2204 3347 2271 quod

1775 2279 1990 2336 etiamsi
2016 2296 2236 2338 omnem
2273 2284 2499 2341 herbam
2529 2302 2856 2360 omnemque
2876 2291 3124 2347 arborem
3140 2295 3349 2365 grando

1776 2369 2185 2440 consumpsisse
2202 2371 2450 2442 dicatur;
2470 2376 2720 2447 quadam
2745 2378 3105 2437 nihilominus
3128 2397 3348 2439 reman-

1777 2468 1986 2528 serunt,
2013 2477 2134 2532 quae
2159 2474 2284 2533 post
2308 2468 2629 2537 grandinem
2669 2471 2794 2540 igne
2835 2472 3136 2530 involutam
3158 2490 3338 2547 super-

1773 2551 1999 2608 veniens
2020 2553 2229 2612 locusta
2259 2559 2525 2628 comedit;
2568 2561 2636 2617 de
2656 2578 2763 2633 qua
2789 2564 2996 2621 dictum
3025 2577 3130 2635 est,
3155 2583 3345 2625 come-

1780 2641 1931 2700 disse
1944 2659 2162 2703 omnem
2179 2647 2428 2717 herbam,
2450 2668 2783 2725 omnemque
2797 2656 3057 2713 arborum
3081 2661 3341 2725 fructum,

1770 2749 2157 2810 quemcunque
2204 2742 2412 2813 grando
2456 2745 2785 2817 reliquisset.
2844 2746 3158 2805 Secundum
3206 2765 3341 2807 vero

1771 2829 2063 2898 theoriam,
2095 2843 2224 2889 sunt
2254 2837 2503 2907 quaedam
2540 2837 2742 2896 Christi
2769 2856 2987 2912 pecora,
3014 2852 3070 2899 et
3090 2844 3338 2915 quaedam

1770 2922 2185 2995 Egyptiorum:
2209 2928 2341 2999 quin
2369 2929 2532 2985 etiam
2562 2942 2810 3003 possunt,
2844 2950 2968 3006 quae
2986 2935 3210 2995 alterius
3240 2937 3343 2993 ali-

1768 3016 1988 3085 quando
2019 3015 2256 3084 fuerant,
2286 3018 2461 3090 ipsius
2475 3021 2677 3079 Christi
2702 3027 2962 3094 evadere;
2981 3030 3342 3101 quemadmo-

133 3100 472 3173 εὑρισκόμενος
508 3099 714 3171 Ἰησοῦ,
744 3101 873 3155 ὅταν
900 3100 1184 3171 πέμττηται
1207 3099 1353 3173 δῶρα
1379 3100 1457 3172 τῷ
1496 3102 1665 3157 Ἠσαῦ

1775 3106 1897 3162 dum
1926 3104 2133 3163 Labani
2164 3124 2361 3180 pecora
2391 3110 2580 3170 Jacobi
2617 3115 2757 3173 facta
2786 3127 2935 3184 sunt,
2982 3099 3037 3176 et
3070 3122 3339 3191 vicissim,

131 3192 342 3266 ὲκλίγῃς,
375 3194 468 3249 καὶ
489 3194 572 3258 ὡς
603 3192 859 3265 ἀδόκιμος
888 3192 984 3247 καὶ
1007 3192 1223 3257 ἀνάξιος
1246 3192 1340 3246 τοῦ
1371 3210 1664 3265 πνευματι-

133 3284 208 3338 κοῦ
255 3285 455 3354 Ἰακὼϐ,
513 3285 844 3358 ἐκπεμφθῇς
899 3284 1038 3358 πρὸς
1082 3285 1173 3338 τὸν
1230 3285 1419 3340 Ἡσαῦ.
1476 3288 1661 3358 Κτήνη

132 3378 325 3450 Χριστοῦ
359 3382 408 3434 oi
451 3378 839 3450 ἀπλούστεροι,
875 3376 971 3440 οὒς
1000 3374 1161 3441 σώζει
1192 3378 1221 3430 ὁ
1245 3376 1376 3441 Θεὸς
1408 3378 1547 3431 κατά
1580 3378 1662 3431 τό·

141 3470 460 3540 Ἀνθρώπους
492 3473 599 3527 καὶ
628 3470 816 3538 κτήνη
849 3468 1073 3536 σώζεις,
1116 3470 1311 3537 Κύριε.
1350 3472 1535 3543 Κτήνη
1561 3472 1657 3524 Αί-

130 3563 351 3627 γυπτίων,
373 3566 424 3617 οἱ
454 3562 656 3634 ἀλογίᾳ
679 3564 746 3632 τῇ
769 3559 918 3631 ἀθέῳ
938 3559 1257 3631 διδασκαλίᾳ
1276 3560 1661 3629 συγκατατιθέ-

132 3669 268 3723 μενοι,
303 3655 339 3711 ἀ
372 3658 467 3711 καὶ
501 3652 890 3727 χαλαξοῦνται.
930 3653 1039 3706 Καὶ
1080 3651 1366 3722 Αἰγύπτιοι
1420 3654 1517 3724 μὲν
1556 3654 1656 3708 ὅσα

129 3744 274 3815 ἔχουσι
305 3747 378 3818 τῷ
415 3748 552 3820 πυρὶ
591 3743 963 3815 παραδίδοται,
1015 3742 1267 3815 Ἀϐραὰμ
1295 3744 1353 3798 δὲ
1381 3744 1451 3798 τὰ
1482 3745 1659 3818 ὑπάρ-

128 3855 258 3909 χοντα
281 3841 355 3914 τῷ
394 3840 587 3896 Ἰσαὰκ
615 3838 835 3893 ἔδωκεν.

1771 3208 2054 3268 propterea
2077 3202 2224 3271 quod
2241 3201 2409 3261 Jacob
2429 3221 2768 3280 quaecunque
2791 3209 3139 3282 improbavit,
3164 3214 3341 3273 Esavo

1766 3289 2027 3362 elargitus
2056 3303 2160 3351 est.
2191 3296 2338 3353 Cave
2370 3299 2556 3371 igitur,
2596 3318 2667 3358 ne
2696 3303 2752 3357 in
2796 3304 2924 3360 ovili
2963 3306 3095 3363 Jesu
3143 3307 3340 3365 inven-

1767 3390 1874 3449 tus,
1910 3400 2033 3439 cum
2066 3387 2135 3442 ad
2179 3385 2325 3446 Esau
2377 3391 2522 3447 dona
2573 3394 2887 3462 mittuntur,
2950 3399 3220 3471 seligaris,
3274 3418 3341 3458 ae

1766 3479 2028 3543 tanquam
2083 3481 2349 3549 reprobus
2394 3482 2763 3555 indignosque
2807 3489 3106 3559 spiritualis
3146 3491 3338 3550 Jacobi

1767 3568 2156 3626 transmittaris
2179 3573 2247 3627 ad
2270 3572 2436 3630 Esau.
2459 3574 2664 3633 Pecora
2691 3580 2949 3638 nimirum
2982 3584 3185 3642 Christi
3209 3598 3338 3644 sunt

1764 3654 2147 3730 simpliciores,
2183 3679 2321 3735 quos
2352 3666 2496 3724 Deus
2524 3670 2716 3738 salvat,
2756 3671 2913 3741 juxta
2939 3675 3070 3731 illud
3099 3695 3114 3732 :
3142 3677 3335 3733 Homi-

1758 3766 1847 3804 nes
1894 3763 1944 3807 et
1974 3754 2221 3824 jumenta
2262 3758 2526 3827 salvebis,
2563 3761 2787 3817 Domine
2823 3764 2890 3819 ³⁸.
2932 3763 3139 3824 Pecora
3165 3771 3336 3844 Egy-

1755 3845 1998 3914 ptiorum
2022 3846 2097 3902 illi
2127 3858 2274 3913 sunt,
2295 3852 2389 3920 qui
2412 3852 2624 3909 ratione
2651 3855 2896 3912 destituti
2923 3860 3201 3918 adhaerent
3225 3865 3333 3920 int-

128 3931 209 3998 pia
239 3934 475 3992 atheismi
515 3931 806 3997 doctrinae,
837 3931 1042 4002 quique
1069 3929 1206 3987 adeo
1237 3930 1502 4027 grandine
1529 3935 1927 4003 percutiuntur.
1976 3940 2172 4011 Atque.
2199 3941 2438 4016 Egyptii
2486 3946 2730 4018 quidem,
2784 3951 3039 4010 universa
3082 3971 3204 4027 quae
3229 3958 3331 4015 ha-

129 4026 230 4092 bent
249 4033 351 4105 igni
384 4032 680 4088 traduntur
713 4047 727 4083 :
762 4027 1037 4083 Abraham
1066 4042 1195 4085 vero
1224 4027 1364 4082 bona
1398 4025 1585 4083 lsaaco
1610 4029 1735 4087 data
1763 4042 1913 4089 sunt.

181 4147 270 4220 μθ.
314 4148 781 4214 Ἔξαπέστειλεν
807 4145 917 4211 velt;
965 4142 1186 4209 αὐτοὺς
1230 4143 1417 4214 ὀργὴν
1460 4144 1652 4214 θυμοῦ

125 4239 292 4305 αὑτοῦ,
319 4239 510 4311 θυμὸν
543 4237 649 4293 καὶ
671 4236 859 4308 ὀργὴν
884 4236 983 4290 καὶ
1026 4235 1258 4304 θλίψιν,
1286 4236 1652 4313 ,ἀποστολὴν

125 4330 180 4386 δι’
198 4335 444 4406 ἀγγέλων
470 4331 780 4403 πονηρῶν.

176 4427 331 4499 Θυμὸν
354 4428 447 4483 καὶ¹
468 4425 639 4499 ὀργὴν
672 4425 766 4479 καὶ
794 4422 990 4489 θλίψιν,
1020 4421 1119 4486 τὰς
1152 4422 1353 4496 πικρὰς
1382 4424 1651 4496 τιμωρίας

124 4519 364 4574 ἐκάλεσενο
404 4523 433 4575 ὁ
462 4520 577 4592 γάρ
597 4518 728 4582 Θεὸς
753 4513 987 4585 ἀπαθής·
1010 4515 1102 4568 καὶ
1123 4513 1292 4586 θυμὸν
1316 4516 1413 4586 μὲν
1438 4517 1649 4586 νοήσεις

123 4610 199 4675 τὰς
228 4607 373 4685 ἦττον
404 4609 761 4675 κολαζούσας,
792 4605 960 4679 ὀργήν
986 4606 1042 4659 δὲ
1073 4606 1169 4670 τὰς
1209 4604 1427 4676 μᾶλλον,
1474 4605 1649 4675 θλίψιν

122 4701 191 4769 tt,
219 4704 307 4769 τὰς
336 4705 435 4758 ἔτι·
470 4702 737 4773 ἀγγέλους
774 4700 831 4753 δὲ
877 4697 1165 4771 πονηροὺς,
1197 4698 1322 4761 τοὺς
1350 4698 1449 4769 τῆς
1478 4698 1649 4768 ὀργῆς

123 4793 406 4869 ὑπουργοὺς,
429 4796 555 4850 οὔτε
584 4794 744 4864 φύσει
772 4790 932 4846 τοῦτο
953 4790 1131 4855 ὂντας,
1161 4788 1284 4843 οὔτε
1308 4790 1645 4862 προαιρέσει,

120 4885 226 4941 ἀλλά
251 4888 332 4943 διὰ
362 4890 422 4944 τὸ
457 4890 541 4953 εἰς
564 4886 788 4942 τοιαῦτα
823 4884 1155 4955 διακονῆσαι,
1195 4883 1290 4936 καὶ
1326 4880 1522 4945 πόνους
1552 4882 1646 4935 καὶ

122 4978 272 5046 ὀδύνας
286 4983 589 5055 ἐνεργῆσαι,
608 4979 875 5052 πονηροὺς
886 4975 1296 5048 ὀνομασθέντας,
1315 4973 1389 5037 ὡς
1400 4973 1534 5044 πρὸς
1550 4973 1645 5046 τὴν

121 5071 205 5125 τῶν
214 5077 513 5147 πασχόντων
524 5074 781 5136 διάθεσιν,
800 5070 936 5126 καθὸ
959 5070 1050 5124 καὶ
1068 5068 1249 5141 ἡμέρα
1274 5083 1406 5137 πονη
1415 5064 1530 5138 ράή
1545 5066 1644 5137 τῆς

123 5163 312 5232 κρίσεως
333 5166 567 5235 λέγεται,
584 5167 658 5231 ὡς
681 5164 935 5235 ἀναγκῶν
952 5164 1045 5216 καὶ
1072 5162 1247 5215 πόνων
1265 5162 1376 5222 τοῖς
1393 5167 1646 5234 ἀμαρτω-

120 5254 207 5323 λυῐς
226 5261 479 5333 γέμουσα.
513 5260 760 5315 Τοιοῦτον
781 5260 876 5313 καὶ
897 5258 957 5312 τὸ
976 5256 1127 5328 παρά
1151 5255 1230 5325 τῷ
1255 5255 1471 5327 Ἠσαῖαο
1500 5251 1640 5322 Ἐγὼ

168 5447 413 5508 "Psalm.
444 5467 608 5520 xxxv,
634 5451 687 5506 ’1.

172 5619 268 5707 (ξι)
304 5621 694 5707 Τὴεριιοιιοιιιε,
730 5622 1075 5707 Hippolytum
1140 5632 1383 5684 secutus,
1423 5621 1633 5707 angelos

115 5690 257 5743 malos
274 5690 690 5765 nondaamones,
719 5706 772 5751 at
803 5690 978 5765 pinnae
996 5706 1370 5765 temporaneaa
1395 5690 1633 5765 admini-

115 5768 231 5816 ιιι-οε
272 5762 567 5823 intellexit:
598 5768 652 5822 in
676 5762 870 5839 psalin.
907 5762 1229 5833 ιςχνιιίῦᾼ,
1257 5764 1393 5821 etin
1426 5762 1628 5821 larem.

1827 4128 1918 4185 49.
1950 4128 2099 4185 Misit
2127 4132 2182 4186 in
2207 4149 2294 4189 eos
2335 4136 2473 4190 iram
2494 4137 2878 4210 indignationis
2920 4162 3051 4215 sate,
3076 4148 3327 4220 indigna-

1758 4225 1972 4292 tionem,
1998 4233 2049 4280 et
2077 4226 2235 4292 iram,
2283 4239 2332 4283 et
2381 4230 2778 4288 tribulationem
2805 4251 2824 4289 :
2848 4238 3198 4297 immissiones
3234 4262 3328 4316 per

1681 4349 1730 4404 ι)
1757 4316 1971 4387 angelos
2001 4319 2193 4374 malos.

1827 4409 2259 4481 lndignationem
2308 4422 2362 4469 et
2407 4414 2567 4482 iram,
2601 4427 2655 4474 et
2688 4420 3091 4481 tribulationem
3128 4430 3324 4487 acerba

1755 4503 1963 4575 ﬂagella
1994 4504 2332 4561 nominavit:
2363 4505 2505 4565 Deus
2529 4511 2671 4565 enim
2703 4517 3113 4584 perturbatione
3144 4536 3322 4583 vacat.

1755 4595 2184 4668 Indignationem
2224 4598 2490 4668 profecto,
2536 4603 2748 4660 minora
2779 4606 2985 4679 ﬂagella
3018 4610 3320 4687 intelliges;

1755 4688 1891 4743 iram
1923 4689 2138 4756 deinde,
2163 4691 2405 4762 majora;
2439 4695 2843 4754 tribulationem
2873 4716 3023 4768 vero,
3058 4709 3320 4766 maxima.

1750 4782 1989 4850 Angelos
2017 4793 2196 4839 autem
2230 4786 2425 4852 malos,
2452 4802 2548 4843 eos
2577 4788 2672 4859 qui
2706 4801 2835 4847 sunt
2862 4792 2957 4850 ira:
2989 4796 3320 4868 administri,

1750 4874 1845 4943 qui
1875 4888 2052 4944 neque
2077 4883 2274 4931 natura
2305 4877 2433 4931 mali
2467 4886 2619 4945 sunt,
2657 4894 2835 4949 neque
2871 4883 3183 4955 voluntate;
3225 4888 3321 4945 sed

1749 4966 2012 5036 quoniam
2060 4967 2214 5023 hisce
2262 4969 2441 5038 poenis
2482 4971 2844 5040 exsequendis
2891 4973 3218 5044 inserviunt,
3254 4996 3321 5037 ac

1749 5073 2023 5115 aerumnas
2049 5060 2372 5130 doloresque
2394 5061 2665 5134 inﬂigunt,
2688 5064 2819 5120 mali
2842 5065 3132 5139 dicuntur;
3158 5076 3317 5143 quasi

1750 5168 1819 5209 ex
1862 5168 2053 5209 eorum
2103 5153 2297 5210 aﬂ‘ectu
2348 5156 2442 5225 qui
2478 5158 2604 5212 talia
2640 5163 2920 5229 patiuntur
2943 5164 3076 5234 (2|).
3115 5167 3319 5235 Quem-

1749 5246 2040 5302 admodum
2072 5256 2126 5303 et
2166 5247 2284 5304 dies
2314 5249 2459 5304 mala
2491 5264 2835 5323 nuncupatur
2864 5258 3055 5326 judicii
3082 5261 3217 5325 dies,
3248 5276 3315 5316 eo

1745 5635 1892 5685 χιιι,
1927 5620 2014 5675 14.
2049 5617 2153 5675 Sed
2175 5627 2229 5675 et
2251 5619 2343 5676 alii
2371 5620 2617 5676 eamdem
2646 5621 2701 5677 in
2725 5617 3048 5678 sententiam
3073 5617 3306 5682 iverunt.

1744 5690 1809 5747 γ.
1840 5690 1951 5749 Pol.
1973 5694 2209 5763 Synops.
2240 5708 2301 5759 υ,
2335 5693 2438 5749 col.
2466 5693 2624 5748 1115.
