3876 6340
520 321 626 379 615
1362 319 1420 377 S.
1458 318 1821 377 HIPPOLYTI
1871 320 2020 377 OPP.
2056 318 2237 377 PARS
2285 308 2326 378 Ι.
2383 351 2449 362 —-
2481 319 2891 377 EXEGETICA.
3619 320 3704 386 διδ

521 446 669 518 quod
695 446 1063 502 calamitatum
1098 440 1459 517 laborumque
1486 448 1749 503 adversus
1782 457 2052 518 peccatore

2199 447 2415 516 Κύριος
2442 444 2629 499 ποιῶν
2668 444 2916 515 nimim
2943 446 3039 500 καί
3077 443 3276 506 κτίζων
3309 444 3474 509 κακὰ,
3503 448 3579 501 ἵνα
3600 454 3705 527 sinu

524 540 683 610 plena
711 539 801 593 sit.
837 536 1028 593 Simile
1058 545 1147 609 est
1179 538 1311 593 illud
1346 536 1503 593 Isaia:
1534 558 1547 593 :
1579 538 1690 609 Ego
1722 540 1979 593 Dominus
2011 539 2055 609 fa

2061 556 2097 591 ι-
2203 540 2299 593 καὶ
2330 537 2631 611 είρηνέυειν
2658 540 2782 603 ἐῶν,
2811 539 2904 593 καὶ
2933 537 3276 608 πολεμεῖσθαι
3306 539 3592 609 συγχωρῶν.

524 635 666 690 ciens
696 650 877 705 pacem
907 643 957 688 et
999 650 1183 688 creans
1207 634 1351 689 mala
1366 635 1443 701 '7;
1476 635 1701 706 perinde
1735 650 1799 691 ac
1830 637 1878 692 si
1914 635 2078 704 dicat,
2107 642 2163 691 et
2194 650 2379 706 pacem
2409 632 2619 699 fovens,
2649 643 2703 690 et
2732 634 2867 690 bella
2898 633 3230 706 permittens.

1690 1020 1816 1110 IN
1892 1018 2624 1115 PROVERBIA.

958 1212 1098 1279 (Mn,
1127 1209 1421 1264 Bibliotheca
1444 1224 1567 1263 nova
1586 1212 1809 1271 Patrum,
1833 1208 1941 1273 VII,
1963 1225 2015 1273 ιι,
2038 1210 2118 1272 τι,
2152 1212 2320 1262 Roma
2342 1212 2484 1273 1855,
2505 1213 2557 1262 in
2581 1212 2651 1273 4°,
2676 1224 2742 1262 ex
2766 1219 2941 1265 catena
2972 1212 3201 1265 Vaticana
3223 1212 3338 1276 ms.)

1282 1532 1377 1586 ΕΚ
1424 1532 1561 1586 ΤΩΝ
1610 1532 1816 1586 ΑΓΙυΥ
1861 1532 2267 1587 ΙΠΠΟΛΥΤΟΥ
2296 1529 2409 1585 ΕΙΣ
2438 1531 2571 1584 ΤΛΣ
2594 1530 2988 1584 ΠΑΡΟΙΜΙΑΣ.

599 1707 987 1769 IIlPPOLYTI.
1015 1706 1310 1764 Proverbia
1358 1707 1524 1779 igitur
1563 1722 1845 1765 sermones
1889 1708 2093 1765 exhor—
2127 1716 2130 1772 ς

2269 1707 2684 1762 ΙΠΠΟΛΥΤΟΥ.
2715 1707 2761 1739 ³⁸
2787 1708 3081 1779 Παροιμίαι
3104 1707 3282 1763 τοίνυν
3316 1707 3418 1762 εἰσὶ
3452 1708 3581 1779 λόγοι
3608 1727 3711 1785 προ.

529 1807 710 1864 tatorii
740 1812 890 1869 sunt,
920 1802 1014 1873 qui
1045 1799 1316 1856 universa:
1359 1799 1485 1854 vitae
1528 1800 1878 1856 moderanda:
1918 1801 2060 1856 conti

2201 1801 2481 1872 τρεπτικοὶ
2503 1798 2653 1872 παρά
2680 1800 2860 1854 πᾶσαν
2887 1799 3006 1854 ὁδὸν
3030 1798 3125 1853 τοῦ
3161 1798 3276 1869 βίου
3311 1802 3705 1876 χρησιμεύοντες·

528 1907 681 1954 runt:
720 1910 848 1951 nam
879 1894 946 1950 iis
984 1892 1080 1962 qui
1126 1891 1229 1947 iter
1273 1891 1341 1946 ad
1374 1890 1545 1946 Deum
1578 1891 1892 1958 instituunt,
1930 1891 2059 1947 duce

2200 1892 2312 1953 τοῖς
2343 1888 2451 1960 γὰρ
2492 1889 2583 1943 ἐπὶ
2617 1890 2707 1943 τὸν
2729 1889 2860 1943 Θεὸν
2898 1889 3017 1946 ὁδὸν
3065 1890 3429 1961 ποιουμένοις,
3464 1892 3628 1964 ὀδηγός
3647 1911 3710 1959 τις

528 1988 755 2060 quidam
781 1987 921 2041 ﬁunt
949 1999 1016 2039 ac
1043 1982 1211 2038 veluti
1236 1982 1463 2047 indices,
1486 1983 1582 2052 qui
1614 1982 1924 2038 laborantes
1944 1996 1974 2036 a
2003 1982 2059 2035 vi

2201 1981 2406 2050 γίνεται
2422 1981 2835 2054 ’παραπλησίως
2860 1981 2940 2053 τῷ
2965 1982 3347 2053 ὑποδείγματι,
3374 1983 3492 2047 τοὺς
3522 1984 3709 2054 κάμνον-

528 2078 868 2150 longitudine
919 2084 1194 2133 recreant.
1226 2073 1398 2129 Porro
1443 2074 1560 2130 lure
1605 2074 1894 2145 proverbia
1950 2073 2059 2129 Salt

2200 2087 2299 2135 τας
2334 2070 2426 2124 διὰ
2457 2071 2518 2125 τὸ
2566 2071 2663 2141 τῆς
2692 2070 2811 2125 ὁδοῦ
2849 2072 3019 2144 μῆκος
3066 2072 3456 2145 ἀνακτωμένη·
3496 2075 3614 2128 είσὶν
3638 2072 3710 2129 οὖν

528 2171 712 2227 monis
745 2177 895 2237 sunt,
941 2168 1153 2239 paciﬁci
1188 2167 1472 2233 nimirum,
1515 2167 1631 2222 sive
1671 2167 1876 2222 Christi
1906 2165 2059 2221 Serv:

2201 2155 2361 2215 αὗται
2392 2165 2448 2216 αί
2481 2163 2769 2237 παροιμίαι
2812 2163 3192 2235 Σολομῶντος,
3224 2166 3254 2219 ὅ
3286 2168 3425 2220 ἐστιν
3458 2168 3707 2240 εἰρηνικοῦ,

528 2264 686 2319 toris.
723 2260 865 2328 Quia
891 2275 1021 2315 vero
1053 2258 1270 2314 Domini
1299 2273 1602 2324 sermones,
1636 2268 1920 2329 propterea
1957 2272 2059 2330 qun

2203 2254 2321 2324 ἦτοι
2347 2252 2441 2307 τοῦ
2464 2254 2713 2325 Σωτῆρος
2732 2253 2988 2327 Χριστοῦ·
3013 2255 3204 2328 ἐπειδὴ
3226 2256 3284 2309 δὲ
3309 2258 3429 2321 τοὺς
3446 2257 3531 2311 τοῦ
3547 2259 3708 2331 Κυρίου

529 2354 749 2424 Domini
791 2361 953 2421 sunt,
998 2352 1208 2407 idcirco
1240 2365 1339 2407 eos
1385 2351 1506 2407 sine
1538 2350 1865 2406 otl‘endiculo
1901 2365 2060 2422 cognc

2204 2342 2413 2414 λόγους,
2443 2344 2537 2397 ἆτε
2567 2344 2630 2418 δὴ
2663 2347 2868 2417 Κυρίου
2898 2347 3284 2418 τυγχάνοντας,
3311 2348 3595 2414 ἀπταίστως
3618 2352 3708 2405 ἑπι-

530 2447 775 2510 scimus;
798 2460 867 2500 ne
890 2444 1017 2515 quis
1048 2442 1186 2500 forte
1216 2460 1318 2500 nos
1347 2443 1588 2501 nominis
1616 2444 1847 2514 paritate
1870 2442 2061 2498 fallerel

2204 2435 2469 2505 στὰμεθα,
2505 2436 2592 2491 ἵνα
2628 2438 2701 2510 μή
2731 2454 2814 2501 τις
2840 2438 2906 2491 ὲκ
2936 2440 3040 2510 τῆς
3073 2441 3387 2511 ὁμωνυμίας
3410 2444 3545 2514 ἡμᾶς
3573 2444 3709 2515 ἀφαρ·

530 2538 682 2594 addit
707 2537 833 2607 quis
859 2536 975 2593 haec
997 2537 1300 2607 scripserit,
1328 2545 1384 2591 et
1408 2536 1567 2606 cujus
1595 2536 1769 2607 gentis
1801 2551 1898 2590 rex
1919 2533 2061 2589 fderi

2204 2531 2376 2605 πάσῃ,
2411 2531 2545 2602 φησὶ
2577 2532 2660 2597 τίς
2692 2534 2721 2586 ὁ
2750 2533 2965 2605 γράψας
2985 2533 3181 2602 ταῦτα,
3211 2536 3306 2589 καὶ⁹
3333 2536 3484 2591 τίνων
3511 2531 3569 2606 ἦν
3594 2535 3709 2605 βασι-

532 2627 625 2684 Sic
653 2629 799 2683 enim
834 2628 1071 2685 dicentis
1102 2629 1406 2684 auctoritas
1438 2626 1956 2683 commendatiorem
1988 2640 2063 2679 sei

2202 2622 2355 2688 λεύς·
2398 2624 2485 2678 ἵνα
2527 2626 2560 2696 ή
2600 2623 2693 2677 τοῦ
2737 2624 2986 2693 λέγοντος
3028 2626 3342 2693 ἀξιοπιστία
3374 2626 3707 2698 εὺτοαράδεκτον

530 2736 751 2776 nionem
778 2721 1210 2791 attentioresque
1240 2720 1518 2775 auditores
1556 2718 1735 2774 faciet.
1754 2717 1929 2773 Verba
1955 2716 2061 2773 enit

2202 2716 2293 2770 τὸν
2318 2716 2473 2784 λόγον
2501 2717 2819 2790 καταστήσῃ
2851 2718 2946 2771 καὶ
2979 2722 3266 2791 προσεχεῖς
3295 2721 3415 2785 τοὺς
3452 2718 3707 2782 ἀκούοντας.

533 2814 848 2870 Salomonis
895 2814 1043 2870 illius
1087 2822 1253 2880 sunt,
1286 2813 1374 2867 cui
1416 2812 1553 2867 dixit
1598 2811 1905 2867 Dominus:
1953 2810 2064 2864 Dab

2204 2808 2546 2880 Σολομῶντος
2577 2813 2685 2883 γάρ
2717 2812 2856 2867 εἰσιν
2882 2812 3113 2876 ἐκείνου,
3146 2811 3286 2884 πρὸς
3316 2811 3375 2865 ὃν
3414 2808 3551 2865 εἶπεν
3571 2812 3596 2863 ὀ
3623 2809 3708 2864 Κύ-

531 2908 630 2962 tibi
659 2923 750 2961 cor
777 2908 1005 2977 prudens
1033 2915 1190 2976 atque
1219 2906 1427 2974 sapiens
1447 2920 1467 2969 ;
1487 2920 1637 2958 nemo
1665 2903 1743 2958 tui
1780 2903 1959 2972 parin
1982 2905 2062 2957 ori

2208 2916 2319 2970 ριος
2337 2917 2351 2929 ·
2387 2900 2562 2955 Δώσω
2588 2917 2685 2955 σοι
2714 2902 2967 2972 καρδίαν
2998 2903 3415 2973 φρονίμηνσκαί
3436 2900 3710 2972 σοφήνοὸς

531 2999 654 3069 fuit,
683 3012 844 3067 neque
875 3006 1081 3065 postero
1118 3005 1346 3065 tempore
1395 2996 1651 3057 exsistet;
1688 3003 1744 3049 et
1790 2995 1998 3065 reliqua
2037 2996 2062 3052 d

2203 2996 2286 3049 σὺ
2310 2996 2383 3050 οὐ
2405 2993 2650 3065 γέγονεν
2674 2996 2774 3049 ἐπὶ
2793 2993 2901 3065 τῆς
2924 2993 3056 3067 γῆς,
3084 2997 3187 3050 καὶ
3212 2995 3361 3066 μετὰ
3395 2994 3466 3050 σὲ
3492 2997 3587 3049 οὐκ
3604 2995 3713 3047 dra-

530 3106 597 3147 eo
628 3091 854 3160 scripta.
876 3087 996 3144 Jam
1030 3088 1079 3148 is
1117 3089 1335 3158 sapiens
1365 3104 1395 3143 a
1425 3088 1669 3158 sapiente
1710 3088 1925 3159 genitus
1958 3087 2060 3143 fuit

2204 3085 2494 3153 στήσεται
2526 3086 2725 3158 ὅμοιός
2766 3102 2865 3143 σοι
2887 3088 2933 3120 ⁸⁸
2952 3104 2966 3119 ·
3007 3089 3102 3143 καὶ
3145 3089 3217 3143 τὰ
3246 3088 3403 3144 λοιπά
3446 3086 3561 3161 περὶ
3585 3082 3710 3142 αὐτοῦ

531 3168 701 3254 quare
732 3182 995 3237 attexitur
1016 3181 1237 3237 Davidis
1268 3197 1486 3246 nomen,
1516 3179 1662 3236 unde
1686 3180 1944 3236 Salomon
1978 3197 2062 3252 prr

2204 3179 2577 3252 γεγραμμένα·
2609 3175 2678 3251 ἦν
2708 3179 2763 3234 δὲ
2796 3180 2959 3250 σοφὸς
3003 3183 3068 3234 ὲκ
3113 3182 3305 3251 σοφοῦ·
3341 3182 3417 3237 διὸ
3453 3181 3711 3253 πρόσκειται

532 3283 749 3330 creatus
783 3271 924 3328 fuit:
961 3273 1101 3329 idem
1131 3290 1161 3328 a
1190 3288 1362 3343 puero
1383 3273 1558 3329 sacris
1582 3273 1781 3329 litteris
1816 3274 2063 3330 eruditus

2203 3271 2265 3324 τὸ
2310 3272 2504 3337 Δαὸὶδ,
2536 3271 2595 3337 ἐξ
2640 3264 2702 3324 οὗ
2758 3271 3009 3340 Σολομὼν
3041 3275 3276 3343 γέγονε,
3324 3278 3385 3329 ὲκ
3433 3273 3634 3347 βρέφους
3660 3268 3711 3323 τᾶ

532 3381 713 3436 neque
743 3373 893 3421 sorte
924 3366 1010 3420 vel
1046 3367 1099 3421 vi
1130 3366 1309 3435 aliqua
1341 3380 1567 3436 regnum
1598 3365 1855 3431 obtinuit,
1894 3365 1990 3421 sed
2011 3366 2063 3437 ju

2207 3362 2327 3437 ίερά
2371 3364 2672 3436 γράμματα
2724 3364 3143 3435 παιδευόμενος,
3193 3368 3288 3420 καὶ
3327 3368 3389 3420 οὐ
3443 3367 3605 3437 κλήρῳ
3640 3360 3714 3432 τὴν

534 3456 680 3514 dicio
722 3455 959 3527 Spiritus
989 3465 1044 3514 et
1076 3459 1291 3514 decreto
1320 3456 1436 3513 Dei.

2205 3454 2377 3525 ἀρχὴν
2409 3454 2703 3527 λαϐόμενος
2727 3454 2848 3509 οὐδὲ
2876 3454 2988 3528 βίᾳ,
3018 3457 3155 3511 ἀλλά
3195 3459 3372 3530 κρίσει
3401 3456 3490 3512 τοῦ
3511 3453 3712 3525 Πνεῦμα·

1653 3574 1656 3579 ~
2207 3566 2299 3612 τος
2330 3549 2424 3602 καὶ
2450 3547 2613 3620 ψήφῳ
2635 3548 2789 3603 Θεοῦ.

607 3637 691 3691 Ad
728 3636 997 3693 sciendum
1037 3637 1356 3708 sapientiam
1391 3647 1442 3693 et
1483 3639 1842 3710 disciplinam.
1872 3640 1976 3709 Qui
2011 3640 2105 3696 Dei

2278 3639 2324 3672 ⁵⁰
2358 3640 2590 3695 Γνῶναι
2634 3642 2859 3710 σοφίαν
2907 3642 3003 3696 καί
3043 3640 3338 3697 παιδείαν.
3377 3641 3434 3695 '0
3466 3641 3606 3710 γνοὺς
3641 3636 3713 3709 τὴν

535 3730 858 3800 sapientiam
886 3730 1058 3798 novit,
1088 3730 1137 3786 is
1165 3730 1235 3785 ab
1268 3732 1459 3787 eodem
1484 3748 1705 3803 quoque
1733 3733 2001 3801 eruditur,
2032 3734 2066 3788 it

2210 3732 2525 3804 σοφίαντοῦ
2559 3733 2695 3788 Θεοῦ
2729 3734 2993 3805 λαμϐάνει
3032 3735 3163 3808 παρ’
3195 3736 3357 3791 αὑτοῦ
3388 3736 3476 3790 καὶ
3497 3732 3712 3792 παιδείαν,

536 3831 597 3878 ιιι
630 3822 893 3894 intelligat
940 3837 1258 3879 sermonum
1297 3826 1579 3897 mysteria.
1621 3824 1742 3880 Iam
1785 3827 1878 3897 qui
1921 3842 2067 3882 verat

2209 3824 2562 3896 ἐκμανθάνων
2592 3827 2659 3880 δι’
2694 3827 2866 3898 αὐτῆς
2909 3826 2976 3881 τὰ
3010 3825 3106 3882 τοῦ
3136 3827 3302 3899 λόγου
3348 3828 3619 3899 μυστήρια·
3644 3823 3715 3876 καὶ

536 3916 923 3987 cmlestemque
969 3916 1291 3986 sapientiam
1352 3924 1583 3984 tenent,
1630 3917 1667 3971 ii
1724 3919 2067 3990 mysteriorul

2184 3913 2258 3965 *ol
2278 3914 2494 3982 γνόντες
2521 3915 2619 3988 τὴν
2646 3915 2819 3987 ἀληθῆ
2843 3915 2937 3969 καὶ
2964 3916 3287 3984 ἐπουράνιον
3306 3918 3503 3988 σοφίαν,
3528 3913 3713 3974 εὐκόλως

537 4010 864 4065 sententiam
908 4007 1068 4065 facile
1114 4010 1433 4080 percipient.
1478 4009 1685 4066 Idcirco
1730 4011 1853 4065 ait:
1899 4011 1981 4064 Ad
2013 4028 2068 4065 ca

2209 4006 2459 4077 νοήσουσι
2505 4006 2633 4070 τοὺς
2676 4007 2767 4059 ὑπ’
2806 4006 2986 4061 αὐτῶν
3030 4008 3393 4081 λαλουμένους
3429 4003 3715 4077 λόγους’.δι6

536 4099 754 4169 pianda:
783 4116 1082 4154 sermonum
1113 4101 1376 4169 strophas.
1426 4098 1562 4155 Nam
1604 4116 1727 4170 qua:
1764 4102 2067 4170 praeposteri

2211 4110 2361 4169 φησι·
2392 4098 2682 4164 Δέξασθαι
2713 4098 2981 4169 στροφὰς
3010 4101 3237 4171 λόγων·
3269 4103 3337 4156 τὰ
3361 4101 3463 4173 γὰρ
3486 4095 3713 4165 ἀντιστρό-

537 4191 704 4245 veluti
735 4191 916 4246 verbis
943 4206 974 4244 a
1003 4200 1194 4246 sancto
1226 4189 1433 4261 Spiritu
1455 4192 1598 4244 dicta
1627 4190 1947 4252 fuerunt,ea
1977 4192 2068 4246 illi:

2212 4208 2326 4259 φως
2372 4190 2475 4242 ὑπὸ
2514 4190 2607 4244 τοῦ
2652 4190 2807 4259 ἁγίου
2842 4192 3154 4263 Πνεύματος
3204 4194 3552 4267 λελαλημένα,
3583 4190 3715 4246 ταῦτα

538 4282 634 4353 qui
668 4282 809 4336 ﬁdeli
852 4296 981 4352 erga
1011 4280 1183 4336 Deum
1234 4281 1400 4335 corde
1434 4287 1561 4335 sunt
1597 4280 1826 4349 prmditi,
1863 4282 2069 4350 expedit

2210 4282 2322 4344 τοῖς
2376 4280 2571 4351 πιστὴν
2629 4282 2855 4354 καρδίαν
2909 4282 3091 4355 ἔχουσι
3135 4286 3275 4358 πρὸς
3317 4286 3445 4340 Θεὸν
3488 4282 3716 4353 εὔγνωστα

540 4371 909 4427 innotescunt.
1712 4378 1719 4381 '

908 4414 909 4417 η
1712 4378 1719 4381 ’
2140 4407 2187 4442 η
2213 4372 2439 4442 γίνεται.

615 4461 743 4519 Ilazc
780 4462 847 4517 de
879 4460 1190 4516 Iudaeorum
1235 4461 1454 4531 populo,
1494 4470 1551 4515 et
1592 4461 1659 4517 de
1701 4461 1903 4518 Christi
1945 4463 2109 4527 caede,
2143 4460 2146 4467 ’

2287 4467 2330 4500 δι
2371 4467 2555 4522 Ταῦτα
2598 4472 2676 4534 είς
2718 4472 2807 4524 τὸν
2853 4472 2961 4526 τῶν
3027 4474 3296 4531 Ἰουδαίων
3326 4477 3487 4549 δῆμον
3526 4473 3606 4529 καὶ
3640 4472 3716 4541 τὴν

542 4555 812 4626 intelligit.
832 4553 1104 4609 Putabant
1125 4552 1269 4608 enim
1298 4552 1453 4607 illum
1483 4553 1539 4608 in
1570 4563 1713 4608 terra
1738 4555 2073 4610 tantummod

2216 4558 2358 4613 κατά
2409 4560 2645 4632 Χριστοῦ
2706 4563 3013 4633 μιαιφονίαν
3082 4565 3386 4640 ὲξείληφεν·
3442 4566 3590 4637 ᾤοντο
3634 4562 3718 4633 τὶρ

543 4647 745 4702 habere
775 4645 1265 4701 conversationem.

2215 4653 2379 4708 αὐτὸν
2401 4656 2495 4709 ἐπὶ
2525 4656 2628 4727 γῆς
2665 4655 2823 4728 μόνον
2852 4654 2996 4726 ἔχειν
3027 4657 3090 4711 τὸ
3122 4659 3439 4733 πολίτευμα.

610 4733 732 4790 Νοιι
764 4734 1033 4805 accipient
1069 4743 1302 4799 tantum,
1347 4734 1445 4790 sed
1496 4735 1661 4790 etiam
1696 4734 2110 4792 haereditabunt.

2285 4748 2329 4780 δ’
2356 4748 2467 4818 Οὐχ
2502 4747 2687 4813 ἁπλῶς
2722 4748 3002 4820 λήψονται,
3032 4751 3167 4805 ἀλλὰ
3198 4753 3653 4825 κληρονομήσουσι·
3678 4744 3717 4797 οι

552 4825 707 4898 Impii
737 4841 867 4882 vero
897 4827 1115 4882 etiamsi
1136 4828 1492 4893 extolluntur,
1518 4828 1569 4883 id
1595 4828 1660 4883 ad
1682 4828 1938 4898 majorem
1968 4829 2083 4900 ipso

2215 4840 2271 4893 δὲ
2294 4839 2530 4907 ἀσεῦεἰς,
2555 4842 2603 4894 εί
2637 4840 2729 4894 καὶ
2764 4842 3040 4912 ὑψοῦνται,
3065 4843 3179 4898 ἀλλ’
3213 4844 3351 4899 ὥστε
3381 4843 3579 4915 μείζονα
3601 4836 3718 4908 γενέ-

542 4933 665 4972 rum
701 4916 1054 4987 ignominiam
1091 4916 1378 4973 redundat.
1412 4917 1590 4973 Veluti
1613 4918 1657 4973 si
1687 4917 1811 4988 quis
1835 4918 2073 4974 hominer

2218 4930 2340 4984 σθαι
2371 4930 2469 5004 τὴν
2493 4932 2716 5003 ἀτιμίαν
2747 4932 2926 4986 αὐτῶν
2944 4951 2957 4965 ·
2983 4933 3059 4999 ὡς
3086 4934 3192 5007 γάρ
3225 4953 3307 5001 τις
3331 4936 3419 4989 τὸν
3439 4930 3626 4999 δυσειδῆ
3645 4926 3716 4979 καὶ

542 5008 843 5063 deformem
876 5018 1038 5080 atque
1088 5009 1384 5066 distortum
1434 5012 1489 5065 in
1535 5010 1645 5066 alto
1686 5010 1954 5078 collocet,
1998 5027 2069 5066 no

2214 5022 2667 5095 διεστραμμένον,
2697 5025 2745 5077 εί
2778 5025 3077 5096 ὑψώσειεν,
3106 5029 3205 5082 οὐκ
3243 5029 3472 5096 ὲδόξασε,
3503 5024 3601 5080 ἀλλ’
3623 5018 3714 5090 ήτί-

547 5101 777 5156 lionorat
818 5102 912 5157 sed
943 5102 1117 5172 magis
1155 5103 1499 5169 dehonestat,
1529 5101 1874 5158 manifestam
1903 5103 2078 5159 consti

2219 5132 2356 5185 μασε
2396 5116 2577 5180 πλέον,
2605 5118 2903 5188 κατάδηλον
2937 5120 3101 5175 αὐτοῦ
3123 5122 3183 5175 τὸ
3221 5117 3403 5193 αἶσχος
3438 5117 3621 5174 πλείοσι
3639 5129 3716 5165 κα-

546 5205 704 5248 tuens
753 5193 1001 5263 pluribus
1044 5197 1431 5267 turpitudinem
1481 5197 1622 5267 ejus.
1663 5194 1754 5252 Sic
1798 5197 1924 5252 item
1964 5196 2074 5253 Deu

2214 5208 2514 5278 ταστήσας·
2554 5206 2695 5262 οὕτω
2740 5212 2834 5265 καὶ
2861 5211 2891 5264 ὁ
2921 5211 3053 5277 Θεὸς
3084 5213 3209 5282 ὑψοῖ
3250 5215 3372 5279 τοὺς
3406 5210 3614 5273 ἀσεϐεῖς,
3650 5204 3713 5256 ἵνα

544 5284 761 5340 extollit
783 5285 1000 5355 impios,
1023 5297 1085 5342 ut
1106 5288 1380 5358 publicum
1411 5286 1574 5343 faciat
1601 5287 1839 5344 dedecus
1866 5289 2075 5344 illorum

2217 5299 2429 5370 ἐμφανῆ
2452 5302 2767 5375 καταστήσῃ
2789 5302 2888 5375 τὴν
2912 5304 3133 5360 ἐκείνων
3153 5304 3519 5378 ἀσχημοσύνην
3534 5316 3547 5334 ·
3566 5295 3713 5367 ὑψώθη

546 5376 826 5433 Exaltatus
855 5378 957 5435 fuit
984 5381 1147 5436 etiam
1171 5381 1405 5448 Pharao,
1438 5381 1532 5436 sed
1567 5390 1627 5435 ut
1659 5383 1921 5438 mundum
1948 5398 2077 5439 accu

2217 5389 2311 5441 καὶ
2360 5388 2591 5462 Φαραὼ,
2640 5391 2753 5444 ἀλλ’
2795 5393 2935 5448 ὥστε
2976 5395 3074 5467 τὴν
3110 5376 3420 5469 οἰκουμένην
3466 5392 3716 5462 κατήγορον

546 5478 783 5524 satorem
820 5471 1062 5529 haberet.

848 5472 1062 5529 Iaberet.
2219 5480 2379 5550 ἔχειν.

615 5562 1167 5622 Animadvertendum
1198 5577 1302 5633 est,
1334 5569 1539 5625 donum
1569 5568 1771 5625 bonum
1802 5569 1908 5624 dici
1941 5569 2009 5625 ab
2031 5573 2110 5637 jeo

2289 5573 2334 5602 ⁵³
2388 5573 2722 5643 Σημειωτὲον
2776 5580 2858 5632 ὅτι
2901 5579 3073 5652 δῶρον
3130 5580 3329 5652 ἀγαθὸν
3382 5575 3605 5647 ὀνομάζει
3648 5565 3715 5619 τὶν

620 5701 661 5732 ⁸⁷
696 5702 800 5757 lsa.
835 5706 1031 5766 XLV/,7.
1110 5706 1155 5740 ³⁸
1179 5718 1298 5778 cap.
1338 5725 1373 5773 ι,
1410 5710 1457 5765 l.
1536 5711 1580 5742 ³⁹
1608 5709 1675 5764 lll
1706 5708 1837 5780 Reg.
1866 5730 1943 5773 ιιι,
1969 5709 2057 5763 12.

549 5769 593 5803 δε
619 5787 720 5803 non
765 5790 821 5803 ...
881 5777 945 5803 πρε
1086 5778 1108 5803 Α
1174 5778 1196 5803 ι·
1240 5779 1310 5803 an
1369 5782 1397 5803 ι.
1520 5782 1564 5803 u
1603 5795 1693 5803 ι-..
1749 5797 1796 5803 --.
1867 5780 1901 5803 α
2061 5782 2080 5803 ι

2197 5712 2353 5803 ξηεχ
2402 5714 2443 5746 ⁸⁸
2465 5716 2585 5772 cod.
2610 5714 2727 5774 Vat.
2751 5718 2906 5788 t802,
2933 5720 3047 5778 sive
3067 5721 3133 5777 A.
3162 5721 3199 5778 ι.
3230 5720 3279 5791 7,
3306 5720 3357 5777 ι).
3376 5752 3441 5764 -
3463 5730 3568 5789 cap.
3594 5725 3627 5775 ι,
3646 5704 3713 5763 ιι.

548 5777 593 5827 "
619 5787 738 5843 cap.
765 5790 847 5842 Ill,
880 5777 968 5833 3'3.
990 5778 1139 5834 -—A.
1173 5778 1210 5835 ί.
1240 5777 1330 5847 20,
1368 5782 1420 5837 ι).
1520 5782 1564 5813 ⁸³
1597 5795 1716 5853 cap.
1748 5777 1838 5851 ιιῖ,
1867 5780 1921 5834 2.
1960 5812 2028 5823 -—
2051 5782 2079 5837 Α

845 5819 847 5832 .
880 5777 968 5833 εδ.
990 5810 1055 5819 -
1075 5778 1139 5834 Α.
1173 5778 1210 5835 ι.
1240 5777 1330 5847 eo,
1368 5782 1420 5837 υ.
1520 5782 1564 5813 η
1597 5795 1716 5853 cap.
1748 5777 1838 5851 ηπ,
1867 5780 1921 5834 2.
1960 5812 2028 5823 -
2051 5782 2114 5837 s.
2139 5778 2178 5836 ι.
2208 5780 2299 5853 ao,
2326 5784 2376 5838 b.

2868 5879 2932 5915 ,ἵει
2966 5908 2975 5915 .
