3876 6340
215 338 320 393 617

1343 339 1762 397 FRAGMENTA
1788 340 1855 394 IN
1894 338 2305 397 PROVERBIA.

3233 354 3237 358 ’
3330 348 3434 405 οιδ

213 463 391 528 νόμον,
417 455 512 510 διὰ
535 457 632 510 τὸν
655 456 992 530 λαμϐάνοντα
1018 457 1166 530 δῶρα
1199 458 1257 512 ὲν
1290 458 1506 522 κόλποις
1536 458 1763 523 ἀδίκως·

1876 474 1976 530 pro
2013 460 2149 530 lege,
2186 465 2404 527 propter
2432 457 2583 513 illum
2609 458 2703 529 qui
2746 460 2888 515 dona
2932 459 2986 515 in
3026 458 3206 517 sinum
3232 462 3432 534 injuste

208 548 360 616 οὗτος
375 550 435 603 δὲ
457 550 923 620 ἐγκαταλιμπάνει
943 550 1121 622 νόμον,
1143 553 1172 604 6
1196 550 1546 621 παραϐαίνων
1571 549 1733 604 αὐτόν
1753 566 1767 580 ο

205 641 366 715 νόμον
391 640 452 696 δὲ
475 642 596 713 ἦτοι
625 640 685 694 δν
712 641 879 710 λέγει,
912 640 945 713 ἢ
981 641 1041 694 ὃν
1066 641 1160 695 καὶ
1189 641 1350 705 αὐτὸς
1375 640 1660 711 ἐφύλαξεν.

273 814 323 848 ⁸³
352 814 467 869 Καὶ
491 813 609 878 πῶς
633 814 770 879 ἐστι,
799 814 1279 886 πριχαράκωσοη
1313 815 1617 887 Λογισμοὺς
1631 817 1768 888 αὐτῇ

207 903 393 976 κύκλῳ
429 904 647 975 περίθες
672 903 876 976 ίερούς’
907 903 1107 976 πολλῆς
1126 903 1234 977 γάρ
1268 922 1348 958 σοι
1368 905 1451 959 δεῖ
1470 905 1570 975 τῆς
1596 906 1772 975 ἀσφα-

206 995 374 1059 λείας,
414 995 540 1047 ἐπεὶ
578 994 675 1047 καὶ
708 993 877 1047 πολλά
908 994 978 1048 τά
1008 993 1420 1049 ἐπιϐουλεύοντα
1451 998 1519 1067 τῇ
1546 997 1768 1068 τοιαύτῃ

204 1088 398 1158 κτήσει
417 1100 433 1117 ⁵
460 1087 513 1139 εί
553 1085 610 1139 δὲ
635 1086 719 1153 ἐφ’
750 1087 881 1156 ἡμῖν
912 1086 1026 1139 ἐστι
1053 1086 1114 1139 τὸ
1146 1086 1546 1159 περιχαρακοῦν
1577 1088 1770 1159 αὐτὴν,

202 1181 256 1233 at
279 1178 340 1232 δὲ
374 1178 574 1249 ἀρεταὶ
596 1176 681 1247 ἐφ’
711 1178 863 1248 ἡμῖν,
895 1177 1133 1249 χάρακες
1160 1177 1269 1251 ἀρα
1292 1174 1420 1243 εἷεν,
1450 1180 1507 1233 αἱ
1542 1178 1772 1250 ύψοῦσαι

201 1271 293 1341 τὴν
332 1270 546 1339 γνῶσιν
579 1269 674 1323 τοῦ
707 1269 841 1324 Θεοῦ
860 1288 873 1299 ·
904 1265 1035 1333 οἷον,
1075 1270 1327 1341 ἄσκησις,
1365 1270 1591 1343 μελέτη,
1620 1274 1715 1327 καὶ
1741 1274 1771 1325 6

200 1364 358 1427 ἄλλος
389 1362 504 1416 τῶν
537 1360 746 1433 ἀρετῶν
770 1361 1038 1433 ὁρμαθός·
1069 1361 1183 1426 ἀςό
1211 1362 1415 1435 τηρῶν,
1446 1362 1545 1435 τὴν
1579 1363 1770 1432 σοφίαν

201 1457 365 1526 τιμᾷ’
405 1453 595 1525 μισθὸς
620 1453 697 1518 δέ,
743 1452 805 1506 τὸ
839 1452 972 1524 πρὸς
1005 1454 1173 1525 αὐτὴν
1210 1454 1636 1528 μτεωρισθῆναι
1680 1456 1773 1510 καὶ

201 1546 606 1618 περιληφθῆναι
635 1546 725 1599 ὑπ’
756 1545 924 1614 αὐτῆς
963 1546 1020 1597 ἐν
1044 1545 1123 1616 τῷ
1147 1546 1496 1619 ὑπερκοσμίῳ
1523 1547 1733 1618 παστῷ.

263 1638 311 1669 ⁸⁸
357 1637 603 1699 ’Δσεϐεῖς
645 1635 744 1707 μὲν
784 1636 832 1689 oi
892 1633 1222 1707 ἑτερόδοξοι,
1273 1638 1579 1709 παράνομοι
1622 1638 1677 1692 δέ
1725 1640 1772 1692 οἱ

199 1725 521 1797 παραϐάται
543 1723 636 1778 τοῦ
653 1724 817 1795 νόμου
834 1739 848 1754 ·
871 1715 945 1776 ὧν
964 1723 1062 1788 τὰς
1079 1725 1251 1790 ὁδοὺς,
1267 1726 1387 1797 ἢτοι
1406 1726 1504 1791 τὰς
1526 1726 1771 1800 πράξεις,

198 1818 270 1889 μὴ
297 1816 559 1871 ἐπελθεῖν
587 1816 740 1886 φησί.

261 1911 314 1943 ⁸⁸
376 1908 547 1982 ’ορθά
599 1910 732 1980 δρᾷ,
767 1910 797 1963 6
835 1907 1126 1979 λογισμοὺς
1178 1907 1316 1979 ἔχων
1366 1907 1627 1973 ἀπαθεῖς·
1678 1909 1772 1962 καὶ

193 2003 453 2075 δόγματα
479 2000 675 2073 ἀληθῆ,
697 2004 726 2055 ό
750 2000 825 2073 μὴ
848 2001 975 2074 περί⁵
1004 2001 1103 2064 τάς
1132 1999 1236 2064 ἔξω
1260 2000 1555 2070 φαντασίας
1575 2002 1771 2073 ἐπτοη-

196 2094 397 2164 μένος
439 2094 570 2148 ὃταν
609 2093 744 2165 λέγῃ
779 2094 861 2147 ὅτι
907 2094 957 2146 oi
998 2079 1264 2163 ὀφθαλμοί
1305 2108 1398 2145 σου
1429 2091 1563 2164 όρθά
1584 2091 1773 2163 βλεπέ-

189 2202 405 2252 τωσαν,
435 2186 536 2257 τὴν
574 2186 764 2257 ὅρασιν
801 2183 951 2255 δηλοῖ
986 2183 1087 2254 τῆς
1131 2181 1337 2254 ψυχῆςο
1367 2183 1461 2236 καὶ
1481 2183 1610 2237 ὅταν
1632 2199 1773 2256 παρ-

193 2282 325 2351 αινῇ
349 2317 367 2341 ,
409 2278 552 2347 φάγε
600 2276 742 2348 μέλι,
776 2276 882 2340 υἱὲ,
914 2276 1001 2329 ἵνα
1037 2275 1310 2345 γλυκανθῇ
1339 2276 1369 2328 6
1403 2273 1617 2347 φάρυγξ
1656 2290 1769 2338 σου,

195 2370 327 2442 μέλι
351 2368 632 2442 τροπικῶς
652 2369 749 2440 τὴν
773 2366 921 2421 θείαν
957 2366 1107 2436 λέγει
1140 2364 1504 2430 διδασκαλίαν,
1527 2367 1648 2437 ἥτις
1675 2366 1772 2438 τὴν

192 2460 583 2532 πνευματικὴν
610 2456 925 2531 καταρτίζει
946 2459 1044 2529 τῆς
1077 2457 1255 2529 ψυχῆς
1279 2458 1496 2525 γνῶσινδ
1520 2457 1654 2511 ἀλλά
1679 2458 1772 2512 καὶ

193 2555 435 2609 ἅπτεται
464 2553 642 2624 ψυχῆς
665 2554 700 2623 ὴ
728 2551 888 2621 σοφία
905 2569 919 2584 ο
952 2549 1212 2622 ὲράσθητι
1233 2549 1363 2622 γὰρ,
1378 2550 1561 2621 φησὶν,
1580 2549 1767 2621 αὐτῆς,

194 2646 287 2699 ἴνα
326 2661 393 2697 σε
446 2642 749 2715 περιλάϐιγ
795 2640 940 2713 ψυχὴ
981 2641 1041 2695 δὲ
1098 2640 1187 2696 διά
1233 2640 1569 2712 περιπλοκῆς
1611 2641 1772 2714 σοφία

194 2735 492 2797 ἐνωθεῐσα,
518 2732 789 2804 ἀγιασμοῦ
814 2732 1115 2804 πληροῦται
1144 2732 1239 2786 καὶ
1266 2731 1660 2803 καθαρότητοςο
1689 2732 1769 2787 ἔτι

193 2843 265 2896 γε
291 2826 404 2898 μὴν
443 2825 556 2880 τῶν
603 2823 841 2897 Χριστοῦ
879 2823 1065 2896 μύρων
1097 2825 1132 2895 ὴ
1168 2823 1264 2895 τῆς
1292 2823 1468 2895 ψυχῆς
1510 2824 1770 2896 ἀντιλαμ-

194 2920 429 2974 ϐάνεται
451 2918 739 2989 ὄσφρησις.

270 3013 317 3045 ιτ
366 3012 432 3065 Ἦ
459 3010 629 3082 ἀρετὴ
654 3008 884 3081 μεσότης
901 3024 916 3038 ·
949 3006 1031 3061 διδ
1053 3006 1148 3062 καὶ
1164 3008 1263 3079 τὴν
1294 3007 1543 3080 ἀνδρείαν
1570 3007 1767 3080 μεταξὺ

192 3106 302 3178 τῆς
335 3103 674 3177 θρασύτητος
710 3102 807 3156 καὶ
840 3100 1175 3196 τῆς-δειλίας
1201 3098 1340 3155 εἷναί
1377 3117 1544 3173 φησιο
1580 3098 1674 3154 νῦν
1712 3100 1768 3154 δὲ
1792 3138 1837 3196 C

193 3195 462 3268 ὀνομάζει
487 3193 669 3262 δεξιά·
703 3193 764 3247 ού
795 3190 864 3245 τά
903 3190 1062 3262 φύσει
1094 3191 1244 3258 δεξιά
1277 3191 1425 3245 ἐστὶν
1463 3193 1517 3245 at
1555 3189 1770 3264 ἀρεταὶ,

194 3289 338 3343 ἀλλά
358 3287 429 3341 τά
464 3285 764 3357 φαινόμενα
792 3284 875 3337 σοὶ
907 3283 1057 3349 δεξιά
1094 3282 1183 3336 διά
1211 3282 1310 3346 τὰς
1330 3282 1549 3355 ἡδονάς·
1582 3280 1767 3354 ἡδοναὶ

193 3382 255 3436 δέ
286 3382 465 3443 εἰσιν,
490 3379 552 3432 οὐ
589 3377 749 3449 μόνον
785 3374 1114 3447 Ἀφροδίσια,
1136 3375 1272 3428 ἀλλά
1294 3375 1388 3429 καὶ
1418 3373 1641 3438 πλοῦτος
1672 3373 1767 3426 καὶ

194 3473 382 3543 τρυφή
399 3488 415 3502 ο
440 3469 704 3542 ἀριστερά
724 3468 804 3533 δὲ,
830 3467 1041 3538 φθόνος,
1067 3468 1332 3541 ἁρπαγαὶ,
1354 3467 1447 3522 καί⁵
1466 3466 1535 3520 τά
1557 3465 1765 3528 τούτοις

198 3568 392 3635 ὃμοιαο
440 3562 637 3634 βορέας
663 3561 794 3631 γάρ,
833 3560 990 3631 φησὶ,
1031 3559 1261 3631 σκληρὸς
1289 3558 1507 3630 ἄνεμος,
1544 3558 1764 3630 ὀνόματι

196 3657 254 3710 δὲ
290 3653 561 3718 ἐπιδέξιος
605 3651 877 3707 καλεῖται’
926 3648 1118 3721 βορέαν
1144 3649 1255 3721 γὰρ
1299 3649 1636 3721 συμϐολικῶς
1674 3650 1765 3703 τὸν

200 3747 441 3820 πονηρὸν
469 3745 622 3801 καλεῖ
659 3747 776 3818 ἦτοι
820 3745 912 3800 τὸν
958 3743 1202 3800 διάϐολον
1226 3782 1241 3805 ,
1289 3743 1382 3811 ἀφ’
1411 3733 1473 3793 οῦ
1500 3738 1764 3813 ἐξεκαύθη

201 3840 383 3893 πάντα
407 3836 481 3891 τὰ
518 3835 664 3890 κακά
693 3836 786 3889 ἐπὶ
816 3836 914 3906 τῆς
953 3834 1083 3906 γῆς’
1116 3832 1339 3904 ὀνόματι
1371 3830 1428 3884 δὲ
1464 3826 1616 3895 οὗτος
1643 3833 1764 3884 ἐπι-

199 3931 407 3997 δέξιος,
444 3929 528 3982 ὅτι
574 3926 802 3997 ἄγγελος
845 3926 1088 3982 καλεῖται
1126 3922 1283 3995 δεξιῷ
1316 3922 1762 3994 όνόματι.-Σὺ,

200 4020 387 4092 φησὶν,
413 4019 662 4073 ἐκκλινον
688 4018 797 4072 ἀπὸ
823 4017 1015 4080 κακοῦ,
1050 4016 1144 4071 καὶ
1167 4016 1246 4088 τῷ
1273 4015 1391 4087 Θεῷ
1424 4015 1647 4088 μελήσει
1669 4016 1764 4069 τοῦ

197 4113 387 4176 τέλους
404 4127 419 4141 '
449 4108 841 4183 προπορεύεται
862 4109 971 4182 γάρ
994 4126 1090 4163 σου
1109 4126 1123 4141 ·
1148 4108 1428 4164 καταλύων
1452 4110 1577 4173 τοὺς
1606 4108 1763 4162 πολε-

201 4204 379 4276 μίους,
404 4203 485 4267 ὡς
506 4203 566 4256 ἐν
597 4203 788 4276 εἰρήνη
810 4219 872 4256 σε
898 4201 1131 4272 βαδίσαι.

268 4299 315 4331 ⁸³
348 4297 603 4350 Δείκνυσι
641 4293 751 4366 γάρ
780 4294 874 4347 καὶ
901 4293 990 4348 διὰ
1016 4291 1112 4346 τοῦ
1141 4290 1301 4363 ζῴου,
1338 4291 1400 4344 τὸ
1433 4290 1533 4361 τῆς
1573 4287 1763 4361 ἡδονῆς

200 4386 470 4459 καθαρόν·
498 4386 592 4438 καὶ
617 4384 704 4438 διὰ
726 4383 818 4438 τοῦ
853 4383 1054 4448 πώλου,
1090 4383 1151 4436 τὸ
1187 4383 1287 4453 τῆς
1304 4381 1558 4450 γυναικὸς
1598 4382 1761 4454 παρί-

1874 552 2092 622 accipit.
2121 552 2214 606 llle
2247 551 2416 621 legem
2453 551 2674 617 deserit,
2711 551 2804 621 qui
2847 567 2969 607 eam
3013 556 3430 623 transgreditur.

1874 644 2069 715 Legem
2109 659 2268 714 porro
2305 643 2390 698 vel
2411 658 2574 714 quam
2607 643 2809 698 diserte
2842 643 3107 710 nominat,
3144 645 3227 700 vel
3266 663 3430 717 quam

1875 735 2015 789 idem
2042 733 2367 789 observavit.

1941 825 2079 891 Quid
2108 833 2212 892 est,
2240 824 2551 880 circumda?
2570 822 2797 879 Sanctas
2818 825 2866 879 ei
2893 825 3202 897 circumjice
3226 828 3433 900 cogita—

1873 915 2067 971 tiones.
2099 915 2269 972 Multo
2298 917 2440 970 enim
2483 916 2579 970 tibi
2616 931 2754 986 opus
2792 925 2877 971 est
2922 918 3242 987 munimine,-
3287 936 3432 991 quo-

1872 1008 2018 1062 niam
2046 1008 2215 1063 multa
2238 1020 2367 1064 sunt
2404 1009 2494 1063 tali
2532 1007 2865 1078 possessioni
2902 1009 3236 1067 insidiantia.
3273 1011 3428 1079 Quod

1871 1099 1920 1152 si
1951 1100 2005 1152 in
2037 1108 2224 1155 nostra
2263 1109 2529 1170 potestate
2562 1109 2645 1155 est
2690 1115 2808 1154 eam
2843 1099 3273 1165 circumvallare.
3303 1121 3428 1159 mu-

1873 1190 2080 1245 nimina
2103 1190 2320 1260 quidem
2354 1191 2511 1246 nobis
2531 1200 2693 1246 erunt
2717 1191 2945 1247 virtutes
2985 1207 3105 1262 quae
3128 1192 3220 1248 Dei
3254 1196 3428 1251 scieuo

1872 1281 2004 1334 tiam
2054 1281 2353 1348 extollunt,
2396 1283 2559 1336 veluti
2600 1282 2871 1351 ascetica,
2918 1290 2973 1337 et
3020 1285 3331 1352 meditatio,
3376 1297 3433 1342 ct

1871 1371 2115 1441 reliquus
2142 1372 2401 1428 virtutum
2437 1374 2674 1439 chorus;
2720 1390 2861 1445 quas
2891 1377 2984 1445 qui
3018 1387 3182 1442 tenet,
3214 1381 3432 1449 sapien-

1872 1463 2000 1516 tiam
2034 1464 2307 1519 honorat:
2356 1479 2565 1519 merces
2592 1480 2723 1520 vero
2752 1475 2854 1532 est,
2886 1468 2952 1524 ad
3002 1469 3175 1538 ipsam
3220 1473 3431 1542 extolli,

1870 1560 1924 1607 et
1949 1568 2070 1607 cum
2101 1568 2165 1608 ea
2194 1553 2436 1609 deliciari
2468 1554 2521 1607 in
2546 1555 2752 1610 cmlesti
2789 1557 3049 1612 thalamo.

1941 1644 2097 1715 impii
2144 1655 2272 1702 sunt
2316 1646 2673 1703 beterodoxi:
2723 1658 3037 1719 peccatores
3085 1660 3263 1707 autem
3295 1652 3433 1725 legis

1873 1744 2310 1806 transgressores
2333 1754 2348 1794 :
2371 1754 2604 1808 quorum
2633 1739 2749 1795 vias
2774 1748 2829 1795 et
2859 1751 3013 1797 actus
3042 1745 3235 1799 sectari
3263 1755 3427 1803 vetat.

1943 1923 2111 1978 Recta
2144 1922 2289 1978 videt
2311 1924 2403 1993 qui
2430 1924 2786 1993 cocgitationes
2826 1925 2986 1980 habet
3020 1929 3429 1998 perturbatione

1872 2015 2072 2071 liberas
2095 2033 2109 2069 :
2140 2024 2194 2070 et
2217 2030 2343 2069 vera
2372 2016 2650 2086 dogmata,
2678 2017 2725 2071 is
2750 2018 2842 2086 qui
2870 2020 3234 2075 exterioribus
3258 2025 3431 2092 phan-

1873 2107 2025 2162 tasiis
2056 2121 2165 2161 non
2195 2107 2527 2177 percellitur.
2559 2107 2695 2162 Cum
2720 2109 2883 2164 dicit:
2917 2109 3071 2165 Oculi
3106 2113 3184 2166 tui
3213 2115 3431 2170 videant

1870 2199 2201 2269 aequitatem,
2225 2201 2293 2254 de
2317 2199 2526 2255 visione
2548 2201 2743 2256 anima:
2771 2201 3030 2272 loquitur.
3054 2203 3122 2257 Et
3149 2220 3272 2259 cum
3304 2208 3434 2262 hor—

1873 2300 2054 2346 tatur:
2082 2290 2323 2347 Comede
2350 2291 2477 2358 mel,
2512 2292 2612 2356 ﬁli,
2641 2302 2701 2347 ut
2726 2294 2798 2348 sit
2822 2294 3051 2350 dulcedo
3076 2298 3279 2366 gutturi
3313 2308 3429 2367 tuo,

1872 2384 1978 2440 mel
2012 2384 2219 2454 tropice
2261 2383 2392 2439 dicit
2430 2385 2668 2439 divinam
2703 2385 3031 2452 doctrinam,
3061 2403 3181 2457 qua:
3210 2389 3430 2460 spirita-

1871 2477 1974 2530 lem
2005 2476 2223 2532 coniicit
2250 2476 2448 2531 animae
2476 2476 2780 2532 scientiam.
2816 2476 2923 2532 Sed
2963 2488 3016 2532 et
3044 2480 3281 2536 animam
3308 2488 3430 2536 tan-

1870 2568 1947 2637 git
1982 2568 2269 2638 sapientia.
2318 2569 2455 2622 Ama
2492 2568 2636 2632 enim
2673 2582 2814 2635 eam,
2859 2576 2919 2622 ut
2970 2572 3307 2640 amplexetur
3352 2581 3425 2630 te.

1868 2658 1989 2714 Jam
2035 2660 2219 2715 anima
2259 2675 2356 2730 per
2379 2660 2723 2729 complexum
2752 2661 2936 2715 virtuti
2983 2663 3264 2732 copulata,
3300 2679 3427 2718 san-

1869 2756 2054 2810 ctitate
2083 2754 2321 2825 repletur
2346 2764 2400 2808 et
2426 2753 2681 2823 puritate.
2707 2753 2929 2823 Insuper
2950 2751 3152 2810 Christi
3189 2771 3429 2827 ungueu-

1870 2857 2048 2902 torum
2080 2845 2262 2901 anima
2290 2844 2505 2899 allectat
2530 2843 2835 2898 odoratum.

1941 3012 2128 3068 Virtus
2161 3012 2394 3067 medium
2444 3020 2607 3067 tenet.
2656 3010 2834 3078 Quare
2861 3015 3025 3069 etiam
3059 3015 3425 3072 fortitudinem

1870 3106 2002 3161 dicit
2027 3121 2149 3162 esse
2174 3106 2405 3161 mediam
2438 3106 2578 3160 inter
2602 3106 2886 3161 audaciam
2912 3118 2964 3162 et
2985 3108 3257 3163 timorem.
3274 3108 3430 3166 Nunc

1867 3212 1995 3253 vero
2025 3197 2155 3253 dicit
2181 3197 2422 3263 dextera,
2448 3212 2554 3250 nou
2588 3212 2710 3267 quae
2741 3206 2869 3251 suut
2891 3199 3209 3254 naturaliter
3242 3200 3426 3255 dexte—

1867 3307 1949 3356 ra,
1980 3287 2284 3360 cujusmodi
2324 3297 2452 3342 sunt
2478 3287 2723 3353 virtutes,
2756 3287 2851 3342 sed
2898 3304 3019 3359 quae
3056 3290 3275 3344 dextera
3302 3308 3428 3361 pro—

1865 3391 1984 3451 pter
2012 3379 2313 3449 voluptates
2340 3377 2437 3432 tibi
2466 3377 2734 3431 videntur.
2760 3376 3070 3450 Voluptates
3092 3391 3268 3435 autem
3300 3391 3428 3436 sunt

1864 3488 1973 3526 non
2004 3471 2179 3526 solum
2210 3468 2500 3536 Venerem,
2530 3485 2719 3524 verum
2749 3469 2911 3523 etiam
2954 3471 3153 3527 divitia:
3184 3489 3248 3527 ac
3293 3476 3428 3531 deli—

1865 3564 1983 3619 ciae.
2009 3562 2243 3618 Sinistra
2273 3576 2425 3625 vero,
2472 3562 2668 3625 caedes,
2704 3561 2938 3629 rapinae,
2980 3572 3030 3617 ct
3072 3564 3156 3618 his
3201 3566 3421 3623 similia.

1864 3654 1999 3709 Nam
2021 3656 2212 3710 boreas
2228 3653 2436 3724 rigidus
2451 3662 2662 3718 ventus,
2678 3652 2868 3707 dexter
2880 3654 3199 3723 appellatur.
3217 3655 3427 3729 Quippe

1866 3746 2085 3801 boream
2130 3744 2458 3816 symbolice.
2504 3744 2801 3813 malignum
2852 3744 3125 3799 diabolum
3178 3749 3422 3817 vocitat,

1866 3854 1894 3893 a
1938 3853 2047 3908 quo
2092 3836 2235 3891 mala
2284 3836 2467 3890 omnia
2511 3834 2877 3889 incenduntur
2931 3836 2985 3890 in
3039 3838 3189 3893 orbe.
3235 3838 3418 3896 Eidem

1866 3944 2064 3985 nomen
2093 3936 2178 3982 est
2201 3927 2408 3990 dexter,
2433 3925 2560 3996 quia
2590 3925 2814 3995 angelus
2854 3933 3078 3980 vocatur
3118 3926 3332 3997 dextro,
3365 3931 3421 3985 id

1864 4030 1949 4077 est
1979 4019 2160 4075 fausto
2197 4018 2436 4073 nomine.
2461 4015 2661 4083 —Tu,
2694 4015 2903 4084 inquit,
2944 4015 3155 4071 declina
3192 4035 3221 4073 a
3255 4021 3419 4084 malo,

1863 4124 1919 4170 et
1952 4113 2062 4168 Deo
2088 4128 2221 4167 cura
2250 4110 2351 4166 erit
2390 4110 2515 4166 ﬁnis
2546 4109 2640 4165 tui.
2678 4108 2918 4165 Anteibit
2949 4109 3094 4165 enim
3130 4120 3203 4177 te,
3238 4112 3422 4169 hostes

1864 4203 2180 4276 proﬂigans,
2213 4212 2273 4257 ut
2296 4202 2519 4272 pacitice
2545 4201 2831 4271 gradiaris.

1932 4295 2138 4364 Nempe
2167 4308 2264 4364 per
2288 4307 2501 4347 cervam
2524 4292 2746 4346 denotat
2764 4290 3055 4361 voluptatis
3080 4292 3133 4347 in
3164 4293 3423 4366 coniugio

1865 4387 2267 4450 innocentiam;
2306 4393 2359 4440 et
2396 4399 2491 4453 per
2527 4383 2756 4453 pullum,
2798 4384 3129 4439 alacritatem
3176 4386 3421 4441 mulieris

203 4498 359 4553 στησι
389 4478 595 4551 γαῦρον
621 4478 714 4531 καὶ
740 4476 1013 4531 ποθεινόνο
1043 4474 1139 4529 καὶ
1162 4473 1349 4545 ἐπειδὴ
1369 4471 1541 4526 πολλὰ
1561 4468 1668 4526 οἶδε
1692 4471 1761 4526 τά

1876 4479 2116 4550 exprimit
2142 4486 2198 4531 et
2241 4476 2650 4531 amabilitatem.
2679 4473 2747 4528 Et
2778 4474 2907 4543 quia
2940 4475 3108 4530 multa
3155 4476 3327 4530 cernit
3351 4478 3420 4531 ad

202 4572 609 4646 παροξύνοντα,
657 4568 984 4639 ἀσφαλίζει,
1017 4566 1234 4640 ἀρραγῆ
1284 4564 1376 4618 τὸν
1427 4565 1525 4636 τῆς
1580 4563 1762 4634 φιλίας

202 4663 381 4725 αὐτοῖς
406 4659 606 4732 δεσμὸν
637 4656 930 4730 ἐπιτίθησι,
963 4656 1025 4710 τὸ
1050 4656 1409 4727 ἀδιάρῤηκτον
1440 4653 1621 4717 αὐτοῖς
1653 4671 1760 4724 μη-

204 4753 515 4824 χανώμενος
535 4768 548 4780 ·
580 4751 753 4815 ἄλλως
778 4750 834 4804 δὲ
859 4752 893 4822 ἡ
929 4750 1123 4819 σοφία,
1148 4745 1360 4819 ὴτοιοῦν
1393 4745 1606 4814 ἔλαφος,
1636 4747 1761 4810 τοὺς

202 4845 308 4900 τῶν
340 4844 670 4918 ἑτεροδόξων
712 4841 961 4913 ὸφιώδεις
1000 4841 1189 4910 λόγους
1235 4839 1475 4909 πέφυκεν
1517 4836 1758 4891 ἐλαύνειν

205 4940 295 4992 καὶ
335 4938 612 5010 ἀναιρεῖνσ
647 4935 787 5006 αῦτη
830 4930 943 4999 οῦν,
977 4930 1142 5005 φησὶ,
1181 4931 1417 4984 συνέστω
1455 4945 1536 4982 σοι
1583 4928 1759 4993 πῶλος

205 5027 334 5085 οὖσα
364 5028 447 5101 τῷ
468 5027 681 5093 νεάζειν
705 5026 920 5082 ἃπασαν
941 5025 1139 5096 ἀρετήν
1156 5039 1169 5053 ·
1204 5021 1300 5076 καὶ
1324 5020 1448 5073 ἐπεὶ
1473 5020 1548 5091 μὴ
1579 5020 1760 5090 ὅμοιον

207 5124 336 5197 γυνὴ
363 5124 461 5178 καὶ
495 5122 676 5192 σοφία,
705 5120 843 5191 αῦτη
873 5119 1177 5174 τούναντίον
1208 5115 1446 5188 ἡγείσθω
1481 5131 1590 5169 σοι·
1616 5113 1757 5168 οὕτω

205 5214 308 5285 γὰρ
337 5212 675 5283 ἀποκυήσεις
699 5210 988 5280 λογισμοὺς
1020 5205 1272 5276 ἀγαθούς,

244 5306 311 5355 .⁸³
341 5306 464 5358 Ἵνα
504 5304 575 5374 μὴ
603 5302 799 5376 λέγῃςι·
834 5301 899 5355 Τί
930 5300 1038 5371 γὰρ
1072 5298 1265 5369 βλάϐος
1294 5299 1404 5362 τοῖς
1441 5296 1750 5368 ὀφθαλμοῖς,

208 5395 278 5468 μὴ
310 5398 531 5459 πάντως
556 5394 721 5466 οὔσης
748 5393 992 5464 ἀνάγκης
1021 5390 1110 5444 τὸν
1150 5389 1417 5462 ἐνορῶντα
1445 5390 1753 5462 τραπῆναι;

205 5487 437 5542 δείκνυσί
478 5504 583 5549 σοι,
626 5485 758 5558 ὼςη
788 5485 885 5557 μὲν
928 5482 1220 5553 ἐπιθυμία,
1263 5481 1374 5552 πῦρ
1398 5483 1577 5535 ἐστιν·
1628 5482 1660 5551 ὴ
1700 5480 1754 5532 δὲ

276 5676 320 5706 ⁸⁵
350 5690 404 5730 v.
426 5676 562 5731 8.-
590 5674 655 5725 Α.
684 5671 720 5726 l'.
747 5672 836 5737 Ἡ,
860 5688 910 5726 a.
985 5672 1029 5703 ⁵⁸
1059 5689 1108 5725 v.
1149 5673 1232 5725 Η.
1260 5705 1325 5714 -
1351 5673 1414 5726 Λ.
1450 5671 1691 5726 [22.1).

211 5758 263 5810 ν,
300 5745 473 5800 I9.-—-
498 5744 562 5796 Α.
596 5742 635 5796 r.
659 5743 750 5807 27,
775 5741 827 5796 ι).

520 5836 787 5893 Parum.
821 5833 937 5893 Gn.
964 5836 1041 5893 Χ.

1862 4573 2054 4627 vitium
2088 4569 2367 4625 incituntia
2393 4610 2408 4634 ,
2459 4574 2617 4622 caute
2645 4565 2914 4630 consulit,
2947 4575 3001 4620 et
3042 4567 3423 4624 iudissolubile

1864 4662 2190 4734 conjugibus
2221 4660 2496 4714 vinculum
2523 4657 2725 4727 injicit,
2757 4657 3117 4712 constantiam
3154 4658 3260 4716 illis
3289 4676 3420 4716 con-

1864 4756 2076 4810 cilians.
2109 4751 2321 4821 Alioqui
2354 4748 2637 4820 sapientia,
2668 4749 2812 4803 cervi
2844 4749 3032 4813 instar,
3058 4749 3419 4806 heterodoxo-

1865 4860 1983 4898 rum
2018 4843 2360 4911 serpentinas
2385 4839 2657 4894 doctrinas
2679 4838 2937 4907 repellere
2958 4839 3098 4893 valet
3126 4848 3182 4894 et
3208 4842 3421 4897 exstinv

1863 4951 2047 5006 guere.
2072 4932 2200 4989 Haec
2234 4933 2427 5001 igitur,
2456 4930 2653 5000 inquit,
2688 4938 2868 4984 tecum
2912 4930 2983 4985 sit
3010 4932 3166 5001 quasi
3211 4931 3418 5001 pullus,

1862 5031 1920 5076 ut
1946 5037 2160 5076 omnem
2199 5022 2451 5074 virtutem
2488 5019 2725 5073 innovet.
2751 5017 2817 5073 Et
2861 5018 2987 5089 quia
3026 5035 3134 5073 nou
3169 5030 3255 5076 est
3292 5037 3416 5076 mu-

1860 5114 1979 5168 lieri
2011 5112 2207 5168 similis
2243 5110 2528 5180 sapientia,
2567 5112 2680 5163 lucc
2708 5109 2892 5179 potius
2928 5111 2998 5165 sit
3027 5111 3122 5166 tibi
3152 5112 3285 5167 dux.
3326 5114 3425 5167 Sin

1860 5205 2007 5261 enim
2044 5206 2212 5258 bonas
2237 5201 2548 5272 procreatus
2580 5201 2957 5270 cogitationes.

1931 5295 2010 5351 Ne
2048 5293 2190 5350 forte
2230 5294 2420 5349 dicas:
2456 5291 2568 5348 Cur
2616 5300 2851 5347 noceant
2888 5292 3055 5359 oculi,
3098 5307 3221 5347 cum
3254 5292 3416 5362 plane

1862 5401 1969 5441 non
1997 5385 2069 5441 sit
2101 5398 2321 5441 necesse
2349 5398 2472 5437 eum
2523 5383 2754 5453 perverti
2784 5382 2878 5452 qui
2928 5381 3137 5438 cernit?
3179 5383 3416 5436 ostendit

1862 5477 1958 5535 tibi
2002 5475 2496 5546 concupiscentiam
2548 5490 2669 5530 esse
2712 5476 2924 5545 ignem;
2958 5487 3210 5539 carnem,
3249 5473 3413 5525 vesti-

1768 5668 2138 5723 λήθει-Α.
2171 5666 2405 5732 £25.13.
2481 5663 3120 5723 "v.27.—A.r.at.a
3216 5661 3261 5693 ιε
3290 5676 3409 5731 cap.

902 5742 947 5772 "
981 5759 1100 5810 cap.
1128 5758 1203 5805 Vl,
1235 5743 1413 5796 ‘27.—
1437 5744 1501 5797 Λ.
1537 5745 1572 5795 Ι’.
1606 5741 1693 5803 ὂί,
1719 5754 1770 5791 a.

2963 5829 3041 5891 20
