3876 6340
285 384 387 440 est
450 360 459 371 ’
782 366 789 369 ’
1401 402 1828 463 FRAGMENTA
1869 408 1936 464 lN
1985 408 2397 472 movemus.

279 502 497 578 θέλημα
534 507 632 562 τοῦ
661 509 831 567 Θεοῦ*
864 514 1016 570 ένεδν
1042 515 1098 570 δὲ
1130 518 1321 572 ἑαυτὸν
1345 521 1597 593 ποιήσας,
1634 527 1765 598 περὶ
1791 521 1853 583 οῦ
1881 534 1926 590 Α
1954 531 2219 601 explorat.

275 596 476 666 μαθεῖν
500 595 701 673 ἦλθεν,
735 598 889 672 οὗτος
925 607 1069 673 δόξει
1106 609 1369 682 φρόνιμος
1403 608 1570 669 εἶναι’
1611 617 1660 669 εί
1696 595 1850 684 οὗτος

272 685 461 760 ἐρωτᾷ
513 693 646 781 περὶ
698 697 887 766 σοφίας
906 739 921 765 ,
967 700 998 753 6
1038 699 1358 774 βουλόμενος
1404 704 1460 758 τὶ
1497 707 1626 779 περὶ
1664 710 1851 781 σοφίας

272 777 495 871 μαθεῖν·
513 775 671 850 0510;
700 786 755 842 δὲ
779 793 957 866 σιωπᾷ
982 793 1090 847 ἀπὸ
1117 795 1327 866 σοφίας,
1357 799 1387 851 6
1418 798 1493 871 μὴ
1520 775 1679 871 μόνον
1699 775 1850 856 οῦδὲν

269 866 449 961 θέλων
475 874 679 942 γνῶναι
710 881 839 953 περί⁵
872 884 1084 953 σοφίας,
1120 886 1234 940 ἀλλ’
1272 866 1569 943 ἀποπαῦων
1607 892 1700 946 καὶ
1724 897 1849 961 τοὺς

3411 437 3517 492 622

2256 531 2462 591 Rudem
2487 552 2547 593 se
2566 537 2687 609 ejus
2713 541 2788 599 rei
2817 545 3087 616 praebens,
3124 563 3288 629 quam
3309 551 3520 609 discere

1954 624 2121 691 venit,
2154 624 2423 684 videbitur
2459 632 2718 700 prudens.
2757 634 2813 691 Si
2837 639 2961 707 quis
2996 624 3294 716 interrogat
3321 645 3388 701 de
3428 662 3521 702 sa-

1952 714 2178 786 pientia,
2209 720 2350 775 scire
2384 722 2572 778 volens
2618 736 2824 794 partem
2854 730 3007 800 ejus;
3048 734 3184 790 alter
3209 714 3341 792 vero
3370 738 3516 804 silet,

1951 820 2058 861 non
2086 810 2264 865 solum
2303 826 2333 866 a
2368 813 2633 883 sapientia
2658 817 2792 873 nihil
2827 820 3037 880 discere
3086 827 3305 896 volens,
3337 830 3430 887 sed
3464 839 3522 888 et

1949 906 2175 956 caeteros
2231 904 2300 956 ab
2349 902 2470 974 eius
2516 907 2698 963 studio
2755 910 3055 984 deterrere;
3112 921 3304 989 procul
3351 922 3518 982 dubio

265 959 538 1034 πλησίονο
572 967 652 1023 διδ
684 972 778 1025 καὶ
805 974 1207 1051 φρονιμώτερος
1244 981 1461 1052 λέγεται
1489 978 1628 1039 εἶναι
1661 988 1691 1039 6
1723 989 1825 1060 πρό

1951 990 2104 1061 prior
2124 959 2444 1063 prudentior
2464 959 3161 1067 posteriorelaastinubitur:

261 1067 434 1123 τερος
462 1056 561 1109 τοῦ
584 1058 861 1133 δευτέρου.

336 1143 389 1176 ⁵¹
438 1148 521 1244 ’ζῇ
569 1150 781 1228 βδέλλῃ.
808 1155 967 1229 Τρεῖς
1007 1159 1302 1235 θυγατέρες
1322 1158 1463 1236 ἦσαν
1501 1172 1569 1241 τῇ
1603 1171 1846 1244 ἁμαρτίᾳ

261 1237 640 1331 ἀγαπωμεναι
683 1247 987 1321 ἀγαπήσει,
1018 1254 1052 1324 ἢ
1087 1256 1312 1327 πορνεία
1335 1300 1350 1326 ,
1385 1261 1415 1314 6
1455 1237 1611 1331 φόνος
1637 1237 1845 1331 ἑδίκαλ.

260 1327 712 1404 είδωλολατρείαο
753 1340 812 1392 αἱ
852 1344 1000 1413 τρεῖς
1027 1343 1127 1397 οὐκ
1151 1327 1512 1422 ὲνεπίπλησαν
1557 1327 1758 1428 αὑτήν·
1782 1360 1843 1413 οὐ

1946 1256 2052 1317 lite.
2078 1259 2361 1325 scortatio,
2376 1259 2756 1333 homicidium,
2774 1265 3103 1324 idololatria.
3118 1269 3307 1343 Neque
3330 1283 3510 1333 tamen

1946 1348 2029 1404 hae
2061 1357 2168 1404 tres
2196 1359 2446 1406 saturant
2475 1352 2630 1421 illud,
2660 1358 2918 1426 quoniam
2941 1370 3030 1416 est
3060 1363 3388 1424 insatiabile.
3410 1368 3512 1425 Per

257 1422 376 1495 γὰρ
411 1426 754 1497 ἐμπίπλαται
772 1448 787 1463 °
815 1431 901 1486 διὰ
926 1433 1128 1490 τοῦτ-ων
1150 1437 1263 1491 τῶν
1297 1442 1546 1513 πράξεων
1577 1422 1842 1521 νεκροῦσα

254 1516 291 1587 η
314 1516 572 1620 αμαρτία
594 1520 685 1620 τὸν
699 1523 1009 1620 άνθρωπον,
1035 1534 1302 1606 μηδέποτε
1322 1516 1689 1620 ήλλοιωμένη,
1706 1548 1842 1605 ἀλλὰ

254 1608 503 1713 πάντοτε
549 1615 887 1713 ἐπαῦξουσα·
939 1625 973 1696 ἠ
1018 1626 1126 1700 γὰρ
1171 1608 1443 1709 τετάρτη,
1492 1608 1695 1713 ῴησιᾴ,
1741 1644 1841 1700 οὐκ

250 1701 514 1801 ἠρκέσθη
545 1707 721 1801 είπεῒν
749 1712 1002 1789 ίκανὸν,ή
1036 1719 1177 1775 κατὰ
1203 1701 1379 1778 πάντα
1392 1701 1621 1801 ’πονηρὰ
1653 1701 1841 1788 ἐπιθυ-

1946 1440 2046 1496 hos
2072 1443 2272 1514 quippe
2291 1459 2510 1515 semper
2535 1457 2690 1504 actus
2717 1451 2988 1519 perimens
3014 1454 3291 1514 hominem
3316 1474 3509 1530 pecca-

1944 1541 2084 1603 tum,
2136 1551 2416 1608 nunquam
2466 1548 2748 1607 mutatur,
2805 1543 2900 1599 sed
2952 1556 3184 1618 augetur
3227 1565 3506 1623 perpetuo.

1943 1624 2150 1693 Quarta
2199 1628 2366 1698 enim,
2423 1629 2631 1702 inquit,
2690 1649 2970 1705 nunquam
3030 1640 3149 1697 ait:
3197 1642 3344 1698 Satis
3390 1657 3506 1715 est;

1942 1726 2191 1788 quartam
2214 1734 2336 1774 esse
2366 1719 2680 1790 signiﬁcans
2719 1724 3082 1783 universalem
3118 1733 3511 1803 concupiscen-

430 1799 703 1897 τετάρτην
740 1802 941 1874 λέγων,
977 1807 1076 1881 τὴν
1110 1813 1247 1883 μετὰ
1286 1816 1503 1874 πάντων
1533 1792 1825 1897 ’ἐπιθυμίαι

1945 1810 2098 1865 tiam.
2149 1811 2305 1866 Sicut
2342 1812 2487 1867 enim
2534 1830 2703 1869 unum
2753 1825 2838 1872 est
2877 1833 3115 1889 corpus,
3165 1824 3336 1880 multa
3375 1841 3509 1882 vero

246 1887 574 1989 ἐσήμανεν·
608 1892 797 1989 ὥσπερ
819 1898 925 1972 γὰρ
953 1898 1011 1954 ἓν
1042 1902 1141 1973 μὲν
1176 1904 1291 1962 ἐστι
1322 1908 1384 1963 τὸ
1412 1909 1590 1986 σῶμα,
1617 1887 1752 1989 μέλη
1781 1919 1825 1975 δὲ

1940 1901 2183 1958 membra
2225 1903 2420 1971 habet;
2463 1904 2546 1962 sic
2570 1913 2626 1962 et
2669 1922 2951 1977 peccatum
2975 1887 3193 1972 multas
3217 1933 3282 1977 ac
3326 1921 3507 1978 varias

246 1978 434 2077 πολλὰ
466 1981 607 2053 ἔχει,
651 1984 793 2041 οὕτω
825 1989 919 2043 καὶ
957 1992 991 2063 ή
1023 1993 1263 2070 ἁμαρτία
1308 1998 1407 2071 μία
1450 1978 1839 2077 οῦσαίπολλὰς

245 2071 349 2165 καὶ
386 2076 649 2143 ποικίλας
672 2081 970 2155 ἐπιθυμίας
992 2086 1051 2141 ὲν
1086 2087 1249 2165 ἑαυτῇ
1276 2091 1410 2165 ἔχει,
1430 2095 1499 2153 δι’
1528 2071 1602 2153 ὧν
1622 2071 1839 2158 ὲπίὸουξ

242 2163 340 2266 λος
372 2165 491 2220 τῶν
524 2168 824 2242 ἀνθρώπιον
855 2175 1064 2245 γίνεται
1083 2196 1096 2210 ⁸
1132 2163 1253 2237 ὅθεν
1285 2163 1443 2243 τοῦτο
1476 2189 1683 2261 διδάξαι
1711 2193 1837 2266 βου-

240 2254 511 2359 λόμενος,
537 2260 626 2316 διὰ
650 2264 1103 2359 παραδειγμάτων
1124 2271 1188 2345 δή
1216 2291 1399 2347 φησιν,
1424 2277 1560 2353 ᾅδης
1580 2254 1675 2341 καὶ
1696 2254 1835 2359 έρως

239 2350 523 2455 γυναικὸς
542 2390 558 2416 ,
591 2354 1032 2455 καέμτάρταρος,
1065 2364 1162 2417 καὶ
1206 2366 1275 2437 γῆ
1307 2368 1409 2423 οὐκ
1432 2350 1832 2455 ⁷ἐμπιμπλαμένη

524 2442 618 2540 καὶ
656 2443 820 2540 ὕδωρ,
864 2450 957 2505 καὶ
997 2452 1127 2529 πῦρ,
1158 2455 1218 2509 οὐ
1258 2456 1331 2531 μὴ
1358 2437 1832 2540 εἴπωσιννάρκεῖῖ

238 2530 450 2632 οὐδένα
480 2534 603 2632 ᾔγάρ
649 2537 849 2612 τρόπον
892 2543 920 2596 6
969 2543 1102 2619 ᾅδης
1146 2547 1206 2602 οὐ
1250 2530 1511 2609 διαλείπει
1550 2530 1835 2632 δεχόμενος

236 2623 438 2695 ψυχὰς
469 2624 686 2725 ἀνόμων
717 2629 1179 2706 ἀνθριῦπωνοούδὲ
1207 2641 1236 2694 6
1263 2640 1401 2714 ἔρως
1420 2644 1520 2719 τῆς
1535 2623 1832 2725 ἁμαρτίας,

236 2715 320 2780 ὡς
388 2718 672 2787 γυναικὸς,
709 2721 941 2782 παύεται
986 2728 1362 2803 ὲκπορνεύων,
1414 2715 1679 2812 προδότης

236 2806 425 2902 αὐτοῦ
468 2810 649 2902 ψυχῆς
677 2812 825 2880 ὅστις
854 2818 1177 2891 γενόμενος·
1220 2824 1297 2890 ὡς
1328 2806 1595 2902 τάρταρος
1624 2806 1703 2898 δέ,
1745 2806 1833 2892 ἀεί

234 2901 300 2993 έν
344 2900 624 2975 λυγρὼδει
669 2905 764 2962 καὶ
809 2907 1036 2978 ζοφώδει
1074 2913 1226 2987 τόπῳ
1264 2900 1543 2993 ὑπάρχων,
1572 2922 1634 2978 οὐ
1666 2941 1832 2980 κατα-

235 2992 600 3066 λαμϐάνεται
639 2996 744 3051 ὑπὸ
776 2999 993 3066 ἀκτῖνος
1031 3004 1237 3075 φωτὸς,
1269 2992 1439 3075 οὕτως
1466 3011 1524 3065 δὲ
1567 3015 1677 3081 πᾶς
1714 3017 1743 3072 6
1772 3018 1831 3073 ἐν

233 3086 421 3141 παντὶ
470 3087 632 3142 πάθει
680 3091 882 3167 σαρκὸς
926 3095 992 3169 τῇ
1036 3095 1281 3173 ἁμαρτίᾳ
1322 3100 1615 3172 δουλεύων’
1653 3108 1729 3172 ὡς
1756 3109 1830 3182 τῆ

1938 1996 2410 2065 concupiscentias
2435 1997 2490 2052 in
2522 2013 2581 2055 se
2603 1999 2789 2066 habet,
2814 2005 3014 2073 quibus
3041 2007 3272 2066 insidias
3291 2011 3504 2071 homini

1936 2086 2117 2141 struit.
2152 2085 2309 2154 Quod
2351 2090 2540 2146 volens
2570 2091 2982 2163 demonstrare,
3028 2099 3198 2154 utitur
3239 2106 3505 2176 exemplis

1934 2177 2153 2244 inferni,
2181 2188 2236 2236 et
2263 2181 2467 2238 amoris
2499 2184 2812 2253 mulierum,
2848 2190 3057 2256 tartari,
3088 2201 3144 2247 ct
3177 2201 3333 2252 terra:
3363 2213 3507 2253 nun-

1934 2283 2099 2340 quam
2140 2271 2315 2329 imbre
2358 2273 2593 2344 replette.
2644 2274 2711 2332 Et
2736 2293 2899 2349 aqua,
2935 2289 2990 2336 et
3035 2281 3178 2353 ignis
3219 2300 3500 2358 nunquam

1934 2361 2157 2420 dicent:
2192 2362 2423 2422 SulIieit.
2468 2363 2792 2427 Nullatenus
2818 2372 2981 2428 etiam
3020 2374 3268 2433 infernus
3302 2380 3504 2438 desiuit

1933 2469 1964 2510 a
1989 2456 2315 2526 recipiendis
2340 2456 2748 2533 afﬂigendisque
2793 2465 3163 2536 improborum
3214 2470 3498 2531 hominum

1932 2547 2241 2605 animabus.
2289 2549 2475 2622 Neque
2524 2555 2736 2623 peccati
2786 2572 2964 2622 amor,
2995 2559 3049 2615 id
3076 2572 3162 2617 est
3202 2577 3329 2634 erga
3376 2582 3501 2623 mu-

1932 2638 2142 2705 lierem,
2170 2650 2351 2696 cessat
2394 2659 2425 2698 a
2458 2647 2771 2714 scortando,
2805 2649 2980 2707 factus
3026 2653 3225 2711 anima:
3265 2658 3501 2729 propria:

1931 2731 2194 2800 proditor.
2227 2729 2378 2789 Sicut
2398 2749 2525 2790 vero
2556 2744 2794 2794 tartarus
2822 2738 2879 2794 in
2916 2742 3055 2798 tristi
3101 2760 3166 2801 ac
3206 2748 3497 2807 tenebroso

1931 2821 2052 2877 loco
2115 2825 2460 2894 reconditus,
2523 2828 2706 2885 radios
2764 2846 2872 2886 non
2926 2836 3156 2906 recipit;
3205 2838 3279 2894 ita
3329 2842 3494 2897 etiam

1930 2913 2109 2971 omnis
2145 2916 2238 2985 qui
2269 2915 2325 2971 in
2370 2918 2612 2987 qualibet
2651 2924 2834 2979 carnis
2874 2927 3133 2996 passione
3162 2931 3328 2987 servit
3367 2948 3495 3003 pec-

1930 3015 2073 3062 cato.
2111 3007 2267 3064 Sicut
2292 3018 2434 3066 terra
2466 3027 2745 3083 nunquam
2771 3017 2928 3087 aquis
2954 3019 3176 3089 repleta,
3207 3019 3281 3077 ita
3308 3022 3398 3078 hic
3423 3023 3495 3080 ad

1930 3097 2332 3156 confessionem
2378 3110 2433 3158 et
2490 3103 2764 3161 lavacrum
2816 3111 3244 3178 regenerationis
3306 3115 3495 3173 venire

233 3179 346 3234 οὐκ
373 3180 764 3256 ἐμπιπλαμένη
794 3183 1021 3251 ὑδάτων,
1051 3189 1320 3261 μηδέποτε
1345 3195 1426 3258 είς
1448 3179 1825 3274 ἐξομολόγησιν

1933 3206 2040 3246 non
2072 3193 2280 3261 valens,
2316 3210 2473 3267 aqua;
2513 3195 2685 3253 instar
2714 3208 2769 3254 et
2810 3198 2976 3271 ignis,
3017 3217 3290 3275 nunquam
3320 3206 3488 3264 dicit.

234 3272 340 3325 καὶ
407 3271 634 3345 λουτρὸν
673 3274 1087 3346 παλιγγενεσίας
1152 3282 1328 3340 ὲλθείν
1375 3285 1702 3362 δυνάμενος,
1727 3271 1829 3359 “ὡς

234 3362 399 3437 ὕδωρ
427 3364 529 3419 καὶ
560 3365 671 3439 πῦρ
695 3366 771 3441 μὴ
800 3367 1048 3438 λέγοντα,
1066 3370 1244 3445 ἀρκεῖ.

310 3455 365 3488 ³⁸
403 3457 505 3510 Ὀν
535 3456 643 3533 γὰρ
673 3459 870 3532 τρόπον
894 3461 1017 3532 ὄφις
1041 3463 1135 3517 ἐπὶ
1164 3465 1369 3540 πέτρας
1397 3470 1734 3547 ίχνοποιῆσαι
1763 3475 1824 3531 οὐ

230 3547 496 3615 δύναται,
541 3549 713 3617 οὕτως
759 3552 882 3608 οὐδὲ
912 3555 941 3607 6
972 3553 1219 3623 διάϐολος
1248 3561 1342 3615 ἐπὶ
1389 3563 1550 3635 σῶμα
1585 3565 1822 3636 Χριστοῦ

232 3640 528 3714 ἁμαρτίαν
577 3643 810 3721 ἠδυνήθη
867 3645 1081 3720 εὐρεῖνο
1145 3648 1292 3720 λέγει
1343 3652 1451 3728 γὰρ
1507 3655 1537 3711 6
1583 3655 1818 3732 Κύριος·

242 3733 415 3788 Ἰδοὺ
439 3732 679 3804 ἔρχεται
726 3739 760 3791 d
795 3736 996 3808 ἄρχων
1034 3741 1142 3796 τοῦ
1171 3744 1406 3813 κόσμου
1455 3746 1690 3812 τούτου,
1719 3748 1819 3802 καὶ

227 3824 305 3879 ὲν
331 3825 472 3895 ἐμοὶ
507 3826 752 3895 εὑρήσει
779 3828 1056 3884 οὺδέν⁸⁹⁶.
1085 3862 1154 3871 -
1184 3833 1383 3901 Καθὼς
1415 3836 1522 3911 γὰρ
1551 3837 1681 3902 ναῦς
1707 3838 1820 3894 δια-

230 3916 489 3973 πλέουσα
530 3919 590 3972 ἐν
633 3917 712 3990 τῷ
756 3918 1015 3990 πελάγει,
1060 3922 1179 3996 ίχνη
1211 3925 1307 3980 καί⁵
1348 3927 1502 3992 ὀδοὺς
1541 3929 1602 3987 οὐ
1646 3948 1817 3986 κατα-

227 4007 444 4074 λείπει,
489 4007 662 4074 οὔτως
689 4011 808 4065 οὐδὲ
836 4013 870 4085 ἡ
907 4014 1201 4088 Ἐκκλησία
1233 4018 1293 4072 ὲν
1320 4019 1510 4096 κόσμῳ
1541 4021 1814 4077 πολιτευο-

231 4098 384 4168 μένη
414 4098 493 4161 ὡς
520 4099 581 4153 ὲν
610 4098 856 4169 πελάγει,
882 4102 1195 4159 καταλείπει
1224 4106 1321 4181 τὴν
1351 4108 1486 4166 ίδίαν
1509 4110 1698 4165 ἐλπίδα
1725 4112 1815 4166 ἐπὶ

228 4188 339 4259 τῆς
392 4189 529 4261 γῆς,
591 4188 786 4261 ἔχουσα
831 4191 930 4263 τὴν
978 4188 1121 4267 ζωὴν
1177 4196 1545 4273 ἀποκειμένην
1600 4203 1657 4257 ἐν
1702 4205 1815 4269 τοῖς

229 4282 527 4355 οὐρανοῖς·
575 4278 643 4357 ἦς
693 4284 785 4337 ἐπὶ
829 4284 1000 4358 βραχὺ
1054 4288 1429 4366 παρελθούσης
1454 4332 1470 4357 ,
1525 4294 1624 4349 οὐκ
1666 4293 1813 4350 ἔστιν

233 4373 601 4446 ίχνηλατῆσαι
629 4376 727 4448 τὴν
760 4378 1148 4450 δίοδον.-Τῆς
1188 4381 1507 4456 Ἑκκλησίας
1540 4387 1616 4461 μὴ
1646 4404 1813 4442 κατα-

230 4465 623 4539 λιμπανούσης
656 4469 714 4522 ὲν
743 4469 934 4543 κόσμῳ
980 4471 1078 4543 τὴν
1120 4472 1344 4540 ἐλπίδα,
1374 4476 1476 4547 τῆς
1522 4478 1591 4535 τὰ
1638 4481 1811 4536 πάντα

1928 3279 2157 3341 δυωοίι.

1996 3462 2467 3531 Quemadmodum
2497 3481 2721 3538 serpens
2743 3468 2798 3523 in
2823 3479 2975 3541 petra
2997 3472 3281 3545 vestigium
3312 3474 3491 3534 facere

1924 3556 2134 3626 nequit,
2161 3557 2245 3612 sic
2268 3572 2444 3629 neque
2476 3558 2730 3616 diabolus
2767 3560 2821 3615 in
2848 3561 3053 3619 Christi
3079 3579 3310 3637 corpore
3340 3568 3492 3624 inve-

1922 3648 2042 3703 nire
2073 3657 2356 3717 peccatum
2401 3656 2597 3719 potuit.
2642 3650 2784 3707 Dicit
2819 3653 2963 3708 enim
3007 3652 3314 3714 Dominus:
3352 3657 3489 3716 Em

1921 3739 2057 3794 venit
2074 3740 2315 3811 princeps
2343 3741 2501 3812 hujus
2532 3745 2736 3811 mundi,
2752 3754 2801 3801 et
2823 3747 2880 3800 in
2903 3762 2983 3802 me
3007 3747 3142 3801 nihil
3161 3750 3488 3808 inveniet.—

1922 3827 2077 3885 Sicut
2103 3830 2249 3886 enim
2277 3833 2432 3889 navis
2468 3849 2621 3891 mare
2663 3844 2911 3905 tranans,
2943 3839 3230 3911 vestigium
3263 3843 3489 3914 viasque

1917 3929 2043 3991 post
2063 3935 2124 3977 se
2157 3937 2268 3978 non
2295 3922 2589 3995 relinquit;
2617 3923 2698 3980 sic
2725 3940 2902 3996 neque
2926 3924 3166 3983 Ecclesia
3197 3929 3250 3984 in
3281 3932 3488 3988 mundo
3592 3971 3608 3982 .

1918 4022 2176 4084 tanquam
2218 4014 2273 4069 in
2303 4015 2493 4087 pelago
2523 4031 2773 4081 versans,
2806 4032 2956 4089 spem
2992 4036 3146 4078 suam
3190 4022 3245 4078 in
3279 4025 3486 4080 mundo

1914 4106 2190 4177 relinquit,
2217 4108 2347 4177 quia
2371 4107 2539 4163 vitam
2567 4124 2723 4165 suam
2754 4110 2809 4166 in
2838 4112 2993 4168 caelia
3015 4115 3294 4185 reposuit:
3321 4124 3485 4188 atque

1915 4199 2308 4256 interimbrevi
2344 4209 2586 4272 tempore
2622 4204 2927 4271 transiens,
2960 4208 3188 4280 vestigia
3217 4211 3484 4268 transitus

1914 4290 1969 4346 in
1986 4291 2070 4346 via
2092 4306 2202 4348 non
2226 4292 2733 4364 imprimit.—Cum
2752 4295 2994 4354 Ecclesia
3013 4314 3163 4370 spem
3184 4315 3341 4358 suam
3370 4316 3480 4357 non

1911 4384 2178 4454 dimittat,
2230 4401 2396 4457 quam
2457 4388 2619 4443 habet
2674 4403 2798 4458 erga
2849 4391 3029 4447 omnis
3069 4391 3199 4446 boni
3254 4390 3479 4459 fontem,

1912 4477 2118 4539 Christi
2162 4480 2619 4548 incarnationem,
2658 4481 2909 4537 semitam
2947 4484 3140 4538 mortis
3174 4483 3229 4537 in
3265 4482 3481 4540 inferno

228 4555 516 4629 φερούσης
542 4560 776 4631 Χριστοῦ
815 4562 1160 4636 σαρκώσεως,
1196 4565 1380 4638 τρίϐον
1405 4568 1722 4641 νεκρὼσεως
1751 4574 1808 4626 ὲν

1932 4588 2022 4628 ton
2051 4573 2199 4629 facit.
2224 4605 2297 4615 --
2315 4573 2635 4645 Cujusnam,
2660 4574 2767 4631 nisi
2804 4575 2914 4630 nati
2939 4575 3006 4631 de
3039 4575 3245 4646 Spiritu
3287 4588 3481 4635 sancto

226 4646 369 4719 ᾅδου
395 4650 498 4703 οὐκ
540 4651 935 4707 ὑπελίπετο.-
969 4657 1153 4722 Τίνος,
1179 4659 1293 4713 ἀλλ’
1322 4659 1355 4736 ἢ
1402 4661 1496 4715 τοῦ
1533 4663 1598 4715 ὲκ
1642 4664 1809 4719 Πνεύ-

228 4757 415 4814 ματος
473 4742 627 4811 ἁγίου
671 4744 766 4799 καὶ
814 4746 1082 4826 παρθένου
1136 4752 1567 4824 γεγεννημένους
1612 4754 1672 4818 ὃς
1716 4756 1807 4810 τὸν

221 4831 444 4885 τέλειον
481 4832 763 4906 ἄνθρωπον
796 4838 1104 4903 ἀνανεώσας
1136 4842 1193 4894 ὲν
1226 4841 1416 4914 κόσμῳ
1445 4844 1679 4899 ἐπιτελεῖ
1709 4848 1806 4915 τὰς

223 4922 517 4994 δυνάμεις,
548 4924 849 4999 ἀρξάμενος
871 4930 979 4985 ἀπὸ
1001 4931 1093 4986 τοῦ
1126 4932 1498 5009 βαπτίσματος
1538 4938 1801 5005 Ἰωάννου,

225 5013 310 5078 ὡς
345 5016 442 5068 καὶ
484 5017 513 5069 6
542 5018 931 5093 εὐαγγελιστὴς
983 5026 1279 5096 μαρτυρεῖ·
1308 5021 1376 5099 ἦν
1416 5026 1473 5079 δὲ
1513 5029 1543 5082 6
1598 5029 1803 5100 Ἰησοῦς

227 5106 538 5177 ἀρχόμενος
578 5110 654 5174 ὡς
687 5110 826 5171 ἐτῶν
863 5113 1186 5187 τριάκοντα⁶
1233 5116 1422 5171 τούτου
1449 5115 1542 5174 οὖν
1583 5121 1644 5173 τὸ
1687 5123 1803 5176 νέον

228 5199 331 5254 καὶ
358 5201 589 5272 ἀκμαῖον
633 5205 734 5277 τῆς
769 5205 1004 5279 ἡλικίας,
1048 5208 1107 5271 ὃς
1149 5209 1397 5265 διοδεύων
1440 5213 1580 5269 κατὰ
1622 5215 1804 5279 πόλεις

1911 4676 1966 4720 et
1997 4665 2244 4735 virgine?
2268 4664 2362 4736 qui
2389 4663 2686 4736 perfectum
2720 4665 2996 4722 hominem
3034 4667 3088 4722 in
3131 4667 3334 4724 mundo
3391 4684 3481 4726 re-

1913 4772 2121 4812 novans
2172 4756 2416 4827 prodigia
2474 4756 2690 4824 edidit,
2753 4766 2915 4828 capto
2958 4758 3115 4814 initio
3175 4774 3205 4813 a
3248 4758 3478 4818 Joannis

1909 4847 2257 4919 baptismate,
2298 4849 2440 4905 sicut
2466 4850 2798 4921 evangelista
2847 4859 3095 4907 testatur.
3130 4851 3261 4935 Egat
3294 4861 3476 4908 autem

1910 4939 2070 4996 Jesus
2120 4939 2385 5010 incipiens
2445 4940 2603 5009 quasi
2650 4956 2918 4997 annorum
2975 4942 3215 5014 triginta.
3266 4942 3324 4998 In
3373 4943 3476 4999 hac

1910 5035 2077 5105 igitur
2104 5032 2330 5103 juvenili
2354 5040 2408 5087 et
2428 5033 2655 5090 ﬂorente
2675 5044 2854 5099 aetate,
2876 5035 3206 5113 circumiens
3224 5035 3476 5092 civitates

1908 5137 1962 5181 et
2004 5125 2287 5198 regiones,
2330 5124 2616 5181 hominum
2664 5126 2886 5182 morbos
2921 5134 2976 5182 et
3005 5126 3350 5183 inﬁrmitates
3384 5142 3476 5182 sa-

1909 5212 2091 5267 nabat.

228 5297 329 5351 καὶ
360 5296 568 5370 χώρας,
612 5303 727 5361 ἰᾶτο
768 5303 865 5369 τὰς
889 5304 1077 5369 νόσους
1117 5306 1209 5362 καὶ
1238 5307 1336 5377 τὰς
1372 5308 1658 5374 ἀσθενείας
1693 5310 1801 5365 τῶν
1850 5307 2175 5381 ἀνθρώπων.

304 5389 353 5420 ε’
410 5389 709 5469 Ὀφθαλμὸν
766 5395 1149 5464 καταγελῶντα
1206 5399 1412 5472 πατρὸς
1467 5401 1560 5455 καὶ
1602 5401 1800 5473 ἀτιμά-

218 5482 395 5546 ζοντα
418 5482 595 5556 γῆρας
633 5487 854 5559 μητρός.
899 5489 1327 5562 Βλασφημοῦντα
1372 5491 1462 5547 τὸν
1496 5493 1662 5559 Θεὸν,
1704 5495 1799 5550 καὶ

223 5573 446 5643 μητέρα
473 5572 851 5639 ὲξουθενοῦντα
890 5580 1122 5653 Χριστοῦ
1151 5582 1250 5654 τήν
1282 5583 1377 5653 τοῦ
1406 5584 1542 5638 Θεοῦ
1585 5586 1795 5655 σοφίαν,

299 5753 345 5784 ⁸⁷
378 5754 532 5839 Yulg.
560 5774 840 5839 cap._xx_s,_
860 5778 908 5815 v.
935 5763 1202 5839 15.:-_A.
1232 5763 1271 5820 ί.
1302 5765 1424 5829 109,
1454 5783 1507 5827 a.
1537 5777 1591 5825 et
1621 5769 1743 5825 cod.
1774 5767 1825 5822 νς

1932 5770 2051 5839 tas,
2087 5768 2124 5824 ι.
2151 5770 2243 5839 90,
2308 5770 2424 5828 sive
2473 5771 2534 5828 Β.

232 5838 358 5889 nx,
386 5826 647 5887 ἴθι-Αἰ
674 5829 712 5890 f,
754 5832 871 5899 lll,
894 5848 946 5891 a.
1021 5833 1088 5867 "'
1112 5832 1271 5894 Joan.
1306 5826 1421 5904 xlv,
1448 5839 1536 5897 '50.
1615 5842 1659 5873 “
1687 5839 1746 5899 Β.
1781 5839 1822 5897 l'.
1861 5838 1950 5898 90.

1978 5402 2181 5456 Oculus
2224 5402 2317 5472 qui
2366 5402 2670 5461 subsannat
2720 5412 2969 5475 patrem,
3015 5414 3071 5461 et
3107 5407 3200 5477 qui
3239 5407 3468 5478 despicit

1907 5502 2240 5549 senectutem
2289 5494 2499 5551 matris.
2545 5493 2749 5567 Nempe
2784 5498 3004 5554 oculum
3043 5498 3472 5568 hlasphemantia

1906 5585 2096 5652 Deum,
2125 5594 2180 5641 et
2207 5584 2409 5642 Christi
2442 5598 2669 5644 matrem
2707 5592 3027 5661 sapientiam
3058 5590 3172 5655 Dei,
3208 5591 3472 5649 ell'odiant
3506 5594 3513 5599 ’

2639 5774 2687 5808 ⁸⁸
2713 5774 2861 5842 006.,
2911 5772 3124 5849 φθόνος.
3212 5775 3278 5854 ,⁸⁸
3308 5775 3467 5848 Vulg.

3577 1036 3591 1077 l

2020 1162 2288 1219 Hirudini.
2310 1164 2444 1221 Tres
2470 1176 2627 1223 erant
2654 1182 2880 1240 peccato
2894 1172 3107 1233 dilectae
3133 1179 3422 1239 admodum
3448 1186 3513 1241 l‘l—
3572 1252 3581 1255 _
