3836 6330
484 291 590 347 eis

1350 291 1406 346 S.
1440 291 1809 348 HIPPOLYTI
1846 293 1996 349 OPP.
2050 293 2228 351 PARS
2258 295 2298 353 Ι.
2332 326 2398 336 -—
2440 297 2847 356 EXEGETICA.
3546 319 3631 379 tm

482 423 609 464 eum
658 405 808 463 corvi
862 407 928 463 de
978 404 1243 471 vallibus;
1303 404 1502 475 impuri
1557 404 1764 460 scilicet
1812 405 2035 475 maliqut

2153 406 2483 477 ἐκκόψαισαν
2512 411 2671 465 αὐτὸν
2722 412 2954 481 κόρακες
2997 414 3063 469 ἐκ
3109 416 3212 471 τῶν
3258 422 3515 493 φαράγγων
3536 471 3548 493 ,
3577 436 3630 489 τὰ

479 499 710 572 spiritus
732 498 992 556 visualem
1010 497 1212 553 laetitiae
1239 497 1481 561 oculum,
1500 512 1737 568 eumque
1762 500 2049 554 comedant

481 593 614 666 pulli
657 593 1000 664 aquilarum:
1032 607 1225 663 nempe
1257 592 1352 663 qui
1393 600 1521 646 sunt
1565 591 1870 661 ejusmodi,
1912 607 2046 649 con-

479 686 762 743 calcentur
789 684 1023 756 pedibus
1052 694 1389 742 sanctorum.

552 865 680 919 Tria
714 880 809 935 ego
857 863 1146 935 intelligere
1193 880 1419 935 nequeo,
1459 875 1509 918 et
1548 875 1795 934 quartum
1841 866 2044 935 penitus

476 963 659 1032 ignoro
684 975 703 1013 :
753 958 1034 1028 vestigium
1075 957 1271 1028 aquila:
1306 957 1573 1021 volantis;
1606 973 1799 1028 nempe
1839 957 2044 1013 Christi

474 1066 787 1110 ascensum.
818 1049 974 1106 Viam
1001 1051 1253 1119 serpentis
1282 1050 1340 1104 in
1365 1058 1550 1121 petra;
1578 1065 1769 1121 nempe
1796 1050 2045 1105 diabolus

476 1160 587 1199 non
618 1143 825 1198 invenit
858 1144 1065 1216 peccati
1090 1142 1377 1215 vestigium
1405 1144 1460 1196 in
1487 1158 1712 1214 corpore
1732 1143 1954 1199 Christi.
1978 1141 2046 1197 Et

474 1236 717 1291 semitam
745 1235 892 1290 navis
923 1251 1067 1290 mare
1091 1235 1456 1301 decurrentis;
1484 1252 1679 1305 nempe
1706 1236 1963 1292 Ecclesiae
1986 1236 2043 1290 in

474 1328 638 1400 hujus
667 1327 855 1383 mundi
893 1327 1085 1398 pelago
1126 1327 1459 1394 ﬂuctuantis,
1510 1338 1564 1383 et
1593 1328 1665 1383 ob
1707 1344 1856 1399 spem
1885 1342 2040 1382 suam

475 1418 529 1474 in
561 1417 841 1474 Christum
874 1433 907 1472 a
945 1431 1110 1473 cruce
1135 1418 1293 1487 quasi
1326 1417 1696 1489 gubernaculo
1726 1427 1907 1472 rectae.
1941 1417 2043 1473 De-

472 1511 637 1581 nique
668 1510 781 1565 vias
820 1510 920 1565 viri
968 1510 1024 1563 in
1070 1508 1447 1576 adolescentia,
1481 1509 1628 1564 illius
1657 1509 1915 1564 nimirum
1948 1510 2040 1580 qui

470 1618 538 1658 ex
569 1600 778 1673 Spiritu
808 1608 1001 1657 sancto
1027 1610 1082 1656 et
1108 1600 1331 1673 Virgine
1358 1609 1520 1657 natus
1545 1609 1646 1658 est.
1694 1600 1835 1668 Ecce
1861 1603 2004 1657 enim
2022 1643 2038 1669 ,

472 1694 646 1765 inquit
675 1693 979 1764 Scriptura,
1004 1693 1087 1747 vir
1117 1693 1208 1748 cui
1238 1708 1432 1750 nomen
1453 1693 1673 1752 Oriens.

2150 498 2436 596 ἀκάθαρτα
2471 503 2566 596 καλ.
2585 505 2797 577 πονηρά
2820 505 3101 578 πνεῦματα
3124 550 3139 573 ,
3174 510 3233 564 τὺ
3254 511 3520 585 διορατικδν
3556 525 3630 596 τῆς

2149 588 2484 663 εὐφροσύνης
2532 592 2719 665 όμμα’
2760 596 2856 650 καὶ
2887 599 3243 668 καταφάγοιεν
3286 604 3430 660 αὑτὸν
3469 588 3633 668 νεοσσοί

2147 679 2350 734 ἀετῶν·
2378 682 2474 736 καὶ
2505 688 3008 760 καταπεπατημένα
3049 690 3252 748 ἔσονται
3298 699 3398 761 τοῖς
3421 703 3529 754 ποσὶ
3552 707 3634 759 τῶν

2148 772 2342 843 ἁγίων.

2217 863 2260 895 ει
2321 866 2457 933 Τρία
2500 866 2672 921 ἐστίν
2718 870 2983 926 ἀδύνατά
3026 891 3123 943 μοι
3169 875 3372 945 νοῆσαι
3392 921 3406 945 ,
3458 885 3542 939 καὶ
3587 887 3637 941 τὸ

2147 954 2425 1026 τέταρτον
2446 960 2557 1013 οὐκ
2578 961 2947 1031 ἐπιγινώσκω
2964 982 2979 995 ο
3002 966 3140 1035 ἴχνη
3163 968 3331 1024 ἀετοῦ
3351 979 3640 1045 πετομένου,

2145 1048 2238 1103 τοῦ
2280 1050 2514 1122 Χριστοῦ
2546 1052 2644 1124 τὴν
2696 1054 2978 1127 ἀνάληψιν.
3027 1059 3136 1113 Καὶ
3163 1060 3332 1128 ὀδοὺς
3364 1063 3529 1133 ὄφεως
3564 1068 3639 1123 ἐπὶ

2144 1140 2381 1211 πέτρας·
2409 1144 2439 1195 ὁ
2473 1141 2714 1209 διάϐολος
2741 1145 2838 1216 οὐχ
2879 1142 3036 1220 εὗρεν
3075 1148 3216 1220 ἴχνος
3241 1152 3488 1225 ἁμαρτίας
3517 1158 3565 1211 ἐν
3582 1160 3644 1230 τῲ

2145 1232 2356 1304 σώματι
2390 1234 2483 1288 τοῦ
2522 1236 2779 1307 Χριστοῦ.
2818 1240 2928 1293 Kal.
2953 1241 3188 1308 τρίϐους
3226 1244 3367 1312 νηὸς
3401 1264 3643 1306 ποντοπο-

2134 1326 2388 1393 ρούσης,
2404 1328 2504 1399 τῆς
2531 1330 2850 1402 Ἐκκλησίας
2878 1333 2950 1397 ὡς
2968 1335 3025 1386 ἐν
3053 1334 3270 1404 πελάγει
3289 1336 3363 1409 τῷ
3383 1338 3471 1411 βίῳ
3488 1344 3644 1415 τούτῳ,

2144 1421 2208 1490 τῇ
2240 1420 2319 1483 εἰς
2342 1421 2573 1491 Χριστὸν
2594 1423 2769 1476 ἐλπίδι
2787 1423 2875 1479 διὰ
2892 1424 2986 1478 τοῦ
3018 1426 3247 1499 σταυροῦ
3268 1427 3644 1506 κυϐερνωμένης.

2144 1512 2255 1566 Καὶ
2295 1512 2474 1581 ὀδοὺς
2516 1514 2737 1585 ἀνδρὸς
2767 1517 2838 1571 ἐν
2872 1519 3124 1587 νεότητι,
3151 1518 3244 1573 τοῦ
3285 1521 3347 1575 ἐκ
3382 1523 3647 1595 Πνεύματος

2139 1602 2296 1672 ἁγίου
2318 1606 2527 1678 καὶτῆς
2548 1606 2822 1679 Παρθένου
2838 1610 3234 1681 γεγεννημένου
3252 1629 3265 1643 ο
3297 1612 3400 1667 ἰδοὺ
3434 1615 3545 1687 γάρ,
3563 1634 3645 1689 φη-

2145 1694 2249 1760 σὶν,
2277 1694 2701 1770 ἀνὴρ,Ἀνατολὴ
2726 1697 2894 1770 ὄνομα
2931 1699 3098 1771 αύτῷ.

542 1752 690 1844 'l‘alis
712 1752 903 1843 est.via
934 1752 1178 1841 mulieris
1200 1785 1480 1847 adultera.
1513 1801 1637 1857 qua:
1667 1786 1761 1842 ubi
1795 1803 1908 1842 rem
1941 1803 2035 1858 pa-

2211 1752 2442 1859 ’έοιαύτη
2473 1787 2590 1852 ὁδὸς
2621 1752 2950 1860 μοίχαλίδος,
3003 1752 3199 1861 ἢιϐταν
3232 1791 3403 1863 πράξῃ
3428 1791 3647 1862 όιπονιιζισι⁸

470 1883 650 1945 travit,
684 1881 1000 1951 abstergens
1028 1894 1106 1943 se,
1134 1878 1272 1932 nillil
1299 1879 1377 1932 ait
1405 1893 1465 1934 se
1495 1879 1622 1933 mali
1657 1880 1855 1951 egisse.
1881 1879 2040 1936 Vide-

469 1972 595 2027 licet
626 1972 697 2026 ita
723 1984 784 2027 se
806 1968 974 2039 gessit
1002 1967 1266 2034 Ecclesia,
1291 1983 1413 2039 qum
1440 1978 1729 2040 postquam
1761 1987 1885 2025 cum
1921 1969 2039 2026 ido—

471 2065 537 2121 lis
560 2062 823 2119 fornicata
855 2061 1051 2127 fuerat,
1074 2060 1160 2114 his
1188 2060 1580 2117 abrenuntians
1607 2069 1769 2132 atque
1794 2062 2032 2127 diabolo,

467 2166 523 2213 et
564 2164 790 2227 peccato
836 2153 1015 2221 eluto,
1058 2153 1327 2222 veniaque
1368 2151 1652 2223 impetrata
1677 2194 1693 2218 ,
1751 2155 1882 2209 nulli
1921 2155 2035 2225 jam

469 2248 648 2320 inquit
674 2245 931 2318 pravitati
957 2260 1017 2302 se
1042 2245 1337 2300 obnoxiam
1370 2244 1619 2300 allirmat.

538 2425 640 2483 Per
669 2426 773 2481 tria
801 2433 1050 2480 movetur
1090 2431 1235 2479 terra
1262 2440 1276 2477 :
1310 2439 1504 2491 nempe
1532 2439 1628 2495 per
1656 2424 1868 2481 Patrem
1888 2465 1904 2491 ,
1946 2423 2038 2479 Fi-

466 2517 601 2573 lium
640 2523 697 2572 et
740 2515 1003 2587 Spiritum
1030 2523 1304 2572 sanctum.
1334 2513 1398 2570 Et
1430 2524 1688 2586 quartum
1718 2532 1828 2572 non
1859 2525 2037 2586 potest

468 2613 772 2678 sustinere,
820 2612 875 2668 id
908 2620 994 2669 est
1024 2620 1358 2682 postremum
1389 2610 1595 2667 Christi
1627 2611 1942 2666 adventum.
1965 2642 2035 2651 —

468 2709 524 2766 Si
557 2723 750 2766 servus
779 2706 1110 2777 regnaverit.
1147 2704 1315 2762 Israel
1343 2705 1398 2761 in
1434 2704 1667 2777 Egypto
1704 2720 1897 2762 servus
1922 2746 1937 2772 ,
1979 2707 2033 2762 in

466 2801 688 2874 regione
738 2798 1009 2870 promissa
1070 2806 1347 2869 regnator.
1413 2826 1484 2836 —-
1535 2797 1747 2854 Stultus
1804 2797 2034 2869 dapibus

465 2894 679 2965 plenus.
726 2890 829 2947 Hic
881 2891 1089 2947 scilicet
1130 2888 1289 2945 facile
1335 2890 1613 2961 regionem
1663 2890 1926 2960 adeptus,
1980 2898 2035 2945 e:

464 2984 790 3049 comedens,
835 2992 998 3053 atque
1027 2980 1296 3050 repletus,
1328 2980 1705 3036 recalcitravit.
1743 3010 1804 3022 —
1828 2980 1895 3037 Et
1927 2997 2030 3038 an—

2141 1879 2273 1950 μένη
2295 1919 2310 1944 ,
2358 1878 2512 1932 οὐδὲν
2560 1880 2722 1952 φήσει
2770 1881 3151 1954 πεπραχθῆναι
3194 1884 3385 1938 ἄτοπον
3404 1900 3417 1914 ο
3466 1884 3651 1957 τοιαύτη

2137 1973 2283 2026 ἐστὶν
2307 1972 2340 2043 ἡ
2362 1971 2673 2045 ἀναστροφὴ
2704 1973 2801 2043 τῆς
2841 1973 3162 2046 Ἐκκλησίας
3192 1972 3525 2045 πιστευούσης
3544 1976 3648 2047 Χρι-

2138 2060 2246 2132 στῷ
2265 2100 2280 2124 ,
2314 2063 2348 2133 ἢ
2391 2062 2528 2133 μετὰ
2566 2063 2628 2117 τὸ
2667 2063 2960 2134 πορνεῦσαι
2988 2068 3099 2128 τοῖς
3125 2063 3360 2127 εἰδώλοις
3379 2104 3394 2130 ,
3419 2064 3649 2131 ἀποταξα-

2139 2152 2276 2224 μένη
2299 2153 2509 2218 τούτοις
2539 2155 2632 2208 καὶ
2654 2155 2731 2225 τῷ
2756 2154 3005 2227 διαϐόλῳ,
3034 2156 3131 2210 καὶ
3168 2156 3558 2228 ἀπολουσαμένη
3575 2159 3651 2220 τὰς

2136 2244 2438 2318 ἁμαρτίας,
2480 2244 2573 2299 καὶ
2601 2245 2840 2299 λαϐοῦσα
2874 2246 3094 2316 ἄφεσιν,
3128 2248 3282 2302 οὐδέν
3316 2266 3442 2320 φησι
3480 2265 3651 2320 πεπρα-

2135 2336 2291 2409 χέναι
2313 2336 2555 2403 ἄτοποι,

2204 2423 2301 2478 Διά
2342 2424 2510 2497 τριῶν
2540 2425 2741 2480 σείεται
2770 2428 2804 2498 ἡ
2835 2426 2908 2497 γῆ
2927 2442 2943 2457 ⁸
2981 2427 3068 2482 διὰ
3097 2427 3311 2501 Πατρὺς
3331 2467 3346 2492 ,
3388 2426 3538 2493 Υίοῦ,
3577 2427 3651 2479 καὶ

2134 2518 2289 2586 ἁγίου
2324 2517 2669 2589 Πνεύματοςο
2716 2520 2811 2573 καὶ
2854 2521 2915 2573 τὸ
2957 2520 3216 2591 τέταρτον
3248 2520 3308 2572 οὐ
3349 2518 3552 2573 δύναται
3577 2518 3651 2588 φέ-

2139 2629 2271 2684 ρειν,
2300 2611 2401 2683 τὴν
2427 2611 2660 2683 ἐσχάτην
2705 2609 3022 2680 ἐπιφάνειαν
3051 2611 3144 2665 τοῦ
3178 2609 3433 2684 Χριστοῦ.
3462 2641 3526 2651 -
3555 2608 3653 2661 Ἐὰν

2134 2703 2349 2775 οἰκέτης
2391 2702 2699 2776 βασιλεύσῃ.
2741 2703 2798 2755 ὐ
2842 2702 3058 2775 Ἰσραὴλ
3108 2704 3166 2757 ἐν
3212 2701 3465 2773 Αἰγύπτῳ
3507 2700 3655 2763 δοῦλος

2133 2793 2419 2867 γενόμενος
2437 2836 2452 2861 ,
2483 2796 2576 2849 καὶ
2603 2797 2660 2848 ἐν
2691 2797 2754 2866 τῇ
2778 2797 2847 2867 γῇ
2878 2796 2977 2867 τῆς
2999 2794 3330 2865 ἐπαγγελίας
3352 2792 3649 2866 βασιλεύσας.

2132 2889 2331 2941 -Καὶ
2376 2887 2563 2959 ἄφρων
2595 2886 2855 2958 πλησθεὶς
2890 2886 3091 2940 σιτίων.
3121 2885 3234 2957 Τὴν
3259 2886 3362 2957 γῆν
3395 2884 3450 2952 ἐξ
3477 2882 3656 2954 ἑτοίμου

2134 2978 2345 3041 λαϐὼν,
2388 2979 2482 3032 καὶ
2523 2977 2708 3048 φαγὼν
2742 2978 2835 3031 καὶ
2879 2976 3217 3050 ἐμπλησθεὶς
3248 2976 3578 3031 ἀπελάκτισε.
3602 3005 3657 3016 -

465 3076 589 3133 cilla
618 3075 667 3132 si
701 3072 969 3145 expulerit
997 3071 1184 3126 heram
1228 3085 1405 3126 suam.
1441 3069 1657 3125 Domini
1692 3071 2029 3128 interfectrix

2142 3072 2242 3126 Kal
2280 3070 2537 3141 παιδίσκη
2580 3069 2675 3123 ἐὰν
2720 3069 2954 3142 ἐκϐάλλῃ
2997 3068 3094 3140 τὴν
3124 3069 3328 3140 ἐαυτῆς
3369 3068 3570 3142 κυρίαν.
3605 3066 3656 3120 Ἥ

465 3181 760 3240 synagoga,
790 3162 993 3220 Christi
1019 3176 1237 3218 carnem
1262 3160 1408 3216 cruci
1434 3159 1654 3215 sullixit.

537 3344 662 3401 Tria
709 3350 838 3399 sunt
864 3338 1091 3395 minima
1124 3338 1178 3393 in
1227 3346 1400 3402 terra,
1428 3347 1483 3392 ct
1513 3338 1629 3393 haec
1657 3348 1786 3395 sunt
1817 3340 2033 3410 sapien-

464 3442 611 3496 tiora
643 3434 980 3506 sapientibus
1013 3451 1026 3486 :
1064 3430 1327 3494 formicae,
1361 3444 1493 3502 gens
1515 3428 1750 3496 inﬁrma,
1782 3446 1905 3500 quae
1936 3446 2032 3501 pa-

465 3540 588 3590 rant
638 3529 742 3587 sibi
790 3527 849 3582 in
898 3540 1075 3591 messe
1121 3522 1326 3580 cibum.
1383 3521 1583 3579 Gentes
1633 3522 1883 3578 similiter
1938 3539 2034 3593 per

464 3623 626 3680 ﬁdem
651 3621 707 3676 in
738 3618 1020 3676 Christum
1052 3621 1249 3685 parant
1275 3612 1381 3669 sibi
1414 3611 1581 3666 vitam
1607 3620 1865 3667 aeternam
1897 3625 2030 3681 ope-

465 3717 619 3773 ribus
652 3711 832 3770 bonis.
857 3704 1273 3778 Chterogryllii,
1304 3702 1537 3774 populus
1559 3716 1713 3773 aeque
1736 3701 2029 3767 invalidus,

463 3812 658 3864 curant
682 3802 786 3873 sibi
819 3802 875 3856 in
901 3808 1053 3871 petra
1093 3795 1317 3852 cubilia.
1364 3795 1566 3851 Gentes
1599 3809 1768 3865 super
1801 3794 2031 3867 spiritali

462 3899 642 3971 lapide
660 3895 880 3957 Christo
905 3891 1182 3948 :edillcatat
1210 3897 1370 3954 sunt,
1401 3888 1494 3958 qui
1544 3886 1720 3944 lactus
1750 3897 1835 3945 est
1861 3888 1915 3944 in
1943 3903 2033 3943 ca-

462 4001 564 4066 put
597 3988 804 4063 anguli.
835 3985 1027 4042 Stellio
1055 3981 1150 4054 qui
1192 3980 1445 4037 manihus
1478 3980 1727 4036 innititur
1747 4023 1763 4047 ,
1793 3990 1848 4038 et
1876 3980 2033 4037 facile

463 4084 709 4154 capitur,
734 4081 826 4136 hic
863 4086 1110 4133 moratur
1139 4074 1195 4128 in
1231 4087 1417 4144 regum
1447 4072 1709 4128 castellis.
1746 4071 1911 4129 Latro
1939 4089 2032 4128 ex-

462 4176 638 4234 tensis
665 4174 720 4229 in
745 4186 925 4229 cruce
946 4167 1201 4224 manibus
1227 4164 1553 4235 Christoque
1574 4164 1812 4235 innixus,
1842 4167 1897 4223 in
1935 4183 2030 4239 pa-

462 4267 649 4325 radiso
677 4263 917 4326 habitat,
970 4274 1093 4331 quae
1130 4268 1217 4316 est
1255 4273 1354 4313 arx
1384 4258 1553 4312 trium
1595 4274 1784 4329 regum
1817 4259 2029 4327 Patris,

462 4333 587 4409 Filii
620 4361 676 4409 et
706 4348 943 4422 Spiritus
975 4347 1172 4402 sancti.

2133 3162 2478 3235 κυριοκτόνος
2520 3161 2807 3233 συναγωγὴ
2854 3159 3211 3234 σταυρώσασα
3256 3161 3355 3233 τὴν
3386 3162 3551 3233 σάρκα
3581 3157 3657 3213 τοῦ

2132 3253 2388 3327 Χριστοῦ.

2205 3346 2459 3419 Τέσσαρα
2498 3344 2636 3398 είσὶν
2679 3342 2935 3414 ἐλάχιστα
2969 3342 3063 3396 ἐπὶ
3103 3342 3206 3413 τῆς
3249 3343 3386 3414 γῆς,
3424 3342 3580 3398 ταῦτα
3614 3339 3659 3393 δὲ

2131 3439 2241 3493 τῶν
2285 3435 2462 3508 σοφῶν
2509 3434 2818 3506 σοφώτεραο
2850 3436 2900 3489 οἱ
2957 3434 3247 3508 μύρμηκες
3286 3429 3369 3499 οἷς
3404 3436 3499 3488 οὐκ
3543 3433 3661 3486 ἔστιν

2137 3531 2287 3603 ἰσχὺς
2304 3571 2319 3596 ,
2341 3528 2712 3601 ἐτοιμάςονται
2741 3526 2931 3601 θέρους
2955 3526 3054 3598 τὴν
3081 3526 3308 3598 τροφήν.
3344 3526 3453 3580 Kal.
3475 3525 3537 3579 τὰ
3559 3522 3662 3593 ἔθνη

2131 3624 2221 3679 διά
2250 3624 2349 3696 τῆς
2390 3624 2470 3687 είς
2507 3621 2737 3694 Χριστὸν
2791 3618 3023 3682 πίστεως
3068 3617 3448 3689 ἑτοιμάζουσιν
3487 3612 3664 3676 ἑαυτοῖς

2132 3717 2229 3789 τὴν
2268 3714 2482 3770 αἰώνιον
2523 3711 2665 3785 ζωὴν
2703 3712 2769 3765 δι’
2815 3710 2988 3785 ἔργων
3019 3709 3259 3779 ἀγαθῶν.
3306 3710 3416 3764 Καὶ
3445 3711 3491 3763 οἱ
3519 3723 3665 3779 pipa-

2133 3805 2398 3880 γρύλλιοι.
2413 3804 2564 3868 ἔθνος
2582 3804 2680 3857 οὐκ
2710 3801 2946 3873 ἰσχυρὸν,
2963 3800 3222 3871 ἐποίησαν
3239 3803 3298 3855 ἐν
3328 3799 3547 3872 πέτραις
3565 3798 3667 3860 τοὺς

2135 3895 2342 3953 ἑαυτῶν
2378 3895 2578 3959 οἴκους.
2614 3893 2695 3947 Τὰ
2724 3892 2851 3963 ἔθνη
2899 3891 2992 3944 ἐπὶ
3033 3892 3099 3963 τῇ
3145 3892 3487 3963 πνευματικῇ
3524 3888 3669 3958 πέτρα

2134 3989 2354 4064 Χριστῷ
2385 3987 2778 4060 ᾠκοδόμηνται,
2799 3985 2920 4056 ἦτις
2951 3983 3181 4056 ἐγενήθη
3211 3986 3294 4048 είς
3323 3981 3556 4052 κεφαλὴν
3582 3995 3671 4048 γω-

2134 4086 2273 4149 νίας.
2325 4076 2741 4148 ’Λσκαλαϐώτης
2772 4074 2959 4146 χερσὶν
2990 4073 3334 4146 ἐρειδόμενος
3364 4073 3460 4127 καὶ
3497 4069 3672 4125 εὐάλω-

2135 4195 2223 4241 τος
2251 4175 2326 4228 ῶν
2344 4191 2359 4204 ·
2390 4164 2545 4235 οὗτος
2572 4170 2711 4223 οἰκεῖ
2741 4169 2799 4221 ἐν
2832 4165 3148 4241 ὀχυρώμασι
3178 4164 3464 4236 βασιλέων.
3506 4164 3559 4216 '0
3591 4161 3671 4231 λῃ-

2136 4268 2268 4339 στὴς
2313 4266 2372 4318 ἐν
2421 4263 2488 4333 τῇ
2539 4259 2757 4315 ἐκτάσει
2806 4257 2915 4312 τῶν
2963 4256 3160 4329 χειρῶν
3209 4256 3291 4328 τῷ
3340 4254 3553 4329 σταυρῷ
3595 4248 3671 4305 τοῦ

2135 4355 2368 4431 Χριστοῦ
2402 4351 2807 4425 ἐπερειδόμενος
2827 4391 2843 4416 ,
2872 4350 3010 4404 οἰκεῖ
3039 4350 3097 4403 ἐν
3126 4347 3203 4419 τῷ
3237 4348 3575 4421 παραδείσῳ,
3610 4341 3674 4411 τῷ

461 4447 780 4523 ὀχυρώματι
813 4442 924 4498 τῶν
970 4440 1136 4516 τριῶν
1180 4439 1475 4511 βασιλέων,
1512 4440 1725 4514 Πατρδς
1772 4445 1867 4498 καὶ
1900 4448 2030 4505 Υίοῦ
2068 4456 2162 4510 καὶ
2189 4452 2344 4522 ἁγίου
2370 4448 2702 4519 Πνεύματος.

536 4545 740 4615 Regem
768 4541 980 4603 locusta
1011 4551 1119 4593 non
1153 4536 1351 4603 habet,
1377 4545 1432 4591 et
1458 4543 1642 4593 tamen
1671 4548 1930 4611 tanquam
1963 4546 2030 4602 ad

2204 4550 2249 4582 σε
2294 4543 2665 4600 Ἀϐασίλευτον
2691 4543 2724 4612 ἡ
2752 4538 2931 4611 ἀκρὶς,
2952 4538 3046 4592 καὶ
3073 4534 3432 4609 ἐκστρατεύει
3461 4534 3548 4603 ἀφ’
3575 4529 3673 4591 ἑνὸς

465 4637 633 4711 unius
654 4636 874 4708 iussum
905 4632 961 4687 in
1002 4629 1176 4686 aciem
1217 4627 1481 4700 procedit.
1525 4628 1657 4686 Sine
1705 4648 1830 4704 rege
1872 4647 2029 4693 erant

462 4710 689 4800 gentes,
713 4725 844 4798 quia
876 4730 1099 4795 peccato
1129 4710 1287 4778 erant
1330 4720 1591 4791 subjectae
1621 4740 1636 4777 :
1670 4739 1817 4779 nunc
1849 4735 2030 4783 autem

464 4820 576 4877 Deo
614 4817 899 4876 credentes
925 4814 1204 4872 ctelestem
1229 4811 1479 4867 militiam
1508 4824 1780 4869 exercent.
1816 4847 1886 4859 —-
1903 4816 2030 4873 Tria

464 4921 595 4971 sunt
635 4926 759 4982 quae
801 4910 938 4966 bene
981 4907 1338 4979 gradiuntur,
1379 4917 1434 4962 et
1466 4916 1720 4978 quartum
1767 4909 1911 4979 quod
1949 4910 2033 4965 in-

465 5005 612 5061 cedit
652 5002 904 5060 feliciter.
936 5000 1128 5072 Angeli
1166 5001 1426 5056 nimirum
1460 5000 1516 5055 in
1546 5000 1734 5067 caelis,
1773 5002 1947 5057 sancti
1976 5003 2031 5058 in

467 5107 631 5162 terra,
664 5095 858 5150 anima:
877 5093 1151 5163 iustorum
1181 5092 1285 5147 sub
1312 5102 1477 5148 terra.
1513 5090 1804 5159 Quartum,
1837 5110 2033 5166 nempe

466 5191 562 5248 Dei
593 5188 832 5246 Verbum
878 5187 1260 5252 incarnatum,
1300 5185 1615 5255 pertransiit
1663 5184 1893 5243 feliciter
1936 5203 2033 5258 per

467 5281 709 5354 Virginis
749 5278 996 5344 vulvam;
1032 5277 1438 5347 rel‘ormatoque
1464 5276 1708 5344 Adamo,
1742 5280 2034 5346 pertransit

466 5376 729 5432 calorum
770 5374 996 5443 ianuam
1017 5410 1033 5438 ,
1065 5369 1319 5438 primitiae
1349 5369 1766 5426 resurrectionis
1796 5370 2032 5442 itemque

465 5463 803 5523 ascensionis
827 5459 1023 5517 factus.
1191 5516 1202 5525 ,

537 5555 737 5612 Leonis
780 5551 995 5607 catulus
1038 5548 1336 5605 bestiarum
1385 5547 1738 5606 lcrtissimus.
1779 5547 2031 5604 Christus

542 5737 580 5769 ⁶¹
604 5754 655 5795 v.
685 5736 772 5794 l9.
845 5738 891 5770 "
919 5737 981 5794 Β.
1005 5735 1046 5793 ῐ.
1073 5735 1139 5792 91

2135 4637 2501 4709 κελεύσματος
2534 4634 2829 4696 εὐτάκτως.
2878 4629 3230 4684 Ἀϐασίλευτα
3260 4623 3407 4699 ἦσαν
3430 4626 3499 4680 τά
3536 4623 3675 4691 ἔθνη,

2138 4731 2244 4786 ὑπὸ
2269 4729 2369 4801 τῆς
2395 4727 2664 4799 ἁμαρτίας
2693 4722 2800 4797 γάρ
2832 4720 3232 4775 ἐϐασιλεύοντοο
3262 4718 3363 4773 νῦν
3390 4718 3449 4772 δὲ
3479 4711 3675 4769 πιστεύ-

2140 4838 2332 4885 σαντες
2358 4818 2434 4891 τῷ
2473 4816 2591 4889 Θεῷ
2609 4856 2624 4880 ,
2656 4813 3033 4889 στρατεύονται
3057 4811 3153 4884 τὴν
3186 4809 3504 4883 ἐπουράνιον
3532 4822 3677 4877 στραο

2138 4910 2304 4965 τείαν.
2333 4940 2403 4950 -
2431 4906 2568 4979 Τρία
2601 4904 2746 4959 ἐστὶν
2769 4902 2805 4957 ἃ
2831 4901 3024 4966 εύόδως
3051 4899 3376 4973 πορεύεται,
3411 4897 3505 4952 καὶ
3533 4896 3589 4950 τὸ
3607 4892 3679 4947 τέ-

2139 5018 2335 5076 ταρτον
2384 5001 2414 5054 ὃ
2461 4998 2639 5062 καλῶς
2689 4995 2969 5050 διαϐαίνει.
3009 4992 3259 5062 Ἄγγελοι
3312 4994 3373 5045 ἐν
3419 4989 3678 5076 οὐρανοῖς.

2140 5073 2284 5162 ἅγιοι
2328 5089 2421 5143 ἐπὶ
2452 5088 2549 5158 τῆς
2591 5086 2693 5158 γῆς
2712 5127 2727 5152 ,
2760 5084 2927 5156 ψυχαὶ
2956 5081 3175 5136 δικαίων
3207 5081 3311 5134 ὑπὸ
3345 5080 3482 5151 γῆν·
3514 5073 3681 5132 καὶτὸ

2134 5186 2424 5257 τέταρτον,
2478 5181 2506 5233 ὁ
2551 5178 2681 5242 Θεὸς
2721 5177 2892 5245 Λόγος
2941 5173 3274 5246 σαρκωθεὶς,
3318 5170 3475 5241 διέϐη
3519 5164 3681 5226 καλῶς

2138 5281 2348 5350 μήτραν
2377 5271 2651 5346 Παρθένου
2669 5287 2683 5300 ·
2707 5268 3006 5349 ἀνάπλασιν
3029 5264 3119 5320 τοῦ
3157 5264 3324 5335 Ἀδὰμ
3357 5262 3679 5333 ποιούμενος,

2134 5366 2286 5436 διέϐη
2320 5363 2492 5426 πύλας
2522 5359 2783 5433 οὐρανῶν,
2817 5356 3039 5430 ἀπαρχὴ
3069 5355 3416 5420 ἀναστάσεως
3446 5354 3537 5406 καὶ
3566 5351 3679 5405 ἀνα-

2135 5457 2346 5531 λήψεως
2375 5455 2506 5509 πᾶσι
2538 5452 2843 5524 γενόμενος.

2207 5548 2450 5619 Σκύμνος
2481 5545 2693 5608 λέοντος
2728 5543 3070 5616 ἰσχυρότερος
3101 5539 3329 5611 κτηνῶν.
3363 5535 3597 5612 Χριστὸς
3626 5529 3677 5583 ἐν
