3876 6340
273 376 379 434 (’25
1403 369 1827 426 FRAGMENTA
1864 369 1933 427 IN
1970 366 2383 425 PROVEBBIA.
3398 365 3505 421 6'26

268 492 347 562 τῷ
381 490 555 563 Ἰούδα
581 491 687 544 ὑπὸ
720 488 913 545 Ἰακὼὸ
945 489 1435 562 προφητευόμενος.
1469 519 1538 529 ——
1574 488 1802 542 Ἀλέκτω

1915 542 1917 548 .
1944 489 1999 543 in
2028 486 2166 544 Juda
2196 503 2227 542 a
2250 485 2420 542 Jacob
2445 484 2755 563 praedictus.
2784 516 2855 525 —
2886 484 3074 540 Gallus
3110 484 3251 541 inter
3271 483 3504 540 feminas

267 583 590 652 περιπατῶν
607 586 664 635 ὲν
692 581 929 654 θηλείαις
941 581 1206 652 εὐψύχως.
1227 581 1433 645 Παῦλος
1465 582 1524 634 ὲν
1547 584 1667 644 ταῖς
1718 581 1802 634 Ἐκ

1943 578 2204 635 incedens
2252 576 2525 633 alacriter.
2573 574 2775 630 Paulus
2820 575 2874 630 in
2925 574 3184 631 Ecclesiis
3239 573 3505 643 intrepide

265 670 522 741 κλησίαις
567 670 860 743 προθύμως
908 671 1196 743 κηρύσσων
1241 672 1334 725 τὸν
1382 671 1536 740 λόγον
1603 672 1802 743 Χριστο

1940 669 2244 738 praedicans
2266 667 2566 723 doctrinam
2588 666 2795 722 Christi
2814 663 3199 721 Dei.-—llircus
3211 680 3500 734 caprarum

260 761 355 814 τοῦ
390 762 553 816 Θεοῦ.
587 791 656 801 -
686 762 899 833 Τράγος
945 761 1242 833 ἡγούμενος
1286 760 1555 815 αἰπολίου.
1593 762 1650 813 '0
1699 761 1802 814 ύπὲ

1938 761 2077 816 dux.
2111 759 2256 816 ldem
2298 758 2553 815 Christus
2580 768 2803 829 propter
2830 756 3018 813 mundi
3058 765 3278 827 peccata
3306 757 3503 811 immo-

256 851 367 906 τῶν
395 852 683 924 ἁμαρτιῶν
712 853 805 907 τοῦ
831 854 1035 925 κόσμου
1072 852 1556 922 ἀγιασθείς.-Καὶ
1589 853 1802 924 βασιλεῦ

1937 853 2099 910 latus.
2119 882 2191 894 —
2205 852 2271 908 Et
2287 868 2382 908 rex
2401 851 2734 908 concionans
2757 850 2812 905 in
2831 850 3047 920 populo.
3071 848 3321 905 Christus
3335 862 3500 918 super

254 940 597 1013 δημηγορῶν
649 944 708 997 ὲν
756 943 929 997 ἔθνει·
979 944 1215 1015 Χριστὸς
1263 943 1584 1016 βασιλεύσας
1629 945 1722 999 ἐπὶ
1769 963 1801 999 τ

1940 952 2132 1015 gentes
2181 958 2448 1015 regnans,
2514 941 2773 1013 praedicat
2839 957 2935 1011 per
2993 941 3278 1010 prophetas
3333 948 3497 1011 atque

254 1029 387 1102 ἔθνη
411 1071 429 1097 ,
470 1032 772 1104 δημηγορεί
802 1033 891 1088 διὰ
921 1033 1214 1106 προφητῶν
1246 1035 1341 1088 καὶ
1389 1034 1701 1089 ἀποστόλων
1746 1034 1802 1089 τὸ

1938 1036 2214 1107 apostolos
2235 1035 2536 1091 doctrinam
2566 1032 2829 1088 veritatis.

251 1119 418 1189 λόγον
440 1121 546 1192 τῆς
575 1122 852 1195 ἀληθείας.

322 1212 373 1243 ⁸³
402 1213 512 1268 Τὸν
546 1217 920 1287 πεποιωμένον
941 1216 999 1269 ὲν
1026 1219 1092 1287 τῇ
1117 1217 1284 1287 κακία
1307 1234 1321 1247 ·
1350 1219 1379 1270 ὁ
1402 1216 1459 1270 δὲ
1498 1217 1831 1281 Ἀπόστολος,

256 1300 411 1367 Τοὺς
470 1302 951 1373 ἁμαρτάνοντας,
1017 1305 1181 1374 φησὶν
1199 1345 1215 1372 ,
1277 1305 1536 1360 ἐνώπιον
1593 1305 1832 1363 πάντων

246 1392 472 1463 ἔλεγχε
490 1410 506 1423 ·
538 1394 629 1448 τὸν
673 1396 1011 1478 ἑκςραπὲντα
1066 1396 1199 1467 πρὸς
1229 1396 1424 1466 ὀλίγον.
1442 1426 1509 1435 -
1537 1398 1580 1430 ⁸⁵
1604 1396 1757 1462 Τίνες
1778 1398 1830 1450 oi

246 1486 654 1556 χοιρογρύλλιοι
675 1528 690 1551 ,
732 1487 847 1540 ἀλλ’
889 1487 923 1559 ἢ
961 1490 1159 1559 ήμείς;
1189 1489 1238 1542 οἳ
1273 1489 1527 1559 ἐοίκαμεν
1560 1487 1689 1542 ποτὲ
1719 1488 1829 1559 χοί-

248 1590 371 1643 ροις
392 1613 410 1638 ,
444 1575 509 1627 ὲν
540 1575 687 1647 πάσῃ
720 1575 961 1647 ῥυπαρία
992 1576 1084 1630 τοῦ
1118 1577 1322 1648 κόσμου
1348 1575 1825 1648 ἀναστρεφόμενοι,

242 1663 369 1715 νυνὶ
412 1663 473 1717 δὲ
524 1666 912 1730 πιστεύσαντες
955 1667 1191 1740 Χριστῷ,
1216 1667 1672 1740 ὲποικοδομοῦμεν
1702 1670 1826 1733 τοὺς

240 1753 467 1807 ἑαυτῶν
515 1754 694 1821 οἴκους
736 1758 828 1811 ἐπὶ
870 1757 969 1829 τὴν
1014 1758 1175 1827 ἁγίαν
1227 1760 1404 1831 σάρκα
1434 1758 1701 1831 Χριστοῦ,
1748 1760 1825 1825 ὡς

238 1844 340 1896 ἐπὶ
374 1845 607 1918 πέτραν.

311 1938 361 1966 ⁸⁷
402 1938 462 1990 ὐ
494 1940 714 2009 σεισμὸς
743 1940 895 2010 δηλοῖ
925 1940 1022 2013 τὴν
1045 1941 1137 1994 ἐπὶ
1160 1939 1262 2010 γῆς
1290 1939 1629 2011 πραγμάτων
1657 1958 1821 2010 μετσθ

235 2026 451 2100 ϐολήν·
487 2033 521 2101 ἡ
554 2030 795 2103 ἁμαρτία
827 2033 1004 2087 τοίνυν
1048 2031 1207 2104 δούλη
1235 2029 1372 2085 οὖσα
1402 2032 1595 2101 φύσει,
1634 2032 1820 2097 ἐϐασίτ

232 2115 440 2171 λευσεν
488 2120 548 2172 ὲν
588 2119 666 2190 τῷ
698 2120 873 2193 θνητῷ
902 2121 1013 2175 τῶν
1059 2120 1360 2193 ἀνθρώπων
1392 2120 1635 2192 σώματι,
1671 2121 1819 2187 ἅπαξ

232 2208 340 2279 μὲν
375 2209 473 2263 ἐπὶ
499 2209 591 2264 τοῦ
625 2211 1002 2284 κατακλυσμοῦ
1024 2230 1039 2245 ·
1056 2214 1303 2286 δεύτερον
1334 2212 1428 2267 ἐπὶ
1454 2213 1564 2266 τῶν
1589 2213 1813 2285 Σοδομι-

228 2301 372 2366 τῶν,
408 2302 486 2374 μὴ
518 2301 852 2371 ὲνεγκάντων
887 2304 986 2375 τὴν
1008 2304 1264 2376 εὐφορίαν
1296 2303 1395 2373 τῆς
1418 2303 1542 2374 γῆς,
1566 2302 1699 2358 ἀλλὰ
1721 2306 1816 2358 καί

229 2393 369 2457 τοὺς
414 2391 603 2458 ξένους
650 2392 1025 2463 βιασαμένων·
1075 2394 1255 2464 τρίτον
1296 2395 1389 2449 ἐπὶ
1434 2394 1534 2465 τῆς
1582 2396 1814 2466 μισητῆς

225 2483 520 2553 Αἰγύπτου
552 2486 649 2556 τῆς
680 2485 948 2559 λαχούσης
980 2485 1149 2559 ἄνδρα
1186 2486 1277 2540 τὸν
1328 2486 1555 2558 Ἰωσὴφ,
1593 2503 1810 2558 σιτομε-

225 2575 479 2649 τροῦντα
511 2578 705 2641 πᾶσιν,
741 2579 827 2631 ἵνα
864 2578 938 2649 μὴ
974 2577 1308 2649 διαφθαρῶσι
1340 2577 1509 2650 λιμῷ·
1555 2577 1668 2632 ἀλλ’
1711 2580 1812 2632 οὐκ

225 2669 440 2738 ἦνεγκε
476 2667 575 2739 τὴν
602 2670 874 2740 εὐτυχίαν,
902 2670 982 2733 είς
1012 2671 1139 2734 τοὺς
1163 2671 1312 2734 υίοὺς
1356 2669 1567 2743 Ἰσραὴλ
1596 2670 1812 2743 ἐξυϐρί-

226 2761 706 2825 σασα.-οίκέτις
737 2761 792 2814 δὲ
820 2761 1118 2816 ἐκϐαλοῦσα
1145 2762 1244 2834 τὴν
1276 2763 1472 2833 ἑαυτῆς
1503 2763 1803 2816 δέσποιναν·

221 2851 260 2919 ἡ
292 2849 357 2916 ἐξ
391 2849 564 2903 ἐθνῶν
601 2850 923 2922 Ἐκκλησία,
965 2853 998 2923 ἡ
1045 2850 1204 2923 δούλη
1236 2848 1368 2906 οὖσα
1401 2854 1501 2925 καὶ,
1525 2852 1649 2924 ξένη
1698 2853 1807 2907 τῶν

223 2940 614 3009 ἐπαγγελιῶν,
657 2942 757 3014 τὴν
812 2944 1056 3012 εὐγενίδα
1101 2944 1196 2999 καὶ
1244 2944 1438 3013 κυρίαν
1469 2945 1798 3018 Συναγωγὴν

224 3032 572 3098 ὲκὸαλοῦσα,
596 3034 785 3104 γέγονε
819 3035 980 3107 κυρία
1012 3036 1107 3089 καὶ
1134 3036 1195 3089 νύ
1205 3053 1319 3106 μερη
1350 3036 1807 3107 Χριστοῦ.-Δια

225 3119 448 3191 Πατρός
470 3160 487 3185 ,
543 3120 637 3174 καὶ
686 3121 847 3186 Υἰοῦ,
896 3124 988 3177 καὶ⁸
1035 3124 1190 3192 ἁγίου
1238 3123 1550 3197 Πνεύματος
1600 3125 1804 3180 σείεται

2005 1210 2313 1265 Stabilttum
2338 1206 2392 1263 in
2427 1208 2689 1279 nequitia.
2715 1205 3008 1285 A‘postolus
3039 1205 3493 1273 autem,P¢ccan-

1931 1312 2005 1358 tes
2026 1341 2042 1367 ,
2065 1302 2240 1372 inquit
2254 1300 2319 1368 “,
2363 1315 2542 1354 coram
2572 1299 2812 1353 omnibus
2841 1314 3023 1368 argue.
3054 1294 3151 1352 Vel
3176 1294 3336 1352 facile
3363 1312 3489 1367 per-

1927 1407 2171 1447 versum.
2199 1420 2271 1432 -—
2300 1388 2533 1456 Quinam
2573 1397 2703 1445 sunt
2744 1387 3149 1459 elicerogryllii,
3198 1386 3307 1443 nisi
3352 1402 3486 1452 nos.

1928 1485 2023 1555 qui
2054 1484 2183 1538 olim
2215 1482 2423 1538 similes
2447 1480 2638 1537 suibus
2674 1495 2923 1544 eramus,
2957 1489 3010 1535 et
3043 1478 3098 1534 in
3140 1479 3290 1534 omni
3324 1478 3489 1548 hujus

1926 1573 2115 1628 mundi
2144 1571 2407 1642 spurcitia
2435 1568 2852 1625 volutabamur?
2893 1569 2988 1625 sed
3024 1584 3169 1625 nunc
3200 1577 3485 1640 postquam

1925 1662 2140 1719 Christo
2200 1660 2564 1725 credidimus,
2628 1659 2961 1716 aediﬁcamus
3019 1659 3213 1715 domos
3265 1668 3485 1715 nostras

1925 1771 2089 1825 super
2139 1762 2383 1808 sanctam
2426 1751 2629 1807 Christi
2672 1768 2890 1808 carnem
2914 1752 2979 1819 “,
3016 1759 3277 1824 tanquam
3321 1765 3484 1822 super

1849 1850 1892 1904 Β
1921 1853 2150 1916 petram.

1991 1933 2174 1990 Terra:
2207 1943 2389 1991 motus
2421 1935 2691 2004 signiﬁcat
2715 1951 2899 1991 rerum
2932 1936 2987 1991 in
3015 1936 3219 1991 mundo
3252 1950 3482 1991 conver-

1918 2026 2150 2080 sionem.
2180 2025 2469 2081 Peccatmn
2503 2026 2707 2097 itaque,
2736 2025 2882 2098 quod
2913 2033 3103 2095 suapte
3136 2035 3327 2081 natura
3372 2032 3482 2082 scr-

1916 2117 2024 2172 vile
2043 2126 2148 2182 est,
2180 2118 2429 2188 regnavit
2468 2117 2525 2173 in
2546 2133 2776 2190 corpore
2802 2117 3085 2172 hominum
3117 2117 3360 2181 mortali,
3388 2131 3478 2173 se—

1914 2207 2022 2262 mel
2043 2208 2261 2278 quidem
2280 2207 2468 2263 diluvii
2495 2216 2757 2278 tempore,
2779 2207 2973 2262 iterum
2993 2207 3138 2278 apud
3162 2205 3476 2262 Sodomitas

1914 2299 2007 2368 qui
2030 2308 2187 2355 terra:
2203 2297 2477 2356 fertilitate
2493 2314 2599 2355 non
2626 2297 2888 2365 contenti,
2918 2298 3224 2370 hospitibus
3246 2312 3468 2368 quoque

1915 2393 2021 2446 vim
2069 2390 2366 2457 faciebant;
2421 2390 2579 2446 tertio
2631 2390 2867 2462 denique
2904 2390 2960 2444 in
3008 2405 3175 2447 exosa
3208 2388 3475 2462 Egypto,

1911 2500 2034 2555 qua:
2057 2492 2216 2540 nacta
2241 2484 2418 2540 virum
2442 2483 2763 2555 Josephum,
2788 2484 2999 2540 cunctis
3021 2484 3263 2541 triticum
3288 2484 3475 2541 distrl-

1912 2576 2166 2631 buentem
2196 2590 2263 2630 ne
2294 2574 2438 2630 fame
2464 2576 2737 2645 perirent,
2771 2590 2881 2629 nou
2917 2575 3037 2629 tulit
3089 2576 3361 2646 sapienter
3390 2575 3471 2631 fe.-

1911 2667 2165 2721 licitatem
2196 2681 2375 2732 suam,
2394 2664 2535 2721 ﬁlios
2563 2665 2780 2723 lsraelis
2800 2665 2999 2734 injuria
3024 2665 3472 2722 aﬁiciens.-—An-

1908 2761 2032 2816 cilla
2056 2776 2185 2815 vero
2214 2759 2488 2830 expellens
2516 2759 2793 2815 dominam
2816 2756 3090 2814 :Eeclesia
3111 2775 3179 2815 ex
3211 2759 3462 2830 gentibus

1906 2863 2018 2918 est,
2053 2867 2173 2922 quae
2204 2851 2399 2906 ancilla
2438 2866 2562 2906 eum
2589 2859 2736 2906 esset
2766 2860 2819 2905 et
2854 2859 3113 2915 extranea
3151 2850 3467 2919 promissio-

1906 2946 2104 3012 nibus,
2149 2943 2387 2998 nobilem
2428 2952 2483 2998 et
2512 2942 2789 2997 dominam
2828 2941 3169 3014 Synagogam
3212 2942 3467 3013 ejiciens,

1906 3036 2046 3093 facta
2074 3046 2157 3092 est
2188 3037 2408 3092 domina
2436 3043 2489 3091 et
2526 3050 2726 3105 sponsa
2746 3032 3091 3089 Christi.—A
3109 3032 3269 3088 Patre
3295 3041 3350 3087 et
3377 3031 3469 3086 Fi-

1906 3130 1979 3183 lio
2026 3141 2081 3182 ct
2127 3137 2317 3184 sancto
2360 3127 2562 3198 Spiritu
2625 3135 2767 3181 terra
2836 3125 3089 3179 universa
3137 3124 3464 3181 concutitur.

227 3211 383 3263 πᾶσα
424 3212 462 3281 ἠ
500 3212 604 3282 γῆ·
648 3212 709 3266 τὸ
746 3214 1002 3286 τέταρτον
1045 3214 1106 3267 ού
1152 3196 1624 3288 δύναταιςφέρειν·
1669 3212 1801 3288 ἦλθε

1915 3218 2167 3286 Quartum
2201 3217 2342 3272 ferre
2370 3196 2477 3273 non
2508 3225 2702 3286 potest.
2717 3214 2873 3269 Venit
2892 3214 3067 3283 primo
3087 3230 3181 3285 per
3196 3213 3469 3285 legislatu-

227 3303 302 3370 τὰ
309 3321 339 3375 ρ
353 3304 415 3358 τὸ
433 3304 537 3375 μὲν
550 3305 764 3378 πρῶτον
778 3307 864 3361 διὰ
879 3307 1366 3379 νομοδιδασκάλων·
1383 3309 1632 3381 δεύτερον
1645 3310 1701 3364 δὲ
1715 3310 1803 3365 διὰ

229 3396 546 3467 προφητῶν·
559 3398 737 3470 τρίτον
755 3398 844 3453 διὰ
867 3400 960 3452 τοῦ
978 3402 1307 3469 Εὐαγγελίου
1340 3403 1527 3456 ἑαυτὸν
1554 3404 1801 3475 φανερῶς

228 3487 538 3551 ἐπιδεικνύς
553 3503 568 3515 '
587 3488 840 3562 τέταρτον
856 3491 1044 3563 κριτὴς
1068 3492 1281 3557 ζώντων
1309 3493 1402 3547 καὶ
1422 3494 1630 3565 νεκρῶν
1646 3496 1799 3566 ἐρχό-

233 3597 421 3649 μενος·
451 3574 515 3633 cii
548 3580 645 3653 τὴν
674 3581 831 3649 Msa»
858 3583 1115 3656 σύμπασα
1144 3585 1318 3650 κτίσις
1347 3587 1406 3639 ού
1433 3586 1505 3658 μὴ
1534 3586 1795 3658 βαστάξῃ.

1906 3324 2023 3375 res;
2056 3306 2297 3362 secundo
2332 3322 2424 3377 per
2454 3307 2772 3377 prophetas;
2800 3305 2957 3361 tertio
2990 3321 3082 3376 per
3113 3304 3462 3378 Evangelium

1903 3403 2020 3470 ipse
2042 3408 2213 3455 semet
2236 3399 2413 3468 palam
2444 3397 2754 3452 ostendens.
2781 3396 2986 3463 Quarto
3015 3396 3180 3466 judcx
3213 3391 3461 3481 vivoriqp

1903 3502 1959 3548 et
1980 3501 2321 3547 mortuorum
2348 3490 2560 3553 veniet,
2586 3489 2743 3560 cujus
2768 3489 2994 3560 gloriam
3028 3489 3279 3544 universa
3311 3481 3461 3545 crea-

1907 3594 2025 3638 tura
2058 3582 2199 3637 ferre
2231 3596 2339 3636 non
2370 3580 2586 3650 poterit.

1503 3791 1696 3855 Aliud
1750 3793 2193 3874 fragmentum.

1625 3918 1727 3989 (Ex
1759 3916 2031 3986 Galland.)

231 4032 337 4087 Τοῦ
394 4030 574 4102 ἁγίου
635 4031 985 4089 Ἱππολύτου
1044 4034 1212 4089 πὰπα
1265 4034 1490 4105 Ῥώμης
1546 4039 1635 4105 εις
1688 4031 1777 4086 τό·

459 4140 478 4173 ι
500 4123 689 4191 Σοφία
713 4123 1098 4193 ᾠκοδόμησεν
1123 4124 1305 4195 ἑαυτῇ
1333 4123 1520 4181 οἷκον.
1552 4146 1571 4178 ι

288 4214 559 4283 Χριστὸς,
580 4215 761 4284 φησὶν,
782 4217 817 4286 ἡ
849 4214 943 4269 τοῦ
970 4215 1104 4270 Θεοῦ
1138 4216 1232 4270 καὶ
1263 4218 1476 4290 Πατρὸς
1506 4218 1669 4286 σοφία
1701 4219 1793 4271 καὶ

219 4302 478 4372 δύναμις,
519 4302 864 4375 ᾠκοδόμησεν
893 4307 1055 4377 ἑαυτῇ
1088 4299 1257 4370 οἶκον,
1290 4307 1387 4379 τὴν
1419 4310 1483 4361 ἐκ
1515 4307 1794 4379 Παρθένου

225 4395 534 4465 σαρκωσιν,
568 4394 752 4459 καθὼς
783 4396 1141 4469 προείρηκεν·
1182 4398 1236 4450 '0
1261 4401 1451 4469 Λόγος
1483 4399 1640 4468 σὰρξ
1663 4400 1790 4471 ἐγέ-

1900 4036 1960 4091 8.
1990 4033 2262 4104 Hippolyti
2283 4033 2394 4103 (29.)
2430 4047 2582 4104 papre
2606 4029 2831 4104 Romam
2849 4032 2916 4104 in
2941 4030 3077 4104 illud
3100 4030 3257 4087 Prov.
3283 4050 3360 4101 rx,
3386 4038 3408 4092 l
3437 4058 3451 4091 :

2136 4127 2153 4156 ε
2181 4100 2455 4173 Sapientia
2482 4100 2764 4170 wdiﬁcavit
2790 4102 2890 4155 sibi
2919 4102 3152 4157 domum.
3186 4120 3206 4154 ι

1966 4218 2238 4283 Christus,
2274 4217 2469 4287 inquit,
2495 4215 2588 4273 Dei
2608 4228 2661 4272 et
2690 4215 2868 4272 Patris
2892 4216 3156 4286 sapientia
3182 4225 3237 4273 et
3261 4220 3449 4287 virtus,

1894 4308 2180 4364 aediﬁcavit
2212 4308 2315 4363 sibi
2340 4307 2563 4362 domum
2583 4349 2599 4375 ,
2625 4321 2843 4363 carnem
2870 4321 2941 4363 ex
2967 4305 3206 4378 Virgine,
3231 4318 3290 4365 ut
3315 4324 3451 4379 prae-

1894 4400 2104 4454 dixerat
2133 4400 2247 4469 (25)
2275 4414 2289 4451 :
2338 4398 2558 4453 Verbum
2593 4416 2715 4453 caro
2742 4399 2941 4468 factum
2971 4408 3078 4465 est,
3110 4409 3162 4455 et
3193 4400 3448 4457 habitavit

221 4500 354 4538 rato
374 4524 392 4549 ,
437 4484 540 4538 καὶ
570 4485 925 4556 ἐσκήνωσεν
947 4489 1017 4542 ἐν
1046 4489 1210 4558 ἡμῖν.
1262 4491 1348 4553 Ὣς
1394 4494 1659 4564 μαρτυρεῖ
1697 4493 1790 4545 καὶ

1915 4509 1949 4545 ιι
1983 4492 2130 4547 nobis
2146 4492 2210 4546 “'.
2262 4489 2377 4547 Hoc
2421 4491 2563 4546 idem
2598 4491 3033 4563 sapientissimus
3066 4500 3293 4547 testatur
3322 4508 3452 4563 pro-

220 4579 249 4631 ό
284 4578 450 4648 σοφὸς
495 4580 801 4651 προφήτης·
846 4581 911 4634 Ἦ
945 4582 1052 4653 πρὸ
1090 4582 1183 4635 τοῦ
1226 4582 1453 4646 αἰῶνος,
1500 4584 1653 4654 φησὶ,
1694 4587 1789 4638 καὶ

220 4670 527 4743 παρεκτικὴ
555 4671 729 4743 ζωῆς,
751 4674 785 4744 ή
813 4672 1038 4745 ἄπειρος
1066 4675 1252 4743 σοφία
1283 4674 1375 4728 τοῦ
1402 4674 1536 4728 Θεοῦ
1568 4675 1785 4742 ᾠκοδό-

213 4779 369 4831 μησε
390 4762 502 4816 τὸν
521 4757 689 4816 οἷκον
711 4764 896 4832 ἑαυτῇ
921 4764 979 4831 ἐξ
1002 4766 1363 4837 ἁπειράνδρου
1398 4768 1630 4839 μητρὸς,
1659 4768 1785 4822 ναὸν

218 4853 342 4921 γοῦν
386 4854 717 4923 σωματικῶς
756 4855 1128 4927 περιθέμενος.
1180 4858 1290 4912 Καὶ
1326 4859 1603 4927 ὑπῄρησε
1642 4860 1785 4913 στύ-

216 4948 361 5012 λους
393 4944 566 4998 ἑπτά·
606 4945 704 5016 τὴν
734 4946 826 4999 τοῦ
868 4948 1131 5017 παναγίου
1170 4949 1479 5018 Πνεύματος
1513 4949 1736 5004 εὐωδίαν
1756 4990 1772 5015 ,

215 5034 285 5100 ῶς
326 5052 495 5107 φησιν
542 5036 797 5101 Ἡσαΐας·
842 5037 953 5091 Καὶ
995 5038 1400 5093 ἀναπαύσεται
1446 5040 1539 5092 ἐπ’
1592 5035 1781 5094 αὐτόν

1891 4584 2050 4654 pheta
2082 4584 2225 4656 (24):
2250 4581 2380 4650 Quae
2408 4592 2533 4637 ante
2563 4584 2761 4637 saecula
2791 4584 2913 4650 fuit,
2946 4583 3141 4654 inquit,
3170 4595 3224 4639 et
3248 4586 3450 4655 praebet

1890 4677 2146 4732 omnibus
2212 4676 2409 4742 vitam,
2460 4675 2668 4729 inﬁnita
2715 4673 2812 4730 Dei
2854 4676 3115 4746 sapientia
3166 4677 3449 4749 ardiﬁcavit

1889 4765 1993 4817 sibi
2015 4766 2229 4817 domum
2253 4779 2315 4819 ex
2347 4772 2520 4819 matre
2542 4764 2719 4818 virum
2747 4764 2888 4819 haud
2920 4774 3163 4834 experta,
3186 4768 3444 4838 templum

1890 4855 2246 4925 corporaliter
2279 4855 2530 4911 induens.
2566 4854 2635 4909 Et
2676 4855 2864 4909 extruit
2906 4856 3018 4927 (25)
3057 4857 3327 4913 columnas
3359 4877 3447 4914 se-

1884 4955 2025 5013 ptem
2052 4960 2071 4998 :
2107 4945 2445 4999 sacrosancti
2496 4945 2734 5014 Spiritus
2780 4943 2922 4997 dona
2976 4944 3443 5016 fragrantissima.

1882 5040 2027 5095 sicut
2060 5038 2136 5093 ait
2168 5037 2334 5092 Isaias
2366 5056 2379 5092 :
2413 5036 2483 5091 Et
2524 5037 2839 5107 requiescant
2886 5055 3041 5108 super
3087 5056 3205 5093 eum
3250 5050 3441 5110 septem

280 5176 327 5207 “
350 5176 467 5249 Gr._
484 5193 604 5246 cap.
638 5194 785 5249 xxvii
807 5220 823 5244 ,
857 5177 947 5232 9.2.
1024 5180 1071 5211 “
1099 5179 1119 5233 l
1148 5179 1287 5236 Tim.
1327 5199 1379 5248 v,
1440 5182 1529 5237 20.
1608 5182 1651 5215 ⁸⁸
1677 5199 1726 5234 v.
1761 5180 1851 5235 ‘36.
1928 5181 1973 5211 ⁶⁶
1997 5197 2043 5236 s.
2066 5179 2378 5235 communio
2412 5179 2465 5233 in
2496 5178 2785 5249 baptismo.
2863 5181 2907 5211 "
2942 5196 2994 5235 v.
3027 5182 3114 5237 3L
3146 5181 3211 5243 Α..
3240 5180 3277 5236 f.
3313 5181 3436 5247 “2,

228 5257 254 5293 ει
276 5284 290 5299 .
365 5248 413 5277 ⁸⁸
440 5245 601 5302 Joan.
632 5264 670 5310 ι,
708 5248 793 5301 Μ.

278 5382 395 5453 (‘22)
438 5381 592 5438 Hunc
640 5384 819 5437 locum
858 5384 1022 5442 debes

1058 5389 1316 5457 prmclaru
1365 5401 1416 5444 et
1461 5390 1775 5446 cultissimis

208 5452 475 5508 doctrinae
509 5453 624 5530 viro
672 5452 1072 5530 Christophom'
1115 5458 1365 5530 Matthaco
1410 5459 1629 5525 Plaﬂio,
1680 5462 1771 5530 qui

1947 5390 2061 5464 (23)
2100 5389 2427 5464 Praedixerat
2468 5390 2706 5464 Joarmes
2768 5391 3027 5464 nimirum
3071 5394 3434 5464 evangelista,

1878 5462 1931 5515 in
1956 5460 2133 5535 Cujus
2153 5461 2332 5535 locum
2356 5460 2644 5535 quemdam
2676 5462 2789 5535 haec
2823 5462 2892 5535 ab
2924 5460 3433 5535 Hippolyto—scripta

206 5538 376 5599 gum,
421 5538 546 5599 cum
589 5524 705 5599 [nec
744 5524 1188 5599 'excuderentur,
1238 5528 1422 5586 Graece
1467 5546 1533 5585 ex
1588 5524 1774 5586 codice
1875 5546 1998 5585 esse
2022 5524 2175 5585 'mihi
2221 5524 2549 5599 persuadeo,
2597 5530 2721 5585 licet
2766 5532 2819 5585 in
2857 5524 3275 5589 Proverbiorum
3316 5524 3430 5591 loca

210 5591 539 5670 Taurinensi
584 5592 665 5670 82_
685 5603 937 5670 excerpta
974 5598 1122 5670 varia
1164 5591 1405 5670 veterum
1439 5600 1763 5668 scriptorum
1876 5602 2037 5655 etiam
2072 5591 2495 5670 commentatum
2517 5591 2628 5668 jam
2653 5615 2812 5670 supra
2840 5602 3038 5658 notavi.
3071 5601 3145 5657 1ο.

207 5664 603 5733 complectente
635 5663 966 5733 descriptum
997 5668 1144 5721 misit
1173 5666 1397 5723 Parisiis
1426 5670 1491 5723 ad
1517 5663 1762 5727 doctissi-

212 5749 362 5854 ἱῃυιιι
393 5731 655 5804 collegam
690 5731 868 5789 meum
900 5733 982 5790 Jo.
1017 5737 1471 5808 Christophorum
1498 5739 1772 5797 Wolﬁnm.

253 5819 433 5857 suum.

1946 5670 2059 5745 (ἓξ)
2102 5669 2356 5725 Salomon
2380 5711 2394 5733 ,
2425 5670 2582 5739 cujus
2611 5669 2866 5741 deinceps
2907 5673 3070 5728 verba
3112 5673 3433 5745 interpreta—

1877 5738 1985 5794 tur.
2022 5738 2096 5793 lo.

1948 5810 2058 5881 {25}
2096 5810 2177 5865 Al.
2218 5811 2508 5883 ύπήρεισε,
2541 5811 2755 5866 excidit.
2796 5811 2872 5866 lu.
