3876 6340
373 357 477 414 637

1254 361 1313 417 S.
1355 355 1719 416 HIPPDLYTI
1769 357 1922 414 OPP.
1965 354 2143 412 PARS
2168 355 2207 412 1.
2240 389 2310 400 -
2343 357 2750 416 EXEGETICA.

3527 361 3638 417 628

370 477 589 545 spiritus
620 477 716 533 Dei
732 480 794 533 ⁸³.
825 478 928 533 Alii
954 488 1157 550 septem
1189 479 1478 534 columnas
1495 477 1683 534 dicunt
1711 492 1832 533 esse
1858 491 1944 532 se-
1976 521 1982 535 ι

2059 473 2197 528 ἑπτὰ
2221 477 2534 546 πνεύματα·
2553 476 2662 530 τοῦ
2689 477 2858 535 Θεοῦ.
2884 476 3064 530 Ἄλλοι
3106 477 3162 531 δὲ
3198 477 3452 547 λέγουσιν
3495 474 3639 533 εἶναι

376 579 522 638 ptem
576 571 792 626 divinos
836 571 1056 627 ordines
1098 573 1300 643 quibus
1349 587 1444 642 per
1492 580 1737 628 sanctam
1785 579 1948 640 atque

378 662 698 732 inspiratam
732 663 994 720 divinitus
1036 664 1156 734 ejus
1188 665 1492 720 doctrinam
1544 671 1795 720 creatura
1825 679 1948 718 sus-

375 762 655 820 tentatur,
688 753 789 808 hoc
823 761 908 808 est
943 754 1272 824 praplietas,
1314 754 1625 824 apostolos,
1655 762 1947 826 martyres,

374 843 692 899 hierarchas
725 843 842 899 sive
865 845 1198 908 sacerdotes,
1223 855 1461 910 ascetas,
1479 853 1721 911 sanctos,
1742 843 1948 914 iustos—

371 951 497 1005 que.
533 934 668 991 lllud
699 952 858 1003 vero,
889 937 1186 992 immolavit
1214 938 1455 993 victimas
1481 954 1630 1002 suas,
1658 937 1949 1007 prophetas

370 1027 595 1083 denotat
644 1036 699 1083 et
739 1036 1008 1100 martyres
1053 1029 1148 1100 qui
1193 1029 1245 1084 in
1289 1029 1438 1085 nulla
1481 1044 1590 1083 non
1635 1028 1853 1084 civitate
1895 1035 1950 1082 et

373 1119 596 1191 regione
649 1121 719 1175 ab
777 1121 1088 1178 infidelibus
1145 1122 1330 1178 ovium
1400 1121 1573 1178 instar
1642 1128 1950 1175 mactantur

371 1210 617 1280 quotidie
645 1227 744 1281 pro
770 1212 998 1268 veritate
1038 1223 1091 1268 et
1130 1213 1410 1267 clamant:
1443 1211 1672 1281 Propter
1708 1220 1756 1264 te
1785 1220 1950 1263 morte

371 1301 630 1371 aﬂicimur
655 1312 763 1356 tota
788 1303 892 1369 die,
912 1304 1168 1358 wstimati
1199 1320 1385 1357 sumus
1415 1303 1553 1358 sicut
1583 1318 1700 1356 oves
1735 1300 1953 1354 occisio-

369 1391 456 1444 nis
478 1391 546 1446 ⁷⁸.
581 1390 647 1447 Ει
676 1392 888 1446 miscuit
935 1392 988 1446 in
1019 1393 1218 1463 poculo
1247 1408 1350 1448 suo
1395 1394 1605 1456 vinum,
1651 1391 1704 1445 in
1741 1389 1951 1459 virgine

373 1483 710 1540 divinitatem
739 1502 895 1542 suam
921 1469 1116 1542 unicns
1133 1502 1260 1542 cum
1283 1499 1448 1540 carne
1479 1493 1739 1554 tanquam
1762 1481 1955 1536 vinum

371 1592 585 1633 merum
631 1591 694 1632 ac
729 1577 1085 1649 purissimum
1114 1620 1130 1647 ,
1165 1577 1414 1634 Salvator
1447 1592 1511 1631 ex
1541 1591 1605 1631 ea
1651 1581 1811 1630 natus
1842 1584 1948 1638 est,

372 1669 494 1724 sine
519 1667 842 1725 confusione
875 1668 1016 1726 Deus
1049 1679 1102 1726 et
1137 1671 1323 1726 homo.
1367 1668 1428 1722 Et
1451 1669 1660 1740 paravit
1714 1683 1950 1722 mensam

2053 566 2277 631 στύλους
2309 567 2481 633 ἑπτὰ,
2510 568 2577 622 τὰ
2604 569 2742 623 ἐπτά
2769 569 2890 623 θεῖα
2923 569 3180 640 τάγματα
3210 570 3279 625 τὰ
3303 569 3393 624 διά
3425 571 3528 641 τῆς
3567 574 3642 624 ἱε-

2055 661 2152 731 ρᾶς
2199 661 2364 716 αὐτοῦ
2411 662 2505 716 καὶ
2539 661 2896 716 θεοπνεύστου
2937 661 3282 726 διδασκαλίας
3323 662 3423 734 τὴν
3455 661 3642 715 κτίσιν

2054 754 2420 825 βαστάζοντα,
2468 755 2635 825 ἤγουν
2689 755 2815 818 τοὺς
2862 755 3180 826 προφήτας,
3230 756 3354 820 τοὺς
3400 755 3644 809 ἀποστό-

2051 845 2174 911 λους
2196 887 2210 910 ,
2230 848 2356 911 τοὺς
2389 847 2671 918 μάρτυρας
2694 887 2709 909 ,
2732 847 2861 910 τοὺς
2893 846 3179 918 ἱεράρχας,
3207 847 3335 910 τοὺς
3364 846 3642 917 ἀπητάς,

2051 939 2177 1002 τοὺς
2208 937 2389 1002 ὁσίους
2430 937 2524 991 καὶ
2571 937 2697 1001 τοὺς
2743 936 3002 1002 δικαίους.
3049 937 3121 991 Τὸ
3162 937 3239 1002 δὲ,
3283 938 3521 1008 ἔσφαξε
3572 937 3646 992 τὰ

2052 1030 2273 1100 ἑαυτῆς
2297 1031 2525 1100 θύματα
2542 1070 2557 1093 ,
2585 1030 2711 1094 τοὺς
2735 1030 3018 1102 προφήτας
3039 1029 3172 1100 φησὶ
3200 1031 3295 1084 καὶ
3326 1031 3644 1102 μάρτυρας,

2052 1125 2177 1188 τοὺς
2206 1125 2347 1179 κατὰ
2374 1127 2555 1179 πᾶσαν
2588 1124 2741 1178 πόλιν
2776 1125 2870 1178 καὶ
2899 1123 3082 1195 χώραν
3107 1124 3228 1178 καθ’
3263 1125 3507 1195 ἑκάστην
3537 1125 3648 1178 ὑπὸ

2052 1215 2160 1269 τῶν
2199 1215 2446 1269 ἀπίστων
2474 1214 2664 1286 ὥσπερ
2711 1216 2878 1286 ἄρνας
2908 1215 3334 1287 ἀναιρουμένους
3366 1216 3512 1287 ὑπὲρ
3544 1215 3648 1284 τῆς

2051 1307 2309 1378 ἀληθείας
2329 1353 2344 1374 ,
2376 1308 2472 1362 καὶ
2507 1307 2773 1378 βοῶντας
2807 1305 3024 1360 ’Ἐνεκὰ
3071 1323 3188 1360 σου
3225 1309 3652 1374 θανατούμεθα

2053 1399 2206 1467 ὅλην
2265 1399 2379 1466 τὴν
2430 1400 2676 1469 ἡμέραν.
2736 1399 3170 1470 Ἐιὶογίσθημεν
3223 1400 3302 1466 ὠς
3368 1399 3654 1468 πρόϐατα

2053 1491 2315 1562 σφαγῆς.
2368 1493 2480 1546 Καὶ
2520 1491 2807 1561 ἐκέρασεν
2867 1494 2946 1556 είς
3005 1492 3254 1564 κρατῆρα
3298 1491 3389 1546 τὸν
3437 1493 3652 1562 ἑαυτῆς

2053 1579 2239 1647 οἶνον,
2267 1584 2347 1646 εἰς
2379 1582 2475 1654 τὴν
2505 1583 2768 1656 παρθένον
2801 1582 2900 1654 τὴν
2927 1583 3119 1636 ἑαυτοῦ
3151 1583 3382 1655 θεότητα
3429 1583 3658 1648 ἐνώσας

2052 1671 2118 1740 τῇ
2158 1671 2323 1740 σαρκὶ
2360 1670 2436 1733 ὡς
2467 1666 2608 1724 οἶνον
2654 1671 2926 1742 ἄκρατον,
2973 1673 3002 1724 ὁ
3051 1671 3249 1744 Σωτὴρ
3279 1673 3555 1745 ἐγεννήθη
3592 1674 3651 1740 ἐξ

372 1776 566 1829 suam,
615 1762 948 1832 promissam
995 1774 1204 1819 sancta:
1227 1761 1515 1818 Trinitatis
1546 1761 1947 1833 cognitionem,

375 1867 582 1876 ..-Α-.-.-
629 1853 991 1876 -.....-_-_.l--_.
1055 1864 1414 1876 --..-ι.-..-----
1473 1853 1586 1876 -2---
1641 1867 1833 1876 -Au..-
1887 1867 1949 1876 ,Α

2059 1762 2224 1833 αὐτῆς
2260 1762 2582 1833 ἀσυγχύτως
2616 1763 2747 1826 Θεὸς
2785 1763 2878 1816 καὶ
2910 1763 3214 1836 ἄνθρωπος.
3248 1766 3358 1818 Καὶ
3387 1767 3650 1836 ἡτοιμά-

375 1867 586 1909 necnon
629 1853 996 1910 venerandum
1052 1864 1418 1924 sanctumque
1469 1853 1589 1924 ejus
1637 1867 1836 1923 corpus
1886 1867 1951 1906 ac

2059 1869 2207 1908 σατο
2246 1854 2358 1923 τὴν
2405 1854 2626 1924 ἑαυτῆς
2671 1855 2990 1925 τράπεζαν,
3050 1858 3146 1929 τὴν
3192 1858 3489 1928 ἐπίγνωσιν
3547 1861 3652 1931 τῆς

376 1945 701 2014 sanguinem
733 1960 857 2016 qua:
890 1945 944 1999 in
971 1960 1170 2001 arcana
1198 1955 1251 2002 et
1273 1945 1462 2000 divina
1494 1959 1684 2000 mensa
1705 1945 1951 2015 quotidie

2059 1947 2212 2015 ἀγίας
2236 1947 2462 2017 Τριάδος
2487 1949 3066 2022 κατεπαγγελλομένην
3085 1969 3098 1980 ·
3132 1950 3225 2004 καὶ
3254 1951 3313 2004 τὸ
3337 1952 3526 2023 τίμιον
3552 1952 3652 2006 καὶ

375 2033 736 2104 perficiuntur
753 2044 808 2092 et
828 2035 1208 2092 sacriﬁcantur
1233 2035 1288 2090 in
1315 2036 1636 2090 memoriam
1671 2049 1950 2104 nunquam

375 2140 482 2180 non
517 2126 818 2182 rccolenda:
853 2127 1116 2181 memoria
1147 2135 1202 2180 et
1231 2126 1420 2195 prima:
1481 2125 1629 2179 illius
1658 2123 1857 2179 divina:
1900 2132 1956 2177 et

377 2233 591 2272 arcana:
623 2217 820 2273 divina:
859 2233 1055 2273 omnm.
1084 2216 1218 2272 lllud
1246 2233 1431 2286 porro,
1465 2216 1609 2270 misit
1636 2231 1807 2270 servos
1831 2230 1952 2269 suos

377 2309 688 2378 Sapientia,
717 2308 971 2363 Christus
1006 2309 1265 2362 nimirum
1286 2347 1302 2374 ,
1331 2321 1640 2362 convocans
1673 2305 1779 2360 alta
1817 2321 1955 2375 pra:-

375 2399 525 2454 conii
553 2415 685 2455 voce
714 2419 733 2454 :
760 2400 817 2454 Si
851 2401 976 2471 quis
1005 2409 1110 2466 est,
1144 2399 1341 2469 inquit,
1379 2399 1653 2468 insipiens,
1681 2397 1856 2452 veniat
1885 2394 1960 2448 ad

377 2511 480 2558 me,
507 2502 728 2550 sanctos
757 2493 946 2563 utique
978 2492 1128 2548 misit
1159 2491 1436 2563 apostolos
1471 2489 1786 2545 universum
1824 2504 1951 2559 per-

378 2596 625 2645 meantcs
656 2587 940 2651 mundum,
972 2585 1068 2656 qui
1101 2594 1287 2657 gentes
1319 2585 1386 2639 ad
1423 2584 1594 2654 ipsius
1623 2582 1955 2652 agnitionem

376 2696 506 2738 vere
532 2690 796 2736 vocarent
832 2679 1054 2737 sublimi
1097 2695 1163 2735 ac
1203 2678 1383 2734 divina
1418 2691 1516 2733 sua
1550 2674 1953 2745 praedicatione.

377 2773 703 2844 insipientes
752 2787 880 2828 vero
932 2770 1168 2842 appellat
1219 2784 1314 2824 eos
1363 2767 1457 2838 qui
1505 2765 1680 2822 sancti
1720 2763 1959 2834 Spiritus

377 2867 634 2922 virtutem
671 2881 777 2921 non
802 2868 911 2920 lum
948 2872 1077 2918 sunt
1121 2861 1401 2919 assecuti:
1440 2859 1620 2914 Venite
1644 2899 1660 2925 ,
1706 2856 1960 2910 comedite

378 2977 566 3031 panem
603 2977 806 3026 meum,
848 2967 897 3013 et
937 2957 1094 3011 bibite
1139 2957 1320 3010 viuum
1358 2953 1498 3026 quod
1545 2953 1736 3006 miscui
1769 2951 1909 3005 vobis
1937 2965 1958 3004 :

380 3056 620 3110 divinam
653 3053 826 3122 ipsius
861 3065 1116 3116 carnem,
1159 3064 1224 3104 ac
1255 3047 1621 3102 venerabilem
1666 3045 1788 3116 ejus
1831 3060 1961 3100 san-

2055 2037 2323 2109 ἄχραντον
2353 2039 2518 2092 αὐτοῦ
2555 2039 2712 2111 σῶμα
2747 2041 2841 2094 καὶ⁵
2863 2035 3024 2112 αἷμα,
3051 2042 3194 2113 ἅπερ
3225 2044 3282 2095 ἐν
3301 2045 3365 2113 τῇ
3397 2047 3652 2116 μυστικῇ

2055 2131 2148 2184 καὶ
2195 2129 2320 2202 θείᾳ
2361 2130 2614 2204 τραπέζῃ·
2642 2131 2763 2185 καθ’
2811 2133 3048 2206 ἑκάστην
3095 2134 3472 2188 ἐπιτελοῦνται
3521 2134 3656 2189 θυό-

2059 2239 2192 2294 μενα
2241 2225 2323 2286 είς
2373 2223 2678 2294 ἀνάμνησιν
2725 2224 2824 2295 τῆς
2883 2227 3214 2296 ἀειμνήστου
3263 2226 3358 2278 καὶ
3409 2225 3652 2297 πρώτης

2055 2314 2268 2385 ἐκείνης
2289 2313 2568 2384 τραπέζης
2590 2313 2681 2367 τοῦ
2713 2314 2975 2384 μυστικοῦ
3007 2314 3150 2368 θείου
3183 2315 3420 2369 δείπνου.
3451 2316 3532 2368 Τὸ
3567 2317 3650 2381 δὲ,

2054 2405 2373 2460 ἀπέστειλε
2403 2405 2543 2473 τοὺς
2571 2405 2792 2474 ἑαυτῆς
2815 2405 3115 2479 δούλουςή
3131 2407 3319 2477 Σοφία,
3345 2410 3373 2461 ό
3402 2409 3653 2479 Χριστὸς

2055 2497 2314 2568 δηλονᾶτι,
2351 2499 2747 2568 συγκαλοῦσα
2777 2499 2928 2569 μετὰ
2963 2499 3207 2569 ﬁgi-11.1017
3235 2502 3650 2570 κηρύγματος.

2060 2589 2160 2653 ’Ός
2192 2591 2343 2644 ἐστιν
2369 2589 2572 2660 ἄφρων
2592 2631 2606 2656 ,
2639 2591 2968 2645 ἐκκλινάτω
2999 2591 3148 2660 πρὸς
3169 2591 3278 2661 μὲ,
3314 2594 3650 2662 φάσκουσα,

2057 2685 2182 2746 τοὺς
2251 2684 2431 2754 ἱεροὺς
2483 2685 2814 2749 ἀποστόλους
2874 2683 3169 2756 πρόδηλον,
3217 2687 3343 2748 τοὺς
3408 2687 3490 2750 είς
3554 2685 3667 2739 τὸν⁹

2060 2771 2353 2844 σύμπαντα
2386 2773 2588 2845 κόσμον
2619 2774 3010 2848 διαδραμόντας
3036 2778 3130 2830 καὶ
3159 2775 3654 2848 προσκαλέσαντας

2057 2864 2127 2918 τά
2159 2863 2284 2935 ἔθνη
2313 2865 2394 2928 εἰς
2422 2864 2524 2936 τὴν
2543 2864 2750 2919 ἐκείνου
2781 2866 3072 2936 ἐπίγνωσιν
3099 2865 3313 2937 ἀληθῶς
3344 2865 3422 2936 τῷ
3447 2865 3656 2938 ὑψηλῷ

2061 2957 2155 3009 καὶ
2189 2956 2316 3028 θείῳ
2347 2957 2553 3010 τούτων
2585 2958 2919 3030 κηρύγματι.
2941 2959 3014 3012 Τὸ
3039 2959 3099 3014 δέ
3123 2961 3222 3012 καὶ
3250 2957 3374 3025 τοῖς
3399 2957 3652 3013 ἐνδεέσι

2061 3046 2297 3118 φρενῶν
2326 3044 2475 3113 εἷπε,
2504 3051 2618 3115 τοῖς
2652 3051 2818 3121 μήπω
2843 3050 3200 3122 κεκτημένοις
3226 3050 3324 3123 τὴν
3355 3052 3450 3106 τοῦ
3481 3053 3660 3121 ἁγίου.

381 3147 623 3220 guinem,
654 3144 852 3213 inquit,
884 3140 1034 3196 dedit
1065 3140 1227 3196 nobis
1255 3139 1524 3195 edendum
1556 3136 1961 3209 bibendumque

2065 3139 2378 3212 Πνεύματος
2407 3140 2634 3212 δύναμιν
2659 3142 2897 3214 δηλονότι
2919 3159 2939 3172 ο
2974 3144 3252 3208 "Emere,
3282 3147 3503 3214 φάγετε
3536 3146 3652 3198 τὸν

382 3239 438 3294 in
476 3236 852 3293 remissionem
885 3243 1252 3305 peccatorum.

2061 3230 2210 3303 ἐμὸν
2241 3231 2425 3302 ἄρτον
2442 3273 2458 3297 ,
2501 3234 2600 3287 καὶ
2647 3235 2812 3287 ntere
2849 3230 3017 3288 οἶνον
3048 3234 3121 3287 ὃν
3158 3233 3422 3304 κέκρακα
3461 3238 3614 3306 ὑμῖν
3629 3279 3660 3302 ,.

383 3331 481 3405 τὴν
533 3330 683 3386 θείαν
723 3327 888 3383 αὑτοῦ
921 3325 1097 3398 σάρκα
1129 3326 1224 3380 καὶ
1254 3325 1314 3378 τὸ
1344 3323 1526 3395 τίμιον
1556 3320 1719 3376 αὗτοῦ
1750 3316 1888 3390 αἷμα
1905 3321 2135 3377 δέδωκεν
2159 3326 2293 3396 ἡμῖν
2315 3365 2330 3390 ,
2363 3326 2546 3396 φησὶν,
2581 3325 2778 3379 ἐσθίειν
2803 3326 2896 3380 καὶ
2923 3325 3097 3379 πίνειν
3123 3328 3204 3391 εἰς
3230 3327 3424 3397 ἄφεσιν
3455 3329 3654 3401 ἀμαρ-

384 3425 538 3480 τιῶν.

394 3573 3638 3600 W

1137 3749 1264 3840 IN
1370 3745 1982 3840 CANTICUM
2061 3741 2888 3837 CANTICORUM.

458 4193 600 4249 Sim.
624 4191 692 4247 de
715 4188 1019 4256 Magistris,
1042 4190 1180 4242 Acta
1202 4196 1358 4240 mart.
1392 4186 1648 4251 0stiens.,
1678 4201 1732 4256 p.
1759 4184 1886 4253 274,
1916 4200 1983 4240 ex
2006 4184 2129 4241 cod.
2157 4184 2386 4240 membr.
2417 4182 2594 4240 Vatic.
2625 4183 2737 4240 CIlI
2763 4183 3125 4256 fragmentum
3153 4199 3388 4257 sequens
3421 4184 3652 4260 Syriaca

389 4295 445 4342 et
467 4285 658 4341 Latine
679 4283 854 4348 aﬂ'ert,
887 4281 975 4336 liis
1000 4277 1324 4352 praemissis:
1354 4295 1374 4330 ι
1403 4277 1461 4332 ιιι
1485 4277 1796 4332 Salomonis
1813 4278 2096 4334 Canticum
2115 4275 2690 4348 scripsitHippolytus,
2724 4293 2789 4332 ae
2812 4276 2982 4332 Deum
3007 4273 3245 4333 Verbum
3264 4285 3417 4332 tanto
3442 4287 3571 4333 ante
3594 4280 3647 4333 in

388 4377 628 4436 Ecclesia
661 4393 730 4432 ex
758 4374 1009 4447 gentibus
1047 4372 1297 4437 collecta,
1332 4372 1632 4442 praesertim
1658 4388 1787 4428 vero
1828 4372 1882 4426 in
1925 4381 2149 4443 parente
2179 4387 2282 4427 sua
2306 4369 2527 4441 Virgine
2553 4371 2896 4427 sanctissima
2923 4386 3054 4428 suas
3077 4370 3299 4427 delicias
3327 4373 3651 4443 quaesivisse

387 4472 662 4540 ostendit;
685 4471 929 4542 adeoque
959 4467 1104 4540 Syri,
1139 4468 1207 4523 dc
1237 4465 1457 4538 Virgine
1484 4467 1625 4537 apud
1657 4483 1716 4522 se
1744 4475 1870 4522 nata
1898 4467 2212 4538 gloriantes,
2247 4465 2515 4537 Hippolyti
2545 4466 2996 4521 commentarium
3026 4481 3057 4520 a
3087 4465 3280 4536 priscis
3311 4466 3650 4535 temporibus

388 4566 788 4622 transtulerunt
805 4581 837 4621 e
857 4562 1045 4619 Graeco
1074 4563 1128 4618 in
1155 4563 1392 4632 patrium
1413 4578 1747 4628 sermonem,
1775 4563 1922 4617 unde
1943 4563 2191 4633 quaedam
2215 4563 2393 4617 adhuc
2417 4571 2736 4632 supersunt,
2756 4561 2920 4617 veluti
2945 4561 2998 4616 in
3025 4561 3188 4616 illud:
3219 4560 3405 4632 Surge,
3431 4561 3646 4631 Aquilo,

385 4667 437 4713 et
466 4658 600 4723 veni,
630 4658 843 4726 Auster,
869 4656 1034 4727 per/la
1059 4655 1269 4709 hortum
1296 4670 1487 4718 meum,
1517 4665 1567 4708 et
1592 4654 1763 4722 ﬂuant
1794 4664 2040 4708 aromata
2064 4655 2198 4724 ejus.
2233 4673 2253 4708 ι
2284 4653 2380 4710 His
2411 4654 2749 4710 aromatibus
2779 4670 2903 4709 cum
2926 4655 3231 4711 oblectatus
3253 4663 3398 4709 esset
3423 4651 3648 4725 Ioseph.

393 4771 414 4808 ι
461 4754 605 4810 filius
641 4752 804 4825 Regis
837 4769 870 4809 a
918 4755 1029 4809 Deo
1061 4751 1400 4824 designatur.
1438 4750 1532 4806 His
1565 4750 1734 4822 Virgo
1765 4749 1934 4806 Maria
1960 4767 2084 4806 cum
2115 4761 2276 4807 uncta
2309 4760 2476 4812 esset.
2503 4751 2557 4806 in
2587 4762 2773 4806 ventre
2802 4767 2907 4806 suo
2936 4752 3186 4822 concepit
3218 4749 3492 4806 Verbum:
3536 4759 3648 4804 tum

397 4867 417 4900 ι
462 4864 604 4904 nova
631 4864 832 4904 arcana
857 4862 1166 4920 aevumque
1191 4847 1497 4913 veritatem,
1531 4863 1595 4902 ac
1622 4861 1823 4902 novum
1854 4863 2104 4918 regnum,
2139 4856 2252 4902 tum
2281 4863 2502 4919 quoque
2538 4862 2734 4919 magna
2758 4856 2812 4903 et
2833 4847 3234 4920 inexplicabilia
3263 4846 3528 4920 mysteria
3561 4846 3650 4902 de-

394 4961 414 4996 s
460 4951 750 4998 monstrat.
783 4961 802 4994 ι

1125 5131 1282 5202 Apud
1304 5130 1580 5195 Gallaud.,
1609 5145 1674 5184 ex
1695 5131 1980 5185 Anastasio
2010 5130 2250 5196 Sinaita,
2284 5142 2466 5202 quiest.
2501 5133 2592 5196 41,
2618 5147 2737 5201 pag.
2767 5129 2899 5186 520.

637 5224 907 5296 Hippolyti
948 5225 1005 5278 in
1033 5222 1322 5280 Canticum
1353 5225 1716 5279 canticbrum.
1785 5298 1796 5308 Ι

459 5316 527 5372 Et
559 5316 784 5373 ubinam
809 5326 893 5372 est
925 5317 1305 5387 copiosissima
1347 5317 1438 5372 illa
1465 5317 1730 5374 scientia?
1760 5317 1854 5374 ubi
1881 5319 1970 5374 illa

387 5409 686 5482 mysteria?
719 5417 775 5468 et
810 5410 901 5465 ubi
927 5409 1090 5465 libri?
1114 5418 1332 5465 exstant
1356 5410 1504 5465 cnim
1534 5411 1650 5465 sola
1680 5411 1976 5471 Proverbia

459 5572 506 5604 ⁸⁸
532 5588 653 5642 cap.
686 5589 774 5640 ιι,
803 5571 859 5626 2.
937 5572 984 5604 ⁷⁸
1004 5570 1154 5629 ‘Psal.
1193 5588 1338 5638 xuv,
1363 5571 1429 5640 2;
1461 5572 1622 5629 Rom.
1652 5589 1773 5641 vnt,
1803 5574 1892 5630 36.

1995 5228 2045 5285 D
2082 5224 2420 5289 Ἱππολύτου,
2458 5226 2522 5277 ἐκ
2551 5225 2644 5279 τοῦ
2678 5227 2758 5288 είς
2789 5225 2847 5278 τὸ
2869 5218 3062 5294 τᾼσμα
3090 5223 3200 5278 τῶν
3226 5222 3490 5295 ᾀσμάτων
3526 5223 3652 5292 (9.6).

2150 5318 2261 5370 Καὶ
2294 5317 2394 5370 ποῦ
2431 5317 2580 5370 πᾶσα
2611 5319 2646 5388 ἡ
2677 5317 2906 5371 πλουσία
2938 5317 3080 5387 αὕτη
3104 5316 3340 5385 γνῶσις;
3371 5316 3476 5370 ποῦ
3514 5316 3572 5370 δέ
3597 5318 3659 5368 τὰ

2086 5412 2359 5484 μυστήρια
2408 5409 2612 5477 satira;
2659 5410 2754 5466 καὶ
2803 5407 2906 5464 ποῦ
2948 5410 3004 5463 αἱ
3044 5407 3253 5480 βίϐλοις
3291 5408 3658 5482 ἀναφέρονται

464 5707 574 5792 (Ξθξ
615 5709 1029 5792 Ευεειιίιιιςηξίς
1070 5709 1130 5763 τὸ
1177 5706 1388 5792 ᾋσμα.
1527 5710 1922 5792 Hieronymus,
1963 5713 1981 5766 i

2061 5712 2337 5768 Canticum
2390 5711 2734 5766 canticorum.
2781 5709 3082 5783 Syncellus,
3133 5713 3208 5776 εἰς
3259 5709 3328 5764 τὰ
3379 5711 3646 5782 Saeptum.

392 5777 748 5849 Niccpliorus,
777 5784 854 5844 τίς
880 5778 1141 5852 τὸτᾼσμα
1172 5777 1580 5853 τῶνάτμάτων.
1617 5777 1831 5838 Ρηῇις.
