3876 6340
559 354 664 407 (339

1441 344 1498 403 S.
1541 345 1897 402 lllPPOLYTl
1936 343 2087 399 Ol’P.

2223 340 2305 395 ns
2336 340 2378 397 1.
2416 372 2486 382 -
2521 304 2926 395 exsomnes.
3652 345 3734 395 an

563 462 677 517 cias
702 462 892 532 (quiet
918 457 1229 532 Jechonias)
1253 469 1307 516 et
1332 458 1555 516 Sedum.
1572 458 1638 515 Et
1658 459 1876 530 quidem
1901 458 2121 514 Joachas

2236 454 2329 507 τοῦ
2391 454 2660 527 μακαρίου
2727 453 2929 507 Ἰωσίου
2946 492 2962 517 ,
3034 451 3254 523 Ἰωάχας
3271 490 3286 516 ,
3360 452 3618 525 Ἐλιακεὶμ
3665 474 3739 512 και

561 560 685 622 post
714 561 941 605 mortem
965 551 1137 622 patris
1160 567 1190 604 a
1214 550 1412 620 populo
1435 551 1489 604 in
1524 566 1701 620 regem
1729 550 1967 620 ungitur,
2001 563 2125 603 cum

560 652 704 697 esset
741 657 1010 696 annorum
1045 642 1208 696 trium
1240 657 1404 711 supra
1439 641 1649 712 viginti.
1676 641 1949 696 Adversus
1983 640 2127 694 hunc

560 734 806 788 ascendit
831 734 1049 787 Pharao
1082 731 1300 788 Neehao
1329 748 1516 787 mense
1564 733 1721 787 tertio
1766 732 1916 802 regni
1966 731 2123 800 ejus;

557 826 916 895 vinctumque
941 834 1159 895 captum
1193 824 1344 879 ducit
1368 824 1423 878 in
1467 823 1781 894 Egyptum,
1812 840 1876 879 ac
1900 824 2122 878 multam

561 930 719 972 terra!
767 916 1049 986 imposuit,
1088 925 1305 971 centum
1351 916 1549 970 talenta
1588 915 1815 987 argenti,
1853 924 1906 970 et
1940 916 2123 970 decem

558 1006 699 1059 auri.
753 1005 1157 1075 Constituitque
1218 1020 1314 1076 pro
1367 1021 1434 1060 eo
1491 1022 1671 1076 regem
1714 1021 1878 1075 super
1927 1013 2123 1059 terram

557 1095 782 1150 fratrem
816 1096 936 1165 ejus
968 1096 1217 1157 Eliaeim,
1253 1096 1340 1150 cui
1367 1111 1567 1151 nomen
1591 1096 1747 1150 vertit
1769 1094 1999 1160 Joacim,
2026 1109 2128 1148 an-

558 1188 646 1243 nis
671 1187 950 1243 undecim.
982 1186 1260 1243 Aduersus
1300 1188 1447 1242 hunc
1485 1188 1728 1243 ascendit
1767 1185 2125 1242 Nabuchodo-

559 1294 728 1334 nosor
757 1278 804 1311 ⁷⁷
836 1295 932 1334 rex
971 1279 1284 1351 Babylonis,
1315 1279 1667 1349 vinctumque
1695 1286 1912 1348 captum
1949 1275 2124 1346 Baby-

559 1369 740 1425 lonem
767 1370 938 1437 ducit,
970 1381 1288 1442 partemque
1311 1386 1565 1426 vasorum
1593 1370 1808 1434 domus,
1835 1384 1957 1439 qua:
1970 1376 2126 1425 erant

555 1460 933 1535 Jerosolymis.
961 1462 1081 1531 Hic,
1113 1479 1237 1518 cum
1274 1465 1330 1517 in
1360 1477 1636 1518 carcerem
1673 1461 1955 1531 conjectus
1982 1469 2127 1516 esset

557 1568 733 1622 eoque
752 1561 1043 1618 teneretur,
1069 1552 1233 1621 utqui
1250 1549 1553 1606 Pharaonis
1577 1550 1788 1605 amicus
1803 1548 2125 1611 exstitisset,

555 1651 612 1697 et
640 1642 709 1696 ab
735 1658 801 1698 eo
827 1658 921 1697 rex
945 1643 1275 1700 constitutus
1299 1641 1509 1705 luisset,
1534 1656 1680 1695 anno
1704 1639 1932 1710 septimo
1962 1653 2126 1708 supra

558 1734 898 1790 tricesimum
942 1735 1197 1791 educitur
1244 1733 1315 1789 ab
1362 1733 1410 1766 ’⁸
1454 1732 1631 1787 Evilat
1665 1730 1955 1785 Marodach
2002 1744 2126 1798 rege

556 1826 875 1897 Babylonis;
921 1828 1276 1905 detunditque
1338 1826 1485 1881 illius
1531 1835 1714 1896 caput,
1765 1834 1820 1879 et
1852 1834 1970 1879 erat
2010 1823 2060 1878 ei
2095 1839 2126 1877 a

554 1918 821 1985 consiliis,
849 1928 904 1973 et
942 1918 1261 1973 comedebat
1299 1917 1353 1970 in
1387 1930 1573 1970 mensa
1615 1915 1753 1984 ejus,
1778 1914 1845 1968 ad
1872 1929 1995 1968 eum
2033 1929 2127 1968 us-

554 2027 663 2081 que
695 2013 864 2076 diem,
899 2027 1010 2082 quo
1032 2019 1282 2065 mortuus
1317 2017 1420 2063 est.
1455 2006 1591 2062 Cum
1631 2006 1721 2060 hic
1762 2006 1929 2076 igitur
1957 2002 2128 2059 abdu—

556 2117 678 2161 ctus
714 2105 927 2172 luisset,
968 2112 1157 2176 regnat
1190 2103 1334 2156 ﬁlius
1367 2101 1487 2165 ejus
1511 2099 1718 2155 Joacim
1748 2099 1909 2154 annis
1933 2098 2125 2154 tribus.

555 2196 918 2266 Ascenditque
972 2197 1028 2250 in
1085 2211 1211 2249 eum
1264 2192 1792 2257 Nabuchodonosor,
1838 2190 2129 2261 ipsumque

555 2303 621 2342 ac
650 2288 873 2357 reliqua:
905 2286 1078 2356 plebis
1099 2286 1284 2340 decem
1316 2283 1487 2339 millia
1516 2283 1761 2338 virorum
1794 2282 2126 2353 Babylonem

556 2380 821 2445 traducit;
853 2387 1015 2447 atque
1041 2376 1159 2446 ejus
1189 2384 1442 2447 patruum
1470 2390 1652 2447 regem
1684 2391 1783 2445 pro
1823 2389 1889 2429 eo
1925 2373 2130 2429 consti-

555 2472 679 2537 tnit,
712 2486 877 2540 quem
912 2479 1123 2524 mutato
1160 2470 1381 2525 nomine
1423 2468 1703 2525 Sedeciam
1733 2469 1987 2523 vocavit:
2030 2483 2127 2536 pa-

555 2563 777 2633 ctisque
810 2577 935 2616 cum
959 2576 1024 2616 eo
1043 2562 1368 2631 juramcntis
1398 2560 1617 2630 ictoque
1646 2560 1867 2625 foedere,
1893 2558 2127 2630 Babylo-

554 2669 678 2707 nem
703 2653 860 2708 redit.
887 2652 1004 2717 Hic,
1027 2669 1152 2707 cum
1178 2661 1456 2724 regnasset
1475 2667 1649 2707 annos
1670 2651 1942 2716 undecim,
1967 2650 2034 2705 ab
2059 2667 2125 2705 eo

554 2746 832 2810 delicicns,
856 2746 908 2800 in
932 2746 1238 2801 Pharaonis
1285 2745 1429 2815 regis
1467 2742 1686 2815 Aﬂgypti
1720 2752 1903 2813 partes
1938 2752 2119 2798 trans-

555 2838 669 2892 ivit.
692 2841 851 2893 Anno
877 2838 1058 2906 itaque
1089 2837 1324 2903 decimo,
1364 2836 1586 2891 venitin
1610 2852 1734 2890 eum
1764 2850 1832 2890 ex
1862 2834 2121 2889 Chaldaea

551 2930 1074 2993 Nabuchodonosor,
1107 2929 1406 2998 urbemque
1447 2927 1592 2984 vallo
1621 2927 1791 2982 cinxit
1830 2937 1992 2997 atque
2023 2928 2121 2982 ob-

551 3021 714 3086 sedit,
739 3019 999 3088 omniquc
1034 3033 1102 3072 ex
1139 3028 1289 3088 parte
1323 3017 1573 3072 aretavit.
1606 3016 1968 3083 Quamobrem
2004 3032 2122 3072 ma-

2242 544 2512 609 Ἰωάνναν,
2539 543 2814 606 Σεδεκίας,
2837 545 2866 596 6
2895 544 2989 596 καὶ
3021 542 3289 614 Ἰεχονίας,
3314 543 3405 596 καὶ
3426 543 3635 615 Σαδούμ.
3656 547 3741 601 Kal

2227 638 2376 715 ῥμὲν
2415 638 2659 708 ’ῐωάχας,
2691 636 2828 707 μετὰ
2864 634 2961 707 τὴν
2996 636 3248 709 τελευτὴν
3278 636 3371 689 τοῦ
3408 638 3593 710 πατρὸς
3609 640 3740 694 αὑτοῦ

2227 728 2438 800 χρίεται
2471 728 2574 781 ὑπὸ
2599 726 2697 781 τοῦ¹
2719 727 2849 781 λαοῦ
2886 728 2967 790 εἰς
3000 726 3241 797 βασιλέα,
3264 726 3339 781 ὣν
3362 726 3491 781 ἐτῶν
3522 735 3617 796 κγ’.
3649 730 3743 782 Ἐπὶ

2226 819 2412 899 τοῦτρν
2467 821 2743 875 ἀναϐαίνει
2804 818 3003 892 Φαραὼ
3050 819 3265 890 Νεχαὼ,
3306 820 3363 874 ὲν
3412 820 3487 891 τῷ
3534 822 3647 891 μηνὶ
3684 823 3744 892 τῷ

2225 911 2392 981 τρίτῳ
2418 910 2519 981 τῆς
2548 910 2824 981 βασιλείας
2843 910 3027 964 αὐτοῦ’
3051 912 3145 964 καὶ
3168 910 3348 965 λαϐὼν
3378 912 3530 965 αὑτὸν
3549 912 3741 982 δέσμιον,

2225 999 2346 1069 ἄγει
2372 1002 2451 1066 είς
2485 1002 2780 1072 Αἴγυπτον·
2811 1001 2906 1055 καὶ
2932 1002 3205 1073 ἐπιτίθησι
3245 1003 3408 1075 φόρον
3435 1005 3497 1074 τῇ
3534 1005 3617 1073 γῇ,
3643 1005 3743 1057 ἑκα-

2228 1093 2316 1147 τὸν
2337 1092 2576 1148 τάλαντα
2607 1093 2893 1165 ἀργυρίου,
2940 1094 3035 1147 καὶ
3091 1094 3223 1148 δέκα
3265 1095 3498 1149 τάλαντα
3541 1096 3741 1165 χρυσίου.

2224 1184 2335 1237 Kal
2362 1184 2592 1257 καθιστᾷ
2632 1187 2747 1240 ἀντ’
2777 1185 2939 1239 αύτοῦ
2990 1185 3270 1257 Ἐλιακεὶμ
3303 1185 3394 1239 τὸν
3440 1184 3645 1254 ἀδελφὺν
3671 1186 3746 1239 αὖ·

2223 1276 2319 1330 τοῦ
2355 1276 2575 1346 βασιλέα
2601 1279 2693 1332 ἐπὶ
2713 1278 2813 1349 τῆς
2839 1279 2963 1350 γῆς,
2997 1278 3055 1331 ὃν
3085 1278 3466 1350 μετωνόμασεν
3516 1278 3745 1349 Ἰωακεὶμ,

2227 1370 2320 1425 ἐπὶ
2349 1369 2443 1440 ἔτη
2471 1368 2684 1423 ἕνδεκα.
2724 1371 2847 1424 Ἐπὶ
2886 1368 3074 1424 τοῦτον
3120 1368 3289 1440 ἀνέϐη
3333 1368 3745 1444 Ναϐουχοδονόσορ

2228 1460 2480 1529 βασιλεὺς
2499 1460 2834 1525 Βαϐυλῶνος,
2865 1460 2960 1514 καὶ
2998 1460 3182 1515 λαϐὼν
3222 1459 3384 1515 αὐτὸν
3403 1460 3624 1532 δέσμιον,
3653 1463 3745 1530 ἄγει

2232 1554 2309 1616 είς
2343 1552 2656 1615 Βαϐυλῶνα,
2689 1552 2784 1607 καὶ
2826 1553 2989 1627 μέρος
3012 1570 3066 1607 τι
3100 1553 3209 1608 τῶν
3248 1552 3454 1607 σκευῶν
3495 1553 3627 1608 οἴκου
3661 1555 3743 1607 τῶν

2227 1645 2284 1696 ὲν
2337 1644 2704 1717 Ἰερουσαλήμ.
2738 1638 2904 1708 Οὗτος
2957 1644 3343 1708 κατάκλειστος
3374 1646 3656 1717 γενόμενος,
3692 1647 3747 1710 ὡς

2230 1734 2381 1804 φίλος
2400 1735 2493 1789 τοῦ
2510 1736 2713 1809 Φαραὼ
2739 1738 2831 1792 καὶ
2851 1738 2945 1791 ὑπ’
2968 1737 3130 1791 αὐτοῦ
3149 1736 3403 1808 βασιλεὺς
3419 1737 3742 1802 κατασταθεὶς,

2160 1791 2198 1845 Β
2230 1791 2289 1874 ἐν
2317 1791 2394 1894 τῷ
2417 1822 2494 1888 λς’
2521 1791 2631 1878 eg.
2653 1825 2905 1895 ἐξάγεται
2941 1827 3045 1879 ὑπὸ
3078 1791 3280 1880 Em.
3317 1791 3583 1899 Μὲιρῴδάχ
3625 1791 3744 1899 βασξξ

2230 1912 2365 1977 λέως
2398 1914 2731 1982 Βαϐυλῶνος,
2754 1917 2849 1970 καὶ
2872 1917 3079 1990 ἔκειρεν
3100 1919 3267 1973 αὐτοῦ
3298 1920 3397 1991 την
3423 1920 3657 1991 κεφαλὴν,
3678 1922 3746 1975 καὶ

2226 1999 2294 2075 ἦν
2325 2004 2491 2059 αὑτοῦ
2521 2005 2842 2077 σύμϐουλος,
2864 2010 2960 2062 καὶ
2981 2008 3165 2081 ἤσθιεν
3191 2010 3252 2063 ἐν
3271 2013 3337 2082 τῇ
3359 2010 3593 2084 τραπέζῃ
3620 2012 3745 2064 αὑτοῦ

2227 2094 2332 2159 ἓως
2361 2096 2462 2167 τῆς
2492 2098 2705 2168 ἡμέρας
2743 2093 2813 2170 ἦς
2852 2099 3108 2155 ἀπέθανε.
3151 2101 3358 2155 Τούτου
3388 2098 3478 2156 οὖν
3510 2103 3747 2173 μεταχθέν-

2225 2201 2335 2248 τος,
2366 2184 2637 2255 βασιλεύει
2669 2190 2698 2241 6
2728 2188 2843 2251 υίὸς
2871 2189 3037 2243 αὑτοῦ
3086 2191 3364 2263 Ἰωακεὶμ,
3398 2193 3490 2263 ἐτη
3513 2193 3624 2264 τρία
3644 2193 3747 2264 (55).

2228 2276 2337 2329 Kal
2370 2278 2462 2331 ἐπὶ
2484 2278 2672 2332 τοῦτον
2698 2279 2864 2350 ἀνέϐη
2897 2281 3387 2356 Ναϐουχοδονόσορ,
3432 2286 3521 2338 καὶ
3557 2286 3749 2356 μετοικί-

2226 2367 2307 2430 ζει
2335 2367 2495 2422 αὐτόν
2525 2386 2584 2422 τε
2621 2371 2716 2424 καὶ
2742 2370 2836 2424 τοῦ
2858 2371 2986 2426 λαοῦ
3018 2373 3148 2428 δέκα
3193 2375 3439 2446 χιλιάδας
3478 2376 3662 2449 ἀνδρῶν
3691 2378 3749 2440 είς

2226 2465 2536 2519 Βαϐυλῶναο
2570 2467 2664 2520 καὶ
2697 2466 2926 2539 καθιστᾷ
2952 2468 3068 2522 ἀντ’
3101 2470 3271 2525 αὑτοῦ
3310 2472 3402 2525 τὸν
3442 2472 3647 2541 ἀδελφὸν
3677 2472 3747 2524 τοῦ

2227 2556 2431 2628 πατρὸς
2486 2558 2672 2623 αὐτοῦ,
2715 2558 2774 2612 ὃν
2822 2559 2916 2612 καὶ
2965 2561 3323 2633 μετωνόμασε
3368 2563 3620 2618 Σεδεκίανο
3661 2562 3749 2633 μεθ’

2224 2640 2284 2701 οὗ
2307 2649 2466 2718 ὅρκια
2497 2650 2591 2704 xal
2616 2649 2885 2720 συνθήκας
2924 2653 3315 2725 ποιησάμενος,
3344 2654 3555 2710 ἄπεισιν
3575 2657 3644 2719 είς
3666 2655 3747 2707 Βα-

2224 2740 2459 2795 ϐυλῶνα.
2494 2733 2663 2806 Οὗτος
2689 2742 3013 2812 βασιλεύσας
3037 2743 3130 2817 ἔτη
3161 2753 3227 2799 ια’
3256 2748 3467 2820 ἀπέστη
3495 2749 3582 2802 ἀπ’
3604 2748 3747 2809 αὐτοῦ,

2225 2831 2320 2885 καὶ
2345 2832 2542 2886 ἔδωκεν
2573 2835 2763 2888 ἑαυτὸν
2784 2834 2918 2907 πρὸς
2937 2836 3134 2908 Φαραὼ
3169 2837 3397 2909 βασιλέα
3429 2840 3688 2908 Αἰγύπτου·
3705 2842 3748 2892 ὲν

2222 2922 2279 2978 δὲ
2310 2924 2386 2995 τῷ
2410 2925 2618 2997 δεκάτῳ
2640 2926 2746 2980 ἔτει
2789 2924 2950 3001 ἦλθεν
2989 2931 3076 2984 ἐπ’
3126 2932 3293 2986 αὑτὸν
3338 2932 3747 3004 Ναϐουχοδονόσορ

2223 3016 2289 3069 ὲκ
2318 3017 2418 3088 γῆς
2442 3018 2744 3084 Χαλδαίων,
2777 3022 2873 3075 καὶ
2903 3024 3355 3094 περιεχαράκωσε
3392 3026 3491 3096 τὴν
3522 3025 3657 3077 πόλιν
3678 3023 3747 3077 καί

552 3127 656 3181 gna
684 3126 872 3165 eorum
900 3125 1028 3179 pars
1062 3109 1207 3165 fame
1232 3109 1554 3163 interierunt
1585 3127 1598 3164 :
1623 3109 1714 3163 alii
1752 3109 1933 3178 gladio
1959 3109 2117 3177 caasi;

2225 3107 2604 3178 περιεκάθισεν
2651 3110 2820 3182 αὐτὴν
2867 3112 3159 3177 κύκλωθεν,
3208 3115 3306 3168 καὶ
3350 3120 3579 3187 συνεῖχεν
3610 3114 3742 3186 αὐτὴν

552 3199 801 3253 nonnulli
838 3199 980 3253 inter
1001 3199 1182 3268 .spolia
1212 3213 1277 3254 ac
1303 3200 1590 3254 manubias
1627 3199 1809 3270 capti;
1845 3200 1977 3256 urbs
2000 3201 2123 3272 igne

553 3302 848 3353 succensa;
882 3287 1141 3356 templum
1174 3288 1425 3358 murique
1456 3288 1740 3345 destructi.
1774 3289 1975 3347 Omnes
2001 3296 2121 3346 the-

550 3394 747 3434 sauros
783 3379 1033 3434 inventos
1075 3380 1129 3432 in
1161 3380 1324 3434 domo
1360 3379 1576 3435 Domini
1600 3382 1819 3436 abstulit
1849 3383 2123 3438 exercitus

548 3469 948 3533 Chaldaeorum,
1008 3480 1311 3541 cunctaque
1364 3487 1494 3526 vasa
1541 3487 1704 3528 aurea
1739 3483 1793 3527 et
1835 3487 2118 3544 argentea;

549 3576 820 3632 omneque
843 3577 918 3618 aes
946 3563 1201 3618 contrivit
1239 3562 1597 3619 Nabuzardan
1639 3564 1889 3636 princeps
1920 3582 2121 3637 coquo—

549 3669 696 3720 rum,
724 3664 777 3710 et
804 3655 926 3710 tulit
951 3670 1014 3710 ea
1062 3655 1115 3709 in
1146 3654 1492 3727 Babylonem.
1550 3655 1729 3724 Ipsum
1769 3673 1898 3713 vero
1949 3658 2117 3715 Sede-

547 3745 688 3800 ciam
729 3762 825 3816 per
857 3747 1031 3802 noctis
1076 3748 1289 3803 silentia
1324 3746 1614 3819 fugientem
1656 3766 1781 3804 cum
1811 3751 2122 3822 septingen-

546 3839 618 3893 tis
660 3839 813 3905 viris,
848 3850 1164 3908 persecutus
1197 3842 1471 3896 exercitus
1516 3842 1913 3905 Chaldaeorum,
1956 3843 2119 3914 inque

544 3930 765 3985 Jericho
807 3948 932 3985 eum
970 3941 1274 3995 assecutus,
1321 3934 1546 3988 adduxit
1572 3935 1639 3988 ad
1670 3950 1849 4004 regem
1884 3935 2116 4007 Babylo-

547 4022 634 4076 nis
659 4022 711 4075 in
747 4020 1008 4076 Reblatha
1054 4040 1067 4076 :
1117 4022 1461 4093 qui,judicio
1486 4024 1553 4078 de
1577 4024 1683 4094 illo
1715 4028 1767 4079 in
1800 4041 1879 4080 ira
1914 4024 2117 4082 furoris

547 4113 818 4178 instituto,
869 4114 939 4167 ob
972 4113 1232 4167 violatum
1271 4113 1486 4168 Domini
1525 4115 1908 4184 jusjurandum
1942 4119 2117 4175 etim-

2224 3196 2506 3252 πάντοθεν.
2535 3200 2694 3254 Ὅθεν
2720 3202 2770 3256 οἱ
2792 3202 3035 3267 πλείονες
3055 3205 3233 3259 αὐτῶν
3258 3207 3319 3261 ἐν
3348 3206 3487 3279 λιμῷ
3507 3205 3747 3278 διεφθάρη-

2224 3307 2341 3343 σανο
2374 3293 2423 3344 ol
2457 3292 2514 3345 δὲ
2546 3293 2603 3346 ἐν
2635 3296 2879 3367 ῥομφαίᾳ
2905 3296 3201 3352 ἀπώλοντο’
3236 3302 3383 3365 τινὲς
3411 3301 3469 3355 δὲ
3495 3300 3654 3355 αὐτῶν
3684 3301 3748 3354 alo

2224 3382 2494 3451 χμάλωτοι
2542 3383 2873 3456 ἐλήφθησαν,
2896 3389 2928 3458 ἡ
2953 3388 3009 3440 δὲ
3035 3389 3187 3454 πόλις
3212 3393 3537 3465 ὲνεπυρίσθη
3557 3395 3607 3446 ὲν
3629 3392 3744 3462 πυρίυ

2223 3472 2317 3525 καὶ
2343 3472 2372 3525 6
2394 3472 2518 3537 ναὸς
2539 3475 2632 3528 καὶ
2670 3475 2731 3529 τὸ
2763 3480 2939 3548 τεῖχος
2966 3478 3262 3553 καθῃρέθη.
3296 3484 3408 3537 Καὶ
3443 3485 3632 3547 πάντας
3652 3484 3747 3546 ea);

2222 3560 2526 3633 θησαυροὺς
2546 3564 2672 3629 τοὺς
2698 3566 3020 3638 εὑρεθέντας
3072 3571 3129 3622 ὲν
3159 3571 3297 3641 οἴκῳ
3341 3572 3559 3645 Κυρίου,
3601 3569 3747 3624 ἔλαϐεν

2223 3661 2255 3729 ἡ
2283 3657 2508 3729 δύναμις
2528 3657 2635 3712 τῶν
2662 3658 2964 3723 Χαλδαίων,
2990 3661 3086 3715 καὶ
3113 3663 3299 3717 πάντα
3328 3664 3396 3718 τὰ
3431 3665 3606 3736 σκεύη,
3625 3665 3682 3720 τά
3702 3679 3746 3715 τε

2222 3751 2397 3820 χρυσᾶ
2432 3749 2523 3803 καὶ
2546 3749 2780 3822 ἀργυρᾶ·
2803 3753 2897 3805 καὶ
2929 3752 3105 3807 πάντα
3136 3756 3340 3825 χαλκὸν
3380 3756 3619 3828 ἐξέκοψεν
3659 3756 3744 3808 Ναυ

2222 3839 2520 3911 ϐουζαρδὰν
2546 3842 2575 3894 6
2597 3842 3010 3914 ἀρχιμάγειρος,
3037 3845 3130 3898 καὶ
3152 3846 3355 3916 ἦνεγκε
3393 3849 3530 3902 αύτά
3554 3849 3627 3912 είς
3668 3846 3748 3898 θος

2223 3927 2452 3982 ϐυλῶνα.
2482 3930 2654 3984 Αὐτὸν
2688 3931 2743 3984 δὲ
2769 3931 2858 3985 τὸν
2895 3934 3150 3988 Σεδεκίαν
3184 3935 3273 3989 διὰ
3305 3938 3498 4001 νυκτὸς
3524 3938 3748 4008 φεύγοντα

2223 4019 2359 4091 μετά
2391 4020 2601 4092 ἀνδρῶν
2636 4023 2993 4089 ἑπτακοσίων,
3019 4026 3342 4094 κατεδίωξεν
3374 4031 3405 4100 ή
3432 4029 3641 4100 δύναμις
3661 4026 3743 4081 τῶν

2218 4113 2520 4179 Χαλδαίων,
2554 4116 2649 4170 καὶ
2678 4116 2974 4170 κατέλαϐον
2997 4118 3157 4171 αὐτὸν
3195 4120 3254 4172 ἐν
3296 4122 3519 4193 ’Ῐεριχὼ,
3545 4119 3627 4175 καὶ
3648 4120 3747 4189 ητα-

546 4204 649 4257 dus
723 4204 871 4273 quod
921 4220 1045 4258 eum
1085 4205 1178 4258 illo
1215 4206 1527 4276 pepigerat,
1571 4208 1690 4278 ejus
1742 4209 1884 4265 ﬁlios
1926 4226 2111 4267 coram

2223 4219 2311 4271 γον
2367 4204 2530 4258 αὑτὸν
2573 4205 2708 4277 πρὸς
2758 4205 2978 4277 βασιλέα
3029 4207 3347 4273 Βαϐυλῶνος
3388 4213 3467 4274 είς
3506 4206 3746 4262 Ῥεϐλαθά.

551 4296 672 4365 ipso
702 4295 990 4366 jugulavit,
1022 4311 1087 4350 ac
1117 4294 1353 4351 Sedeciae
1393 4297 1582 4352 oculos
1630 4301 1870 4366 caecavit,
1901 4302 2112 4371 ipsum-

2218 4296 2329 4348 Kal
2359 4296 2553 4367 ἐκρίθη
2579 4297 2695 4369 μετ’
2723 4298 2888 4353 αὐτοῦ
2926 4303 2954 4355 6
2990 4302 3243 4372 βασιλεὺς
3286 4304 3347 4357 ὲν
3388 4300 3557 4374 θυμῷ,
3600 4303 3650 4353 ἐν
3688 4296 3748 4365 τῷ

544 4403 651 4457 que
678 4386 854 4441 ferreo
882 4386 1055 4439 vinxit
1077 4387 1332 4454 pondere,
1364 4401 1429 4441 ac
1458 4385 1785 4456 Babylonem
1815 4390 1989 4455 duxit,
2020 4393 2111 4447 ubi

2223 4387 2657 4460 παραϐεϐηκέναι
2681 4390 2842 4444 αὐτὸν
2863 4394 2955 4445 τὸν
2978 4394 3138 4463 ὅρκον
3173 4393 3405 4465 Κυρίου,
3433 4393 3523 4447 καὶ
3548 4390 3635 4461 τὴν
3659 4386 3748 4440 δια-

544 4486 663 4532 erat
688 4476 896 4530 molens
927 4475 980 4528 in
1016 4475 1327 4529 molendino
1358 4475 1532 4530 donec
1568 4478 1709 4531 diem
1734 4479 1885 4533 obiit.
1913 4479 2115 4535 Defun-

2223 4479 2391 4552 θήκην
2419 4482 2487 4553 ἣν
2518 4481 2722 4535 διέθετο
2754 4483 2891 4555 πρὸς
2917 4485 3097 4551 αὐτὸν,
3135 4486 3227 4540 καὶ
3262 4488 3391 4550 τοὺς
3430 4484 3572 4547 υίοὺς
3614 4478 3745 4534 αὐτοῦ

544 4569 726 4636 ctique
754 4575 1029 4636 arreptum
1067 4565 1298 4620 cadaver
1337 4574 1483 4620 retro
1522 4582 1709 4623 muros
1743 4570 2111 4639 projecerunt.

545 4661 602 4712 In
629 4675 695 4713 eo
729 4659 1059 4728 completum
1088 4655 1337 4711 Jercmiaa
1362 4658 1643 4712 oraculum
1676 4658 1906 4714 dicentis
1936 4679 1949 4714 :
1987 4658 2112 4714 Vivo

544 4767 660 4819 ego,
690 4751 822 4804 dicit
847 4749 1138 4813 Dominus,
1191 4749 1320 4819 quia
1370 4749 1416 4802 si
1455 4750 1616 4818 fuerit
1649 4748 1930 4805 Jeehonias
1970 4752 2115 4821 ﬁlius

546 4838 756 4893 Joacim
787 4855 878 4895 rex
906 4839 939 4892 Ι
945 4841 1053 4894 uda
1073 4838 1300 4892 annulus
1323 4839 1379 4892 in
1406 4856 1564 4893 manu
1591 4840 1807 4894 dextera
1832 4856 1968 4908 mea,
1998 4842 2117 4896 inde

546 4931 765 4986 evellam
795 4944 865 4987 te.
899 4931 963 4986 Et
1005 4929 1141 4984 dabo
1170 4938 1219 4983 te
1246 4930 1303 4982 in
1333 4947 1491 4985 manu
1516 4933 1861 5001 querentium
1887 4933 2117 4987 animam

550 5039 718 5090 tuam,
750 5028 805 5080 in
837 5044 994 5081 manu
1017 5045 1050 5081 a
1078 5043 1299 5098 quorum
1320 5027 1458 5097 facie
1490 5036 1547 5079 tu
1576 5027 1855 5096 formidas,
1879 5027 1934 5080 in
1958 5044 2117 5081 manu

547 5118 939 5174 Clmldworum.
966 5118 1034 5174 Et
1063 5119 1342 5189 projiciam
1366 5129 1434 5185 te,
1455 5129 1504 5173 et
1532 5129 1752 5172 matrem
1781 5136 1899 5188 qua:
1923 5122 2116 5189 peperit

551 5223 619 5276 te,
650 5211 705 5263 in
739 5220 934 5264 terram
962 5212 1211 5277 alienant,
1255 5222 1301 5264 et
1340 5211 1633 5265 moriemini
1670 5211 1762 5265 ibi.
1810 5210 1878 5264 In
1922 5222 2117 5266 terram

547 5312 723 5357 autem
743 5319 899 5373 quam
922 5305 1052 5357 votis
1074 5311 1323 5370 expetant
1355 5303 1631 5357 animabus
1656 5304 1787 5370 suis,
1824 5321 1925 5359 non
1964 5307 2117 5359 redu-

551 5405 784 5449 cam‘te.
818 5394 1175 5448 Iulwnoratus
1215 5403 1291 5448 est
1341 5392 1645 5459 Jecltonias,
1687 5408 1745 5448 ut
1792 5414 1881 5450 vas
1908 5398 2113 5460 inutile,

552 5488 703 5556 cujus
751 5487 929 5542 nullus
968 5497 1044 5542 est
1091 5504 1252 5553 usus;
1295 5488 1490 5541 idcirco
1523 5489 1784 5558 projectus
1830 5500 1908 5544 est
1960 5502 2116 5560 atque

627 5601 672 5633 ⁷⁷
713 5600 779 5654 IV
823 5601 953 5671 lieg.
1002 5615 1147 5665 κων,
1191 5601 1277 5655 10.
1353 5600 1398 5632 ⁷⁸
1430 5598 1499 5654 IV
1542 5599 1673 5673 Reg.
1729 5619 1857 5671 xxv,
1901 5602 1989 5657 27.

629 5768 740 5839 (35)
775 5769 881 5839 AL,
911 5776 1211 5844 τριμήνων,
1244 5788 1437 5826 menses
1469 5780 1590 5827 tres.

2218 4571 2448 4640 ἔσφαξεν
2481 4572 2785 4646 ἔμπροσθεν
2810 4576 2998 4636 αὑτοῦ,
3024 4578 3118 4631 καὶ
3149 4580 3273 4642 τοὺς
3301 4576 3600 4648 ὀφθαλμοὺς
3622 4570 3744 4624 Σεδε-

2219 4663 2337 4717 κίου
2376 4664 2761 4735 ἐξετύφλωσεν.
2799 4669 2908 4721 Καὶ
2939 4667 3135 4723 ἔδωκεν
3166 4670 3328 4725 αὐτὸν
3355 4673 3416 4725 ὲν
3438 4669 3610 4731 πέδαις
3638 4664 3745 4733 σιδη·

2224 4756 2475 4826 ραῖς,καὶ
2492 4755 2697 4826 ἢγαγεν
2735 4756 2895 4810 αὑτὸν
2927 4760 3007 4822 είς
3033 4758 3345 4813 Βαϐυλῶνω
3370 4761 3462 4814 καὶ
3483 4756 3548 4830 ἦν
3570 4754 3745 4826 ἁλήθων

2221 4848 2281 4900 ὲν
2308 4846 2385 4918 τῷ
2423 4847 2646 4919 μύλωνι,
2690 4848 2794 4913 ἕως
2836 4850 2934 4920 τῆς
2980 4851 3191 4923 ἡμέρας
3220 4848 3288 4924 ἧς
3342 4851 3617 4906 ἀπέθανεν.
3656 4842 3745 4897 Ῐίτιἱ

2222 4940 2282 4991 ἐν
2330 4937 2409 5010 τῷ
2442 4939 2736 4995 ἀποθανεῖν
2782 4941 2963 5007 αὐτὸν,
3013 4942 3265 5005 λαϐόντες
3309 4943 3370 4996 τὸ
3413 4940 3565 5011 σῶμα
3590 4930 3742 4996 αὑτοῦ,

2223 5030 2452 5104 ἔρριψαν
2476 5032 2651 5086 ὀπίσω
2673 5033 2765 5087 τοῦ
2797 5034 3006 5104 τείχους
3031 5035 3235 5088 Νινευί.
3289 5035 3410 5088 Ἐπὶ
3438 5036 3616 5088 τούτου
3638 5027 3745 5096 πλη⁴

2226 5125 2411 5195 ροῦται
2442 5128 2474 5196 ἡ
2509 5126 2812 5196 προπτεία
2864 5126 3147 5197 Ἱερεμίου,
3190 5127 3437 5195 λέγοντος
3462 5144 3476 5157 ⁸
3520 5123 3603 5179 Ζῶ
3631 5120 3741 5191 ἐγὼν

2217 5217 2377 5285 λέγει
2416 5217 2645 5283 Κύριος.
2694 5216 2827 5271 Ἐὰν
2861 5218 3177 5285 γενόμενος
3219 5216 3456 5287 γένηται
3507 5212 3741 5285 Ἰεχονίας

2219 5308 2348 5373 υἱὸς
2402 5307 2665 5376 Ἰωακεὶμ
2708 5308 3006 5374 ,βασιλεὺς
3078 5308 3271 5364 Ἰούδα
3319 5306 3742 5377 ἀποσφράγισμα

2220 5405 2318 5458 ἐπὶ
2347 5403 2457 5472 τῆς
2478 5403 2675 5472 χειρός
2700 5421 2818 5472 μου
2846 5401 2955 5471 τῆς
2991 5401 3211 5469 δεξιᾶς,
3240 5401 3463 5457 ἐκεῖθεν
3490 5395 3740 5454 ἐκσπὰσω

2220 5509 2313 5559 σε,
2341 5491 2437 5546 καί
2481 5490 2650 5546 δώσω
2679 5507 2753 5546 σε
2781 5494 2867 5557 εὶς
2906 5492 3107 5562 χεῷας
3137 5491 3254 5548 τῶν
3294 5490 3611 5561 ζητούντων
3647 5482 3739 5552 τὴν
