3836 6330
585 313 688 367 6ίὸ

1459 315 1516 368 s.
1565 313 1922 372 Inmou'ri
1957 315 2110 373 ore.
2145 317 2324 372 PARS
2361 318 2402 372 ι.
2438 349 2508 360 -
2546 317 2950 375 exsomnes.
3672 323 3745 379 δι,

585 440 830 506 Macedo,
873 437 1087 496 sublato
1137 435 1320 496 Dario.
1347 450 1529 490 rerum
1555 436 1758 505 potitus
1789 445 1904 500 est;
1929 437 2074 506 quod
2109 438 2161 491 in

2274 441 2312 492 ai
2346 441 2604 514 ’Έλληνες
2622 460 2636 472 ·
2675 444 2813 514 μετὰ
2840 443 2950 513 γὰρ
2976 441 3211 512 Πέρσας,
3228 437 3550 511 Ἀλέξανδρος
3573 440 3749 520 ἐκράτη.

585 533 882 587 simulacro
910 545 980 583 ws
1007 527 1286 582 indicavit.
1313 528 1466 592 Quod
1508 535 1691 581 autem
1718 528 1871 596 dicit,
1895 529 1998 583 alie
2026 545 2158 598 qua-

587 637 707 678 tuor
751 621 1000 686 volucris,
1045 629 1096 675 et
1144 628 1372 691 quatuor
1415 618 1593 688 capita
1637 618 1834 685 bestias,
1864 619 2162 674 luculenter

587 714 827 770 ostendit
866 728 977 783 quo
1001 719 1160 782 pacto
1190 710 1484 766 Alexandri
1515 709 1817 765 dominatio
1843 709 1898 764 in
1926 721 2163 780 quatuor

589 814 772 876 partes
800 805 1060 860 distracta
1099 803 1292 868 fuerit;
1318 812 1548 873 quatuor
1577 801 1720 857 enim
1750 801 1928 872 capita
1953 801 2162 868 dicens,

588 908 822 969 quatuor
847 913 1023 968 reges,
1051 896 1144 966 qui
1172 911 1237 950 ex
1281 910 1346 950 ea
1389 903 1767 962 surrexerunt,
1799 893 2162 965 signiﬁcavit;

589 1004 904 1059 supremum
952 988 1096 1042 enim
1150 987 1292 1042 diem
1340 985 1528 1040 obiens
1572 983 1897 1051 Alexander,
1936 997 2163 1053 regnum

591 1097 751 1138 suum
812 1081 867 1135 in
928 1090 1166 1150 quatuor
1221 1089 1404 1149 partes
1461 1077 1660 1132 divisit.
1692 1075 1911 1140 Postea,
1967 1074 2163 1146 inquit,

589 1184 781 1245 quarta
831 1173 993 1228 bestia
1035 1171 1284 1225 terribilis
1313 1180 1466 1241 atque
1492 1170 1768 1240 stupenda,
1794 1170 1972 1224 dentes
1993 1169 2164 1238 ipsius

594 1267 771 1338 ferrei,
805 1276 852 1320 et
883 1281 1080 1334 ungues
1113 1263 1280 1334 ipsius
1327 1262 1470 1316 terei.
1501 1260 1736 1327 Quinam
1770 1274 1900 1315 vero
1931 1259 1988 1314 hi
2015 1267 2166 1326 sunt,

593 1357 699 1412 nisi
730 1356 996 1410 Romani?
1029 1353 1269 1422 Quorum
1318 1367 1544 1422 regnum
1581 1351 1637 1407 in
1682 1350 1971 1422 praesentia
2016 1350 2166 1405 exsi-

594 1459 744 1504 stcns
772 1447 914 1502 ferro
941 1445 1036 1516 (in
1068 1444 1401 1516 simulacro)
1427 1451 1808 1514 comparatur;
1843 1458 2004 1496 crura
2026 1442 2164 1497 enim

593 1540 729 1610 ejus,
755 1539 948 1610 inquit,
981 1539 1173 1607 ferrea.

666 1727 735 1780 Il.
776 1722 905 1778 Post
951 1722 1067 1777 haec
1111 1721 1278 1790 igitur
1316 1719 1448 1790 quid
1492 1728 1759 1790 superest,
1803 1718 2024 1774 dilecti?
2064 1717 2173 1773 nisi

595 1817 823 1889 vestigia
849 1813 1046 1886 pedum
1069 1812 1369 1878 simulacri,
1399 1813 1454 1867 in
1480 1813 1678 1883 quibus
1707 1828 1831 1882 pars
1849 1812 1951 1867 erit
1975 1811 2168 1882 ferrea,

2263 549 2355 586 σεν
2383 533 2412 585 ὁ
2442 533 2727 598 Μακεδὼν,
2767 531 3008 586 καθελὼν
3045 533 3268 600 Δαρεῖον
3287 546 3302 561 '
3330 530 3358 582 δ
3383 530 3617 588 δέδεικται
3638 537 3682 589 ὲν
3706 543 3750 612 τῇ

2261 623 2429 676 εἰκόνι
2459 625 2488 676 ό
2518 625 2763 694 χαλκός.
2795 624 2869 677 Τὸ
2913 623 2971 677 δὲ
3018 621 3200 690 λέγειν
3238 623 3417 689 πτερὰ
3440 624 3665 694 τέσσαρα
3686 647 3755 684 τε·

2263 713 2480 780 τεινοῦ,
2503 715 2601 769 καί
2628 714 2920 784 τέσσαρες
2945 711 3202 783 κεφαλαὶ
3229 711 3312 777 τῷ
3333 713 3501 780 θηρίῳ
3517 716 3754 785 σαφέστατε

2265 803 2454 871 ἔδειξε,
2483 806 2601 871 πῶς
2624 805 2936 878 διεμερίσθη
2961 805 3044 868 εἰς
3074 802 3317 874 τέσσαρα
3356 804 3486 876 μέρη
3518 807 3548 877 ή
3577 807 3757 876 βασιλεία

2281 895 2651 969 Ἀλεξάνδρου·
2686 897 2988 966 τέσσαρας
3031 895 3140 968 γὰρ
3188 895 3450 964 κεφαλὰς
3489 895 3652 964 εἰπὼν,
3673 905 3758 968 τοὶς

2266 986 2536 1060 τέσσαρας
2565 987 2800 1058 βασιλεῖς
2840 987 2966 1053 τσὺς
2994 987 3053 1054 ἐξ
3082 985 3256 1057 αὐτῆς
3279 986 3590 1054 ἀναστάντας
3614 992 3759 1064 ἐμήνυ-

2269 1094 2328 1130 σε
2349 1095 2363 1108 ·
2393 1078 2658 1132 τελευτῶν
2703 1079 2810 1152 γὰρ
2860 1080 2890 1133 ὁ
2934 1077 3302 1150 Ἀλέξανδρος,
3334 1078 3487 1132 διεῖλε
3655 1083 3760 1152 βασι-

2267 1169 2418 1224 λείαν
2443 1169 2606 1224 αὐτοῦ
2640 1172 2719 1236 εἰς
2742 1170 2983 1242 τέσσαρα
3011 1170 3415 1242 μέρη.Ἔπειτα
3450 1171 3585 1242 φησὶ,
3617 1179 3764 1242 θηρίον

2269 1261 2548 1330 τέταρτον
2584 1263 2840 1333 φοϐερὸν
2867 1264 2968 1319 καί
2991 1264 3296 1334 ἐκθαμὸον
3311 1279 3327 1293 ·
3366 1265 3418 1318 ol
3459 1263 3667 1332 ὀδόντες
3698 1272 3767 1323 αὺ-

2269 1353 2376 1407 τοῦ
2408 1353 2664 1423 σιδηροῒ,
2692 1356 2793 1410 καί
2841 1359 2895 1412 οι
2937 1356 3158 1426 ὄνυχες
3201 1355 3388 1411 αὑτοῦ
3426 1358 3647 1426 χαλκοῖ·
3671 1362 3766 1426 τίνες

2267 1439 2361 1497 οὖν
2393 1439 2558 1512 οὗτοι,
2598 1445 2714 1500 ἀλλ’
2735 1446 2771 1518 ἢ
2803 1447 3094 1520 Ῥωμαῖοι;
3129 1449 3268 1519 ὅπερ
3313 1447 3455 1502 ἐστὶν
3483 1451 3510 1502 ὁ
3538 1449 3767 1522 σίδηρος,ή

2268 1534 2365 1590 νῦν
2395 1536 2609 1592 ἑστῶσα
2639 1537 2916 1609 βασιλείαο
2964 1543 3024 1596 al
3055 1540 3282 1610 κνῆμαι
3320 1539 3428 1611 γὰρ
3458 1541 3640 1611 αὐτῆς,
3663 1547 3768 1614 φησι,

2275 1625 2526 1697 σιδηραῖ
2545 1629 2681 1701 (59).

2349 1723 2414 1774 ll.
2457 1721 2614 1777 Μετά
2657 1725 2710 1793 γ’
2749 1721 2844 1780 οὖν
2895 1724 3051 1778 τοῦτο
3099 1727 3154 1779 τί
3221 1725 3574 1798 περιλείπεται
3614 1729 3770 1802 ἀγαπη-

2275 1829 2357 1866 τοι
2376 1811 2488 1884 (60)
2510 1829 2525 1878 ;
2553 1813 2668 1867 ἀλλ’
2691 1813 2725 1886 ἢ
2751 1813 2820 1868 τὰ
2851 1815 2968 1885 ίχνη
2989 1813 3097 1868 τῶν
3123 1815 3304 1869 ποδῶν
3327 1817 3425 1888 τῆς
3447 1818 3645 1880 εἰκόνος,
3668 1821 3708 1871 ὲν
3722 1816 3771 1884 οἷς

597 1927 722 1980 pars
749 1917 922 1962 autem
953 1914 1136 1970 testea,
1169 1903 1328 1959 simul
1349 1905 1658 1960 commistw.
1681 1903 1902 1975 Myslice
1922 1901 2171 1973 designa-

2274 1901 2450 1972 μέρος
2481 1905 2596 1973 μέν
2618 1920 2675 1957 τι
2698 1904 2867 1958 ἔσται
2897 1905 3211 1974 σιδηροῦν,
3237 1906 3422 1975 μέρος
3451 1906 3515 1960 δέ
3546 1924 3592 1960 τι
3623 1909 3768 1977 daqu-

597 2002 677 2055 vit
704 2015 799 2070 per
829 1997 1027 2067 digitos
1058 1995 1279 2065 pedum,
1314 1995 1497 2049 decem
1527 2010 1680 2065 reges
1709 2009 1777 2049 ex
1805 1993 1924 2065 ipso
1954 1993 2165 2066 (regno)

2275 2011 2463 2060 mror,
2502 1995 2943 2066 ἀναμεμιγμένα
2987 1999 3070 2063 είς
3115 1995 3384 2064 ἄλληλα.
3418 1999 3674 2061 Μυστικῶς
3695 2000 3772 2069 ὲδή·

597 2090 915 2148 excitandos
939 2107 952 2142 ε
983 2085 1129 2158 quod
1157 2085 1232 2140 ait
1255 2084 1478 2140 Daniel:
1499 2084 1909 2140 Considerabam
1933 2085 2174 2149 bestiam,

598 2193 650 2238 et
693 2199 808 2237 ecce
850 2196 1048 2234 cornua
1091 2177 1266 2232 decem
1307 2187 1421 2246 post
1451 2193 1590 2241 eam,
1624 2177 1678 2232 in
1714 2177 1914 2248 quibus
1946 2176 2181 2248 prodibit

601 2275 750 2329 aliud
789 2269 1096 2343 (parvum)
1131 2269 1428 2332 adnatum;
1457 2284 1554 2339 per
1591 2270 1739 2340 quod
1772 2269 1991 2325 nonnisi
2017 2267 2176 2324 Anti-

599 2367 840 2422 christus
884 2377 1182 2433 exsurgens
1227 2360 1576 2432 designatur;
1623 2363 1740 2432 ipse
1795 2371 1978 2418 autem
2027 2361 2180 2417 Juda:

599 2473 826 2529 regnum
881 2455 1147 2510 restituet.
1181 2452 1299 2508 Jam
1348 2455 1452 2507 tria
1502 2470 1701 2508 cornua
1731 2453 1918 2509 dicens
1963 2453 2031 2508 ab
2062 2453 2179 2523 ipso

599 2548 769 2614 evelli,
799 2557 909 2602 tres
937 2561 1092 2616 rcges
1119 2545 1367 2616 designat
1398 2544 1640 2616 Egypti,
1674 2544 1857 2618 Libya:
1881 2555 1936 2600 et
1967 2543 2180 2600 Ethio-

601 2641 725 2711 pite,
753 2653 895 2711 quos
926 2639 980 2692 in
1013 2637 1129 2693 acie
1157 2637 1282 2692 belli
1313 2637 1616 2692 interliciet.
1635 2636 1738 2702 Qui
1770 2637 2023 2691 omnibus
2053 2636 2181 2691 sub-

600 2731 762 2796 actis,
791 2729 1022 2785 immitis
1056 2739 1110 2785 et
1136 2729 1374 2784 crudelis
1401 2736 1664 2800 tyrannus
1691 2727 1980 2793 exsistens,
2009 2726 2183 2781 tribu-

600 2823 859 2880 lationem
887 2831 941 2877 et
968 2820 1401 2893 persecutionem
1433 2821 1486 2874 in
1516 2829 1736 2876 sanctos
1776 2818 1959 2885 faciet,
1987 2818 2180 2874 adver-

602 2933 698 2974 sus
734 2932 830 2970 eos
875 2915 1073 2970 elatus.
1109 2911 1241 2968 Post
1266 2927 1426 2982 quem
1470 2913 1739 2982 reliquum
1771 2919 1876 2976 est,
1911 2920 1970 2966 ut
2001 2911 2183 2967 veniat

601 3010 669 3064 de
697 3009 837 3063 cwlo
865 3007 1021 3076 lapis,
1065 3006 1155 3075 qui
1183 3005 1440 3074 percussit
1477 3003 1844 3068 simulacrum,
1869 3012 1924 3058 et
1949 3001 2180 3058 commi-

602 3101 960 3166 nuitillud,et
983 3099 1261 3154 transtulit
1284 3099 1468 3152 omnia
1498 3106 1755 3166 regna,et
1785 3097 1932 3152 dedit
1953 3111 2177 3168 regnum

600 3194 804 3248 sanctis
857 3189 1139 3246 Altissimi.
1171 3191 1271 3245 llic
1311 3189 1486 3246 factus
1531 3198 1613 3245 est
1664 3205 1812 3243 mons
1859 3204 2104 3259 magnus,
2131 3196 2180 3241 et

598 3285 831 3353 implevit
857 3284 1160 3336 universam
1191 3291 1408 3334 terram.

2279 2086 2418 2139 λωσε
2455 2085 2542 2140 διὰ
2583 2087 2693 2142 τῶν
2719 2088 2993 2142 δακτύλων
3024 2089 3132 2142 τῶν
3160 2088 3363 2154 ποδῶν,
3396 2090 3515 2152 τοὺς
3541 2089 3651 2142 δέκα
3672 2089 3772 2160 βοει-

2280 2178 2391 2242 λεῖς
2419 2178 2546 2242 τοὺς
2576 2178 2634 2246 ἐξ
2661 2180 2830 2251 αὐτῆς
2858 2179 3272 2252 ἐγειρομένουςο
3297 2181 3434 2252 ὅπερ
3464 2181 3596 2248 λέγει
3618 2182 3772 2251 Amri-

2279 2272 2665 2340 Προσενόουν
2690 2271 2770 2338 τῷ
2803 2273 3000 2342 θηρίῳ,
3031 2273 3130 2326 καὶ
3158 2271 3294 2327 ίδοὺ
3327 2272 3470 2327 δέκα
3493 2277 3674 2341 κέρατα
3691 2275 3765 2325 ἀτί-

2280 2374 2370 2413 σω
2391 2360 2597 2424 αὐτοῦ,
2627 2361 2684 2414 tv
2709 2356 2790 2425 οἷς
2819 2361 3145 2433 ἀναδήσεται
3169 2362 3382 2432 ἕτερον
3407 2363 3774 2432 παραρυὰδιινο

2279 2453 2416 2524 ὅπερ
2443 2451 2706 2506 δέδεικται
2731 2453 2844 2525 οὐχ’
2869 2454 3052 2526 ἕτερος
3078 2454 3193 2508 ἀλλ’
3218 2457 3252 2526 ἦ
3277 2457 3308 2509 ό
3335 2455 3662 2529 Ἀντξχριστος
3678 2458 3775 2523 ἐγει-

2283 2542 2538 2615 ρόμενος·
2570 2543 2665 2597 καί.
2696 2545 2856 2609 αὐτὸς
2884 2544 2982 2618 τὴν
3027 2545 3195 2600 Ἰούδα
3243 2545 3515 2617 βασιλείαν
3540 2546 3774 2616 ἀναστήσει.

2288 2635 2421 2702 Τρία
2445 2634 2502 2688 δὲ
2530 2635 2748 2704 κέρατα
2777 2636 2949 2706 λέγων
2992 2638 3080 2692 ὑπ’
3115 2637 3286 2691 αὑτοῦ
3315 2637 3671 2706 ἐκριζοῦσθαι,

2281 2729 2426 2798 τρεῖς
2472 2725 2707 2798 βασιλεῖς
2741 2727 3028 2793 δείκνυσιν,
3059 2729 3362 2798 Αἰγύπτου,
3397 2729 3594 2782 Λιϐύων
3617 2745 3681 2792 τε,
3711 2727 3772 2779 καὶ

2281 2817 2572 2884 Αἰθιόπων,
2603 2818 2696 2883 οὓς
2723 2821 2900 2874 ἀνελεῖ
2923 2822 2980 2874 tv
3003 2821 3308 2893 παρατάξει
3335 2819 3560 2890 πολέμου
3577 2836 3591 2850 ο
3620 2819 3667 2882 ὃς
3686 2837 3774 2889 xpu-

2280 2911 2450 2982 τήσας
2501 2911 2717 2966 πάντων
2764 2912 2953 2978 δεινὸς,
2992 2914 3377 2986 ὠμοτύραννος
3420 2913 3492 2968 ὢν
3537 2911 3682 2981 θλίψιν
3713 2913 3778 2964 καί

2280 3003 2520 3074 διωγμὸν
2561 3004 2655 3056 ἐπὶ
2699 3005 2826 3068 τοὺς
2858 3006 3046 3075 ἁγίους
3074 3007 3318 3078 ποιήσει,
3351 3005 3674 3078 ἐπαιρόμενος
3695 3003 3774 3056 κατ’

2282 3094 2458 3150 αὐτῶν
2477 3112 2492 3127 ·
2523 3096 2640 3167 μεθ’
2665 3095 2723 3150 ὃν
2750 3097 2933 3152 λοιπὸν
2960 3097 3072 3169 (61)
3097 3097 3222 3168 ἥξει
3253 3098 3351 3152 ἀπ’
3377 3096 3598 3172 οὐρανῶν
3619 3097 3772 3159 όλίθο(

2282 3189 2315 3240 ὁ
2357 3187 2626 3255 πατάξας
2675 3189 2789 3256 τὴν
2828 3191 3052 3254 εἰκόνα,
3084 3190 3177 3244 καὶ
3226 3188 3519 3260 συντρίψας
3539 3183 3777 3257 αὐτὴν,καὶ

2287 3281 2627 3351 μεταστήσας
2657 3281 2835 3344 πάσας
2863 3281 2959 3346 τὰς
2990 3281 3286 3352 βασιλείας,
3305 3281 3402 3336 καὶ
3433 3281 3549 3344 δοὺς
3573 3278 3653 3350 τὴν
3673 3277 3773 3348 βασι-

599 3376 746 3430 λείαν
785 3375 960 3444 ἁγίοις
998 3375 1252 3445 Ὑψίστου
1271 3392 1286 3404 ·
1314 3365 1468 3436 οὗτος
1497 3373 1525 3426 ὁ
1550 3371 1796 3442 γενηθεὶς
1843 3370 1979 3438 ὅρος
2004 3370 2176 3439 μέγα,
2210 3370 2308 3423 καὶ
2335 3371 2657 3440 πληρώσας
2683 3372 2887 3428 πᾶσαν
2915 3373 3031 3442 τὴν
3054 3372 3187 3444 γῆν.

672 3467 764 3520 Ill.
805 3466 942 3521 Cum
975 3465 1090 3522 haec
1129 3466 1312 3535 itaque
1346 3464 1525 3520 futura
1554 3465 1682 3530 sint,
1711 3473 1766 3520 ct
1807 3463 1962 3536 digiti
2005 3464 2171 3518 simu-

2349 3465 2439 3519 ΙΙΙ.
2478 3465 2694 3519 Τούτων
2728 3462 2820 3521 οὖν
2848 3467 3144 3538 ἐσομένων,
3185 3469 3280 3522 καὶ
3306 3467 3415 3523 τῶν
3447 3463 3684 3520 δακτύλων
3711 3460 3777 3530 τῆς

603 3560 736 3614 lacri
786 3559 838 3612 in
887 3559 1248 3613 democratias
1297 3557 1632 3621 transierint,
1665 3566 1718 3612 et
1759 3557 1942 3612 decem
1971 3570 2174 3612 cornua

601 3652 788 3707 bestia:
815 3651 868 3704 in
900 3651 1084 3704 decem
1115 3665 1275 3716 regna
1305 3650 1478 3704 divisa
1505 3649 1736 3712 fuerint;
1761 3663 1881 3718 qua:
1904 3647 2173 3718 proposita

601 3749 750 3806 sunt,
785 3741 1044 3796 attentius
1079 3742 1457 3810 inspiciamus,
1490 3756 1662 3810 eaque
1715 3741 2011 3794 lustremus
2041 3753 2176 3807 quo-

601 3833 896 3888 dummodo
925 3833 1098 3888 oculis
1135 3831 1289 3902 ipsis.
1323 3831 1494 3902 Caput
1522 3848 1739 3886 aureum
1767 3831 2062 3896 simulacri,
2097 3838 2173 3884 est

599 3923 787 3987 laena,
813 3939 922 3993 qua
951 3923 1228 3994 Babylonii
1273 3923 1836 3993 repraesentabantur;
1871 3921 2091 3985 humeri,
2124 3929 2174 3975 et

601 4011 816 4065 brachia
860 4022 1125 4082 argentea,
1158 4028 1335 4078 ursus,
1373 4027 1481 4082 quo
1529 4010 1707 4066 Persa
1755 4010 2175 4080 designabantur

598 4111 656 4156 et
680 4102 838 4156 Medi.
873 4101 1059 4156 Venter
1100 4113 1149 4156 et
1180 4103 1381 4172 femora
1422 4119 1587 4169 amca,
1615 4102 1833 4168 pardus,
1863 4118 1972 4172 quo
2002 4100 2173 4156 Gmci

599 4195 694 4264 qui
719 4195 786 4248 ab
800 4193 1107 4249 Alexandro
1128 4195 1484 4263 imperarunt,
1514 4194 1961 4264 signiﬁcabantur
1981 4213 1995 4261 ;
2017 4213 2174 4250 crura

601 4290 792 4359 ferrea,
827 4290 992 4342 bestia
1023 4291 1300 4358 stupenda,
1326 4308 1388 4344 ac
1417 4290 1688 4356 terribilis,
1725 4289 1957 4346 Romani
1997 4299 2170 4355 erant,

600 4382 692 4452 qui
724 4380 888 4435 modo
917 4380 1204 4450 imperium
1235 4391 1450 4446 tenent;
1482 4383 1702 4453 vestigia
1729 4383 1917 4452 pedum
1951 4391 2085 4436 testa
2123 4391 2174 4435 et

607 4473 820 4536 ferrum,
847 4480 972 4526 sunt
993 4473 1176 4527 decem
1209 4487 1437 4540 cornua,
1468 4489 1586 4544 quae
1617 4471 1797 4528 futura
1825 4481 1981 4541 sunt;
2013 4488 2173 4527 cornu

607 4564 826 4617 alterum
861 4579 1098 4630 parvum,
1123 4564 1261 4633 quod
1290 4565 1426 4618 inter
1450 4564 1565 4632 ipsa
1590 4563 1916 4630 adnascitur,
1947 4571 2030 4617 est
2059 4561 2172 4616 An-

607 4654 922 4721 tichristus;
953 4655 1088 4724 lapis
1134 4657 1426 4724 percutiens
1464 4656 1809 4709 simulacrum
1859 4663 1910 4708 et
1953 4653 2171 4707 commi-

603 4760 790 4810 nuens,
820 4743 912 4813 qui
937 4744 1180 4814 implevit
1207 4756 1430 4815 terram,
1457 4745 1708 4802 Christus
1737 4755 1872 4801 este
1896 4745 2048 4800 cmlis
2076 4761 2170 4800 re-

600 4837 778 4901 niens,
813 4842 869 4888 et
897 4837 1100 4891 mundo
1125 4837 1391 4907 judicium
1420 4838 1682 4894 inducens
1715 4837 1851 4908 (58).

671 4923 761 4979 1V.
801 4923 1002 4982 Verum
1032 4944 1100 4983 ne
1129 4929 1184 4983 in
1215 4930 1317 4984 hac
1342 4939 1492 5000 parte
1515 4929 1854 5002 propositum
1881 4943 2169 4998 argumen-

673 5039 788 5115 (58)
828 5039 946 5097 Huc
977 5059 1150 5114 usque
1175 5045 1324 5114 paria
1350 5045 1603 5115 leguntur
1622 5046 1678 5101 in
1701 5045 1795 5100 lib.
1823 5042 1900 5098 De
1927 5059 2170 5115 consum--

599 5112 830 5164 matione
856 5112 1223 5177 mundi,'sec_t.
1249 5115 1337 5178 14,
1362 5112 1426 5169 σι’
1447 5117 1502 5169 in
1527 5119 1696 5170 altero
1724 5115 1797 5169 De
1817 5114 2162 5177 Antichristo,

599 5191 749 5255 sect.
769 5182 842 5236 23
867 5197 943 5255 ac,
961 5198 1099 5253 seq.,
1139 5201 1368 5255 quorum
1394 5181 2169 5255 primusvelutisupposititius

600 5253 865 5333 rejicitur,
897 5254 1034 5307 alter
1078 5253 1355 5336 probatur.
1395 5253 1629 5324 Uterque
1657 5266 1840 5310 tamen
1877 5253 2168 5333 interpola-

600 5328 692 5402 tus
739 5320 894 5377 facile
924 5325 1342 5393 deprehenditur
1392 5325 1554 5395 hujus
1591 5325 1966 5380 Commentam’
1998 5323 2166 5379 colla-

602 5399 786 5536 ῗιῆιδῗλ)
825 5462 956 5530 Qua:
985 5464 1124 5536 apud
1156 5465 1501 5536 Anastasium
1541 5463 1826 5531 Sinaitam,
1855 5475 2047 5536 quaest.
2075 5462 2168 5531 48,

601 5531 852 5606 leguntur
895 5551 977 5606 ex,
1010 5531 1278 5606 Hippolyti
1315 5535 1719 5589 Commentariis
1765 5537 1820 5588 in
1872 5531 2168 5606 Danielem,

600 5601 1018 5724 achrcferenda
1044 5601 1348 5661 summu
1372 5606 1480 5678 γὰρ
1507 5607 1760 5678 σιδηρῶν,
1795 5624 1848 5662 κ.
1881 5625 1930 5661 τ.
1961 5606 2010 5659 λ.
2042 5604 2168 5662 Vid.

643 5689 654 5721 ι
685 5689 723 5723 r.
749 5710 762 5724 .

643 5689 762 5725 lll‘ﬂ.

2278 3559 2481 3622 εἰκόνος
2518 3559 2596 3623 εἰς
2639 3559 3006 3630 δημοκρατίας
3032 3562 3421 3632 χωρησάντων,
3454 3557 3542 3613 καὶ¹
3577 3555 3665 3609 τῶν
3687 3552 3779 3605 δέκα

2277 3651 2521 3723 κεράτων
2565 3650 2658 3704 τοῦ
2707 3651 2895 3722 θηρῖου
2931 3651 3044 3722 (62)
3093 3653 3171 3715 εἰς
3197 3652 3330 3706 δέκα
3378 3649 3630 3722 βασιλείας
3665 3660 3772 3716 μερι-

2279 3740 2510 3794 σθέντων
2529 3756 2542 3770 ⁸
2576 3740 2772 3810 ἴδωμεν
2793 3740 3122 3812 σαφέστερον
3147 3740 3217 3794 τὰ
3243 3741 3590 3814 προκείμενα,
3619 3736 3694 3788 καί
3715 3750 3778 3783 και

2275 3831 2622 3902 τανοήσωμεν
2655 3831 2794 3884 αὐτὰ
2821 3831 3274 3903 ὀφθαλμοφανῶς.
3304 3830 3543 3902 Κεφαλὴ
3562 3827 3654 3895 τῆς
3673 3823 3775 3878 εἰκό-

2275 3940 2380 3988 νος
2400 3921 2622 3992 χρυσῆ,
2641 3923 2812 3977 ἐστιν
2833 3925 2871 3992 ἡ
2892 3924 3122 3989 λέαινα,
3151 3925 3477 3979 Βαϐυλωνίοι
3507 3918 3650 3993 ἦσαν·
3675 3913 3775 3985 ὦμοι

2275 4016 2373 4070 καί
2397 4017 2718 4087 βραχίονες
2747 4017 3012 4088 ἀργιιροῒ,
3040 4019 3078 4087 ἡ
3100 4017 3338 4087 ἄρκτος,
3368 4017 3564 4089 Πέρσαι
3593 4011 3670 4065 καὶ
3692 4007 3774 4075 Mi.“

2273 4109 2352 4161 δοι
2371 4125 2384 4139 °
2417 4109 2617 4163 κοιλία
2650 4109 2747 4162 καί
2770 4110 2946 4178 μηροὶ
2989 4109 3228 4180 χαλκοῖ,
3257 4111 3298 4178 ἡ
3326 4107 3618 4176 πάρδαλις,
3641 4102 3678 4154 οἱ
3701 4096 3776 4151 ἀπλ

2289 4200 2632 4271 Ἀλεξάνδρου
2680 4203 3054 4274 κρατήσαντες
3091 4200 3352 4273 ’Έλληνες
3374 4217 3387 4232 ·
3428 4197 3626 4268 κνῆμαι
3656 4189 3776 4252 σιεηα

2269 4291 2391 4360 ραῖ,
2443 4294 2647 4361 θηρίον
2695 4293 2992 4363 ἕκθαμϐον
3044 4293 3143 4347 καί
3189 4292 3462 4362 φοϐερὸν,
3491 4287 3705 4357 Ῥωμαῖοι
3740 4280 3772 4330 oi

2275 4382 2368 4437 νῦν
2391 4382 2715 4454 κρατοῦντες
2733 4400 2747 4414 ·
2780 4383 2918 4451 ἴχνη
2963 4381 3162 4437 ποδῶν
3190 4383 3505 4451 ὄστρακον,
3535 4378 3619 4432 καί
3651 4370 3776 4434 σίδη-

2266 4492 2394 4543 ρος,
2423 4474 2491 4528 τὰ
2536 4475 2665 4528 δέκα
2710 4474 2914 4546 κέρατα
2955 4475 3023 4528 τὰ
3073 4476 3333 4547 μέλλοντα
3375 4471 3603 4532 ἔσεσθαι·
3643 4465 3771 4532 κέρας

2271 4565 2474 4634 ἕτερον
2515 4566 2731 4636 μικρὸν
2774 4568 3191 4637 ἀναφυόμενον
3233 4567 3306 4621 ἐν
3350 4564 3560 4630 αὐτοῖς,
3590 4561 3615 4612 ὁ
3644 4553 3772 4610 ’Λντίε

2271 4673 2520 4728 χριστοςο
2555 4658 2725 4723 λίθος
2751 4661 2783 4712 ό
2809 4658 3138 4712 πατιὶσσων
3176 4657 3291 4726 τὴν
3327 4659 3522 4716 εἰκόνα
3554 4651 3637 4706 καὶ
3667 4660 3772 4702 συν⁹

2272 4750 2500 4818 τρίϐων,
2535 4752 2563 4804 ὁ
2606 4750 2898 4823 πληρώσας
2929 4750 3023 4822 τὴν
3058 4751 3188 4821 γῆν,
3211 4751 3440 4823 Χριστὸς
3478 4746 3564 4802 ἀπ’
3586 4735 3772 4813 οὐρανῶν

2205 4807 2248 4862 D
2275 4807 2588 4913 ἐρχόμενος,
2623 4807 2816 4912 natu-ci?)
2839 4807 3025 4913 xbapip
3252 4807 3489 4910 ἐναγῶν.

2343 4933 2434 4987 IV.
2478 4935 2591 4988 Ἵνα
2620 4935 2675 4988 δὲ
2705 4934 2824 5006 μηδ’
2839 4937 2896 4989 tv
2915 4934 3086 5011 τούτῳ
3109 4935 3482 4996 ἀναπόδεικτον
3506 4921 3770 4990 καταλείψω-

2277 5049 2362 5103 vel
2395 5048 2688 5122 ἀγαπητοί,
2715 5049 3009 5118 aliquando
3036 5049 3197 5103 etiam
3235 5050 3289 5104 in
3320 5041 3646 5122 supposititiis
3667 5034 3770 5122 9‘16:

2273 5135 2499 5193 19‘“???-
2528 5117 2764 5188 ΑΡΡπθῑ
2793 5117 2975 5193 illum!
3010 5131 3259 5193 nostrum
3300 5117 3704 5193 commentarium
3721 5117 3768 5157 ιι

2277 5183 2512 5244 iibmiliis
2543 5183 2814 5252 constare,
2856 5190 3055 5244 habitis
3085 5191 3137 5244 in
3167 5201 3432 5244 conventu
3467 5183 3720 5255 ﬁdelium.”

2345 5259 2470 5330 (οι)Δ
2497 5256 2553 5310 1η
2597 5259 2697 5330 lib.
2723 5242 3159 5330 οεἈνίιὲέιιιῐίεέζ,
3177 5242 3278 5326 ἐς,
3317 5242 3439 5330 ’μετ’
3461 5256 3634 5330 ὀλίγον.
3666 5242 3765 5330 [ιιι.

2274 5313 2410 5401 seet.
2440 5313 2493 5395 ὃ,
2529 5328 2715 5401 ἐπειδὴ
2742 5313 2929 5401 καιρὸς
2961 5313 3159 5384 λοιπὸᾶ
3192 5313 3409 5385 ἀπαιτεῖ
3436 5347 3450 5383 ;
3477 5313 3766 5401 Tanaquillus

2271 5399 2447 5471 Faber
2467 5415 2487 5471 ς
2505 5394 2716 5471 _Cuivis_,
2743 5394 2936 5467 inquit,
2959 5410 3208 5470 appareat
3235 5417 3329 5471 pro
3351 5394 3628 5471 lotnbvlegi
3647 5399 3763 5471 φατ’

2268 5477 2374 5590 (tiere
2399 5467 2582 5536 ούδέν;
2615 5469 2745 5538 quin
2777 5471 2939 5524 etiam
2978 5467 3199 5542 apparet
3226 5467 3360 5526 nihil
3385 5484 3500 5526 esse
3527 5467 3762 5519 immutan-

2308 5554 2420 5590 um.

2308 5554 2420 5592 um.

2339 5608 2450 5683 (θῖ)
2491 5607 2720 5683 Gud‘ins,
2743 5607 2844 5683 and
2863 5607 3265 5683 θυσιαστηρίου.
3290 5605 3636 5683 Combeﬁsius,
3653 5592 3761 5683 Ιιξξά

2265 5665 2577 5748 paenitendo,
2607 5665 2800 5748 inquit,
2823 5689 3011 5732 conatu
3034 5665 3414 5738 emendavit-66
3442 5675 3664 5749 τετάρτω
3684 5665 3758 5734 0'1'

673 5744 787 5811 (60)
828 5741 979 5812 Stepc
1005 5745 1056 5798 in
1089 5743 1355 5817 Hippolyti
1387 5747 1602 5818 scriptis
1627 5749 1865 5804 occurrit
1889 5750 2165 5822 ἀγαπητέ,
2265 5741 2385 5820 ρίου
2421 5768 2434 5802 :
2465 5741 2608 5820 quod
2637 5741 2800 5820 prope
2826 5765 3014 5806 verum
3042 5763 3144 5809 est.
