3876 6340
198 310 281 367 “9
1271 294 1692 353 FRAGMENTA
1729 293 1797 351 IN
1830 293 2199 350 DANIELEM.
2310 320 2327 335 ο
3253 296 3358 351 0350

195 422 270 477 λέα
288 437 299 451 υ
316 417 368 470 τὸ
380 410 461 469 οὖν
480 409 667 466 ἐλθεῖν
691 409 837 478 πρὸς
860 408 1045 463 αὑτὸν
1069 409 1159 461 τὸν
1184 409 1335 479 κριὸν
1362 409 1457 462 καί
1484 410 1688 479 timue-
1714 439 1726 466 Α

1821 423 1957 461 num
1997 407 2050 461 in
2093 407 2305 476 faciem,
2343 418 2392 461 et
2420 408 2743 472 contriverit,
2769 411 3127 482 et'prOJecerit
3162 411 3218 463 in
3254 421 3352 464 tei-

196 513 333 582 θῆνιιι
354 506 532 564 αὑτὸν.
562 502 658 557 καί
686 504 865 570 τύψαι
895 499 1081 555 αὑτὸν
1102 500 1200 553 ἐπι
1232 500 1299 554 τὸ
1342 503 1685 568 πρόσωπον,

1827 514 1929 565 am,
1953 507 2002 552 et
2026 498 2539 565 conculcaverit,hoc
2567 500 2856 573 signiﬁcat,
2888 502 3035 574 quod
3065 512 3120 558 et
3146 514 3358 573 gestum

195 603 270 660 καί
289 599 590 667 συντρίψω,
617 594 715 649 καὶ
738 595 915 662 ῥίψαι
942 593 1129 647 αὐτὸν
1151 592 1249 646 ἐπὶ
1289 592 1405 661 τὴν
1441 592 1557 662 γῆν
1590 592 1690 647 καί
1790 597 1892 645 est.

192 685 555 755 καταπατῆσαι,
587 683 742 737 τοῦτο
775 683 1028 754 σημαίνει
1051 683 1189 754 ὅπερ
1218 683 1311 736 καὶ
1341 683 1651 754 γεγένηται.

244 782 318 837 IX.
352 778 576 848 Συνάψας
621 775 730 848 γὰρ
774 776 1010 846 πόλεμον
1059 774 1197 849 πρὸς
1245 775 1337 829 τὸν
1395 777 1617 847 Δαρεῖον
1659 777 1689 829 6

1860 774 1951 829 lx.
1981 773 2118 830 Cum
2158 775 2302 830 enim
2336 775 2536 830 bellum
2572 776 2833 832 adversus
2873 775 3095 832 Darium
3125 777 3357 833 Alexan-

199 872 486 944 Ἀλέξανδρος
512 871 690 940 ἴσχυσε
718 869 837 921 κατ’
857 866 1043 930 αὐτοῦ,
1072 868 1166 921 καὶ
1193 870 1484 939 προηγεῖτο
1513 866 1690 938 πάσης

1828 881 1887 920 cr
1932 866 2280 935 suscepisset,
2329 868 2576 937 superior
2616 869 2822 936 evasit,
2867 870 3147 941 c0piisque
3184 870 3357 942 ipsius

189 965 264 1034 τῆς
294 959 575 1022 δυναστείας
623 955 809 1021 αὐτοῦ,
845 956 1051 1011 ἀνελὼν
1078 957 1172 1010 καὶ
1202 958 1594 1027 καταπατήσας
1632 956 1692 1011 τὺ

1830 957 1985 1012 eletis
2018 958 2446 1029 proﬂigatisque,
2485 960 2656 1015 totius
2704 961 2856 1032 regni
2901 961 3187 1032 imperium
3222 963 3361 1017 obti-

192 1052 487 1128 στρατόπεδον
511 1049 672 1106 αὐτοῦ
692 1067 705 1081 σ
735 1046 853 1103 εἶτα
882 1049 1019 1121 μετὰ
1049 1049 1109 1103 τὸ
1136 1048 1412 1122 ὑψωθῆναι
1441 1051 1531 1105 τὸν
1556 1052 1690 1124 τρά-

1833 1050 1943 1116 uit;
1991 1050 2184 1105 deinde
2232 1060 2519 1121 postquam
2552 1051 2739 1107 hircus
2770 1068 3057 1124 caprarum
3090 1055 3361 1110 exaltatus

188 1165 261 1219 γον
284 1145 375 1200 τῶν
396 1142 572 1213 αἰγῶν,
604 1142 888 1213 συνετρίϐη
918 1141 978 1196 τὸ
1004 1141 1172 1215 κέρας
1203 1143 1387 1207 αὑτοῦ,
1425 1142 1486 1197 τὸ
1526 1143 1689 1215 μέγα,

1834 1146 1897 1203 st,
1929 1153 2099 1194 cornu
2135 1140 2305 1209 ipsius
2330 1156 2587 1211 magnum
2622 1142 2854 1198 iractum
2877 1152 2979 1209 est,
3010 1153 3064 1200 et
3092 1157 3208 1200 orta
3236 1155 3365 1200 sunt

187 1240 258 1294 καὶ
277 1236 417 1308 ἀνέϐη
445 1236 676 1305 τέσσαρα
706 1234 913 1306 κέρατα
944 1234 1201 1289 ὑποκάτω
1231 1235 1416 1299 αὑτοῦ,
1450 1236 1529 1299 εἰς
1567 1237 1692 1301 τοὺς

1836 1242 2032 1286 natuor
2073 1247 2281 1307 cornua
2334 1233 2521 1288 subter
2568 1234 2699 1289 illud
2749 1250 2846 1305 per
2890 1247 3124 1306 quatuor
3174 1248 3363 1293 ventos

185 1330 402 1398 τέσσαρας
451 1325 677 1397 ἀνέμους
723 1324 819 1378 τοῦ
870 1324 1131 1397 οὐρανοῦ*
1180 1326 1457 1398 κρατήσας
1511 1326 1617 1398 γὰρ
1666 1329 1695 1380 6

1836 1320 1939 1379 teli.
1976 1322 2187 1379 Potitus
2217 1325 2418 1395 quippe
2442 1325 2749 1382 Alexander
2773 1327 2925 1382 omni
2962 1326 3252 1387 Persarum
3284 1345 3367 1384 re-

194 1419 483 1491 Ἀλέξανδρος
511 1418 690 1488 πάσης
723 1417 820 1488 τῆς
852 1418 954 1488 γῆς
981 1417 1258 1489 Περσίδος,
1301 1418 1394 1472 καὶ
1422 1418 1694 1484 ὑποτάξας

1835 1417 1972 1483 ione,
2000 1417 2242 1488 ipsisque
2264 1418 2318 1472 in
2340 1433 2495 1473 suam
2517 1419 2776 1475 ditionem
2802 1420 3061 1482 redactis.
3088 1430 3366 1490 postremo

183 1513 355 1575 αὐτοὺς,
379 1508 590 1581 ὕστερον
621 1508 847 1587 τελευτᾷ
883 1508 1067 1563 διελὼν
1095 1509 1194 1581 τὴν
1227 1509 1503 1580 βασιλείαν
1530 1509 1695 1563 αὐτοῦ

1838 1506 1951 1572 biit,
1984 1522 2153 1578 regno
2179 1522 2281 1562 suo
2306 1506 2359 1561 in
2395 1517 2631 1577 quatuor
2669 1510 3004 1580 principatus
3031 1510 3228 1577 diviso,
3261 1513 3369 1567 vcl-

182 1605 243 1667 εἰς
279 1602 520 1673 τέσσαρας
566 1601 762 1673 ἀρχὰς,
807 1601 882 1665 ὡς
933 1601 1116 1656 ἐπάνω
1170 1601 1466 1656 δέδεικται·
1522 1601 1581 1669 ἐξ
1635 1596 1696 1655 οὗ

1840 1598 1878 1653 ti
1928 1600 2183 1668 superius
2227 1597 2327 1653 fuit
2372 1599 2832 1657 demonstratum.
2880 1600 3032 1658 Unde
3072 1603 3366 1659 exaltatum

182 1692 348 1762 ὑψώθη
373 1691 539 1761 κέρας
578 1690 650 1745 ἐν
678 1691 776 1744 καὶ
807 1691 1175 1762 ἐμεταλύνθη
1214 1690 1325 1758 ἕως
1361 1689 1470 1760 τῆς
1509 1690 1694 1745 δυνά-

1836 1700 1874 1747 ιι
1917 1707 2083 1746 cornu
2115 1707 2298 1758 unum,
2327 1702 2377 1747 et
2418 1693 2815 1762 magniﬁcatum
2865 1704 2942 1748 est
2984 1712 3146 1766 usque
3176 1697 3245 1751 ad
3273 1713 3367 1767 po-

175 1755 297 1857 μεως
336 1755 446 1840 τοῦ⁷
473 1755 765 1853 ολιῦριινοῦ⁸
817 1755 930 1839 καὶ.
958 1784 1031 1838 δι’
1075 1755 1280 1850 αὑτὸν,
1300 1755 1479 1857 venali,
1517 1784 1700 1841 θυσία

1838 1784 2021 1838 entiam
2049 1783 2196 1847 mli;
2227 1799 2290 1836 ac
2317 1798 2409 1851 per
2445 1783 2644 1853 ipsum,
2677 1784 2873 1854 inquit,
2902 1755 3225 1857 sacri/icium
3256 1755 3369 1842 tur-

178 1880 443 1949 ἐταράχθη,
468 1878 565 1933 καὶ
588 1878 800 1947 ἐρρίφη
824 1878 1004 1947 χαμαὶ
1031 1878 1070 1947 ἢ
1094 1877 1471 1946 δικαιοσύνη.

1397 1895 1471 1946 η.
1799 1877 1979 1930 butum
2011 1887 2111 1943 est,
2132 1885 2183 1930 et
2204 1876 2349 1930 humi
2373 1876 2580 1939 iustitia
2604 1876 2807 1946 dejecta
2830 1887 2928 1932 est.

230 1972 284 2025 Χ.
318 1970 593 2041 Γεγένηται
637 1968 747 2041 γὰρ
790 1970 819 2022 6
854 1968 1124 2037 Ἀντίοχος
1155 1968 1184 2021 6
1215 1966 1530 2039 ἐπικληθεὶς
1576 1969 1698 2021 ἐπιο

1868 1968 1936 2023 Χ.
1966 1967 2094 2024 Fuit
2132 1968 2277 2025 enim
2327 1968 2631 2023 Antiochus
2662 1978 3022 2040 cognomento
3060 1967 3368 2039 Epiphanes

179 2065 316 2136 φανής
340 2063 438 2134 (67)
465 2062 537 2118 ὢν
580 2065 649 2117 ἐκ
691 2060 784 2115 τοῦ
815 2061 1005 2129 γένους
1042 2060 1420 2134 Ἀλεξάνδρου*
1455 2060 1703 2132 βασιλεύς

1839 2078 1865 2117 ι
1895 2061 2189 2116 Alexandri
2222 2059 2592 2127 successione,
2623 2061 2717 2130 qui
2744 2076 2867 2117 cum
2902 2063 2958 2116 in
2990 2061 3144 2133 Syria
3180 2077 3370 2133 regna-

176 2173 253 2220 σας
294 2157 343 2209 δέ
388 2156 482 2227 τῆς
509 2156 732 2229 Συρίας,
759 2154 854 2209 καὶ
891 2155 955 2226 δὴ
988 2153 1167 2208 λαϐὼν
1213 2155 1303 2224 ὑφ’
1327 2154 1487 2209 αὑτὸν
1522 2156 1701 2208 πᾶσαν

1842 2163 1902 2219 at,
1948 2163 2003 2209 et
2056 2152 2352 2224 IEgyptum
2392 2152 2704 2208 universam
2758 2155 2812 2208 in
2868 2168 3024 2209 suam
3079 2153 3373 2224 redegisset

175 2248 253 2319 τήν
289 2248 558 2318 Αἴγυπτον,
596 2247 823 2320 ὕστερον
860 2246 1026 2320 ἀνέϐη
1073 2249 1167 2301 ἐπὶ
1204 2247 1574 2319 Ἰερουσαλὴμ,
1608 2247 1703 2300 καί⁸

1841 2234 2144 2313 οιεειειιεω,
2177 2246 2391 2300 tandem
2448 2245 2504 2300 in
2554 2243 2856 2301 Jerusalem
2895 2246 3176 2309 ascendit,
3209 2247 3372 2317 inque

176 2340 381 2410 εἰσῆλθεν
409 2341 485 2405 εἰς
515 2339 576 2394 τὺ
604 2340 870 2411 ἁγίασμα,
902 2339 996 2392 καὶ
1028 2338 1186 2393 ἔλαϐε
1219 2339 1430 2403 πάντας
1457 2340 1582 2403 τοὺς
1608 2339 1703 2409 θη-

1843 2330 2178 2393 anctuarium
2210 2336 2513 2406 ingressus,
2542 2351 2734 2392 omnes
2764 2337 3073 2403 thesauros,
3102 2338 3193 2408 qui
3219 2350 3374 2392 erant

177 2434 366 2502 σαυροὺς
405 2435 525 2498 τοὺς
577 2435 642 2487 ἐν
679 2434 811 2503 οἴκῳ
857 2432 1083 2505 Κυρίου,
1116 2433 1209 2486 καὶ
1234 2431 1333 2505 τὴν
1363 2431 1581 2503 λυχνίαν
1602 2433 1703 2504 τὴν

1835 2448 1858 2485 ιι
1889 2430 2054 2486 domo
2084 2429 2321 2496 Domini,
2354 2440 2407 2485 et
2447 2429 2831 2486 candelabrum
2862 2446 3112 2496 aureum,
3139 2442 3192 2486 et
3221 2447 3366 2486 mcu-

174 2525 361 2595 χρυσῆν,
392 2526 483 2581 καὶ
511 2526 613 2598 τήν
643 2526 939 2598 τράπεζαν,
970 2525 1066 2579 καὶ
1092 2525 1154 2579 τὸ
1183 2524 1583 2595 θυσιαστήριον,
1608 2523 1704 2576 καὶ

1841 2537 1945 2588 am,
1990 2530 2045 2577 et
2080 2522 2268 2587 altare,
2298 2523 2540 2589 abstulit,
2574 2523 2957 2593 ingentemque
3000 2524 3056 2578 in
3092 2534 3235 2579 terra
3266 2540 3372 2579 cm-

176 2617 355 2688 ὲποίησε
391 2620 735 2689 φονοκτονίαν
783 2602 1024 2692 μεγάλην
1056 2620 1113 2672 ἐν
1157 2620 1221 2690 τῇ
1253 2620 1356 2689 γῇ·
1404 2617 1480 2681 ὡς
1515 2616 1699 2684 λέγει·

1843 2630 1926 2669 em
1954 2614 2100 2680 fecit,
2143 2615 2286 2670 sicut
2314 2615 2484 2669 dicit:
2520 2613 2587 2667 Et
2633 2616 3015 2669 sanctuarium-
3039 2614 3374 2669 conculcabi-

173 2707 257 2762 Kal
298 2709 356 2764 τὸ
397 2710 565 2781 ἅγιον
593 2712 1127 2783 συμπατηθήσεται
1164 2710 1273 2776 ἕως
1313 2707 1573 2777 ἑσπέρας
1605 2708 1702 2762 καὶ

1843 2723 1913 2771 tr,
1960 2722 2120 2777 usque
2166 2706 2234 2760 ad
2285 2721 2580 2775 vesperam,
2627 2714 2674 2759 et
2720 2722 2877 2776 usque
2906 2708 2975 2760 ad
3013 2722 3166 2761 mane
3195 2706 3374 2760 diebus

173 2799 259 2867 ἓως
293 2804 426 2871 πρωῒ
467 2804 683 2876 ἡμέραι
727 2804 914 2875 χίλιαι
959 2802 1308 2871 τριακόσιαι.
1350 2800 1556 2871 Συνέϐη
1595 2800 1704 2873 γὰρ

1845 2795 1952 2851 tille
1984 2797 2245 2851 trecentis.
2283 2796 2492 2851 Accidit
2517 2795 2660 2850 enim
2694 2810 2790 2866 per
2824 2796 2877 2851 id
2911 2806 3145 2866 tempus,
3176 2805 3237 2851 ut
3278 2798 3376 2876 tri-

171 2896 267 2946 κατ’
297 2872 609 2951 ἐκεῖνοντὸν
636 2872 845 2969 καιρὸν,
876 2896 1003 2969 τρία
1028 2896 1197 2967 ἣμισυ
1235 2893 1329 2965 ἐτη
1358 2892 1560 2966 ἔρημον
1588 2894 1702 2963 μεῖ-

1845 2904 1908 2944 us
1940 2903 2065 2943 cum
2090 2887 2316 2943 dimidio
2341 2888 2502 2943 annis
2527 2887 2800 2943 desertum
2845 2894 3089 2943 maneret
3121 2872 3376 2944 sanctua-

171 2997 241 3034 ναι
278 2984 330 3036 τὸ
370 2985 638 3058 ἁγίασμα,
671 2986 746 3050 ὡς
791 2985 1144 3057 πληρωθῆναι
1171 2983 1348 3056 χιλίας
1391 2982 1702 3056 τριακοσίας

1847 2981 1973 3044 ium,
2003 2990 2062 3036 ut
2093 2980 2523 3050 adimplerentur
2567 2979 2715 3034 mille
2759 2980 2986 3034 trecenti
3022 2980 3160 3047 dies,
3204 2980 3378 3035 donec

171 3073 361 3146 ἡμέρας.
406 3076 599 3151 μέχρις
658 3070 721 3131 οὗ
770 3076 1003 3141 ἀναστὰς
1042 3075 1243 3138 Ἰούδας
1270 3076 1300 3128 6
1327 3074 1702 3141 Μακκαϐαῖος¹

1849 3087 2042 3142 urgens
2094 3071 2262 3127 ludas
2310 3070 2651 3127 Machaba'us
2696 3080 2818 3141 post
2876 3070 3084 3126 obitum
3141 3070 3380 3126 Matthia:

174 3166 282 3233 μετὰ
310 3166 397 3239 τὴν
425 3169 684 3241 τελευτὴν
724 3168 966 3223 Ματθίου
996 3167 1089 3222 τοῦ
1123 3169 1328 3240 πατρὸς
1358 3166 1520 3220 αὐτοῦ
1550 3167 1705 3221 ἀντέ-

1848 3164 1982 3219 atris
2009 3165 2116 3230 sui,
2139 3164 2340 3220 restitit
2384 3164 2510 3234 ipsi,
2534 3166 2844 3232 castrisque
2874 3164 3131 3219 Antiochi
3164 3165 3375 3226 deletis.

171 3269 249 3326 ατη
288 3258 442 3331 αὐτῷ,
471 3262 563 3315 καὶ
610 3260 834 3330 ἐξέκοψε
879 3258 977 3323 τὰς
1022 3258 1372 3331 παρεμϐολὰς
1412 3258 1702 3329 Ἀντιόχου,

1848 3253 2049 3323 rbeque
2098 3254 2151 3306 in
2186 3254 2487 3308 libertatem
2523 3254 2817 3320 vindicata,
2858 3255 3196 3323 recuperavit
3238 3253 3377 3308 San-

171 3346 245 3398 καί
277 3347 595 3421 ἐλευθέρωσε
630 3348 727 3421 τὴν
766 3349 942 3414 πόλιν,
971 3349 1065 3403 καὶ
1093 3350 1430 3421 ἀνεκτήσατο
1442 3350 1511 3404 τὰ
1523 3350 1702 3419 Ἅγια,

1809 3353 1915 3408 cta,
1945 3354 1999 3399 et
2033 3345 2308 3399 renovavit
2344 3345 2456 3410 illa,
2485 3346 2668 3400 omnia
2694 3346 2850 3416 juxta
2884 3345 3053 3417 legem
3084 3345 3307 3402 faciens.

171 3436 248 3491 καὶ
285 3439 614 3496 ἁνεκαίνισεν
660 3441 818 3508 αὐτὰ,
842 3441 1074 3513 ποιήσας
1106 3440 1282 3495 πάντα
1311 3440 1451 3496 κατὰ
1493 3442 1584 3494 τὸν
1620 3439 1711 3494 νό-

174 3544 271 3598 μον.

226 3623 304 3679 XI.
353 3626 567 3701 Ἐπειδὴ
617 3620 712 3682 οὖν
758 3626 854 3680 καὶ
898 3628 927 3681 6
964 3626 1191 3696 ἄγγελος
1236 3625 1494 3698 Γαϐριὴλ,
1530 3624 1712 3690 καθὼς

1921 3635 1971 3689 .l.
2002 3634 2270 3703 Quoniam
2301 3648 2430 3689 vero
2472 3635 2635 3689 etiam
2671 3633 2896 3703 angelus
2945 3633 3160 3689 Gabriel
3188 3650 3382 3705 quem-
3446 3634 3452 3653 '

172 3710 242 3781 ὑφ’
266 3716 406 3786 ἡμῶν
432 3719 709 3791 νενόηται,
749 3717 920 3783 οὕτως
948 3716 1119 3771 ταῦτα
1146 3718 1443 3790 διηγήσατο
1470 3717 1547 3789 τῷ
1576 3735 1703 3790 προ-

1851 3729 2107 3784 dmodum
2161 3744 2191 3782 a
2238 3727 2397 3783 nobis
2441 3726 2715 3782 intellecta
2763 3736 2920 3791 sunt,
2970 3727 3087 3782 haec
3131 3727 3208 3781 ita
3256 3743 3382 3782 nar-

173 3808 309 3882 φήτῃ,
338 3811 514 3877 καθὼς
544 3813 646 3868 καὶ
676 3812 907 3881 ἐγένετο,
948 3813 1040 3865 καὶ
1072 3813 1129 3866 ἐν
1158 3815 1269 3877 τοῖς
1299 3812 1704 3878 Μακκαϐαῖκοῖς

1851 3823 1953 3878 avit
1996 3822 2302 3891 prophetae,
2338 3820 2415 3875 uti
2447 3829 2501 3875 et
2550 3828 2731 3890 gesta,
2777 3829 2831 3874 et
2875 3819 2930 3874 in
2977 3820 3130 3876 libris
3161 3819 3382 3875 Marha—

174 3899 329 3967 σαφῶς
352 3902 528 3958 πάντα
558 3902 992 3975 ἀναγέγραπται,
1018 3902 1217 3973 ἴδωμεν
1242 3901 1337 3956 καὶ
1364 3904 1422 3956 ἐν
1453 3904 1571 3966 ταῖς
1598 3901 1705 3955 ἑτέ-

1852 3929 2054 3970 tuorum
2105 3920 2290 3982 aperte
2334 3910 2518 3967 omnia
2559 3911 2830 3980 descripta
2871 3909 3068 3964 fuere:
3100 3910 3383 3964 videamus

176 4004 273 4059 ραις
312 3992 566 4067 ἑϐδομάσι
592 3995 649 4048 τί
676 3994 851 4064 λέγει’
878 3987 1032 4057 οὗτος
1056 3994 1165 4066 γὰρ
1195 3993 1459 4063 ἀναγνοὺς
1494 3994 1594 4065 τὴν
1636 3993 1707 4064 βξ-

1849 4014 1869 4059 ι
1902 4005 1957 4059 in
1985 4003 2108 4059 aliis
2138 4001 2567 4057 hebdomadibus
2593 4001 2725 4071 quid
2755 4001 2918 4055 dicat.
2956 3999 3055 4055 llic
3084 4001 3229 4055 enim
3256 4016 3380 4054 cum

173 4079 273 4135 ῦλον
308 4084 568 4160 Ἱερεμίου
609 4086 706 4140 τοῦ
747 4087 1048 4159 προφήτου,
1077 4088 1135 4139 ἐν
1160 4079 1193 4161 ᾖ
1214 4086 1538 4157 γέγραπται,
1570 4084 1704 4139 ἑϐδο-

1852 4093 2061 4149 eremiae
2087 4091 2362 4162 prophetae
2398 4090 2595 4145 librum
2642 4090 2877 4162 legisset,
2906 4090 2960 4145 in
2986 4106 3094 4160 quo
3121 4090 3383 4160 scriptum

175 4173 382 4243 μήκοντα
422 4179 519 4250 ἐτη
572 4178 778 4251 ἔρημον
825 4177 1043 4231 ἔσεσθαι
1096 4176 1155 4230 τὸ
1209 4177 1478 4249 ἁγίασμα,
1526 4178 1584 4231 ἐν
1630 4194 1706 4248 νηι

1855 4194 1955 4251 rat,
1992 4184 2328 4255 septuaginta
2359 4182 2520 4238 annis
2546 4181 2821 4238 desertum
2858 4167 3100 4237 futurum
3130 4192 3386 4238 sanctua-

174 4266 366 4333 στείαις,
411 4273 504 4326 καὶ
534 4272 789 4343 δεήσεσιν
822 4268 1309 4343 ἐξομολογούμενος
1355 4270 1585 4333 ἱκέτευε,
1615 4268 1705 4323 τά-

1856 4277 1985 4342 ium,
2036 4275 2090 4329 in
2129 4275 2354 4345 jejuniis
2381 4283 2435 4329 et
2478 4273 2951 4331 obsecrationibus
2993 4274 3259 4330 conﬁtens
3294 4275 3387 4329 de-

173 4372 268 4427 χων
303 4361 624 4435 ἐπιστρέψαι
668 4363 757 4417 τὸν
800 4362 926 4416 λαὸν
972 4365 1036 4417 ἐκ
1076 4363 1178 4435 τῆς
1218 4361 1594 4434 αἰχμαλωσίας
1636 4364 1704 4426 εἰς

1855 4368 2175 4433 ιιεεσὶιιιιυν,
2224 4376 2283 4422 ut
2326 4366 2560 4423 celerius
2606 4366 2843 4437 populus
2887 4381 2919 4421 e
2970 4367 3278 4437 captivitate
3331 4366 3386 4420 in

182 4448 491 4526 Ἱερουσαλὴν
516 4456 618 4528 τὴν
642 4456 792 4509 πόλιν
809 4473 822 4486 ·
851 4455 1023 4521 οὕτως
1042 4451 1135 4511 οὖν
1158 4455 1508 4527 διηγούμενος
1535 4455 1713 4524 λέγει·

1857 4462 2122 4515 erusalem
2157 4459 2346 4514 urbem
2389 4465 2748 4514 reverteretur
2784 4474 2796 4509 :
2825 4458 2906 4513 sic
2936 4457 3101 4527 igitur
3125 4471 3388 4511 enarrans

185 4538 265 4593 Ἐν
282 4544 354 4610 τῷ
376 4546 582 4615 πρώτῳ
624 4547 742 4601 ἔτει
774 4547 1014 4615 Δαρείου
1043 4548 1149 4603 τοῦ
1178 4547 1312 4602 υἱοῦ
1355 4545 1716 4616 Ἀσσουήρου

1862 4556 1943 4609 it:
1971 4552 2037 4607 In
2079 4554 2251 4622 primo
2301 4568 2439 4606 anno
2496 4551 2651 4605 Darii
2702 4550 2804 4620 lilii
2840 4550 3055 4604 Assueri
3090 4549 3154 4604 de
3194 4551 3391 4604 semine

172 4631 269 4686 ἀπὸ
296 4634 634 4707 σπέρματος
669 4635 788 4690 τῶν
813 4637 1050 4706 Μήδων,
1091 4637 1158 4705 ὃς
1186 4638 1582 4691 ἐϐασίλευσεν
1622 4637 1703 4689 ἐπη

1858 4646 2123 4708 ledarum,
2152 4646 2241 4715 qui
2284 4645 2515 4716 regnavit
2547 4661 2703 4713 super
2746 4658 2957 4713 regnum
2997 4641 3389 4709 Chaldaeorum,

174 4720 602 4790 τὴνβασιλείαν
626 4726 742 4782 τῶν
772 4727 1080 4782 Χαλδαίων
1098 4745 1111 4760 ο
1143 4727 1257 4798 ἐγὼ
1279 4728 1504 4796 Δανιὴλ
1542 4728 1705 4798 συνῆ

1860 4755 1918 4810 go
1945 4735 2136 4791 Daniel
2176 4734 2410 4790 intellexi
2444 4736 2497 4789 in
2533 4734 2682 4788 libris
2712 4749 2983 4787 numerum
3019 4749 3296 4797 annorum,
3328 4734 3391 4786 de

174 4830 237 4868 κα
253 4817 316 4870 ἐν
338 4820 465 4886 ταῖς
486 4821 730 4889 βίϐλοις
758 4820 867 4874 τὸν
890 4821 1137 4891 ἀριθμὸν
1157 4820 1273 4876 τῶν
1295 4818 1463 4885 ἐτῶν,
1498 4821 1578 4886 ὡς
1600 4821 1705 4890 ἐγε-

1861 4846 1925 4885 ιιο
1953 4828 2128 4899 factus
2170 4835 2248 4882 est
2291 4842 2460 4880 sermo
2494 4825 2708 4879 Domini
2739 4824 2809 4879 ad
2847 4822 3136 4879 Jeremiam
3170 4824 3392 4895 prophe-

176 4906 305 4978 νήθη
339 4913 522 4982 λόγος
547 4915 767 4983 Κυρίου
794 4913 944 4983 πρὸς
979 4913 1251 4984 Ἰερεμίαν
1273 4913 1381 4967 τὸν
1413 4912 1707 4982 προφήτην

1858 4938 1956 4988 am,
1983 4930 2040 4976 ut
2067 4917 2450 4989 complerentur
2483 4916 2820 4971 desolationis
2841 4915 3141 4971 Jerusalem
3176 4927 3389 4987 septua-

175 5000 247 5065 εἰς
285 5004 726 5075 συμπλήρωσιν
772 5005 1117 5076 ἐρημώσεως
1155 5003 1539 5076 Ἰερουσαλὴμ
1561 5004 1706 5059 6660

1207 5003 1539 5076 ψουσαλὴμ
1561 5004 1724 5059 ἐϐδο-
1821 5017 1970 5087 ginta
2001 5014 2161 5077 anni;
2182 5020 2237 5068 et
2264 5025 2388 5082 qua:
2418 5022 2738 5080 sequuntur.

173 5089 416 5176 [alma
439 5099 552 5166 ἐτη
576 5114 589 5129 ⁸
620 5098 714 5154 καὶ
742 5098 888 5169 ἑξῆς.

232 5184 341 5241 ΧΠ.
378 5189 542 5244 Μετὰ
592 5191 687 5263 τὴν
736 5189 1117 5263 ἐξομολόγησιν
1161 5189 1326 5244 αὐτοῦ
1375 5190 1468 5245 καὶ
1517 5190 1661 5263 δέησι

1895 5190 2012 5245 XII.
2046 5189 2174 5245 Post
2203 5188 2627 5253 confessionem,
2653 5196 2707 5243 et
2734 5188 3168 5245 obsecrationem
3194 5187 3389 5258 ipsius,

178 5279 319 5347 φησιν
341 5281 370 5333 6
400 5282 638 5353 ἄγγελος
676 5283 813 5355 πρὸς
837 5281 999 5337 αὐτόν
1017 5300 1032 5314 ο
1079 5283 1257 5352 Ἀνὴρ
1301 5282 1623 5353 ἐπιθυμιῶν
1643 5282 1709 5337 σῖ

1860 5282 2007 5355 nquit
2051 5278 2275 5352 angelus
2301 5282 2368 5335 ad
2412 5279 2587 5349 ipsum
2622 5296 2637 5335 :
2674 5277 2765 5333 Vir
2787 5278 3168 5333 desideriorum
3200 5286 3256 5330 tu
3286 5291 3340 5329 es
3373 5290 3391 5327 :

174 5359 249 5418 εἷ·
275 5368 447 5424 ταῦτα
472 5372 589 5443 γὰρ
617 5374 740 5428 ἰδεῖν
765 5373 1066 5445 ἐπιθυμεῖς,
1096 5372 1240 5444 ἅπερ
1266 5372 1333 5426 δι’
1352 5372 1487 5444 ἐμοῦ
1516 5368 1705 5442 μέλλεις

1860 5389 1948 5429 nec
1970 5372 2117 5428 enim
2151 5373 2292 5428 scire
2317 5370 2493 5440 cupis,
2527 5385 2649 5440 quae
2686 5385 2783 5440 per
2821 5384 2907 5424 me
2946 5369 3042 5424 tibi
3084 5377 3212 5422 nota
3241 5365 3391 5431 ﬁent,

176 5455 555 5519 διακονεῖσθαν
600 5466 772 5538 καιρῷ
811 5466 868 5520 δὲ
913 5466 1027 5536 ἰδίῳ
1065 5463 1237 5519 ταῦτα
1272 5463 1688 5537 πληρωθήσεται

1865 5479 2078 5536 empore
2124 5480 2255 5520 vero
2295 5478 2400 5520 suo
2449 5463 2638 5518 eadem
2688 5461 3054 5532 perlicienlur,
3110 5468 3164 5515 et
3215 5456 3396 5513 intulit

176 5553 255 5608 ul
282 5557 557 5630 ἐπήνεγκε
599 5560 786 5629 λέγων·
815 5565 869 5614 0'
912 5558 1229 5630 ἑϐδομάδος
1262 5556 1707 5628 συνετμήθησαι

1861 5559 2063 5615 licens:
2114 5554 2461 5628 Septuaginta
2510 5553 2854 5611 hebdomades
2908 5552 3223 5607 abbreviatat
3273 5559 3392 5606 sunt

243 5731 350 5806 (67)
392 5733 469 5789 De
489 5734 834 5804 Antichristo,
876 5739 967 5804 49,
1008 5739 1083 5795 ὢν
1131 5738 1349 5809 ἔκγονος
1391 5736 1758 5809 Ἀλεξάνδρου.

1618 5736 1758 5809 5ρου.
1795 5737 2066 5831 Ἔκγονοςς⁸
2088 5738 2376 5812 Hippolyto
2405 5737 2547 5794 idem
2572 5742 2657 5793 est
2682 5743 2846 5809 atque
2878 5734 3149 5807 ἐπίγονος.

448 5830 720 5897 Parant.
745 5832 859 5898 Cm.
895 5833 977 5896 X.
1020 5856 1031 5869 ι

2060 5830 2063 5831 ⁷
3007 5832 3081 5893 21
