3876 6340
528 374 626 429 651

1425 370 1481 427 S.
1523 371 1886 428 HIPPOLYTI
1921 373 2070 430 OPP.
2113 371 2293 428 PARS
2328 373 2367 430 1.
2409 405 2477 416 -
2517 374 2927 435 EXEGETICA.

3616 381 3702 436 6S2

526 507 683 562 super
728 489 979 561 pupulum
1025 498 1192 554 tuum,
1240 498 1288 543 et
1338 505 1492 559 super
1535 494 1713 546 urbem
1743 504 2003 560 sanctam,
2035 504 2091 547 ut

2192 495 2288 549 ἐπὶ
2316 494 2423 548 τὸν
2453 496 2607 550 λαόν
2642 511 2780 559 σου,
2809 495 2905 549 καὶ
2934 493 3031 549 ἐπὶ
3071 494 3183 564 τὴν
3213 496 3387 549 πόλιν
3407 492 3512 564 τὴν
3539 497 3699 567 ἀτίωσ,

526 590 954 639 consummentur
979 580 1436 649 prteoaricationes
1464 590 1512 635 et
1538 582 1837 652 sigillentur
1856 592 2087 653 peccata,

525 680 575 725 et
609 670 884 724 deleantur
923 670 1249 739 iniquitates,
1284 679 1335 725 et
1378 670 1676 741 obsignetur
1713 673 1862 740 uisio,
1888 681 1938 727 et
1964 689 2090 743 pro-

527 763 705 830 pheta,
727 769 777 815 et
803 770 1033 831 ungatur
1070 759 1297 817 Sanctus
1328 774 1632 818 sanctorum
1662 779 1681 819 :
1719 774 1768 819 et
1794 781 2089 836 cognosces,

527 866 577 911 et
603 855 862 927 intelliges
890 859 955 910 ab
983 857 1128 911 exitu
1164 873 1491 922 sermonum,
1519 872 1577 911 ut
1621 858 2015 927 respondeatur,
2042 868 2092 913 et

528 948 822 1016 a'diﬁcetur
873 945 1207 1013 Jerusalem,
1253 965 1414 1019 usque
1459 948 1529 1003 ad
1585 948 1854 1006 Christum
1907 951 2090 1005 dacem

527 1042 871 1098 hebdomades
896 1052 1108 1113 septem,
1133 1053 1182 1098 et
1208 1041 1552 1100 hebdomades
1581 1048 1855 1117 sexaginta
1880 1048 2019 1103 dure.

600 1134 736 1190 XIII.
767 1134 902 1191 Cum
941 1136 1124 1206 itaque
1176 1136 1417 1208 (Gabriel
1473 1139 1717 1211 angelus)
1749 1155 1855 1193 ιιι
1886 1139 2091 1195 hebdo-

530 1226 717 1281 tnades
747 1226 1107 1295 nominasset,
1166 1242 1367 1298 easque
1412 1229 1466 1283 in
1530 1230 1668 1286 duas
1694 1241 1876 1302 partes
1909 1232 2093 1288 distri-

534 1318 760 1384 buissct,
799 1327 860 1373 ut
891 1319 1063 1390 magis
1110 1319 1502 1391 intelligeretur
1552 1324 1694 1393 quod
1739 1324 1806 1380 ab
1863 1326 1987 1395 ipso
2025 1326 2092 1380 ad

530 1409 845 1479 prophetam
877 1410 1179 1478 dicebatur,
1210 1413 1283 1469 ita
1307 1423 1627 1485 prosecutus
1653 1424 1735 1471 est
1761 1433 1774 1470 :
1820 1416 1991 1487 Usque
2022 1418 2091 1471 ad

529 1503 799 1557 Christum
830 1504 1013 1558 ducem
1067 1504 1409 1560 hebdomades
1456 1518 1677 1576 septem;
1704 1523 1824 1573 quae
1857 1509 2093 1579 quadra-

527 1596 675 1665 ginta
718 1609 910 1650 novem
947 1610 1121 1650 annos
1168 1594 1395 1652 faciunt.
1432 1595 1703 1669 Vigesimo
1730 1598 1906 1669 primo
1946 1616 2091 1657 anno

528 1687 672 1741 videt
719 1687 835 1742 hate
886 1685 1161 1758 Babylone
1219 1686 1433 1756 Daniel;
1490 1690 1849 1763 quadraginta
1896 1707 2091 1749 novem

529 1779 693 1849 igitur
718 1779 876 1835 annis
932 1781 1001 1836 ad
1034 1781 1356 1851 vigesimum
1409 1782 1645 1852 primum
1690 1784 1913 1852 additis,
1946 1800 2093 1840 com-

526 1872 745 1941 plentur
774 1873 1114 1943 septuaginta
1151 1873 1302 1937 anni,
1337 1888 1477 1944 quos
1510 1874 1703 1933 beatus
1735 1876 2091 1948 praedixitJe—

525 1964 763 2018 remias:
801 1962 1143 2033 Septuaginta
1188 1966 1339 2018 annis
1378 1964 1673 2020 desolatam
1711 1968 1811 2023 erit
1838 1978 2088 2024 sanctua-

524 2056 665 2109 rium
694 2067 811 2127 post
856 2057 1211 2125 captivitatem
1265 2074 1298 2111 a
1330 2056 1816 2114 Nabuchodonosor
1867 2061 2086 2131 factam,

524 2157 573 2201 et
602 2157 719 2218 post
746 2148 857 2203 haec
883 2158 1169 2203 revertetur
1219 2149 1461 2219 populus,
1506 2160 1555 2205 et
1603 2151 1855 2221 o/feretur
1881 2153 2088 2223 sacriﬁ-

526 2241 686 2305 cium,
709 2251 757 2295 et
798 2240 1017 2306 oblatio,
1046 2239 1257 2295 Christo
1280 2241 1411 2295 duce
1438 2245 1674 2313 ipsorum
1697 2243 1763 2299 ⁸⁸.

596 2331 738 2387 XIV.
771 2331 847 2386 De
876 2346 988 2402 quo
1011 2347 1140 2387 vero
1159 2330 1382 2389 Christo
1412 2334 1684 2405 loquitur,
1730 2336 1836 2391 nisi
1872 2336 1939 2407 de
1959 2334 2086 2392 Jesu

527 2421 639 2476 lilio
659 2420 905 2487 .Iosedec,
931 2422 1026 2493 qui
1074 2437 1140 2477 eo
1195 2431 1438 2495 tempore
1468 2442 1572 2481 una
1604 2442 1727 2482 cum
1766 2429 1965 2498 popqu
2001 2443 2087 2483 re-

527 2528 719 2571 versus
753 2521 858 2580 est,
889 2523 941 2570 et
980 2516 1381 2587 septuagesimo
1410 2533 1552 2573 anno
1578 2520 1890 2576 sanctuario
1918 2519 2089 2575 aedili-

525 2615 669 2672 cato,
702 2604 1019 2662 obtulerunt
1049 2608 1376 2665 sacriﬁcium
1408 2611 1706 2665 secundum
1730 2610 1938 2681 legem?
1964 2611 2088 2666 Om-

529 2709 626 2750 nes
657 2696 799 2750 enim
831 2711 986 2768 reges
1007 2709 1061 2754 et
1090 2699 1397 2760 sacerdotes
1429 2701 1836 2770 appellabantur
1859 2702 2083 2770 Christi,

529 2796 811 2858 propterea
844 2789 989 2860 quod
1027 2790 1129 2861 ipsi
1162 2790 1281 2846 oleo
1304 2800 1514 2855 sancto,
1544 2794 1690 2861 quod
1719 2794 1929 2862 paravit
1955 2795 2085 2848 olim

529 2878 766 2951 Moyses,
797 2881 1157 2951 angebantur.
1188 2880 1254 2935 lli
1286 2882 1448 2952 igitur
1479 2881 1690 2937 Domini
1718 2899 1915 2939 nomen
1947 2884 2086 2941 lere-

531 2974 682 3037 bant,
707 2971 764 3026 in
797 2972 991 3041 seipsis
1034 2971 1260 3043 ﬁguram
1306 2982 1783 3043 praemonstrantes
1811 2985 1864 3031 et
1894 2978 2089 3048 imagi~

530 3075 650 3113 nem
681 3059 1061 3129 praeferentes,
1112 3065 1290 3131 quoad
1349 3077 1522 3133 usque
1550 3079 1582 3120 ο
1630 3065 1780 3120 caelis
1810 3067 2084 3137 perlectus

2189 588 2296 641 τοῦ
2321 587 2644 657 σφραγῒσαι
2687 588 2993 657 ἁμαρτίας,
3021 588 3119 642 καί
3149 586 3251 642 τοῦ
3276 587 3576 656 ἀπαλεῖψαι
3600 589 3703 643 ἅδε.

2190 677 2345 743 κίας,
2382 676 2481 730 καί
2520 676 2625 730 τοῦ
2661 676 2986 747 σφραγῖσαι
3015 676 3245 745 ὅρασιν,
3291 675 3385 728 καί
3415 676 3703 744 προφήτην,

2191 766 2410 822 καὶτοῦ
2425 765 2835 838 χρῖσαιἍγιον
2861 767 3061 838 ἀγίωνο
3080 768 3175 822 καὶ
3208 767 3518 838 Memmi
3546 770 3705 835 συνή-

2190 872 2319 923 σεις
2341 856 2460 911 ἀπὸ
2484 858 2696 921 ἐξόδου
2722 859 2936 928 λόγων,
2954 858 3059 913 τοῦ
3085 857 3481 927 ἀποκριθῆναι,
3511 860 3594 913 καὶ
3620 862 3705 916 τοῦ

2189 948 2575 1019 οίκοδομῆσαι
2589 948 2990 1018 Ἰερουσαλὴμ,
3006 949 3115 1016 ἓως
3144 948 3398 1018 Χριστοῦ
3418 948 3705 1019 ἡγουμένου

2189 1042 2509 1113 ἐϐδομὰδες
2530 1044 2698 1107 ἑπτὰ,
2728 1044 2825 1097 καὶ
2849 1043 3169 1113 ἐϐδομάδες
3197 1043 3484 1113 ἐξήκοντα
3508 1045 3620 1100 δύο.

2261 1133 2400 1189 XIII.
2444 1135 2843 1207 Ἑϐδομήκοντα
2878 1132 2971 1190 οῦν
3003 1135 3299 1206 ἑϐδομάδας
3329 1136 3596 1208 ὀνομάσας,
3632 1135 3705 1191 καὶ

2178 1222 2375 1281 κδιελὼν
2401 1226 2570 1290 αὐτὰς
2616 1228 2695 1291 εἰς
2736 1227 2849 1291 δύο,
2898 1227 2984 1280 ἴνα
3018 1226 3217 1298 μᾶλλον
3248 1227 3407 1299 νοηθῇ
3449 1227 3506 1280 τὸ
3533 1228 3708 1281 ὑπἀὐ-

2190 1317 2283 1370 τοῦ
2321 1317 2454 1389 πρὸς
2482 1318 2572 1372 τὸν
2621 1319 2905 1390 προφήτην
2949 1318 3297 1389 λαλούμενον,
3355 1318 3507 1388 φησὶν
3545 1316 3704 1381 οὕτως’

2195 1410 2340 1475 Ἕως
2364 1408 2618 1477 Χριστοῦ
2646 1408 2980 1480 ἡγουμένου
3008 1408 3327 1479 ἐϐδομάδες
3351 1408 3510 1463 uua-
3533 1410 3564 1463 ἆ
3587 1412 3708 1464 ἐστιν

2192 1500 2285 1573 ἐτη
2336 1502 2921 1573 τεσσαρακονταεννέα·
2984 1500 3213 1573 εἰκοστῷ
3263 1500 3355 1555 καὶ
3404 1501 3586 1573 πρώτῳ
3621 1502 3706 1558 ἔτει

2193 1594 2387 1666 θεωρεῖ
2418 1594 2589 1648 ταῦτα
2615 1596 2672 1647 ἐν
2701 1594 2980 1649 Βαϐυλῶνι
3032 1595 3259 1667 Δανισίιλ⁸
3292 1594 3397 1649 τῶν
3443 1591 3529 1649 οὖν
3550 1613 3709 1651 τεσσα-

2194 1687 2430 1760 ράκοντα
2463 1688 2617 1741 ἐννέα
2646 1688 2782 1759 πρὸς
2835 1688 2913 1760 τῷ
2940 1688 3169 1760 εἰκοστῷ
3205 1687 3401 1761 πρώτῳ
3448 1688 3547 1741 ἔτει
3573 1688 3708 1760 ψηφι-

2193 1780 2456 1852 ζομένων,
2489 1779 2790 1852 πληροῦται
2822 1780 3189 1852 ἐϐδομήκοντα
3224 1780 3341 1851 ἐτη,
3368 1779 3503 1852 ἅπερ
3528 1779 3707 1851 εἴρηκεν

2188 1874 2218 1926 ὁ
2247 1872 2513 1945 μακάριος
2574 1872 2871 1945 Ἱερεμίας·
2919 1871 3355 1943 Ἑϐδομήκοντα
3388 1873 3487 1939 ἐτη
3524 1872 3709 1940 ἔρημον

2188 1965 2357 2019 ἕσται
2389 1964 2454 2019 τὸ
2482 1964 2764 2034 ἁγίασμα,
2791 1961 2909 2018 ἀπὸ
2936 1959 3043 2030 τῆς
3082 1960 3484 2032 αἰχμαλωσίας
3523 1959 3616 2030 τῆς
3636 1977 3707 2032 γε·

2186 2057 2444 2127 νομένης
2468 2056 2672 2122 αὺτοῖς
2701 2055 2799 2109 ἐπὶ
2843 2053 3376 2124 Ναϐουχοδονόσορ
3395 2093 3410 2117 ,
3456 2052 3549 2106 καί
3584 2051 3704 2122 μετὰ

2186 2150 2373 2204 ταῦτα
2396 2148 2739 2217 ἐπιστρέψει
2782 2150 2815 2202 ό
2851 2147 3022 2213 λαὸς,
3062 2146 3163 2199 καὶ
3212 2143 3705 2215 προσενεχθήσεται

2188 2241 2389 2304 θυσία,
2412 2238 2509 2292 καὶ
2536 2235 2870 2307 προσφορὰ,
2888 2237 3146 2305 Χριστοῦ
3173 2235 3504 2306 ἡγουμένου
3527 2234 3703 2289 αὐτῶν.

2256 2330 2397 2386 XIV.
2427 2328 2661 2403 Χριστοῦ
2695 2329 2754 2383 δὲ
2807 2329 2951 2393 τίνος
2980 2330 3148 2399 λέγει,
3197 2328 3313 2382 ἀλλ’
3364 2327 3397 2399 ἢ
3460 2326 3610 2398 Ἰησοῦ
3631 2326 3703 2379 τοῦ

2200 2424 2463 2484 Ἰωσεδὲκ,
2530 2421 2589 2486 δς
2641 2420 2976 2492 ὑπέστρεψεν
3032 2422 3150 2492 ἅμα
3198 2420 3279 2493 τῷ
3332 2420 3442 2491 λαῷ
3465 2421 3590 2484 τότε,
3631 2422 3703 2472 καὶ

2187 2514 2567 2588 ἑϐδομηκοστῷ
2592 2514 2725 2579 ἔτει,
2749 2513 3192 2585 οἰκοδομηθέντος
3246 2512 3339 2566 τοῦ
3400 2512 3703 2582 ἁγιάσματος,

2186 2612 2564 2683 προσήνεγκαν
2613 2608 2802 2661 θυσίαν
2851 2606 2991 2661 κατὰ
3035 2606 3127 2660 τὸν
3160 2607 3363 2678 νόμον;
3398 2604 3578 2667 πάντες
3620 2602 3704 2672 γὰρ

2187 2704 2237 2755 οἱ
2270 2702 2526 2773 βασιλεῖς,
2561 2701 2654 2754 καὶ
2680 2701 2727 2753 οἱ
2759 2701 2922 2772 ἱερεῖς
2977 2699 3205 2770 Χριστοὶ
3252 2695 3703 2769 προσηγορεύοντο,

2187 2792 2276 2847 διὰ
2298 2792 2357 2846 τὸ
2381 2792 2626 2863 χρίεσθαι
2654 2791 2850 2854 αὐτοὺς
2866 2789 2941 2862 τῷ
2971 2789 3133 2861 ἐλαίῳ
3158 2789 3241 2860 τῷ
3257 2790 3415 2860 ἁγίῳ,
3436 2788 3464 2841 ὃ
3490 2786 3703 2841 ἐσκεύασε

2188 2884 2356 2940 πάλαι
2400 2885 2621 2955 Μωσῆς.
2653 2878 2809 2937 Οὗτοι
2864 2878 2955 2937 οὖν
2999 2882 3060 2935 τὸ
3117 2882 3324 2954 Κύριον
3369 2881 3528 2952 ὄνομα
3552 2879 3706 2950 ἔφερον

2190 2975 2309 3048 μεθ’
2338 2974 2565 3039 ἑαυτῶν,
2595 2975 2686 3028 τὸν
2738 2974 2908 3028 τύπον
2960 2973 3367 3045 προμηνύοντες
3414 2973 3501 3027 καὶ
3544 2972 3627 3041 τὴν
3649 2972 3706 3022 εἰ·

2186 3064 2320 3119 κόνα
2359 3065 2742 3135 προφέροντες,
2797 3063 2900 3127 ἕως
2942 3058 3002 3116 οὗ
3052 3063 3146 3116 ἀπ’
3195 3061 3439 3135 οὐρανῶν
3485 3063 3511 3115 ὁ
3546 3059 3706 3119 τέλειος

528 3149 662 3219 Ιίηκ,
692 3161 747 3207 οι
784 3150 1050 3209 Sacerdos
1091 3165 1391 3225 appareret,
1428 3156 1518 3226 qui
1552 3157 1700 3213 solus
1754 3159 2084 3215 voluntatem

2190 3155 2473 3219 Βασιλεὺς,
2532 3155 2624 3208 καὶ
2684 3154 2882 3225 Ἰερεὺς
2909 3154 3109 3226 παρῆν,
3155 3154 3218 3218 ὃς
3275 3150 3705 3246 μὸνοςτὺθέλημα

529 3240 709 3296 Patris
736 3240 885 3307 fecit,
920 3242 1062 3298 sicut
1086 3253 1139 3299 et
1166 3245 1221 3298 in
1246 3242 1453 3316 Regum
1483 3247 1634 3303 libris
1658 3249 1917 3319 scriptum
1953 3260 2036 3306 est
2067 3269 2082 3306 :

532 3330 600 3385 Et
622 3332 887 3388 suscitabo
915 3335 1043 3389 mihi
1076 3335 1179 3406 ipsi
1200 3338 1523 3393 sacerdotem
1560 3340 1787 3409 ﬁdelem,
1815 3343 1905 3413 qui
1927 3342 2085 3413 faciet

530 3425 710 3477 omnia
732 3427 1017 3480 secundum
1038 3443 1129 3481 cor
1159 3444 1328 3483 meum
1356 3430 1423 3484 ⁸⁷.
2082 3442 2086 3448 ’

602 3516 716 3574 XV.
746 3517 819 3575 Ut
846 3521 1010 3592 igitur
1038 3521 1345 3577 ostenderet
1364 3530 1575 3592 tempus
1630 3538 1740 3594 quo
1790 3524 1879 3581 ille
1929 3525 2087 3582 adfu-

529 3617 687 3665 turus
714 3619 851 3675 erat,
896 3625 1057 3681 quem
1119 3611 1310 3668 beatus
1356 3611 1544 3668 Daniel
1577 3614 1759 3670 videre
1812 3617 2084 3687 cupiebat,

448 3718 457 3739 ι
530 3699 664 3781 dicit
694 3718 709 3756 :
737 3699 808 3754 Et
852 3710 970 3771 post
1024 3711 1219 3773 septem
1261 3703 1626 3774 hebdomades,
1662 3706 1785 3762 aliae
1812 3711 2089 3781 sexaginta

527 3780 649 3848 dua:
664 3794 1031 3862 hebdomades,
1048 3812 1169 3867 quae
1184 3797 1701 3873 quadringentorum
1721 3802 2091 3876 trigintaqua-

526 3896 655 3943 tuor
677 3903 943 3943 annorum
976 3898 1191 3960 tempus
1246 3892 1547 3949 continent.
1605 3894 1909 3965 Postquam
1942 3900 2088 3953 enim

530 3997 782 4039 reversus
808 3991 891 4038 est
939 3985 1170 4055 populus
1224 4001 1291 4042 ex
1323 3987 1638 4060 Babylonia,
1670 3991 1807 4048 duce
1844 3993 2088 4063 ipsorum

527 4071 659 4129 Jesu
712 4074 823 4130 ﬁlio
869 4073 1120 4146 Josedec,
1154 4086 1227 4134 et
1253 4077 1422 4135 Esdra
1474 4083 1671 4146 scriba,
1705 4091 1759 4138 et
1790 4083 2091 4142 Zorobabel

530 4167 642 4221 lilio
663 4165 925 4225 Salathiel
954 4171 1204 4226 extrihu
1235 4170 1423 4240 David,
1454 4174 1835 4245 quadringenti
1872 4180 2091 4249 triginta

529 4270 765 4329 quatuor
797 4259 926 4318 anni
974 4258 1196 4316 fuerunt
1231 4278 1408 4332 usque
1427 4264 1494 4318 ad
1523 4266 1812 4321 adventum
1859 4269 2086 4337 Christi,

532 4363 592 4407 ut
625 4350 891 4407 Sacerdos
908 4352 1265 4407 sacerdotum
1288 4354 1342 4407 in
1364 4356 1566 4411 mundo
1587 4368 1888 4427 appareret,
1916 4372 1969 4416 et
1997 4362 2090 4431 qui

534 4443 674 4496 tollit
720 4450 941 4512 peccata
988 4443 1177 4497 mundi
1239 4455 1423 4513 aperte
1490 4454 1900 4513 ostenderetur,
1950 4450 2092 4506 sicut

2187 3248 2281 3302 τοῦ
2310 3247 2524 3319 Πατρὸς
2553 3246 2846 3318 ἐποίησενΊ
2872 3247 2947 3310 ὡς
2971 3247 3065 3300 καὶ
3094 3248 3153 3299 ἐν
3179 3251 3306 3311 ταῖς
3336 3244 3614 3307 Βασιλείαις
3636 3241 3704 3310 γέ-

2187 3356 2449 3413 γραπται·
2484 3339 2594 3393 Καὶ
2622 3337 2945 3404 ἀναστήσω
2969 3337 3201 3408 ἐμαυτῷ
3228 3338 3386 3408 ἱερέα
3422 3335 3631 3401 πιστὸν,
3652 3332 3704 3398 ὃς

2188 3431 2425 3499 ποιήσει
2456 3430 2651 3485 πάντα
2676 3430 2827 3484 κατὰ
2858 3429 2972 3498 τὴν
2995 3429 3248 3499 καρδίαν
3272 3447 3409 3501 μου.

2192 3535 2196 3538 ’
2257 3523 2377 3579 XV.
2438 3525 2554 3577 ’Ἰνα
2609 3518 2702 3577 οὖν
2732 3521 2971 3595 ἐπιδείξῃ
3015 3522 3103 3576 τὸν
3142 3523 3336 3593 χρόνον
3390 3522 3511 3576 πότε
3562 3519 3704 3593 μέλλει

2190 3615 2592 3691 παραγενέσθαι
2621 3615 2679 3668 ὃν
2714 3614 2975 3685 ἐπεθύμει
2999 3617 3027 3668 ὁ
3066 3616 3336 3687 μακάριος
3364 3615 3548 3685 Δανιὴλ
3588 3613 3705 3671 ἰδεῖν,

2187 3711 2355 3781 λέγει·
2380 3710 2489 3765 Καὶ
2518 3709 2674 3779 μετὰ
2697 3706 2847 3761 ἑπτὰ
2879 3706 3229 3776 ἑϐδομάδας,
3268 3707 3443 3761 ἄλλαι
3471 3701 3552 3769 ξβ⁹
3574 3701 3705 3757 ἐϐδο-

2185 3802 2389 3874 μάδεςο
2428 3801 2483 3856 αἳ
2519 3800 2829 3873 περιέχουσι
2859 3798 3046 3872 χρόνον
3085 3799 3222 3851 ἐτῶν
3257 3798 3563 3870 τετρακόσια
3584 3791 3705 3863 τριά-

2191 3910 2355 3948 κοντα
2382 3892 2643 3964 τέσσαρα·
2694 3890 2830 3962 μετὰ
2880 3889 2988 3961 γὰρ
3039 3889 3102 3943 τὸ
3152 3890 3473 3962 ἐπιπρέψαι
3505 3886 3586 3940 τὸν
3611 3882 3706 3936 λαὸν

2190 3984 2507 4048 Βαϐυλῶνος
2530 3983 2836 4054 ἡγουμένου
2881 3982 3060 4037 αὐτῶν
3107 3980 3287 4052 Ἰησοῦ
3342 3980 3431 4034 τοῦ
3487 3975 3706 4038 Ἰωσεδὲκ,

2191 4076 2286 4130 καὶ
2336 4075 2538 4146 Ἔσδρα
2586 4074 2680 4127 τοῦ
2739 4072 3130 4146 γραμματέως,
3182 4073 3279 4126 καὶ
3336 4068 3613 4144 Ζοροόἀῦελ
3632 4062 3706 4117 τοῦ

2154 4167 2477 4238 «Σαλαοιὴλ,
2527 4167 2602 4231 ὡς
2652 4166 2804 4229 ὄντος
2848 4168 2911 4219 ἐκ
2958 4165 3128 4235 φυλῆς
3178 4164 3376 4229 Δαόὶδ,
3432 4159 3707 4233 τετρακόσια

2190 4260 2479 4334 τριάκοντα
2537 4259 2774 4328 τέσσαρα
2834 4256 2927 4329 ἐτη
2978 4257 3271 4326 γεγένηται
3317 4256 3420 4319 ἕως
3456 4249 3708 4325 παρουσίας

2191 4350 2447 4424 Χριστοῦ,
2483 4352 2569 4404 ἵνα
2600 4351 2629 4401 ὁ
2671 4350 2867 4421 Ἰερεὺς
2917 4348 3022 4402 τῶν
3054 4348 3243 4418 ἱερέων
3272 4350 3330 4401 ἐν
3360 4348 3538 4417 κόσμῳ
3575 4343 3708 4439 φανῇ,

2192 4443 2284 4497 καὶ
2314 4442 2537 4513 ὀαῖρων
2585 4440 2686 4504 τὰς
2754 4437 3026 4510 ἁμαρτίας
3086 4437 3180 4491 τοῦ
3239 4439 3441 4510 κόσμου
3505 4437 3709 4504 φανερῶς

530 4530 771 4588 Joannes
796 4533 864 4588 de
895 4533 987 4588 illo
1013 4532 1089 4587 ait
1123 4551 1137 4587 :
1191 4531 1325 4588 Ecce
1357 4536 1531 4604 Agnus
1556 4536 1674 4600 Dei,
1700 4539 1790 4608 qui
1812 4539 1950 4595 tollit
1974 4557 2092 4611 pec-

2194 4532 2489 4603 ἐπιδειχθῇ,
2550 4531 2626 4595 ὡς
2692 4530 2942 4600 Ἰωάννης
2991 4530 3119 4601 περὶ
3173 4529 3339 4583 αὐτοῦ
3373 4529 3539 4596 λέγει·
3572 4520 3707 4611 Ἰδεῤ

533 4637 658 4680 cata
685 4626 868 4680 mundi
895 4626 960 4679 ⁸⁸.
989 4623 1249 4681 Similiter
1272 4626 1489 4683 Gabriel
1514 4630 1647 4685 dicit
1672 4649 1686 4685 :
1725 4629 1794 4684 Ut
1818 4632 2094 4688 deleantur

534 4718 865 4786 iniquitates,
891 4727 941 4772 et
957 4718 1307 4788 propitientur
1352 4730 1583 4791 peccata.
1624 4722 1757 4789 Quis
1796 4740 1923 4780 vero
1950 4726 2096 4782 dele-

534 4807 615 4860 vit
639 4806 954 4877 iniquitates
987 4810 1238 4864 nostras?
1290 4809 1455 4866 Docet
1484 4821 1535 4867 te
1563 4811 1764 4869 Paulus
1813 4818 2095 4885 apostolus

531 4900 724 4955 dicens
776 4919 789 4954 :
850 4898 971 4969 Ipse
1021 4910 1100 4956 est
1148 4917 1254 4973 paa:
1307 4914 1509 4967 nostra,
1563 4906 1651 4976 qui
1702 4906 1827 4976 fecit
1873 4917 2095 4979 utraque

532 5008 698 5046 unum
722 5007 748 5057 ;
781 5000 835 5048 et
881 4993 1093 5060 deinde,
1141 4994 1350 5060 Delens,
1384 4997 1524 5066 quod
1569 4999 1820 5053 adversus
1848 5016 1943 5054 nos
1982 5010 2097 5054 erat

536 5085 939 5155 chirographum
987 5099 1351 5156 peccatorum,
1406 5088 1543 5158 quod
1582 5100 1702 5144 erat
1768 5092 2096 5145 contrarium

538 5178 685 5233 nobis
716 5178 786 5235 ⁸⁸.

617 5351 749 5413 XVI.
785 5354 940 5422 Quod
963 5354 1127 5425 igitur
1151 5353 1433 5409 deleantur
1460 5352 1772 5425 iniquitates
1798 5364 1853 5412 et
1873 5356 2097 5428 expien-

541 5460 628 5506 tur
657 5457 902 5519 peccata,
935 5446 1040 5501 hoc
1066 5445 1323 5500 ostendit.
1375 5444 1602 5511 Quinam
1637 5462 1765 5503 vero
1790 5457 1938 5516 sunt,
1972 5450 2097 5519 qui-

2209 4623 2419 4693 Ἀμνός
2443 4621 2548 4676 τοῦ
2585 4620 2731 4675 Θεοῦ
2757 4623 2789 4674 ὀ
2821 4620 3002 4687 αἴρων
3022 4619 3134 4687 τὴν
3165 4619 3453 4689 ἁμαρτίαν
3486 4612 3591 4693 ’τοῦ
3629 4605 3707 4661 κό-

2195 4728 2369 4783 σμου’
2386 4713 2583 4784 ὁμοίως
2600 4712 2712 4765 Γαό
2719 4711 2838 4783 ριὴλ
2852 4711 3017 4780 λέγει’
3038 4710 3147 4764 Τοῦ
3162 4711 3482 4779 ἀπαλεῖψαι
3494 4702 3707 4763 ἀδικίαςν

2194 4806 2426 4860 καὶτοῦ
2478 4804 2874 4870 ἐξιλάσασθαι
2929 4803 3238 4873 ἁμαρτίας
3275 4803 3361 4867 τίς
3388 4802 3443 4855 δὲ
3483 4791 3706 4867 ἀπήλειψε

2194 4898 2292 4963 τὰς
2320 4898 2530 4961 ἀδικίας
2561 4897 2751 4969 ὴμῶν;
2793 4896 3029 4951 διδάσκει
3062 4913 3119 4949 σε
3144 4895 3360 4957 Παῦλος
3401 4895 3428 4945 ὁ
3456 4884 3710 4945 ἀπόστολος

2199 4992 2393 5062 λέγων·
2430 4992 2622 5057 Αὐτός
2658 4992 2839 5045 ἐστιν·
2887 4993 2927 5060 ἠ
2972 4989 3175 5058 εἰρήνη
3226 4987 3412 5057 ἡμῶν,
3438 4988 3469 5039 ὀ
3493 4979 3710 5045 ποιήσας

2200 5082 2273 5136 τὰ
2320 5081 2618 5152 ἀμφότερα
2662 5079 2752 5145 ἐν,
2801 5079 2894 5133 καὶ
2944 5079 3091 5149 ἑξῆς,
3144 5077 3479 5144 ἀπαλείψας
3522 5070 3580 5125 τὸ
3608 5064 3709 5121 καθ’

2203 5172 2370 5244 ἡμῶν
2392 5173 2781 5242 χειρόγραφον
2802 5171 2920 5226 τῶν
2937 5168 3231 5241 ἁμαρτιῶν
3253 5170 3285 5223 ὃ
3306 5165 3384 5240 ἦν
3400 5158 3711 5221 Duronio?

2289 5282 2365 5319 ιν.

2439 5355 2512 5409 Τὸ
2537 5355 2831 5425 ἀπαλεῖψαι
2876 5349 2969 5408 οῦν
2998 5352 3097 5417 τὰς
3147 5352 3378 5416 ἀδικίας,
3423 5348 3514 5404 καὶ
3548 5341 3602 5397 τὸ
3627 5337 3714 5403 ἐξι-

2198 5447 2462 5502 λάσασθαι
2486 5446 2584 5510 τὰς
2617 5447 2906 5518 ἁμαρτίας,
2942 5445 3097 5499 τοῦτο
3138 5444 3302 5516 δηλοῖ·
3356 5440 3495 5503 τινες
3525 5435 3575 5489 δὲ
3598 5428 3712 5484 εἰσὶν

539 5542 643 5598 bus
670 5543 958 5611 expiantur
980 5534 1296 5608 iniquitates
1322 5553 1455 5604 suae,
1480 5539 1584 5594 nisi
1606 5540 1892 5595 credentes
1922 5540 1978 5594 in
2002 5555 2101 5595 no-

2200 5542 2251 5593 οί
2278 5539 2377 5603 τὰς
2402 5538 2614 5602 ἀδικίας
2637 5538 2815 5592 αὐτῶν
2837 5537 3259 5608 ἐξιλασκόμενοι,
3287 5537 3333 5590 εί
3361 5533 3432 5605 μὴ
3459 5532 3532 5592 είς
3558 5520 3710 5611 τδῦγο-

543 5636 689 5690 mine
710 5636 851 5706 ejus,
906 5642 962 5688 et
1008 5646 1110 5703 per
1139 5630 1280 5687 bona
1313 5645 1477 5701 opera
1510 5629 1702 5687 faciem
1727 5632 1847 5702 ejus
1878 5632 2100 5703 placan-

2208 5649 2281 5703 μα
2320 5629 2484 5685 αὑτοῦ
2518 5629 2879 5694 πιστεύοντες,
2900 5630 3000 5684 οκαὶ
3030 5630 3097 5683 δι’
3124 5624 3474 5699 ἀγαθοεργίας
3494 5619 3548 5673 τὸ
3570 5609 3707 5687 πρόσ-

615 5845 661 5876 “
686 5842 885 5899 Jerem.
916 5859 1043 5909 xxv,
1080 5842 1168 5898 ll.
1244 5843 1288 5875 ⁸⁷
1327 5839 1502 5915 chg.
1536 5857 1597 5914 ιι,
1621 5842 1710 5899 55.
1786 5842 1833 5877 ⁸⁸
1861 5840 2023 5898 Joan.
2058 5857 2099 5911 ι,

2190 5848 2216 5898 I.
2291 5842 2337 5874 ”
2388 5838 2587 5911 Ephcs.
2613 5855 2675 5908 ιι,
2702 5838 3012 5929 li;Co}os.
3051 5852 3110 5907 ιι,
3143 5835 3225 5891 ll.
