3876 6340
218 383 309 438 653

1325 375 1745 433 FRAGMENTA
1781 374 1850 432 IN
1884 375 2250 432 DANIELEM.

3294 390 3398 444 675i

214 511 345 548 ωπον
398 491 556 546 αὑτοῦ
588 491 1016 564 ὲξιλασκόμενοι;
1074 493 1193 546 Ὅτι
1237 493 1292 546 δὲ
1346 475 1482 565 μετὰ
1511 493 1572 546 τὸ
1613 493 1722 546 ἑπι-

1837 493 1956 548 tes?
1986 491 2138 558 Quod
2168 507 2298 546 vero
2342 501 2627 561 postquam
2653 511 2904 552 reversus
2954 509 3035 553 est
3072 503 3301 569 populus
3330 523 3393 558 ex

211 584 414 657 στρέψαι
448 584 538 636 τὸν
592 583 717 637 λαὸν
771 586 834 637 ἐκ
887 583 1202 647 Βαϐυλῶνος
1224 583 1549 656 τετρακόσια
1578 584 1734 655 τριά-

207 693 350 729 κοντα
367 674 597 745 τέσσαρα
626 675 719 746 ἐτη
750 676 1036 747 γεγένηται
1067 675 1171 740 ἓως
1196 676 1460 745 γενέσεως
1477 676 1733 747 Χριστοῦ,

204 767 417 828 εὐκόλως
451 768 566 820 ἐστὶ
594 767 777 838 νοῆσαι
829 767 898 820 τὰ
937 768 1287 838 προκείμενα·
1338 767 1523 838 ἐπειδὴ
1555 767 1662 839 γὰρ
1701 769 1734 838 ἡ

204 857 368 930 πρώτη
419 857 649 929 διαθήκη
679 862 790 922 τοῖς
821 860 954 922 υἱοῖς
1009 859 1223 931 Ἰσραὴλ
1253 858 1390 930 μετά
1413 858 1736 930 τετρακόσια

201 951 467 1022 τριάκοντα
494 949 734 1022 τέσσαρα
782 950 878 1021 ἔτη
906 950 1082 1022 ἐδόθηο
1130 951 1439 1020 ἀναγκαίως
1488 952 1596 1006 ἔδει
1640 954 1736 1006 καὶ

201 1043 289 1114 τὴν
314 1042 566 1113 δευτέραν
602 1042 802 1113 ὁμοίως
823 1043 900 1114 τῷ
942 1043 1090 1114 αὐτῷ
1123 1045 1298 1115 χρόνῳ
1326 1043 1619 1114 ὁρίζεσθαι,
1648 1044 1733 1097 ἵνα

200 1133 289 1190 ὑπὸ
317 1132 404 1186 τοῦ
430 1132 560 1187 λαοῦ
591 1133 954 1205 προσδόκιμος
984 1135 1209 1207 γενηθῇ,
1243 1137 1333 1190 καὶ
1363 1135 1466 1189 ὑπὸ
1497 1137 1606 1189 τῶν
1639 1155 1734 1190 πιι

199 1225 469 1280 στευόντων
503 1225 738 1290 εὐκόλως
770 1227 1102 1299 ἐπιγνωσθῇ.

253 1382 400 1436 XVII.
431 1384 541 1437 Καὶ
571 1383 660 1437 διὰ
687 1383 842 1438 τοῦτο
869 1383 1106 1456 Γαϐριὴλ
1134 1385 1301 1455 λέγει·
1335 1388 1446 1442 Καὶ
1474 1389 1577 1443 τοῦ
1609 1390 1736 1458 χρῖ-

193 1491 280 1529 σαι
307 1475 470 1543 ἄτιον
494 1475 697 1544 ἁγίωνο
735 1476 890 1546 ἅγιος
914 1477 970 1530 δὲ
997 1479 1168 1545 ἁγίων
1205 1479 1400 1545 οὐδεὶς,
1438 1483 1485 1534 εί
1527 1481 1600 1554 μὴ
1641 1484 1734 1553 μό-

194 1581 269 1630 νος
291 1569 316 1620 ό
344 1566 465 1630 Υἱὸς
495 1566 590 1620 τοῦ
624 1567 778 1620 Θεοᾶ
816 1567 874 1633 ὃς
906 1569 1115 1642 παρὼν,
1164 1572 1258 1625 καὶ
1290 1574 1599 1637 ἐπιδεικνὺς
1629 1574 1731 1645 ἔφη

191 1657 309 1730 πρὸς
335 1657 527 1720 αὐτούς
547 1675 562 1689 ·
625 1659 869 1729 Πνεῦμα
894 1662 1112 1730 Κυρίου
1136 1663 1226 1716 ἐπ’
1253 1663 1377 1734 ἐμὲ,
1407 1661 1479 1720 οὖ
1504 1665 1734 1720 εἵνεκεν

188 1749 372 1818 ἕχρισέ
413 1766 509 1818 με,
553 1751 650 1804 καὶ
695 1750 762 1804 τὰ
792 1753 937 1823 ἑξῆς.
1001 1754 1150 1806 Ὅσοι
1188 1750 1281 1808 οὖν
1331 1758 1612 1811 ἐπίστευον
1654 1757 1732 1829 τῷ

1835 582 2127 655 Babylone,
2163 583 2542 655 quadringenti
2577 585 2794 656 triginta
2839 598 3072 658 quatuor
3095 591 3401 650 eIlquerint

1836 675 1967 730 anni
2001 692 2175 746 usque
2205 677 2272 731 ad
2307 677 2512 732 Christi
2554 679 2912 746 nativitatem,
2941 682 3099 740 facile
3129 695 3212 740 est
3239 688 3402 742 intel-

1835 765 2033 835 ligere;
2064 781 2188 820 cum
2214 765 2358 820 enim
2383 767 2617 836 primum
2666 779 3048 828 testamentum
3083 776 3208 832 ﬁliis
3235 777 3401 836 Israel

1835 863 1958 923 post
1983 855 2406 925 quadringentos
2449 855 2667 926 triginta
2703 869 2938 927 quatuor
2989 877 3161 918 annos
3211 865 3396 920 datum

1835 944 1925 1007 sit,
1958 945 2269 999 necessario
2313 946 2615 1014 oportebat,
2651 956 2713 1001 ut
2757 950 2919 1004 etiam
2954 955 3252 1009 secundum
3302 972 3398 1012 eo-

1834 1033 1956 1088 dem
1989 1036 2250 1105 temporis
2301 1037 2474 1106 spatio
2509 1037 2845 1108 deiinirctur,
2897 1053 2956 1097 ut
2997 1060 3026 1097 a
3075 1048 3272 1116 populo
3299 1065 3365 1103 ex

1835 1136 2211 1195 spectaretur,
2262 1138 2315 1183 et
2383 1145 2413 1183 a
2471 1131 2817 1186 credentibus
2873 1132 3032 1190 facile
3099 1152 3397 1208 cognosce-

1835 1227 2001 1272 I'CIIII‘.

1906 1375 2067 1431 XVII.
2097 1376 2462 1443 Quamobrem
2495 1377 2715 1434 Gabriel
2757 1381 2869 1436 ait:
2903 1382 2970 1436 Et
3005 1397 3234 1454 ungatur
3257 1387 3398 1444 San-

1833 1476 1949 1520 ctus
1999 1477 2322 1520 sanctorum.
2379 1467 2611 1524 Sanctus
2662 1486 2790 1526 vero
2819 1485 3132 1531 sanctorum
3187 1481 3392 1546 nullus.

1833 1557 1941 1612 nisi
1966 1558 2118 1615 solus
2148 1557 2320 1615 Filius
2352 1558 2466 1624 Dei,
2524 1562 2618 1631 qui
2667 1578 2790 1618 cum
2820 1567 3037 1622 adesset
3071 1579 3126 1624 et
3165 1575 3396 1629 manife-

1833 1658 2002 1706 staret
2035 1666 2115 1716 se,
2146 1651 2282 1706 dixit
2335 1652 2400 1706 ad
2436 1669 2529 1710 eos
2557 1673 2570 1708 :
2603 1654 2833 1724 Spiritus
2862 1658 3076 1716 Domini
3116 1681 3270 1733 super
3290 1685 3392 1736 me,

1831 1755 2042 1810 propter
2087 1740 2224 1811 quod
2261 1743 2413 1796 uiuit
2460 1761 2540 1798 me
2585 1746 2652 1807 ’°,
2696 1756 2751 1801 et
2803 1758 3018 1806 caetera.
3073 1754 3395 1830 Quicunque

189 1841 468 1912 ἐπουρανίῳ
519 1844 686 1914 ίερεί,
739 1844 830 1897 ὑπ’
865 1845 1030 1899 αὐτοῦ
1083 1846 1177 1900 τοῦ
1242 1847 1429 1919 ίερέως
1471 1849 1722 1921 ἐκαθαρί-

1831 1833 1994 1901 igitur
2021 1835 2228 1888 ccelesti
2262 1835 2558 1890 credebant
2586 1839 2874 1908 sacerdoti,
2906 1843 2974 1897 ab
3008 1845 3125 1915 ipso
3164 1853 3396 1908 munda-

188 1930 338 1997 ζοντο,
369 1933 463 1986 καὶ
508 1932 717 1987 τούτων
767 1936 824 1988 αἱ
879 1937 1140 2008 ἁμαρτίαι
1190 1939 1568 2011 ἀπηλείφοντο·
1615 1942 1728 1995 ὅσοι

185 2024 232 2077 δὲ
258 2025 514 2095 ἠπίστουν
552 2025 722 2098 αὐτῷ,
753 2027 828 2091 ὡς
883 2027 1167 2100 ἄνθρωπον
1195 2031 1356 2084 αὑτὸν
1390 2031 1727 2096 ἐξουθενοῦν-

183 2133 278 2180 τες,
324 2118 523 2172 τούτων
563 2120 620 2174 αί
669 2120 929 2191 ἁμαρτίαι
965 2121 1042 2185 ὡς
1085 2123 1435 2194 ἀναφαίρετοι
1463 2125 1726 2195 ἐσφραγί-

184 2208 334 2273 ζοντο,
360 2211 481 2264 ὅθεν
503 2212 755 2284 προορῶν
788 2214 817 2265 ὁ
857 2215 1122 2282 Ἀγγελος
1151 2216 1233 2268 ὅτι
1265 2217 1326 2269 οὐ
1356 2217 1556 2280 πάντες
1597 2217 1726 2288 μέλ-

183 2299 308 2353 λουσι
336 2303 616 2356 πιστεύειν
646 2303 814 2374 αὐτῷ,
855 2301 997 2368 εἷπε,
1028 2307 1133 2360 τοῦ
1163 2307 1524 2362 συντελέσαι
1547 2309 1728 2378 ἀμαρ-

183 2391 308 2455 τίας,
333 2391 572 2446 καὶτοῦ
617 2394 945 2463 σφραγῖσαι
993 2395 1298 2464 ἁμαρτίας·
1334 2397 1446 2450 ὅσοι
1487 2397 1594 2470 γὰρ
1623 2399 1726 2464 ἕως

183 2484 339 2549 τέλους
366 2486 676 2557 ἠπείθησαν
709 2487 877 2558 αὐτῷ,
905 2489 1106 2542 τούτων
1135 2485 1228 2543 οὖν
1252 2490 1311 2542 οὐ
1349 2491 1727 2564 συνετελέσθη-

183 2591 264 2629 σαν
287 2578 337 2630 αἱ
363 2579 656 2649 ἁμαρτίαι,
684 2580 796 2633 ἀλλ’
827 2581 1265 2653 ὲσφραγίσθησαν
1295 2583 1374 2642 εἰς
1416 2583 1595 2652 κρίσιν
1626 2601 1724 2656 τη-

183 2668 432 2739 ρούμεναι·
468 2672 593 2725 ὅσοι
622 2671 678 2724 δὲ
727 2672 981 2742 μέλλουσι
1031 2673 1305 2726 πιστεύειν
1351 2675 1500 2746 αὐτῷ
1537 2677 1611 2740 ὡς
1635 2677 1726 2730 δυ-

180 2760 369 2830 ναμένῳ
393 2762 622 2831 ἀφιέναι
654 2763 959 2834 ἁμαρτίας,
989 2764 1192 2819 τούτων
1230 2765 1605 2836 ἁπηλείφοντο’
1637 2767 1725 2822 διὰ

178 2851 311 2904 τοῦτο
338 2852 505 2922 λέγει·
562 2854 668 2908 Kal
697 2854 802 2909 τοῦ
832 2858 1156 2927 σφραγῖσιιι
1186 2857 1418 2926 ὅρασιν,
1454 2859 1551 2912 καὶ
1581 2873 1723 2928 προ-

178 2961 372 3013 eatur.

1828 1923 2026 1978 bantur
2054 1927 2358 1995 sacerdote,
2410 1939 2466 1984 et
2512 1929 2708 1984 horum
2768 1945 2987 2002 peccata
3042 1939 3388 2000 delebantur.

1829 2015 2152 2087 Quicunque
2181 2033 2312 2074 vero
2339 2020 2386 2075 ei
2421 2021 2646 2076 minime
2678 2025 2988 2093 credebant,
3017 2038 3273 2103 tanquam
3301 2037 3396 2092 ho-

1827 2109 2029 2164 minem
2060 2110 2238 2180 ipsum
2267 2113 2646 2184 despicientes,
2694 2117 2891 2173 horum
2918 2134 3160 2189 peccata,
3223 2129 3390 2184 veluti

1826 2214 1949 2270 qua:
1981 2201 2148 2256 deleri
2171 2202 2396 2260 minime
2423 2215 2664 2274 possent,
2721 2210 3130 2282 sigillabantur;
3155 2233 3395 2288 quapro-

1827 2302 1946 2362 pter
1977 2309 2100 2347 cum
2149 2297 2373 2366 angelus
2419 2300 2734 2368 pravideret
2765 2304 2912 2374 quod
2943 2323 3052 2362 non
3111 2325 3300 2375 omnes
3342 2316 3392 2369 ei

1827 2385 2087 2440 Credituri
2121 2397 2325 2454 essent,
2353 2389 2488 2446 dixit
2524 2410 2537 2446 :
2601 2392 2669 2447 Ut
2696 2410 3124 2454 consummentur
3153 2414 3388 2471 peccata.

1825 2488 1874 2529 et
1899 2477 2258 2547 obsignentur.
2310 2481 2590 2552 Quotquot
2635 2485 2779 2540 enim
2830 2503 3003 2560 usque
3046 2493 3114 2547 ad
3145 2495 3306 2553 finem
3340 2501 3388 2552 ei

1827 2565 2199 2626 inobedientcs
2232 2570 2470 2636 fuerunt,
2494 2574 2689 2630 horum
2713 2578 2897 2649 utique
2920 2594 3140 2651 peccata
3167 2589 3391 2644 minime

1826 2670 2224 2727 consummata,
2263 2664 2356 2718 sed
2413 2664 2645 2736 sigillata
2691 2679 2837 2738 sunt,
2885 2689 2948 2728 ac
2975 2675 3185 2744 judicio
3209 2696 3388 2739 resero

1825 2764 1986 2816 vata;
2045 2764 2311 2825 quotquot
2364 2773 2493 2814 vero
2539 2762 2797 2818 credituri
2846 2769 3082 2833 suntei,
3130 2780 3388 2844 tanquam

1824 2853 2044 2910 peccata
2077 2845 2380 2901 dimittendi
2415 2849 2669 2905 virtutem
2703 2853 2942 2918 habenti,
2975 2858 3166 2914 horum
3215 2863 3389 2920 deleta

1823 2941 1972 2986 sunt.
2008 2932 2295 3004 Propterea
2330 2939 2463 2994 dicit
2496 2959 2508 2994 :
2556 2941 2623 2994 Et
2656 2956 2711 2997 ut
2738 2947 2972 3016 signetur
2997 2952 3146 3016 visio,
3178 2965 3226 3007 et
3259 2973 3386 3025 pro-

1821 3028 1996 3094 pheta.

233 3167 404 3225 XVIII.
451 3171 684 3242 Ἐπειδὴ
709 3171 817 3243 γὰρ
850 3171 1120 3244 πλήρωμα
1153 3175 1336 3244 νόμου,
1379 3177 1472 3230 καὶ
1513 3194 1722 3251 προφη-

1898 3180 2086 3239 XVIII.
2119 3185 2254 3241 Nam
2288 3205 2411 3244 cum
2441 3191 2578 3260 ipse,
2609 3194 2697 3262 qui
2735 3208 2816 3252 est
2850 3201 3130 3269 plenitudo
3153 3208 3290 3278 legis
3334 3221 3388 3264 et

175 3259 266 3312 τῶν
293 3263 448 3325 αὐτὸς
504 3264 715 3334 παρῆνο
751 3267 779 3317 ὁ
805 3265 966 3335 νόμος
1017 3264 1147 3336 γὰρ,
1203 3267 1294 3320 καὶ
1351 3269 1398 3320 oi
1449 3272 1721 3343 προφῆται

175 3350 262 3414 ἓως
302 3355 572 3409 Ἰωάννου·
611 3355 714 3409 ἔδει
747 3357 813 3410 τὰ
849 3358 939 3409 ὑπ’
965 3358 1184 3411 ἐκείνων
1219 3358 1518 3431 λαλούμενα
1551 3380 1724 3434 σφρα-

175 3443 414 3510 γίζεσθαι,
447 3448 548 3501 ἵνα
606 3450 662 3500 ὲν
710 3452 775 3519 τῇ
821 3449 915 3502 τοῦ
981 3453 1185 3522 Κυρίου
1240 3455 1510 3526 παρουσίᾳ
1545 3457 1722 3510 πάντα

173 3533 376 3590 λυθέντα
430 3539 701 3611 φωτισθῇ,
735 3542 828 3594 καὶ
855 3541 924 3594 τὰ
976 3543 1139 3596 πάλαι
1183 3543 1437 3615 δεδεμένα
1487 3545 1582 3600 νῦν
1631 3548 1721 3600 ὑπ’

175 3627 317 3681 αὐτοῦ
354 3630 508 3702 λυθῇ,
549 3631 622 3694 ὠς
672 3633 832 3696 αὐτὸς
881 3636 910 3686 ό
960 3635 1163 3706 Κύριος
1189 3636 1377 3709 εἴρηκε
1408 3639 1544 3710 πρὸς
1595 3641 1722 3705 τοὺς

173 3717 411 3788 ἄρχοντας
454 3721 558 3775 τοῦ
607 3722 755 3789 λαοῦ,
804 3726 1242 3794 ἀγανακτοῦντας
1279 3731 1372 3783 ἐπὶ
1397 3734 1462 3802 τῇ
1503 3735 1560 3784 ὲν
1592 3733 1723 3786 σαὸ-

180 3809 306 3881 (id-rip
353 3814 660 3886 θεραπείςν
708 3818 1055 3887 Ύποκριταὶ,
1114 3821 1368 3890 ἕκαστος
1417 3825 1581 3894 ὑμῶν
1616 3829 1722 3881 τὸν

179 3901 312 3962 βοῦν
333 3904 368 3972 ἢ
395 3905 503 3959 τὸν
537 3906 678 3959 ὄνον
708 3910 779 3960 οὐ
826 3911 958 3963 λύει
1014 3911 1131 3964 ἀπὸ
1165 3911 1272 3980 τῆς
1327 3913 1569 3984 φάτνης,
1620 3918 1719 3970 καί

175 3992 471 4066 ἀπαγαγὼν
500 3999 760 4064 ποτίζει;
808 4003 1030 4070 ταύτην
1059 4003 1126 4056 δέ
1151 4006 1440 4076 θυγατέρα
1475 4009 1721 4079 Ἀϐραὰμ

173 4080 374 4152 οὖσαν,
435 4088 516 4156 ἣν
565 4089 790 4158 ἔδησεν
848 4095 879 4146 ὸ
933 4095 1203 4162 Σατανᾶς
1255 4099 1358 4165 ἔτη
1425 4099 1570 4152 δέκα
1620 4102 1717 4154 καὶ

175 4174 324 4241 ὀκτὼ,
365 4182 475 4234 οὐκ
502 4179 627 4234 ἔδει
661 4181 912 4250 λυθῆναι
939 4184 1012 4253 τῇ
1038 4187 1218 4254 ἡμέρᾳ
1249 4189 1355 4242 τοῦ
1381 4191 1719 4256 Σαϐϐάτου;

173 4266 312 4332 ὅσους
362 4268 454 4325 οὖν
517 4272 707 4343 ἔδησεν
753 4276 780 4327 ὁ
816 4275 1058 4340 Σατανᾶς
1108 4281 1164 4331 ὲν
1212 4279 1442 4350 βρόχοις,
1494 4282 1717 4348 τούτους

173 4358 319 4412 ἐλθὼν
345 4365 373 4416 ὁ
402 4364 612 4437 Κύριος
638 4364 823 4419 ἔλυσεν
861 4370 924 4421 ἐκ
954 4369 1060 4422 τῶν
1086 4371 1180 4424 τοῦ
1210 4371 1438 4426 θανάτου
1481 4375 1714 4447 δεσμῶν,

173 4445 312 4500 αὐτὸν
345 4451 443 4520 μὲν
497 4453 590 4505 τὸν
635 4454 755 4507 καθ’
802 4457 956 4526 ἡμῶν
1009 4459 1225 4531 ἰσχυρὸν
1281 4462 1466 4534 δήσας,
1516 4445 1612 4537 τὴν
1657 4467 1714 4520 δὲ

172 4537 542 4615 ἀνθρωπότητα
593 4524 980 4620 ἐλευθερῶσας,
1134 4524 1228 4606 καὶ
1271 4524 1497 4622 Ἡσαΐας
1543 4524 1709 4628 λεγειο
1747 4524 1790 4579 D

177 4631 294 4686 Τότε
313 4635 436 4703 ἐρεῖ
454 4639 580 4704 τοῖς
620 4640 690 4692 ἐν
718 4640 978 4711 δεσμοῖς,
1019 4644 1336 4714 Ἐξέλθετε,
1370 4651 1468 4705 καὶ
1500 4652 1623 4719 τοῖς
1643 4653 1714 4708 ἐν

170 4721 238 4786 τῷ
260 4730 478 4796 σκότει,
512 4733 869 4802 Φωτίσθητε.

229 4881 359 4938 XIX.
397 4889 521 4941 Ὅτι
547 4890 604 4942 δὲ
645 4889 714 4944 τὰ
762 4892 968 4948 παλαιά
1018 4895 1106 4950 διὰ
1153 4898 1317 4970 νόμου
1379 4903 1472 4955 καὶ
1506 4921 1716 4977 προφη-

169 4977 263 5030 τῶν
280 4979 616 5053 λελαλημένα
655 4985 832 5039 πάντα
859 4983 926 5058 ἦν
950 4989 1376 5062 ὲσφραγισμένα,
1407 4997 1502 5049 καὶ
1533 4997 1711 5065 ἄγνω-

171 5084 256 5122 στα
291 5077 401 5137 τοῖς
434 5075 745 5147 ἀνθρώποις
772 5079 1078 5150 ὑπάρχοντα
1120 5083 1345 5150 Ἡσαΐας
1389 5086 1558 5155 λέγει’
1599 5089 1709 5143 Καὶ

169 5157 413 5219 δώσουσι
441 5168 508 5222 τὸ
537 5169 778 5232 βιϐλίον
826 5172 892 5224 τὸ
918 5173 1396 5244 ἐσφραγισμένον
1423 5180 1708 5247 ἀνθρώπῳ

166 5251 525 5325 ἐπισταμένῳ
570 5261 889 5331 γράμματα,
935 5266 1029 5318 καὶ
1057 5266 1299 5334 ἐροῦσιν
1331 5269 1508 5334 αὐτῷ,
1550 5271 1708 5325 Ἀνά-

167 5353 324 5410 γνωθι
349 5351 564 5415 ταῦτα,
606 5355 703 5407 καὶ
743 5357 882 5423 ἐρεῖ,
935 5360 1015 5411 Οὐ
1041 5359 1294 5429 δύναμαι
1347 5362 1706 5432 ἀναγνῶναι,

166 5435 546 5511 ἐσφράγισται
588 5446 716 5516 γάρ.
777 5450 1106 5518 Ἀναγκαίως
1134 5453 1237 5506 ἔδει
1283 5454 1350 5508 τά
1393 5455 1598 5509 παλαιά
1624 5457 1712 5510 διὰ

167 5529 262 5583 τῶν
311 5537 599 5605 προφητῶν
652 5541 932 5612 εἰρημένα,
964 5548 1075 5607 τοῖς
1135 5547 1232 5615 μὲν
1284 5547 1531 5610 ἀπίστοις
1556 5550 1713 5621 Φαρι-

169 5620 329 5686 σαίοις
352 5626 401 5677 οἳ
429 5626 644 5683 ἐδόκουν
669 5631 736 5684 τὰ
761 5633 854 5687 τοῦ
880 5635 1042 5706 νόμου
1091 5639 1393 5710 γράμματα
1423 5642 1709 5710 γινώσκειν

1827 3278 2239 3346 prophetarum,
2264 3299 2502 3352 praesens
2525 3298 2669 3343 esset
2709 3291 2814 3358 (lex
2859 3296 3001 3349 enim
3035 3308 3089 3352 et
3113 3303 3389 3371 prophetae

1823 3385 1997 3438 usque
2028 3370 2096 3424 ad
2125 3371 2450 3446 Joannem),
2507 3384 2789 3449 oportebat
2838 3387 3114 3458 obsignari
3148 3370 3269 3462 quae
3318 3402 3388 3452 ab

1823 3459 1930 3516 illis
1959 3462 2102 3518 dicta
2130 3463 2366 3533 fuerant,
2398 3478 2457 3524 ut
2484 3470 2536 3524 in
2567 3474 2800 3530 adventu
2834 3476 3049 3534 Domini
3077 3459 3262 3540 omnia
3298 3503 3390 3543 so-

1821 3553 1934 3609 Inta
1965 3556 2344 3626 clarescerent,
2398 3573 2452 3617 et
2484 3578 2604 3632 quae
2633 3567 2761 3620 olim
2819 3569 2982 3638 ligata
3029 3585 3205 3641 erant,
3242 3595 3388 3636 nunc

1819 3645 1888 3700 ab
1917 3647 2035 3716 ipso
2063 3649 2422 3720 solverentur,
2476 3659 2934 3723 quemadmodum
2983 3664 3097 3733 ipse
3122 3664 3389 3728 Dominus

1818 3738 1958 3792 dixit
1989 3739 2056 3794 ad
2090 3741 2364 3812 principes
2395 3747 2600 3815 populi,
2635 3752 2726 3819 qui
2753 3751 2821 3806 de
2842 3756 3124 3813 curatione
3154 3759 3294 3816 facta
3329 3765 3382 3818 in

1818 3833 1908 3888 die
1930 3832 2152 3889 Sabbati
2181 3836 2599 3908 indignabantur
2626 3861 2640 3898 :
2682 3843 3006 3914 Hypocritte,
3034 3855 3386 3924 unusquisque

1818 3935 2045 3979 vestrum
2079 3927 2254 3982 bovem
2289 3930 2368 3984 vel
2403 3934 2613 3987 asinum
2670 3952 2837 3991 nonne
2883 3941 3038 3994 solvit
3072 3960 3104 3996 a
3132 3961 3381 4016 prazsepe,

1817 4027 1866 4072 et
1929 4018 2146 4073 adducit
2204 4027 2501 4092 aquatum?
2560 4026 2694 4081 hanc
2743 4046 2863 4084 vero
2910 4033 3083 4100 ﬁliam
3134 4039 3381 4106 Abrahae,

1817 4126 1975 4180 quam
1997 4113 2171 4166 decent
2202 4123 2251 4168 et
2286 4126 2401 4169 octo
2453 4120 2607 4173 annis
2644 4121 2902 4190 ligaverat
2963 4126 3214 4195 Satanas,
3276 4149 3382 4188 ncn

1819 4202 1902 4271 fas
1925 4212 2036 4256 erat
2085 4213 2141 4257 ut
2171 4207 2456 4263 solveretur
2513 4211 2598 4264 die
2626 4211 2847 4269 Sabbati
2877 4217 2961 4272 9'?
3018 4219 3384 4296 Quoscunque
3467 4218 3472 4222 ’

1819 4291 1986 4362 igitur
2013 4293 2314 4366 illigaverat
2346 4297 2535 4364 Satan,
2581 4301 2685 4356 hos
2717 4305 3010 4363 adveniens
3043 4291 3309 4371 Dominus
3353 4335 3384 4371 e

1818 4384 2012 4438 mortis
2043 4384 2271 4443 vinculis
2301 4389 2482 4457 solvit,
2511 4407 2635 4446 cum
2665 4395 2840 4464 ipsum
2872 4399 3088 4468 quidem
3121 4404 3381 4462 adversus

1818 4491 1920 4531 nos
1956 4475 2151 4532 fortem
2208 4480 2450 4550 ligasset,
2503 4483 2894 4542 humanitatem
2925 4505 3053 4546 vero
3077 4493 3130 4547 in
3156 4494 3382 4551 Iiberta-

1820 4575 1924 4620 tem
1955 4567 2304 4633 vindicasset,
2371 4572 2530 4627 sicuti
2583 4575 2745 4630 etiam
2782 4577 2950 4633 Isaias
2979 4580 3146 4638 dicit:
3234 4585 3379 4642 Tunc

1817 4658 1954 4712 dicet
1984 4659 2050 4712 iis
2102 4662 2191 4730 qui
2221 4665 2271 4714 in
2300 4664 2520 4720 vinculis
2552 4682 2569 4718 :
2625 4666 2980 4738 Egredimini;
3011 4686 3060 4728 et
3093 4678 3156 4730 iis
3208 4683 3298 4750 qui
3326 4683 3381 4735 in

1815 4751 2034 4805 tenebris
2060 4767 2078 4804 :
2111 4752 2496 4810 Illuminamini
2531 4758 2596 4812 ".

1885 4905 2026 4960 XIX.
2064 4906 2218 4974 Quod
2259 4923 2436 4965 autem
2482 4923 2664 4971 vetera
2694 4934 2788 4986 per
2807 4920 2977 4992 legem
3000 4934 3055 4980 et
3086 4929 3374 4999 prophetas

1817 4997 2074 5066 praedicta
2109 5001 2292 5056 omnia
2350 5003 2552 5058 fuerint
2596 5009 2901 5078 obsignata,
2965 5025 3018 5068 et
3065 4997 3379 5078 hominibus

1819 5089 2111 5158 incognita,
2139 5089 2305 5146 Isaias
2338 5094 2506 5148 dicit:
2565 5095 2635 5149 Et
2679 5098 2876 5155 dabunt
2909 5104 3101 5160 librum
3134 5111 3380 5182 obsigna-

1819 5188 1928 5232 tum
1951 5181 2148 5235 homini
2171 5185 2355 5237 scienti
2377 5184 2601 5252 litteras,
2623 5198 2673 5241 et
2693 5191 2864 5245 dicent
2889 5194 2938 5247 ei
2959 5211 2976 5247 :
3004 5195 3138 5268 Lege
3166 5181 3294 5266 haec,
3327 5215 3377 5258 et

1817 5272 2187 5341 respondebit:
2246 5273 2368 5329 Non
2400 5293 2612 5346 possunt
2670 5281 2856 5352 legere,
2905 5303 3024 5340 nam
3072 5290 3376 5361 obsignatas

1815 5378 1890 5417 est
1919 5364 1984 5417 ⁸³.
2014 5363 2246 5421 Necesse
2294 5377 2406 5423 erat
2436 5382 2615 5425 vetera
2675 5389 2772 5443 per
2816 5379 3106 5448 prophetas
3133 5399 3377 5451 pronun-

1817 5455 1970 5522 tiata,
1997 5457 2291 5514 incredulis
2315 5462 2535 5531 quidem
2558 5466 2870 5537 Phariszeis,
2902 5475 2993 5542 qui
3031 5475 3292 5541 putabant
3317 5493 3376 5532 se

1817 5547 1950 5619 legis
1979 5549 2302 5619 scripturam
2364 5557 2692 5630 intelligere,
2748 5565 3030 5634 obsignata
3085 5582 3226 5632 esse,
3257 5583 3378 5623 cre—

1817 5642 2065 5697 dentibus
2086 5657 2214 5697 vero
2243 5657 2446 5716 aperta.
2495 5650 2626 5717 Quae
2675 5655 2836 5724 igitur
2868 5656 2996 5712 olim
3025 5667 3180 5713 erant
3224 5660 3372 5716 obsi-

235 5819 277 5850 ’°
308 5819 408 5877 Isa.
461 5840 567 5893 un,
597 5831 618 5884 I
647 5849 660 5898 ;
691 5829 914 5901 Luc.tv,
945 5832 1025 5888 I8.
1102 5837 1143 5868 9‘
1186 5835 1318 5893 Luc.
1353 5855 1470 5905 xm,
1513 5841 1593 5896 I5.
1637 5844 1678 5874 "
1709 5843 1810 5899 Isa.
1875 5861 2024 5911 ms,
2058 5848 2112 5901 9.
2195 5851 2234 5881 ³³
2275 5852 2377 5905 Isa.
2447 5868 2594 5918 xxix,
2626 5853 2714 5938 III.
