3876 6340
407 354 515 410 655

1285 345 1341 401 S.
1374 340 1737 403 IIIPPOLYTI
1773 338 1924 397 OPP.
1962 336 2145 395 PARS
2177 335 2220 392 I.
2258 366 2327 378 --
2360 330 2778 390 EXEGETICA.

3563 328 3672 384 656

405 483 589 547 gnata,
649 484 795 527 nunc
846 483 944 541 per
990 466 1221 540 gratiam
1275 463 1493 520 Domini
1539 460 1723 518 omnia
1775 457 2012 515 sanctis.

2096 451 2467 528 εσφραγίσθαι,
2502 452 2617 514 τοῖς
2651 449 2709 503 δὲ
2753 452 3096 504 πιστεύουσιν
3150 442 3440 518 meamea-
3470 443 3540 497 τὰ
3573 446 3676 515 μὲν

410 576 596 637 aperta
626 572 772 620 sunt.

481 748 601 804 XX.
632 744 754 818 Ipse
780 745 926 802 enim
958 751 1077 798 erat
1120 739 1420 812 perfectum
1462 735 1703 807 sigillum
1726 741 1780 789 et
1817 730 1988 787 clavis

412 839 658 897 Ecclesia
683 858 697 895 :
725 838 830 906 Qui
866 836 1058 908 aperit,
1086 842 1134 889 et
1164 848 1315 887 nemo
1351 829 1576 894 claudit,
1598 837 1648 882 et
1683 824 1908 889 claudit,
1934 834 1984 879 et

417 950 566 991 nemo
604 932 775 1003 aperit
807 931 886 998 ";
917 928 1060 984 sicut
1104 925 1342 983 Joannes
1361 923 1511 988 dicit,
1542 931 1596 976 et
1625 920 1765 974 idem
1794 931 1987 973 rursus

418 1028 532 1084 ait:
564 1024 633 1080 Et
656 1024 761 1080 uidi
781 1022 837 1076 in
866 1020 1055 1076 dextra
1075 1018 1301 1074 sedentis
1321 1031 1477 1086 super
1502 1013 1747 1068 thronum
1769 1008 1985 1075 librum,

420 1121 680 1189 scriptum
710 1116 853 1170 intus
893 1121 943 1170 ει
978 1110 1129 1184 foris,
1150 1110 1417 1182 signatum
1445 1104 1736 1177 signaculis
1761 1111 1987 1171 septem;

417 1220 468 1266 et
502 1209 606 1264 vidi
659 1205 903 1278 angelum
953 1203 1269 1257 clamantem
1320 1214 1441 1254 voce
1491 1209 1717 1267 magna:
1742 1193 1874 1260 Quis
1910 1199 1988 1247 est

423 1303 621 1372 dignus
649 1296 852 1367 aperire
880 1294 1097 1357 librum,
1129 1301 1179 1347 et
1217 1290 1412 1345 solvere
1460 1285 1737 1359 signacula
1758 1283 1915 1353 ejus?
1935 1291 1990 1338 et

419 1399 635 1448 camera.
672 1386 741 1440 Et
771 1385 878 1441 ridi
928 1385 982 1437 in
1010 1381 1178 1437 medio
1213 1379 1410 1445 throni,
1441 1388 1490 1433 et
1522 1384 1751 1447 quatuor
1781 1376 1990 1429 anima-

421 1486 555 1540 lium
584 1483 792 1551 Agnum
814 1485 1043 1531 stantem
1095 1469 1396 1545 (tanquam)
1435 1469 1689 1530 occisum,
1717 1467 1991 1521 habentem

2088 542 2181 601 οὖν
2220 545 2386 600 πάλαι
2420 542 2835 615 ἐσφραγισμένα
2890 540 2986 594 νῦν
3031 538 3119 593 διὰ
3163 538 3264 610 τῆς
3307 539 3533 610 χάριτος
3574 535 3672 590 τοῦ

2088 637 2297 710 Κυρίου
2327 638 2505 691 πάντα
2533 638 2645 699 τοῖς
2667 634 2840 703 ἁγίοις
2870 632 3129 703 ὴνέῳγεν.

2154 730 2274 785 ΧΧ.
2308 729 2483 794 Αὐτὸς
2506 728 2615 801 γὰρ
2648 722 2717 798 ἦν
2743 728 2779 798 ἡ
2812 725 2990 780 τελεία
3021 724 3253 797 σφραγὶς
3278 762 3294 788 ,
3339 721 3437 776 καὶ
3462 718 3615 783 κλεὶς
3634 720 3676 791 ἡ

2101 822 2431 893 Ἐκκλησία·
2508 823 2561 875 '0
2610 821 2887 891 ἀνοίγων,
2943 817 3039 872 καὶ
3083 815 3285 883 οὐδεὶς
3330 813 3543 878 κλείει,
3571 811 3680 866 και

2089 916 2328 979 κλείων,
2356 914 2455 969 καὶ
2486 913 2689 981 οὐδεὶς
2712 912 2957 983 ἀνοίγει,
2980 909 3055 974 ὡς
3089 908 3340 980 Ἰωάννης
3375 906 3548 977 λέγει,
3577 918 3678 958 και

2090 1008 2254 1063 πάλιν
2287 1007 2317 1060 ὁ
2339 1006 2501 1071 αὐτός
2530 1022 2691 1077 φησι·
2723 1004 2832 1060 Καὶ
2858 999 3023 1058 εῖδον
3047 1001 3145 1055 ἐπὶ
3177 999 3291 1070 τὴν
3320 998 3528 1065 δεξιὰν
3562 996 3677 1053 τοῦ

2088 1101 2426 1171 καθημένου
2448 1100 2546 1153 ἐπὶ
2587 1099 2695 1153 τὸν
2734 1097 2952 1167 θρόνον
2989 1094 3236 1161 βιϐλίον
3264 1090 3681 1164 γεγραμμένον

2086 1196 2315 1249 ἔσωθεν
2394 1192 2493 1246 καὶ
2548 1191 2790 1256 ἔξωθεν,
2833 1186 3315 1259 ἐσφραγισμένον
3343 1184 3681 1256 σφραγῖσιν

2088 1285 2263 1350 ἑπτὰ,
2292 1284 2391 1340 καὶ
2436 1280 2600 1338 εἶδον
2641 1282 2902 1353 ἄγγελον
2930 1281 3319 1349 κηρύσσοντα
3360 1277 3529 1348 φωνῇ
3569 1293 3681 1347 με-

2088 1376 2266 1449 γάλῃ,
2317 1377 2413 1446 Τίς
2465 1375 2635 1442 ἄξιος
2685 1374 2919 1440 ἀνοῖξαι
2949 1372 3017 1427 τὸ
3043 1372 3310 1438 βιϐλίον,
3350 1371 3450 1425 καὶ
3480 1371 3680 1426 λῦσαι

2087 1469 2195 1536 τὰς
2219 1467 2551 1539 σφραγῖδας
2601 1467 2827 1530 aliter”);
2856 1467 2952 1521 καὶ
2982 1466 3051 1520 τὰ
3106 1465 3255 1536 ἑξῆς
3285 1466 3384 1520 καὶ
3413 1461 3582 1519 εἶδον
3600 1464 3678 1519 ἐν

2084 1561 2253 1632 μέσῳ
2284 1560 2389 1616 τοῦ
2431 1561 2668 1630 θρόνου,
2722 1560 2821 1614 καί
2853 1559 2972 1614 τῶν
3006 1558 3322 1627 τεσσάρων
3361 1557 3537 1622 ᾄδων,
3566 1557 3677 1625 ἀρ-

2089 1652 2227 1706 νίον
2252 1651 2510 1720 ἑστηκὸς
2533 1651 2918 1722 ἐσφαγμένον
2940 1650 3088 1723 ἔχον
3122 1651 3341 1720 κέρατα
3364 1649 3538 1716 ἑπτὰ,
3568 1649 3671 1703 καὶ

418 1593 625 1633 cornua
663 1581 881 1642 septem,
931 1575 983 1624 et
1028 1565 1207 1623 oculos
1252 1573 1467 1636 septem,
1522 1563 1615 1634 qui
1644 1571 1764 1618 sunt
1796 1571 1990 1633 septem

418 1669 640 1739 spiritus
675 1665 805 1729 Dei,
832 1663 983 1717 missi
1003 1676 1056 1715 ιη
1081 1674 1285 1713 omnem
1315 1664 1531 1723 terram,
1558 1664 1608 1709 et
1636 1655 1795 1719 venit,
1825 1663 1875 1708 et
1901 1670 1992 1708 ac-

419 1761 555 1832 cepit
597 1758 789 1811 librum
825 1769 891 1809 ea:
938 1751 1128 1805 dextra
1180 1744 1407 1803 sedentis
1443 1760 1598 1815 super
1637 1744 1900 1805 thronum,
1941 1752 1991 1796 et

2096 1744 2439 1815 ὀφθαλμοὺς
2493 1744 2663 1809 ἑπτὰ,
2714 1745 2754 1800 ἄ
2804 1746 2962 1799 εἰσιν
3013 1743 3163 1798 ἐπτά
3213 1744 3521 1813 πνεύματα
3561 1741 3676 1796 τοῦ

420 1826 636 1922 quando
659 1844 859 1915 accepit
885 1842 1102 1903 librum,
1151 1846 1380 1910 quatuor
1406 1834 1687 1897 animalia,
1730 1843 1778 1889 et
1804 1834 1988 1903 viginti

2096 1837 2261 1902 Θεοῦ,
2288 1836 2361 1891 τὰ
2414 1836 2839 1906 ἀπεσταλμένα
2869 1840 2957 1905 είς
3000 1835 3208 1893 πᾶσαν
3250 1835 3367 1905 τὴν
3395 1835 3532 1907 γῆν,
3574 1837 3676 1891 και
3714 1828 3719 1833 “

420 1951 652 2013 quatuor
685 1938 915 1992 seniores
967 1931 1266 1989 ceciderunt
1292 1944 1473 1983 coram
1519 1926 1699 1998 Agna,
1747 1927 1990 1980 habentes

2096 1926 2261 2001 ἦλθε,
2294 1930 2392 1985 καί
2431 1930 2610 1985 ἔλαϐε
2641 1931 2706 1985 τὸ
2754 1931 2996 1996 ,βιϐλίον
3039 1931 3110 1985 ἐκ
3154 1928 3265 1998 τῆς
3312 1927 3516 1996 δεξιᾶς
3563 1929 3678 1984 τοῦ

421 2034 681 2096 citharas,
715 2036 765 2083 et
814 2023 1025 2097 phialas
1053 2036 1261 2084 aureas,
1290 2019 1472 2089 plenas
1507 2018 1990 2083 odoramentorum,

2097 2020 2435 2090 καθημένου
2486 2020 2585 2075 ἐπὶ
2650 2019 2758 2075 τοῦ
2800 2021 3038 2088 θρόνου,
3088 2020 3185 2074 καὶ
3228 2018 3327 2073 ὅτε
3379 2019 3565 2073 ἔλαϐε
3606 2015 3675 2071 τὸ

421 2139 538 2195 quia
569 2129 691 2177 sunt
741 2117 1006 2172 orationes
1037 2122 1364 2175 sanctorum,
1423 2120 1472 2165 et
1509 2118 1706 2163 canunt
1728 2112 1994 2162 canticum

2096 2113 2263 2178 ,βιϐλί
2265 2131 2335 2169 ον
2374 2114 2447 2170 τὰ
2485 2114 2754 2183 τέσσαρα
2781 2110 2914 2178 ζῶα,
2955 2112 3057 2168 καὶ
3104 2115 3157 2167 οἱ
3182 2111 3680 2180 εἰκοσιτέσσαρες

424 2230 634 2281 novum,
661 2212 891 2265 dicentes
922 2224 939 2261 :
975 2205 1175 2277 Dignus
1216 2220 1270 2259 es
1297 2203 1531 2271 accipere
1554 2201 1769 2265 librum,
1797 2211 1844 2255 et
1876 2218 1997 2271 ape—

2101 2205 2484 2273 πρεσϐὐτεροι
2531 2206 2756 2260 ἔπεσον
2783 2203 3039 2258 ἐνώπιον
3086 2201 3195 2258 τοῦ
3230 2202 3465 2272 ἀρνίου,
3499 2202 3679 2271 ἕχον-

427 2309 531 2362 rire
555 2302 833 2376 signacula
861 2299 997 2369 ejus,
1025 2296 1274 2367 quoniam
1301 2295 1505 2349 occisus
1528 2310 1602 2358 es,
1630 2301 1679 2347 et
1704 2294 1877 2347 emisti
1903 2308 1996 2347 nos

2099 2312 2198 2362 τες
2226 2295 2490 2365 κιθάρας,
2542 2296 2640 2350 καὶ
2684 2293 2903 2365 φιάλας
2939 2292 3176 2365 χρυσᾶς
3231 2293 3535 2365 γεμούσας
3570 2297 3677 2348 θυ-

426 2400 614 2454 Deoia
638 2393 894 2464 sanguine
946 2400 1037 2444 tuo
1089 2389 1159 2445 ⁸⁵.
1197 2387 1422 2457 Accepit
1476 2386 1640 2457 igitur
1698 2386 1918 2451 librum,
1946 2393 2000 2441 et

2096 2384 2404 2456 μιαμάτων
2427 2427 2442 2451 ,
2499 2388 2562 2440 αἵ
2615 2389 2772 2442 εἰσιν
2813 2389 2871 2440 al
2926 2385 3256 2455 προσευχαὶ
3299 2383 3420 2438 τῶν
3468 2384 3675 2453 ἁγίων.

425 2484 607 2548 solvit,
640 2490 697 2535 ut
738 2494 853 2550 qua:
886 2477 1015 2531 olim
1072 2476 1136 2531 de
1174 2476 1286 2546 ipso
1324 2485 1522 2529 secreto
1565 2474 1712 2529 dicta
1763 2474 1997 2543 fuerant,

2100 2477 2198 2531 καὶ
2225 2476 2478 2545 ᾅδουσιν
2504 2478 2669 2549 ᾠδὴν
2692 2478 2912 2547 καινὴν
2955 2477 3259 2549 λέγοντες
3282 2478 3472 2546 Ἄξιος
3490 2474 3548 2532 εἷ
3568 2481 3677 2531 λα-

425 2589 562 2629 nunc
588 2571 747 2625 libere
769 2583 927 2637 super
957 2577 1092 2621 tecta
1110 2564 1461 2636 prtedicentur
1490 2563 1558 2617 ".

2100 2569 2225 2624 ϐεῖν
2246 2568 2312 2622 τὸ
2331 2570 2595 2635 βιϐλίον,
2650 2573 2747 2626 καὶ
2778 2571 3013 2637 ἀνοῖξαι
3052 2571 3161 2640 τὰς
3202 2574 3539 2643 σφραγῖδας
3564 2575 3673 2628 αὑ-

423 2666 551 2722 τοῦ’
599 2664 688 2719 ὅτι
741 2661 1033 2732 ἐσφάγης,
1089 2660 1189 2714 καὶ
1233 2660 1539 2729 ἠγόρασας
1584 2653 1740 2727 ἡμᾶς
1793 2656 1874 2723 τῷ
1917 2657 2039 2725 Θεῷ
2099 2663 2170 2717 ὲν
2204 2663 2284 2729 τῷ
2330 2666 2533 2735 αἵματί
2580 2683 2718 2721 σου.
2768 2668 2998 2722 Ἔλαϐεν
3046 2666 3138 2723 οὖν
3187 2669 3250 2722 τὸ
3299 2667 3527 2740 βιϐλίον,
3582 2670 3675 2723 καὶ

424 2764 632 2828 ἔλυσεν,
685 2761 786 2813 ἵνα
839 2758 913 2813 τὰ
980 2756 1165 2810 πάλαι
1230 2750 1362 2824 περὶ
1416 2753 1602 2808 αὐτοῦ
1635 2753 1992 2823 ἀποκρύφως
2043 2758 2407 2829 λαλούμενα,
2437 2760 2555 2816 νῦν
2575 2762 2725 2832 μετὰ
2779 2763 3118 2833 παρρησίας
3166 2763 3265 2818 ἐπὶ
3308 2762 3430 2817 τῶν
3486 2762 3676 2832 δωμάο

425 2871 542 2909 των
572 2846 873 2920 κηρυχθῇ.

495 2948 636 3004 XXI.
662 2948 739 3003 Ac
765 2955 1049 3017 propterea
1084 2940 1309 3012 angelus
1333 2939 1539 2995 Danieli
1574 2940 1791 3010 quidem
1822 2940 1990 2996 dicit:

2168 2939 2313 2994 XXI.
2348 2939 2456 2994 Καὶ
2479 2938 2567 2994 διὰ
2600 2940 2761 2995 τοῦτο
2806 2941 2884 3013 τῷ
2937 2942 3035 3014 μὲν
3075 2940 3271 3013 Δανιὴλ
3302 2940 3453 3010 λέγει
3500 2943 3530 2997 ὁ
3574 2941 3673 3011 ἄγ-

428 3037 593 3108 Signa
624 3049 911 3093 sermones.
958 3024 1207 3103 quoniam
1260 3030 1315 3084 in
1368 3030 1472 3099 ﬁne
1523 3031 1766 3097 temporis
1820 3031 1988 3094 visio;

2097 3034 2273 3103 γελος’
2307 3033 2650 3103 Σφράγισον
2708 3034 2849 3100 τοὺς
2901 3035 3143 3104 λόγους,
3191 3033 3279 3087 ὅτι
3314 3036 3397 3101 είς
3461 3032 3670 3101 καιροῦ

425 3123 645 3179 Christo
671 3135 800 3176 vero
830 3134 942 3174 non
985 3118 1288 3181 dicebatur,
1321 3118 1496 3189 signa,
1555 3119 1649 3173 sed
1703 3118 1841 3174 solve
1875 3137 1995 3191 qua:

2097 3125 2283 3194 πέρας
2308 3127 2345 3194 ὴ
2387 3124 2616 3193 ὅρασις
2647 3123 2724 3196 τῷ
2764 3124 2821 3177 δὲ
2850 3124 3069 3199 Χριστῷ
3094 3125 3195 3179 οὐκ
3242 3125 3466 3194 ἐλέγετο
3490 3124 3675 3195 σφρά-

426 3217 557 3271 olim
581 3216 744 3285 ligata
771 3222 953 3276 erant,
1002 3221 1063 3267 ut
1094 3226 1187 3282 per
1216 3211 1446 3282 gratiam
1486 3211 1660 3281 ipsius
1690 3227 1995 3284 cognosca-

2098 3234 2294 3289 γισον,
2333 3215 2467 3271 ἀλλὰ
2511 3217 2711 3271 λῦσον
2760 3216 2830 3272 τὰ
2881 3217 3047 3272 πάλαι
3092 3216 3379 3288 δεδεμένα·
3446 3219 3536 3273 ἵνα
3583 3219 3671 3273 διὰ

429 3319 553 3361 mus
582 3318 684 3359 nos
712 3302 1047 3357 voluntatem
1101 3299 1303 3368 Patris,
1335 3308 1390 3355 et
1427 3301 1716 3358 credamus
1769 3303 1824 3358 in
1846 3319 1994 3371 eum,

2096 3308 2196 3380 τῆς
2240 3309 2463 3379 χάριτος
2488 3308 2654 3362 αὐτοῦ
2695 3292 3006 3380 ἐπιγνῶμίεν
3044 3310 3206 3380 ἡμεῖς
3234 3308 3295 3362 τὸ
3335 3308 3552 3381 θέλημα
3578 3310 3672 3363 τοῦ

427 3411 591 3466 quem
624 3394 773 3449 misit
826 3392 917 3447 ille
947 3400 1169 3462 propter
1206 3391 1435 3447 salutem
1479 3393 1783 3460 hominum,
1811 3393 1995 3451 Jesum

430 3486 720 3543 Dominum
752 3493 1023 3557 nostrum.
1056 3483 1196 3537 Dicit
1223 3484 1424 3553 igitur:
1455 3483 1772 3552 Reuertetur,
1797 3496 1845 3539 et
1868 3488 1998 3541 trdi-

426 3580 676 3651 ﬁcabitur
702 3576 901 3648 platea,
951 3584 1000 3630 et
1052 3592 1258 3641 murus,
1296 3575 1488 3648 (quod)
1539 3580 1762 3632 omnino
1794 3576 1997 3634 factum

425 3681 532 3729 est.
567 3671 707 3727 Cum
749 3670 895 3725 enim
944 3668 1181 3740 populus
1212 3684 1466 3725 reversus
1496 3679 1661 3736 esset,
1712 3671 1922 3737 urbem,
1943 3680 1997 3727 et

426 3765 713 3835 templum,
747 3771 801 3817 et
841 3778 1030 3817 muros
1077 3761 1131 3815 in
1164 3762 1398 3817 circuitu
1454 3762 1761 3820 aediﬁcavit.
1800 3763 1998 3820 Deinde

427 3858 545 3914 ait:
581 3855 708 3911 Post
765 3852 1123 3908 hebdomadas
1169 3854 1444 3925 sexaginta
1481 3854 1615 3909 duas
1661 3871 1993 3909 consumma-

429 3951 624 4003 buntur
669 3958 939 4016 tempora;
985 3955 1036 3999 et
1093 3954 1292 4001 statuet
1334 3955 1549 4016 pactum
1585 3947 1768 4001 multis
1800 3947 1993 4002 hebdo-

426 4040 588 4096 mada
615 4055 743 4101 una,
771 4047 819 4092 et
844 4038 897 4091 in
924 4037 1148 4091 dimidio
1177 4037 1515 4092 hebdomadis
1538 4040 1806 4108 auferetur
1830 4042 1998 4095 sacri-

427 4132 702 4195 ﬁeium,et
748 4129 1000 4193 libamen,
1054 4138 1103 4182 et
1157 4128 1300 4201 (erit)
1336 4130 1393 4183 in
1442 4130 1633 4196 templo
1673 4131 1995 4187 abominatio

421 4219 834 4274 desolationum.

493 4388 661 4445 XXII.
689 4391 826 4448 Cum
882 4391 1026 4447 enim
1062 4390 1346 4460 sexaginta
1376 4389 1499 4446 dua:
1543 4391 1849 4463 adimpletae
1877 4392 1995 4450 fue-

424 4482 537 4537 rint
563 4482 952 4545 bcbdomades,
981 4494 1034 4538 et
1071 4481 1323 4537 Christus
1378 4480 1633 4547 adfuerit.
1671 4493 1725 4539 et
1749 4484 1993 4555 Evange-

422 4575 557 4630 Iium
590 4577 644 4629 in
671 4576 820 4631 omni
849 4576 973 4631 loco
1002 4576 1166 4630 fuerit
1195 4576 1569 4646 praedicatum,
1596 4579 1991 4636 consummatis

422 4668 785 4737 temporibus,
816 4682 924 4722 una
978 4668 1316 4723 hebdomade
1365 4668 1704 4739 relinquetur
1724 4678 1986 4736 extrema,

422 4759 481 4812 in
504 4772 614 4827 qua
648 4758 823 4813 aderit
843 4757 1009 4826 Elias,
1044 4769 1098 4814 et
1118 4758 1330 4825 Enoch,
1363 4770 1417 4816 et
1474 4764 1529 4815 in
1559 4762 1787 4818 dimidio
1816 4763 1989 4834 ipsius

422 4847 706 4919 apparebit
763 4848 1098 4904 abominatio
1148 4850 1524 4918 desolationis,
1581 4852 1816 4927 (nempe)
1840 4854 1990 4910 Anti-

419 4940 680 5006 christus,
740 4939 1135 4997 desolationem
1190 4942 1398 4997 mundo
1446 4945 1798 5001 annuntians.
1847 4945 1985 5002 Cum

417 5045 549 5085 vero
574 5031 664 5086 ille
691 5032 990 5098 advenerit,
1054 5033 1333 5089 auferetur
1382 5036 1733 5105 sacriﬁcium,
1762 5046 1815 5093 et
1845 5036 1984 5093 liba-

417 5139 566 5190 men,
602 5124 747 5193 quod
779 5124 939 5179 modo
961 5124 1163 5196 ubique
1206 5125 1449 5182 locorum
1481 5143 1511 5182 a
1544 5129 1794 5197 gentibus
1822 5130 1986 5185 (θεῖεν-

417 5224 508 5272 tur
540 5215 671 5272 Deo.
704 5214 801 5273 His
833 5218 907 5271 ita
932 5217 1095 5273 dictis
1124 5219 1285 5273 aliam
1334 5221 1492 5276 nobis
1519 5222 1785 5277 visionem
1834 5238 1991 5279 enar-

413 5318 499 5363 rat
531 5308 829 5379 propheta;
866 5310 932 5365 de
966 5310 1117 5366 nulla
1162 5312 1306 5367 enim
1335 5313 1444 5366 alia
1482 5328 1540 5368 re
1571 5314 1836 5372 sollicitus
1868 5315 1988 5384 fuit,

411 5414 580 5469 quam
628 5408 690 5456 ut
742 5401 809 5457 de
854 5403 1110 5458 omnibus
1160 5402 1359 5460 futuris
1410 5405 1697 5476 diligenter
1749 5407 1985 5464 instruc-

412 5499 604 5559 retur,
661 5506 785 5562 quae
840 5491 960 5562 ipso
1035 5495 1257 5551 doctore
1324 5495 1485 5552 nobis
1541 5496 1830 5554 manifesta
1888 5500 1983 5555 lie-

408 5587 554 5636 rent.

482 5740 529 5773 ”
554 5741 723 5813 Apoc.
756 5760 837 5813 III,
871 5745 922 5803 7.
1000 5748 1046 5780 "‘
1080 5748 1247 5818 Apoc.
1272 5764 1326 5813 ν,
1361 5747 1411 5802 1.
1489 5749 1535 5783 ’⁵
1562 5749 1753 5808 Matth.
1784 5768 1839 5818 Χ,
1870 5754 1962 5810 27.

2097 3400 2328 3471 Πατρὸς,
2357 3401 2450 3454 καὶ
2473 3401 2850 3472 πιστεύσωμεν
2877 3403 2957 3465 είς
3011 3400 3070 3456 ὃν
3096 3403 3302 3466 ἐκεῖνος
3331 3401 3670 3471 ἀπέστειλεν,

2108 3491 2313 3565 Ἰησοῦν
2366 3492 2457 3546 τὸν
2501 3492 2705 3565 Κύριον
2741 3492 2898 3564 ἡμῶν
2950 3492 3047 3546 ἐπὶ
3098 3496 3165 3566 τῇ
3208 3493 3319 3547 τῶν
3366 3494 3673 3567 ἀνθρώπων

2098 3582 2357 3655 σωτηρίᾳο
2391 3582 2539 3653 λέγει
2589 3578 2712 3637 οὖν·
2781 3584 3174 3654 Ἑπιστρέψει,
3220 3585 3318 3639 καὶ
3357 3585 3675 3657 οἰκοδομη-

2096 3674 2344 3740 θήσεται
2401 3676 2672 3741 πλατεῖα,
2717 3676 2828 3730 καϊ
2866 3675 3094 3746 τεῖχοςο
3140 3677 3311 3742 ὅντως
3354 3678 3671 3750 γεγένηταισ

2097 3765 2429 3838 ἐπιστρέψας
2459 3766 2568 3840 γὰρ
2621 3768 2649 3820 ὁ
2701 3767 2828 3832 λαὸς
2856 3767 3170 3839 ᾠκοδόμησε
3210 3768 3309 3840 τὴν
3355 3770 3534 3838 πόλιν,
3582 3772 3675 3826 καὶ

2094 3857 2184 3909 τὸν
2213 3859 2359 3924 ναὸν,
2389 3860 2482 3914 καί
2516 3859 2577 3913 τὸ
2608 3864 2788 3931 τεῖχος
2821 3860 3037 3931 κύκλῳ’
3090 3860 3281 3916 ἔπειτα
3301 3862 3468 3931 λέγει·
3508 3865 3670 3920 Μετὰ

2095 3952 2201 4016 τὰς
2227 3949 2554 4021 ἑϐδομάδας
2573 3951 2679 4018 τὰς
2699 3951 3124 4020 ἑξηκονταδύο,
3155 3953 3670 4021 ἐκκενωθήσονται

2094 4043 2149 4093 οἱ
2178 4040 2391 4109 καιροὶ,
2443 4041 2543 4095 καὶ
2574 4040 2843 4108 διαθήσει
2880 4040 3174 4110 διαθήκην
3219 4044 3473 4111 πολλοῖς
3508 4045 3671 4099 ἑϐδο-

2094 4130 2208 4198 μὰς
2226 4133 2356 4201 μία,
2384 4132 2481 4186 καὶ
2515 4132 2585 4186 ἐν
2618 4131 2697 4198 τῷ
2723 4133 2925 4204 ἡμίσει
2972 4131 3083 4202 τῆς
3126 4134 3451 4205 ἑϐδομάδος
3491 4136 3671 4207 ἀρθή-

2095 4239 2260 4279 σεται
2284 4228 2487 4293 θυσία,
2520 4226 2621 4280 καί
2660 4225 2925 4297 σπονδὴ,
2965 4226 3065 4282 καὶ
3105 4228 3203 4283 ἐπὶ
3243 4229 3309 4284 τὸ
3338 4228 3503 4299 ἱερὸν
3525 4230 3670 4295 ,βδέ-

2092 4319 2292 4387 λυγμα
2334 4318 2452 4373 τῶν
2490 4317 2861 4390 ἐρημώσεων.
2916 4352 2923 4358 -

2165 4409 2330 4465 XXII.
2363 4411 2484 4464 Τῶν
2508 4411 2616 4484 γὰρ
2652 4410 2918 4483 ἐξήκοντα
2968 4411 3062 4466 δύο
3102 4410 3410 4483 ἑϐδομάδων
3447 4411 3669 4485 πληρω-

2097 4501 2312 4566 θεισῶν,
2344 4502 2435 4555 καὶ
2458 4502 2693 4574 Χριστοῦ
2728 4502 3194 4575 παραγενομένου,
3236 4505 3332 4558 καὶ
3381 4504 3476 4558 τοῦ
3508 4506 3667 4574 εὐαγ-

2094 4593 2273 4664 γελίου
2317 4594 2373 4646 ἐν
2413 4593 2577 4646 παντὶ
2620 4592 2772 4663 τόπῳ
2812 4594 3200 4666 κηρυχθέντος,
3252 4595 3664 4649 ὲκκενωθέντων

2093 4683 2199 4737 τῶν
2226 4675 2460 4756 καιρῶν,
2486 4684 2581 4753 μία
2606 4682 2837 4755 ἑϐδομὰς
2864 4684 3337 4757 περιλειφθήσεται
3375 4687 3410 4757 ὴ
3437 4686 3662 4756 ἐσχάτη,

2093 4773 2151 4825 ἐν
2250 4773 2518 4845 παρέσται
2560 4772 2762 4836 Ἠλίας,
2790 4774 2884 4828 καὶ
2922 4772 3091 4846 Ἑνὼχ
3110 4814 3125 4837 ,
3160 4775 3256 4828 καὶ
3287 4776 3346 4828 ἐν
3371 4774 3449 4846 τῷ
3477 4776 3662 4847 ἡμίσει

2092 4862 2261 4933 αὐτῆς
2304 4861 2706 4932 ἀναφανήσεται
2755 4862 2818 4916 τὸ
2847 4863 3122 4937 βδέλυγμα
3176 4865 3277 4936 τῆς
3309 4862 3661 4937 ἐρημώσεως,

2093 4953 2201 5017 ἕως
2232 4958 2248 4973 ‘
2276 4952 2304 5004 ὁ
2346 4952 2711 5025 Ἀντίχριστος
2736 4955 3014 5027 ἐρήμωσιν
3039 4955 3118 5027 τῷ
3145 4956 3335 5028 κόσμῳ
3358 4956 3659 5027 καταγγέλ-

2092 5041 2226 5096 λων⁸
2286 5039 2348 5096 οὗ
2420 5044 2862 5116 παραγινομένου
2936 5045 3234 5119 ἀρθήσεται
3309 5047 3471 5101 θυσία
3495 5088 3510 5110 ,
3569 5048 3660 5102 καὶ

2093 5135 2313 5208 σπονδὴ,
2362 5138 2395 5206 ἡ
2448 5135 2544 5190 νῦν
2577 5136 2717 5191 κατὰ
2779 5138 2955 5193 πάντα
3004 5140 3167 5193 τόπον
3210 5139 3315 5193 ὑπὸ
3353 5139 3462 5193 τῶν
3493 5139 3659 5195 ἐθνῶν

2085 5227 2496 5299 προσφερομένη
2512 5228 2591 5300 τῷ
2609 5229 2747 5301 Θεῷ.
2766 5230 2981 5285 Τούτων
3001 5231 3172 5297 οὕτως
3194 5233 3525 5304 εἰρημένων,
3539 5232 3656 5286 ἐτέ-

2089 5337 2192 5393 ραν
2226 5319 2386 5373 πάλιν
2414 5310 2689 5376 ὀπτασίαν
2722 5324 2988 5396 διηγεῖται
3016 5326 3149 5396 ἡμῖν
3179 5326 3208 5378 ὁ
3233 5326 3540 5398 προφήτης
3569 5325 3658 5378 οὐ·

2086 5411 2173 5465 δέν
2205 5411 2314 5484 γὰρ
2334 5411 2519 5484 ἓτερον
2552 5414 2936 5487 ἐμερίμνησεν,
2963 5418 3012 5470 εἰ
3062 5416 3137 5490 μὴ
3168 5418 3256 5471 ἵνα
3295 5418 3474 5472 πάντα
3504 5419 3652 5489 ἀκρι-

2033 5565 2040 5572 ν
2087 5500 2198 5564 ϐῶς
2230 5501 2518 5576 ἐκδιδαχθῇ
2552 5505 2623 5558 τὰ
2664 5505 2948 5577 μέλλοντα,
2998 5510 3090 5564 καὶ
3135 5511 3286 5582 ἡμᾶς
3326 5510 3653 5566 ἐκδιδάσκων

2087 5596 2251 5665 φανῇ.

2041 5760 2059 5779 '
2093 5754 2295 5813 Vocula
2322 5757 2427 5824 ἓως
2457 5762 2832 5833 expungcnda.
