3876 6340
222 370 308 429 657
1333 370 1756 429 FRAGMFNTA
1789 374 1855 430 IN
1888 374 2257 430 DANIELEM.
3321 372 3428 429 658

274 481 426 541 XXIII
468 480 624 552 Λέγει
648 483 699 551 γ’
735 476 848 538 οῦν·
915 484 1011 539 Ἐν
1030 482 1152 540 ἔτει
1212 488 1384 555 τρίτῳ
1415 490 1615 557 Κύρου
1643 489 1736 544 τοί

1924 489 2111 545 XXIII.
2139 490 2230 545 Ait
2270 489 2471 562 igitur:
2521 487 2589 544 In
2622 504 2759 544 anno
2799 486 2952 544 tertio
2979 487 3108 558 Cyri
3136 488 3271 559 regis
3296 487 3429 543 Per-

208 577 477 645 ,ϐασιλέως
502 574 744 644 Περσῶν
763 578 939 646 λόγος
992 577 1390 648 ἀπεκαλύφθη
1414 579 1495 647 τῷ
1520 580 1736 650 Δανιὴλ

1849 592 2031 631 sarum
2060 577 2269 632 verbum
2293 577 2577 631 revelatum
2603 588 2679 631 est
2708 576 2914 631 Danieli
2941 587 3277 646 cognomento
3301 577 3430 632 Bal-

213 666 353 727 οὔτὸ
385 668 562 736 ὄνομα
600 666 946 736 Βαλτάσαρ,
997 668 1099 722 καὶ
1148 670 1436 738 ἀληθινὸς
1475 674 1510 725 ό
1538 674 1736 743 λόγος,

1850 681 2017 735 tasar,
2052 678 2102 722 et
2135 667 2347 723 verbum
2404 684 2606 732 verum,
2642 678 2693 722 et
2725 668 2984 738 fortitudo
3011 685 3226 740 magna,
3251 679 3299 723 et
3339 671 3425 725 in-

212 766 295 820 zal
323 763 557 832 δύναμις
585 758 844 831 μεγάλη,
897 761 998 815 καὶ
1060 762 1314 829 σύνεσις
1354 763 1532 832 ἐδόθη
1585 764 1736 831 αὑτᾷ

1849 760 2144 831 telligentia
2201 759 2330 813 data
2362 770 2441 814 est
2496 761 2599 830 ipsi
2637 761 2693 813 in
2728 761 2947 815 visione.
3001 758 3066 814 In
3105 761 3287 816 diebus
3314 762 3425 817 illis

208 855 351 926 ἐντῇ
398 854 667 923 ὀπτασίῳ
722 853 794 908 ἐν
832 853 963 921 ταῖς
1017 853 1264 925 ἡμέραις
1320 856 1583 923 ἐκείναις
1632 855 1736 928 ἐγὼ

1845 870 1938 924 ego
1970 853 2157 908 Daniel
2181 852 2419 925 lugebam
2448 862 2552 907 tres
2587 852 2942 908 hebdomadas
2968 854 3198 919 dierum,
3235 872 3423 925 panem

209 948 399 1018 Δανιὴλ
437 946 593 1017 ἤμην
630 946 867 1002 πενθῶν
909 946 1065 1016 τρεῖς
1116 946 1449 1017 ἑϐδομάδας
1490 948 1736 1019 ἡμερῶν,

1846 943 2227 998 desideriorum
2255 960 2357 998 non
2392 943 2617 1010 comedi,
2664 952 2714 998 et
2748 960 2873 998 caro
2911 953 2959 998 et
2993 947 3172 999 vinum
3203 962 3307 999 non
3336 949 3423 1001 in-

208 1045 362 1112 dpror
402 1038 721 1110 ἐπιθυμιῶν
758 1042 870 1094 οὐκ
924 1038 1174 1111 ἔφαγον,
1239 1040 1339 1095 καὶ
1389 1040 1593 1111 κρέας,
1646 1043 1736 1097 καί

1848 1038 2101 1093 troierunt
2143 1038 2198 1092 in
2230 1054 2286 1093 08
2337 1054 2531 1102 meum,
2582 1054 2743 1108 neque
2763 1047 3024 1109 unguento
3063 1048 3250 1094 unctus
3281 1057 3419 1107 sum,

208 1131 343 1201 οἶνος
395 1135 502 1187 οὐκ
565 1130 853 1201 εἰσῆλθεν
918 1134 1007 1200 εις
1056 1132 1125 1187 τὸ
1188 1133 1383 1204 στόμα
1431 1150 1573 1204 μου,
1644 1135 1736 1189 καί

1845 1130 2007 1184 donec
2035 1129 2424 1202 complerentur
2473 1139 2575 1185 tres
2615 1130 2983 1187 hebdomadas.
3014 1129 3081 1186 In
3123 1132 3208 1187 die
3232 1146 3422 1205 quarta

205 1228 426 1296 ἄλειμμα
463 1226 573 1280 οὐκ
616 1225 964 1294 ἠλειψάμην
1008 1224 1121 1291 ἓως
1158 1225 1527 1294 πληρώσεως
1570 1226 1736 1296 τριῶν

1846 1224 2037 1276 mensis
2072 1224 2231 1294 primi
2265 1223 2577 1277 humiliatus
2615 1240 2754 1290 sum,
2788 1222 2987 1294 inquit,
3028 1224 3216 1295 viginti
3236 1235 3285 1279 et
3316 1240 3420 1279 uno

1843 1314 1949 1380 die,
1984 1315 2286 1372 obsecrans
2319 1314 2489 1371 Deum
2518 1317 2815 1381 viventem,
2841 1324 2895 1371 et
2928 1324 3118 1387 petens
3151 1318 3218 1372 ab
3234 1333 3312 1372 .eo
3336 1332 3421 1372 re-

1845 1405 2171 1461 velationem
2221 1407 2489 1478 mysterii.
2536 1405 2601 1462 Et
2643 1405 2889 1477 profecto
2931 1422 3056 1463 eum
3108 1407 3422 1465 exaudisset

1843 1491 2025 1560 Pater,
2079 1496 2231 1551 misit
2290 1496 2530 1553 Verbum
2580 1512 2763 1565 suum,
2818 1498 3112 1553 ostendens
3162 1498 3291 1568 quid
3324 1514 3420 1569 per

1843 1588 2025 1659 ipsum
2060 1593 2405 1642 ‘eventurum
2465 1595 2629 1653 esset,
2672 1588 2836 1658 idque
2892 1586 3095 1642 factum
3124 1597 3207 1644 est
3249 1604 3419 1660 prope

205 1317 530 1387 ἑϐδομάδων·
567 1317 639 1371 ἐν
698 1314 887 1386 ἡμέρᾳ
942 1315 1193 1388 τετάρτῃ
1246 1318 1351 1372 τοῦ
1393 1318 1588 1388 μηνὸς
1634 1318 1743 1374 τοῦ

204 1408 402 1479 πρώτου
430 1410 1003 1478 ἐταπεινοφρόνησα,
1029 1412 1213 1480 φησὶν,
1250 1412 1443 1466 εἴκοσι
1486 1412 1744 1483 καὶμίαν

204 1502 430 1573 ἡμέραν
482 1502 774 1573 εὐχόμενος
819 1501 898 1573 τῷ
952 1502 1072 1574 Θεῷ
1110 1502 1190 1574 τῷ
1236 1503 1438 1569 ζῶντι,
1490 1503 1741 1559 ἁπαιτῶν

203 1591 489 1665 παράὒτοῦ
521 1593 868 1663 ἀποκάλυψιν
906 1595 1225 1667 μυστηρίου·
1270 1597 1363 1649 καὶ
1392 1594 1457 1667 δὴ
1500 1594 1742 1662 ἀκούσας

198 1684 358 1755 Πατήρ
378 1683 661 1737 ἀπέστειλε
690 1683 870 1749 Λόγον
904 1684 1037 1739 ῐδιον
1071 1685 1485 1758 ἐνδεικνύμενος
1526 1674 1589 1740 rb
1613 1688 1742 1758 μέλ-

198 1774 271 1829 λον
294 1776 544 1849 ἀποδῖψαι
598 1776 665 1830 δι’
693 1776 879 1832 αὐτοῦ·
920 1777 1016 1832 καὶ
1058 1777 1124 1850 δὴ
1172 1778 1389 1848 ἐγένετο
1445 1781 1598 1853 παρὰ
1645 1780 1736 1836 τὸν

1845 1770 2078 1835 ostendi,
2108 1771 2202 1826 ubi
2225 1771 2388 1825 etiam
2424 1780 2650 1841 peccata
2684 1771 3010 1829 dimissurus
3034 1780 3172 1829 erat.

199 1869 405 1940 ποταμὸν
443 1840 565 1923 ’τὸν
631 1868 805 1940 μέγαν
827 1886 841 1900 ο
911 1869 1019 1923 ἔδει
1081 1840 1192 1944 γὰρ
1213 1840 1357 1926 ’ἐκεῖ
1414 1872 1506 1926 τὸν
1531 1840 1543 1853 ⁸
1568 1874 1738 1927 Παῑδα
1771 1840 1813 1896 Β

194 1962 482 2028 δείκνυσθαι,
518 1963 655 2017 ὅπου
685 1965 780 2017 καὶ
806 1964 1078 2036 ἁμαρτίας
1100 1965 1317 2035 ἀφιέναι
1344 1966 1561 2037 ἤμελλε.

250 2054 415 2109 XXIV.
468 2055 581 2110 Kal
607 2050 745 2126 ᾖρα,
808 2058 963 2125 φησὶ,
1020 2057 1164 2124 τοὺς
1221 2043 1567 2128 ὀφθαλμούς
1593 2076 1735 2129 μου’

194 2147 273 2203 καὶ
321 2146 437 2202 ιδοὺ
492 2148 651 2217 ἀνὴρ
692 2147 1090 2219 ἐνδεδυμένος
1128 2150 1372 2215 βαδδίνο
1433 2152 1491 2204 ὲν
1543 2152 1640 2223 μὲν
1667 2155 1732 2225 τῇ

196 2238 355 2311 πρώτῃ
402 2239 636 2311 ὀπτασίᾳ
693 2240 890 2311 φησὶν,
961 2239 1106 2295 Ἰδοὺ
1173 2240 1426 2311 ἅγγελος
1470 2242 1734 2311 Γαϐριὴλ

193 2327 631 2398 ἁπεσταῑμένος·
665 2328 901 2383 ἐνταῦθα
949 2330 1004 2384 δὲ
1060 2331 1158 2403 οὐχ
1206 2332 1400 2397 οὕτως,
1451 2332 1589 2387 ἀλλὰ
1641 2333 1733 2387 τὸν

196 2420 362 2494 Κύριον
392 2424 510 2495 ὁρᾷ,
538 2422 699 2477 οὔπω
756 2423 855 2495 μὲν
898 2423 1118 2489 τελείως
1153 2423 1437 2497 ἄνθρωπον
1458 2465 1472 2489 ,
1508 2427 1566 2479 ἐν
1601 2425 1733 2497 σχή-

1915 1955 2109 2013 XXIV.
2147 1956 2215 2012 Et
2274 1957 2457 2023 levari,
2505 1956 2705 2028 inquit,
2759 1956 2939 2012 oculos
2988 1972 3163 2020 meos;
3220 1965 3272 2011 et
3303 1973 3418 2012 ecce

1843 2052 1921 2107 vir
1953 2052 2167 2107 vestitus
2222 2050 2437 2105 baddin.
2490 2050 2547 2105 In
2578 2051 2755 2120 prima
2801 2049 3020 2120 quidem
3070 2050 3281 2105 visione
3333 2050 3417 2105 in-

1841 2145 1983 2216 quit:
2007 2142 2142 2197 Ecce
2164 2143 2379 2214 angelus
2412 2140 2624 2197 Gabriel
2652 2142 2879 2208 missus;
2902 2140 2993 2196 hic
3024 2155 3154 2195 vero
3178 2155 3287 2197 non
3315 2141 3410 2207 ita,

1840 2237 1933 2293 sed
1989 2235 2280 2291 Dominum
2326 2235 2493 2301 videt,
2539 2249 2648 2289 non
2696 2233 2915 2306 quidem
2965 2233 3203 2305 perfecte
3235 2233 3412 2289 homi—

1842 2344 1990 2396 nem,
2021 2328 2116 2383 sed
2152 2328 2206 2382 in
2242 2326 2433 2383 habitu
2458 2325 2699 2383 hominis
2719 2335 3089 2398 apparentem,
3122 2327 3265 2382 sicut
3292 2325 3408 2381 ait:

1840 2420 1911 2475 Et
1947 2436 2065 2476 ecce
2110 2421 2193 2477 vir
2240 2422 2457 2477 vestitus
2497 2419 2731 2485 baddin;
2759 2434 2883 2475 nam
2927 2419 3247 2474 varietatem
3276 2418 3409 2474 cha-

195 2530 300 2584 ματι
354 2514 406 2567 δὲ
454 2513 745 2585 ἀνθρώπου
799 2515 1153 2587 φαινόμενον,
1208 2516 1392 2581 καθὼς
1417 2517 1588 2585 λέγει,
1634 2515 1735 2571 καὶ

192 2604 295 2659 ίδοὺ
323 2606 468 2676 ἀνὴρ
513 2606 919 2677 ἐνδεδυμένος
955 2608 1200 2674 βαδδίν’
1241 2610 1302 2663 rb
1328 2610 1438 2681 γὰρ
1488 2610 1729 2664 ποικίλον

190 2695 269 2766 τῆς
295 2697 522 2770 κλήσεως
561 2698 675 2751 τῶν
725 2700 1080 2771 χαρισμάτων
1111 2701 1458 2774 ἐνδεδυμένος
1488 2700 1729 2755 ποικίλον

189 2791 362 2858 χιτῶνα
400 2792 719 2863 μυστηρίων
748 2796 767 2815 '
797 2792 1159 2846 ἐπεδείκνυεν·
1215 2794 1297 2847 ὃτι
1344 2795 1410 2847 ἐκ
1461 2793 1732 2866 διαφόρων

1836 2608 2023 2664 tunica
2053 2607 2350 2679 variegata.
2396 2605 2529 2661 Erat
2561 2605 2709 2661 enim
2768 2604 3120 2661 sacerdotalis
3149 2604 3315 2662 vestis
3343 2618 3408 2661 ex

1835 2699 2068 2757 diversis
2096 2700 2374 2756 coloribus
2402 2699 2750 2762 concinnata,
2799 2711 2926 2753 eum
2965 2694 3197 2752 diversas
3222 2704 3408 2768 gentes

1832 2792 2128 2849 adventum
2156 2790 2361 2847 Christi
2392 2795 2790 2858 exspectarent,
2815 2796 2877 2843 ιιι
2905 2802 2971 2842 ex
2989 2786 3177 2842 multis
3209 2788 3407 2842 colori-

188 2883 452 2955 χρωμάτων
483 2881 551 2957 ἦν
583 2886 1020 2958 κατηρτισμένος
1046 2888 1073 2939 ὀ
1103 2887 1375 2959 ίερατικὺς
1405 2886 1590 2958 χιτὼν,
1618 2886 1730 2940 τῶν

1845 2886 1937 2941 bus
1965 2882 2223 2955 componi
2252 2896 2559 2954 possemus.
2588 2877 2658 2934 Et
2693 2895 2840 2935 renes
2870 2879 2985 2948 ejus
3017 2879 3243 2934 accincti
3274 2895 3405 2934 auro

189 2976 408 3030 ποικίλων
433 2976 607 3031 ἐθνῶν
638 2976 939 3050 παρουσίαν
982 2977 1219 3051 Χριστοῦ
1258 2977 1726 3049 προσδεχομένων,
1832 2976 2023 3048 ophaz.

188 3071 258 3123 ἵνα
284 3071 480 3137 πολλοῖς
510 3070 771 3144 χρώμασι
796 3072 1222 3145 καταμισθῆναι
1248 3073 1580 3146 δυνηθῶμεν.
1629 3071 1739 3128 Kal
1772 3072 1813 3141 ἡ
1836 3070 2034 3143 ὀσφὺς
2056 3067 2243 3125 αὐτοῦ
2266 3065 2698 3138 περιεζωσμένη
2721 3065 2792 3120 ἐν
2817 3070 3048 3135 χρυσίῳ
3069 3061 3264 3136 (3)5040

242 3190 388 3247 XXV.
443 3193 516 3247 Tb
559 3194 623 3247 δὲ
670 3190 841 3263 ὠφὰζ
878 3194 1103 3265 χρυσίον
1162 3194 1402 3267 καθαρὸν
1447 3195 1726 3267 σημαίνει,

1901 3191 2070 3249 XXV.
2113 3191 2299 3262 Ophaz
2338 3204 2472 3246 vero
2524 3203 2594 3245 es
2646 3185 2875 3244 Hebraeo
2912 3187 2966 3241 in
3000 3186 3248 3243 Graecum
3281 3202 3405 3243 ver-

187 3281 317 3335 τοῦτο
353 3284 415 3338 ἐκ
456 3284 557 3355 τῆς
617 3283 893 3357 Ἑϐραῒδος
936 3287 1018 3350 είς
1056 3285 1154 3357 τήν
1176 3286 1451 3359 Ἑλληνίδα
1504 3302 1727 3358 μετατι-

1845 3300 1976 3353 tum,
2009 3300 2203 3341 aurum
2235 3298 2433 3355 purum
2466 3280 2756 3353 signiﬁcat.
2815 3279 2961 3337 Puro
2990 3281 3154 3351 igitur
3180 3280 3401 3352 cingulo

186 3373 392 3445 θέμενον·
439 3376 694 3448 καθαράν
735 3378 787 3445 γ’
833 3373 926 3431 οὖν
975 3377 1413 3449 περιεζωσμένος
1440 3378 1568 3451 περὶ
1625 3378 1728 3449 τήν

1845 3378 1972 3434 :irca
1996 3391 2157 3433 renes
2180 3375 2459 3432 accinctus
2480 3382 2634 3442 erat;
2662 3389 2788 3429 nam
2809 3388 3002 3430 omnes
3031 3387 3134 3428 nos
3162 3370 3393 3429 Verbum

184 3466 323 3537 ὀσφὺν
345 3467 534 3540 ζώνην·
595 3468 802 3533 πάντας
856 3468 968 3541 γὰρ
1015 3472 1163 3541 ἡμᾶς
1212 3470 1442 3542 ἤμελλεν
1470 3472 1500 3524 ὁ
1530 3471 1723 3540 Λόγος,

1845 3472 1970 3527 :irea
1995 3485 2198 3541 corpus
2243 3484 2404 3526 suum
2450 3469 2725 3537 stringens
2782 3475 3042 3537 tanquam
3092 3465 3394 3537 cingulum.

186 3559 289 3631 πρὶ
333 3560 390 3614 rb
439 3557 641 3615 ἑαυτοῦ
699 3559 859 3631 σῶμα
913 3564 980 3633 τῇ
1032 3560 1139 3632 ίδίᾳ
1188 3561 1377 3635 ἀγάπῃ
1423 3560 1499 3626 ὠς
1549 3559 1726 3631 ζώνην

1845 3565 2043 3635 ιιιορτία
2099 3562 2370 3620 charitate
2417 3568 2763 3633 portaturum
2825 3569 2964 3615 erat.
3015 3557 3228 3628 Corpus
3277 3557 3397 3627 ejus

188 3651 381 3720 σφίγξας
425 3652 714 3725 βαστάζειν
734 3670 747 3683 ·
783 3653 844 3706 rb
895 3652 1054 3722 σῶμα
1098 3651 1161 3705 τὸ
1183 3651 1384 3705 τέλειον
1429 3652 1594 3706 αὐτοῦ
1633 3648 1722 3725 ἦν,

1845 3655 2121 3712 ιει-ίεοιιιιιι
2148 3666 2289 3717 erat.
2316 3668 2419 3709 nos
2462 3666 2595 3708 vero
2634 3651 2881 3707 membra
2918 3650 2972 3705 in
3001 3664 3229 3720 corpore
3275 3650 3396 3720 ejus

184 3742 318 3811 ἡμεῖς
344 3744 398 3797 δέ
434 3743 574 3816 μέλη
609 3745 667 3797 ἐν
716 3742 794 3815 τῷ
846 3741 1057 3814 σώματι
1107 3741 1272 3809 αὐτοῦ
1300 3744 1608 3814 ήνωμένοι,ι
1632 3746 1726 3798 καὶ¹

1845 3747 1987 3816 miti,
2013 3758 2067 3804 et
2095 3748 2166 3803 ab
2218 3747 2338 3818 ipso
2385 3744 2565 3802 Verbo
2614 3744 2835 3816 portati.
2878 3741 2950 3797 Et
3000 3760 3187 3815 corpus
3242 3747 3394 3817 quasi

185 3831 257 3883 ὐπ’
294 3834 448 3889 αὐτοῦ
495 3834 594 3889 τοῦ
651 3834 826 3904 Λόγου
858 3830 1274 3905 βασταζόμενοι.
1299 3834 1411 3888 Kal
1445 3833 1511 3889 τὸ
1552 3822 1727 3906 σῶμα

1845 3840 2044 3895 I’ltarsis
2069 3854 2088 3893 :
2137 3837 2364 3896 Tharsis
2411 3853 2544 3895 vero
2564 3839 2972 3909 interpretando
3012 3846 3142 3894 sunt
3185 3837 3396 3894 Ethio-

180 3925 337 3981 αὑτοῦ
361 3927 440 3994 ὠς
470 3926 740 3996 Θαρσεῖς·
786 3925 1020 3998 Θαρσεῖς
1061 3924 1118 3979 δὲ
1146 3925 1508 3997 ἑρμηνεύεται
1540 3926 1724 3982 Αἰθίο-

1845 3948 1958 4000 ιεε;
2014 3931 2135 4003 ejus
2164 3944 2403 4001 namque
2452 3930 2816 4002 cognoscendi
2868 3929 3236 3986 dimcultatem
3275 3929 3388 3999 jam

181 4031 260 4080 πις
285 4016 408 4089 (68)·
449 4020 510 4074 rb
533 4018 645 4091 γὰρ
662 4019 1096 4088 δυσεπίγνωστον
1124 4018 1288 4074 αὐτοῦ
1318 4018 1420 4091 ήδη
1440 4022 1468 4074 δ
1505 4020 1720 4094 προφή-

1845 4023 2085 4096 propheta
2129 4020 2612 4093 praanuntiaverat,
2652 4019 2958 4092 (nimirum)
3003 4019 3151 4090 quod
3199 4018 3393 4073 huma-

177 4123 258 4179 της
285 4110 762 4184 προκατήγγειλεν,
784 4112 860 4176 ὡς
888 4111 1143 4184 μελλήσει
1172 4111 1435 4182 ἐνσαρκος
1452 4114 1510 4167 ἐν
1532 4113 1724 4186 κόσμῳ

1845 4117 1993 4170 nitate
2024 4120 2303 4183 assumpta
2335 4112 2391 4167 in
2417 4111 2624 4167 mundo
2652 4126 2940 4182 apparens,
2981 4110 3168 4167 multis
3202 4111 3389 4178 agnito

180 4206 351 4271 φανεὶς,
377 4206 810 4276 δυσεπίγνωστος
824 4206 1042 4260 ἔσεσθαι
1069 4206 1307 4271 πολλοῖς.
1320 4206 1432 4262 Kal
1447 4207 1514 4260 τὸ
1531 4208 1720 4276 πρόσ-

1845 4206 2054 4277 Iiﬂicilis
2075 4214 2220 4262 esset
2247 4204 2491 4261 futurus.
2536 4202 2608 4258 Et
2655 4203 2818 4274 {acies
2874 4204 3042 4275 ipsius
3091 4204 3253 4259 veluti
3282 4203 3390 4274 fut-

178 4304 311 4347 ωπον
348 4295 532 4350 αὐτοῦ
578 4296 661 4363 ὡς
705 4295 1007 4365 ἀστραπὴ,
1041 4297 1138 4351 καὶ
1176 4300 1233 4351 οι
1265 4297 1559 4367 ὀφθαλμοὶ
1614 4299 1723 4352 ab-

1845 4311 1937 4362 rur,
1965 4303 2017 4351 et
2045 4294 2186 4350 oculi
2236 4294 2404 4365 ipsius
2459 4302 2520 4349 ut
2567 4293 2842 4365 lampades
2890 4294 3048 4365 ignis.
3094 4292 3389 4365 Oportebat

179 4379 360 4450 τοῦὠς
386 4386 700 4456 λαμπάδες
750 4386 957 4455 πυρός·
990 4385 1097 4440 ἔδει
1141 4386 1254 4459 γὰρ
1302 4386 1365 4440 τδ
1417 4386 1717 4456 πυρῶδες,

1845 4387 1989 4454 :nim,
2019 4395 2079 4443 ut
2101 4386 2614 4457 praesigniﬁcaretur
2650 4395 2895 4458 potestas
2935 4387 3391 4457 Verbijudicialis

175 4471 252 4524 καὶ
269 4475 501 4545 κριτικὸν
514 4475 609 4531 τοῦ
628 4475 800 4547 Λόγου
826 4494 1002 4549 προση
1011 4476 1315 4548 μαίνεσθαι·
1339 4478 1429 4533 ἴνα
1447 4482 1561 4544 τοῖς
1584 4480 1716 4535 ἀσε-

1845 4489 1874 4536 :t
1899 4494 2159 4546 exurens,
2183 4495 2291 4550 qua
2327 4479 2633 4551 (nimirum)
2666 4479 2852 4552 impiis
2889 4480 3069 4552 ignem
3113 4482 3258 4554 juste
3279 4482 3386 4537 im-

179 4560 273 4617 ϐέσι
299 4566 515 4633 δικαίως
545 4567 608 4622 rb
629 4567 740 4641 πῦρ
766 4570 1085 4639 ἐπενέγκας,
1124 4569 1347 4635 τούτους
1379 4571 1713 4644 καταφλέξῃ.

1845 4575 2037 4632 uittens
2061 4576 2346 4632 comburet
2371 4590 2487 4632 eos.

227 4652 400 4714 XXVI.
430 4659 748 4733 Προσωηκε
777 4659 834 4714 δὲ
882 4660 1073 4729 λέγων.
1135 4660 1247 4716 Kal
1282 4665 1339 4717 οἱ
1383 4663 1712 4733 βραχίονες

1881 4663 2072 4721 XXVI.
2106 4665 2319 4737 Adjecit
2341 4680 2493 4731 vero,
2524 4665 2783 4737 inquiens
2809 4684 2824 4723 :
2853 4665 2924 4721 Et
2949 4666 3169 4722 brachia
3193 4668 3383 4738 ipsius,

171 4749 351 4816 αὐτοῦ,
377 4753 476 4807 καὶ
511 4757 568 4809 οι
595 4754 777 4821 πόδες
808 4755 994 4825 ὅμοιοι
1027 4755 1233 4825 χαλκῷ
1262 4755 1597 4811 στιλϐὧντι·
1622 4758 1709 4811 ἵνα

1845 4764 1859 4809 ι
1889 4756 2043 4827 pedes
2066 4758 2265 4813 similes
2295 4758 2392 4812 teri
2416 4757 2700 4823 candenti;
2746 4766 2807 4814 ut
2830 4757 3065 4829 primam
3098 4760 3385 4817 hominum

171 4838 249 4912 τήν
271 4844 485 4918 πρώτην
515 4847 625 4900 τῶν
653 4844 955 4921 ἀνθρώπων
1010 4846 1221 4919 κλῆσιν,
1266 4848 1364 4903 καὶ
1406 4849 1505 4921 τὴν
1538 4849 1712 4904 δευτέ-

1845 4849 2176 4914 ocationem,
2204 4857 2261 4904 et
2287 4848 2514 4905 alteram
2567 4865 2633 4906 ex
2670 4852 2925 4923 gentibus
2954 4852 3192 4909 similem
3215 4852 3384 4924 signi-

174 4947 252 5001 ραν
278 4935 369 5007 τήν
397 4937 458 5005 ἐξ
486 4938 655 4992 ἐθνῶν
675 4939 868 5011 ὁμοίαν
902 4942 1119 5012 σημανῇ
1139 4957 1155 4970 ο
1186 4942 1470 4995 Ἔσονται
1499 4941 1608 5013 γὰρ
1636 4942 1708 4997 τὰ

1849 4950 1996 4996 caret
2020 4955 2036 4995 :
2065 4940 2240 4995 Erunt
2275 4941 2414 4995 enim
2454 4940 2738 4996 novissima
2764 4943 2903 4999 sicut
2936 4944 3117 5015 priora
3142 4960 3162 4999 :
3187 4959 3383 5015 ponam

168 5022 367 5094 ἔσχατα
428 5030 512 5097 ὡς
561 5030 633 5085 τά
662 5031 880 5101 πρῶτα·
937 5029 1102 5098 θήσω
1146 5029 1257 5103 γὰρ
1303 5032 1447 5099 τοὺς
1488 5032 1705 5102 ἄρχον-

1845 5035 1946 5088 nim
1970 5034 2230 5104 principes
2256 5042 2373 5089 tuos
2399 5035 2537 5089 sicut
2565 5034 2630 5088 ab
2656 5036 2835 5099 initio,
2865 5045 2914 5091 et
2944 5036 3103 5092 duces
3134 5046 3251 5092 tuos
3271 5037 3380 5091 sic»

168 5113 256 5181 τάς
275 5132 384 5173 σου
418 5120 501 5189 ὡς
529 5121 593 5176 τὸ
626 5123 727 5177 ἀπ’
763 5121 979 5192 ἀρχῆς,
1025 5122 1125 5177 καὶ
1159 5122 1302 5191 τοὺς
1327 5124 1705 5195 timvch

1845 5136 1862 5180 t
1880 5127 2027 5197 prius
2043 5125 2257 5181 ".-Et
2271 5142 2371 5181 vos:
2384 5126 2551 5197 ipsius
2580 5135 2639 5181 ut
2664 5144 2762 5183 vox
2786 5127 2953 5184 turba
2968 5129 3152 5185 multis
3165 5130 3231 5183 ⁸⁸.
3253 5125 3382 5183 0m-

165 5218 263 5261 σου
289 5209 367 5277 ὡς
394 5211 462 5265 τὸ
524 5214 828 5282 πρότερον.
890 5212 999 5268 Kal
1043 5213 1083 5282 ἠ
1127 5213 1300 5284 φωνὴ
1355 5214 1575 5283 αὐτοῦ,
1624 5216 1707 5283 ὡς

1845 5217 2068 5274 esenim
2097 5234 2198 5275 nos
2223 5218 2509 5276 bodiernis
2554 5219 2767 5288 diebus,
2817 5223 2912 5294 qui
2941 5223 2996 5278 in
3036 5225 3215 5295 ipsum
3252 5235 3377 5277 cre-

166 5301 308 5372 φωνὴ
348 5304 536 5375 ὄχλου
570 5305 823 5361 πολλοῦ.
864 5307 1069 5373 Πάντες
1116 5307 1228 5382 γάρ
1270 5310 1509 5385 σήμερον
1547 5312 1596 5366 οί
1625 5314 1706 5378 είς

1845 5311 2010 5377 imus,
2063 5310 2284 5367 oracula
2334 5310 2634 5383 loquimur,
2674 5320 2934 5385 tanquam
2984 5329 3079 5386 per
3105 5329 3177 5370 os
3202 5310 3382 5383 ipsius

163 5390 302 5447 αὐτὸν
354 5397 714 5463 πιστεύοντες,
766 5397 835 5453 τὰ
873 5396 1030 5468 λόγια
1082 5400 1449 5475 φθεγγόμεθα,
1503 5402 1580 5469 ὡς
1616 5402 1707 5458 διὰ

1845 5413 2113 5474 κιυειιιεε,
2147 5419 2271 5475 quae
2300 5404 2370 5460 ab
2401 5404 2523 5475 ipso
2550 5405 2806 5463 mandata
2830 5414 2979 5463 sunt.

161 5480 400 5552 “by-aro;
429 5487 593 5543 αὐτοῦ
618 5488 906 5557 λαλοῦντες
934 5492 1003 5547 τὰ
1028 5492 1120 5549 ὑπ’
1150 5495 1316 5550 αὐτοῦ
1344 5494 1813 5570 προστεταγμένα.

228 5620 268 5651 ’⁷
289 5618 391 5679 Isa.
432 5640 475 5692 ι,
503 5624 588 5683 '27.
662 5629 709 5663 ’⁸
744 5630 834 5688 οι.
865 5632 1033 5704 Apoc.
1063 5649 1176 5701 xu,
1209 5632 1263 5689 6.
1339 5636 1736 5711 ’Μυστηριωδᾶ

1845 5637 1945 5701 vel,
1979 5636 2277 5711 μυστικῶς.

194 5754 713 5852 ἱιίίξξιιῃγςξξξξιιιίῆιιε
744 5767 916 5852 multo
943 5765 1265 5852 Hippolytus
1293 5787 1490 5852 nomen
1517 5772 1702 5852 _Tltar-
1805 5772 2706 5852 alibi-quaeruntLQrigenesjdgm
2752 5774 2918 5852 aituin
2970 5776 3183 5847 Lexico,
3226 5781 3370 5852 quod

158 5839 229 5879 ιιι
252 5836 646 5903 interpretatur,
667 5852 829 5908 quam
857 5837 910 5894 hi
932 5836 1028 5911 qui
1050 5836 1339 5897 ’in'Tarso
1377 5841 1606 5913 Cilicia,
1645 5856 1701 5905 et
1807 5836 2152 5905 Martidnmus
2173 5846 2347 5905 edidit
2374 5836 2443 5903 Ex
2468 5845 2591 5903 cod.
2618 5844 2754 5920 Reg.
2777 5845 2943 5906 2282.

1841 1679 2043 1735 ﬂumen
2103 1694 2399 1750 magnum;
2475 1679 2761 1751 oportebat
2812 1680 2956 1734 enim
3041 1681 3113 1736 ibi
3179 1680 3417 1737 Puerum
3532 1700 3539 1706 ’

1836 2514 2124 2570 rismatum
2169 2512 2476 2570 vocationis
2516 2512 2746 2584 mystice
2791 2510 3152 2584 signiﬁcabat,
3186 2510 3435 2568 indutus

3565 464 3603 495 Ι
