3836 6330
480 319 587 375 859
1388 313 1445 370 S.
1486 312 1847 371 IIII‘POLYTI
1885 311 2037 369 OPP.
2077 311 2259 368 PARS
2296 312 2332 367 I.
2380 344 2448 353 —
2478 291 2890 370 EXEGETICA.
3587 313 3669 370 660

556 435 767 493 XXVII.
801 435 868 492 Et
897 441 1020 507 post
1052 449 1246 506 pauca,
1268 434 1403 490 dicit
1442 435 1508 490 ad
1548 435 1759 506 ipsum:
1803 434 2044 506 Nunquia

2236 431 2451 490 XXVII.
2498 437 2606 489 Καὶ
2642 435 2778 507 μετὰ
2812 434 3020 508 βραχέα
3068 435 3205 507 φησὶ
3245 434 3374 505 πρὸς
3418 434 3577 490 αὐτόν’
3620 442 3674 493 ει

480 531 586 585 scis
636 545 799 599 quare
822 527 1046 582 venerim
1072 527 1142 580 ad
1168 527 1261 581 te?
1293 536 1344 581 et
1375 542 1512 582 nunc
1537 537 1790 593 revertar,
1818 534 1875 581 ut
1916 543 2044 597 prte-

2157 522 2326 596 οἶδας
2355 527 2414 581 τί
2449 524 2639 598 ἦλθον
2673 529 2823 594 πρὸς
2845 524 2959 590 σέ;
2984 526 3079 580 καί
3109 523 3231 579 νῦν
3258 524 3572 595 ἐπιστρέψω
3593 529 3676 583 τοῦ

479 620 580 674 lier
605 620 852 674 adversus
874 619 1164 689 principem
1200 616 1490 673 Persarum
1513 634 1531 672 :
1575 629 1929 673 verumtamen
1957 635 2044 672 an-

2157 620 2497 688 πολεμῆσαι
2516 618 2668 690 μετὰ
2701 617 2992 688 ἄρχοντος
3018 616 3284 686 Περσῶν·
3316 618 3444 671 ἀλλ’
3464 617 3501 686 ἢ
3528 619 3677 690 arar.

479 712 761 778 nuntiabo,
805 710 947 783 quod
1003 727 1307 782 expressum
1357 719 1435 767 est
1474 712 1529 765 in
1566 709 1845 778 Scriptura
1870 713 2044 766 verita-

2155 711 2311 784 τελῶ
2358 711 2425 766 τὸ
2482 711 2886 783 γεγραμμένον
2918 710 2990 764 ἐν
3028 707 3245 779 Γραφῇ
3302 708 3580 778 ἀληθείας,
3600 715 3675 768 καί

481 805 549 858 tis
567 819 587 867 ,°
632 814 683 859 et
707 820 855 859 nemo
874 813 951 858 est
977 805 1194 874 adjutor
1220 807 1275 860 in
1300 806 1405 873 his,
1430 807 1537 860 nisi
1559 804 1791 859 Michael
1810 806 2044 875 princeps

2154 806 2267 859 οὐκ
2291 804 2463 859 ἐστιν
2477 802 2676 869 οὐδεὶς
2695 803 3087 872 ἀντεχόμενος
3109 799 3246 869 περί
3266 802 3499 865 τούτων,
3520 804 3677 873 aur.

478 906 668 961 vester,
689 905 740 951 et
775 896 913 951 hunc
945 897 1136 968 reliqui
1172 897 1267 952 ibi.
1320 896 1407 952 Ea:
1446 914 1547 969 quo
1575 897 1715 952 enim
1752 897 1837 951 die
1856 898 2044 970 dedisti

2153 897 2400 969 Μιχαὴλ
2450 897 2651 967 ἄρχων
2710 895 2906 966 ὑμῶν,
2969 895 3069 949 καί
3123 895 3342 949 τοῦτον
3403 895 3682 952 κατέλιπον

482 987 671 1057 [aciem
700 998 869 1047 tuam.
918 999 976 1044 ut
1022 997 1071 1043 te
1112 990 1358 1060 afﬂigeres
1404 990 1460 1043 in
1504 1001 1783 1060 conspectu
1837 989 2052 1043 Domini

486 1077 581 1132 Dei
605 1079 704 1144 tui,
745 1080 1002 1134 exaudita
1048 1089 1123 1134 est
1156 1081 1455 1150 deprecatio
1480 1089 1593 1145 tua,
1634 1091 1684 1135 et
1718 1081 1911 1135 missus
1933 1097 2051 1135 sum

477 1184 593 1238 ego,
619 1179 675 1222 ut
697 1169 909 1239 praelier
928 1169 1178 1225 adversus
1215 1171 1503 1240 principem
1540 1168 1830 1225 Persarum
1855 1170 2052 1241 (quod—

478 1262 603 1315 dam
634 1261 779 1316 enim
810 1263 1099 1319 consilium
1150 1262 1348 1331 fuerat,
1385 1280 1452 1318 ne
1483 1265 1848 1321 dimitteretur
1876 1280 2052 1334 popu-

2152 991 2296 1045 έκεῖ·
2347 990 2450 1059 ἀφ’
2485 985 2561 1060 ἧς
2592 989 2702 1061 γὰρ
2760 988 2985 1059 ἡμέρας
3020 987 3251 1054 ἔδωκας
3291 987 3360 1041 τὸ
3405 990 3684 1055 πρόσωπόν

2151 1097 2269 1137 σου
2305 1079 2644 1150 κακωθῆναι
2686 1081 2965 1134 ἐναντίον
2992 1080 3219 1148 Κυρίου
3251 1078 3358 1133 τοῦ
3390 1080 3526 1134 Θεοῦ
3569 1099 3682 1145 σου,

2149 1174 2521 1242 εἰσηκούσθη
2552 1174 2592 1239 ἠ
2643 1171 2855 1241 δέησίς
2899 1188 3035 1238 σου,
3088 1171 3189 1226 καὶ
3221 1172 3558 1243 ἀπεστάλην
3593 1175 3686 1245 ἐγὼ

2149 1266 2258 1321 τοῦ
2298 1265 2643 1336 πολεμῆσαι
2692 1264 2843 1335 μετὰ
2890 1264 3184 1334 ἄρχοντος
3241 1263 3510 1333 Περσῶν
3554 1265 3685 1339 βουλὴ

2150 1364 2261 1437 γάρ
2290 1380 2375 1429 τις
2422 1361 2697 1431 ἐγεγόνει,
2745 1360 2821 1433 μὴ
2878 1358 3230 1414 ἀποστέλλειν
3287 1360 3381 1413 τὸν
3429 1360 3562 1414 λαόν·
3605 1364 3686 1416 ira

2148 1452 2354 1513 οὖνέν
2384 1454 2550 1526 τάχει
2585 1452 2653 1507 τὸ
2692 1450 2915 1521 αἴτημά
2961 1467 3078 1506 σου
3131 1452 3398 1522 γένηται,
3427 1452 3687 1523 ἀντέστην

2147 1550 2338 1613 τούτῳ
2371 1546 2504 1618 ἐγὼ,
2533 1545 2630 1601 καὶ
2675 1544 2997 1599 κατέλιπον
3023 1544 3153 1599 ἐκεῖ
3181 1545 3444 1615 Μιχαήλ.

547 1624 781 1681 XXVIII.
814 1625 880 1683 Et
911 1628 1037 1699 quis
1066 1638 1204 1697 erat,
1250 1630 1344 1700 qui
1369 1630 1719 1700 loquebatur,
1747 1631 1853 1688 nisi
1882 1646 2044 1703 ange-

2216 1639 2456 1695 XXVIII.
2482 1640 2589 1693 Ka‘t
2614 1640 2700 1702 τίς
2723 1634 2791 1710 ἦν
2819 1639 2847 1690 ὁ
2873 1638 3070 1707 λέγων,
3096 1636 3213 1703 ἀλλ’
3239 1638 3322 1709 ἢὸ
3355 1638 3686 1711 ἄγγελοςὸτῷ

478 1717 583 1782 Ius,
617 1718 775 1787 cujus
796 1733 941 1773 curze
969 1720 1204 1789 populus
1248 1720 1613 1778 demandatus
1644 1732 1782 1791 erat,
1813 1724 1955 1779 sicut
1976 1724 2044 1779 ait

2150 1733 2264 1803 λαῷ
2283 1731 2719 1804 παραδεδομένος
2740 1730 2846 1797 ;ὠς
2871 1730 3020 1800 λέγει
3056 1731 3115 1784 ὲν
3150 1729 3232 1802 τῷ
3268 1731 3419 1801 νόμῳ
3445 1732 3683 1795 Μωῦσέος·

475 1811 532 1863 in
558 1809 675 1879 lege
708 1808 881 1882 Moysi
916 1829 933 1868 :
986 1810 1109 1866 Non
1150 1813 1429 1883 procedam
1480 1815 1767 1880 vobiscum,
1800 1816 1928 1885 quia
1953 1832 2044 1885 po-

2150 1793 2341 1896 Dii-[11‘]
2364 1793 2642 1894 ¹πορευθῶ
3015 1824 3113 1878 διὰ
3131 1793 3347 1878 τιὸ-τὸν.
3360 1793 3508 1878 λαὸν
3530 1793 3686 1890 σκλη-

474 1900 629 1968 pulus
668 1901 819 1957 dura:
846 1904 1061 1958 cervicis
1084 1913 1204 1969 est;
1245 1905 1337 1959 sed
1367 1905 1584 1977 angelus
1624 1922 1769 1961 meus
1789 1908 2044 1977 prmcedet

2150 1917 2527 1989 ροτράχηλον
2579 1907 2751 1972 εἶναι·
2798 1918 2936 1971 ἀλλ’
2975 1916 3014 1984 ἣ
3058 1919 3091 1971 d
3121 1916 3381 1987 ἄγγελός
3423 1933 3534 1986 μου
3568 1932 3686 1983 προ-

480 1352 621 1419 Ius);
652 1363 708 1406 ut
744 1353 910 1424 igitur
937 1356 1122 1423 petitio
1148 1368 1241 1408 tua
1261 1355 1500 1410 celeriter
1536 1356 1703 1425 ﬁeret,
1729 1358 1906 1411 restiti
1948 1357 2051 1429 ipsi

475 1460 592 1516 ego,
634 1455 683 1500 et
726 1447 912 1518 reliqui
938 1447 1011 1500 ibi
1050 1445 1298 1501 Michael.

473 1994 742 2049 vobiscum
797 1995 865 2051 ".
934 1994 1034 2053 Hic
1090 1999 1291 2054 restitit
1358 1998 1414 2053 in
1475 1998 1781 2055 diversorio
1837 2000 2043 2073 Moysi,

474 2089 694 2159 quando
749 2088 960 2145 ferebat
1003 2106 1237 2161 puerum
1304 2092 1748 2148 incircumcisum
1781 2092 1836 2148 in
1887 2091 2048 2165 Egy-

474 2191 672 2255 ptum:
714 2199 891 2255 neque
947 2184 1092 2238 enim
1137 2183 1222 2239 fas
1269 2194 1389 2241 erat
1439 2194 1502 2241 ut
1546 2185 1782 2258 Moyses,
1810 2187 1903 2257 qui
1930 2195 2048 2243 erat

472 2278 682 2348 legatus
719 2285 775 2331 et
822 2275 1090 2331 mediator
1142 2276 1298 2348 legis,
1335 2277 1539 2349 quique
1604 2286 1823 2349 patrum
1865 2276 2046 2335 foedus

474 2368 857 2436 annuntiabat,
903 2368 1197 2424 adduceret
1245 2386 1472 2440 puerum
1526 2373 1933 2443 prazputiatum,
1978 2389 2049 2430 ne

472 2475 501 2513 a
526 2458 726 2531 populo
782 2457 1077 2513 haberetur
1116 2474 1216 2529 pro
1268 2461 1737 2532 pseudoprOpheta
1789 2471 1845 2519 et
1886 2462 2048 2519 sedu-

472 2562 642 2607 ctore.
685 2549 756 2607 Et
787 2566 944 2617 nunc,
980 2549 1178 2621 inquit,
1230 2554 1505 2607 veritatem
1549 2555 1875 2608 annuntiabo
1918 2555 2033 2611 tibi.

474 2646 691 2701 Poterat
728 2644 941 2703 Veritas
962 2645 1108 2702 aliud
1138 2645 1396 2717 quiddam
1426 2654 1623 2716 praeter
1642 2647 1923 2703 veritatem
1946 2663 2046 2702 an-

472 2739 765 2794 nuntiare?

542 2829 737 2885 XXIX.
781 2830 922 2889 Dicit
954 2833 1122 2904 igitur
1142 2832 1209 2887 ad
1238 2846 1363 2886 cum
1400 2850 1413 2886 :
1447 2830 1583 2886 Ecce
1621 2842 1726 2886 tres
1760 2848 1900 2903 reges
1925 2848 2045 2886 sur-

471 2933 589 2993 gent
616 2925 673 2978 in
706 2923 948 2989 Perside,
987 2935 1036 2979 et
1066 2935 1291 2995 quartus
1324 2925 1587 2978 dilabitur
1624 2926 1807 2996 opibus
1839 2926 2044 2996 magnis

471 3032 628 3085 super
654 3031 852 3080 omnes,
884 3024 934 3069 et
976 3032 1095 3069 cum
1131 3016 1412 3070 invaluerit
1439 3016 1638 3071 divitiis
1669 3017 1804 3080 suis,
1830 3018 2044 3071 invadet

470 3108 650 3162 omnia
674 3123 833 3179 regna
853 3105 1177 3162 Grtecorum.
1201 3106 1389 3179 Surget
1412 3124 1530 3162 vero
1552 3124 1643 3162 rea:
1666 3109 1844 3179 fortis,
1878 3120 1931 3165 et
1950 3111 2046 3166 do-

472 3198 766 3256 minabitu‘r
807 3209 1065 3271 potestate
1083 3198 1283 3264 .multa,
1316 3210 1368 3254 et
1406 3199 1565 3270 faciet
1605 3203 1744 3271 quod
1781 3203 2040 3272 placuerit

469 3297 537 3357 ei,
577 3303 624 3349 et
667 3310 786 3348 cum
823 3294 1025 3347 steterit
1057 3308 1273 3362 regnum
1302 3293 1437 3363 ejus,
1479 3303 1795 3359 conteretur,
1840 3304 1890 3348 et
1913 3294 2043 3349 divi-

469 3389 624 3440 detur
655 3386 715 3439 in
741 3393 973 3456 quatuor
1000 3394 1176 3439 ventos
1207 3384 1344 3438 cali.
1378 3383 1509 3440 Haec
1542 3384 1763 3456 quidem
1789 3385 1905 3456 jam
1947 3402 2043 3442 su—

470 3479 655 3547 perius
685 3476 1086 3543 enarravimus,
1124 3491 1251 3533 cum
1283 3476 1350 3532 de
1388 3485 1625 3547 quatuor
1653 3476 1844 3534 bestiis
1875 3478 2039 3533 verba

470 3569 735 3627 fecimus:
769 3568 865 3624 sed
902 3568 1166 3639 quoniam
1211 3566 1489 3640 Scriptura
1527 3584 1675 3626 nunc
1701 3585 1893 3626 rursus
1926 3569 2041 3641 (ea-

469 3660 618 3720 dem)
654 3660 910 3718 distincte
944 3659 1193 3730 exponit,
1226 3674 1455 3715 necesse
1490 3669 1578 3716 est
1602 3670 1663 3716 ut
1695 3677 1799 3718 nos
1820 3677 2042 3733 quoque

469 3753 539 3806 de
567 3752 634 3808 iis
653 3751 850 3809 iterum
881 3764 1190 3808 sermonem
1219 3750 1542 3816 habeamus.
1578 3766 1648 3808 ne
1699 3750 2038 3824 Scripturam

467 3845 701 3901 otiosam
732 3853 788 3900 et
819 3843 939 3900 sine
964 3844 1345 3913 explanatione
1370 3843 1765 3913 relinquamus.

2150 2007 2502 2075 πορεύσεται
2517 2007 2646 2076 μεθ’
2688 2005 2875 2076 ὑμῶν.
2909 2000 3077 2069 Οὗτος
3105 2005 3341 2078 ἀντέστη
3374 2006 3430 2058 ὲν
3452 2004 3525 2077 τῷ
3551 2020 3688 2059 κατα-

2148 2098 2345 2171 λύματι
2383 2099 2663 2164 Μωῦσέος,
2690 2098 2856 2169 ⁴ἡνίκα
2875 2096 3070 2170 ἔφερεν
3101 2095 3484 2170 ἀκροϐυστίαν,
3506 2096 3560 2150 τὺ
3584 2112 3686 2150 παι-

2148 2191 2285 2255 δίον,
2321 2194 2399 2257 είς
2442 2190 2542 2263 τὴν
2593 2190 2887 2261 Αἴγυπτονο
2946 2191 3008 2243 οὺ
3073 2188 3182 2263 γὰρ
3229 2184 3300 2261 ἦν
3340 2187 3568 2258 ἐφικτὸν,
3612 2186 3685 2239 τὸν

2149 2284 2482 2358 πρεσϐύτην,
2502 2286 2592 2340 καὶ
2605 2285 2828 2357 μεσίτην
2854 2284 3020 2355 νόμου
3032 2283 3325 2353 γενόμενον
3351 2278 3592 2341 Μωῡσέα,
3610 2278 3685 2332 καὶ

2147 2377 2412 2449 διαθήκην
2443 2378 2692 2450 πατέρων
2707 2376 3160 2446 καταγγέλλοντα,
3179 2372 3483 2443 ἐπάγεσθαι
3510 2370 3685 2425 παιδίον

2148 2468 2502 2543 ἀκρόδυστον·
2536 2470 2624 2523 ἵνα
2657 2469 2731 2540 μὴ
2763 2468 2838 2533 ὠς
2866 2467 3343 2541 ψευδοπροφήτης,
3390 2465 3483 2518 καὶ
3519 2462 3683 2526 πλάνος

2147 2560 2377 2631 νομισθῇ
2410 2556 2547 2615 εἶναι
2576 2560 2682 2614 ὑπὸ
2710 2560 2805 2614 τοῦ
2854 2557 3005 2612 λαοῦ.
3047 2560 3155 2613 Καὶ
3186 2558 3328 2622 νῦν,
3381 2556 3555 2627 φησὶν,
3572 2553 3682 2619 ἀλή-

2140 2650 2306 2703 θειαν
2342 2645 2648 2718 ἀναγγελῶ
2691 2661 2809 2700 σοι.
2852 2643 3102 2697 Ἐδύνατο
3154 2642 3190 2713 ἡ
3233 2640 3484 2712 Ἀλήθεια
3519 2635 3672 2708 ἕτερόν

2140 2754 2195 2792 τι
2218 2738 2368 2810 παρὰ
2399 2739 2498 2810 τὴν
2531 2736 2787 2809 ἀλήθειαν
2818 2734 3159 2804 άναγγεῐλαι;

2213 2833 2405 2886 XXIX.
2448 2832 2615 2903 Φησὶν
2646 2825 2737 2884 οὖν
2776 2828 2913 2901 πρὸς
2953 2828 3147 2881 αὐτόν·
3195 2824 3354 2881 Ἰδοὺ
3403 2821 3551 2891 τρεῖς
3582 2821 3676 2884 βα-

2144 2925 2339 2991 σιλεῖς
2367 2922 2815 2992 ἀναστήσονται
2844 2921 2915 2973 ἐν
2940 2918 3014 2987 τῇ
3040 2917 3308 2986 Περσίδι,
3336 2915 3434 2970 καί
3456 2918 3488 2969 ό
3514 2912 3678 2978 τέτορ-

2146 3034 2250 3084 τος
2281 3015 2611 3083 πλουτήσει
2640 3013 2909 3068 πλοῦτον
2938 3011 3130 3081 μέγαν
3157 3010 3313 3078 ὑπὲρ
3346 3008 3580 3072 πάντας,
3602 3003 3679 3056 καί

2147 3110 2296 3181 μετὰ
2325 3108 2392 3163 τὸ
2422 3105 2715 3177 κρατῆσαι
2742 3105 2929 3160 αὐτὸν
2953 3105 3058 3159 τοῦ
3088 3105 3362 3159 πλούτου
3383 3098 3576 3161 αὑτοῦ,
3600 3096 3681 3149 ἑπ-

2151 3200 2559 3267 αναστήσεται
2586 3194 2811 3265 πιέσαις
2836 3197 2964 3263 ταῖς
2986 3197 3336 3263 ,βασιλείαις
3362 3195 3477 3250 τῶν
3508 3186 3683 3249 Ἐλλὴ-

2145 3308 2298 3347 νων·
2346 3295 2445 3344 καὶ
2486 3290 2892 3356 ἀναστήσεται
2935 3284 3231 3352 ,ϐασιλεὺς
3284 3277 3552 3342 δυνατὸς,
3600 3271 3678 3327 καί

2146 3384 2446 3453 κυριεύσει
2486 3382 2728 3450 κυρείας
2753 3379 3010 3449 πολλῆς,
3040 3377 3138 3431 καί
3182 3373 3425 3442 ποιήσει
3465 3366 3597 3425 κατὰ
3627 3364 3677 3418 τὸ

2148 3477 2375 3546 θέλημα
2404 3475 2611 3540 αὑτοῦ,
2650 3475 2747 3529 καί
2772 3474 2853 3541 ὠς
2878 3472 2954 3527 ἂν
2979 3469 3096 3539 στῇ
3127 3471 3165 3538 ἡ
3188 3464 3475 3534 ,ϐασιλεία
3502 3455 3678 3517 αὑτοῦ,

2145 3566 2629 3637 συντριϐήσεται,
2676 3565 2777 3620 καί
2816 3561 3252 3633 διαιρεθήσεται
3289 3562 3374 3623 εἰς
3411 3553 3545 3618 τοὺς
3572 3546 3683 3602 τέσιι

2146 3676 2340 3730 σαρας
2365 3658 2626 3730 ἀνέμους
2652 3656 2759 3713 τοῦ
2784 3654 3064 3725 οὐρανοῦ.
3100 3653 3289 3711 Ταῦτα
3322 3650 3419 3722 μὲν
3446 3645 3540 3717 ἤδη
3566 3643 3672 3695 ἀνω-

2144 3752 2289 3823 τέρω
2310 3750 2707 3825 διηγησάμεθα,
2737 3749 2905 3821 ἡνίκα
2930 3748 3058 3819 περὶ
3073 3746 3185 3801 τῶν
3200 3745 3481 3815 τεσσάρων

2145 3844 2303 3915 λόγον
2332 3842 2690 3916 ἐποιούμεθα·
2731 3841 2846 3895 ἀλλ’
2875 3840 3062 3911 ἐπειδὴ
3100 3837 3314 3902 λεπτῶς
3344 3836 3379 3906 ἡ
3408 3825 3581 3902 Γραφὴ
3603 3825 3681 3916 νῦγ

468 3938 632 3995 πάλιν
655 3937 952 4010 ἐξηγεῖται,
972 3910 1299 4007 ὲξ-ἀνάγκης
1318 3935 1399 3989 δεῖ
1418 3910 1679 4005 καὶῆμᾶς
1704 3935 1770 3988 ὲκ
1796 3934 2048 4009 δευτέρου
2081 3935 2174 3991 τὸν
2210 3910 2365 4007 λόγον
2404 3910 2695 4000 ποιείσθαι,
2739 3933 2825 3987 ἵνα
2876 3931 2952 4004 μὴ
2994 3910 3170 4003 ἀργὴν
3207 3927 3310 4000 τὴν
3339 3919 3569 3997 Γραφὴν,
3602 3910 3678 3968 καὶ

464 4036 852 4093 ἀναπόδεικτον
884 4034 1292 4105 καταλίπωμεν.

535 4129 709 4185 XXX.
748 4129 935 4183 Adhuc
969 4138 1072 4182 tres
1112 4143 1276 4198 reges,
1308 4126 1507 4197 inquit,
1554 4135 1766 4196 surgent
1801 4129 1859 4183 in
1908 4127 2040 4184 Per-

464 4220 602 4287 side,
631 4227 683 4274 et
716 4226 941 4285 quartus
982 4216 1247 4273 ditabitur
1274 4215 1457 4288 opibus
1496 4216 1707 4282 nimiis;
1743 4216 1937 4290 (quod)
1961 4218 2045 4274 fa-

2214 4124 2385 4181 XXX.
2407 4125 2537 4179 Ἔτι
2551 4122 2709 4193 τρεῖς
2728 4119 3031 4188 βασιλεῖς,
3069 4118 3255 4191 φησιν,
3268 4111 3679 4181 ἀναστήσονται

2142 4217 2214 4272 ἐν
2237 4216 2313 4286 τῇ
2329 4214 2594 4284 Περσίδι,
2612 4214 2713 4270 καὶ
2739 4217 2774 4269 ὁ
2798 4213 3074 4283 τέταρτος
3088 4210 3423 4279 πλουτήσει
3449 4202 3680 4259 πλοῦτον

468 4323 617 4367 etum
652 4318 773 4379 est;
807 4324 1047 4380 namque
1093 4319 1219 4380 post
1256 4308 1480 4381 Cyrum,
1535 4310 1775 4364 surrexit
1819 4308 2039 4376 Darius,

2150 4309 2329 4379 μέγαν
2347 4325 2360 4339 ·
2389 4308 2696 4378 γεγένηται*
2730 4306 2867 4378 μετά
2892 4306 3003 4377 γὰρ
3023 4304 3203 4377 Κῦρον
3231 4304 3431 4372 ἀνέστη
3460 4295 3675 4408 Δαρεῖος⁸

466 4405 665 4461 deinde
694 4404 1051 4459 Artaxerxes.
1088 4401 1224 4457 Tres
1274 4402 1327 4456 hi
1377 4400 1599 4456 fuerunt
1646 4416 1833 4473 reges;
1889 4417 2041 4457 com-

466 4497 610 4570 pleta
636 4505 722 4553 est
747 4495 1050 4566 Scriptura.
1098 4493 1165 4550 Et
1205 4503 1427 4566 quartus
1458 4493 1717 4549 ditabitur
1748 4497 1932 4565 opibus
1963 4496 2046 4550 ni-

467 4588 592 4641 miis
623 4602 646 4641 :-
677 4586 805 4658 quis
846 4588 955 4651 hic,
992 4584 1094 4641 nisi
1139 4585 1355 4650 Darius,
1398 4585 1491 4654 qui
1525 4586 1794 4655 regnavit,
1836 4595 1891 4641 et
1926 4587 2042 4658 glo-

467 4680 607 4734 riam
642 4690 931 4734 assecutus
952 4690 1057 4745 est,
1091 4677 1296 4751 quique
1321 4676 1525 4733 divitiis
1555 4679 1872 4744 abundavit,
1905 4688 1960 4733 et
1985 4680 2041 4734 in

2145 4399 2334 4453 ἔπειτα
2391 4397 2783 4471 ’Δρταξέρξηςο
2828 4399 2977 4470 τρεῖς
3016 4392 3160 4451 οὗτοι
3200 4395 3516 4466 γεγένηνται
3546 4387 3676 4458 βασι-

2147 4492 2290 4559 λεῖςο
2326 4491 2678 4565 πεπλήρωται
2705 4494 2741 4562 ὴ
2775 4491 2986 4563 Γραφή.
3016 4490 3123 4544 Kal
3155 4493 3189 4543 ὁ
3219 4488 3497 4557 τέταρτος
3517 4482 3677 4534 sum"

2145 4586 2317 4654 τήσει
2348 4586 2616 4643 πλοῦτον
2637 4585 2861 4655 μέγαν⁹
2895 4583 2980 4648 τίς
3018 4577 3172 4647 οὗτος
3216 4583 3330 4637 ἀλλ’
3364 4580 3397 4652 ἢ
3433 4571 3676 4648 Δαρεῖοςὸ

2148 4680 2488 4751 βασιλεύσας,
2522 4680 2618 4734 καὶ
2646 4676 2852 4745 ἔνδοξος
2879 4676 3147 4747 γενηθεὶς,
3178 4676 3237 4740 ὃς
3266 4674 3573 4743 ἐπλούτησε,
3600 4663 3673 4718 xui

2146 4771 2415 4841 ἐπανέστη
2437 4770 2639 4834 πάσαις
2663 4771 2781 4833 ταῖς
2812 4766 3105 4839 βασιλείαις
3125 4766 3233 4819 τῶν
3277 4765 3556 4835 Ἑλλήνων
3578 4752 3678 4808 τού-

2146 4880 2224 4934 τῳ
2253 4862 2524 4935 ἐπανέστη
2572 4860 2912 4933 Ἀλέξανδρος
2947 4862 2977 4914 ὁ
3009 4858 3293 4924 Μακεδὼν,
3322 4858 3382 4930 de
3409 4851 3603 4910 καθεῖλε
3627 4844 3675 4898 τὺ

2146 4957 2313 5012 αὐτοῦ
2357 4957 2648 5029 βασίλειον,
2690 4956 2786 5011 καὶ
2824 4954 2961 5027 μετὰ
2996 4952 3059 5007 τδ
3098 4951 3363 5017 ὑποτάξαι
3399 4946 3547 5005 αὑτὸν
3572 4938 3676 4999 τοὺς

2146 5050 2385 5123 Πέρσας,
2407 5047 2631 5122 διῃρέθη
2654 5050 2688 5120 ἡ
2707 5046 2896 5101 τούτου
2922 5046 3168 5118 βασιλεία
3195 5047 3275 5109 εἰς
3296 5046 3420 5109 τοὺς
3440 5040 3675 5106 τέσσαρας

2144 5142 2382 5214 ἀνέμους
2413 5142 2513 5195 τοῦ.
2549 5139 2777 5212 οὐρανοῦ
2796 5157 2810 5170 °
2857 5139 3123 5193 τελευτῶν
3161 5138 3270 5210 γὰρ
3300 5140 3330 5192 ὁ
3369 5126 3675 5214 Ἀλέξανδῳῖ

2143 5212 2304 5291 διεῖλε
2335 5236 2435 5308 τὴν
2463 5234 2738 5307 βασιλείαν
2757 5231 2923 5287 αὐτοῦ
2951 5234 3032 5295 εἰς
3058 5231 3331 5302 τέσσαρας
3359 5224 3541 5300 ἁρχάςο
3560 5212 3671 5284 (ὅδ’)

2144 5330 2257 5383 Καὶ
2289 5326 2694 5395 ἀναστήσεται
2717 5324 3038 5393 βασιλεὺς,
3067 5325 3165 5380 καί
3193 5323 3583 5380 είσελεύσεται
3604 5311 3674 5374 εὶς

2144 5422 2219 5478 τὰ
2249 5422 2742 5493 ὑποστηρίγματα
2765 5421 3073 5488 ,βασιλέως
3096 5421 3411 5490 Αίγύπτου.

537 5501 734 5559 XXXI.
775 5504 1080 5561 Antiochus
1115 5506 1262 5561 enim
1298 5521 1391 5562 rex
1423 5507 1594 5581 Syria:
1624 5507 1763 5575 fuit;
1793 5510 1883 5565 hic
1910 5525 2041 5574 cen-

2216 5514 2407 5569 XXXI.
2462 5516 2730 5595 Ἀντίοχος
2759 5518 2868 5589 γὰρ
2892 5516 3183 5595 γεγένηται
3211 5516 3309 5586 τῆς
3335 5511 3521 5585 Συρίας
3548 5504 3674 5595 paet-

465 5597 663 5653 tcsimo
689 5607 746 5653 et
773 5599 1008 5669 septimo
1040 5613 1187 5654 anno
1213 5600 1364 5670 regni
1398 5599 1712 5658 Grzecorum
1748 5603 2037 5674 imperium

2150 5605 2301 5672 λεύς·
2358 5602 2510 5683 οὗτος
2573 5592 2920 5664 ἐϐασίλευσεν
2962 5610 3020 5663 ὲν
3064 5604 3340 5678 ἑκατοστῷ
3380 5604 3467 5661 καὶ
3496 5594 3659 5671 ἑδδόξω

535 5686 582 5722 ’⁸
612 5683 782 5741 Exod.
813 5703 988 5753 xxxii,
1020 5688 1126 5756 54;
1155 5704 1346 5751 xxxut,
1377 5690 1430 5746 5.

536 5780 673 5850 (68‘)
708 5782 834 5851 Qum
867 5792 1169 5855 sequuntur
1199 5787 1394 5843 melius
1418 5787 1573 5843 initio
1608 5792 1929 5863 paragraphi
1961 5794 2241 5864 sequentis
2282 5794 2695 5851 collocarentur.

473 4772 727 4825 universa
753 4768 1065 4824 Graecorum
1089 4783 1254 4839 regna
1280 4767 1610 4823 insurrexit?
1638 4766 1776 4824 Huic
1805 4769 2046 4825 occurrit

469 4860 774 4917 Alexander
793 4859 1037 4927 Macedo,
1060 4860 1290 4930 ejusque
1310 4876 1538 4932 regnum
1569 4860 1857 4917 destruxit.
1883 4860 2044 4917 Post-

465 4970 631 5027 quam
661 4963 845 5010 autem
874 4954 965 5009 hic
991 4953 1190 5009 Persas
1223 4954 1554 5024 subjugavit,
1591 4955 1765 5026 ipsius
1812 4970 2039 5027 regnum

465 5048 523 5104 in
568 5058 805 5119 quatuor
836 5054 1029 5102 ventos
1067 5046 1191 5102 cali
1235 5046 1471 5102 divisum
1501 5058 1620 5115 est;
1650 5063 1680 5104 e
1715 5047 1854 5104 vivis
1892 5048 2036 5103 enim

462 5141 732 5196 excedens
778 5124 1086 5196 Alexander
1123 5153 1353 5210 regnum
1386 5155 1547 5195 suum
1577 5140 1633 5195 in
1665 5152 1901 5211 quatuor
1925 5141 2039 5197 dis-

464 5232 658 5288 tribuit
690 5233 1052 5304 principatus.
1104 5230 1175 5286 Et
1202 5243 1379 5305 surget
1402 5249 1516 5301 rex,
1545 5244 1595 5290 et
1621 5236 1842 5290 intrabit
1864 5238 2041 5292 muni—

464 5324 632 5377 tiones
661 5323 799 5394 regis
827 5323 1068 5394 .«Egypti.
