3876 6340
234 361 331 416 66!

1401 352 1823 412 FRAGMENTA
1862 351 1929 406 IN
1950 350 2329 420 ‘DANIELEM.

3379 349 3485 406 669

230 481 344 532 έτει
375 477 655 549 βασιλείας
709 477 1005 551 Ἑλλήνων·
1053 477 1148 532 καὶ
1184 477 1248 549 δὴ
1293 478 1406 540 τοῖς
1439 475 1559 545 τότε
1607 474 1815 544 καιροῖς

1926 470 2188 541 suscepit;
2239 484 2305 525 ac
2336 465 2579 537 profecto
2613 465 2814 551 eisdem
2853 464 3188 536 temporibus
3230 465 3481 535 praelium

234 568 474 638 πόλεμον
515 567 774 622 συνάπτει
827 569 965 641 πρὸς
1008 566 1341 641 Πτολεμαῖον
1380 565 1602 638 βασιλέα
1650 563 1814 632 Αἰγύ-

230 677 391 723 πτου,
416 661 511 713 καὶ
532 659 899 732 ὑπερισχύσας
923 661 1087 715 αὐτοῦ
1116 662 1341 732 κρατεῖ·
1372 653 1523 723 οὗτος
1549 655 1814 727 ὑποστρέ-

230 767 350 820 φων
384 750 447 816 ἐξ
477 752 775 821 Αἰγύπτου,
818 752 987 823 ἀνέϐη
1030 753 1124 806 ἐπὶ
1171 750 1541 825 Ἰερουσαλὴμ,
1580 749 1673 803 ἐπὶ
1705 749 1813 801 ἔτει

227 843 513 915 ἑκατοστῷ
525 846 619 897 καὶ
631 846 817 916 τρίτῳ·
842 845 938 899 καὶ
948 844 1124 899 λαϐὼν
1140 845 1347 909 πάντας
1362 844 1487 908 τοὺς
1508 842 1679 914 θησαυ
1689 842 1813 913 pob;

228 937 385 991 οἴκου
406 938 638 1009 Κυρίου,
662 938 929 1010 ἐπορεύθη
957 939 1037 1003 είς
1065 939 1413 1009 *Αντιόχειαῃ
1442 938 1536 991 καὶ
1560 934 1695 1009 μετὰ
1722 934 1815 988 δύο

231 1028 330 1099 ἔτη
352 1029 581 1101 ἡμερῶν
608 1030 927 1083 ἀποστέλλει
949 1032 979 1083 6
1000 1030 1249 1101 βασιλεὺς
1275 1029 1404 1084 ἴδιον
1426 1028 1714 1100 φορολόγον
1734 1028 1814 1091 εἰς

230 1122 333 1185 τὰς
355 1121 542 1185 πόλεις
561 1123 661 1193 τῆς
695 1123 971 1191 Ἰουδαίας,
992 1121 1320 1191 ἀναγκάζειν
1341 1121 1467 1186 τοὺς
1507 1118 1812 1182 Ἰουδαίους,

238 1212 587 1284 μεταϐαίνειν
623 1213 730 1267 ἀπὸ
772 1213 880 1267 τῶν
927 1213 1195 1286 πατρῴων
1243 1213 1444 1284 νόμων,
1492 1214 1604 1276 τοῖς
1633 1211 1690 1264 δὲ
1720 1209 1814 1264 τοῦ

232 1304 503 1375 βασιλέως
530 1304 793 1375 δόγμασιν
820 1305 1237 1360 ὑποτάσσεσθαι·
1261 1304 1320 1369 ὃς
1344 1302 1806 1377 παραγενόμενος,

239 1393 548 1463 ἠνάγκαζεν
573 1396 770 1460 αὐτοὺς
798 1395 970 1465 λέγων
988 1412 1002 1423 ·
1051 1395 1376 1461 Ἐξέλθετε,
1404 1394 1501 1448 καί
1524 1393 1816 1463 ποιήσατε

237 1486 301 1538 τὸ
327 1486 682 1556 πρόσταγμα
708 1487 812 1541 τοῦ
825 1484 1154 1553 βασιλέως,
1188 1487 1284 1540 καί
1318 1486 1591 1552 ζήσεσθε.

307 1576 530 1633 XXXII.
571 1580 632 1633 Οί
674 1579 731 1632 δὲ
779 1575 939 1633 εἶπαν
962 1595 976 1610 ·
1027 1581 1148 1633 Οὐκ
1196 1578 1631 1649 ἐξελευσόμεθα
1677 1576 1819 1632 οὐδὲ

231 1665 574 1738 ,ποιήσομεν
602 1668 669 1722 τὸ
705 1668 1060 1739 πρόσταγμα
1094 1667 1200 1722 τοῦ
1234 1668 1541 1733 ,ϐασιλέως
1559 1684 1572 1697 ·
1599 1668 1819 1721 ἀποθα-

1917 578 2042 618 eum
2079 536 2371 615 I’tolemaeo
2396 536 2761 629 Egypti‘rcgc
2781 557 3090 625 committit,
3109 572 3173 612 ac
3189 559 3485 627 praevalens

1918 654 2063 709 illius
2105 652 2395 723 imperium
2444 650 2671 705 obtinet.
2718 646 2817 703 Hic
2848 664 2913 703 ex
2939 648 3173 721 Egypto
3205 658 3486 708 revertens

1917 762 2061 800 anno
2092 744 2247 801 tertio
2271 753 2326 799 et.
2353 742 2651 798 centesimo
2671 739 2967 795 Jerusalem
3000 742 3261 809 ascendit,
3283 752 3336 798 et
3362 743 3486 797 uni-

1920 836 2092 892 versis
2116 836 2313 890 domus
2347 832 2565 887 Domini
2594 830 2867 886 thesauris
2895 831 3169 900 expilatis,
3223 833 3326 885 iter
3369 832 3485 884 An-

1919 928 2178 983 tiochiam
2212 942 2403 982 versus
2447 924 2702 990 instituit,
2748 933 2801 977 et
2839 933 2963 994 post
2992 924 3131 978 duos
3166 939 3340 979 annos
3373 923 3486 977 die-

1916 1035 2060 1087 rum,
2095 1019 2150 1073 in
2188 1018 2350 1073 urbes
2386 1016 2585 1072 Judaza:
2617 1016 2783 1070 mittit
2826 1032 2921 1071 rex
2953 1031 3113 1070 suum
3160 1017 3485 1071 tributorum

1917 1121 2225 1167 exactorem
2260 1109 2327 1164 ad
2356 1108 2631 1180 cogendos
2659 1106 2901 1175 Judzeos,
2935 1121 2995 1163 ut
3020 1123 3052 1164 a
3072 1107 3262 1178 patriis
3277 1108 3487 1178 legibus

1915 1203 2299 1270 desciscerent,
2357 1202 2608 1272 regisque
2654 1199 2886 1256 decretis
2947 1214 3065 1255 sese
3120 1199 3483 1269 subjicerent;

1916 1296 2008 1366 qui
2040 1311 2164 1355 eum
2195 1293 2530 1360 advenisset,
2566 1308 2662 1348 eos
2696 1291 2940 1364 cogebat,
2990 1290 3242 1361 inquiens
3267 1310 3282 1344 :
3306 1289 3485 1358 Exite,

1916 1397 1966 1442 et
2001 1388 2160 1457 facile
2186 1396 2507 1457 prwceptum
2542 1386 2698 1458 regis,
2723 1394 2772 1439 et
2806 1384 3006 1439 vinetis.

1987 1571 2206 1627 XXXII.
2248 1572 2329 1627 illi
2359 1584 2541 1627 autem
2570 1571 2826 1627 dixerunt
2851 1588 2866 1625 :
2894 1568 3075 1642 Neque
3097 1568 3374 1635 exibimus,
3400 1584 3489 1622 ne-

1917 1681 2016 1735 que
2046 1663 2300 1734 faciemus
2329 1674 2645 1734 prwceptum
2686 1663 2853 1733 regis;
2887 1663 3173 1716 moriemur
3200 1662 3256 1714 in
3279 1661 3488 1731 simpli-

235 1761 497 1830 νούμεθα
515 1762 588 1815 ἐν
618 1759 691 1830 τῇ
718 1761 1011 1828 ἁπλότητι
1032 1758 1227 1830 ἡμῶν·
1257 1759 1355 1814 καὶ
1378 1758 1725 1813 ἀπέκτεινεν
1748 1757 1817 1823 ἐξ

1926 1754 2081 1807 citate
2117 1762 2300 1807 nostra
2327 1769 2346 1806 :
2372 1761 2422 1806 et
2455 1753 2715 1820 interfecit
2735 1768 2799 1807 ea:
2818 1753 2893 1807 eis
2917 1751 3061 1806 mille
3089 1752 3295 1806 animas
3318 1751 3490 1805 homi-

230 1820 434 1904 αὐτων
464 1820 901 1922 χιλίαξψυχὰς
922 1820 1267 1921 ἀνθρὶιπων.
1299 1849 1609 1921 Πληροῦται
1636 1844 1729 1902 οὖν
1749 1820 1817 1902 τὰ

1926 1860 2046 1897 num
2067 1844 2130 1897 ’⁸.
2172 1842 2477 1913 Adimpleta
2522 1852 2651 1898 sunt
2685 1842 2869 1914 igitur,
2894 1857 3019 1911 quae
3045 1841 3112 1896 ad
3139 1842 3355 1896 beatum
3381 1840 3487 1897 Da-

234 1946 371 2016 πρὸς
408 1944 500 1998 τὸν
533 1945 802 2016 μακάριον
830 1944 1032 2013 Δανιὴλ
1063 1942 1429 2014 λελαλημένα·
1460 1942 1587 1994 Ὅτι
1618 1938 1819 2007 θλιϐή-

234 2054 472 2101 vortat,
492 2038 591 2090 καί
617 2035 1071 2103 ἀσθενήσουσιν
1093 2037 1148 2088 oi
1168 2034 1377 2088 δοῦλοί
1390 2051 1531 2102 μου,
1555 2033 1625 2093 ἐν
1644 2030 1816 2101 λιμῷ,

234 2130 329 2184 καί
357 2129 432 2183 ἐν
446 2129 734 2198 μαχαίρᾳ,
774 2128 869 2183 καὶ
895 2129 967 2181 ἐν
997 2127 1392 2196 αἰχμαλωσίᾳ.
1431 2126 1600 2193 Λέγει
1629 2124 1686 2177 δὲ
1717 2125 1818 2178 Δα-

236 2224 390 2295 νιὴλ·
435 2224 546 2277 Kal
578 2220 994 2289 ,βοηθήσονται
1018 2219 1306 2287 ,ϐοήθειαν
1334 2217 1583 2287 μικράν·
1619 2216 1817 2287 ἀνέστη

234 2314 344 2386 γὰρ
382 2314 508 2366 τότε
533 2311 804 2377 Ματθίας,
847 2312 944 2366 καὶ
988 2311 1189 2374 Ἰούδας
1239 2311 1268 2362 6
1309 2307 1684 2372 Μακκαϐαῖος,
1722 2307 1818 2360 καὶ

234 2405 546 2478 ἐϐοήθησαν
595 2405 798 2471 αὐτοῖς,
846 2404 942 2458 καὶ
990 2402 1289 2475 ἐρρύσαντο
1345 2402 1410 2454 ὲκ
1454 2399 1632 2472 χειρὸς
1696 2398 1817 2452 Ἐλ-

238 2498 440 2569 λήνων.

303 2589 554 2645 XXXIII.
610 2588 929 2662 Έπληρὼθη
975 2589 1037 2643 τὸ
1075 2588 1362 2661 εἰρημένον
1402 2591 1460 2642 ὲν
1493 2590 1558 2660 τῇ
1594 2588 1814 2659 Γραφῇ·

236 2682 385 2752 λέγει
417 2683 476 2736 δὲ
504 2682 677 2745 οὕτως
697 2700 710 2713 ·
742 2683 851 2736 Kal
881 2683 1290 2737 εἰσελεύσεται
1311 2680 1571 2751 θυγάτηρ
1592 2679 1697 2735 τοῦ
1716 2679 1821 2733 Nov

235 2791 365 2837 του,
398 2774 552 2843 πρὸς
592 2775 858 2839 βασιλέα
893 2775 1001 2829 τοῦ
1038 2776 1252 2843 Βορῤἄ,
1283 2773 1389 2828 τοῦ
1418 2771 1668 2843 ποιῆσαι
1690 2771 1817 2842 μετ’

232 2866 425 2921 αὑτοῦ
466 2864 808 2933 συνθήκας·
864 2865 963 2920 καὶ
1004 2868 1075 2920 οὐ
1123 2865 1457 2935 στήσονται
1496 2865 1821 2933 ,ϐραχίονες

236 2958 343 3012 τοῦ
369 2957 626 3028 ἄγοντος
653 2957 874 3026 αὑτήν·
922 2957 1021 3012 καὶ
1071 2956 1552 3026 συντριϐήσεται,
1589 2956 1689 3011 καὶ
1718 2972 1821 3010 πε-

235 3049 430 3105 σεῖται
444 3049 545 3103 καί
559 3048 735 3118 αὐτὴ,
750 3049 847 3105 καὶ
862 3053 895 3103 o’
908 3049 1069 3119 ἄγων
1082 3048 1292 3116 αὐτήν.
1306 3050 1599 3122 Γεγένηται
1614 3049 1722 3121 γάρ
1736 3065 1819 3112 τις

234 3139 377 3211 αὑτὴ
408 3140 714 3211 Πτολεμαῒς
735 3138 845 3212 (69)
888 3140 1244 3211 βασιλεύουσα
1274 3140 1570 3211 Αἰγύπτου·
1605 3141 1727 3194 τότε
1752 3140 1817 3210 δὴ

238 3231 604 3304 ἐκπορεύεται
642 3234 759 3305 ἅμα
789 3237 900 3298 τοῖς
938 3233 1088 3287 δυσὶν
1122 3235 1258 3296 υίοῖς
1286 3231 1455 3302 αὐτῆς
1477 3231 1814 3303 Πτολεμαίῳ,

237 3324 332 3378 καὶ
357 3324 704 3397 Φιλομήτορι,
726 3324 995 3395 συνθήκας
1016 3323 1344 3395 ποιησομένη
1376 3322 1511 3394 πρὸς
1550 3322 1818 3394 Ἀντίοχον

238 3416 471 3486 βασιλέα
499 3418 596 3489 τῆς
627 3417 855 3489 Συρίας·
886 3417 981 3471 καὶ
1017 3417 1081 3489 δὴ
1116 3416 1344 3471 ἐλθοῦσα
1375 3416 1518 3471 κατὰ
1543 3417 1818 3473 Σκυθόποσ

235 3507 343 3574 λιν,
379 3510 501 3562 ἐκεῖ
527 3510 863 3581 ἀναιρεῖται·
898 3510 927 3562 6
957 3507 1067 3581 γὰρ
1101 3507 1250 3577 ἄγων
1285 3506 1475 3578 αὐτὴν,
1506 3505 1818 3578 προέδωκεν

236 3602 413 3673 αὐτὴν
431 3618 448 3633 ·
510 3602 632 3656 τότε
666 3601 731 3673 δὴ
775 3601 898 3655 τότε
937 3603 986 3655 οί
1022 3599 1115 3655 δύο
1148 3599 1369 3671 ἀδελφοὶ
1409 3599 1644 3671 πόλεμον
1683 3601 1821 3672 πρὸς

235 3692 509 3765 ἀλλήλους
540 3693 928 3765 συμϐάλλουσι,
963 3694 1058 3747 καί
1085 3694 1387 3766 ἀναιρεῖται
1418 3692 1446 3744 6
1475 3690 1816 3764 Φιλομήτωρ,

237 3786 435 3858 κρατεῖ
456 3783 516 3838 δὲ
546 3785 576 3837 6
599 3782 767 3837 Πτολε
775 3786 951 3855 μαϊος.

307 3872 557 3930 XXXIV.
595 3875 844 3948 Συμϐολὴ
868 3877 1048 3932 τοίνυν
1075 3875 1237 3931 πάλιν
1260 3877 1471 3946 γίνεται
1500 3874 1820 3948 Πτολεμαίῳ

239 3969 380 4042 πρὸς
412 3968 686 4039 Ἀντίοχον
707 3985 721 3999 ·
753 3968 929 4041 τούτῳ
955 3969 1246 4043 ἐπέρχεται
1273 3972 1301 4023 6
1343 3969 1613 4041 Ἀντίοχος
1633 3987 1646 4000 ·
1672 3969 1817 4038 λέγει

238 4061 348 4133 γὰρ
380 4060 558 4125 οὕτως
587 4063 621 4132 ἡ
645 4062 860 4133 Γραφή·
887 4062 996 4117 Kal
1014 4060 1497 4130 ἐπαναστήσεται
1519 4061 1821 4128 ,βασιλεὺς

238 4153 347 4208 τοῦ
381 4155 581 4208 Νότου
609 4154 758 4221 πρὸς
779 4152 1046 4217 ,ϐασιλέα
1081 4154 1187 4208 τοῦ
1214 4153 1429 4223 Βορῤᾶ,
1468 4154 1566 4208 καί
1594 4155 1817 4208 ἐπαναι-

238 4246 534 4313 στήσεται
564 4245 799 4315 σπέρμα
827 4246 898 4312 ἐξ
924 4245 1115 4315 αὐτῆς
1138 4264 1152 4279 ·
1180 4249 1329 4300 ποῖον
1353 4246 1417 4303 δὲ.
1432 4247 1672 4319 σπέρμα,
1704 4244 1818 4300 ἀλλ’

242 4338 274 4408 ἦ
308 4339 644 4409 Πτολεμαῖος
666 4337 726 4402 ὃς
751 4338 956 4410 συνῆψε
993 4339 1225 4409 πόλεμον
1264 4337 1400 4412 πρὸς
1435 4338 1739 4408 Ἀντίοχον;
1775 4332 1820 4406 ᾧ

241 4429 549 4497 ἐπεξελθὼν
592 4432 621 4484 6
671 4430 961 4502 Ἀντίοχος,
1004 4432 1119 4490 καὶ,
1138 4431 1211 4503 μὴ
1252 4431 1585 4502 κατισχύσας
1627 4430 1817 4496 αὐτοῦ,

1918 1934 2114 1989 nielem
2150 1933 2292 1989 dicta
2320 1942 2448 1990 sunt
2479 1952 2493 1989 :
2529 1933 2670 1999 Quia
2699 1933 3093 1988 tribulationem
3122 1935 3411 2002 patientur,
3435 1943 3487 1988 et

1917 2027 2333 2096 inﬁrmabuntur
2358 2027 2493 2080 servi
2531 2026 2633 2080 mei
2658 2027 2712 2081 in
2747 2027 2906 2096 fame,
2934 2036 2983 2082 et
3010 2027 3063 2080 in
3094 2026 3293 2097 gladio,
3343 2037 3393 2082 et
3430 2029 3487 2083 in

1917 2118 2240 2188 captivitate.
2291 2115 2474 2187 Pergit
2521 2133 2651 2173 vero
2692 2116 2881 2173 Daniel
2916 2140 2929 2174 :
2966 2117 3036 2171 Et
3081 2118 3489 2174 subleuabun‘tur

1916 2214 2123 2269 auxilio
2155 2213 2415 2284 parvulo;
2461 2213 2701 2268 surrexit
2727 2213 2872 2268 enim
2904 2213 3327 2283 tunc-temporis
3351 2212 3489 2269 Mat-

1920 2305 2083 2371 thias,
2111 2315 2165 2360 et
2186 2302 2358 2361 Iudas
2382 2303 2746 2370 Macbabaaus,
2780 2305 2875 2374 qui
2900 2318 3056 2374 Opem
3088 2304 3194 2361 illis
3226 2305 3485 2374 tulerunt,

1920 2407 1973 2453 et
1993 2413 2060 2453 ex
2086 2396 2402 2454 Grmcorum
2427 2412 2594 2452 manu
2631 2411 2728 2452 eos
2760 2397 3099 2471 eripuerunt.
3576 2386 3583 2393 ’

1988 2588 2231 2645 XXXIII.
2273 2588 2469 2646 Evenit
2498 2605 2650 2661 ergo,
2687 2590 2831 2660 quod
2867 2590 3075 2645 dictum
3118 2599 3201 2647 est
3240 2591 3296 2645 in
3337 2589 3486 2646 Scri-

1918 2693 2097 2756 ptura.
2146 2681 2503 2754 Prosequitur
2540 2690 2721 2737 autem
2770 2682 2845 2736 ita
2879 2699 2893 2736 :
2927 2679 2996 2735 Et
3027 2681 3352 2752 ingredietur
3374 2681 3488 2750 ﬁlia

1921 2775 2123 2848 {regis}
2145 2775 2330 2830 Austri
2368 2775 2439 2829 ad
2482 2790 2652 2844 regem
2694 2773 3008 2844 Aquilonis,
3059 2783 3119 2827 ut
3155 2772 3324 2842 fwdus
3369 2788 3488 2827 cum

1918 2869 2034 2939 ipso
2080 2868 2280 2938 faciat;
2306 2866 2372 2922 'et
2406 2882 2508 2921 non
2537 2866 2751 2920 stabunt
2783 2865 2998 2919 brachia
3023 2864 3262 2919 ducentis
3289 2866 3484 2934 ipsam,

1918 2971 1969 3015 et
2005 2968 2322 3021 conteretur.
2361 2968 2411 3013 et
2450 2958 2601 3013 cadet
2641 2958 2781 3026 ipsa,
2823 2966 2873 3011 et
2900 2957 3000 3027 qui
3021 2955 3166 3011 ducit
3192 2971 3327 3011 eam.
3364 2956 3487 3025 Ipsa

1918 3052 2065 3109 enim
2104 3051 2208 3107 fuit
2238 3049 2485 3123 quaedam
2527 3048 2815 3105 Ptolemaea
2854 3046 3072 3120 Egypti
3113 3048 3321 3119 regina,
3366 3062 3489 3117 quae

1841 3168 1889 3229 α
1920 3152 2052 3200 tunc
2079 3142 2342 3214 temporis
2359 3140 2633 3214 egreditur
2665 3155 2792 3196 cum
2819 3140 3034 3196 duobus
3062 3138 3188 3194 ﬁliis
3216 3137 3331 3194 suis
3362 3137 3487 3192 Pto-

1876 3232 1877 3235 “
1921 3238 2112 3293 lemma
2133 3245 2188 3292 et
2210 3234 2596 3298 Pbilometore,
2628 3232 2807 3289 Imdus
2849 3247 2975 3288 cum
3017 3230 3289 3287 Antiocho
3319 3229 3489 3302 Syriae

1918 3345 2047 3402 rege
2092 3329 2314 3384 initura.
2366 3325 2432 3382 Et
2478 3326 2698 3396 quidem
2742 3341 2865 3381 cum
2911 3339 3081 3397 prope
3115 3323 3485 3395 Seythopolim

1919 3421 2278 3493 pervenisset,
2337 3417 2451 3473 illic
2499 3416 2853 3483 interﬁcitur;
2908 3416 3004 3486 qui
3056 3415 3203 3471 enim
3255 3415 3487 3470 ducebat

1919 3529 2063 3580 eam,
2113 3511 2355 3584 prodidit.
2401 3525 2543 3567 eam.
2601 3508 2756 3565 Tune
2799 3524 2929 3564 vero
2971 3518 3102 3565 tunc
3140 3507 3251 3563 duo
3290 3509 3488 3565 fratres

1919 3605 2180 3676 proelium.
2209 3603 2351 3659 inter
2379 3616 2439 3659 se
2465 3601 2834 3664 committunt,
2864 3608 2920 3655 et
2954 3599 3317 3657 Philometore
3347 3617 3378 3658 e
3408 3601 3487 3657 vi-

1919 3697 2003 3753 vis
2023 3696 2260 3763 sublato,
2290 3693 2617 3750 Ptolemaeus
2643 3693 2933 3763 imperium
2957 3692 3183 3749 obtinet.

1990 3882 2235 3939 XXXIV.
2276 3882 2482 3939 Bellum
2520 3882 2686 3953 igitur
2712 3896 2909 3938 rursus
2933 3878 3259 3936 Ptolemaeus
3288 3879 3485 3934 adver-

1922 3992 2015 4035 sus
2044 3976 2373 4032 Antiochum
2402 3974 2643 4039 instruit,
2677 3975 2763 4030 cui
2795 3973 3033 4030 occurrit
3061 3971 3488 4027 Antiochus:ait

1919 4069 2062 4124 enim
2092 4067 2371 4138 Scriptura
2398 4085 2411 4121 :
2443 4064 2509 4119 Et
2530 4074 2706 4137 surget
2725 4081 2819 4119 rea:
2839 4065 3026 4120 Austri
3051 4063 3296 4119 adversus
3317 4081 3486 4135 regem

1922 4158 2221 4230 Aquilonis,
2272 4167 2324 4212 et
2368 4166 2545 4229 surget
2593 4174 2767 4211 semen
2816 4172 2881 4212 ea:
2923 4159 3070 4228 ipsa;
3109 4156 3269 4226 quale
3300 4173 3484 4213 semen

1919 4250 2026 4306 nisi
2050 4249 2389 4316 Ptolemaeus,
2420 4249 2512 4320 qui
2543 4264 2664 4303 cum
2695 4247 2965 4305 Antiocho
2989 4249 3238 4319 proelium
3259 4251 3491 4305 commi-

1921 4344 2027 4400 sit?
2045 4344 2147 4398 Cui
2178 4358 2475 4399 occurrens
2502 4342 2824 4409 Antiochus,
2848 4357 2972 4398 cum
2998 4342 3052 4397 in
3072 4356 3195 4397 eum
3222 4332 3330 4396 non
3359 4357 3491 4411 prce-

1923 4435 2203 4501 valuisset,
2238 4436 2363 4508 fuga
2399 4446 2636 4507 arrepta,
2681 4448 2876 4491 rursus
2915 4432 3258 4489 Antiochiam
3304 4432 3489 4500 rediit,

245 4522 421 4591 φυγὰς
469 4523 759 4593 γενόμενος
796 4522 1093 4596 ἀνέστρεψε
1138 4524 1301 4578 πάλιν
1337 4526 1418 4588 είς
1468 4525 1816 4596 Ἀντιόχειαν,

1926 4529 2224 4585 exercitum
2257 4528 2518 4599 majorem
2552 4535 2990 4598 comparaturus.
3025 4523 3344 4579 Uuiversam
3384 4524 3490 4595 igi-

243 4614 571 4685 συναγαγὼν
595 4615 750 4686 ὄχλον
772 4615 1009 4670 πλείονα·
1036 4616 1299 4687 λαμϐάνει
1319 4616 1496 4671 τοίνυν
1516 4618 1693 4671 πᾶσαν
1720 4617 1816 4691 τὴν

244 4712 546 4768 πανοπλίαν
567 4710 732 4766 αὑτοῦ
766 4710 1117 4782 Πτολεμαῖος,
1140 4710 1236 4764 καὶ
1258 4709 1382 4779 ἄγει
1412 4712 1492 4775 είς
1523 4712 1814 4780 Αιγυπτον·

244 4803 547 4877 πληροῦται
575 4805 609 4875 ἡ
628 4790 818 4875 Γραφὴ
837 4801 912 4867 ὡς
932 4802 1077 4871 λέγει
1099 4801 1298 4874 Δανιήλ
1315 4818 1328 4832 ·
1355 4802 1465 4857 Καὶ
1486 4801 1627 4868 τοὺς
1646 4803 1817 4870 θεοὺς

241 4894 464 4959 αὐτῶν,
493 4895 589 4948 καὶ
621 4896 699 4950 τὰ
732 4895 1098 4964 χωνεύματα,
1127 4894 1225 4948 καί
1256 4892 1380 4950 πᾶν
1403 4894 1662 4964 χρυσίον
1687 4894 1815 4947 ἐπι-

245 4987 511 5059 θυμητὸν
536 4987 788 5042 εἰσοίσει
813 4989 901 5052 εὶς
929 4988 1254 5057 Αιγυπτον.

315 5077 536 5137 XXXV.
580 5079 692 5133 Καὶ
733 5078 872 5149 μετὰ
915 5078 1088 5132 ταῦτα
1131 5077 1410 5151 ἐξέρχεται
1457 5079 1725 5150 Ἀντίοχος
1754 5080 1819 5134 ὲκ

245 5171 495 5245 δευτέρου
518 5169 752 5242 πόλεμον
782 5168 1011 5243 ἐγείρων
1045 5172 1163 5224 κατ’
1183 5170 1369 5236 αὑτοῦ,
1403 5170 1462 5236 ὃς
1492 5171 1696 5244 ἥττησε
1728 5173 1818 5226 τὸν

247 5263 609 5337 Πτολεμαῖον·
657 5262 751 5316 καὶ
786 5262 861 5338 δὴ
885 5262 1086 5317 τούτων
1120 5264 1445 5334 γενομένων,
1478 5265 1822 5339 ἐπεγείρεται

250 5355 408 5409 πάλιν
431 5354 525 5407 ἐπὶ
550 5354 677 5417 τοὺς
704 5354 851 5419 υἱοὺς
889 5353 1105 5425 Ἰσραὴλ
1128 5356 1157 5409 6
1199 5354 1487 5426 Ἀντίοχος,
1512 5356 1605 5410 καὶ
1626 5356 1821 5422 ἐξαπο-

250 5447 459 5501 στέλλει
482 5445 607 5500 τινὰ
635 5445 914 5517 Νικάνορα
945 5448 1083 5516 μετᾶ
1108 5446 1391 5519 δυνάμεως
1424 5447 1645 5520 πολλῆς,
1672 5450 1819 5515 ὅπως

319 5575 363 5607 ⁸³
391 5573 420 5629 l
445 5573 583 5630 Mac.
616 5591 674 5643 ιι,
701 5575 789 5630 55.

319 5692 431 5759 (59)
472 5694 813 5765 Cleopatram
843 5693 1070 5770 innuero
1091 5697 1321 5770 rvidetur
1353 5696 1822 5770 Pliysconisuxo—

251 5776 384 5829 rent,
415 5776 771 5837 neptemque;
809 5783 934 5822 nam
971 5766 1239 5823 Lat/turus
1291 5766 1584 5840 aliquando
1636 5768 1821 5826 Philo-

1923 4629 2011 4676 tur
2065 4630 2402 4676 armaturam
2462 4620 2633 4690 ipsius
2683 4621 2850 4676 sumit
2909 4617 3263 4684 Ptolemaeus,
3325 4616 3490 4686 inque

1923 4710 2218 4784 Egyptum
2252 4720 2496 4782 asportat
2527 4729 2541 4766 :
2569 4712 2871 4782 completur
2902 4709 3208 4780 Scriptura,
3243 4708 3385 4763 sicut
3414 4709 3492 4763 ait

1921 4800 2111 4857 Daniel
2140 4820 2152 4856 :
2187 4801 2253 4856 Et
2285 4803 2407 4855 deos
2426 4818 2625 4866 eorum,
2654 4812 2701 4855 et
2732 4800 3022 4872 sculptilia,
3051 4810 3099 4854 et
3129 4816 3280 4863 omne
3299 4816 3495 4861 aurum,

1924 4894 2212 4962 pretiosum
2245 4892 2395 4947 ducet
2432 4893 2488 4946 in
2520 4891 2833 4967 {Egyptunu

1996 5082 2217 5141 XXXV.
2257 5081 2326 5141 Et
2345 5090 2469 5154 post
2505 5082 2621 5137 haec
2657 5081 3158 5153 iterumegreditur
3190 5081 3491 5138 Antiochus

1924 5178 2129 5235 bellum
2165 5177 2426 5231 adversus
2461 5191 2585 5229 eum
2619 5174 2951 5239 instaurans,
2982 5175 3078 5246 qui
3106 5174 3173 5230 de
3202 5173 3493 5231 Ptolemaeo

1924 5273 2100 5327 victor
2130 5266 2323 5326 evasit.
2361 5267 2526 5324 Hisce
2556 5268 2800 5338 profecto
2832 5268 3000 5338 gestis
3044 5284 3237 5323 rursus
3266 5267 3320 5321 in
3352 5266 3495 5322 Illius

1927 5363 2093 5418 Israel
2126 5363 2384 5432 impetum
2417 5359 2547 5415 facit
2578 5358 2903 5424 Antiochus,
2937 5367 2990 5414 et
3018 5357 3303 5429 quemdam
3334 5353 3498 5412 Nica-

1927 5470 2117 5515 norem
2152 5470 2275 5512 eum
2314 5450 2525 5523 magnis
2563 5451 2736 5520 copiis
2775 5451 3010 5523 ablegat,
3053 5460 3113 5505 ut
3149 5448 3367 5514 Iudaeos
3398 5450 3501 5504 de.

1932 5709 2100 5751 metor
2144 5694 2323 5749 dictus
2368 5702 2470 5753 est,
2518 5692 2610 5745 ἐπὶ
2640 5688 2953 5760 χλευασμῷ,
3004 5695 3061 5740 ιιι
3096 5684 3395 5760 Pausanias
3433 5686 3493 5738 in

1932 5769 2141 5823 Atticis.
2179 5767 2386 5821 (la-tera
2422 5775 2600 5820 tamen
2630 5758 2698 5817 ab
2729 5758 2951 5816 histeria
2980 5758 3283 5826 recedunt.”
