3876 6340
367 377 476 434 665

1267 370 1327 427 S.
1365 363 1723 425 IIIPPOLY'I'I
1755 360 1905 420 OPP.
1945 355 2127 416 PARS
2160 352 2202 408 I.
2235 385 2302 396 —
2338 346 2745 407 EXEGETICA.

3521 329 3626 387 664

377 499 568 567 belch,
591 515 701 572 quo
725 508 969 570 tempore
995 496 1162 553 ludas
1192 502 1316 566 post
1353 491 1561 547 obitum
1589 486 1826 544 Matthiae
1855 497 1949 555 po—
1976 539 1979 549 ,

2070 474 2397 548 ικπολεμήσῃ
2427 462 2917 572 τοὺς-ἰίουδαίουςέ
2940 456 3345 572 ήνίκαιἸούδμΡς
3367 452 3509 564 μετὰ
3528 450 3629 572 τήν

372 594 487 663 puli
535 593 898 664 principatum
943 587 1242 652 obtinebat,
1285 592 1342 639 et
1380 589 1574 639 caetera
1616 577 1694 635 uti
1740 575 1943 645 scripta

372 693 505 740 sunt
528 684 582 739 in
612 682 751 740 libro
770 680 1228 753 Machabaeorum.
1256 673 1352 730 liis
1371 671 1626 745 peractis,
1649 669 1726 724 ait
1750 679 1945 722 rursus

372 776 657 847 Scriptura
684 794 707 832 ι
728 773 798 829 Et
831 785 1005 844 surget
1028 771 1169 827 alius
1202 782 1317 831 rex,
1339 775 1388 821 et
1418 765 1502 819 hic
1530 759 1833 834 praevalebit
1855 773 1947 814 su-

374 886 467 940 per
500 879 729 932 terram;
761 876 811 922 et
831 875 1008 939 surget
1030 880 1122 920 rea:
1152 861 1359 927 Austri,
1381 869 1430 915 et
1456 856 1628 929 ﬁliam
1659 854 1774 926 ejus
1802 852 1945 907 acci-

373 966 475 1032 piet
509 978 745 1019 uxorem.

445 1142 685 1198 XXXVI.
727 1141 976 1212 lnsurget
1022 1137 1165 1195 enim
1213 1136 1439 1210 quidam
1484 1132 1792 1190 Alexander
1814 1130 1947 1187 Phi-

376 1236 506 1306 lippi
544 1235 710 1298 Iilius,
758 1234 852 1304 qui
898 1247 999 1288 suo
1049 1240 1294 1301 tempore
1332 1236 1487 1285 stans
1528 1234 1722 1284 contra
1753 1226 1947 1281 Antio-

377 1329 563 1395 chum,
588 1326 780 1398 ι)τωίἱο
798 1326 932 1380 inito
951 1325 1126 1395 ipsum
1157 1321 1431 1389 interﬁcit,
1456 1330 1513 1376 et
1534 1334 1702 1390 regno
1722 1319 1945 1389 potitur.

378 1418 533 1475 Tunc
558 1419 723 1473 mittit
755 1418 821 1472 ad
841 1416 1193 1472 Ptolemaeum
1225 1413 1445 1487 Egypti
1481 1427 1688 1482 regem,
1719 1411 1947 1466 dicens:

380 1512 457 1567 Da
490 1512 621 1566 mihi
652 1511 817 1566 tiliam
848 1520 997 1565 tuam
1031 1508 1374 1579 Cleopatram
1417 1503 1681 1571 uxOrem;
1719 1517 1952 1572 eamque

379 1598 688 1653 Alexandro
730 1598 925 1668 nuptui
962 1597 1093 1662 dat;
1135 1595 1461 1666 adimpletur
1491 1594 1794 1666 Scriptura,
1827 1607 1950 1648 cum

380 1690 512 1744 dicit
541 1708 555 1745 :
591 1689 659 1743 Et
698 1690 918 1759 accipiet
955 1687 1126 1759 ﬁliam
1182 1687 1297 1756 ejus
1329 1688 1384 1741 in
1419 1702 1672 1750 uxorem;
1713 1686 1807 1740 sed
1834 1685 1949 1739 ait:

384 1781 453 1835 Et
481 1791 775 1853 corrumpet
798 1799 935 1847 eam,
965 1790 1014 1837 et
1043 1796 1145 1835 non
1170 1780 1270 1834 erit
1293 1779 1407 1849 ejus
1434 1794 1589 1834 uxor.
1614 1777 1753 1834 Vere
1773 1789 1827 1834 et
1853 1778 1955 1833 hoc

2044 543 2296 641 τελευτήν
2310 543 2556 622 Ματθίου
2578 557 2716 633 ἦρχε
2740 557 2835 613 τοῦ
2860 555 3013 621 λαοῦ,
3039 553 3136 621 καὶ
3161 551 3230 606 τά
3257 549 3406 621 ἑξῆς,
3433 545 3511 611 ὡς
3527 543 3631 641 γέ-

2044 639 2289 737 γραπται
2310 661 2368 713 ἐν
2388 656 2467 729 τῷ
2481 650 2881 723 Μακκαϐαῖκίξν
2900 648 3103 703 τούτων
3124 642 3457 737 γενομένων,
3469 639 3633 737 λέγει

2044 733 2207 811 πάλιν
2240 754 2275 824 ή
2305 751 2494 824 Γραφή
2516 765 2530 779 ·
2566 746 2677 802 Kal
2709 740 3193 807 ἐπαναστήσεται
3222 735 3426 804 ἔτερος
3443 733 3636 799 ,ϐασι-

2044 847 2211 915 λεὺς,
2241 846 2341 901 καὶ
2363 839 2541 909 οὗτος
2555 838 2915 907 ’κατισχύσει
2940 833 3038 888 ἐπὶ
3061 832 3169 901 τῆς
3197 828 3340 901 m'c'
3370 826 3471 883 καί
3491 825 3637 879 ἐπα-

2045 937 2413 1004 ναστήσεται
2440 930 2743 1000 βασιλεὺς
2770 928 2876 982 τοῦ
2907 927 3124 989 Νότου,
3158 924 3259 977 καί
3284 938 3353 993 τε
3381 919 3499 988 τὴν
3523 921 3634 974 0v-

2047 1030 2264 1103 τατέρα
2289 1027 2476 1083 αὑτοῦ
2504 1024 2765 1094 λήψεται
2787 1022 2876 1088 εἰς
2904 1018 3179 1091 γυναῖκα.

2119 1120 2362 1177 XXXVI.
2404 1119 2619 1173 Γίνεται
2650 1116 2760 1188 γάρ
2793 1130 2917 1169 τινα
2957 1109 3302 1181 Ἀλέξανδρον
3332 1104 3640 1174 ἀναστῆναι

2049 1214 2164 1270 υἱὸν
2190 1212 2458 1269 Φιλίππου
2480 1209 2617 1282 (70),
2649 1202 2805 1273 οὗτος
2837 1203 2977 1260 κατὰ
3001 1202 3091 1256 τὸν
3110 1200 3298 1271 καιρὸν
3320 1197 3640 1267 ἐπαναπή·

2051 1324 2203 1361 σεται
2246 1304 2507 1376 Ἀντιόχῳ
2534 1300 2668 1373 (71),
2704 1300 2799 1354 καὶ
2830 1295 3147 1368 πολεμήσας
3192 1291 3356 1346 αὑτὸν
3398 1289 3638 1360 ἀναιρεῖ,

2051 1400 2244 1475 κρατεί
2268 1399 2326 1453 δὲ
2353 1398 2453 1469 τῆς
2487 1393 2793 1467 βασιλείας·
2825 1389 2949 1443 τότε
2976 1386 3292 1442 ἀποστέλλει
3325 1384 3466 1455 πρὸς
3498 1383 3642 1475 Πτο-

2051 1473 2278 1565 λεμαῖον
2309 1490 2400 1544 τὸν
2437 1486 2662 1559 βασιλέα
2699 1482 2995 1552 Αἰγύπτου,
3042 1479 3249 1549 λέγων·
3274 1478 3375 1541 Δός
3411 1493 3500 1547 μοι
3534 1473 3640 1545 τὴν

2052 1583 2330 1656 θυρατέρα
2363 1597 2456 1634 σου
2493 1574 2854 1645 Κλεοπάτραν
2882 1574 2964 1637 εἰς
3005 1573 3258 1641 γυναῖκα·
3307 1568 3404 1621 καὶ
3452 1566 3640 1620 δίδωσι

2052 1675 2131 1748 τῷ
2168 1672 2497 1745 Ἀλεξάνδρῳ
2517 1671 2598 1733 είς
2621 1669 2890 1738 γυναῖκα·
2927 1661 3229 1735 πληροῦται
3267 1660 3300 1731 ή
3341 1658 3534 1731 Γραφὴ
3562 1657 3642 1720 ὡς

2054 1768 2235 1837 λέγει·
2275 1765 2385 1822 Kal
2418 1763 2680 1832 λήψεται
2717 1759 2832 1829 τὴν
2867 1756 3159 1829 θυγατέρα
3193 1751 3381 1807 αὐτοῦ
3410 1751 3500 1815 εἰς
3536 1766 3644 1818 τυ-

383 1874 732 1944 adimpletum
763 1884 878 1942 est;
924 1890 1048 1929 cum
1084 1873 1232 1928 cnim
1276 1872 1378 1944 ipsi
1411 1871 1735 1927 Ptolemaeus
1776 1870 1944 1926 ﬁliam

2070 1860 2261 1915 raimr
2309 1857 2461 1927 λέγει
2492 1854 2584 1909 δέ·
2628 1853 2741 1909 Καὶ
2782 1848 3091 1921 διαφθερεῖ
3123 1845 3337 1914 αὐτὴν,
3379 1843 3481 1897 καὶ
3526 1842 3643 1894 οὐκ

382 1981 538 2022 suam
569 1964 828 2033 dedisset,
864 1976 1161 2033 revertens,
1196 1975 1252 2021 et
1279 1980 1506 2034 regnum
1527 1963 1820 2019 Alexandri
1844 1964 1958 2035 glo-

384 2058 590 2112 riosum
632 2066 686 2112 et
722 2057 1081 2114 admiratione
1114 2058 1339 2130 dignum
1393 2057 1759 2125 conspiciens,
1796 2057 1959 2128 hujus

382 2150 655 2207 desiderio
684 2161 896 2223 captus,
933 2151 1160 2207 subdole
1190 2165 1314 2206 cum
1354 2150 1662 2206 Alexandro
1686 2150 1850 2205 verba
1881 2150 1962 2205 fa-

384 2244 587 2311 ciebat,
608 2244 1066 2315 quemadmodum
1093 2243 1171 2298 ait
1192 2241 1471 2313 Scriptura
1501 2262 1516 2297 :
1544 2241 1614 2297 Et
1634 2243 1704 2297 ad
1728 2259 1960 2298 mensam

385 2336 719 2389 mendacium
758 2337 1035 2406 loquentur
1080 2338 1185 2391 duo
1230 2352 1395 2407 rcges.
1442 2337 1521 2391 Ac
1546 2351 1679 2391 sane
1708 2351 1961 2392 reversus

386 2428 711 2483 Ptolemazus
740 2427 796 2481 in
826 2426 1144 2499 Egyptnm,
1194 2444 1319 2484 cum
1354 2428 1624 2499 ingentem
1662 2428 1960 2483 exercitum

385 2526 781 2587 comparasset,
817 2517 1007 2573 urbem
1051 2518 1271 2585 invasit,
1298 2534 1409 2588 quo
1444 2527 1686 2588 tempore
1725 2517 1962 2573 Alexan-

387 2610 484 2664 der
514 2607 790 2680 profectus
819 2609 995 2666 fuerat
1028 2611 1080 2665 in
1107 2610 1376 2666 Ciliciam.

458 2763 722 2820 XXXVII.
765 2765 1130 2833 Quamobrem
1171 2781 1296 2821 cum
1330 2766 1606 2834 regionem
1638 2763 1962 2819 Ptolemaeus

391 2856 692 2923 invaderet,
722 2857 974 2928 praesidia
1014 2872 1108 2927 per
1148 2856 1311 2912 urbes
1347 2855 1638 2925 disposuit,
1667 2854 1964 2925 Iudaeaque

389 2955 676 3017 occupata,
717 2948 784 3003 ad
812 2948 978 3003 ﬁliam
1013 2949 1094 3002 ire
1121 2946 1377 3017 perrexit,
1416 2962 1482 3001 ac
1518 2946 1727 3001 litteras
1762 2946 1827 3000 ad
1856 2944 1963 3001 De-

395 3040 650 3094 metrium
680 3039 735 3094 in
764 3039 959 3095 insulis
999 3039 1172 3105 misit,
1208 3037 1433 3094 dicens:
1466 3037 1755 3109 Egredere,
1794 3048 1847 3093 et
1873 3054 1964 3093 ac-

393 3131 526 3187 cede
560 3134 688 3199 huc,
728 3140 782 3187 et
810 3132 953 3187 dabo
980 3132 1076 3187 tibi
1117 3133 1283 3189 tiliam
1323 3132 1665 3203 Cleopatram
1701 3146 1961 3199 uxorem;

2056 1953 2243 2009 αὐτοῦ
2278 1952 2448 2007 ἔσται
2487 1948 2662 2021 γυνή.
2697 1943 2938 2017 Ἀληθῶς
2965 1941 3061 1996 καὶ
3083 1939 3239 1994 τοῦτο
3255 1937 3639 2009 πεπλήρωται·

2058 2043 2218 2116 ήνίκα
2250 2041 2358 2113 γὰρ
2391 2039 2541 2111 αύτῷ
2576 2039 2746 2093 ἔδωκε
2787 2035 3120 2106 Πτολεμαῖος
3156 2030 3257 2103 τήν
3298 2028 3433 2083 ἰδίαν
3471 2026 3647 2094 Θυγα-

2058 2135 2214 2208 τέρα,
2265 2133 2611 2205 ἐπιστρέφων
2658 2125 2766 2183 εἶδε
2807 2128 2908 2200 τὴν
2955 2124 3228 2197 βασιλείαν
3289 2117 3643 2190 Ἀλεξάνδρου

2059 2225 2402 2297 Θαυμαστὴν,
2442 2225 2537 2278 καὶ
2575 2221 2782 2289 ἔνδοξον
2802 2239 2818 2254 ·
2855 2216 2925 2292 ἧς
2952 2216 3324 2287 κατεπίθυμος
3351 2212 3644 2283 γενόμενος

2063 2316 2307 2381 ὑπούλως
2344 2315 2520 2370 ἐλάλει
2555 2313 2634 2386 τῷ
2678 2311 3007 2383 Ἀλεξάνδρῳ
3052 2310 3129 2373 ὡς
3175 2307 3322 2376 λέγει
3352 2308 3386 2377 ή
3422 2304 3640 2376 Γραφή·

2060 2409 2171 2465 Καί
2211 2408 2310 2462 ἐπὶ
2344 2403 2632 2476 τραπέζης
2663 2402 2861 2474 ψευδῆ
2893 2399 3280 2467 λαλήσουσιν
3320 2396 3638 2466 ἀμφότεροι

2056 2497 2373 2565 βασιλεῖς·
2406 2497 2501 2550 καὶ
2545 2494 2610 2567 δή
2645 2492 2929 2566 πορευθεὶς
2958 2489 3289 2559 Πτολεμαῖος
3340 2488 3423 2549 εἰς
3476 2484 3639 2552 Αἴγυ-

2063 2612 2217 2658 πτον,
2257 2592 2351 2647 καὶ
2378 2590 2814 2662 στρατολογήσας
2838 2584 3066 2655 δύναμιν
3093 2579 3312 2652 πολλὴν,
3340 2577 3544 2649 ἐπῆλθε
3574 2578 3636 2647 τῇ

2064 2683 2214 2737 πόλει
2247 2681 2409 2752 ἡνίκα
2446 2676 2789 2748 Ἀλέξανδρος
2818 2671 3086 2747 ἐπορεύθη
3121 2674 3201 2736 εἰς
3219 2669 3501 2723 Κιλικίαν.

2132 2770 2397 2826 XXXVII.
2453 2768 2777 2823 Ἐπιδαίνων
2807 2766 2987 2820 τοίνυν
3018 2767 3047 2819 ὁ
3084 2763 3417 2833 Πτολεμαῖος
3441 2762 3511 2831 τῇ
3538 2758 3641 2829 χὼ-

2067 2883 2156 2939 ρᾳ,
2189 2862 2432 2937 φρουράν
2482 2860 2638 2926 ἔταξε
2682 2859 2824 2915 κατὰ
2864 2858 3066 2922 πόλεις,
3101 2856 3382 2929 κρατήσας
3436 2869 3499 2907 τε
3547 2853 3642 2922 τῆς

2077 2954 2355 3018 Ἰουδαίας,
2382 2948 2515 3024 ἦλθε
2549 2950 2685 3023 πρὸς
2708 2949 2807 3021 τὴν
2840 2945 3136 3019 Θυγατέρα,
3170 2945 3263 2998 καὶ
3296 2941 3643 3010 ἐξαπέστειλε

2066 3047 2368 3119 γράμματα
2400 3044 2537 3116 πρὸς
2581 3042 2890 3115 Δημήτριον
2932 3041 2990 3093 ἐν
3027 3042 3147 3103 ταῖς
3188 3039 3395 3108 νήσοις,
3436 3035 3641 3104 λέγων·

2068 3137 2246 3205 ἔξελθε
2274 3136 2369 3190 καὶ
2399 3135 2519 3189 ἐλθέ
2556 3134 2765 3198 ἐνθάδε,
2803 3134 2897 3187 καὶ
2928 3130 3084 3186 δώσω
3125 3147 3207 3183 σοι
3241 3129 3340 3201 τὴν
3366 3128 3646 3199 θυγατέρα

370 3223 699 3309 .Alexander
724 3223 870 3279 enim
905 3240 991 3280 me
1020 3225 1325 3281 interﬁcere
1357 3227 1629 3297 quaesivit.
1664 3224 1823 3282 Venit
1867 3226 1967 3297 igi-

2072 3246 2173 3301 μου
2198 3227 2551 3301 Κλεοπάτραν
2577 3229 2657 3291 εἰς
2677 3227 2931 3295 γυναῖκα,
2961 3225 3059 3283 ὅτι,
3075 3221 3425 3291 Ἀλέξανδρος
3450 3220 3646 3290 ἐζήτηο

397 3321 488 3367 tur
512 3311 839 3381 Demetrius,
866 3323 923 3370 et
963 3330 1089 3371 cum
1118 3316 1445 3373 Ptolemaeus
1473 3332 1598 3373 eum
1639 3317 1963 3387 excepisset,

396 3404 562 3461 filiam
591 3420 838 3473 uxorem,
875 3422 1000 3478 quas
1032 3416 1147 3464 erat
1174 3408 1489 3476 Alexandri,
1522 3409 1623 3480 ipsi
1651 3409 1763 3465 dat.
1799 3408 1969 3465 Perli—

396 3498 540 3554 citor
606 3500 752 3570 quod
791 3499 997 3556 dictum
1035 3510 1158 3556 est:
1194 3500 1266 3555 Et
1294 3511 1591 3573 corrumpet
1618 3518 1756 3566 eam,
1785 3514 1834 3556 et
1866 3518 1968 3556 non

395 3592 562 3660 ipsius
581 3592 701 3647 erit.
731 3590 928 3650 Occiso
947 3594 1278 3661 Alexandro,
1302 3592 1629 3650 Ptolemaeus
1647 3594 1757 3650 duo
1780 3610 1967 3665 regum

398 3682 629 3753 insignia
665 3683 829 3753 capiti
863 3699 965 3739 suo
1002 3683 1253 3754 imponit,
1295 3682 1465 3756 Syria:
1487 3684 1694 3740 scilicet
1716 3692 1771 3739 et
1803 3682 1970 3756 Egy-

397 3773 496 3843 pti,
528 3772 728 3843 quibus
755 3771 1040 3829 redimitus
1070 3773 1158 3828 die
1186 3772 1343 3827 tertia
1374 3788 1405 3828 e
1428 3772 1565 3826 vivis
1589 3770 1823 3826 excedit.
1854 3770 1967 3823 Ad-

400 3863 657 3933 impletur
684 3862 831 3934 quod
857 3863 1166 3934 expositum
1197 3871 1281 3918 est
1313 3862 1367 3916 in
1398 3861 1718 3931 Scriptura:
1757 3858 1828 3913 Et
1866 3875 1969 3913 non

399 3957 597 4013 dabunt
631 3957 681 4010 ei
709 3956 955 4011 honorem
995 3956 1171 4027 regni;
1207 3964 1457 4010 mortuus
1485 3962 1569 4010 est
1593 3952 1761 4020 enim,
1792 3966 1971 4022 neque

400 4050 469 4107 ab
490 4049 746 4109 omnibus
776 4056 838 4105 ut
868 4063 965 4106 rex
995 4048 1255 4105 honorem
1285 4046 1511 4117 accepit.

474 4227 742 4306 XXXVIII
803 4230 941 4286 Cum
996 4230 1161 4301 igitur
1202 4239 1512 4285 enarrasset
1558 4229 1818 4299 propheta
1847 4246 1971 4300 quae

397 4321 512 4391 jam
541 4320 857 4378 acciderunt
890 4334 954 4375 ac
982 4320 1319 4391 temporibus
1350 4329 1480 4375 sunt
1517 4320 1774 4389 perlecta,
1822 4321 1969 4377 aliud

403 4414 560 4471 nobis
592 4412 910 4485 mysterium
955 4427 1148 4468 rursus
1197 4412 1460 4482 praedicit,
1503 4413 1800 4469 novissima
1836 4422 1969 4468 tem-

402 4521 536 4578 pora
587 4506 1001 4571 demonstrans;
1052 4504 1126 4560 ita
1170 4506 1314 4560 enim
1358 4504 1645 4575 loquitur:
1682 4504 1748 4559 Et
1794 4516 1968 4575 surget

404 4598 543 4654 alius
594 4613 686 4652 rex
732 4597 1031 4667 impudens,
1065 4604 1115 4650 et
1139 4595 1431 4651 elevabitur
1474 4597 1723 4650 adversus
1767 4612 1971 4653 omnem

404 4689 597 4751 Deum,
628 4698 679 4743 et
715 4688 1168 4759 magniﬁcabitur,
1212 4700 1260 4743 et
1301 4688 1544 4758 loquetur
1575 4690 1879 4760 magni/ica,
1922 4700 1972 4746 et

405 4782 687 4853 dirigetur,
733 4781 896 4837 donec
935 4780 1262 4851 compleatur
1310 4781 1613 4848 iracundia,
1665 4790 1770 4837 etc.
1828 4780 1897 4836 Et
1919 4783 1974 4837 lii

404 4872 749 4931 saloabuntur
769 4873 834 4928 de
862 4888 1023 4927 manu
1054 4872 1168 4944 ejus
1196 4871 1385 4935 Edam,
1410 4882 1460 4929 et
1486 4871 1664 4938 Moab,
1694 4883 1743 4928 et
1777 4874 1977 4944 princi-

404 4965 552 5041 pium
578 4963 812 5034 filiorum
846 4965 1091 5020 Ammon.
1122 4964 1192 5023 Et
1222 4967 1467 5021 extendet
1496 4981 1709 5021 manum
1742 4982 1894 5022 suam
1921 4967 1978 5021 in

477 5120 589 5207 (70)
622 5120 997 5207 Alexandrum
1028 5125 1050 5176 I
1083 5122 1331 5207 intelligit
1351 5122 1523 5207 Syria}
1543 5124 1841 5207 reget-unde
1866 5141 1977 5207 quo

405 5191 587 5271 liberl
620 5191 896 5271 blachab"
926 5208 1047 5271 cap.
1078 5210 1132 5248 x.
1166 5193 1218 5271 Is
1244 5191 1369 5271 licet
1394 5191 1647 5271 Antiochi
1681 5191 1980 5271 Epipba'nis

405 5264 553 5326 illius
595 5263 664 5318 ab
706 5272 902 5322 senatu
933 5262 1093 5322 Rom.
1134 5265 1298 5324 etiam
1334 5264 1575 5329 habitus,
1608 5262 1871 5322 incertam
1899 5278 1983 5322 ta-

407 5332 829 5458 men_origi.iiem
859 5335 942 5390 vel
975 5335 1088 5404 ipse
1120 5335 1359 5417 agnovit,
1389 5352 1512 5396 cum
1550 5338 1846 5407 Theopator
1873 5338 1979 5394 dici

406 5407 601 5459 voluit.
702 5420 811 5476 ivlo
856 5417 935 5466 est
974 5406 1128 5462 homo
1158 5416 1393 5476 ignotus,
1434 5419 1483 5463 et
1522 5408 1736 5465 incerta:
1773 5411 1981 5476 stirpis;

408 5426 601 5459 vomit.
656 5426 811 5459 mvio
856 5426 935 5466 est
974 5426 1128 5462 nomo
1158 5426 1393 5476 ignotus,
1434 5426 1483 5463 et
1522 5426 1736 5465 incerta:
1773 5426 1979 5479 stirpis;

408 5476 657 5553 adeoque
709 5473 1029 5553 Hippolytus
1044 5549 1054 5553 _
1067 5485 1274 5549 martyr
1292 5479 1586 5553 Διιιιιξιῃᾳαηι
1619 5479 1979 5553 Menandrum

406 5545 678 5619 σοι-ἱρείη
699 5555 760 5619 ut
789 5545 857 5606 ex
884 5545 1090 5603 codicis
1132 5545 1381 5618 margine
1415 5547 1652 5618 Philippi
1678 5550 1823 5619 ﬁlius
1847 5549 1984 5606 irre-

407 5614 589 5737 {misse
629 5615 898 5698 videatur.
942 5619 1092 5672 Alios
1118 5614 1345 5700 quoque
1370 5614 1855 5684 titulos'adliibuit,
1888 5634 1981 5675 ve-

431 5693 506 5737 utt
544 5683 835 5737 Everaetis.
854 5702 919 5737 ac
947 5688 1115 5737 Balm.
1143 5704 1235 5737 nm
1260 5688 1328 5737 ad
1359 5696 1586 5737 matrem
1617 5690 1754 5737 falso
1780 5690 1981 5737 relatus

431 5685 506 5737 uti
544 5683 835 5759 Euergetis,
854 5702 919 5743 ac
947 5688 1115 5759 Balw,
1137 5683 1328 5759 'qui-ad
1359 5696 1586 5759 matrem
1617 5690 1754 5744 falso
1780 5683 1983 5745 relatus

407 5762 513 5809 est.
547 5752 754 5827 Nedum
791 5760 993 5827 quippe
1031 5758 1085 5815 in
1122 5752 1364 5824 O‘riente,
1397 5757 1489 5813 sed
1522 5767 1576 5811 et
1601 5760 1740 5827 apud
1767 5762 1981 5814 Graecos

411 5838 513 5901 pro
546 5823 695 5897 regio
723 5826 768 5885 is
800 5823 987 5887 titulus
1014 5837 1097 5886 est
1129 5829 1367 5901 habitus,
1404 5828 1565 5886 veluti
1593 5823 1733 5902 apud
1760 5828 1983 5901 Aiscby-

2071 3335 2161 3371 σεν
2201 3318 2517 3373 ἀποκτεῖναί
2550 3334 2617 3389 με
2636 3334 2650 3349 ·
2682 3316 2901 3389 ἔρχεται
2930 3316 3111 3368 τοίνυν
3134 3315 3163 3367 ὁ
3190 3313 3526 3384 Δημήτριος,
3556 3309 3646 3364 καὶ

2066 3409 2248 3465 λαϐὼν
2279 3412 2308 3463 ὁ
2340 3409 2668 3481 Πτολεμαῖος
2722 3407 2938 3463 δίδωσιν
2999 3405 3147 3478 αύτῷ
3196 3406 3294 3478 τήν
3346 3405 3645 3475 γενομένην

2082 3501 2454 3572 Ἀλεξάνδρου·
2490 3499 2789 3571 πληροῦται
2816 3498 2878 3552 τδ
2907 3498 3228 3569 εἰρημένον·
3272 3494 3385 3549 Kal
3412 3494 3649 3564 διαφθε-

2061 3594 2159 3663 ρεῖ
2183 3592 2395 3661 αὐτὴν,
2434 3591 2535 3646 καί
2572 3593 2684 3647 οὐκ
2728 3590 2915 3645 αὐτοῦ
2963 3590 3157 3644 ἔσται.
3235 3588 3570 3659 Ἀναιρεῖται
3620 3587 3649 3639 ὁ

2082 3681 2424 3753 Ἀλέξανδρος
2446 3698 2459 3711 ·
2492 3679 2826 3751 περιτίθεται
2858 3678 2925 3733 τά
2950 3678 3043 3732 δύο
3065 3678 3365 3750 διαδήματα
3392 3678 3423 3729 ὁ
3451 3675 3651 3730 Πτολε-

2073 3777 2252 3845 μαίος,
2288 3773 2486 3846 Συρίας
2523 3774 2617 3828 καὶ
2660 3772 2955 3843 Αἰγύπτου,
2993 3771 3151 3825 άτινα
3185 3769 3545 3842 περιθέμενος
3583 3772 3646 3841 τῇ

2070 3865 2225 3937 τρίτῃ
2253 3865 2434 3936 ἡμέρᾳ
2463 3864 2720 3935 τελευτᾷ·
2759 3860 3057 3934 πληροῦται
3088 3862 3148 3915 τὸ
3176 3859 3466 3934 εἰρημένον
3498 3861 3558 3912 ἐν
3582 3863 3646 3932 τῇ

2070 3957 2262 4030 Γραφῇ
2282 3973 2295 3986 ·
2332 3956 2444 4011 Καὶ
2471 3958 2543 4011 οὺ
2572 3955 2878 4010 δώσουσιν
2904 3954 3064 4021 αὐτῷ
3089 3953 3279 4018 δόξαν
3299 3950 3642 4019 βασιλείας·

2071 4048 2307 4104 ἀπέθανε
2349 4048 2480 4120 γὰρ,
2524 4049 2620 4102 καὶ
2656 4049 2758 4102 οὐκ
2792 4046 2950 4102 έλαδε
2979 4045 3139 4112 δόξαν
3171 4045 3278 4100 ὑπὸ
3320 4045 3543 4100 πάντων
3575 4047 3647 4112 ὡς

2074 4139 2345 4212 βασιλεύς.

2141 4230 2432 4287 XXXVIII.
2472 4232 2880 4305 Διηγησάμενος
2914 4227 3007 4287 οῦν
3049 4233 3078 4285 ὁ
3114 4232 3402 4305 προφήτης
3444 4231 3516 4285 τά
3549 4232 3645 4303 ήδη

2073 4326 2355 4397 συμϐάντα
2379 4325 2474 4378 καὶ
2506 4326 2718 4397 χρόνοις
2749 4324 3087 4389 τελεσθέντα,
3113 4325 3301 4399 ἕτερον
3326 4323 3494 4377 πάλιν
3520 4325 3647 4394 ήμίν

2077 4418 2374 4489 μυστήριον
2404 4416 2784 4486 καταγγέλλει,
2825 4418 3067 4488 ἐσχάτων
3094 4417 3300 4488 καιρῶν
3326 4416 3648 4486 ποιούμενος

2003 4546 2048 4601 D
2075 4508 2315 4576 ἔνδειξιν,
2347 4509 2498 4578 λέγει
2517 4508 2626 4581 γὰρ
2650 4507 2823 4573 οὕτως
2840 4524 2853 4539 ·
2873 4507 2983 4562 Kal
3011 4506 3423 4574 ἀναστήσεται
3449 4507 3648 4575 ἔτερος

2070 4600 2372 4667 ,ϐασιλεὺς
2412 4599 2665 4667 ἀναιδής
2679 4617 2693 4630 ·
2746 4600 2843 4654 καί
2886 4598 3270 4669 ὑψωθήσεται
3312 4598 3414 4652 ἐπὶ
3454 4598 3649 4652 πάντα

2080 4691 2247 4757 Θεὸν,
2283 4691 2381 4746 καί
2408 4691 2951 4762 μεγαλυνθήσεται,
2987 4690 3086 4746 καί
3113 4690 3371 4758 λαλήσει
3393 4689 3647 4761 ὑπέρογ-

2078 4800 2175 4848 κα,
2203 4784 2302 4837 καὶ
2346 4783 2713 4849 κατευθυνεῇ
2752 4783 2963 4855 μέχρις
3002 4779 3072 4840 οὗ
3129 4782 3514 4852 συντελεσθῇ
3555 4784 3649 4851 ὀρ-

2079 4875 2179 4945 τὴ,
2212 4875 2307 4931 καὶ
2332 4876 2399 4930 τά
2432 4876 2589 4948 ἐξῆς·
2614 4876 2713 4931 καί
2742 4872 2906 4933 οὗτοι
2931 4874 3406 4944 διασωθήσονται
3437 4877 3507 4930 ἐκ
3534 4893 3651 4945 xst-

2074 4969 2184 5038 ρὸς
2230 4969 2416 5025 αὺτοῦ
2473 4967 2681 5040 Ἐδὼμ,
2739 4969 2839 5024 καί
2891 4967 3087 5034 Mutati,
3140 4968 3237 5023 καί
3294 4967 3454 5037 ἀρχὴ
3508 4966 3651 5023 υἱῶν

2081 5130 2216 5195 lum,
2267 5127 2463 5200 Βαλὴν,
2489 5130 2714 5201 ἀρχαῖος
2764 5127 2969 5200 Βαλήν·
3033 5125 3078 5182 0
3126 5141 3239 5189 rex,
3294 5127 3510 5197 antique
3559 5141 3649 5179 re:

2085 5207 2100 5234 Ι
2130 5199 2253 5234 μην.
2380 5218 2410 5234 ιι
2491 5200 2631 5234 mam
2698 5198 2883 5234 "iiuna
2921 5196 3255 5234 inxnlioclnc
3290 5213 3302 5225 -
3359 5200 3437 5234 Dn
3462 5196 3567 5234 131v
3618 5199 3647 5234 Α

2126 5199 2275 5255 Pers.
2306 5241 2322 5267 ,
2380 5196 2433 5255 ν.
2491 5196 2652 5270 659).
2698 5196 3303 5269 Ibique'Scholiastcs:
3354 5196 3567 5265 Βαλήν
3618 5199 3647 5253 ὁ

2085 5207 2627 5349 ἓασιλεὺςλλέγεται.
2677 5267 2960 5349 Ῐεξύιξορίων
3003 5268 3062 5321 δέ
3092 5285 3231 5349 ’φησι
3272 5267 3518 5349 Θουρίαιν
3571 5264 3649 5349 εἰ-

2084 5338 2172 5396 ναι
2224 5340 2320 5410 τὴν
2344 5338 2639 5422 διάλεκτον.
2689 5338 2880 5422 Βαιεὶι,
2920 5354 3023 5422 ¹τετε)
3069 5339 3309 5422 dicitur:
3347 5338 3648 5422 Euphorion

2086 5424 2263 5464 autem
2280 5407 2318 5463 ἐ
2344 5409 2657 5464 Thuriorum
2691 5411 2873 5479 repetit
2897 5408 3144 5479 dialecto.
3174 5407 3647 5479 Quemadmodum

2084 5505 2215 5544 vero
2248 5488 2375 5542 Baal
2405 5496 2459 5542 et
2494 5487 2654 5543 Belus
2688 5470 2755 5542 ex
2781 5488 2971 5543 eodem
2994 5496 3077 5544 est
3240 5488 3352 5543 sive
3377 5470 3468 5551 ιη,
3498 5488 3570 5542 ita
3606 5490 3651 5543 is

2085 5559 2384 5614 Alexander
2417 5557 2618 5622 Balles,
2652 5568 2747 5613 aut
2789 5558 2942 5613 Beles
2968 5560 3130 5612 etiam
3158 5560 3375 5614 dicitur.
3402 5557 3655 5613 Justinus

2086 5629 2292 5701 pariter
2329 5628 2522 5701 B_a_lam
2562 5630 2865 5701 quemdam,
2898 5638 2958 5684 ut
3087 5628 3432 5700 Hippolytus,
3472 5628 3650 5701 ipsum)

2088 5697 2341 5770 appellat.
2372 5697 2587 5753 Nummi
2617 5713 2742 5754 cum
2772 5699 2892 5769 ejus
2917 5708 2971 5754 et
2999 5697 3302 5771 Cleopatrae
3328 5697 3517 5755 uxoris
3542 5698 3652 5754 elﬁ-

2090 5776 2173 5840 gie
2198 5771 2495 5823 etiamnum
2527 5779 2762 5826 exstant.

2158 5840 2267 5911 (7|)
2320 5839 2608 5910 Ἀντιόχῳ,
2639 5840 2740 5911 leg.
2773 5839 3083 5915 Δημητρίῳ.

3838 794 3841 899 ψ
