3876 6340
222 378 325 435 665

1384 382 1808 441 FRAGMENTA
1848 378 1915 440 IN
1951 386 2321 444 DANIELEM.
2482 394 2505 423 '

3360 393 3463 449 666

231 499 485 570 Ἀμμών.
539 500 651 554 Kal
701 499 925 555 ἐκτενεῖ
967 500 1080 569 τὴν
1127 501 1294 571 χεῖρα
1322 504 1508 559 αὐτοῦ
1545 505 1644 559 ἐπὶ
1684 506 1788 575 τὴν

1900 517 2200 575 terram;et
2229 520 2369 564 terra
2405 507 2626 581 Egypti
2651 527 2749 565 non
2784 512 2884 567 erit
2914 513 2966 566 in
2998 512 3362 567 saluationem.
3397 512 3461 566 Et

220 591 372 663 γῆν·
403 592 502 646 καὶ
529 593 568 660 ἡ
598 591 675 661 γῆ
704 594 1003 662 Αίγύπτου
1020 595 1131 647 οὐκ
1158 593 1329 649 ἔσται
1357 597 1445 661 είς
1472 597 1789 665 σωτηρίαν·

223 686 320 739 καὶ
371 685 678 753 κυριεύσει
723 683 793 737 ἐν
832 683 956 751 τοῖς
986 685 1351 754 ἀποκρύφοις
1383 686 1488 740 τοῦ
1515 687 1791 756 χρυσίου,

222 776 318 830 καὶ
353 776 462 831 τοῦ
495 776 804 845 ἀργυρίου,
838 775 935 829 καὶ
966 773 1115 831 πᾶσι
1148 775 1269 843 τοῖς
1299 777 1680 848 ἐπιθυμητοῖς
1704 782 1796 833 λι-

219 869 475 937 τύπτου,
504 867 602 921 καὶ
632 867 882 933 Λιϐύων,
922 866 1019 921 καὶ
1052 868 1347 922 Αἰθιόπων
1385 869 1455 922 ἐν
1493 868 1618 936 τοῖς
1649 871 1792 938 ὀχυ-

214 958 492 1030 ρώμασιν
520 959 742 1014 αὐτῶν.

288 1071 537 1126 XXXIX.
580 1074 767 1129 Ταῦτα
793 1074 893 1147 μὲν
914 1068 1008 1129 οῦν
1032 1073 1205 1138 οὕτως
1225 1076 1254 1128 ὁ
1277 1074 1561 1145 προφήτης
1593 1072 1795 1145 διηγεῖ-

219 1182 307 1218 ται
337 1165 469 1239 περὶ
496 1166 591 1221 τοῦ
629 1166 1014 1238 ’Δντιχρίστου,
1040 1167 1100 1230 ὃς
1119 1165 1271 1220 ἔσται
1299 1165 1538 1237 ἀναιδὴς,
1565 1165 1796 1237 πολεμο-

221 1258 421 1328 τρόφος
476 1258 572 1312 καὶ
608 1258 889 1331 τύραννος,
922 1258 983 1323 ὃς
1018 1259 1158 1331 ὑπὲρ
1180 1258 1384 1322 πάντας
1418 1258 1671 1329 βασιλεῖς,
1699 1258 1793 1312 καλ⁴

221 1348 403 1403 πάντα
444 1350 577 1403 Θεὸν
617 1349 896 1421 ἐπαρθεὶς,
932 1348 1274 1421 οἰκοδομήσει
1313 1348 1409 1421 τὴν
1443 1347 1793 1422 Ἰερουσαλὴμ

221 1440 397 1507 πόλιν,
432 1442 528 1495 καὶ
556 1442 647 1495 τὸν
673 1443 798 1497 ναὸν
832 1443 1152 1514 ἀναστήσει·
1186 1442 1359 1512 τούτῳ
1392 1442 1793 1513 προσκυνήσου-

219 1551 303 1586 σιν
341 1533 421 1597 ὡς
460 1532 581 1605 Θεῷ
616 1535 666 1586 οἱ
708 1532 970 1597 ἀπειθεῖς,
1010 1533 1105 1587 καὶ
1147 1531 1318 1602 τούτῳ
1345 1533 1474 1602 γόνυ
1500 1531 1789 1598 κλινοῦσιν,
1829 1555 1835 1561 ο

219 1622 574 1687 ὑπονοοῦντες
613 1623 774 1678 αὐτὸν
813 1619 949 1677 εἶναι
998 1621 1088 1676 τὸν
1120 1623 1352 1695 Χριστόν
1371 1641 1385 1655 ·
1421 1618 1573 1689 οὗτος
1614 1622 1793 1678 ἀνελεῖ

217 1713 341 1777 τοὺς
363 1712 462 1767 δύο
498 1713 801 1785 μάρτυρας,
840 1712 932 1766 καὶ
959 1712 1296 1785 προδρόμους
1320 1715 1555 1784 Χριστοῦ
1585 1714 1790 1786 κηρύσ-

217 1821 413 1870 σοντας
439 1805 539 1879 τὴν
576 1806 784 1874 ἔνδοξον
811 1806 973 1861 αὐτοῦ
1005 1810 1100 1862 ἀπ’
1130 1808 1374 1879 οὐρανῶν
1401 1809 1691 1880 βασιλείαν·
1713 1810 1789 1873 ὡς

217 1897 364 1968 λέγει
381 1916 397 1931 ·
434 1901 544 1954 Kal
574 1894 746 1955 δώσω
766 1902 890 1970 τοῖς
918 1903 1060 1958 δυσὶ
1084 1902 1348 1972 μάρτυσι
1365 1921 1506 1973 μου,
1532 1903 1629 1957 καὶ
1655 1919 1787 1971 προ-

213 1994 633 2061 9ητεύσουσιν
659 1994 883 2064 ἡμέρας
909 1995 1109 2064 χιλίας
1139 1994 1451 2061 διακοσίας
1474 1994 1784 2061 ἑξήκοντα,

215 2086 704 2156 περιϐεϐλημένοι
761 2087 1033 2155 σάκκους
1050 2104 1068 2119 ·
1122 2088 1303 2152 καθὼς
1349 2089 1441 2142 καὶ
1481 2087 1560 2158 τῷ
1592 2087 1786 2159 Δανιὴλ

215 2177 433 2250 εἴρηκε·
467 2178 577 2233 Kal
606 2178 876 2249 διαθήσει
912 2179 1206 2248 διαθήκην
1232 2178 1504 2245 πολλοῖς,
1533 2177 1786 2248 ἑϐδομὰς

209 2271 337 2338 μία,
393 2270 494 2324 καὶ
532 2272 704 2325 ἔσται
728 2272 800 2325 ἐν
825 2271 907 2338 τῷ
943 2273 1148 2342 ἡμίσει
1176 2268 1284 2339 τῆς
1308 2270 1651 2340 ἑϐδομάδος,
1684 2272 1787 2339 ἁρ-

215 2360 469 2427 θήσεταί
487 2380 609 2432 μου
633 2365 672 2433 ή
704 2365 905 2429 θυσία,
946 2364 1041 2418 καὶ
1072 2366 1110 2433 ἡ
1140 2362 1400 2431 σπονδὴ,
1424 2363 1510 2416 ἵνα
1533 2362 1716 2434 δειχθῇ
1750 2365 1783 2433 ἡ

216 2453 315 2523 μία
352 2453 595 2525 ἐσδομὰς
625 2456 705 2519 εἰς
734 2454 828 2509 δύο
858 2455 1184 2527 μεριζομένη
1203 2472 1217 2486 ·
1253 2455 1360 2508 τῶν
1396 2455 1493 2526 μὲν
1522 2454 1615 2508 δύο
1646 2472 1786 2527 μαρ-

212 2542 394 2615 τύρων
441 2545 571 2616 τρία
621 2546 791 2617 ἥμισυ
831 2545 924 2617 ἔτη
963 2546 1367 2618 κηρυσσόντων,
1393 2544 1485 2598 τοῦ
1518 2544 1575 2598 δὲ
1615 2546 1786 2599 Ἀντι-

214 2638 457 2709 χρίστου,
480 2638 544 2692 τὸ
570 2638 847 2693 ἐπίλοιπον
877 2640 978 2710 τῆς
1001 2638 1290 2709 ἑϐδομάδος
1316 2638 1442 2702 τοὺς
1469 2638 1658 2706 ἁγίους
1684 2655 1782 2691 πο-

212 2732 526 2804 λεμοῦντος,
565 2734 772 2788 καὶτὸν
804 2733 1004 2804 κόσμον
1031 2733 1383 2805 ἐρημοῦντος,
1413 2733 1500 2785 ἵνα
1524 2732 1782 2805 πληρωθῇ

207 2825 269 2876 τὺ
292 2823 588 2895 εἰρημένον
606 2841 620 2854 ·
664 2823 775 2879 Kal
811 2823 1078 2878 δώσουσι
1101 2823 1416 2895 βδέλυγμα
1439 2822 1786 2895 ἐρημώσεως

207 2914 440 2983 ἡμέρας
469 2916 671 2984 χιλίας
696 2915 1009 2981 διακοσίας
1035 2915 1416 2984 ἐνενήκοντα.

278 3006 395 3061 XL.
435 3008 542 3060 Δύο
580 3003 673 3061 οῦν
721 3007 1064 3080 βδελύγματα
1100 3008 1288 3081 εἴρηκε
1333 3007 1551 3079 Δανιὴλ,
1590 3005 1650 3060 ἓν
1687 3006 1784 3076 μὲν

205 3097 545 3170 ἀφανισμοῦ,
575 3097 633 3151 ἒν
664 3098 720 3152 δὲ
748 3098 1111 3170 ἐρημώσεως·
1141 3101 1193 3153 τί
1224 3099 1285 3152 τὸ
1320 3099 1645 3170 ἀφανισμοῦ,
1669 3099 1781 3153 ἀλλ’

1896 600 2260 656 dominabitur
2286 603 2340 655 in
2365 601 2686 656 absconditis
2715 606 2834 657 auri
2874 614 2923 658 et
2948 606 3171 675 argenti,
3196 614 3244 658 et
3270 606 3325 658 in
3347 621 3460 658 om-

1895 690 2048 745 nibus
2082 693 2322 758 pretiosis
2354 690 2598 762 zEgypti,
2637 701 2685 747 et
2717 693 2957 765 Libyam,
2983 705 3033 750 et
3065 695 3380 767 Ethiopum
3405 697 3459 750 in

1893 785 2301 856 propugnaculis
2325 801 2524 839 eorum.

1960 1068 2205 1125 XXXIX.
2247 1069 2372 1126 Hzec
2400 1071 2564 1142 igitur
2602 1073 2866 1144 propheta
2903 1073 2977 1129 ita
3007 1086 3225 1131 enarrat
3253 1078 3318 1132 de
3344 1078 3453 1132 An!

1892 1155 2161 1222 tichristo,
2189 1158 2283 1226 qui
2307 1159 2411 1213 erit
2436 1160 2743 1230 impudens,
2776 1162 2902 1216 belli
2940 1164 3153 1229 avidus,
3190 1176 3243 1220 et
3265 1175 3450 1237 tyran-

1891 1264 2016 1315 nus,
2046 1250 2138 1319 qui
2170 1265 2333 1320 super
2362 1267 2553 1308 omnes
2590 1269 2745 1323 reges
2776 1271 3102 1325 omnemque
3134 1256 3301 1312 Deum
3339 1259 3451 1313 ela-

1889 1348 2000 1404 tus,
2035 1342 2219 1395 urbem
2252 1340 2554 1397 Jerusalem
2600 1345 2896 1413 reparabit,
2938 1356 2991 1400 et
3022 1348 3277 1416 templum
3309 1348 3454 1403 exci—

1891 1430 2057 1497 tabit;
2086 1432 2232 1488 hunc
2255 1433 2560 1489 adorabunt
2584 1436 2750 1490 veluti
2775 1436 2943 1492 Deum
2977 1438 3298 1503 refractarii,
3330 1438 3454 1494 huic

1890 1520 2269 1591 genuﬂectent,
2297 1523 2673 1581 existimantes
2696 1526 2870 1596 ipsum
2895 1542 3015 1581 esse
3033 1526 3341 1593 Christum;
3366 1528 3454 1583 hic

1889 1606 2028 1663 duos
2051 1617 2213 1665 testes
2240 1618 2295 1665 et
2321 1609 2523 1666 Christi
2552 1629 2934 1683 przecursores,
2965 1616 3257 1693 gloriosum
3282 1617 3453 1689 ipsius

1889 1713 1920 1754 e
1952 1700 2107 1755 caelis
2138 1716 2359 1770 regnum
2392 1703 2766 1772 praedicantes,
2798 1706 2863 1760 de
2891 1707 3069 1762 medio
3109 1707 3283 1774 tollet;
3312 1708 3454 1763 sicut

1889 1792 2005 1847 ait:
2040 1793 2108 1847 Et
2140 1795 2274 1848 dabo
2314 1795 2515 1849 duobus
2550 1797 2765 1851 testibus
2800 1799 2946 1865 meis,
2984 1808 3031 1852 et
3072 1800 3450 1869 prophetabunt

1820 1865 2067 1937 Bdiebus
2119 1886 2265 1940 mille
2322 1887 2561 1941 ducentis
2618 1889 2914 1958 sexaginta,
2979 1865 3178 1943 amicti
3213 1891 3449 1955 saccis‘;

1885 1978 2341 2046 quemadmodum
2369 1987 2423 2032 et
2449 1977 2659 2034 Danieli
2695 1980 2830 2035 dixit
2861 2000 2874 2035 :
2905 1980 2973 2034 Et
3002 1982 3336 2051 conﬁrmabit
3355 2001 3453 2053 pa-

1885 2076 2026 2122 ctum
2065 2068 2247 2124 multis
2279 2070 2605 2124 hebdomada
2638 2089 2743 2125 una
2763 2112 2779 2138 ,
2813 2082 2863 2126 et
2890 2074 2989 2126 erit
3025 2074 3080 2126 in
3112 2073 3332 2127 dimidio
3359 2076 3450 2127 he-

1886 2160 2182 2225 bdomadis,
2213 2163 2481 2232 auferetur
2498 2164 2822 2233 sacriﬁcium
2850 2181 3020 2219 meum
3052 2176 3100 2219 et
3128 2165 3376 2232 libamen,
3396 2177 3453 2221 ut

1885 2252 2203 2308 ostendatur
2239 2270 2345 2309 una
2394 2255 2731 2310 hebdomada
2785 2256 2837 2309 in
2891 2255 3028 2311 duas
3062 2256 3258 2312 divisa.
3315 2254 3448 2312 Nam

1884 2341 1993 2397 duo
2017 2343 2235 2412 quidem
2269 2351 2433 2399 testes
2467 2345 2640 2400 tribus
2668 2361 2792 2401 cum
2822 2347 3047 2402 dimidio
3075 2350 3232 2404 annis
3258 2350 3452 2420 praedi-

1884 2437 2107 2503 cabunt,
2151 2437 2205 2491 in
2256 2438 2465 2506 reliquo
2516 2455 2643 2493 vero
2686 2441 3036 2496 hebdomada:
3082 2442 3451 2501 Antichristus

1885 2538 2105 2585 sanctos
2147 2529 2287 2583 bello
2328 2539 2704 2600 persequetur,
2751 2534 3118 2603 uutudumque
3157 2535 3447 2603 desolabit,

1884 2631 1945 2678 ut
1965 2623 2342 2692 adimpleatur,
2378 2623 2519 2692 quod
2543 2624 2745 2679 dictum
2771 2634 2854 2679 est
2881 2646 2892 2679 :
2928 2624 2994 2678 Et
3022 2627 3219 2681 dabunt
3246 2629 3449 2682 abomi—

1885 2715 2148 2769 nationem
2192 2716 2533 2769 desolationis
2586 2716 2767 2771 diebus
2813 2718 2955 2772 mille
2995 2720 3231 2775 ducentis
3279 2739 3449 2776 nona-

1884 2808 2056 2878 ginta.

1952 3005 2065 3061 XL.
2110 3006 2253 3063 Duas
2291 3007 2455 3079 igitur
2496 3009 2929 3066 abominationes
2960 3011 3212 3081 praedixit
3239 3012 3447 3080 Daniel,

1884 3111 2045 3152 unam
2060 3098 2274 3168 quidem
2289 3099 2922 3166 destructinnis,alteram
2937 3116 3064 3156 vero
3075 3101 3446 3159 desolationis.

206 3192 240 3264 ἢ
273 3191 304 3244 ὃ
332 3191 566 3261 ἔστησεν
597 3191 715 3243 ἐκεῖ
750 3190 892 3245 κατὰ
920 3191 1010 3244 τὸν
1050 3190 1238 3262 καιρὸν
1272 3192 1571 3262 Ἀντίοχος;
1611 3191 1704 3245 καὶ
1728 3191 1781 3244 τί

1892 3187 2141 3254 Quaenam
2156 3197 2236 3244 est
2249 3188 2339 3243 illa
2355 3189 2759 3257 destructionis,
2775 3191 2880 3247 nisi
2896 3208 3058 3261 quam
3075 3192 3147 3246 ibi
3159 3192 3224 3248 ad
3239 3202 3451 3265 tempus

205 3283 394 3352 τὸτῆς
436 3281 791 3354 ἐρημώσεως,
834 3283 1008 3356 ἀλλ’ἢ
1063 3283 1288 3337 καθόλου
1334 3284 1409 3347 ὠς
1458 3283 1725 3357 παρέσται
1754 3285 1784 3337 ό

218 3374 627 3445 Ἀντίχριστος;
682 3373 793 3428 Kal
838 3371 1005 3431 οὗτοι
1044 3373 1422 3441 σωθήσονται
1469 3375 1537 3429 ἐκ
1591 3374 1784 3443 χειρὸς

204 3468 424 3529 αὐτοῦ,
461 3464 669 3535 Ἐδὼμ,
694 3465 793 3521 καὶ
815 3465 1013 3529 Μωὰϐ,
1037 3463 1137 3518 καὶ
1162 3463 1318 3533 ἀρχὴ
1345 3464 1491 3520 υἱῶν
1530 3463 1781 3534 Ἀμμών.

207 3553 371 3612 Οὗτοι
401 3557 513 3627 γάρ
539 3559 677 3610 εἰσιν
719 3559 768 3611 οἱ
812 3557 1190 3630 συνερχόμενοι
1235 3557 1382 3628 αὐτῷ
1413 3557 1500 3610 διὰ
1530 3557 1629 3628 τὴν
1657 3572 1785 3626 συγ-

207 3650 450 3717 γένειαν,
482 3649 575 3703 καὶ
603 3648 825 3720 βασιλέα
847 3650 1008 3705 αὐτὸν
1036 3649 1242 3722 πρῶτοι
1268 3649 1709 3721 ἀναγορεύοντες·
1734 3649 1783 3703 οἱ

208 3740 310 3811 μὲν
362 3738 547 3810 Ἐδὼμ
589 3740 725 3793 εἰσὶν
755 3740 860 3793 υἱοὶ
898 3738 1066 3794 Ἠσαῦ
1092 3740 1141 3793 οἱ
1170 3739 1543 3803 κατοικοῦντες
1574 3739 1633 3792 τὸ
1663 3739 1785 3811 ὅρος

206 3833 408 3904 Σηείρ·
439 3830 616 3885 Μωάδ
651 3831 707 3885 δὲ
742 3833 837 3886 καὶ
874 3831 1118 3904 Ἀμμὼν,
1148 3834 1196 3886 οἱ
1221 3834 1286 3885 ὲκ
1308 3830 1417 3885 τῶν
1438 3831 1530 3884 δύο
1563 3829 1788 3901 θυγατέ-

208 3928 319 3996 pm
352 3924 525 3979 αὐτοῦ
553 3925 957 3996 γεγεννημέναι,
984 3925 1060 3989 ὼς
1082 3926 1177 3980 καὶ
1228 3924 1450 3987 Ἡσαΐας
1474 3923 1651 3993 λέγει·
1675 3923 1788 3977 Kal

204 4017 697 4086 πετασθήσονται
731 4017 802 4071 ἐν
822 4017 1058 4084 πλοίοις
1084 4018 1449 4086 ἀλλοφύλων
1473 4014 1789 4071 θάλασσαν

205 4109 328 4179 ἅμα
360 4109 869 4179 προνομεύσουσι,
896 4109 999 4165 καὶ
1022 4112 1075 4162 οι
1100 4108 1217 4163 ἀπὸ
1245 4106 1557 4164 ἀνατολῶν
1586 4108 1785 4177 ἡλίου,

214 4202 307 4254 ml
333 4204 392 4255 οι
423 4201 545 4255 ἀπὸ
574 4199 845 4270 δυσμῶν,
887 4200 987 4254 καὶ
1018 4199 1233 4270 βορρᾶ,
1271 4200 1536 4256 δώσουσι
1566 4201 1786 4266 δόξαν·

204 4296 261 4346 al
300 4292 373 4345 δὲ
404 4291 524 4346 υἱοὶ
579 4292 811 4361 Ἀμμὼν
855 4290 1071 4362 πρῶτοι
1111 4294 1577 4349 ὑπακούσονται.
1622 4288 1789 4359 Οὗτος

201 4383 298 4435 ὑπ’
335 4381 519 4436 αὐτῶν
564 4380 818 4453 βασιλεὺς
858 4382 1264 4454 ἀναγορευθεὶς,
1312 4384 1406 4439 καὶ
1436 4383 1543 4437 ὑπὸ
1574 4384 1791 4439 πάντων

203 4472 517 4541 δοξασθεὶς,
539 4473 633 4527 καὶ
664 4472 934 4544 βδέλυγμα
959 4472 1289 4545 ἐρημώσεως
1313 4473 1392 4544 τῷ
1422 4476 1610 4547 κόσμῳ
1638 4493 1791 4547 γενη-

205 4564 322 4630 θεὶς
364 4565 634 4638 κρατήσει
673 4565 890 4638 ἡμέρας
931 4564 1106 4638 χιλίας
1143 4565 1422 4631 διακοσίας
1449 4568 1785 4639 ἐνενήκοντα.

206 4656 520 4726 Μακάριος
553 4660 587 4712 ὁ
615 4657 966 4728 ὑπομείνας,
1017 4657 1116 4714 καὶ
1162 4656 1401 4728 φθάσας
1437 4660 1525 4724 εὶς
1565 4657 1790 4728 ἡμέρας

204 4750 416 4820 χιλίας
446 4748 795 4817 τριακοσίας
827 4747 1146 4817 τριάκοντα
1181 4748 1390 4803 πέντε·
1418 4748 1513 4802 τοῦ
1540 4748 1649 4821 γὰρ
1673 4748 1791 4820 βδε-

202 4840 490 4911 λύγματος
546 4838 1022 4910 παραγενομένου,
1093 4839 1188 4892 καὶ
1249 4837 1607 4909 πολεμοῦντος
1665 4839 1793 4902 τοὺς

206 4933 426 5001 ἁγίους,
461 4930 523 4994 ὃς
552 4929 619 4985 ἂν
648 4930 861 5002 ὑπερϐῇ
892 4929 992 4995 τὰς
1019 4929 1229 5004 ἡμέρας
1255 4929 1441 4995 αὐτοῦ,
1474 4930 1565 4984 καὶ
1598 4931 1792 5004 ὲγγίσῃ

204 5025 287 5087 εἰς
323 5021 544 5095 ἡμέρας
577 5021 984 5092 τεσσαράκοντα
1026 5022 1206 5086 πέντε,
1247 5021 1438 5091 ἑτέρας
1467 5021 1790 5092 ὲγγιζούσης

204 5113 613 5186 πεντηκοστῆς,
652 5113 885 5183 ἔφθασεν
920 5115 954 5185 ή
998 5112 1243 5184 βασιλεία
1266 5114 1375 5167 τῶν
1398 5112 1669 5185 οὐρανῶν·
1699 5113 1790 5184 ἐρ-

203 5224 368 5277 κεται
413 5207 515 5278 μὲν
542 5208 575 5260 ὁ
621 5206 1003 5277 Ἀντίχριστος,
1032 5205 1126 5259 καὶ
1157 5206 1237 5269 εις
1267 5204 1431 5277 μέρος
1458 5206 1558 5277 τῆς
1587 5222 1787 5279 πεντη-

1884 3280 2074 3335 statuit
2097 3279 2433 3335 Antiochus?
2463 3296 2583 3350 quae
2610 3296 2738 3335 vero
2775 3282 3145 3347 desolationis,
3186 3282 3294 3338 nisi
3332 3300 3453 3354 quae

1883 3371 2203 3442 eritubique
2225 3372 2493 3438 locorum,
2517 3373 2733 3442 quando
2749 3373 2923 3427 aderit
2948 3373 3359 3429 Antichristus?
3381 3375 3451 3428 Et

1884 3467 1937 3520 hi
1951 3464 2505 3520 salvabunturemanu
2517 3466 2703 3532 ipsius,
2729 3466 2913 3530 Edam,
2933 3475 2981 3519 et
3002 3466 3179 3530 Moab,
3198 3475 3245 3520 et
3260 3468 3452 3537 princi-

1882 3558 2028 3628 pium
2039 3557 2271 3626 filiorum
2288 3559 2533 3619 Ammon;
2549 3556 2599 3610 hi
2611 3557 2753 3611 enim
2774 3566 2921 3624 sunt,
2940 3558 3031 3628 qui
3047 3572 3165 3613 sese
3182 3559 3281 3628 ipsi
3298 3575 3452 3630 prop«

1884 3656 1967 3702 tcr
1993 3646 2479 3716 consanguinitatis
2508 3648 2956 3705 necessitudinem
2976 3651 3315 3712 consociant.
3342 3654 3451 3722 pt‘i-

1884 3740 2069 3808 mique
2094 3739 2268 3807 ipsum
2288 3753 2466 3809 regem
2488 3741 2836 3809 appellantes.
2853 3738 3072 3795 Idumaei
3090 3743 3307 3812 quidem
3324 3754 3451 3797 sunt

1886 3829 1981 3884 lilii
2009 3828 2150 3884 Esau
2176 3830 2228 3883 in
2254 3838 2443 3885 monte
2474 3830 2593 3885 Seir
2620 3831 2956 3899 habitantes;
2981 3833 3225 3889 Moabitae
3246 3851 3372 3890 vero
3398 3847 3448 3892 et

1886 3922 2232 3987 Ammanitae,
2272 3922 2366 3991 qui
2396 3937 2463 3977 ex
2496 3922 2710 3978 duabus
2740 3924 2912 3994 ipsius
2941 3926 3065 3981 [iliis
3101 3936 3229 3982 sunt
3254 3944 3453 4000 propa-

1886 4015 2018 4083 gati,
2049 4014 2190 4069 sicut
2216 4013 2375 4068 etiam
2413 4014 2583 4070 Isaias
2612 4014 2775 4070 dicit:
2807 4015 2875 4070 Et
2897 4019 3172 4074 extendent
3200 4037 3255 4074 se
3281 4022 3335 4075 in
3355 4037 3450 4074 na-

1886 4105 2037 4159 uibus
2070 4104 2505 4175 alienigenarum,
2549 4104 2709 4159 simul
2734 4123 2879 4160 mare
2908 4108 3368 4177 depraedabantur,
3402 4119 3453 4163 et

1886 4198 1978 4269 qui
2002 4202 2067 4251 ab
2089 4210 2208 4253 ortu
2232 4198 2381 4261 solis,
2406 4198 2495 4267 qui
2527 4198 2591 4250 ab
2614 4198 2878 4253 occidente
2901 4209 2950 4254 et
2979 4200 3221 4271 aquilone
3252 4202 3451 4255 dabunt

1889 4290 2139 4360 gloriam,
2172 4287 2273 4358 ﬁlii
2310 4304 2427 4342 vero
2463 4289 2687 4342 Ammon
2726 4290 2884 4358 primi
2925 4290 3159 4345 obedient
3183 4295 3223 4346 ’.
3257 4291 3357 4349 Hic
3382 4294 3453 4349 ab

1888 4380 2022 4451 ipsis
2061 4396 2157 4435 rex
2193 4380 2484 4445 salutatus,
2530 4388 2587 4435 et
2631 4381 2700 4436 ab
2728 4382 2984 4439 omnibus
3022 4384 3373 4455 gloriﬁcatus,
3401 4396 3453 4441 et

1891 4471 2095 4527 mundo
2116 4470 2444 4527 abominatio
2464 4471 2817 4528 desolationis
2833 4473 3075 4543 circulus,
3096 4476 3286 4533 diebus
3308 4478 3455 4532 mille

1818 4549 1866 4608 Π
1890 4562 2138 4618 ducentis
2169 4564 2463 4634 nonaginta
2491 4564 2880 4621 dominabitur.
2912 4566 3107 4646 Beatus
3152 4571 3243 4641 qui
3289 4572 3454 4624 διιειὶ-

1892 4658 2063 4710 nuerit
2097 4672 2257 4727 usque
2277 4657 2345 4710 ad
2368 4655 2478 4711 dies
2507 4658 2651 4713 mille
2676 4668 2929 4714 trecentos
2952 4662 3175 4732 triginta
3195 4664 3453 4734 quinque;

1893 4761 2015 4800 nam
2052 4746 2457 4802 abominatione
2494 4748 2835 4813 adveniente.
2874 4758 2928 4806 et
2957 4760 3176 4807 sanctos
3204 4762 3454 4816 vexante,

1892 4837 2207 4909 quicunque
2229 4838 2377 4893 illius
2392 4838 2510 4894 dies
2531 4842 2890 4909 superaverit.
2910 4851 2964 4898 et
2981 4843 3268 4900 accesserit
3287 4859 3461 4915 prope

1892 4929 1959 4984 ad
1982 4931 2099 4985 dies
2118 4930 2474 5001 quadraginta
2508 4932 2774 5003 quinque,
2804 4933 2928 4990 aliis
2949 4936 3343 5007 quinquaginta
3364 4951 3459 4992 ac—

1893 5021 2233 5086 cedentibus,
2273 5020 2523 5077 adveniet
2560 5038 2784 5094 regnum
2831 5026 3115 5082 cmlorum.
3147 5024 3307 5081 Venit
3334 5026 3455 5097 qui-

1892 5115 2014 5169 dem
2044 5114 2413 5172 Antichristus
2444 5115 2605 5171 etiam
2640 5116 2693 5171 in
2718 5126 2925 5187 partem
2959 5117 3451 5188 quinquagesimae;

1894 5224 2119 5279 regnum
2150 5225 2278 5265 vero
2305 5209 2479 5265 sancti
2506 5224 2631 5265 cum
2659 5208 2886 5281 Christo
2909 5210 3275 5267 Itaareditaturi
3302 5217 3452 5265 sunt.

204 5299 438 5370 κοπῆς,
467 5298 566 5372 τὴν
593 5297 652 5351 δὲ
678 5297 950 5371 βασιλείαν
975 5299 1023 5352 οἱ
1055 5297 1200 5367 ἆγιοι
1240 5299 1357 5369 ἅμα
1395 5296 1617 5370 Χριστῷ
1655 5298 2008 5372 κληρονομεῖν
2037 5301 2305 5373 μέλλουσι.

284 5391 426 5448 XLI.
469 5390 687 5445 Τούτων
730 5391 903 5455 οῦτως
948 5391 1253 5463 εἰρημένων
1273 5429 1290 5456 ,
1317 5391 1464 5460 λέγει
1492 5392 1522 5444 ὁ
1555 5390 1785 5460 Δανιήλ-

207 5491 324 5546 Kal
367 5486 496 5543 ιδοὺ
540 5487 652 5543 δύο
694 5486 908 5555 ἄνδρες
948 5484 1342 5553 είστήκασαν,
1387 5479 1475 5551 εἷς
1511 5483 1792 5538 ἐντεῦθεν

207 5582 325 5636 τοῦ
365 5582 613 5652 χείλους
644 5579 752 5635 τοῦ
783 5577 1070 5649 ποταμοῦ,
1117 5578 1214 5632 καὶ
1242 5572 1330 5644 εἷς
1360 5575 1659 5641 ἐντεῦθεν,
1688 5576 1788 5633 καὶ

209 5671 639 5741 ἀπεκρίθησαν
666 5668 747 5735 τῷ
768 5666 939 5737 ἀνδρὶ
965 5666 1044 5735 τῷ
1069 5666 1348 5737 ἑστηκότι
1376 5666 1475 5721 ἐπὶ
1504 5664 1568 5722 τὸ
1590 5665 1794 5738 χεῖλος

294 5855 314 5886 ³
345 5856 508 5926 Apoc.
541 5866 616 5921 ιι,
644 5851 698 5908 3.
776 5853 795 5883 ²
826 5811 1033 5921 Istum,
1073 5856 1153 5909 Ii.

1962 5391 2099 5448 XLI.
2140 5392 2237 5450 His
2282 5394 2355 5449 ita
2396 5396 2685 5462 enarratis,
2728 5396 2803 5451 ait
2847 5395 3033 5451 Daniel
3064 5413 3077 5451 :
3107 5394 3175 5448 Et
3207 5410 3322 5449 ecce
3349 5394 3457 5448 duo

1889 5483 1991 5538 viri
2018 5494 2295 5553 steterunt,
2320 5503 2454 5540 unus
2471 5486 2592 5541 hinc
2611 5503 2764 5558 super
2784 5487 2953 5556 ripam
2975 5486 3231 5556 ﬂuminis,
3252 5493 3299 5538 et
3317 5484 3456 5539 alius

1892 5574 2033 5638 inde,
2080 5584 2128 5629 et
2173 5577 2545 5645 responderunt
2596 5577 2706 5631 viro
2776 5577 2868 5648 qui
2906 5579 3081 5631 stabat
3108 5589 3264 5645 super
3290 5590 3457 5645 aquas

1893 5668 2147 5736 ﬂuminis,
2176 5679 2223 5724 et
2257 5670 2503 5727 dixerunt
2526 5670 2609 5727 illi
2638 5685 2656 5723 :
2692 5667 2965 5741 Usquequo
3000 5667 3122 5736 ﬁnis
3159 5682 3458 5721 sermonum
