3876 6340
444 330 550 391 667

1351 334 1417 403 S,
1446 335 1805 397 HIPPOLY'I‘I
1839 338 1989 396 OPP.
2022 339 2202 397 PARS
2234 342 2278 399 Ι.
2311 375 2380 386 -
2415 342 2826 405 EXEGETICA.

3576 347 3679 403 668

446 447 794 512 urirabilium,
842 463 971 519 quos
1009 446 1215 503 locutus
1254 450 1346 504 es?
1385 448 1452 503 Et
1493 451 1674 505 audivi
1701 452 1890 519 virum,
1917 453 2007 523 qui

2121 453 2211 508 rei)
2230 456 2517 526 ποταμοῦ,
2542 459 2639 515 καὶ
2660 454 2841 513 εἶπαν
2864 448 3042 524 αὐτῷ·
3064 458 3210 526 Ἕως
3228 459 3373 515 πότε
3395 461 3460 516 τὸ
3492 465 3677 533 πέρας

444 532 671 592 indutus
690 549 804 592 erat
825 537 1039 606 baddin,
1066 541 1155 610 qui
1189 540 1363 594 stabat
1389 558 1543 612 super
1566 559 1728 613 aquas
1753 544 2011 613 ﬂuminis,

446 641 494 683 et
528 629 749 684 elevavit
778 629 1043 684 dexteram
1072 648 1245 695 suam,
1272 644 1320 686 et
1349 633 1625 686 sinistrum
1655 635 1710 688 in
1736 634 1941 703 cmlum,
1962 645 2012 689 et

440 719 645 789 jurauit
672 737 764 789 per
782 721 1032 775 viventem
1065 722 1119 775 in
1147 734 1402 776 wternum
1427 739 1445 777 :
1476 726 1600 795 quia
1627 725 1683 779 in
1711 735 1930 796 tempus,
1962 736 2012 781 ct

448 820 707 881 tempora,
730 821 779 865 et
806 811 1087 866 dimidium
1117 814 1386 882 temporis,
1415 831 1533 868 cum
1566 817 1823 886 completa
1852 818 2011 887 fuerit

448 901 725 971 dispersio,
754 910 1128 972 cognoscentur
1159 903 1396 957 universa
1423 905 1553 959 haec.

445 993 687 1061 αίῶνας,
714 993 803 1047 ὅτι
835 997 922 1060 είς
962 995 1191 1064 καιρὸν,
1227 996 1490 1064 καιροὺς,
1512 997 1612 1053 καὶ
1639 998 1828 1067 ἣμισυ
1862 1001 2091 1070 καιροῦ,

448 1089 638 1146 ταῦτα
671 1088 885 1143 πάντα.

521 1184 681 1240 XLII.
724 1185 956 1252 Quinam
993 1194 1175 1241 autem
1205 1196 1359 1242 erant
1383 1187 1492 1243 duo
1524 1188 1648 1254 viri,
1678 1190 1770 1260 qui
1794 1191 2013 1248 stabant

449 1277 590 1347 apud
615 1277 788 1346 ripam
822 1275 1085 1343 fluminis,
1122 1277 1225 1332 nisi
1256 1278 1341 1333 lex
1378 1288 1433 1334 et
1462 1280 1772 1351 prophetae?
1808 1292 1861 1337 et
1888 1284 2011 1354 quis

450 1377 588 1431 erat,
617 1368 709 1439 qui
738 1369 918 1424 stabat
946 1385 1110 1440 super
1140 1386 1361 1441 aquam,
1385 1372 1492 1427 nisi
1523 1373 1612 1429 hic
1639 1374 1774 1444 ipse,
1805 1376 1872 1431 de
1900 1391 2010 1447 quo

450 1458 551 1529 ipsi
583 1460 710 1514 olim
748 1461 1172 1531 prophetaruut;
1202 1463 1294 1533 qui
1338 1463 1648 1521 novissimis
1677 1467 2011 1537 temporibus

450 1552 505 1606 in
535 1550 772 1607 Iordane
810 1552 1100 1608 manifeste
1141 1552 1509 1607 testimonium
1543 1564 1866 1625 accepturus
1894 1567 2011 1613 erat

453 1660 485 1699 a
510 1642 689 1705 Patre.
718 1652 772 1699 et
804 1660 833 1699 a
861 1643 1070 1700 Joanne
1099 1645 1297 1716 populo
1331 1646 1556 1702 ﬁdenter
1579 1655 1695 1701 erat
1722 1647 2010 1702 ostenden-

449 1736 575 1798 dus,
607 1737 696 1806 qui
720 1735 869 1806 kasty
902 1737 1089 1792 scriba:
1122 1739 1263 1791 circa
1299 1754 1443 1792 renes
1481 1737 1699 1808 ferebat,
1729 1750 1778 1794 et
1813 1740 2009 1794 baddin
2046 1767 2087 1822 Β

454 1830 637 1884 tunica
666 1832 827 1885 variis
854 1831 1116 1885 coloribus
1143 1832 1396 1886 distincta
1427 1842 1542 1886 erat
1568 1832 1803 1888 indutus.
1829 1832 1893 1888 Hi
1915 1835 2017 1905 igi-

449 1929 542 1975 tur
575 1921 911 1991 intermgant
939 1937 1085 1989 eum,
1119 1922 1352 1978 scientes
1372 1922 1517 1993 quod
1545 1923 1644 1992 ipsi
1671 1923 1856 1978 datum
1877 1933 2020 1979 esset

450 2027 611 2067 omne
642 2011 930 2082 imperium
965 2022 1018 2067 et
1049 2019 1311 2082 potestas,
1346 2021 1407 2067 ut
1434 2022 1682 2067 accurate
1716 2012 1927 2067 discant
1951 2012 2019 2066 ab

451 2116 539 2166 eo,
589 2104 810 2172 quando
849 2104 1115 2172 judicium
1166 2103 1232 2158 de
1264 2103 1468 2158 mundo
1497 2112 1640 2159 esset
1672 2102 1936 2170 facturus,
1966 2090 2021 2158 et

451 2208 564 2263 quo
590 2202 853 2264 tempore,
879 2211 1000 2265 quae
1023 2196 1091 2250 ab
1114 2195 1231 2265 ipso
1248 2196 1455 2251 elocuta
1471 2204 1644 2259 erant,
1674 2194 2015 2265 adimplenda

452 2284 652 2342 forent.
678 2287 772 2344 Ille
802 2304 929 2344 vero
958 2289 1145 2344 volens
1184 2304 1279 2343 eos
1313 2290 1537 2344 omnino
1564 2299 1742 2345 certos
1767 2290 2011 2355 reddere,

451 2378 685 2434 elevavit
711 2380 986 2436 dexteram
1018 2396 1195 2448 suam,
1222 2389 1275 2435 et
1303 2380 1581 2436 sinistram
1626 2381 1679 2434 in
1711 2382 1931 2446 coelum,
1959 2389 2015 2436 et

447 2468 654 2536 juravit
686 2485 784 2539 per
815 2469 1080 2524 viventem
1131 2471 1186 2525 in
1219 2479 1499 2526 aeternum.
1541 2471 1693 2538 Quis.
1726 2488 1822 2542 per
1850 2468 2011 2541 quem

447 2561 693 2630 juravit?
732 2560 903 2616 Filius
936 2563 1180 2619 videlicet
1208 2579 1304 2634 per
1332 2562 1571 2628 Patrem,
1612 2564 1836 2618 dicens:
1868 2564 2015 2619 Vivit

453 2648 616 2706 Pater
646 2652 698 2705 in
730 2662 1013 2720 internum,
1050 2653 1156 2707 nisi
1202 2653 1253 2707 in
1295 2663 1528 2723 tempus,
1563 2663 1616 2707 et
1661 2662 1925 2724 tempora,
1961 2662 2015 2709 et

453 2742 738 2797 dimidium
770 2744 1048 2814 temporis,
1086 2759 1208 2799 cum
1238 2745 1503 2816 completa
1540 2744 1702 2800 fuerit
1725 2745 2011 2816 dispersio,

452 2844 847 2906 cegnoscentur
872 2836 987 2891 haec
1014 2835 1217 2890 omnia.

2116 542 2234 598 τῶν
2261 548 2457 618 ,λόγων
2496 547 2615 602 τῶν
2655 548 3011 619 θαυμαστῶν
3056 542 3144 604 ὧν
3185 552 3534 621 éJdJno’ac;
3580 559 3674 613 καί

2116 640 2352 710 ἥκουσα
2380 642 2488 697 τοῦ
2515 640 2733 711 ἀνδρὸς
2759 643 2866 698 τοῦ
2904 642 3299 713 ἐνδεδυμένου
3332 645 3400 700 τὸ
3431 647 3675 712 βαδδιν.

2116 730 2186 797 ὃς
2206 728 2285 802 ἥν
2308 730 2506 786 ἐπάνω
2529 733 2636 786 τοῦ
2659 733 2876 801 ὓδατος
2893 735 3000 788 τοῦ
3030 736 3319 805 ποταμοῦ,
3344 736 3447 792 καὶ
3469 738 3678 808 ὕψωε

2114 821 2229 890 τὴν
2268 822 2473 888 δεξιὰν
2512 825 2720 889 αὐτοῦ,
2767 826 2866 880 καὶ
2896 826 3010 895 τὴν
3040 828 3360 897 ἀριστερὰν
3381 831 3572 885 αὐτοῦ
3593 835 3677 899 είς

2113 910 2221 965 τὸν
2255 913 2533 981 οὐρανὸν,
2576 914 2672 968 καί
2711 914 2946 984 ὤμοσεν
2987 916 3058 969 ἐν
3092 916 3172 983 τῷ
3208 916 3373 978 ζῶντι
3410 922 3500 986 είς
3539 921 3677 987 τοὺς

2118 1002 2189 1056 ἐν
2211 1002 2293 1070 τῷ
2316 1005 2790 1075 συντελεσθῆναι
2819 1007 3312 1079 διασκορπισμὸν,
3347 1010 3678 1081 γνώσονται

2182 1189 2345 1246 XLII.
2420 1190 2577 1254 Τίνες
2617 1184 2711 1246 οὗν
2751 1185 2889 1262 ἦσαν
2930 1192 2982 1245 οῖ
3017 1190 3110 1245 δύο
3142 1191 3333 1264 ἀνδρες
3370 1195 3420 1247 oi
3445 1194 3677 1260 ἑστῶτες

2116 1281 2266 1354 παρὰ
2291 1281 2353 1335 τὸ
2383 1282 2556 1352 χεῖλος
2598 1282 2690 1336 τοῦ
2732 1282 2995 1353 ποταμοῦ,
3032 1282 3200 1354 ἀλλ’ἢ
3233 1286 3262 1338 6
3285 1284 3447 1356 νόμος
3492 1286 3590 1340 καὶ
3630 1288 3678 1342 οἱ

2115 1372 2419 1445 προφῆται;
2458 1374 2553 1427 καὶ
2592 1372 2677 1438 τίς
2708 1369 2778 1445 ἦν
2800 1375 2829 1427 6
2861 1375 3036 1440 ἑστὼς
3058 1375 3241 1430 ἐπάνω
3265 1377 3359 1431 τοῦ
3387 1377 3600 1443 ὕδατος,
3630 1381 3677 1433 εί

2118 1466 2192 1538 μὴ
2218 1465 2378 1529 αὐτὸς
2405 1460 2558 1530 οὗτος
2582 1465 2709 1536 περὶ
2731 1461 2791 1521 οῦ
2816 1466 2967 1519 αὐτοὶ
2990 1466 3153 1520 πάλαι
3181 1468 3593 1541 προεκήρυξαν;
3620 1470 3678 1535 ὃς

2116 1550 2336 1622 ἔμελλεν
2373 1552 2458 1606 ἐπ’
2486 1552 2726 1624 ἐσχάτων
2758 1553 2852 1607 ἐπὶ
2877 1553 2954 1625 τῷ
2998 1555 3232 1629 Ἰορδάνῃ
3279 1559 3532 1631 φανερῶς
3578 1560 3678 1614 ὑπὸ

2113 1641 2206 1696 τοῦ
2232 1642 2442 1715 Πατρδς
2484 1644 2890 1716 μαρτυρεῖσθαι,
2925 1647 3016 1700 καὶ
3046 1646 3149 1700 ὕπὸ
3185 1648 3427 1703 Ἰωάννου
3459 1650 3540 1722 τῷ
3565 1651 3677 1725 λαῷ

2115 1734 2394 1806 παρρησίᾳ
2434 1734 2762 1790 δείκνυσθαι·
2789 1739 2821 1790 ό
2845 1736 2911 1790 τὸ
2933 1736 3128 1791 κάστυ
3165 1739 3272 1794 τοῦ
3301 1743 3670 1812 meamea);

2114 1825 2246 1899 περὶ
2279 1825 2394 1894 τὴν
2421 1826 2619 1897 ὀσφὺν
2641 1827 2854 1897 φέρων,
2883 1827 2983 1882 καὶ
3013 1828 3080 1881 τὸ
3104 1828 3328 1892 βαδδὶν
3353 1831 3464 1884 τὸν
3490 1812 3679 1888 ποικί-

2113 1917 2226 1969 λον
2255 1914 2475 1982 χιτῶνα
2521 1915 2931 1985 ἐνδεδυμένος.
2980 1909 3137 1969 Οὗτοι
3183 1913 3275 1970 οὖν
3320 1918 3677 1974 πυνθάνονται

2114 2005 2299 2072 αὑτοῦ,
2329 2007 2528 2071 εἰδότες
2554 2008 2636 2061 ὅτι
2667 2006 2814 2078 αὐτῷ
2841 2006 2994 2078 ἐδόθη
3037 2009 3188 2062 πᾶσα
3228 2009 3370 2081 ἀρχὴ
3406 2011 3503 2064 καὶ
3527 2009 3678 2077 ἐξου-

2116 2097 2236 2150 σία·
2278 2097 2367 2151 ἵνα
2412 2097 2622 2170 μάθωσι
2666 2099 2793 2170 παρ’
2833 2098 2994 2153 αὐτοῦ
3038 2099 3277 2171 ἀκριϐῶς
3318 2101 3448 2154 πότε
3500 2101 3678 2172 μέλλει

2116 2190 2341 2259 ἐπάγειν
2368 2190 2446 2262 τῷ
2471 2190 2658 2263 κόσμῳ
2687 2191 2784 2263 τὴν
2806 2194 3005 2265 κρίσιν,
3041 2193 3134 2246 καὶ
3159 2193 3286 2246 πότε
3310 2194 3378 2249 τὰ
3405 2196 3499 2248 ὑπ’
3519 2193 3677 2248 αὐτοῦ

2115 2283 2455 2354 λελαλημένα
2489 2282 2903 2355 πληρωθήσεται
2920 2301 2936 2316 ·
2972 2287 3000 2339 6
3018 2286 3077 2339 δὲ
3108 2286 3249 2341 κατὰ
3275 2287 3455 2340 πάντα
3481 2286 3679 2358 τρόπον

2114 2372 2321 2426 πείθειν
2345 2371 2566 2437 τούτους
2598 2372 2913 2445 βουλόμενος
2942 2376 3114 2447 ἐπῆρε
3155 2374 3252 2447 τὴν
3287 2373 3473 2441 δεξιάν
3496 2375 3676 2435 αὐτοῦ.

2115 2465 2210 2518 καὶ
2235 2466 2332 2535 τὴν
2353 2465 2646 2536 ἀριστερὰν
2672 2468 2751 2529 είς
2778 2466 2868 2520 τὸν
2906 2467 3149 2538 οὐρανὸν,
3190 2468 3285 2521 καὶ
3321 2466 3519 2537 ὤμοσε
3543 2466 3677 2521 κατά

2115 2556 2206 2609 τοῦ
2234 2555 2432 2621 ζῶντος
2454 2558 2533 2620 εἰς
2547 2557 2638 2610 τὸν
2653 2558 2844 2613 αἰῶνα·
2866 2558 2946 2623 τίς
2956 2558 3101 2612 κατά
3127 2560 3270 2625 τίνος
3289 2558 3503 2630 ὤμοσεν
3522 2575 3538 2624 ;
3558 2556 3678 2620 Υἱὸς

2117 2649 2353 2720 δηλονότι
2375 2650 2514 2704 κατά
2533 2649 2628 2704 τοῦ
2651 2651 2885 2723 Πατρὸς,
2902 2652 3092 2720 λέγων·
3111 2651 3229 2705 Ὀτι
3247 2650 3312 2721 ζῇ
3338 2651 3368 2703 6
3390 2650 3584 2722 Πατὴρ
3602 2651 3678 2713 είς

2115 2742 2206 2795 τὸν
2242 2743 2433 2806 αἰῶνα,
2461 2744 2508 2796 εί
2539 2742 2613 2815 μὴ
2643 2745 2722 2808 είς
2753 2744 2960 2816 καιρὸν,
2990 2744 3081 2798 καὶ
3107 2744 3352 2814 καιροὺς,
3386 2743 3483 2797 καὶ
3514 2744 3677 2814 ἥμισυ

2119 2834 2333 2906 καιροῦ,
2362 2835 2420 2887 ὲν
2447 2832 2524 2904 τῷ
2565 2834 2972 2907 συντελεσθῆναι
3000 2835 3428 2909 διασκορπισμδν
3452 2837 3681 2905 γνώσον-

2119 2942 2212 2981 ται
2232 2927 2405 2982 ταῦτα
2428 2927 2625 2983 πάντα.

523 2990 709 3070 XLIII.
743 3014 897 3082 Quod
943 3031 1072 3070 vero
1108 3016 1223 3085 ipse
1254 3015 1443 3071 ambas
1474 3031 1670 3072 manus
1695 3015 2016 3081 extenderit,

2190 3015 2372 3071 XLIII.
2421 3018 2494 3071 Τὸ
2539 3014 2631 3072 οῦν
2671 3019 2906 3073 ἐκτεῖναι
2945 3019 3107 3075 αὐτὸν
3127 3019 3228 3084 τὰς
3253 3019 3345 3074 δύο
3375 3022 3585 3092 χεῖρας,
3616 3021 3680 3074 δι’

453 3125 550 3180 per
577 3110 680 3163 hoc
700 3107 1010 3176 passionem
1039 3107 1457 3171 demonstravit;
1490 3108 1631 3177 quod
1655 3116 1833 3162 autem
1861 3107 2015 3161 dixe-

452 3201 546 3266 rit,
581 3201 635 3254 in
669 3208 870 3267 tempus
896 3237 910 3262 ,
955 3207 1005 3251 et
1034 3208 1287 3267 tempora,
1325 3207 1374 3253 et
1426 3198 1705 3253 dimidium
1749 3200 2015 3269 temporis,

454 3309 573 3345 cum
603 3289 862 3359 completa
879 3290 1039 3359 fuerit
1073 3289 1347 3360 dispersio,
1381 3297 1489 3346 tres
1508 3304 1630 3347 cum
1663 3289 1886 3346 dimidio
1919 3304 2017 3344 an-

455 3399 557 3438 nos
591 3382 911 3438 Antichristi
946 3381 1289 3454 signiﬁcavit.
1328 3381 1565 3454 Tempus
1604 3384 1749 3438 enim
1789 3398 2015 3450 annum,

454 3483 510 3529 et
539 3458 783 3544 tempora
810 3474 948 3528 duos
977 3487 1171 3538 annos,
1193 3473 1476 3530 dimidium
1500 3488 1630 3529 vero
1658 3474 1914 3545 temporis
1934 3474 2017 3529 di-

456 3565 679 3620 midium
709 3566 837 3620 anni
866 3565 1138 3636 intelligit.
1185 3565 1249 3620 Hi
1286 3576 1413 3621 sunt
1441 3564 1585 3620 mille
1616 3565 1823 3620 ducenti
1847 3581 2015 3619 nona-

453 3657 605 3728 ginta
646 3656 780 3724 dies,
829 3671 970 3726 quos
1012 3653 1262 3726 praedixit
1310 3654 1532 3721 Daniel,
1571 3669 1695 3709 cum
1726 3652 2015 3723 adimpleta

456 3746 622 3804 fuerit
644 3749 849 3819 passio,
874 3758 929 3804 et
954 3748 1097 3804 facta
1126 3747 1291 3804 fuerit
1314 3746 1602 3819 dispersio,
1622 3755 1895 3816 prasente
1911 3745 2018 3800 An-

457 3842 705 3898 tichristo
729 3859 744 3909 ;
772 3841 827 3895 in
859 3840 1054 3897 diebus
1075 3840 1181 3896 illis
1202 3848 1597 3912 COgnqscentur
1613 3839 1862 3895 universa
1878 3839 2013 3894 haec.

456 3933 525 3988 Et
551 3948 581 3988 a
605 3941 844 4005 tempore
863 3975 880 4002 ,
913 3949 1021 4004 quo
1049 3934 1288 3990 ablatum
1316 3931 1480 3988 fuerit
1501 3932 1631 4004 juge
1663 3931 2013 4005 sacrificium,

455 4025 623 4081 etiam
674 4027 811 4082 dies.
852 4026 1000 4082 mille
1057 4025 1275 4081 ducenti
1322 4024 1616 4091 nonaginta
1666 4022 2016 4093 computandi

458 4127 618 4185 sunt;
670 4118 970 4173 abundabit
1020 4116 1299 4187 iniquitas,
1352 4115 1495 4170 sicut
1534 4115 1697 4169 etiam
1748 4113 2015 4184 Dominus

456 4210 591 4264 dicit
614 4228 627 4264 :
655 4208 917 4275 Quoniam
945 4206 1228 4262 abundavit
1258 4206 1532 4275 iniquitas,
1572 4204 1867 4274 relrigescet
1887 4203 2016 4258 cha-

458 4301 591 4353 ritas
618 4299 902 4352 multorum
923 4297 966 4349 ³.

2120 3107 2283 3161 αὑτοῦ
2316 3109 2376 3163 τὸ
2408 3109 2576 3175 πάθος
2609 3109 2793 3176 ἔδειξε·
2824 3111 2886 3165 τὸ
2905 3111 2961 3165 δὲ
2997 3113 3170 3165 εἰπεῖν
3200 3114 3288 3178 εὶς
3318 3112 3559 3181 καιρὸν,
3585 3111 3681 3166 καὶ

2119 3200 2382 3269 καιροὺς,
2410 3201 2508 3257 καὶ
2539 3200 2724 3272 ἣμισυ
2762 3203 2968 3271 καιροῦ
2991 3203 3062 3257 έν
3092 3202 3173 3270 τῷ
3209 3201 3683 3271 συντελεσθῆναι

2119 3290 2612 3363 διασκορπισμὸν,
2658 3293 2726 3347 τά
2756 3294 2882 3365 τρία
2930 3295 3101 3366 ἥμισυ
3143 3294 3236 3366 ἐτη
3275 3293 3370 3347 τοῦ
3417 3293 3681 3366 ’ἐπιχρί-

2121 3399 2244 3436 στου
2277 3385 2512 3456 ὲσήμανε
2536 3402 2551 3417 ·
2585 3385 2771 3457 καιρὸν
2803 3385 2910 3458 γάρ
2945 3385 3091 3454 λέγει
3118 3385 3394 3450 ἐνιαυτὸν,
3437 3386 3537 3439 καὶ
3566 3402 3682 3439 και-

2121 3478 2247 3547 ροὺς
2266 3476 2321 3531 δὲ
2356 3476 2450 3532 δύο
2485 3477 2600 3549 ἐτη,
2644 3479 2813 3550 ἥμισυ
2854 3479 2911 3533 δὲ
2951 3478 3141 3551 καιροῦ
3184 3480 3354 3550 ἥμισυ
3398 3477 3681 3533 ἐνιαυτοῦ·

2119 3563 2278 3622 αὗταί
2293 3569 2428 3622 είσιν
2456 3573 2513 3624 αἱ
2536 3571 2723 3638 χίλιαι
2747 3569 3045 3626 διακόσιαι
3067 3571 3437 3637 ἐνενήκοντα
3453 3569 3683 3640 ἡμέραι,

2117 3658 2184 3723 ἀς
2219 3663 2446 3732 προεῖπε
2485 3659 2679 3734 Δανιὴλ
2723 3662 2782 3715 ὲν
2816 3660 2894 3733 τῷ
2940 3659 3349 3731 συντελεσθῆναι
3386 3659 3457 3714 τὸ
3477 3659 3683 3725 πάθος,

2119 3751 2490 3822 καὶλγενέσθαι
2529 3751 2954 3825 διασκορπισμδν
2990 3752 3254 3825 παρόντος
3287 3749 3383 3805 τοῦ
3426 3751 3688 3827 Ἀντιχρί-

2121 3860 2274 3896 στου·
2322 3845 2381 3898 ὲν
2421 3845 2542 3907 ταῖς
2584 3843 2818 3916 ἡμέραις
2873 3843 3108 3907 ἐκείναις
3158 3841 3460 3911 γνώσονται
3517 3841 3685 3896 ταῦτα

2120 3935 2319 3988 πάντα·
2365 3935 2460 3989 καὶ
2491 3935 2598 3990 ἀπὸ
2636 3935 2825 4007 καιροῦ
2859 3933 3246 4008 παραλλάξεως
3291 3933 3387 3988 τοῦ
3424 3934 3684 4005 ἐνδελεχι-

2122 4026 2280 4099 σμοῦ,
2319 4027 2410 4081 καὶ
2443 4027 2506 4078 τὸ
2532 4026 2741 4095 ἡμέραι
2762 4028 2949 4096 χίλιαι
2986 4024 3284 4079 διακόσιαι
3322 4023 3685 4093 ἐνενήκοντα

2122 4118 2486 4190 ψηφιζόμενόν
2505 4120 2639 4172 ἐστι·
2660 4117 3088 4189 πληθυνθήσεται
3106 4118 3140 4188 ἡ
3156 4116 3376 4188 ἀνομία,
3392 4115 3581 4181 καθὼς
3598 4121 3689 4175 καὶ

2122 4208 2152 4261 6
2183 4209 2456 4279 Δεσπότης
2495 4208 2672 4277 λέγει·
2713 4207 2815 4261 Διὰ
2843 4208 2912 4261 τὸ
2952 4206 3372 4277 πληθυνθῆναι
3411 4206 3530 4275 τὴν
3562 4207 3689 4265 ἀνθ·

2117 4303 2283 4371 μίαν,
2322 4300 2658 4370 ψυγήσεται
2684 4301 2723 4369 ἡ
2754 4297 2950 4369 ἀγάπη
2969 4295 3086 4351 τῶν
3108 4294 3373 4351 πολλῶν.

526 4389 715 4444 XLIV.
758 4389 910 4456 Quod
946 4388 1090 4444 enim
1130 4386 1577 4458 prrevaricatione
1606 4385 1747 4441 facta
1774 4386 2014 4442 exciten-

2121 4368 2131 4371 -
2187 4368 2374 4444 XLIV.
2414 4368 2533 4444 Ὅτι
2574 4389 2682 4463 γάρ
2852 4385 3238 4460 παραλλάξεως
3284 4383 3587 4455 γενομένης
3620 4380 3689 4435 τὰ

458 4491 550 4534 ιιιι·
569 4480 816 4545 dissidia,
847 4479 1055 4534 nullum
1085 4479 1308 4534 dubium
1341 4486 1445 4543 est,
1470 4477 1563 4533 sed
1595 4476 1837 4531 dissidiis
1865 4490 2026 4531 exor-

460 4572 532 4627 tis
568 4573 871 4644 refrigescit
908 4572 1168 4627 ellaritas.
1213 4568 1281 4624 Et
1318 4569 1447 4625 illud
1480 4569 1711 4624 :Beatus
1736 4570 1828 4639 qui
1850 4585 2025 4639 perse-

460 4664 734 4728 veraverit,
764 4672 814 4718 et
832 4664 1119 4734 pervenerit
1151 4664 1220 4717 ad
1236 4663 1345 4717 dies
1366 4662 1508 4716 mille
1531 4670 1781 4716 trecentos
1808 4662 2028 4731 triginta

459 4754 705 4824 quinque,
754 4755 1053 4810 notandum
1099 4763 1201 4821 est,
1239 4754 1382 4810 sicut
1406 4753 1544 4808 dixit
1581 4752 1885 4809 Dominus:
1921 4751 2029 4817 Qui

460 4853 637 4898 autem
657 4847 1054 4915 perseveraverit
1093 4862 1256 4918 usque
1272 4846 1328 4900 in
1359 4846 1518 4916 ﬁnem
1536 4885 1551 4909 ,
1586 4846 1673 4899 Itic
1697 4845 1873 4899 salvus
1893 4844 2016 4899 erit.

463 4933 823 4999 Quamobrem
866 4935 1227 4992 universalem
1268 4936 1767 5007 pmvaricationem
1797 4934 2021 4989 minime

461 5035 858 5096 exspectemus,
893 5043 961 5081 ne
990 5029 1253 5098 iniquitas
1289 5028 1545 5093 abundet,
1575 5036 1631 5083 et
1667 5035 1897 5097 occupet
1919 5040 2022 5082 nos

462 5120 802 5175 abominatio
843 5120 1225 5185 desolationis,
1278 5121 1484 5177 scilicet
1530 5121 1894 5176 adversarius.
1957 5118 2023 5173 Et

462 5210 600 5265 dixit
644 5210 769 5281 ipsi,
818 5227 980 5283 usque
1020 5212 1089 5266 ad
1131 5229 1397 5282 vesperas,
1434 5212 1579 5282 quod
1626 5221 1708 5268 est
1753 5227 1926 5281 usque
1955 5210 2023 5267 ad

464 5303 1024 5370 consummationem;
1067 5313 1118 5358 et
1169 5320 1323 5358 mane
1362 5319 1381 5357 :
1407 5303 1537 5373 quid
1565 5312 1650 5359 est
1685 5303 1882 5358 mane?
1907 5303 2023 5358 dies

463 5394 903 5452 resurrectionis.
951 5396 1171 5451 Initium
1213 5398 1357 5452 enim
1413 5408 1497 5454 est
1555 5396 1776 5453 alterius
1816 5395 2025 5462 saeculi,

464 5489 917 5558 quemadmodum
956 5488 1170 5544 initium
1212 5489 1316 5546 diei
1348 5497 1433 5545 est
1473 5503 1649 5544 mane.
1687 5487 1809 5544 Dies
1842 5497 2022 5542 autem

467 5582 614 5638 mille
647 5582 1026 5654 quadringenti
1064 5591 1192 5639 sunt
1234 5583 1415 5638 lumen
1449 5581 1673 5648 mundi;
1725 5597 1848 5639 cum
1878 5581 2021 5637 enim

543 5720 564 5750 ’
593 5719 778 5776 Matth.
811 5737 965 5789 xxiv,
996 5721 1080 5777 I2.

2124 4481 2395 4554 σχίσματα
2415 4480 2656 4551 γέγονεν,
2684 4481 2784 4534 οὐκ
2797 4478 3093 4550 ἀμφίϐολον
3111 4494 3126 4509 ·
3153 4477 3260 4530 τῶν
3292 4475 3608 4547 σχισμάτων
3631 4472 3686 4526 δὲ

2121 4571 2425 4642 γενομένων
2452 4569 2723 4639 πέψυκται
2752 4573 2786 4639 ἠ
2817 4568 3004 4639 ἀγάπη
3021 4584 3037 4599 ·
3069 4568 3163 4622 καὶ
3191 4566 3256 4619 τό
3280 4582 3295 4596 ·
3328 4564 3630 4632 Μακάριος
3654 4564 3689 4616 ὁ

2070 4718 2085 4731 ,
2122 4662 2471 4731 ὑπομείνας,
2505 4659 2603 4713 καὶ
2623 4657 2860 4729 φθάσας
2879 4656 3098 4727 ἡμέρας
3128 4656 3328 4726 χιλίας
3346 4652 3688 4722 τριακοσίας

2123 4753 2438 4823 τριάκοντα
2461 4753 2658 4816 πέντε,
2687 4751 2799 4805 ἔστι
2812 4768 2914 4822 χρη
2923 4746 3150 4812 στὸν,ὡς
3169 4744 3319 4800 εἶπεν
3334 4746 3363 4798 6
3383 4744 3681 4815 Δεσπότης·

2136 4847 2199 4901 '0
2232 4846 2299 4900 δὲ
2321 4846 2645 4915 ὑπομείνας
2666 4846 2751 4909 είς
2764 4841 2936 4910 τέλος
2963 4836 3140 4906 οὗτος
3163 4837 3522 4905 σωθήσεται.
3553 4834 3687 4890 Καθ’

2124 4939 2244 4993 ὅλου
2280 4938 2457 4992 τοίνυν
2485 4936 2582 5007 τὴν
2620 4933 2953 5006 παηράλλαξιν
2992 4932 3064 5005 μὴ
3108 4930 3578 5004 παραδεξώμεθα,
3606 4929 3689 4982 ἴνα

2128 5030 2203 5101 μὴ
2224 5032 2258 5101 ἡ
2279 5029 2477 5100 ἀνομία
2502 5025 2907 5098 πληθυνθῇ,καὶ
2924 5023 3201 5104 καταλάϐῃ
3221 5024 3283 5077 τὸ
3304 5022 3576 5094 βδέλυγμα
3593 5021 3695 5090 τῆς

2130 5123 2227 5192 ὲρη
2236 5119 2478 5191 μώσεως,
2494 5118 2768 5173 τουτέστιν
2794 5118 2824 5171 6
2839 5117 3226 5188 ἀντικείμενος·
3241 5115 3337 5169 καὶ
3356 5110 3508 5167 εἶπεν
3523 5110 3687 5182 αὐτῷ·

2127 5213 2239 5279 ἕως
2287 5212 2568 5281 ἑσπέρας,
2611 5211 2856 5264 τουτέστι
2888 5209 3047 5281 μέχρι
3093 5209 3191 5281 τῆς
3219 5207 3557 5269 συντελείας·
3593 5204 3691 5258 καὶ

2130 5306 2308 5375 πρωΐ·
2354 5306 2490 5376 ὅπερ
2544 5305 2660 5358 ἐστὶ
2706 5304 2879 5376 πρωῖς
2913 5306 2947 5373 ὴ
2979 5302 3158 5374 ἡμέρα
3184 5300 3285 5371 τῆς
3314 5300 3655 5360 ἀναστάσεως
3671 5313 3698 5331 ἠ

2130 5396 2272 5468 ἁρχὴ
2302 5397 2410 5470 γάρ
2437 5397 2583 5450 ἐστιν
2619 5396 2804 5468 ἐτέρου
2836 5393 3030 5458 αἰῶνος
3050 5434 3067 5459 ,
3108 5393 3185 5457 ὡς
3213 5393 3357 5466 ἁρχὴ
3385 5392 3619 5464 ἡμέρας,
3653 5390 3695 5460 ἡ

2132 5490 2364 5562 πρωῖνή·
2382 5487 2442 5542 τὸ
2467 5487 2524 5541 δὲ
2554 5488 2763 5558 ἡμέραι
2797 5488 2985 5557 χίλιαι
3012 5486 3405 5555 τετρακόσιαι,
3438 5484 3554 5538 ἐστι
3580 5480 3695 5551 φῶς

2133 5582 2332 5654 κόσμου
2355 5601 2368 5615 ·
2414 5580 2508 5637 τοῦ
2536 5580 2643 5654 γὰρ
2677 5580 2851 5651 φωτὸς
2877 5579 3135 5649 φανέντος
3164 5579 3222 5634 ἐν
3247 5578 3327 5650 τῷ
3362 5577 3573 5650 κόσμῳ,
3596 5568 3699 5627 τοῦ
