3836 6330
151 375 237 433 669

1318 377 1607 437 SCHOLIA
1635 379 1704 435 IN
1742 378 2105 436 DANIELEM.

3222 384 3325 441 670

149 487 380 549 εἰπόντος’
422 483 568 556 Ἐγὼ
590 487 705 558 ειμι
732 488 800 543 τὸ
838 487 964 558 φῶς
1001 488 1109 544 τοῦ
1138 492 1390 561 κόσμου,
1432 496 1668 561 καθαρι-

1777 492 2080 561 apparuerit
2101 493 2191 547 lux
2215 493 2269 548 in
2301 493 2525 563 mundo,
2541 495 2774 567 (dicente
2794 497 2888 553 illo
2917 515 2930 552 :
2969 495 3077 568 Ego
3100 513 3214 551 sum
3234 497 3329 552 tua:

146 580 396 649 σθήσεται
430 578 498 633 τὸ
543 578 728 650 ἄτιον,
771 580 849 645 ὡς
888 582 1128 655 εἴρηκεν,
1155 585 1185 637 ὁ
1211 583 1651 655 ἀντικείμενοςθο

146 669 499 825 Μγςὰρ
532 670 881 743 καθαρίζεται
910 672 973 729 τὸ
998 674 1150 743 ἆγιον
1173 714 1189 740 ,
1230 673 1307 747 μὴ
1333 674 1538 730 ἐκείνου
1571 692 1668 730 κα-

150 778 285 835 tam
459 800 476 816 .

207 900 222 919 ⁶
246 897 452 956 Phrasis
484 909 739 971 corrupta
777 900 1015 958 videtur.

1017 1154 1520 1247 SCHOLIA
1594 1161 1719 1250 IN

1764 582 1970 654 mundi)
2007 583 2352 638 inundabitur
2370 588 2757 655 sanctuarium,
2773 588 2936 643 sicuti
2962 588 3120 651 dixit,
3142 587 3211 641 ab
3233 587 3328 641 ad-

1768 678 2045 744 versario;
2078 692 2420 750 nequaquam
2446 680 2591 737 enim
2616 681 2911 737 mundatur
2935 679 3327 747 sanctuarium,
3376 684 3379 687 ’

1771 771 1875 827 nisi
1904 770 1999 826 illo
2020 784 2229 827 everso.

1797 1158 2460 1249 DANIELEM.

621 1326 773 1397 (MAI,
803 1327 1136 1399 Scriptorum
1155 1338 1385 1387 ueterum
1412 1330 1662 1389 Collectio
1695 1349 1852 1401 nova,
1886 1340 1926 1387 t.
1966 1331 2006 1399 l,
2029 1349 2084 1404 p.
2116 1348 2201 1399 ιιι,
2230 1348 2285 1404 p.
2316 1331 2505 1399 29-56,
2534 1332 2777 1403 passim.)

736 1600 893 1653 ΚΕΦ.
929 1600 1008 1653 A'.

190 1699 247 1747 α’.
292 1691 382 1744 Ἐν
421 1691 541 1745 ἔτει
584 1690 758 1759 τρίτῳ
793 1690 1116 1757 ,βασιλείας
1163 1690 1439 1760 Ἰωακείμ.
1480 1690 1663 1744 Ἰππο-

136 1785 265 1839 λύτου
290 1781 415 1855 (Ἠ).
446 1780 636 1836 Ταῦτα
673 1782 771 1853 μὲν
820 1776 914 1835 οὖν
945 1783 980 1853 ή
1007 1780 1198 1854 Γραφὴ
1241 1780 1541 1853 διηγεῖται,
1575 1782 1662 1836 ἵνα

136 1879 213 1947 τήν
252 1873 615 1946 γεγενημένην
654 1872 914 1945 δευτέραν
962 1872 1338 1944 αἰχμαλωσίαν
1385 1873 1480 1927 τοῦ
1531 1872 1659 1927 λαοῦ

138 1968 343 2040 σημάνῃ,
374 1964 539 2037 ἡνίκα
573 1963 882 2037 μετῳκίσθη
913 1965 943 2018 ὅ
969 1981 1029 2018 τε
1064 1964 1322 2035 ’ῐωακεὶμ
1363 1963 1461 2017 καὶ
1491 1965 1538 2018 οἱ
1564 1965 1661 2019 σὺν

137 2058 254 2130 αύτῷ
280 2062 417 2131 τρεῖς
448 2056 639 2122 παῖδες
672 2058 788 2128 ἅμα
816 2055 895 2128 τῷ
925 2057 1121 2131 Δανιὴλ
1148 2057 1484 2128 εἰλημμένοι.

190 2152 243 2221 β’.
276 2151 377 2207 Kal
415 2150 605 2205 ἔδωκε
641 2151 879 2218 Κύριος,
901 2167 959 2204 κ.
998 2166 1050 2203 τ.
1093 2149 1146 2205 λ.
1193 2151 1311 2205 Ἵνα
1351 2151 1426 2222 μή
1471 2166 1555 2213 τις
1598 2149 1662 2202 ὲκ

137 2242 390 2313 προοιμίων
425 2242 771 2313 ἐντυγχάνων
809 2244 873 2314 τῇ
910 2240 1103 2313 βίϐλῳ,
1145 2242 1290 2313 ἰσχύϊ
1321 2240 1427 2296 τῶν
1467 2240 1660 2294 λαϐόν-

135 2350 219 2387 των
244 2331 496 2404 ἐπιτρέψῃ
528 2332 629 2404 τὴν
661 2331 822 2403 λῆψιν
861 2334 953 2386 καὶ
988 2333 1176 2405 άτονίᾳ
1203 2332 1296 2386 τοῦ
1330 2332 1664 2405 προϊσταμέ-

139 2441 234 2485 νου,
265 2424 319 2477 τὸ
344 2422 529 2478 ἔδωκε
560 2423 777 2495 τίθησι·
814 2422 993 2488 καλῶς
1036 2423 1093 2478 δὲ
1133 2423 1227 2478 καί¹
1248 2423 1365 2478 ἀπὸ
1397 2422 1621 2493 μέρους
1642 2440 1656 2453 ·

137 2515 556 2587 σωφρονιστήριον
587 2514 698 2587 γὰρ
722 2510 790 2586 ἦν
820 2517 854 2585 ἡ
885 2514 1154 2587 ἀπαγωγὴ
1172 2555 1188 2579 ,
1219 2515 1318 2571 οὐκ
1349 2515 1663 2579 ἁπόπτωσις

139 2607 298 2671 παντὸς
337 2606 427 2660 τοῦ
471 2605 697 2671 ἔθνους,
741 2606 829 2661 ἴνα
873 2606 947 2680 μὴ
995 2606 1285 2680 μετάθεσις
1335 2606 1434 2677 τῆς
1485 2605 1664 2670 αἰτίας

139 2713 338 2769 γενηται.

197 2795 253 2856 η’.
305 2788 409 2842 Καί
451 2787 625 2842 ἔθετο
685 2788 906 2858 Δανιὴλ
950 2789 1021 2843 ἐν
1059 2788 1136 2858 τῇ
1186 2788 1398 2857 καρδίᾳ
1454 2786 1659 2843 αὑτοῦ.

146 2877 437 2932 Ἱππολύτου.
483 2875 557 2933 Ὦ
609 2881 892 2954 μακαρίων
924 2880 1020 2952 τὴν
1064 2880 1327 2953 διαθήκην
1358 2880 1466 2935 τῶν
1499 2880 1664 2934 πατέ-

142 2985 226 3038 ρων
249 2939 622 3038 φυλαξάντωνξ
655 2939 870 3026 καὶτὸν
906 2939 995 3026 διά
1021 2939 1299 3037 Μωῡσὲωὲ
1325 2973 1545 3026 δοθέντα
1575 2972 1663 3026 νό-
1689 2939 1733 3001 (ἶ

144 3076 219 3128 μον
242 3062 306 3132 μή
336 3064 730 3136 παραϐάντων,
759 3062 893 3117 ἀλλὰ
915 3065 1006 3118 τὸν
1035 3064 1101 3118 δι’
1132 3063 1294 3118 αὐτοῦ
1328 3065 1663 3137 κυρυττόμεο

142 3150 332 3204 νονΘεὸν
351 3152 677 3225 φοϐηθέντες
689 3153 826 3223 (sic)'
842 3148 987 3207 οὗτοι
999 3152 1330 3224 αἰχμάλωτοι
1351 3154 1406 3206 ὲν
1420 3156 1489 3224 γῇ
1508 3152 1665 3206 ἁλλο-

143 3241 240 3312 τρία
253 3242 596 3314 ὑπάρχοντες,
631 3243 692 3297 ού
718 3244 969 3317 βρώμασι
995 3245 1256 3310 ποικίλοις
1280 3244 1660 3318 ἠπατήθησαν,

143 3329 234 3382 οὐδὲ
261 3330 389 3385 οἰνου
417 3334 638 3404 ⁴ἡδοναῖς
670 3332 1036 3405 ἐδουλώθησαν
1056 3374 1071 3399 ,
1107 3335 1227 3388 οὐδὲ
1256 3334 1381 3408 δόξῃ
1412 3334 1662 3405 βασιλικῇ

143 3417 483 3491 ἑδελεάσθησαν
521 3422 867 3495 ἁρπαγέντες
886 3440 901 3454 ο
946 3424 1213 3495 ἐτήρησαν
1257 3423 1312 3476 δὲ
1353 3423 1413 3476 τὸ
1460 3422 1663 3476 ἑαυτῶν

142 3509 269 3577 divin
306 3515 396 3568 καὶ
435 3513 912 3588 καθαρὸνστόμα,
959 3516 1108 3580 ὅπως
1146 3514 1383 3588 καθαρὸς
1413 3515 1569 3584 λόγος
1601 3517 1665 3568 ὲκ

146 3603 380 3671 στομάτων
408 3605 670 3678 καθαρῶν
702 3606 973 3679 προέλθῃ,
1018 3609 1113 3662 καὶ
1142 3608 1351 3679 άνυμνῇ
1385 3607 1452 3661 δι’
1486 3606 1664 3662 αὐτῶν

144 3694 212 3747 τὸν
234 3698 537 3771 ἐπουράνιον
563 3701 803 3774 Πατέρα.

198 3785 270 3855 ιβ’.
302 3791 602 3861 Πειρασον
630 3792 700 3847 δὲ
729 3793 872 3861 τοὺς
904 3792 1120 3861 παῖδάς
1147 3809 1284 3849 σου.
1330 3792 1663 3849 Ἱππολύτου.

146 3875 447 3935 Διδάσκουσιν
488 3882 577 3935 ὅτι
618 3882 695 3955 μὴ
734 3882 996 3955 βρώματα
1032 3882 1249 3953 ἐπίγεια
1289 3882 1372 3955 εἴη
1415 3881 1485 3936 τά
1527 3900 1669 3955 παρ-

144 3968 296 4037 ἔχοντα
340 3972 652 4045 ἀνθρώποις
699 3974 896 4040 κάλλος
946 3975 1042 4031 καὶ
1091 3977 1276 4048 ἰσχὺν,
1328 3974 1462 4030 ἀλλὰ
1509 3976 1668 4049 χάρις

144 4059 249 4113 Θεοῦ
287 4063 368 4118 διά
390 4066 568 4136 Λόγου
609 4066 945 4140 δωρουμένη.
986 4068 1098 4122 Kal
1119 4069 1246 4137 μετ’
1279 4068 1475 4138 ὀλίγα·
1515 4062 1667 4132 Εἶδες

146 4149 289 4207 πίστιν
317 4156 518 4210 παίδων
541 4156 892 4227 ἀπαράϐατον
934 4157 1028 4211 καί
1061 4157 1223 4227 φόϐον
1248 4155 1379 4211 Θεοῦ
1410 4155 1669 4228 ἀμετάθε-

146 4257 236 4341 ωνθ
258 4245 379 4300 δέκα
404 4247 629 4341 ήμερῶν
657 4248 854 4341 χρόνου
874 4248 1146 4341 διάστημα
1172 4249 1467 4321 ᾐτήσαντο,
1493 4249 1581 4302 ἵνα
1610 4249 1667 4302 ὲν
1698 4286 1743 4341 D

146 4334 284 4407 τούτῳ
328 4340 632 4408 ὲπιδείξωσι
683 4341 758 4413 μὴ
801 4340 1057 4395 δύνασθαι
1116 4340 1321 4412 ἑτέρως
1382 4340 1667 4412 ἄνθρωπον

148 4427 269 4498 παρὰ
293 4430 419 4486 Θεοῦ
452 4432 761 4505 κτήσασθαι
786 4435 964 4507 χάριν,
1004 4436 1053 4488 εί
1090 4434 1164 4506 μὴ
1197 4433 1274 4505 τῷ
1303 4433 1391 4488 διά
1425 4433 1523 4488 τοῦ
1555 4435 1671 4488 Κυ-

152 4516 240 4585 ρίου
260 4525 643 4596 κηρυσσομένῳ
668 4525 810 4596 λόγῳ
839 4525 1220 4579 πιστεύσωσιν.

204 4609 274 4665 ιϐ’.
294 4615 395 4667 Kal
417 4619 534 4684 οὐχ
557 4615 892 4684 εὑρέθησαν
909 4616 979 4669 ἐκ
1007 4614 1248 4668 πάντων·
1270 4612 1465 4669 αὐτῶν
1488 4613 1675 4682 ὅμοιοι

150 4701 349 4770 domu.
405 4707 743 4763 Ἱππολύτου.
791 4706 1026 4771 Τούτους
1071 4706 1169 4778 μὲν
1222 4706 1280 4760 ἐν
1324 4706 1472 4777 πάσῃ
1515 4704 1677 4777 σοφίᾳ

150 4788 346 4861 ὁΛόγος
388 4798 631 4869 προῆγε,
686 4796 966 4869 μάρτυρας
1016 4796 1239 4859 πιστοὺς
1292 4796 1349 4849 ὲν
1389 4793 1666 4851 Βαϐυλῶνι

149 4876 484 4955 δεικνυμένους
507 4904 521 4918 δ
557 4887 645 4940 ῖνα
671 4886 738 4940 δι’
766 4884 942 4940 αὐτῶν
964 4885 1071 4938 τῶν
1101 4883 1455 4939 Βαϐυλωνίων
1481 4883 1551 4938 τὰ
1581 4900 1669 4936 σε-

151 4970 364 5045 ίάσματα
427 4978 826 5051 καταισχυνθῇ,
883 4977 981 5032 καὶ
1039 4976 1502 5051 Ναϐουχοδονόσορ
1562 4975 1669 5031 ὑπὸ

207 5112 304 5185 (Ἠ)
330 5114 385 5191 S_.
415 5115 685 5191 Hippolyti
713 5118 768 5191 in
803 5117 1077 5191 Danielcm
1110 5118 1315 5191 scholia
1344 5132 1453 5173 non
1488 5117 1673 5172 omnia

152 5194 176 5231 ι
204 5198 273 5258 Ine
300 5187 560 5248 eduntur.
589 5187 711 5258 qua:
743 5188 798 5243 in
843 5187 1102 5243 Vaticano
1129 5188 1636 5258 codiceoccurrunt
1655 5228 1673 5254 ,

155 5250 229 5328 θαι
270 5269 327 5319 ea
367 5258 569 5328 delecta
607 5250 997 5314 tantummodo
1026 5273 1147 5328 qua:
1185 5257 1425 5328 nondum
1455 5250 1672 5326 vulgata

157 5318 360 5401 fuerunt:
392 5325 605 5401 _Quippe
651 5339 776 5384 alite
807 5344 909 5401 _m_e
943 5318 1173 5401 parient
1194 5328 1362 5401 edidit
1403 5318 1671 5401 insignem

153 5388 728 5474 Combelisiusfnempe
754 5398 820 5474 ad
851 5388 1116 5474 Susanna:
1159 5397 1463 5474 historiam.
1495 5388 1675 5474 Parti-

155 5459 252 5540 cui:
278 5463 395 5529 item
426 5459 678 5536 quadarn
701 5469 924 5540 recitata
953 5466 1130 5521 fuerat
1157 5466 1226 5520 al)
1257 5466 1545 5540 Anastasio
1582 5464 1672 5540 Si-

156 5535 277 5607 t-aita
322 5535 505 5604 quaest.
555 5552 754 5602 xum;
804 5537 911 5592 alia
959 5550 1155 5591 rursus
1199 5550 1231 5591 a
1285 5536 1534 5607 Syncello
1579 5535 1666 5589 ed.

154 5606 276 5687 Palu,
302 5628 356 5680 ιι.
377 5613 508 5687 @18.
527 5613 834 5687 Quin_adeo
858 5610 1085 5687 frustum
1111 5606 1377 5687 quoddam
1406 5606 1681 5687 profertur

160 5678 344 5734 etiam'a
377 5678 628 5737 Corderio
658 5681 845 5737 Calen.
887 5681 943 5735 in
972 5679 1060 5734 Ps.
1092 5678 1199 5734 ιόιιι
1263 5678 1350 5741 Ill,
1382 5694 1503 5748 pag.
1540 5678 1677 5748 951]

164 5762 262 5823 tilla!
284 5751 450 5823 omnia
492 5752 782 5823 fragmenta
811 5750 1011 5820 colligit
1038 5751 1092 5803 in
1136 5764 1231 5823 sua
1266 5746 1530 5823 Hippolyti
1554 5746 1681 5823 _cdi-

169 5815 287 5873 tione
310 5815 597 5877 Fabricius.“
615 5823 815 5884 PaL-ter
840 5815 999 5890 quain
1035 5820 1179 5888 quod
1215 5815 1471 5873 nonnuna
1499 5817 1678 5880 etiam,

1687 1609 1730 1664 Β

2418 1594 2572 1652 CAP.
2623 1594 2664 1649 Ι.

1832 1690 1898 1746 V.
1956 1692 2008 1747 1.
2060 1719 2130 1731 -
2178 1690 2330 1744 Anno
2377 1690 2530 1744 tertio
2572 1689 2719 1760 regni
2758 1686 2987 1743 Joacim.
3032 1687 3326 1762 Hippolyti.

1762 1780 1889 1836 Haec
1914 1780 2056 1836 enim
2093 1779 2370 1850 Scriptura
2413 1787 2628 1846 narrat,
2671 1788 2732 1834 ut
2760 1780 3053 1836 secundam
3096 1782 3327 1851 captivi-

1760 1880 1927 1927 tatem
1948 1872 2132 1943 populi
2158 1872 2442 1936 indicaret,
2461 1887 2583 1927 cum
2603 1872 2657 1926 in
2675 1882 2873 1930 terram
2890 1872 3123 1927 alienam
3146 1881 3328 1928 trans-

1762 1965 1862 2020 iret
1907 1964 2114 2019 Joacim
2156 1972 2211 2019 et
2256 1978 2378 2018 cum
2420 1978 2486 2018 eo
2539 1972 2651 2018 tres
2688 1962 2869 2033 pueri,
2914 1958 3187 2039 simulque
3224 1964 3297 2016 Da

1761 2058 1890 2125 niel,
1926 2056 1994 2112 ab
2026 2056 2277 2112 hostibus
2305 2055 2470 2125 capti.

1832 2149 1899 2207 V.
1937 2150 2086 2207 2.-
2112 2149 2179 2204 Et
2213 2148 2433 2202 tradidit
2482 2147 2758 2213 Dominus,
2802 2154 2906 2202 etc.
2956 2145 3027 2201 Ut
3064 2160 3226 2202 nemo
3262 2159 3328 2200 cx

1761 2242 1985 2297 exordio
2015 2239 2161 2312 quod
2205 2240 2334 2311 legit
2374 2239 2429 2294 in
2468 2239 2628 2304 libro,
2669 2239 2722 2292 vi
2767 2248 3231 2309 Oppugnatorum,
3276 2245 3332 2292 et

1761 2335 1932 2389 fracto
1954 2332 2137 2387 animo
2160 2339 2619 2402 propugnatorum
2634 2328 3087 2399 expugnationem
3102 2329 3326 2395 tribuat,

1762 2424 1878 2479 haec
1920 2423 2085 2479 verba
2129 2430 2179 2476 et
2234 2420 2457 2476 tradidit
2503 2419 2784 2490 subiunxit
2816 2417 3144 2489 Scriptura:
3192 2418 3330 2473 bene

1762 2524 1940 2571 autem
1962 2522 2016 2569 et
2037 2531 2103 2569 ex
2130 2523 2281 2583 parte
2320 2527 2339 2565 :
2373 2512 2729 2567 correctionis
2753 2511 2898 2565 enim
2921 2525 3084 2565 causa
3115 2509 3330 2565 decreta

1760 2604 1867 2662 fuit
1894 2606 2321 2677 transmigratio,
2356 2619 2462 2658 non
2503 2611 2683 2656 autem
2732 2602 2890 2656 ruina
2926 2601 3091 2656 totius
3132 2601 3328 2670 gentis,

1765 2702 1825 2749 ut
1859 2711 1965 2751 non
1989 2710 2168 2750 causa:
2189 2692 2417 2748 mutatio
2444 2693 2611 2746 tierct.

1832 2787 1900 2841 ν.
1948 2787 2003 2841 8.
2030 2785 2410 2855 -Ρνοροειιὶι
2462 2795 2635 2837 autent
2686 2781 2872 2835 Daniel
2914 2782 2970 2835 in
3019 2781 3174 2834 corde
3209 2796 3326 2835 suo.

1763 2876 2055 2949 Hippolyti.
2087 2877 2133 2933 Ο
2164 2877 2307 2932 beati
2340 2877 2433 2947 qui
2474 2882 2854 2931 testamentum
2890 2881 3102 2943 patrum
3144 2883 3329 2928 custo-

1763 2970 2021 3036 dierunt,
2067 2969 2237 3040 legem
2286 2984 2318 3023 a
2379 2967 2562 3039 Moyse
2606 2968 2788 3022 datam
2827 2980 2935 3020 non
2976 2966 3324 3034 transgressi.
3386 2959 3394 2967 ’

1764 3064 1859 3119 sed
1897 3063 1966 3119 ab
2001 3077 2067 3119 eo
2087 3063 2467 3117 annuntiatum
2504 3059 2672 3115 Deum
2714 3059 3004 3114 timentes':
3038 3058 3094 3112 hi
3132 3058 3327 3128 captivi

1766 3158 1820 3213 in
1851 3166 1993 3211 terra
2019 3155 2193 3210 aliena
2225 3170 2333 3209 non
2364 3154 2503 3209 cibis
2530 3154 2696 3208 variis
2721 3152 2928 3208 seducti
2959 3150 3199 3216 fuerunt,
3231 3166 3329 3204 ne-

1763 3264 1870 3320 que
1889 3248 1998 3303 vini
2023 3247 2390 3317 voluptatibus
2414 3244 2739 3312 servierunt,
2768 3259 2944 3315 neque
2969 3243 3136 3298 etiam
3161 3242 3331 3313 gloria

1766 3342 1911 3413 regia
1939 3340 2137 3406 allecti,
2166 3340 2221 3394 in
2254 3339 2449 3408 laqueo
2483 3337 2789 3393 inciderunt
2814 3355 2826 3390 :
2851 3344 3204 3392 servaverunt
3231 3349 3330 3388 au-

1767 3443 1872 3490 tem
1906 3449 1969 3490 05
1991 3449 2149 3489 suum
2187 3440 2396 3488 castum
2422 3441 2474 3484 et
2504 3445 2723 3500 purum,
2761 3438 2821 3483 111.
2851 3444 3021 3498 purus
3052 3441 3232 3482 $8me
3262 3441 3331 3480 ex

1766 3542 1861 3583 ore
1892 3541 2030 3598 puro
2061 3535 2248 3591 exeat,
2279 3532 2334 3579 et
2374 3521 2608 3578 celebret
2633 3536 2733 3593 per
2774 3521 2879 3576 hoc
2906 3519 3181 3575 caelestem
3223 3515 3331 3572 Pa-

1765 3627 1924 3674 trem.
2032 3636 2038 3642 '

1843 3770 1907 3826 ν.
1945 3771 2032 3825 12.
2059 3800 2131 3812 -
2154 3768 2319 3824 Tento
2350 3784 2467 3834 nos,
2495 3766 2725 3832 obsecro,
2754 3781 2926 3822 servos
2961 3775 3099 3818 tuos.
3131 3761 3332 3832 Hippo-

1766 3864 1883 3938 lyti.
1909 3862 2115 3919 Docent
2155 3861 2299 3932 quod
2332 3876 2440 3916 non
2473 3859 2582 3916 cibi
2619 3866 2903 3919 terrestres
2928 3858 3057 3912 dant
3096 3852 3335 3909 homini-

1767 3957 1871 4014 bus
1898 3951 2356 4028 pulchritudinem
2387 3966 2452 4007 ac
2498 3951 2687 4016 robur,
2730 3947 2825 4005 sed
2867 3946 3038 4017 gratia
3080 3943 3198 4010 Dei,
3236 3957 3333 4013 per

1768 4047 2005 4105 Verbum
2038 4047 2193 4103 nobis
2219 4061 2500 4103 concessa.
2545 4043 2615 4099 Et
2644 4041 2804 4113 paulo
2834 4047 2950 4111 post
2976 4053 2996 4092 :
3024 4035 3219 4092 Vidisti
3267 4036 3333 4090 ti-

1769 4142 1891 4198 dem
1920 4155 2213 4212 puerorum
2240 4140 2515 4204 invictam,
2544 4145 2600 4193 et
2621 4135 2871 4191 timorem
2900 4130 2997 4186 Dei
3023 4128 3335 4184 immutabi-

1773 4236 1898 4290 lem.
1925 4233 2208 4304 Temporis
2234 4246 2443 4287 moram
2478 4230 2664 4285 decem
2700 4225 2910 4282 dierum
2948 4223 3248 4295 petierunt,
3273 4230 3335 4274 ut

1771 4327 1827 4382 in
1867 4326 1970 4380 hoc
2009 4331 2382 4379 monstrarent
2422 4336 2529 4375 non
2576 4333 2736 4390 posse
2778 4316 2936 4371 aliter
2983 4313 3261 4368 hominem
3300 4328 3333 4366 a

1774 4420 1885 4475 Deo
1912 4416 2158 4472 obtinere
2188 4415 2416 4485 gratiam
2437 4452 2454 4479 ,
2484 4412 2591 4466 nisi
2615 4410 2779 4466 verbo
2809 4423 2903 4479 per
2930 4404 3218 4460 Dominum
3243 4418 3336 4457 an-

1775 4512 2020 4567 nuntiato
2051 4508 2259 4566 credat.
3262 4570 3265 4573 _

1848 4602 1912 4657 V.
1938 4603 2026 4658 19.
2051 4632 2119 4644 --
2150 4598 2275 4654 Non
2315 4606 2437 4652 sunt
2477 4594 2668 4650 inventi
2705 4592 2835 4647 tales
2869 4591 2934 4645 de
2965 4589 3246 4653 universis,
3275 4596 3333 4640 ut

1775 4695 1986 4751 Daniel.
2013 4692 2309 4763 Hippolyti.
2339 4690 2517 4745 Hosce
2545 4687 2767 4758 quidem
2800 4685 2851 4738 in
2887 4683 3035 4737 omni
3070 4678 3334 4751 sapientia

1777 4788 2007 4844 Verbum
2039 4787 2280 4851 deduxit,
2314 4792 2482 4840 testes
2511 4780 2695 4837 ﬁdeles
2722 4779 2774 4832 in
2816 4776 3087 4849 Babylone
3121 4772 3337 4843 exposi-

1770 4889 1879 4946 tos,
1905 4889 1966 4935 ut
1997 4894 2090 4949 per
2119 4893 2215 4933 eos
2241 4875 2659 4947 Babyloniorum
2676 4872 2817 4927 idola
2840 4870 3132 4925 induantur
3154 4868 3338 4926 confu-

1771 4974 1955 5039 sione;
1977 4980 2035 5026 ut
2049 4968 2546 5024 Nabuchodonosor
2565 4982 2597 5022 a
2617 4965 2790 5022 tribus
2802 4964 2986 5035 pueris
3003 4964 3271 5029 vincatur,
3283 4974 3337 5016 ct

1774 5129 1899 5186 quae
1927 5111 1981 5165 in
2010 5108 2278 5180 Hippolyti
2303 5120 2465 5186 opere
2492 5104 2570 5160 De
2595 5105 2922 5186 Antichrif'to
2950 5113 3000 5186 _et
3019 5103 3123 5186 ﬁne
3150 5103 3335 5186 ηιιιηιίί

1775 5171 2131 5247 scribuntur;
2167 5171 2295 5233 cum
2338 5171 2464 5246 ejus
2503 5177 2909 5247 commentariis
2952 5171 3027 5247 in;
3056 5171 3330 5247 D_anielem

1776 5242 2119 5321 congruunt.
2180 5248 2300 5321 A_lia
2368 5242 2497 5300 olim
2582 5245 2927 5321 fragmenta_
2962 5242 3334 5321 divulgayerat

1775 5308 2176 5392 Bro'dghtonus.
2211 5308 2703 5392 Locumpraeterea
2730 5313 3019 5392 quemdam
3048 5308 3334 5392 ex’ﬂippo-

1773 5393 1884 5455 lyto
1912 5382 1962 5445 ﬁ.
1998 5389 2134 5444 Dan.
2166 5388 2359 5443 recitat
2394 5382 2700 5441 Eustratius
2729 5382 2868 5455 apud
2905 5384 3065 5437 Allat.
3092 5382 3144 5455 _in
3170 5393 3334 5455 opere

1825 5479 1852 5516 e
1880 5468 2089 5531 purgat.
2120 5474 2173 5529 p.
2207 5458 2333 5513 492.
2367 5456 2607 5525 Denique
2638 5451 2794 5531 aetate
2836 5451 3244 5531 nostr_a._vir_clr..
3264 5451 3333 5504 de

1775 5520 2311 5601 Magistrispartem
2362 5520 2557 5601 novam
2611 5525 2941 5601 scholiorum
2979 5520 3267 5601 liippolyti‘
3302 5538 3335 5575 ο

1773 5589 2031 5658 (ἱίιὶὲίιιιιο
2058 5589 2374 5668 ΐοίιιίεοιαιο
2405 5597 2609 5668 codice
2641 5610 2764 5668 cum
2811 5589 3193 5668 numerum
3228 5589 3335 5646 Da-

1775 5670 1933 5725 nielis
1996 5662 2441 5738 interpr'etatione
2495 5666 2772 5738 excitavit.
2832 5662 3173 5738 Novissimns
3232 5679 3332 5738 ego

1775 5742 1909 5795 tanti
1972 5733 2207 5793 doctoris
2254 5747 2307 5792 et
2356 5736 2991 5807 Inartyrisﬂscriptorum
3040 5733 3331 5807 particulas

1774 5812 2047 5866 vindicare
2079 5810 2130 5864 in
2167 5809 2337 5863 lucem
2370 5805 2596 5878 gaudeo.
2631 5805 2757 5861 Man.
