3876 6340
472 370 573 424 671

1351 364 1409 422 S.
1450 365 1817 423 HlPPOLYTI
1854 368 2004 425 OPP.
2043 367 2223 427 PARS
2256 366 2297 425 l.
2336 398 2406 409 -—
2431 364 2838 425 EXEGETICA.

3500 330 3507 333 ’
3607 365 3712 421 673

474 506 570 559 per
595 488 810 543 illorum
845 487 1004 542 [idem
1036 487 1177 557 ignis
1206 486 1261 542 in
1291 485 1517 543 fornace
1547 500 1818 559 arceatur,
1843 499 1899 547 et
1919 505 2039 546 cor-

2144 488 2311 562 τριῶν
2343 486 2548 543 παίδων
2580 487 2783 558 ἡττηθῇ
2805 526 2820 550 ,
2867 486 2960 540 καὶ
3003 484 3094 541 διὰ
3133 486 3335 542 τούτων
3378 485 3614 552 πίστεως
3650 488 3716 542 τὺ

473 594 757 651 ruptorum
790 580 1068 634 seniorum
1098 580 1240 633 victa
1271 578 1438 635 libido
1466 590 1746 652 arguatur.

1133 753 1287 809 CAP.
1315 753 1379 808 ll.

545 850 607 906 Υ.
639 851 692 905 3.
716 879 788 891 —
821 848 942 903 Vidi
967 848 1249 903 somnium.
1276 847 1570 920 Hippolyti.
1602 848 1889 905 Somnium
1916 850 2040 921 qui-

470 944 590 998 dem
614 960 641 996 a
669 958 797 1014 rege
818 942 1020 1005 visum,
1053 956 1159 996 non
1189 950 1305 996 erat
1335 950 1608 1009 terrestre,
1639 950 1701 998 ut
1731 958 1830 1014 per
1852 944 2040 999 mundi

470 1036 743 1105 sapientes
770 1035 1247 1103 interpretaretur;
1295 1033 1386 1087 sed
1435 1040 1554 1089 erat
1601 1033 1849 1100 caeleste,
1883 1034 2040 1105 juxta

469 1126 565 1183 Dei
592 1127 926 1181 voluntatem
970 1135 1026 1180 et
1071 1124 1465 1195 providentiam
1513 1140 1756 1196 congruo
1800 1134 2041 1197 tempore

467 1221 769 1290 impletum.
789 1218 1057 1288 —ltaque
1092 1217 1194 1273 hoc
1221 1217 1452 1273 celatum
1482 1226 1566 1273 est
1587 1219 1862 1274 terrestria
1891 1219 2040 1290 cogi-

467 1312 711 1367 tantibus
726 1311 1059 1376 hominibus,
1074 1310 1509 1380 utquacrentibus
1520 1310 1784 1374 coelestia,
1797 1312 2036 1367 coelestia

464 1403 722 1474 mysteria
754 1400 1146 1457 revelarentur.
1187 1400 1242 1455 In
1271 1400 1506 1473 Egypto
1545 1402 1690 1457 enim
1733 1401 2037 1458 Pharaonis

461 1504 517 1550 et
544 1492 768 1563 Josephi
801 1501 1045 1563 tempore
1074 1493 1272 1549 similia
1298 1492 1439 1550 facta
1466 1503 1615 1550 sunt.

537 1671 602 1726 ν.
633 1672 688 1728 5.
711 1700 784 1713 -
807 1670 992 1727 Sermo
1024 1673 1230 1727 recessit
1256 1689 1290 1727 a
1322 1689 1423 1728 me.
1453 1673 1746 1748 Hippolyti.
1764 1674 1917 1732 Visio
1944 1693 2034 1734 ce-

459 1764 566 1820 lata
605 1765 707 1819 fuit
754 1764 888 1835 regi,
936 1773 995 1819 ut
1036 1779 1069 1820 a
1112 1762 1224 1822 Deo
1261 1767 1466 1824 electus
1521 1767 1709 1824 Daniel
1765 1771 2021 1840 propheta

457 1873 580 1913 eam
599 1859 928 1929 explicaret;
953 1874 1075 1928 quae
1100 1862 1245 1916 enim
1276 1863 1397 1918 aliis
1418 1863 1611 1928 celata,
1637 1865 1704 1919 ab
1725 1836 1832 1920 alio
1862 1836 2018 1921 reve-
2052 1836 2093 1891 Β

460 1949 660 2014 lantur,
684 1954 995 2013 necessario
1019 1950 1337 2023 prophetam
1380 1969 1506 2010 eum
1534 1954 1888 2012 manifestam
1928 1956 2022 2028 qui

459 2040 683 2095 revelat.

525 2222 593 2279 γ.
631 2224 716 2278 l0.
738 2254 811 2264 ——
830 2224 1211 2296 Respondentes
1243 2242 1364 2298 ergo
1395 2225 1634 2283 Chaldaei
1675 2243 1852 2282 coram
1888 2242 2022 2297 rege,

454 2314 701 2369 dixerunt
725 2332 744 2370 :
773 2314 893 2370 Non
921 2326 998 2370 est
1050 2318 1203 2371 homo
1235 2334 1391 2387 super
1421 2328 1639 2382 terram,
1674 2327 1777 2374 etc.
1826 2316 2026 2387 Hippo-

454 2407 571 2477 lyti.
597 2405 735 2472 Quia
761 2407 906 2463 enim
940 2408 1280 2478 impossibile
1308 2411 1562 2466 dixerunt
1593 2410 1661 2464 ab
1684 2410 1901 2465 homine
1924 2409 2026 2463 hoc

453 2501 703 2565 narrari,
750 2501 895 2572 quod
940 2517 1036 2556 rex
1088 2504 1490 2565 sciscitabatur,
1543 2503 1862 2559 monstravit
1916 2502 2022 2558 illis

453 2592 619 2660 Deus,
646 2596 791 2664 quod
836 2610 922 2651 res
965 2597 1109 2666 apud
1147 2595 1393 2651 homines
1425 2595 1803 2665 impossibilis,
1845 2597 2023 2666 possi-

350 2702 359 2705 '
452 2690 579 2745 bilis
608 2700 692 2746 est
714 2692 855 2763 apud
878 2690 1070 2747 Deum.

526 2781 589 2836 ν.
621 2782 707 2837 14.
731 2810 803 2823 -
827 2782 902 2836 Ab
937 2780 1127 2836 Arioch
1162 2779 1514 2850 archimagiro
1555 2777 1826 2847 (Vulgata,
1875 2778 2021 2848 prin-

450 2874 566 2943 cipe
595 2874 848 2944 militiaa).
877 2873 1171 2944 Hippolyti.
1204 2871 1273 2926 Ut
1297 2871 1441 2925 enim
1471 2886 1683 2941 coquus
1706 2871 1889 2923 omnia
1912 2871 2025 2923 ani-

451 2966 615 3019 malia
647 2965 848 3020 occidit
875 2976 928 3020 et
955 2966 1163 3035 coquit,
1193 2965 1273 3019 sic
1295 2965 1398 3018 iste
1419 2963 1814 3033 archimagirus
1835 2962 2020 3017 eodem

452 3055 617 3110 modo
643 3073 657 3108 :
691 3063 747 3110 et
782 3055 1056 3125 principes
1085 3054 1270 3109 mundi
1300 3054 1557 3109 occidunt
1587 3054 1855 3122 homines,
1883 3054 2024 3111 sicut

452 3147 849 3200 irrationabilia
878 3147 1133 3200 animalia
1171 3146 1530 3216 coquiuantes
1560 3160 1677 3201 eos.

523 3234 586 3290 V.
620 3236 711 3291 9.5.
734 3265 806 3278 —
832 3236 973 3302 Quia
1002 3236 1316 3306 sapientiam
1356 3244 1407 3290 et
1438 3233 1805 3306 fortitudinem
1834 3234 2026 3289 dedisti

452 3329 598 3382 mihi.
655 3326 950 3398 Hippolyti.
993 3325 1217 3397 Oportet
1264 3341 1395 3396 ergo
1437 3342 1540 3382 nos
1583 3325 1898 3381 meminisse
1933 3325 2026 3385 Dei

450 3418 871 3484 misericordiae,
908 3419 1184 3488 quomodo
1231 3418 1390 3473 bonis
1433 3427 1489 3473 et
1531 3417 1847 3473 timentibus
1900 3433 2024 3470 eum

447 3512 699 3582 protinus
727 3527 847 3567 sese
876 3513 1078 3567 revelat
1096 3520 1149 3567 et
1177 3519 1467 3578 monstrat,
1486 3512 1718 3581 implens
1747 3510 2027 3567 orationes

447 3619 499 3659 et
529 3604 816 3673 petitiones
853 3619 1070 3669 eorum,
1104 3604 1246 3659 sicut
1286 3605 1544 3674 propheta
1565 3604 1733 3659 dicit:
1769 3602 1900 3668 Quis
1937 3620 2027 3657 sa-

447 3692 613 3759 piens,
641 3699 691 3744 et
746 3690 1004 3763 intelliget
1050 3693 1191 3747 ista?
1235 3692 1556 3764 intelligens,
1582 3702 1630 3746 et
1698 3694 1825 3747 sciet
1879 3692 2027 3747 lucc?

449 3781 593 3853 (Ose.
627 3796 742 3849 nv,
779 3779 891 3853 10.)

520 3869 585 3927 V.
603 3871 695 3929 27.
711 3903 783 3913 —
796 3872 1092 3945 Sapientes,
1112 3876 1273 3945 magi,
1297 3877 1560 3945 aruspices
1577 3885 1853 3947 nequeunt,
1872 3885 2021 3933 etc...

449 3962 739 4037 Hippolyti.
786 3965 955 4023 Docet
994 3983 1176 4040 regem
1224 3984 1333 4023 non
1383 3968 1525 4040 apud
1575 3969 1822 4025 homines
1852 3979 2023 4025 terre-

446 4062 589 4109 stres
631 4056 874 4112 caelestia
926 4059 1183 4129 mysteria
1218 4058 1554 4132 investigari,
1605 4075 1728 4130 quae
1771 4060 2024 4131 congruis

444 4147 788 4215 temporibus
820 4164 851 4202 a
879 4147 990 4204 Deo
1013 4150 1383 4218 perﬁcientur.

518 4237 584 4292 ν.
619 4236 711 4292 29.
731 4267 801 4278 —-
828 4237 927 4302 Tu,
946 4256 1059 4303 rex,
1078 4242 1309 4311 cogitare
1338 4243 1558 4312 coepisti.
1591 4243 1881 4318 Hippolyti.
1911 4244 2020 4301 Rex

445 4328 557 4395 ille,
590 4329 846 4386 dominus
871 4340 1029 4385 terrae
1068 4330 1307 4404 Egypti,
1344 4332 1546 4389 Judzeae
1580 4337 1817 4407 regionis
1847 4336 2022 4390 domi-

444 4431 550 4488 tor,
581 4432 635 4478 et
663 4423 850 4494 populi
878 4423 998 4493 ejus
1028 4424 1349 4494 captivator,
1385 4426 1676 4497 cogitabat,
1707 4428 1835 4483 dum
1878 4439 2022 4486 esset

445 4513 499 4567 in
535 4514 674 4569 lecto
700 4530 801 4571 suo
828 4516 959 4586 quid
993 4527 1283 4570 venturum
1314 4529 1431 4572 erat
1466 4529 1587 4587 post
1624 4521 1737 4575 haec
1762 4538 1776 4574 ε
1803 4522 1895 4591 qui
1920 4538 2018 4576 au-
2050 4550 2092 4605 Ι)

441 4611 551 4657 tem
590 4606 774 4661 omnia
820 4607 1140 4663 abscondita
1187 4611 1503 4679 cognoscit,
1556 4619 1610 4666 et
1664 4613 2018 4682 cogitationes

441 4696 691 4751 cordium
739 4708 1036 4766 scrutatur,
1074 4702 1447 4758 ntanil‘estavit
1492 4705 1541 4759 ei
1592 4721 1688 4776 per
1730 4707 2016 4780 imaginem

441 4808 564 4862 qua:
592 4790 774 4851 futura
817 4805 980 4853 sunt:
1019 4798 1304 4855 abscondit
1339 4811 1519 4856 autem
1549 4803 1597 4857 ei
1632 4802 1917 4872 visionem,
1949 4821 2019 4861 ne

441 4900 472 4939 a
506 4885 847 4956 sapientibus
874 4888 1169 4962 Babylonis
1198 4889 1293 4947 Dei
1328 4894 1558 4948 consilia
1596 4895 1856 4965 explicari
1889 4912 2017 4967 pos-

441 4987 584 5045 sent,
617 4979 710 5036 sed
752 4989 813 5036 ut
858 4998 889 5036 a
932 4982 1091 5038 beato
1142 4983 1384 5049 Danielc,
1422 4986 1570 5041 velut
1602 4987 1862 5057 propheta
1899 4986 2014 5054 Dei,

440 5087 563 5143 qua:
590 5072 847 5130 omnibus
873 5074 1189 5132 abscondita
1219 5086 1397 5144 erant,
1433 5078 1866 5135 manilestentur.

511 5330 573 5389 V.
613 5331 1021 5390 3l.-—Ecce...
1053 5342 1233 5388 statua
1276 5352 1381 5391 una
1430 5335 1669 5410 grandis.
1716 5337 2008 5412 Hippolyti.

437 5424 723 5493 Quomodo
755 5441 865 5481 non
892 5426 1243 5483 recordemur
1262 5444 1384 5499 qua.
1412 5432 1713 5502 antiquitus
1740 5432 2011 5505 Babylone

442 5518 632 5576 Daniel
661 5522 1024 5594 prophetavit,
1050 5530 1108 5578 et
1135 5523 1356 5579 nuncin
1376 5524 1507 5579 orbe
1529 5524 1764 5594 perlecta
1782 5525 1806 5579 ?
1827 5527 2012 5597 Imago

435 5611 581 5664 enim
616 5612 673 5666 in
702 5614 806 5670 isto
835 5625 1077 5686 tempore
1104 5623 1407 5670 monstrata
1435 5616 1547 5685 regi
1579 5614 2010 5673 Nabuchodono-

437 5716 552 5768 sor,
590 5711 748 5774 typus
795 5715 912 5762 erat
958 5705 1129 5762 totius
1176 5707 1384 5764 mundi.
1431 5705 1488 5760 in
1526 5708 1860 5778 temporibus
1901 5709 2008 5765 illis

438 5795 735 5866 regnabant
762 5812 924 5868 super
946 5812 1137 5854 omnes
1162 5796 1462 5869 Babylonii,
1480 5798 1575 5868 qui
1601 5807 1763 5871 caput
1780 5814 2003 5858 aureum

2142 583 2201 634 ἐν
2234 580 2449 651 καμίνῳ
2474 578 2585 651 πῦρ
2611 577 2916 650 φυγαδευθῇ
2934 620 2949 645 ,
2977 579 3070 634 καὶ
3098 577 3204 632 τῶν
3234 579 3456 651 ἀνόμων
3478 579 3716 653 πρεσϐυ-

2142 669 2315 742 τέρων
2349 669 2593 741 ματαίως
2624 669 2658 741 ή
2692 668 2956 740 ἐπιθυμία
2982 668 3228 743 ἐλεγχθῇ.

2800 759 2938 810 ΚΕΦ
2974 757 3051 816 Β¹.

2210 854 2281 917 γ’.
2322 848 2777 919 Ἐνυπνιάσθην.
2812 850 3147 908 Ἱππολύτου.
3194 853 3269 907 Τὸ
3316 853 3415 926 μὲν
3459 849 3555 909 οὖν
3588 854 3715 909 ἐνύ-

2141 954 2292 992 πνιον
2323 938 2383 991 τὸ
2422 939 2527 992 ύπὸ
2556 939 2648 993 τοῦ
2683 939 2945 1011 βασιλέως
2977 942 3307 1015 ἑωραμένον,
3350 944 3452 999 οὐκ
3482 940 3551 1017 ἦν
3589 946 3715 999 ἐπί-

2139 1047 2319 1100 γειον,
2354 1030 2442 1085 ἵνα
2474 1032 2580 1085 ὑπὸ
2608 1032 2717 1087 τῶν
2752 1033 2847 1087 τοῦ
2892 1036 3096 1106 κόσμου
3144 1037 3321 1106 σοφῶν
3365 1037 3673 1111 ἐρμηνευθῇ
3700 1055 3718 1070 ⁸

2137 1122 2252 1176 ἀλλ’
2279 1118 2346 1193 ἦν
2372 1112 2691 1196 ἐπουράνιον
2710 1165 2725 1190 ,
2753 1125 2894 1180 κατὰ
2926 1125 3061 1181 Θεοῦ
3093 1127 3284 1201 βουλὴν
3318 1130 3413 1184 καὶ
3453 1132 3717 1202 πρόνοιαν

2140 1215 2287 1280 ίδίοις
2310 1219 2521 1287 καιροῖς
2552 1204 2923 1290 πληρούμενον
2942 1236 2956 1250 θ
2995 1219 3091 1273 καὶ
3121 1220 3208 1274 διὰ
3229 1220 3386 1276 τοῦτο
3419 1222 3716 1294 ἀπεκρύϐη

2139 1307 2238 1379 μὲν
2265 1308 2372 1362 ἀπὸ
2398 1308 2505 1362 τῶν
2538 1308 2607 1363 τὰ
2642 1310 2859 1379 ἐπίγεια
2892 1310 3229 1382 φρονούντων
3261 1312 3596 1386 ἀνθρώπων,
3623 1314 3721 1369 ἵνα

2133 1404 2246 1465 τοῖς
2279 1401 2346 1455 τὰ
2379 1403 2681 1473 ἐπουράνια
2712 1402 2971 1475 ζητοῦσι,
3001 1403 3075 1458 τὰ
3107 1405 3404 1477 ἐπουράνια
3438 1408 3719 1478 μυστήρια

2133 1493 2523 1566 ἀποκαλυφθῇ*
2556 1495 2649 1549 καὶ
2686 1496 2795 1568 γὰρ
2840 1497 2897 1550 ἐν
2933 1496 3193 1568 Αἰγύπτῳ
3228 1497 3322 1550 ἐπὶ
3366 1498 3461 1553 τοῦ
3508 1496 3718 1571 (tapeti)

2133 1586 2228 1640 καὶ
2257 1586 2351 1643 τοῦ
2389 1586 2587 1659 Ἰωσὴφ
2618 1588 2686 1642 τά
2715 1589 2876 1660 ὃμοια
2907 1589 3224 1661 γεγένηται.

2200 1683 2262 1732 ε’.
2322 1678 2375 1732 Ὀ
2409 1679 2591 1749 λόγος
2622 1681 2722 1735 ἀπ’
2757 1668 2904 1752 ἐμοῦ
2944 1682 3199 1753 ἀπέστη.
3240 1684 3575 1740 Ἱππολύτου.
3611 1688 3714 1742 Διά

2130 1768 2289 1823 τοῦτο
2324 1770 2612 1843 ἀπεκρύϐη
2655 1772 2716 1826 τὸ
2746 1772 2928 1845 ὅραμα
2959 1772 3071 1827 ἀπὸ
3097 1774 3190 1828 τοῦ
3222 1774 3514 1847 βασιλέως,
3548 1779 3636 1833 ῖνα
3680 1783 3710 1835 6

2129 1860 2233 1915 ὑπὸ
2262 1860 2398 1917 Θεοῦ
2429 1862 2669 1932 ἐκλεγεὶς
2714 1864 2915 1938 Δανιὴλ
2947 1867 3234 1939 προφήτης
3261 1866 3338 1922 ὢν
3368 1868 3669 1942 ἀποδειχθῇ
3692 1870 3706 1884 ⁸

2128 1954 2230 2008 ὅσα
2253 1953 2361 2027 γὰρ
2396 1954 2505 2010 ἀπὸ
2540 1956 2637 2027 μὲν
2663 1956 2867 2029 ’ἐτέρων
2899 1958 3350 2030 ἀποκέκρυπται,
3382 1960 3489 2013 ὑπὸ
3516 1962 3709 2033 ἐτέρου

2127 2044 2185 2099 δὲ
2220 2045 2584 2119 φανεροῦται,
2623 2046 2684 2115 ἐξ
2724 2048 2970 2122 ἀνάγκης
2998 2053 3286 2124 προφήτης
3322 2052 3709 2108 ἀποδείκνυται

2128 2136 2157 2189 6
2182 2136 2375 2208 λέγων.

2205 2235 2254 2282 ι’.
2291 2229 2403 2283 Καὶ
2435 2229 2743 2300 λέγουσιν,
2793 2234 2915 2288 Οὐκ
2951 2232 3123 2287 ἔστιν
3154 2233 3482 2303 ἄνθρωπος.
3522 2235 3709 2290 Ἰππο-

2128 2322 2307 2376 λύτου.
2360 2323 2512 2376 Ἐπεὶ
2556 2319 2648 2378 οῦν
2693 2325 2953 2380 ἀδύνατον
3003 2326 3212 2396 ἔφασαν
3258 2326 3363 2380 ὑπὸ
3412 2326 3701 2398 ἀνθρώπου

2128 2410 2288 2467 τοῦτο
2330 2411 2585 2484 λεχθῆναι
2631 2412 2694 2467 τὸ
2744 2414 2849 2468 ὑπὸ
2890 2413 2984 2469 τοῦ
3030 2415 3294 2487 βασιλέως
3336 2414 3703 2489 ζητούμενον,

2129 2503 2399 2572 ἐπέδειξεν
2441 2505 2626 2570 αὐτοῖς
2672 2506 2701 2558 ὁ
2747 2505 2912 2573 Θεὸς,
2957 2507 3041 2561 ὄτι
3085 2506 3151 2561 τά
3195 2507 3350 2579 παρά
3398 2509 3707 2581 ἀνθρώποις

2130 2595 2396 2663 ἀδύνατα,
2420 2597 2591 2651 ταῦτα
2618 2596 2676 2652 δι.
2693 2598 2817 2653 θατά
2844 2593 2984 2653 εἶναι
3017 2586 3170 2670 παρά
3193 2599 3330 2671 Θεῷ.

2200 2772 2279 2827 ιδ’.
2330 2770 2539 2842 Ἀριὼχ
2564 2770 2644 2837 τῷ
2671 2772 3086 2843 ἀρχιμαγείρῳ.
3128 2772 3469 2831 Ἱππολύτου.
3498 2774 3707 2852 Ὠσπερ

2127 2864 2234 2936 γὰρ
2266 2865 2294 2917 6
2324 2863 2589 2935 μάγειρος
2623 2863 2801 2918 πάντα
2841 2864 2911 2919 τὰ
2956 2864 3071 2929 ζῶα
3114 2864 3329 2937 ἀναιρεῖ
3369 2867 3465 2921 καὶ
3516 2886 3707 2939 μαγει-

2130 2955 2294 3028 ρεύει,
2322 2953 2465 3010 οὕτω
2497 2955 2747 3020 κάκεῖνος
2779 2955 2856 3027 τῷ
2885 2954 3032 3027 αὐτῷ
3061 2956 3267 3027 τρόπῳο
3303 2959 3401 3013 καὶ
3427 2959 3478 3012 ot
3513 2960 3709 3031 ἄρχον-

2125 3064 2215 3111 τες
2240 3047 2332 3102 τοῦ
2367 3047 2570 3118 κόσμου
2603 3047 2888 3120 ἀναιροῦσι
2913 3050 3039 3113 τοὺς
3061 3049 3406 3121 ἀνθρώπους,
3433 3051 3511 3115 ὡς
3543 3054 3706 3122 ἄλογα

2127 3137 2243 3204 ζῶα
2272 3138 2688 3211 μαγειρεύοντες
2715 3139 2932 3205 αὐτούς.

2200 3230 2320 3283 Ὅτι
2363 3229 2589 3299 σοφίαν
2627 3230 2728 3284 καὶ
2755 3230 3014 3301 δύναμιν
3036 3230 3265 3299 ἔδωκάς
3290 3251 3413 3303 μοι.
3452 3233 3705 3287 Ἱππολύ-

2125 3337 2241 3377 του.
2268 3323 2361 3375 Δεῖ
2389 3319 2483 3377 οὖν
2508 3325 2648 3377 νοεῖν
2680 3325 2829 3395 ἡμᾶς
2858 3323 2958 3394 τὴν
2985 3323 3081 3376 τοῦ
3114 3323 3248 3379 Θεοῦ
3283 3325 3702 3397 εὐσπλαγχνίαν,

2128 3413 2243 3478 πῶς
2275 3417 2388 3478 τοῖς
2417 3414 2588 3481 ἀξίοις
2614 3416 2709 3468 καὶ
2743 3414 3099 3488 φοϐουμένοις
3131 3417 3293 3471 αὐτὸν
3323 3419 3540 3490 ταχέως
3571 3420 3702 3473 ἀπο·

2126 3505 2390 3559 καλύπτει
2435 3508 2530 3561 καὶ
2572 3509 2826 3579 φανεροῖ,
2875 3507 3209 3580 ἀποπληρῶν
3251 3509 3349 3573 τάς
3389 3526 3451 3563 τε
3494 3510 3703 3582 δεήσεις

2126 3600 2218 3653 καὶ
2251 3599 2318 3654 τὰ
2348 3601 2625 3672 αἰτήματα
2653 3599 2832 3654 αὐτῶν
2856 3639 2870 3665 ,
2897 3599 2973 3664 ὡς
3009 3601 3041 3652 6
3079 3603 3368 3674 προφήτης
3392 3602 3573 3672 λέγει·
3612 3605 3701 3668 Τίς

2125 3689 2350 3760 σοφὸς,
2394 3690 2496 3744 καὶ
2535 3688 2795 3756 συνήσει
2836 3689 3060 3754 ταῦτα;
3093 3690 3192 3745 καὶ
3219 3691 3533 3760 ἄνθρωπος
3561 3708 3700 3746 συν-

2124 3782 2289 3848 ετὸς,
2322 3782 2421 3836 καὶ
2454 3782 2746 3853 γνώσεται
2773 3782 2990 3849 ταῦτα;

2196 3870 2299 3936 κζ’.
2349 3875 2471 3927 Οὐκ
2522 3873 2653 3928 ἐστι
2703 3871 2910 3942 σοφῶν
2942 3873 3171 3945 μάγων.
3222 3874 3566 3929 Ἱππολύτου.
3608 3878 3696 3929 Δισ-

2122 3961 2309 4017 δάσκει
2340 3964 2430 4017 τὸν
2457 3962 2683 4033 βασιλέα
2718 3963 2792 4035 μὴ
2828 3965 2982 4035 παρά
3014 3964 3315 4038 ἀνθρώπων
3343 3968 3609 4037 ἐπιγείων
3638 3970 3699 4022 τὰ

2124 4050 2417 4123 ἐπουράνια
2453 4055 2726 4123 μυστήρια
2765 4052 3065 4124 ἐπιζητεῖν,
3119 4055 3263 4127 άπερ
3306 4055 3501 4129 ἔμελλε
3558 4059 3698 4123 ἰδίοις

2123 4144 2333 4213 καιροῖς
2358 4142 2463 4195 ὑπὸ
2487 4142 2621 4196 Θεοῦ
2643 4143 3024 4199 ἐπιτελεῖσθαι.

2193 4233 2294 4287 κθν.
2324 4233 2409 4287 Σὺ
2425 4234 2716 4298 βασιλεῦ·
2761 4237 2817 4289 οἱ
2856 4237 3134 4307 λογισμοί
3171 4251 3306 4291 σου.
3355 4237 3692 4291 Ἱππολύτου.

2123 4323 2230 4379 Τοῦ
2262 4324 2371 4399 γὰρ
2407 4325 2668 4396 βασιλέως
2703 4329 3077 4400 κρατήσαντος
3113 4328 3211 4400 μὲν
3242 4328 3344 4400 τῆς
3391 4330 3498 4401 γῆς
3538 4327 3695 4398 Αίγύ-

2122 4434 2280 4482 πτου,
2322 4417 2423 4490 τὴν
2469 4418 2527 4472 δὲ
2572 4418 2834 4474 Ἰουδαίαν
2877 4419 3063 4493 χώραν
3109 4420 3523 4493 παραλαϐόντος
3543 4461 3561 4487 ,
3608 4420 3696 4473 καὶ

2120 4511 2210 4565 τὸν
2246 4510 2373 4564 λαὸν
2416 4512 2857 4585 μετοικήσαντος,
2896 4511 3222 4582 διελογίζετο
3249 4514 3343 4567 ἐπὶ
3381 4513 3483 4585 τῆς
3515 4513 3696 4584 κοίτης

2118 4600 2215 4668 ὢν,
2240 4603 2293 4656 τί
2325 4603 2434 4676 ἄρα
2467 4604 2616 4660 ἔσται
2659 4605 2798 4677 μετά
2826 4605 3018 4660 ταῦτα·
3059 4608 3087 4660 6
3122 4605 3179 4659 δὲ
3211 4606 3281 4660 τὰ
3313 4606 3537 4678 κρυπτά
3566 4605 3697 4659 πάν-

2117 4711 2224 4747 των
2251 4696 2615 4767 ἐπιστάμενος
2642 4699 2734 4753 καὶ
2760 4700 2890 4762 τοὺς
2910 4697 3295 4770 διαλογισμοὺς
3319 4696 3431 4751 τῶν
3458 4697 3693 4771 καρδιῶν

2116 4786 2374 4857 ἐρευνῶν,
2408 4789 2755 4862 ἀπεκάλυψεν
2794 4790 2943 4862 αὐτῷ
2972 4790 3064 4845 διά
3094 4791 3195 4861 τῆς
3228 4791 3435 4856 εἰκόνος
3464 4792 3537 4846 τὰ
3575 4792 3694 4846 £56-

2120 4897 2278 4951 μενα·
2321 4881 2597 4953 ἐπέκρυψε
2633 4881 2690 4936 δὲ
2738 4886 2868 4956 παρ’
2912 4882 3081 4936 αὑτοῦ
3127 4883 3190 4937 τὸ
3222 4883 3436 4955 ὅραμα,
3484 4886 3573 4939 ἵνα
3620 4887 3691 4958 μὴ

2115 4971 2221 5026 ὑπὸ
2248 4973 2355 5027 τῶν
2380 4971 2559 5043 σοφῶν
2590 4973 2904 5038 Βαϐυλῶνος
2944 4976 3013 5028 τά
3049 4974 3144 5029 τοῦ
3172 4974 3308 5028 Θεοῦ
3346 4974 3690 5049 βουλεύματα

2115 5064 2516 5135 ἐρμηνευθῆναι
2533 5065 2757 5137 δυνηθῇ,
2778 5065 2893 5120 ἀλλ’
2919 5068 3024 5120 ὑπὸ
3049 5066 3140 5121 τοῦ
3170 5069 3444 5141 μακαρίου
3470 5071 3691 5144 Δανιὴλ,

2115 5154 2208 5210 ἀτε
2238 5159 2521 5228 προφήτης
2538 5157 2631 5212 τοῦ
2648 5156 2804 5225 Θεοῦ,
2824 5158 2893 5213 τὰ
2913 5160 3077 5214 πᾶσιν
3100 5162 3570 5237 ἀποκεκρυμμένα
3594 5184 3693 5235 φα-

2112 5248 2346 5320 νερωθῇ.

2180 5338 2280 5393 λα’.
2314 5339 2460 5395 Ἰδοὺ
2479 5338 2654 5395 εἰκὼν
2670 5343 2780 5412 pla
2795 5342 3049 5413 μεγάλη.
3079 5344 3420 5401 Ἱππολύτου.
3444 5347 3576 5411 Πῶς
3599 5344 3694 5403 οῦν

2110 5432 2171 5485 οὐ
2204 5430 2279 5504 μὴ
2304 5432 2584 5503 νοήσωμεν
2611 5432 2680 5487 τά
2704 5433 2869 5489 πάλαι
2895 5434 3172 5490 Βαϐυλῶνι
3201 5437 3309 5491 ὑπὸ
3332 5437 3536 5512 Δανιὴλ
3556 5456 3691 5510 προ-

2110 5524 2441 5595 φητευμένα,
2469 5525 2564 5580 καὶ
2583 5524 2677 5580 νῦν
2707 5525 2787 5579 ἔτι
2808 5527 2867 5581 ἐν
2896 5527 3085 5600 κόσμῳ
3116 5528 3495 5602 πληρούμενα;
3521 5532 3554 5602 ή
3578 5532 3686 5604 γὰρ

2108 5616 2271 5670 εἰκὼν
2301 5616 2333 5686 ή
2366 5614 2487 5670 κατ’
2517 5618 2724 5670 ἐκεῖνον
2745 5616 2837 5672 τὸν
2864 5618 3053 5692 καιρὸν
3073 5619 3343 5690 δειχθεῖσα
3372 5622 3452 5692 τῷ
3472 5623 3685 5677 Ναϐου-

2111 5706 2419 5780 χοδονόσορ,
2463 5708 2632 5762 τύπον
2680 5713 2920 5783 περιεῖχε
2961 5709 3057 5765 τοῦ
3099 5711 3299 5776 παντὸς
3344 5714 3574 5786 κόσμου’
3623 5716 3684 5767 ἐν

2107 5794 2189 5871 οἷς
2233 5803 2438 5873 καιροῖς
2479 5799 2790 5857 ἐϐασίλευον
2842 5804 2963 5860 τότε
2996 5803 3211 5860 πάντων
3242 5806 3293 5859 οἱ
3321 5804 3672 5872 Βαϐυλώνιοι,
