3876 6340
157 367 245 424 673

1311 353 1602 411 SCHOLIA
1637 353 1703 408 IN
1737 354 1821 408 DA
1831 350 2106 408 NIELEM.

3253 355 3356 414 671

157 490 218 549 ὠς
243 479 425 551 κεφαλὴ
447 477 615 550 χρυσῆ
647 477 743 548 τῆς
775 473 978 538 εἰκόνος
1007 474 1361 546 ὑπάρχοντες·
1398 474 1521 528 ἐπεὶ
1559 475 1675 544 μετ’

1779 481 1974 528 statuae
2007 479 2162 526 erant
2193 487 2204 522 :
2233 466 2429 523 deinde
2459 477 2580 539 post
2611 469 2734 525 illos
2772 468 3037 526 dominati
3069 482 3196 527 sunt
3225 471 3360 528 Per-

159 576 324 638 αύτοὺς
363 572 659 644 ἐκράτησαν
688 570 894 641 Πέρσαι
932 569 1024 622 ἐπὶ
1060 569 1154 638 ἔτη
1196 575 1335 638 σμε’,
1363 569 1438 632 ὡς
1469 566 1683 621 δεικνύ-

159 689 226 725 ναι
253 668 450 729 τούτους
479 665 568 718 τὸν
606 663 856 734 ἄργυρον·
885 663 1196 733 ἐκράτησαν
1220 661 1276 714 δὲ
1309 662 1401 714 καὶ
1424 659 1683 729 ’Έλληνες

158 762 409 837 ἀρξάμενοι
456 757 559 812 ἀπὸ
611 754 953 824 Ἀλεξάνδρου
997 752 1094 806 τοῦ
1128 753 1434 816 Μακεδόνος
1467 753 1558 804 ἐπὶ
1585 752 1680 823 ἐτη

155 854 414 928 τριακόσια·
452 851 526 914 ὡς
561 845 694 902 εἶναι
726 847 952 910 τούτους
999 845 1089 899 τὸν
1121 845 1318 916 χαλκόν
1338 860 1351 874 ·
1398 843 1536 915 μετὰ
1563 842 1684 896 τού-

155 963 255 1009 τους
288 944 546 1012 Ῥωμαῖοι,
571 939 775 1010 κνῆμαι
806 937 1021 1009 σιδηραῖ
1048 937 1149 1006 τῆς
1180 937 1385 998 εἰκόνος
1413 935 1682 1006 ὑράρχον-

153 1055 242 1100 τες,
270 1034 461 1104 ἰσχυροὶ
491 1033 660 1096 ὄντες,
690 1030 765 1094 ὡς
797 1029 1035 1102 σίδηρος·
1068 1029 1257 1082 ἔπειτα
1294 1026 1541 1082 δάκτυλοι
1581 1044 1680 1080 πο-

153 1125 236 1179 δῶν
262 1125 506 1195 ὔστρακον
551 1120 642 1174 καὶ
697 1119 934 1191 σίδηρος,
968 1119 1055 1172 ἵνα
1095 1116 1378 1187 δειχθῶσιν
1425 1117 1482 1168 αἰ
1507 1115 1680 1187 δημοο·

153 1215 333 1287 κρατίαι
354 1215 406 1268 αἰ
430 1211 714 1284 μέλλουσαι
745 1208 1028 1278 γίγνεσθαι
1055 1207 1426 1278 διαιρούμεναι
1455 1209 1536 1270 εἰς
1554 1207 1681 1268 τοὺς

155 1317 179 1361 ι’
201 1305 457 1369 δακτύλους
486 1305 586 1374 τῆς
609 1303 836 1368 εἰκόνος,
868 1305 926 1358 ἐν
958 1295 1041 1366 οἷς
1061 1300 1210 1354 ἔσται
1235 1299 1448 1372 σίδηρος
1475 1299 1679 1370 ἀναμε-

155 1398 372 1471 μιγμένος
401 1396 475 1468 τῷ
504 1397 776 1470 ὀστράκῳ.

204 1491 585 1558 λα’Ἒθεώρεις,
612 1510 664 1544 κ.
690 1509 742 1545 τ.
768 1491 816 1544 λ.
834 1487 1552 1558 Ἀπολλιναρίου.”Ε6λεπεν,
1569 1485 1664 1540 καὶ

149 1583 253 1636 ὡσεὶ
275 1582 476 1653 ἀνδριὰς
497 1579 596 1645 εἷς⁹
618 1578 685 1652 ἦν
718 1582 830 1657 γὰρ
861 1582 1034 1652 τούτῳ
1069 1581 1144 1644 ὡς
1183 1579 1317 1650 πρὸς
1343 1579 1432 1632 τὸν
1456 1578 1663 1650 ὁρῶντα

151 1675 225 1742 οὐχ
237 1672 560 1743 ὑποκείμενόν
580 1690 656 1735 τι,
670 1671 782 1725 ἀλλ’
803 1671 1056 1742 ὁμοίωσις
1073 1669 1386 1740 φαινομένη·
1409 1670 1456 1720 εἰ
1477 1668 1532 1721 δὲ
1545 1667 1662 1739 (sic)

153 1765 225 1818 καὶ
255 1763 440 1817 πολλῶν
485 1763 597 1833 ἔχει
643 1763 834 1816 ἕνωσιν
882 1764 940 1816 έν
976 1761 1152 1832 ἐαυτῷ
1188 1761 1327 1814 ὥστε
1363 1761 1463 1814 οὐκ
1498 1760 1665 1823 ὅντως

1789 580 1862 620 sa:
1887 564 2045 619 annis
2076 562 2326 618 ducentis
2345 562 2702 632 quadraginta
2725 563 3000 634 quinque;
3031 565 3236 620 indicat
3264 583 3362 622 eos

1785 667 2068 729 argentum
2111 675 2124 711 :
2168 664 2488 727 potestatem
2543 672 2671 710 vero
2723 658 3031 713 habuerunt
3073 659 3245 715 Graeci
3292 663 3362 716 ab

1785 751 2099 806 Alexandro
2131 749 2422 804 Macedone
2451 749 2612 803 annis
2636 749 2926 816 trecentis;
2957 749 3058 819 ipsi
3086 766 3160 805 tes
3184 761 3358 808 erant.

1784 840 1915 897 Post
1948 843 2050 898 hos
2075 841 2328 906 Romani,
2353 857 2512 897 crura
2556 840 2730 896 ferrea
2763 851 2976 907 statuae,
3007 844 3214 899 robusti
3257 845 3360 900 viri

1786 944 1844 989 ut
1880 933 2123 990 ferrum:
2159 934 2353 990 deinde
2383 934 2534 1004 digiti
2574 935 2804 1003 pedum,
2849 943 2985 992 testa
3015 945 3068 992 et
3110 937 3314 992 ferrum
3343 957 3357 994 :

1789 1035 1846 1079 ut
1878 1035 2313 1082 monstrarentur
2337 1025 2681 1081 democratiaa
2706 1025 2901 1082 futura:
2919 1068 2934 1093 ,
2973 1028 3162 1083 divisze
3183 1030 3237 1084 in
3262 1031 3358 1085 de-

1783 1136 1899 1176 cem
1933 1121 2133 1192 digitos
2175 1128 2388 1184 statuze,
2435 1119 2489 1172 in
2532 1119 2736 1188 quibus
2765 1120 2870 1174 erit
2900 1119 3102 1175 ferrum
3135 1122 3358 1178 mistum

1782 1221 1954 1267 ιεειω.

1856 1487 1915 1543 ν.
1945 1488 2031 1543 51.
2080 1489 2335 1554 Videbas,
2377 1503 2480 1548 etc.
2514 1491 2856 1560 Apollinarii.
2895 1490 3043 1561 (Non
3078 1510 3196 1548 vero
3225 1493 3356 1565 Hip-

1779 1578 1965 1649 polyti.
2008 1577 2113 1632 llic
2149 1580 2212 1632 de
2249 1580 2341 1632 illo
2389 1582 2581 1634 mentio
2624 1591 2827 1635 tantum
2871 1583 2983 1652 ﬁt.)
3023 1585 3357 1652 Aspiciehat,

1777 1680 1829 1723 et
1876 1685 2002 1725 ecce
2039 1671 2195 1740 quasi
2236 1679 2411 1725 statua
2459 1688 2603 1725 una:
2647 1681 2764 1726 erat
2814 1675 2958 1727 enim
2995 1689 3175 1730 coram
3221 1677 3356 1744 illo,

1777 1778 1883 1815 non
1915 1772 1972 1816 ut
2001 1763 2173 1817 cuivis
2196 1764 2484 1832 spectatori
2517 1763 2720 1832 aliquid
2752 1765 3080 1832 expositum,
3119 1766 3210 1820 scd
3242 1777 3360 1822 erat

147 1845 224 1913 εἷς,
253 1852 398 1916 πολὺς
429 1853 458 1904 6
490 1851 714 1924 ἀνδριὰς
747 1853 972 1914 ἐκεῖνος·
1008 1850 1115 1904 τῶν
1150 1851 1256 1921 γὰρ
1289 1850 1476 1904 πασῶν
1517 1850 1672 1920 βασι-

1778 1869 2044 1922 apparens
2095 1853 2300 1922 imago:
2351 1864 2403 1907 et
2453 1854 2746 1907 multorum
2797 1855 2959 1908 habet
2997 1856 3258 1909 unitatem
3301 1857 3356 1910 in

145 1939 270 1993 λειῶν
295 1938 426 2012 εἶχεν
457 1941 959 2011 ἀνακεφαλαίωσιν·
989 1941 1084 1992 καὶ
1114 1939 1342 1992 εύείδεια
1378 1938 1540 1991 αὑτοῦ
1572 1955 1670 1990 πε-

147 2033 272 2102 ρισσὴ
291 2032 367 2084 διὰ
396 2032 492 2103 τὴν
522 2032 684 2099 δόξαν
716 2031 822 2084 τῶν
853 2029 1135 2101 βασιλέων·
1168 2031 1260 2085 καὶ
1291 2033 1323 2101 ἡ
1359 2029 1540 2101 μορφὴ
1573 2031 1672 2084 αύ-

144 2122 216 2175 τοῦ
248 2123 429 2194 φοϐερά
457 2124 543 2177 διὰ
590 2123 690 2194 τὴν
725 2123 988 2187 ἐξουσίαν.
1023 2121 1278 2186 Εὐσέϐιος
1316 2125 1344 2174 6
1386 2122 1671 2192 Παμφίλου

145 2215 218 2268 καὶ
251 2216 539 2280 Ἱππόλυτος
561 2218 590 2270 6
613 2214 915 2286 ἀγιὼτατος
939 2213 1234 2277 ἐπίσκοπος
1274 2213 1490 2284 Ῥώμης
1519 2215 1673 2266 ἀπει-

147 2304 328 2368 κάζουσι
371 2306 463 2378 τὴν
496 2307 868 2378 προκειμένην
907 2305 1001 2360 τοῦ
1035 2305 1498 2377 Ναϐουχοδονόσορ
1537 2307 1669 2376 ὅρα-

147 2415 210 2450 σιν
246 2402 300 2469 τῇ
335 2398 421 2452 τοῦ
467 2401 753 2470 προφήτου
785 2397 983 2470 Δανιὴλ
1023 2397 1276 2468 ὀπτασίᾳ·
1328 2397 1513 2467 ἐπειδὴ
1559 2398 1675 2450 δια-

147 2490 287 2561 φόρως
314 2492 403 2562 τὴν
435 2491 813 2564 προκειμένην
851 2491 1084 2562 Θεωρίαν
1116 2489 1364 2557 ἐξέλαϐον
1392 2492 1441 2543 oi
1469 2491 1672 2561 ταύτην

149 2584 547 2653 ἰρμηνεύσαντες,
599 2586 897 2653 ἀναγκαῖον
933 2584 1262 2655 ἐλογισάμην
1295 2583 1552 2637 Εὐσεϐίου
1578 2584 1671 2638 τοῦ

149 2673 425 2743 Καισαρείας
455 2673 548 2728 τοῦ
598 2674 830 2745 ἐπίκλην
871 2673 1156 2744 Παμφίλου
1192 2672 1530 2744 παραθέσθαι
1562 2691 1673 2743 φω-

148 2764 217 2828 νὰς
240 2766 507 2836 εἰρημένας
535 2765 598 2818 ὲν
628 2765 1095 2836 πεντεκαιδεκάτῳ
1139 2765 1288 2836 τόμῳ
1311 2765 1409 2836 τῆς
1435 2767 1673 2836 εὐαγγε-

145 2854 278 2923 λικῆ(
308 2856 676 2922 Ἀποδείξεως
698 2858 837 2928 (72),·
861 2852 1012 2921 οὗτος
1038 2857 1146 2928 γὰρ
1176 2858 1356 2912 πᾶσαν
1385 2857 1674 2928 ἐκθέμενος

143 2947 218 3015 τὴν
233 2948 395 3020 ὅρασιν
415 2949 588 3013 οὕτως
622 2949 1140 3020 φησί·-Ἡγοῦμαι
1159 2951 1330 3004 ταῦτα
1367 2949 1532 3022 μηδὲν
1560 2951 1674 3003 δια-

144 3038 290 3109 φέρειν
315 3040 406 3110 τῆς
434 3041 527 3095 τοῦ
557 3043 844 3114 προφήτου
876 3042 1128 3112 θεωρίας·
1155 3043 1230 3106 ὡς
1258 3043 1366 3114 γὰρ
1396 3046 1424 3096 ὀ
1462 3046 1667 3116 προφή-

143 3145 217 3194 της
256 3130 506 3187 θάλασσαν
565 3131 720 3204 ἐώρα
774 3133 1049 3204 μεγάλην,
1114 3132 1286 3196 οὕτως
1335 3135 1364 3186 6
1419 3134 1668 3204 βασιλεὺς

143 3190 285 3272 εἰκόνα
325 3223 544 3295 πολλήν·
609 3190 702 3278 καὶ
739 3190 898 3278 πάλίν
928 3190 1006 3288 ὡις
1036 3190 1079 3278 ’ὁ
1121 3190 1430 3298 προφητης.
1449 3226 1594 3298 ἑώρα
1695 3190 1736 3245 C

141 3311 282 3382 θηρία,
310 3314 444 3386 ἆπερ
489 3314 815 3387 ἑρμηνεύων
850 3315 1146 3386 μετέϐαλεν
1176 3320 1257 3381 εἰς
1297 3319 1338 3371 δ’
1373 3317 1669 3388 βασιλείας,

144 3401 278 3467 οὕτως
311 3408 338 3458 6
382 3407 641 3478 βασιλεὺς
683 3407 781 3471 τὰς
811 3408 899 3461 διὰ
929 3408 1023 3462 τοῦ
1068 3409 1268 3480 χρυσοῦ
1297 3411 1393 3464 καὶ
1428 3412 1670 3484 ἀργύρου

142 3496 211 3547 καὶ
245 3497 424 3568 χαλκοῦ
470 3501 566 3554 καὶ
617 3501 861 3572 σιδήρου,
899 3501 1169 3573 τέσσαρας
1216 3501 1491 3572 βασιλείας
1526 3504 1674 3574 ῂνίτ-

141 3602 248 3639 πετο·
279 3591 360 3643 καὶ
406 3588 563 3658 αὖθις
614 3591 690 3658 ὡς
733 3595 761 3647 ὁ
808 3593 1090 3664 προφήτης
1137 3593 1244 3647 τῶν
1295 3593 1388 3647 τοῦ
1441 3595 1671 3649 ὑστάτου

143 3675 290 3750 θηρίου
317 3684 553 3755 κεράτων
590 3684 728 3738 δέκα
759 3685 1024 3756 διαίρεσιν
1064 3684 1212 3756 ἐώρα
1235 3723 1250 3748 ,
1296 3685 1391 3738 καὶ
1422 3686 1548 3757 τρία
1579 3687 1672 3740 κέ-

145 3787 246 3836 ρατα
269 3774 346 3844 ὑφ’
370 3778 483 3840 ἐνὸς
516 3775 942 3848 συντριϐόμενα,
968 3778 1062 3830 κα)⁸
1090 3778 1118 3829 ὁ
1142 3776 1392 3846 βασιλεὺς
1413 3777 1672 3844 ὡσαύτως

142 3864 210 3916 ἐπὶ
243 3867 335 3922 τῶν
363 3867 692 3922 τελευταίων
723 3869 824 3940 τῆς
863 3869 1068 3933 εἰκόνος
1119 3868 1285 3940 μέρος
1323 3885 1374 3922 τι
1420 3868 1672 3941 σιδηροῦν

141 3960 212 4009 καὶ
238 3960 382 4031 μέρος
411 3962 734 4034 ὀστράκινον
772 3961 1012 4033 ἐθεώρει·
1057 3962 1151 4016 καὶ
1185 3962 1276 4014 ἐπὶ
1309 3961 1514 4026 τούτοις
1542 3962 1616 4026 ὡς
1643 3962 1672 4016 6

140 4052 376 4124 προφήτης
405 4053 545 4124 μετὰ
578 4053 680 4125 τὴν
713 4052 820 4106 τῶν
848 4053 1127 4124 τεσσάρων
1161 4053 1448 4124 βασιλειῶν
1483 4055 1670 4125 ὅρασιν

143 4139 253 4211 ἐώρα
278 4144 391 4198 Υἱὺν
441 4146 540 4199 ἀνθ
550 4143 735 4217 ρώπου
783 4145 884 4218 τὴν
924 4144 1065 4199 κατὰ
1112 4146 1328 4200 πάντων
1375 4145 1546 4218 ἀρχὴν
1577 4145 1672 4200 καὶ

141 4231 343 4296 ἐξουσίαν
387 4236 500 4290 καὶ
526 4235 804 4308 βασιλείαν
850 4236 1252 4308 παρειληφότα,
1297 4237 1468 4301 οῦτως
1519 4239 1612 4292 καὶ
1641 4241 1673 4294 6

141 4319 346 4389 βασιλεὺς
387 4327 534 4380 λίθον
582 4327 932 4396 συντρίϐοντα
977 4328 1077 4398 τὴν
1131 4327 1314 4381 εἰκόνα
1355 4329 1532 4381 πᾶσαν
1577 4328 1674 4382 καὶ

140 4414 372 4486 γινόμενον
410 4421 490 4483 εἰς
517 4419 647 4492 ὅρος
688 4419 828 4490 μέγα
856 4419 951 4472 καὶ
989 4417 1231 4490 πληροῦν
1270 4417 1538 4472 θάλασσαν
1561 4419 1674 4472 ἐδό-

140 4520 204 4608 κει
239 4508 374 4580 ὁρᾷν·
409 4511 504 4563 καὶ⁹
556 4510 801 4573 εἰκότως·
834 4509 1039 4582 ἔπρεπε
1070 4509 1179 4581 γὰρ
1215 4508 1293 4580 τῷ
1328 4510 1425 4580 μὲν
1455 4512 1669 4583 ἡπατη-
1701 4552 1746 4608 D

1773 1945 1974 2014 seipsa,
2003 1944 2073 1998 ita
2111 1954 2166 1998 ut
2191 1961 2295 1998 non
2326 1944 2541 1999 realiter
2570 1961 2697 2011 una,
2729 1945 2823 2000 svd
2860 1947 3138 2018 multiplex
3176 1956 3358 2002 statua

1773 2034 1897 2088 ista.
1947 2033 2202 2091 Omnium
2235 2036 2380 2090 enim
2424 2051 2718 2105 regnorum
2750 2052 3022 2091 summam
3063 2038 3294 2093 habebat
3339 2057 3353 2093 :

1771 2126 2117 2194 pulchritudo
2157 2127 2276 2194 ejus
2303 2129 2501 2181 decora
2536 2126 2699 2181 nimis
2747 2140 2966 2198 propter
3009 2129 3237 2199 gloriam
3280 2146 3358 2185 rc-

1772 2231 1897 2284 gum
1923 2233 1936 2280 ;
1973 2225 2026 2269 et
2057 2225 2310 2284 aspectus
2337 2217 2456 2284 ejus
2487 2216 2741 2270 terribilis
2762 2258 2776 2282 ,
2796 2229 3013 2286 propter
3033 2219 3352 2287 potentiam.

1771 2305 2038 2361 Eusebius
2065 2305 2354 2377 Pamphili,
2396 2313 2450 2361 et
2479 2305 2815 2361 HIPPOLYTL‘S
2837 2309 3219 2365 sanctissimus
3250 2311 3364 2380 epi-

1771 2413 1967 2466 scopus
1989 2397 2172 2452 Roma:
2199 2409 2651 2468 comparaverunt
2681 2397 3182 2456 Nabuchodonosor
3215 2419 3364 2458 som-

1771 2489 1923 2542 nium
1957 2491 2233 2560 propheta:
2283 2489 2518 2546 Dauielis
2549 2491 2766 2546 visioni.
2813 2491 3083 2556 Quoniam
3137 2495 3354 2549 diverso

1771 2580 1915 2635 hanc
1960 2581 2227 2636 visionem
2280 2582 2770 2652 interpretaverunt
2822 2583 2875 2636 in
2927 2584 3352 2641 Commentariis

1772 2673 1908 2737 suis,
1941 2674 2308 2728 necessarium
2332 2674 2568 2743 judicavi
2599 2673 2813 2729 Eusebii
2840 2676 3119 2738 Caesareae.
3151 2695 3353 2747 cogno-

1772 2763 1919 2817 mine
1957 2762 2224 2833 Pamphili
2260 2765 2622 2819 trauscribere
2664 2766 2826 2820 verba
2869 2784 2992 2836 qua:
3021 2768 3228 2821 suntin
3260 2769 3355 2822 de—

1772 2854 1915 2910 cimo
1953 2856 2143 2925 quinto
2180 2856 2317 2909 libro
2352 2855 2681 2926 Evangelicw
2725 2859 3213 2914 demonstrationis.
3260 2859 3355 2914 llic

1770 2947 1914 3000 enim
1948 2956 2112 3001 totam
2140 2948 2414 3016 explicans
2444 2949 2705 3004 visionem
2735 2951 2812 3004 sic
2840 2952 3112 3019 loquitur:

1846 3057 1866 3090 ι
1918 3039 2178 3094 Existimo
2215 3042 2326 3096 hmc
2358 3042 2498 3105 (scil.
2531 3043 2794 3097 visionem
2826 3031 3353 3116 NabuchodonosOr)

1774 3146 1883 3185 non
1913 3132 2126 3186 dill‘erre
2156 3149 2187 3187 a
2226 3133 2434 3188 visione
2484 3135 2758 3205 prophetae
2803 3134 3053 3205 (Daniel).
3102 3135 3170 3189 Ut
3208 3139 3354 3190 enim

1773 3223 2028 3292 propheta
2055 3239 2204 3279 mare
2232 3226 2362 3280 vidit
2387 3242 2664 3297 magnum,
2691 3227 2770 3281 sic
2811 3242 2907 3280 rex
2942 3237 3177 3282 statuam
3219 3231 3356 3283 mul'

1773 3315 2047 3384 tiplicem:
2101 3325 2154 3370 et
2193 3317 2387 3371 iterum
2440 3321 2578 3373 sicut
2625 3318 2886 3388 propheta
2932 3319 3065 3374 vidit
3117 3331 3354 3390 quatuor

1771 3406 1996 3473 bestias,
2027 3424 2167 3478 quas
2209 3413 2571 3480 interpretans
2610 3411 3018 3466 transformavit
3045 3413 3097 3465 iu
3123 3423 3357 3482 quatuor

1773 3511 1973 3566 regna;
1999 3500 2078 3553 sic
2102 3514 2193 3554 rex
2230 3516 2322 3569 per
2350 3516 2566 3566 aurum,
2595 3510 2646 3555 et
2675 3511 3037 3572 argentum,et
3065 3512 3221 3563 tes,et
3247 3503 3358 3559 fer-

1770 3603 1927 3654 rum,
1959 3600 2193 3658 quatuor
2239 3605 2402 3660 regna
2449 3592 2738 3662 allegorice
2784 3592 3071 3662 signiﬁcat.
3117 3591 3183 3646 Et
3231 3611 3354 3648 rur-

1772 3696 1892 3736 sum
1922 3691 1980 3734 ut
2005 3681 2265 3751 propheta
2296 3683 2497 3737 ultimae
2529 3683 2716 3738 bestiae
2753 3684 2939 3738 decem
2973 3698 3240 3738 cornuum
3272 3686 3356 3739 di-

1771 3772 2038 3828 visionem
2075 3775 2227 3841 vidit,
2275 3783 2330 3829 et
2378 3775 2480 3829 tria
2538 3790 2744 3830 cornua
2800 3777 2868 3830 ab
2915 3791 3025 3830 uno
3083 3776 3352 3843 contrita;

1773 3866 1846 3920 ita
1887 3881 1981 3920 rex
2025 3866 2215 3920 eodem
2261 3865 2423 3920 modo
2465 3866 2518 3919 in
2552 3867 2813 3922 membris
2854 3866 3207 3921 inferioribus
3242 3879 3354 3920 sta-
3431 3848 3444 3860 ’

1774 3967 1878 4012 tuae
1908 3965 2115 4026 partem
2155 3954 2408 4018 ferream,
2435 3966 2488 4010 et
2519 3965 2724 4027 partem
2766 3967 3056 4013 testaceam
3088 3959 3242 4013 vidit.
3290 3957 3356 4012 Et

1771 4056 1960 4118 postea
1992 4060 2049 4102 ut
2082 4047 2343 4117 propheta
2388 4056 2513 4117 post
2557 4058 2793 4116 quatuor
2842 4064 3134 4120 regnorum
3184 4049 3354 4103 visio-

1771 4154 1916 4206 nem,
1944 4139 2076 4194 vidit
2095 4134 2286 4193 Filium
2323 4138 2559 4193 hominis
2590 4154 2753 4208 super
2785 4141 2963 4194 omnia
2989 4140 3273 4210 imperium
3299 4149 3354 4195 et

1777 4241 2090 4306 potestatem
2123 4243 2177 4288 et
2208 4247 2435 4304 regnum
2468 4231 2869 4298 possidentem;
2895 4233 2972 4286 sic
2999 4241 3051 4286 et
3077 4233 3184 4302 regi
3217 4233 3354 4303 lapi-

1771 4323 1892 4376 dem
1919 4323 2372 4378 comminuentem
2395 4331 2629 4377 statuam
2661 4331 2827 4377 totam
2855 4321 3164 4392 factumque
3192 4338 3353 4376 tuon-

1772 4419 1879 4465 tem
1935 4427 2215 4482 maguum,
2269 4412 2581 4482 implentem
2616 4428 2763 4466 mare
2810 4412 2990 4466 videre
3035 4413 3210 4466 visum
3245 4423 3350 4467 est.

1774 4499 1838 4554 Et
1861 4501 1986 4571 jure
2018 4502 2233 4571 quidem
2271 4521 2284 4556 :
2310 4503 2536 4557 decebat
2561 4503 2705 4557 enim
2735 4517 2914 4573 regem
2946 4501 3088 4556 male
3117 4503 3355 4556 sentien-

143 4595 256 4668 μένῳ
284 4602 401 4672 περὶ
432 4603 536 4674 τὴν
563 4602 659 4655 τοῦ
695 4601 812 4673 βίου
850 4604 1148 4672 φαντασίαν
1181 4602 1410 4674 βασιλεῖ,
1453 4604 1546 4656 καὶ
1572 4605 1670 4676 τὴν

1778 4603 1881 4648 tom
1908 4595 1973 4649 de
1998 4595 2116 4649 vita:
2142 4596 2476 4664 spectaculo,
2501 4604 2554 4649 et
2583 4594 2946 4656 sensibilium,
2973 4594 3202 4664 exempli
3229 4610 3352 4665 gra-

139 4690 222 4743 τῶν
255 4696 514 4768 αἰσθητῶν
549 4691 637 4750 οἷα
670 4697 976 4770 χρωμάτων
1014 4697 1323 4768 ὡραιότητα
1364 4697 1673 4768 ἐπιγραφῆς

139 4781 454 4860 ἀνακειμένης
482 4789 840 4860 θαυμάζοντι,
874 4789 1042 4843 εἰκόνι
1090 4789 1299 4862 μεγάλῃ
1341 4788 1430 4842 τὸν
1459 4789 1674 4843 πάντων

139 4873 395 4947 ἀνθρώπιον
416 4879 737 4944 ἀπεικάζειν
763 4881 895 4951 βίον·
923 4881 1014 4934 τὸν
1039 4881 1404 4952 δὲςπροφήτην
1433 4880 1556 4951 (sic)
1581 4881 1673 4935 τὸν

141 4967 270 5023 πολὺν
310 4975 399 5028 καὶ
447 4975 622 5046 μέγαν
671 4973 830 5028 σάλον
875 4973 970 5026 τοῦ
1019 4972 1136 5042 βίου
1185 4971 1392 5042 μεγάλῃ
1428 4970 1672 5045 θαλάσσῃ

140 5063 484 5130 παραϐάλλειν·
524 5065 616 5118 καὶ
647 5063 726 5135 τῷ
759 5063 860 5135 μὲν
895 5061 1105 5133 βασιλεῖ
1143 5061 1242 5126 τὰς
1282 5061 1433 5132 παρὰ
1465 5059 1673 5133 ἀνθρώ“

143 5166 234 5216 ποις
261 5155 567 5221 πολυτελεῖς
587 5156 886 5228 γενομένας
913 5154 1046 5218 ὕλας
1074 5151 1272 5227 χρυσοῦ
1296 5152 1388 5207 καὶ
1407 5155 1666 5228 ἀργύρου,

140 5243 306 5308 χαλκοῦ
351 5266 411 5302 τε
465 5249 561 5303 καὶ
605 5249 820 5320 σιδήρου
853 5243 1200 5318 θαυμάζοντι,
1233 5243 1331 5306 τὰς
1363 5245 1502 5297 κατὰ
1544 5245 1672 5315 χρόα

139 5351 236 5400 vos;
265 5341 318 5392 ἐν
347 5339 423 5410 τῷ
453 5339 553 5411 βίῳ
583 5339 692 5394 τῶν
725 5337 1027 5411 ἀνθρώπων
1054 5336 1370 5408 ἐπικρατεῖς
1398 5335 1675 5406 βασιλείας

191 5471 289 5542 (τε)
314 5474 406 5530 Est
436 5477 490 5529 in
528 5473 818 5545 deperditis
851 5473 937 5528 hic
967 5471 1182 5545 Eusebii
1225 5471 1378 5527 liber.
1412 5471 1674 5545 Egviginti

136 5545 273 5608 enim,
305 5546 490 5600 decem
538 5541 914 5600 tantummodo
943 5544 1154 5614 priores
1184 5553 1415 5598 exstant.
1451 5541 1572 5610 Quo
1617 5544 1678 5597 tit

137 5613 391 5686 pretiosius
420 5617 526 5670 hoc
562 5617 762 5686 decim_i
790 5613 965 5686 quinti
999 5613 1394 5686 fragmentum;
1427 5616 1492 5667 ad
1528 5615 1674 5686 quod

137 5684 234 5756 sine
254 5686 419 5756 dubio
455 5687 690 5756 respexit
720 5683 1096 5756 Theodoretus
1131 5684 1193 5756 in
1224 5699 1322 5738 sua
1349 5698 1476 5756 _non
1510 5685 1673 5756 dissi-

142 5751 234 5825 mili
253 5752 504 5825 Danigelici
539 5751 700 5825 hujus
727 5755 829 5810 Icci
860 5753 1323 5825 interpretatione.
1348 5753 1533 5824 Neque
1565 5753 1676 5810 fere

139 5820 317 5880 abludit
342 5820 724 5898 Hieronymus,
758 5840 920 5896 quem
951 5820 1158 5898 alioqui
1208 5839 1314 5880 non
1354 5820 1672 5895 infrequen-

1772 4687 1868 4754 tia,
1916 4688 2156 4743 colorum
2199 4688 2620 4758 pulchritudinis
2659 4689 2712 4743 in
2756 4689 2989 4758 pictura,
3031 4690 3134 4744 sub
3177 4689 3352 4746 oculis

1771 4783 2091 4852 spectatoris
2121 4782 2399 4852 exposita,
2442 4783 2859 4848 admiratorem,
2909 4793 3099 4838 statuae
3140 4799 3352 4855 magna).
3450 4781 3456 4794 “

1771 4874 2015 4928 omnium
2066 4874 2349 4929 hominum
2405 4875 2710 4930 assimilare
2756 4876 2969 4943 vitam;
3023 4877 3345 4947 prophetam

1771 4979 1901 5019 vero
1923 4965 2148 5020 decebat
2175 4965 2374 5020 multos
2405 4982 2742 5038 magnosque
2767 4968 3034 5023 tumultus
3057 4969 3182 5022 vitae
3208 4969 3346 5022 mari

1772 5071 1971 5126 magno
1998 5056 2355 5126 aequiparare.
2398 5055 2511 5112 Rex
2539 5059 2778 5128 quidem,
2809 5059 2988 5130 magni
3017 5060 3169 5129 pretii
3203 5061 3346 5129 apud

1773 5147 2050 5202 hominem
2106 5149 2324 5203 metalla
2368 5164 2591 5216 aurum,
2627 5160 2910 5220 argentum
2935 5191 2950 5216 ,
2988 5167 3096 5219 tes,
3144 5152 3345 5207 ferrum

1774 5239 2072 5306 admirans,
2111 5256 2275 5311 regna
2326 5241 2599 5296 variorum
2639 5249 2946 5312 temporum
2998 5243 3050 5297 in
3099 5243 3206 5297 vita
3246 5244 3347 5296 ho-

1773 5331 1984 5386 minum
2013 5333 2389 5403 potentissima
2430 5333 2513 5388 his
2549 5332 2779 5389 debebat
2808 5333 3112 5390 assimilare
3153 5332 3344 5387 metal-

1778 5483 1883 5525 tem
1938 5469 2157 5526 Eusebii
2211 5471 2475 5526 asseclam
2529 5487 2650 5526 esse
2705 5472 2932 5527 scimus.
2986 5468 3223 5537 Denique
3279 5485 3348 5525 ne

1774 5540 2194 5612 Chrysostomus
2237 5541 2453 5611 quidem
2502 5541 2718 5612 Eusebii
2756 5543 2901 5596 hunc
2943 5541 3124 5612 locum
3158 5541 3347 5612 uesici-

1776 5609 1920 5667 visse
1960 5614 2191 5667 videtur.
2240 5609 2505 5668 Caeterum
2545 5629 2608 5667 ex
2646 5611 2864 5668 Eusebii
2899 5609 3123 5666 scholiis
3155 5609 3206 5661 in
3248 5611 3350 5666 hac

1776 5691 1964 5738 catena
2015 5683 2460 5748 occurrentibus,
2511 5698 2574 5738 ea
2631 5682 2742 5738 fere
2786 5679 3085 5738 omittenda
3135 5682 3347 5750 curavi,

1776 5769 1897 5824 qua:
1927 5755 1980 5810 in
2011 5754 2170 5811 editis
2193 5754 2304 5826 jam
2331 5753 2638 5811 exstabant.
2677 5752 2802 5808 ΜΑι.
