3876 6340
505 387 610 445 815

1422 383 1482 438 S.
1518 376 1877 435 HIPPOLYTI
1913 374 2062 433 OPP.
2095 371 2274 428 PARS
2311 371 2352 427 Ι.
2387 399 2456 411 —-
2487 369 2898 428 EXEGETICA.

3601 379 3687 435 676

506 509 609 576 lis;
649 507 914 578 propheta
958 519 1089 562 vero
1131 505 1185 560 in
1221 502 1411 560 formis
1454 503 1752 558 bestiarum
1801 501 1915 556 haec
1961 500 2078 569 ipsa

2190 493 2398 559 ταύταις
2443 493 2736 565 ἀφομοιοῦν
2779 496 2897 556 ταῖς
2937 491 3109 556 ὕλαις·
3163 491 3238 562 τῷ
3281 493 3338 546 δὲ
3381 498 3612 570 προφήτῃ
3645 503 3693 553 ὲν

508 624 674 680 regna
703 606 844 661 haud
884 605 1042 659 aliter
1081 618 1144 658 ac
1190 601 1522 658 narrationis
1571 599 1853 655 exordium
1891 597 2083 662 depin-

510 716 634 772 gere
659 698 959 754 tenebatur.
995 695 1061 750 Et
1080 710 1271 750 rursus
1298 693 1430 764 regi,
1456 701 1515 747 ut
1545 693 1780 755 videtur,
1810 689 1878 744 de
1907 689 2084 757 seipso

511 805 708 860 magna
754 787 1037 857 cogitanti,
1080 796 1134 840 et
1163 785 1495 855 jactahundo
1536 783 1603 837 de
1647 781 1918 850 majorum
1956 793 2086 833 suo-

508 896 630 935 rum
662 878 910 947 imperio,
941 891 1123 932 rerum
1165 875 1527 928 humanarum
1575 873 1806 926 mutatio
1841 878 2083 940 apparet,

509 985 564 1028 et
603 971 942 1027 terrestrium
987 983 1276 1038 regnorum
1307 967 1453 1031 ﬁnis,
1485 975 1544 1020 ut
1587 980 1742 1019 suam
1774 962 2082 1033 superbiam

509 1068 744 1135 deponat
783 1072 837 1119 et
871 1061 1006 1116 nihil
1032 1060 1256 1115 humani
1288 1059 1534 1113 durabile
1573 1058 1787 1122 credat,
1833 1058 1925 1112 sed
1963 1065 2085 1109 tan-

512 1169 626 1213 tum
649 1198 665 1222 ,
715 1157 861 1226 quod
901 1164 984 1209 est
1014 1153 1255 1208 omnium
1288 1151 1434 1219 ﬁnis,
1458 1165 1683 1222 regnum
1715 1149 1830 1204 Dei.
1867 1179 1938 1188 —
1970 1147 2088 1201 Erit

516 1251 660 1305 enim
692 1257 812 1320 post
842 1246 1128 1316 imperium
1158 1246 1508 1316 Assyriorum
1538 1243 1682 1313 quod
1715 1243 1945 1312 primum
1981 1248 2084 1306 est,

517 1356 760 1411 auroque
794 1339 1153 1410 signiﬁcatum
1178 1378 1192 1402 ,
1229 1335 1517 1392 Persarum
1567 1334 1855 1404 imperium
1881 1373 1896 1398 ,
1941 1331 2087 1402 quod

516 1432 814 1488 secundum
845 1437 948 1495 est,
975 1437 1029 1485 et
1057 1441 1282 1499 argento
1305 1437 1688 1492 monstratum,
1717 1425 1805 1480 cui
1840 1425 1895 1480 in
1927 1426 2087 1480 tertio

515 1527 636 1581 loco
667 1523 1024 1579 Macedonum
1067 1522 1387 1591 imperium,
1432 1535 1538 1575 aere
1571 1519 1864 1574 indicatum
1895 1532 2085 1572 succe-

514 1618 623 1673 det.
665 1645 734 1658 η
767 1615 898 1671 Post
929 1615 1033 1670 hoc
1055 1623 1246 1685 quarta
1272 1613 1595 1677 mutatione,
1625 1611 1911 1681 imperium
1941 1610 2086 1665 acci-

511 1713 661 1783 pient
683 1709 934 1774 Romani,
960 1708 1224 1771 omnium,
1255 1706 1348 1777 qui
1379 1713 1503 1760 ante
1531 1719 1627 1760 eos
1653 1702 1873 1759 fuerunt
1901 1713 2090 1773 poten-

512 1802 708 1868 tiores;
743 1798 1099 1871 quamobrem
1136 1795 1282 1852 ferro
1311 1795 1709 1864 intelliguntur.
1750 1794 1962 1850 Dictum
2007 1800 2090 1847 est

2185 588 2416 656 μορφαῖς
2445 585 2649 657 θηρίων
2674 585 2773 648 τὰς
2797 583 2963 648 αὑτάς
2995 581 3266 654 βασιλείας
3294 585 3612 657 καταλλήλως
3631 591 3693 661 τῷ

2182 675 2487 747 τῆς-ἀρχῆς
2531 676 2716 748 τρόπῳ
2760 675 3172 747 διαγράφεσθαι·
3217 676 3311 728 καὶ
3350 677 3501 730 πάλιν
3525 679 3592 748 τῷ
3617 682 3696 750 μὲν

2185 763 2409 832 βασιλεῖ,
2441 765 2581 836 μέγα
2612 765 2687 828 ὼς
2716 764 2860 825 εἰκὸς
2883 764 2966 833 ἐφ’
2987 764 3161 834 ἑαυτῷ
3186 765 3458 837 φρονοῦντι
3485 769 3570 820 καὶ
3592 770 3698 823 ἁλα-

2184 852 2516 926 ζονευομένῳ
2554 856 2647 908 ἐπὶ
2687 858 2754 926 τῇ
2784 854 2890 908 τῶν
2939 855 3214 926 προγόνων
3255 855 3507 930 βασιλείᾳ,
3543 863 3573 931 ἠ
3611 862 3698 915 τῶν

2184 948 2520 1018 πραγμάτων
2569 947 2836 1019 μεταϐολὴ
2879 947 3178 1012 δείκνυται,
3224 950 3318 1002 καὶ
3361 950 3466 1004 τῶν
3500 952 3581 1003 ἐπὶ
3616 954 3699 1023 γῆς

2187 1039 2472 1110 βασιλειῶν
2503 1041 2564 1094 τὸ
2603 1041 2752 1104 τέλος
2771 1081 2786 1108 ,
2818 1043 2897 1104 εἰς
2928 1040 3238 1112 καθαίρεσιν
3268 1041 3360 1094 τοῦ
3388 1045 3440 1096 ὲν
3471 1044 3603 1115 αὐτῷ
3626 1046 3700 1098 τύ-

2185 1150 2305 1201 φου,
2341 1132 2433 1185 καὶ
2479 1135 2557 1196 εἰς
2602 1132 2662 1185 τὸ
2709 1133 2872 1204 μηδὲν
2913 1133 3162 1204 ἡγεῖσθαι
3208 1133 3416 1204 βέϐαιον
3451 1134 3508 1186 τὸ
3543 1137 3592 1187 ὲν
3629 1138 3702 1189 άν-

2186 1223 2442 1296 θρώποις,
2471 1223 2504 1295 ἢ
2547 1224 2704 1295 μόνον
2747 1224 2808 1277 τὸ
2838 1226 2928 1278 ἐπὶ
2954 1226 3168 1279 πάντων
3195 1225 3344 1288 τέλος
3366 1225 3460 1295 τῆς
3487 1226 3571 1279 τοῦ
3595 1226 3701 1281 Θεοῦ

2187 1314 2473 1384 βασιλείαςο
2511 1315 2728 1369 ἔσεσθαι
2761 1316 2868 1387 γὰρ
2903 1315 3039 1386 μετὰ
3063 1316 3161 1387 τὴν
3190 1316 3407 1388 πρώτην
3449 1319 3704 1389 ’Δσσυρίων

2186 1403 2377 1475 ἀρχὴν,
2410 1405 2476 1475 ἣν
2507 1405 2534 1456 ό
2563 1404 2760 1476 χρυσὸς
2797 1404 3034 1475 ᾐνίξατο,
3061 1407 3317 1478 δευτέραν
3349 1407 3443 1478 τὴν
3471 1407 3568 1460 τῶν
3591 1409 3705 1479 Περ-

2188 1492 2330 1559 σῶν,
2379 1494 2476 1564 τὴν
2525 1494 2612 1546 διὰ
2668 1494 2762 1547 τοῦ
2815 1495 3056 1566 ἀργύρου
3107 1496 3502 1568 δεδηλωμένην·
3550 1499 3706 1553 ἔπειτα

2184 1584 2373 1656 τρίτην
2398 1585 2494 1656 τὴν
2520 1587 2863 1651 Μακεδόνων,
2882 1589 2947 1659 ἣν
2975 1591 3005 1642 ό
3033 1587 3230 1662 χαλκὸς
3263 1591 3357 1660 έσή
3367 1607 3512 1660 μανε·
3537 1591 3636 1661 μεθ’
3653 1591 3705 1663 ἢν

2186 1675 2452 1746 τετάρτην
2483 1676 2822 1741 διαδέξασθαι
2851 1678 2957 1733 τῶν
2999 1680 3303 1751 Ῥωμαίων,
3347 1683 3705 1752 κραταιωτέραν

2187 1759 2354 1818 οὖσαν
2381 1766 2489 1820 τῶν
2531 1767 2637 1839 πρὸ
2679 1769 2866 1840 αὐτῆς·
2901 1769 2980 1822 διὸ
3005 1770 3100 1824 καὶ
3133 1772 3336 1844 σιδήρῳ
3367 1773 3702 1844 παρεϐάλλετο·

513 1893 660 1949 enim
693 1856 892 1948 de‘isto
915 1889 1170 1960 imperio:
1205 1887 1272 1941 Et
1303 1903 1517 1958 regnum
1541 1895 1790 1957 quartum
1818 1886 1916 1940 erit
1945 1883 2082 1938 velut

2190 1856 2372 1929 εἴρητο
2402 1858 2530 1928 γοῦν
2557 1861 2652 1914 καὶ
2683 1861 2812 1934 περὶ
2843 1863 3032 1933 αὐτῆς,
3063 1865 3161 1918 καὶ
3188 1866 3473 1930 ,ϐασιλεία
3501 1867 3705 1935 τετάρτη

514 1987 742 2056 ferrum:
771 1983 1028 2055 quomodo
1049 1982 1247 2052 ferrum
1278 1981 1584 2045 comminuit
1614 1988 1662 2033 et
1686 1979 1863 2032 domat
1884 1978 2083 2043 omnia,

513 2081 590 2133 sic
619 2078 933 2132 comminuet
963 2085 1012 2130 et
1042 2084 1271 2129 conteret
1315 2074 1492 2127 omnia
1539 2077 1648 2128 lucc
1671 2072 1837 2144 (Dan.
1882 2091 1942 2141 ιι,
1972 2072 2084 2144 40).

513 2171 582 2226 Ει
609 2179 730 2241 post
751 2171 867 2225 haec
891 2169 1074 2225 omnia
1094 2167 1343 2238 imperia,
1371 2183 1598 2238 regnum
1617 2166 1712 2222 Dei
1735 2182 1832 2238 per
1853 2165 2086 2237 lapidem

515 2263 608 2332 qui
653 2271 818 2316 totam
871 2268 1109 2314 statuam
1169 2257 1494 2328 confringit,
1540 2265 1974 2328 repraesentatur.
2023 2257 2090 2313 Et

513 2352 776 2421 propheta
813 2351 1029 2405 illarum
1063 2365 1266 2416 rerum,
1307 2350 1496 2404 eodem
1535 2349 1716 2417 modo,
1749 2350 1806 2405 in
1831 2349 1939 2404 ﬁne
1970 2365 2090 2404 om-

521 2444 697 2509 nium,
746 2443 840 2497 Dei
886 2458 1111 2513 regnum
1179 2458 1288 2495 non
1338 2442 1489 2511 prius
1546 2442 1691 2496 videt
1747 2457 1909 2511 quam
1955 2443 2088 2496 istas

516 2544 752 2603 quatuor
785 2535 1062 2606 dynastias
1091 2535 1458 2604 descripserit,
1490 2533 1646 2603 juxta
1691 2534 1958 2600 ordinem,
1993 2549 2088 2603 per

515 2636 752 2697 quatuor
779 2628 1014 2695 bestias;
1046 2637 1280 2697 quatuor
1311 2637 1489 2682 autem
1511 2627 1706 2682 horum
1733 2627 2087 2696 imperiorum

516 2729 728 2775 tantum
777 2728 831 2774 et
881 2735 988 2775 non
1034 2720 1300 2784 aliorum,
1342 2727 1472 2787 puto
1520 2719 1753 2773 visiones
1787 2726 1842 2772 et
1876 2718 1986 2788 regi
2035 2727 2090 2772 et

515 2813 793 2882 pr0phetaa
837 2811 1213 2868 manifestatas
1265 2811 1470 2876 fuisse,
1524 2812 1650 2880 quia
1714 2811 1798 2865 his
1856 2820 2088 2879 quatuor

518 2903 762 2973 imperiis
790 2905 939 2958 natio
975 2903 1308 2969 Judaaorum,
1342 2917 1373 2956 a
1407 2901 1685 2972 propheta}
1730 2901 2085 2972 temporibus,

521 3004 640 3050 erat
671 2996 960 3051 servitura.

592 3148 656 3206 ν.
701 3154 789 3208 55.
817 3183 888 3192 -
913 3151 1116 3206 Pedum
1152 3153 1417 3222 quaedam,
1449 3160 1553 3207 etc.
1600 3152 1889 3225 Hippolyti.
1927 3183 1998 3192 -—
2027 3153 2086 3207 In

2185 1950 2355 2004 ἔσται
2398 1953 2617 2022 ἰσχυρὰ
2661 1955 2741 2020 ὠς
2781 1954 3048 2022 σίδηρος·
3096 1956 3169 2011 ὃν
3195 1961 3415 2025 τρόπον
3439 1962 3470 2013 ό
3502 1959 3706 2027 σίδηρος

2185 2043 2466 2098 λεπτύνει
2513 2044 2612 2097 καί
2660 2044 2896 2115 δαμάζει
2946 2047 3162 2114 πάντα,
3198 2050 3385 2116 οὕτως
3420 2049 3599 2103 πάντα
3630 2053 3706 2103 λε-

2186 2133 2403 2186 πτυνεῐ
2423 2134 2523 2188 καὶ
2548 2135 2816 2206 δαμάσει·
2847 2138 2940 2191 καὶ
2986 2139 3121 2210 μετὰ
3151 2139 3252 2203 τὰς
3284 2141 3562 2212 εἰρημένας
3588 2139 3705 2194 ἁπάο

2190 2240 2287 2288 σας
2310 2225 2408 2297 τὴν
2428 2225 2522 2278 τοῦ
2544 2223 2680 2280 Θεοῦ
2711 2227 2980 2299 βασιλείαν
3011 2230 3100 2284 διὰ
3133 2231 3228 2284 τοῦ
3267 2233 3614 2304 συντρίϐοντος
3633 2232 3706 2302 τὴν

2189 2316 2368 2369 πᾶσαν
2402 2318 2585 2371 εἰκόνα
2629 2317 2778 2371 λίθου
2819 2321 3253 2394 παρισταμένην*
3294 2323 3387 2377 καὶ
3417 2325 3444 2375 ό
3472 2325 3706 2394 προφήτης

2191 2405 2397 2460 τούτων
2442 2408 2746 2473 ἀκολούθως
2775 2410 2872 2481 τὴν
2915 2413 3006 2464 ἐπὶ
3030 2413 3174 2466 τέλει
3205 2413 3298 2466 τοῦ
3326 2413 3431 2467 τῶν
3455 2414 3576 2468 ὅλων
3600 2411 3704 2465 Θεοῦ

2190 2496 2464 2567 βασιλείαν
2491 2501 2550 2552 ού
2582 2501 2840 2572 πρότερον
2867 2501 3088 2574 θεωρεῖ,
3119 2505 3152 2575 ἦ
3186 2507 3286 2569 τὰς
3315 2506 3586 2578 εἰρημένας
3614 2506 3708 2557 τέσ-

2191 2603 2362 2659 σαρας
2411 2588 2724 2653 δυναστείας
2756 2590 3047 2663 διαγράψαι
3082 2593 3174 2647 τὸν
3207 2595 3363 2663 λόγον
3389 2595 3472 2648 διὰ
3497 2595 3592 2649 τῶν
3610 2612 3706 2646 τεσ-

2189 2679 2369 2750 σάρων
2403 2679 2606 2751 θηρίων
2627 2698 2639 2710 ·
2681 2681 2884 2737 τούτων
2916 2683 2971 2736 δὲ
3014 2684 3122 2738 τῶν
3162 2686 3442 2757 τεσσάρων
3474 2686 3706 2757 βασιλειῶν

2191 2771 2366 2838 μόνων
2411 2773 2505 2824 καὶ
2547 2772 2664 2825 οὐδὲ
2707 2774 2904 2846 ἐτέρων
2933 2777 3171 2847 ἠγοῦμαι
3195 2778 3298 2841 τὰς
3322 2780 3528 2850 ὁράσεις
3553 2779 3630 2832 καὶ
3650 2779 3709 2849 τῷ

2191 2865 2393 2936 βασιλεῖ
2439 2867 2531 2919 καὶ
2581 2866 2660 2937 τῷ
2702 2869 2955 2943 προφήτῃ
3000 2871 3294 2940 δεδεῖχθαι,
3325 2873 3411 2926 διὰ
3443 2873 3500 2925 τὸ
3531 2872 3711 2934 ταύταις

2188 2957 2658 3028 ωταδουλωθῆναι
2689 2960 2748 3012 τὸ
2785 2960 3048 3015 Ἰουδαίων
3072 2960 3220 3026 ἔθνος
3249 2963 3356 3016 ἀπὸ
3379 2963 3484 3016 τῶν
3504 2963 3586 3016 τοῦ
3610 2980 3712 3034 προ-

2190 3051 2357 3120 φήτου
2387 3049 2613 3121 χρόνων.

2261 3141 2361 3210 λγ’.
2399 3145 2460 3195 Οἱ
2504 3140 2705 3208 πόδες.
2748 3141 3084 3197 Ἱππολύτου.
3115 3145 3196 3198 Τὰ
3250 3149 3308 3199 ἐν
3353 3149 3416 3218 τῇ
3454 3147 3618 3217 ὁράσει
3642 3144 3712 3198 τοῦ

611 3203 654 3206 η
704 3203 788 3208 η-
913 3203 937 3206 -
1455 3203 1551 3207 -ηη
1601 3203 1887 3225 "Thy---

520 3245 730 3301 visione
758 3247 1033 3316 prophetae
1059 3245 1243 3300 decem
1268 3259 1473 3300 cornua
1500 3245 1808 3316 signiﬁcant
1834 3245 1977 3316 quod
2006 3245 2092 3300 fu-

2195 3203 2468 3306 προξρήτου
2498 3240 2528 3287 ι’
2553 3203 2759 3304 κέρατα
2791 3233 2858 3288 τὰ
2882 3235 3137 3306 μέλλοντα
3173 3203 3416 3293 ἔσεσθαί

520 3349 702 3392 turum
735 3347 837 3393 est.

596 3431 663 3485 V.
697 3429 785 3483 5i.
832 3457 903 3468 --
959 3425 1182 3480 Videbas
1217 3426 1295 3478 ita
1332 3425 1496 3478 donec
1537 3422 1798 3477 abscissus
1826 3431 1902 3476 est
1935 3422 2088 3491 lapis.

523 3520 814 3593 Hippolyti.
869 3517 1101 3573 Videbas
1151 3516 1307 3586 quasi
1352 3515 1584 3584 lapidem
1631 3513 1932 3569 abscissum
1978 3515 2095 3567 sine

523 3617 816 3680 manibus,
866 3621 920 3667 et
982 3610 1372 3681 percutientem
1435 3616 1668 3663 statuam
1723 3621 1884 3676 super
1933 3606 2094 3674 pedes

523 3708 680 3777 ejus;
728 3701 1160 3772 inseparabiliter
1202 3700 1347 3754 enim
1389 3699 1684 3754 discretum
1718 3707 1802 3751 est
1841 3711 1872 3749 a
1913 3696 2095 3750 divino

523 3811 689 3867 regno
733 3809 958 3865 regnum
983 3793 1304 3854 humanum,
1333 3791 1686 3860 quamobrem
1720 3789 1919 3844 dicitur
1943 3786 2096 3856 quasi

523 3889 856 3943 abscissum:
886 3886 1026 3941 ictus
1065 3898 1196 3938 vero
1233 3883 1289 3936 in
1336 3880 1684 3936 inferioribus
1729 3881 1787 3932 ﬁt
1831 3877 2092 3948 partibus,

522 3990 577 4034 et
614 3981 668 4033 in
723 3979 831 4034 illis
871 3991 1034 4032 omne
1078 3989 1306 4047 regnum
1343 3973 1575 4028 conterit
1611 3971 1756 4042 quod
1809 3980 1892 4025 est
1933 3983 2096 4038 super

525 4082 750 4127 terram.

601 4162 662 4216 ν.
696 4161 785 4216 45.
817 4189 886 4199 ——
913 4157 982 4211 Et
1019 4175 1193 4212 verum
1236 4165 1313 4210 est
1366 4157 1646 4209 somnium.
1702 4152 1992 4222 Hippolyti.
2031 4151 2099 4206 Ut

525 4268 656 4324 ergo
686 4267 844 4306 nemo
871 4250 1076 4304 dubitet
1109 4266 1178 4303 an
1205 4249 1324 4319 ejus
1357 4249 1499 4303 dicta
1529 4263 1653 4302 vera
1685 4248 1828 4312 sint,
1861 4263 1928 4301 an
1964 4262 2095 4314 non,

527 4347 817 4402 conﬁrmat
853 4359 914 4397 ea
948 4342 1207 4411 propheta
1248 4341 1466 4394 dicens:
1516 4338 1584 4393 Et
1631 4356 1806 4393 verum
1843 4349 1919 4392 cst
1959 4355 2098 4393 som-

527 4440 676 4494 nium
713 4446 761 4490 et
795 4435 968 4505 ﬁdelis
1002 4431 1362 4500 interpretatio
1391 4430 1505 4500 ejus
1538 4429 1700 4500 (Dan.
1740 4431 1908 4500 11,45)
1943 4449 1956 4485 :
1989 4446 2094 4485 non

529 4529 704 4583 erravi
729 4528 783 4581 in
814 4523 1253 4594 interpretatione
1276 4521 1524 4576 visionis.

602 4618 666 4672 ν.
697 4618 786 4673 46.
837 4615 980 4670 Tunc
1019 4629 1110 4667 rea:
1145 4611 1632 4666 Nabuchodonosor
1683 4611 1864 4664 cecidit
1907 4611 1964 4665 in
2013 4611 2096 4681 fa-

530 4711 657 4764 ciem
686 4725 857 4761 suam.
890 4705 1261 4775 llippolyti.—
1279 4702 1402 4756 llaec
1431 4702 1657 4758 audiens
1675 4701 2099 4758 Nabuchodono-

445 4801 458 4820 '
531 4814 646 4864 sor,
675 4814 798 4852 cum
824 4797 1019 4852 somnii
1045 4797 1400 4861 meminisset,
1423 4796 1640 4865 agnovit
1663 4812 1783 4866 qua:
1811 4796 1951 4851 dicta
1983 4796 2097 4851 fue-

532 4897 654 4944 rant
679 4903 710 4941 a
743 4886 981 4952 Daniele,
1011 4887 1288 4942 veritatem
1321 4901 1460 4942 esse.
1501 4917 1570 4926 —
1609 4885 1881 4952 Quantum
1924 4895 2096 4958 potest

533 4980 705 5051 gratia
748 4978 883 5045 Dei,
925 4978 1230 5033 charissimi
1259 5019 1274 5045 ,
1307 4986 1365 5032 ut
1414 4980 1592 5045 hunc,
1635 4978 1727 5048 qui
1773 4979 1932 5048 paulo
1971 4987 2096 5032 ante

497 5149 499 5152 ι
532 5074 806 5145 periturus
841 5081 975 5140 erat,
1006 5089 1128 5128 cum
1159 5072 1371 5126 caeteris
1428 5071 1763 5140 sapientibus
1808 5069 2098 5140 Babylonis

533 5167 701 5230 hunc,
731 5166 976 5234 inquam,
1010 5180 1103 5219 rex
1137 5180 1244 5218 non
1279 5173 1338 5218 ut
1362 5163 1632 5218 hominem
1660 5204 1675 5229 ,
1710 5163 1803 5218 sed
1836 5171 1896 5216 ut
1928 5162 2097 5216 Deum

536 5259 753 5314 adoret!
789 5257 986 5311 Manaa
1021 5257 1148 5328 (hoc
1172 5266 1252 5310 est
1279 5257 1334 5310 in
1364 5255 1554 5311 Chald.
1590 5255 1810 5325 hostias)
1847 5264 1896 5308 et
1923 5255 2099 5307 incen-

534 5367 652 5406 sum
685 5350 929 5420 praecepit
965 5357 1022 5402 ut
1063 5348 1426 5417 sacriﬁcarent
1461 5350 1507 5402 ei
1559 5350 1657 5418 (It,
1700 5347 1812 5420 46).
1863 5346 1928 5400 Et
1970 5347 2096 5401 olim

535 5441 704 5512 Moysi
734 5440 911 5495 simile
949 5439 1364 5493 annuntiaverat
1401 5438 1664 5494 Dominus
1704 5439 1922 5493 dicens:
1966 5437 2099 5490 Ecce

536 5534 782 5588 constitui
811 5541 858 5586 te
885 5531 1039 5586 deum
1067 5530 1362 5584 Pharaonis
1395 5531 1591 5600 (Exod.
1624 5547 1697 5585 vu
1720 5573 1735 5597 ,
1779 5532 1865 5600 1),
1920 5541 1977 5584 ιιι
2007 5547 2100 5600 per

537 5625 690 5694 signa
712 5625 779 5678 ab
800 5639 865 5679 eo
894 5625 1032 5679 facta
1062 5624 1114 5677 in
1135 5633 1279 5677 terra
1301 5621 1536 5693 Egypti,
1566 5622 1777 5694 Moyses
1807 5639 1914 5676 non
1941 5622 2100 5677 homo

539 5727 834 5786 putaretur,
858 5725 953 5773 sed
981 5727 1041 5774 ut
1067 5718 1198 5773 deus
1228 5717 1296 5772 ab
1327 5716 1588 5788 [Egyptiis
1612 5717 1944 5772 adoreretur.

429 5872 432 5876 λ
538 5828 640 5876 πος
686 5814 943 5886 νομισθῇ,
1009 5814 1122 5869 ἀλλ’
1181 5813 1256 5876 ὼς
1297 5812 1415 5876 θεὸς
1478 5813 1580 5866 ὑπο
1624 5811 1728 5865 τῶν
1795 5809 2100 5880 Αἰγυπτίων

2263 3425 2354 3478 λδ’.
2393 3427 2682 3496 Ἑθεώρεις
2706 3429 2816 3496 ἕως
2843 3426 2914 3485 οὗ
2943 3430 3161 3502 ἐτμήθη
3190 3435 3386 3501 λίθος.
3431 3432 3712 3488 Ἱππολύτου.

2207 3518 2492 3591 Ἑθεώρεις
2512 3520 2710 3574 ὡσανεὶ
2735 3521 3009 3593 τμηθέντα
3036 3524 3179 3578 λίθον
3209 3526 3278 3578 ού
3308 3525 3396 3578 διὰ
3428 3525 3622 3597 χειρῶν,
3647 3523 3715 3576 καὶ

2195 3611 2472 3682 πλήξαντα
2499 3613 2590 3666 τὸν
2616 3613 2902 3684 ἀνδριάντα
2930 3615 3021 3668 ἐπὶ
3060 3618 3185 3680 τοὺς
3213 3619 3386 3682 πόδας
3412 3619 3580 3672 αὐτοῦ’
3608 3619 3714 3690 ἀμε-

2200 3703 2393 3773 ρίστως
2423 3703 2528 3776 γὰρ
2553 3704 2814 3776 ἐμερίσθη
2845 3705 2951 3757 ἀπὸ
2977 3706 3075 3777 τῆς
3109 3707 3265 3772 θείας
3311 3709 3569 3779 βασιλείας
3597 3710 3624 3779 ὴ
3648 3709 3718 3761 ἀν-

2198 3791 2463 3864 θρωπίνηο
2499 3794 2632 3864 πρὸς
2655 3794 2811 3847 τοῦτο
2844 3791 2934 3848 οὖν
2967 3795 3027 3849 τὸ
3050 3798 3275 3852 ὡσανεὶ
3307 3801 3599 3869 τμηθέντα·
3626 3798 3716 3868 ἡδὲ

2199 3884 2378 3956 πληγὴ
2421 3885 2560 3938 κατὰ
2603 3885 2711 3939 τῶν
2755 3887 3070 3940 τελευταίων
3099 3890 3198 3959 μὲν
3231 3891 3473 3960 γίνεται,
3502 3894 3554 3945 ἐν
3575 3890 3718 3950 αὐτοῖς

2197 3976 2252 4028 δὲ
2286 3976 2382 4048 τὴν
2406 3977 2530 4048 ὅλην
2553 3977 2827 4047 βασιλείαν
2860 3980 3138 4051 συνέτριϐε
3163 3981 3264 4053 τὴν
3297 3984 3387 4036 ἐπὶ
3412 3984 3524 4054 γῆς.

2272 4158 2372 4223 με’.
2403 4153 2511 4205 Καὶ
2542 4153 2831 4220 ἀληθινὸν
2854 4155 2920 4208 τὸ
2946 4156 3249 4213 ἐνύπνιον.
3291 4160 3604 4213 Ἱππολύτου.
3631 4158 3718 4210 Ἵνα

2200 4240 2292 4298 οῦν
2337 4245 2408 4316 μή
2443 4261 2526 4307 τις
2572 4244 2906 4317 δυσπιστήσῃ
2950 4249 3042 4302 ἐπὶ
3089 4253 3200 4314 τοῖς
3246 4252 3545 4324 εἰρημένοις
3568 4249 3719 4317 είᾶρα

2199 4338 2351 4391 ἔσται
2383 4337 2416 4409 ἢ
2463 4336 2548 4401 οὓ,
2590 4338 2989 4409 ὲπεσφράγισεν
3029 4343 3058 4393 ό
3091 4345 3378 4415 προφήτης
3419 4344 3604 4411 λέγων·
3635 4338 3719 4394 Καί

2196 4429 2484 4496 ἀληθινὸν
2533 4427 2599 4481 τὸ
2642 4429 2947 4494 ἐνύπνιον,
2995 4433 3091 4485 καὶ
3145 4435 3332 4503 πιστὴ
3371 4437 3407 4504 ἠ
3452 4436 3719 4504 σύγκρισις

2122 4543 2170 4600 D
2197 4519 2400 4573 αὐτοῦ’
2428 4520 2488 4572 ού
2517 4520 2812 4592 διήμαρτον
2839 4524 2893 4575 ἐν
2914 4525 2978 4594 τῇ
3009 4523 3100 4576 τοῦ
3135 4524 3388 4593 ὀφθέντος
3413 4525 3662 4598 ἑρμηνείᾳ.

2268 4618 2382 4682 μς’.
2422 4613 2556 4665 Τότε
2588 4615 2620 4665 ὁ
2653 4614 2954 4680 ,βασιλεὺς
2986 4617 3512 4684 Ναϐουχοδονόσορ
3540 4617 3720 4668 ἔπεσεν

2193 4703 2290 4757 ἐπὶ
2333 4704 2672 4772 πρόσωπον.
2733 4705 3070 4760 Ἱππολύτου.
3114 4707 3331 4761 Τούτων
3370 4708 3592 4768 ἀκούσας
3629 4704 3721 4756 Nm

2194 4795 2601 4867 ϐουχοδονόσορ,
2641 4797 3007 4868 ὑπομνησθεὶς
3059 4798 3164 4852 τοῦ
3211 4801 3495 4864 ἐνυπνίου,
3547 4797 3720 4862 ἐπέγνω

2193 4891 2272 4943 ὅτι
2312 4892 2407 4944 καὶ
2443 4889 2510 4944 τὰ
2545 4889 2875 4960 λελαλημένα
2900 4891 3004 4942 ὑπὸ
3031 4889 3124 4943 τοῦ
3162 4892 3358 4962 Δανιὴλ
3391 4891 3532 4944 ἐστὶν
3560 4883 3718 4955 ἀληθῆ.

2193 4983 2453 5035 -Πὸσον
2501 4981 2672 5052 ἰσχύει
2695 4983 2854 5053 χάρις
2897 4981 3053 5045 Θεοῦ,
3092 4984 3385 5055 ἀγαπητοὶ,
3420 4985 3503 5037 ἵνα
3539 4982 3618 5033 τὸν
3640 4975 3722 5048 πρὸ

2197 5073 2393 5146 μικροῦ
2438 5073 2696 5144 μέλλοντα
2741 5073 3076 5145 ἀναιρεῖσθαι
3138 5075 3273 5144 μετὰ
3314 5075 3422 5127 τῶν
3471 5069 3721 5127 ἐπιλοίπων

2197 5165 2378 5234 σοφῶν
2403 5165 2741 5228 Βαϐυλῶνος,
2768 5163 2954 5218 τοῦτον
2988 5167 3016 5218 ὁ
3051 5164 3302 5234 βασιλεὺς
3346 5166 3530 5237 μηκέτι
3561 5163 3626 5225 ὼς
3657 5161 3724 5213 dv-

2195 5255 2431 5327 θρωπον,
2456 5255 2569 5309 ἀλλ’
2599 5255 2674 5318 ὡς
2697 5256 2828 5308 Θεὸν
2854 5258 3222 5330 προσκυνήσῃ.
3252 5288 3313 5297 -
3347 5255 3550 5310 Mar-ad
3578 5249 3722 5320 (Chal—

2195 5348 2371 5410 daiee,
2419 5347 2473 5400 h.
2513 5362 2563 5400 e.
2603 5346 2903 5417 θυσίασμα)
2940 5347 3038 5400 καὶ
3082 5347 3329 5414 εὐωδίας
3359 5344 3484 5401 εἶπε
3517 5341 3723 5399 σπεῖσαι

2201 5439 2381 5504 αὐτῷ’
2413 5439 2504 5492 καὶ
2533 5438 2640 5508 γάρ
2673 5439 2838 5492 πάλαι
2873 5439 2950 5510 τῷ
2974 5441 3178 5510 Μωῦσῇ
3216 5440 3273 5492 τὸ
3311 5440 3489 5510 ὅμοιον
3513 5429 3726 5503 ἐπηγγεί-

2202 5531 2329 5584 λατο
2364 5534 2392 5585 ό
2431 5531 2632 5602 Κύριος
2653 5531 2845 5601 λέγων·
2886 5532 3030 5586 Ἰδοὺ
3065 5530 3290 5586 δέδωκά
3313 5548 3386 5585 σε
3410 5534 3490 5596 εἰς
3520 5528 3640 5582 θεὸν
3662 5520 3724 5586 τῷ

2203 5624 2426 5692 Φαραὼ·
2457 5623 2542 5676 ἵνα
2576 5623 2665 5677 διὰ
2707 5625 2815 5678 τῶν
2858 5624 3098 5695 σημείων
3145 5626 3249 5678 τῶν
3293 5625 3384 5677 ὑπ’
3417 5620 3569 5676 αὐτοῦ
3602 5631 3714 5686 γινο-

2207 5715 2381 5787 μένων
2434 5718 2490 5769 ὲν
2561 5719 2630 5789 γῇ
2701 5717 2975 5785 Αἰγύπτου
3023 5716 3217 5788 μηκέτι
3272 5714 3511 5784 Μωῦσῆς
3550 5708 3703 5778 ἄνδρ’-⁸³

2161 5811 2526 5884 προσκυνηθῇ.
