3876 6340
134 358 138 381 ί
178 366 266 423 ιιι
652 314 661 321 ’
1318 357 1617 417 senem
1656 358 1725 416 IN
1766 359 2129 418 DANIELEM.

3255 371 3359 425 678

236 485 332 552 μην.
352 476 474 532 \Ka.
509 473 871 546 ἐμεγάλυνεν
915 477 948 530 ὀ
986 474 1282 542 ,βασιλεὺς
1305 476 1413 530 τὸν
1445 475 1682 544 Δανιήλ.

1869 475 1931 531 ν.
1969 477 2060 532 48.
2093 505 2163 516 -
2198 474 2342 530 Tunc
2378 491 2470 531 rex
2503 474 2772 532 Danielem
2806 477 2863 532 in
2900 475 3121 534 sublime
3146 483 3356 545 eatulit.

183 568 483 627 Ἱππολότου.
524 567 733 638 Ἐπειδὴ
774 568 883 640 γὰρ
937 567 1096 630 αὐτὸς
1148 566 1336 622 ἐαυτὸν
1372 569 1686 640 ἐσμίκρυνε,

172 666 251 719 καὶ
287 662 546 733 ἐλάχιστον
583 660 731 729 παρά
784 660 989 723 πάντας
1026 658 1341 731 ἀνθρώπους
1378 655 1515 713 εἶναι
1554 660 1689 715 ἀπε-

171 756 366 826 φήνατο,
390 751 613 824 ηὔξησεν
633 750 790 804 αὑτὸν
817 751 847 802 ὁ
874 750 1025 815 Θεὸς,
1056 750 1154 805 καὶ
1180 750 1552 820 κατέστησεν
1578 752 1687 805 αὐ-

167 846 257 900 τὸν
286 847 313 899 ὁ
336 842 575 914 βασιλεὺς
610 840 869 910 ἄρχοντα
906 840 1108 910 πάσης
1143 838 1251 909 τῆς
1274 839 1470 911 χώρας
1497 842 1687 895 Βαϐυ-

167 935 347 1002 λῶνος·
375 934 431 987 δν
451 933 644 1005 τρόπον
674 932 892 1002 ἐποίησε
922 931 1017 986 καὶ
1055 935 1084 986 ό
1112 931 1309 1003 Φαραὼ
1337 933 1426 988 τὸν
1470 930 1685 1003 Ἰωσὴφ,

168 1029 267 1083 τότε
299 1028 629 1098 καταστήσας
675 1024 837 1079 αὐτὸν
878 1024 1110 1096 ἄρχοντα
1154 1026 1333 1098 πάσης
1374 1026 1473 1098 τῆς
1521 1026 1686 1095 Αίγύ-

169 1135 301 1172 πτου.

226 1208 317 1281 μθθ.
342 1208 445 1264 Kal
490 1206 710 1275 Δανιὴλ
756 1207 1040 1276 ᾐτήσατο.
1087 1208 1423 1262 Ἱππολύτου.
1470 1210 1687 1280 Ἐπειδὴ

167 1302 256 1373 γὰρ
299 1301 441 1354 αὐτοὶ
481 1301 538 1353 ἐν
584 1302 651 1371 τῇ
690 1302 958 1371 προσευχῇ
997 1300 1454 1371 συνηγορεύσαντο
1474 1301 1550 1372 τῷ
1585 1304 1689 1355 Δα-

165 1392 262 1463 νιὴλ
294 1392 421 1463 πρὸς
454 1392 545 1445 τὸν
577 1391 709 1445 Θεὸν
729 1392 813 1445 ἵνα
838 1391 898 1444 τὸ
928 1393 1107 1464 ὅραμα
1131 1391 1279 1461 αύτῷ
1308 1392 1682 1464 ἀποκαλυφθῇ,

166 1483 242 1535 καὶ
261 1482 407 1544 αὐτὸς
430 1481 624 1553 Δανιὴλ
647 1480 799 1546 ἀξίαν
824 1480 987 1553 τιμὴν
1019 1480 1195 1535 λαϐὼν
1227 1482 1374 1553 παρά
1405 1482 1499 1536 τοῦ
1528 1483 1681 1553 βασι-

164 1574 276 1636 λέως
303 1572 538 1644 ἐμνήσθη
562 1572 786 1638 τούτων,
812 1573 1139 1644 ἀναθέμενος
1167 1573 1246 1645 τῷ
1272 1573 1476 1645 βασιλεῖ
1504 1575 1563 1627 τὸ
1595 1574 1685 1647 ερ-

163 1682 242 1735 γη
264 1665 319 1718 τὸ
341 1666 427 1719 ὑπ’
471 1665 650 1719 αὐτῶν
680 1665 1060 1737 γεγενημένον,
1094 1667 1182 1720 ἵνα
1211 1667 1308 1722 καὶ
1344 1666 1499 1721 αὐτοὶ
1522 1668 1684 1738 τιμῆς

163 1757 279 1821 τινὸς
303 1756 592 1822 ἀξιωθῶσιν
612 1756 689 1821 ὡς
723 1757 1033 1828 συμμύσται
1061 1758 1154 1811 καὶ
1183 1757 1451 1822 θεοσεϐεῖς
1472 1758 1681 1831 ἄνδρεςυ

1791 565 2084 639 Hippolyti.
2133 566 2401 635 Quoniam
2435 582 2554 623 sese
2589 568 2963 635 humiliasset,
3008 577 3063 625 et
3100 572 3360 628 minimus

1788 661 1928 729 apud
1957 674 2145 714 omnes
2179 659 2427 714 homines
2451 658 2811 729 apparuisset,
2842 660 3207 730 magniﬁcavit
3232 679 3357 718 eum

1789 747 1967 813 Deus,
1994 757 2043 803 et
2067 748 2338 802 constituit
2365 764 2481 802 eum
2520 763 2615 804 rex
2660 750 2944 818 principem
2984 767 3139 821 super
3184 769 3359 806 omnes

1784 841 2078 911 provincias
2112 839 2397 911 Babylonis
2420 838 2579 911 (Dan.
2624 855 2699 906 ll,
2740 840 2855 911 48).
2888 840 3356 907 Quemadmodum

1785 928 2000 987 Pharao
2074 931 2428 988 constituerat
2508 929 2708 1001 Josepli
2791 933 3092 1004 principem
3175 934 3357 989 omnis

1788 1021 2027 1096 Egypti.

1879 1206 1929 1264 ι,
1977 1198 2066 1254 49.
2114 1227 2183 1239 -—-
2224 1197 2411 1252 Daniel
2468 1205 2644 1250 autem
2699 1198 3006 1266 postulavit.
3061 1196 3351 1270 Hippolyti.

1788 1291 2054 1359 Quoniam
2080 1290 2294 1361 quidem
2325 1290 2425 1360 ipsi
2455 1289 2532 1357 (ιι.
2567 1304 2618 1343 e.
2652 1286 2898 1355 Sidracb,
2922 1288 3148 1353 Misaeh,
3179 1289 3355 1345 Abde—

1786 1383 1957 1454 nago)
1990 1382 2044 1436 in
2072 1379 2409 1435 orationibus
2435 1378 2976 1450 postulaverantcum
2997 1378 3183 1433 Daniel
3213 1381 3354 1449 apud

1785 1473 1986 1538 Deum,
2018 1482 2078 1527 ut
2103 1472 2363 1526 visionem
2404 1470 2481 1524 illi
2514 1469 2984 1538 manifestaretur,
3028 1480 3080 1524 et
3107 1470 3222 1539 ipse
3250 1469 3358 1522 Da-

1783 1564 1892 1620 niel
1928 1563 2136 1633 justum
2167 1562 2425 1616 honorem
2459 1561 2727 1631 accipiens
2758 1579 2788 1615 a
2818 1576 2941 1631 rege
2962 1602 2978 1629 ,
3020 1575 3207 1616 eorum
3237 1577 3354 1616 nie-

1784 1656 1962 1722 minit,
2003 1667 2234 1707 narrans
2266 1652 2379 1722 regi
2419 1666 2556 1721 Opus
2582 1652 2651 1706 ab
2684 1651 2764 1707 eis
2802 1651 3027 1716 factum,
3068 1660 3126 1706 ut
3160 1663 3213 1707 et
3246 1653 3351 1724 ipsi

1785 1745 1993 1801 honore
2012 1744 2158 1815 digni
2183 1743 2530 1810 haberentur,
2573 1743 2719 1797 velut
2745 1752 3054 1814 symmystze
3080 1753 3133 1799 et
3179 1743 3349 1798 Deum

162 1848 471 1919 αιτησάμενοι
511 1847 632 1935 γὰρ.
652 1848 722 1902 τά
752 1849 1045 1921 ἐπουράνια
1071 1848 1221 1921 παρά
1245 1848 1474 1921 Κυρίου,
1494 1849 1682 1922 ἔτυχον

1792 1836 2023 1892 colentes
2057 1834 2175 1888 viri.
2221 1832 2326 1899 Qui
2356 1849 2479 1889 cum
2509 1833 2875 1904 postulassent
2909 1850 2943 1889 a
2977 1833 3207 1890 Domino
3240 1849 3354 1891 co:-

162 1943 237 1995 ιιαὶ
261 1941 357 1995 τῶν
377 1941 632 2010 ἐπιγείων
656 1940 805 2013 παρά
830 1941 924 1995 τοῦ
954 1940 1235 2012 βασιλέως.

768 2034 922 2087 ΚΕΦ.
962 2034 1035 2087 Γ’.

220 2122 275 2178 α’.
307 2125 514 2191 Ἕτους
552 2124 1071 2180 ὀκτωκαιδεκάτου.
1116 2126 1448 2181 Ἱππολύτου.
1473 2126 1680 2199 Χρόνου

164 2216 242 2287 μιν
267 2211 348 2270 οὗν
378 2216 558 2271 ἱκανοῦ
581 2217 963 2291 διαδραμόντος
989 2219 1082 2273 καὶ
1104 2220 1486 2291 ἐπιγενομένου
1512 2220 1683 2275 ὀκτω-

162 2307 438 2362 καιδεκάτου
472 2308 648 2375 ἐτους,
695 2310 1060 2381 ὑπομνησθεὶς
1087 2313 1116 2365 ό
1150 2310 1398 2382 βασιλεὺς
1426 2310 1520 2364 τοῦ
1559 2313 1681 2365 ἐνυ-

163 2399 286 2453 πνίου
328 2400 484 2454 αὐτοῦ
503 2439 519 2464 ,
567 2401 856 2470 ἐποίησεν
902 2404 1103 2456 εἰκόνα
1148 2401 1406 2472 χρυσῆν,
1450 2403 1517 2457 τὸ
1564 2403 1681 2473 μὲν

162 2491 290 2559 ὕψος
328 2492 563 2561 πήχεων
604 2491 674 2557 ξ’,
705 2493 770 2546 τὸ
807 2493 875 2547 δὲ
906 2491 1082 2562 εὖρος
1109 2495 1348 2564 πήχεων
1374 2494 1462 2559 ἐξ·
1493 2495 1677 2568 ἐπειδὴ

162 2581 291 2652 γὰρό
320 2583 581 2655 μακάριος
618 2582 814 2654 Δανιὴλ
853 2585 911 2639 ἐν
945 2583 1023 2654 τῷ
1050 2589 1245 2639 συνιεῖν
1276 2585 1436 2639 αὐτὸν
1464 2585 1526 2638 τὸ
1556 2585 1678 2639 ἐνύ-

162 2687 284 2725 πνιον
303 2673 566 2744 ἀπεκρίθη
601 2671 679 2743 τῷ
712 2671 919 2742 βασιλεῖ
949 2671 1142 2742 λέγων,
1177 2673 1258 2727 Σὺ
1288 2670 1348 2728 εἴ
1378 2676 1416 2743 ἠ
1446 2673 1678 2743 κεφαλὴ

161 2762 192 2830 ἡ
215 2760 388 2831 χρυσῆ
418 2762 517 2833 τῆς
540 2762 769 2827 εἰκόνος,
797 2764 855 2815 ἐν
886 2761 1056 2832 τούτῳ
1096 2761 1174 2832 τῷ
1207 2762 1347 2833 λόγῳ
1391 2762 1679 2832 φυσιωθεὶς

162 2852 421 2921 ὁβασιλεὺς
446 2852 540 2907 καὶ
587 2854 655 2923 τῇ
690 2850 882 2924 καρδίᾳ
914 2849 1190 2921 ἐπαρθεὶς,
1223 2850 1510 2904 ἀντίτυπον
1551 2848 1681 2903 ταύ-

161 2961 241 3016 της
266 2945 431 3000 είκόνα
454 2945 734 3017 ἐποίησεν,
766 2945 853 2999 ἴνα
878 2943 953 3007 ὡς
979 2944 1098 3008 θεὸς
1136 2934 1239 2998 ὑπὸ
1264 2944 1478 2998 πάντων
1516 2959 1682 3015 προσ-

164 3038 390 3108 κυνῆ-ται..

214 3127 269 3193 ζ’.
296 3130 610 3194 Πίπτοντες
642 3130 696 3181 οι
716 3126 873 3181 λαοί.
910 3126 1243 3180 Ἱππολύτου.
1279 3127 1431 3191 Τινὲς
1459 3127 1555 3198 μὲν
1580 3127 1680 3181 αύ-

160 3219 233 3275 τέν
258 3221 337 3275 τὸν
376 3220 596 3292 βασιλέα
639 3218 958 3289 φοϐούμενοι
978 3234 990 3246 ·
1027 3221 1076 3272 οἱ
1111 3219 1168 3272 δέ
1209 3219 1408 3282 πάντες
1435 3218 1681 3274 ίδωλολά-

161 3328 259 3386 τραι
302 3313 593 3384 γενόμενοι,
629 3312 897 3382 ὑπήκουον
939 3307 1016 3381 τῷ
1060 3311 1262 3381 ῥήματι
1293 3307 1371 3379 τῷ
1397 3307 1503 3361 ὑπὸ
1534 3307 1684 3379 βασι-

160 3402 265 3467 λέως
282 3404 743 3476 προστεταγμένῳ.

218 3503 294 3560 ις’.
321 3497 422 3551 Kal
461 3495 879 3563 ἀπεκρίθησαν
924 3491 1172 3563 Σεόρὰχ,
1218 3493 1441 3562 Μισὰχ,
1497 3490 1684 3546 Ἀϐδε-

163 3587 307 3657 ναγώ.
361 3587 699 3642 Ἱππολύτου.
753 3587 815 3639 Ul
854 3585 911 3639 δὲ
959 3587 1107 3656 τρεῖς
1148 3585 1333 3648 παῖδες
1381 3584 1683 3655 ὑπόδειγμα

165 3680 296 3735 πᾶσιν
341 3680 648 3753 ἀνθρώποις
711 3680 919 3743 πιστοῖς
976 3678 1266 3748 γινόμενοι,
1329 3676 1523 3741 οἵτινες
1583 3678 1683 3729 οὐκ

163 3771 283 3841 δχλον
318 3771 611 3845 σατραπῶν
654 3769 1016 3841 ἐφοϐήθησαν,
1043 3768 1161 3822 οὐδὲ
1192 3768 1262 3822 τὰ
1283 3766 1377 3822 τοῦ
1412 3767 1681 3839 βασιλέως

165 3864 343 3934 ῥήματα
366 3864 699 3925 ἀκούσαντες
729 3861 1047 3927 ἐδειλίασαν,
1073 3860 1191 3914 οὐδὲ
1226 3861 1286 3914 τὸ
1321 3859 1431 3932 πῦρ
1457 3861 1555 3931 τῆς
1580 3876 1680 3912 κα-

166 3954 287 4025 μίνου
327 3957 621 4029 καιομένης
662 3954 860 4017 ειδότες
899 3952 1157 4024 ἔπτηξαν,
1189 3952 1325 4007 ἀλλὰ
1353 3952 1567 4007 πάντων
1591 3954 1684 4007 ἅν-

164 4043 354 4116 θρὼπων
395 4048 487 4101 καὶ
533 4047 660 4101 ὅλου
708 4044 801 4099 τοῦ
850 4045 1052 4115 κόσμου
1103 4044 1546 4115 κατεφρόνησαν,
1591 4042 1681 4097 τὸν

164 4138 294 4205 φόδον
338 4141 424 4194 τοῦ
475 4137 617 4195 Θεοῦ
669 4139 827 4209 μόνον
874 4136 979 4209 πρὸ
1026 4135 1314 4207 ὀφθαλμῶν
1367 4135 1677 4206 ἐσχηκότες

164 4228 343 4294 τούτους
386 4230 586 4301 Δανιὴλ
637 4227 907 4301 μακρόθεν
955 4226 1125 4291 ἑστὼς
1164 4229 1261 4281 καὶ⁸
1296 4226 1514 4280 σιωπῶν
1546 4225 1680 4298 θαρ-

165 4322 253 4391 ρεῖν
274 4322 499 4377 ἐδίδασκε
534 4321 759 4394 μειδιῶν
791 4320 927 4393 πρὸς
967 4318 1163 4383 αὐτούς
1184 4336 1198 4350 ⁸
1240 4320 1443 4392 χαίρων
1485 4319 1543 4372 δὲ
1586 4319 1680 4373 καὶ

163 4411 292 4475 uino;
316 4415 401 4467 ἐπὶ
436 4418 502 4487 τῇ
532 4414 738 4468 τούτων
766 4413 1060 4484 μαρτυρίᾳ,
1079 4411 1277 4484 ἐνορῶν
1307 4412 1454 4484 τρεῖς
1486 4409 1679 4475 παῖδας

165 4501 410 4569 μέλλοντας
430 4504 575 4558 κατὰ
609 4502 854 4556 διαϐόλου
884 4500 1292 4571 στεφανοῦσθαι.

219 4592 290 4648 ιθ.
317 4596 421 4650 Kal
445 4592 621 4650 εἶπεν
645 4593 934 4647 ἐκκαῦσαι
961 4590 1075 4660 τὴν
1102 4590 1352 4661 κάμινον
1377 4590 1680 4645 ἑπταπλα-

166 4685 299 4753 σιως.
340 4686 675 4745 Ἱππολύτου.
704 4686 949 4756 Κάμινόν
978 4700 1041 4753 γε
1068 4683 1197 4737 εῖδει
1226 4682 1568 4754 παμμεγέθει
1596 4682 1684 4735 λέ-

166 4790 235 4841 γει
270 4779 524 4834 ἐκκαῦσαι
592 4776 1008 4839 ἐπταπλασίως,
1054 4774 1269 4836 πάντως
1322 4772 1397 4837 ὡς
1443 4772 1543 4844 ἠδη
1591 4772 1681 4826 ὑπ’

166 4868 311 4923 αὑτῶν
350 4870 678 4943 ἡττώμενος·
720 4872 777 4923 ἐν
814 4868 914 4940 μὲν
944 4862 1037 4921 οὖν
1066 4870 1178 4930 τοῖς
1223 4863 1482 4933 ἐπιγείοις
1512 4864 1683 4935 ὑπερ-

170 4958 345 5029 ίσχυσεν
384 4964 412 5016 ὁ
450 4961 739 5033 βασιλεύς’
782 4962 840 5013 ἐν
870 4958 926 5012 δέ
967 4960 1033 5030 τῇ
1064 4956 1241 5010 πίστει
1271 4958 1336 5027 τῇ
1371 4955 1506 5026 πρὸς
1553 4953 1684 5008 Θεὸν

169 5049 493 5124 ὑπερίσχυσαν
522 5054 575 5107 οἱ
600 5054 747 5124 τρεῖς
778 5050 984 5114 παῖδες.
1003 5048 1224 5102 -Είπέ
1261 5063 1371 5118 μοι,
1403 5045 1682 5116 Ναϐουχο-

166 5139 491 5217 δονόσορ,,τίνι
523 5145 667 5217 λόγῳ
706 5143 1017 5216 δεδεμένους
1043 5139 1283 5205 κελεύεις
1312 5138 1571 5212 βληθῆναι
1603 5141 1683 5203 εἰς

167 5232 213 5286 τδ
237 5234 364 5308 πῦρ;
396 5238 591 5309 μήπως
621 5235 886 5307 φύγωσιν,
916 5237 965 5290 εί
989 5232 1266 5304 λελυμένοι
1298 5234 1409 5296 τοῖς
1434 5231 1591 5285 ποσὶν
1621 5228 1684 5282 τὸ

169 5324 256 5397 πῦρ
282 5328 721 5395 κατασϐέσουσιν;
752 5328 864 5382 ἀλλ’
911 5327 971 5381 ού
1015 5327 1078 5380 σὺ
1120 5320 1199 5390 εἷς
1248 5327 1278 5378 ό
1313 5324 1489 5379 ταῦτα
1521 5326 1685 5395 ἐργα-

168 5410 378 5487 ζόμενος,
416 5419 530 5474 ἀλλ’
561 5419 743 5489 ἐτερος
764 5421 820 5474 ἐν
847 5420 929 5473 σοί
948 5416 1119 5474 ταῦτα
1147 5416 1404 5488 ἐνεργῶν.

225 5508 318 5578 μζ.
348 5512 450 5566 Kal
486 5511 734 5580 διεχεῖτο
760 5513 799 5580 ή
826 5512 1002 5582 φλόξ.
1052 5509 1385 5564 Ἱππολύτου.
1433 5506 1686 5561 Ἐλασθέν

168 5597 271 5670 γὰρ.
302 5605 448 5673 φησι,
474 5604 534 5657 τὸ
580 5602 689 5676 πῦρ
731 5604 931 5658 ἐσωθεν
977 5604 1081 5657 ὑπὸ
1124 5602 1217 5657 τοῦ
1261 5600 1531 5671 ἀγγέλου,
1581 5598 1686 5664 ἐξω

169 5688 448 5754 ἐξέϐλυσενο
480 5696 642 5767 ὁρᾶτε
684 5695 799 5759 πῶς
827 5695 955 5749 αὐτὸ
980 5695 1040 5748 τὸ
1072 5694 1183 5767 πῦρ
1216 5695 1476 5765 φρόνιμον
1512 5692 1687 5764 {map-

167 5793 255 5848 κει,
282 5783 629 5854 ὲπιγινῶσκον
658 5786 751 5841 καὶ
778 5783 1002 5850 κολάζον
1031 5786 1159 5849 τοὺς
1186 5784 1389 5848 αἰτίους
1407 5801 1421 5815 ο
1449 5782 1557 5838 τῶν
1585 5783 1684 5854 μὲν

1782 1927 1958 1993 lestia,
1986 1927 2310 1984 invenerunt
2335 1942 2366 1981 a
2397 1943 2521 1998 rege
2543 1930 2844 1983 terrestria.

2444 2017 2576 2074 CAP
2614 2017 2703 2073 Ill.

1849 2110 1918 2167 V.
1945 2113 2240 2169 l.-—Anno
2267 2112 2468 2167 decimo
2495 2123 2698 2167 octavo.
2720 2109 3033 2185 {Haecverba
3052 2109 3106 2165 in
3123 2108 3353 2180 Vulgata

1780 2203 2017 2276 desunt.)
2062 2204 2352 2276 Hippolyti.
2385 2233 2456 2245 -—
2491 2201 2754 2273 Tempore
2797 2202 3011 2272 quidem
3059 2200 3353 2256 suiﬁciente

1780 2295 1985 2366 elapso,
2011 2305 2065 2351 et
2090 2310 2233 2350 anno
2261 2295 2471 2350 decimo
2498 2302 2688 2348 octavo
2710 2304 2981 2357 currente,
3018 2309 3227 2347 memor
3257 2308 3352 2348 rex

1780 2388 1979 2443 somnii
2035 2387 2155 2453 sui,
2212 2388 2335 2459 fecit
2384 2395 2619 2441 statuam
2670 2401 2886 2439 auream
2936 2382 3215 2438 altitudine
3262 2400 3353 2437 ιιι-

1780 2479 2005 2533 biturum
2054 2479 2363 2548 sexaginta,
2414 2478 2694 2532 latitudine
2738 2477 3030 2530 cubitorum
3063 2492 3153 2529 sea:
3188 2476 3349 2540 (Dan.

1781 2585 1865 2634 ιιι,
1908 2573 1931 2624 l
1977 2570 2020 2641 ).
2078 2569 2348 2636 Quoniam
2394 2571 2585 2626 beatus
2627 2570 2813 2623 Daniel
2888 2585 3011 2623 cum
3062 2570 3354 2638 explicaret

1779 2657 2051 2713 somnium
2074 2697 2088 2721 ,
2138 2659 2487 2727 responderat
2536 2659 2648 2730 regi
2674 2659 2891 2715 dicens:
2929 2658 3005 2711 Tu
3041 2675 3092 2712 es
3125 2669 3347 2727 caput...

1780 2766 1992 2803 aureum
2028 2748 2189 2822 (Dan.
2224 2766 2298 2814 ιι,
2333 2751 2423 2821 58)
2450 2759 2677 2818 statuae;
2712 2751 2858 2805 hunc
2884 2766 3192 2805 sermonem
3226 2767 3349 2805 eum

1780 2841 2039 2906 audisset,
2071 2843 2325 2912 superbia
2360 2853 2574 2898 tumens
2605 2859 2697 2898 rex
2723 2884 2738 2911 ,
2778 2853 2831 2897 et
2876 2845 2931 2897 in
2961 2844 3121 2897 corde
3152 2844 3348 2907 elatus,

1780 2934 1907 2989 huic
1935 2934 2164 2989 similem
2196 2944 2430 2990 statuam
2471 2934 2598 2990 fecit
2622 2974 2638 3000 ,
2678 2946 2738 2988 ut
2776 2934 2931 3004 quasi
2969 2934 3103 2988 deus
3132 2933 3200 2988 ab
3228 2950 3349 2988 oin-

1780 3024 1943 3079 nibus
1972 3025 2308 3079 adoraretur.

1856 3117 1920 3172 V.
1949 3116 1999 3170 7.
2029 3146 2101 3158 -
2130 3116 2386 3173 Cadentes
2439 3134 2616 3171 omnes
2645 3116 2846 3187 populi.
2878 3114 3169 3188 Hippolyti.
3218 3115 3351 3183 Qui-

1784 3209 1906 3264 dam
1940 3225 2048 3280 pra:
2075 3211 2266 3264 timore
2308 3210 2468 3279 regis,
2514 3209 2758 3279 plerique
2792 3218 2972 3263 autem
3030 3208 3351 3263 idololatriae

1784 3300 2001 3367 ali‘ectu,
2028 3301 2349 3355 obedierunt
2379 3301 2527 3370 regio
2553 3300 2794 3355 decreto.

1853 3497 1920 3555 ν.
1956 3499 2043 3553 lli.
2067 3528 2138 3538 —
2160 3496 2536 3567 Respondentes
2580 3496 2827 3562 Sidrach,
2860 3496 3085 3564 Misach,
3114 3507 3163 3552 et
3183 3498 3352 3553 Abde-

1783 3608 1938 3662 nago.
1973 3590 2261 3660 Hippolyti.
2298 3588 2431 3644 Tres
2460 3590 2613 3659 pueri
2636 3590 2940 3658 exemplum
2970 3590 3223 3644 omnibus
3249 3592 3350 3644 ho-

1782 3683 2019 3737 minibus
2052 3681 2298 3736 ﬁdelibus
2325 3691 2471 3746 sunt,
2502 3681 2596 3750 qui
2633 3697 2740 3735 non
2766 3681 2977 3734 turbam
3007 3690 3347 3752 satraparum

1784 3774 2120 3839 timuerunt,
2157 3787 2332 3841 neque
2368 3772 2510 3842 regis
2551 3772 2727 3825 edicta
2780 3771 3063 3825 audientes
3109 3784 3347 3826 tremue-

1781 3872 1947 3929 runt,
2013 3878 2189 3934 neque
2250 3865 2428 3933 ignem
2488 3861 2727 3917 fornacis
2800 3861 3038 3930 ardentis
3101 3861 3350 3916 videntes

1779 3955 2069 4013 formidine
2087 3955 2243 4026 .capti
2282 3962 2446 4017 sunt,
2493 3954 2585 4008 sed
2611 3969 2799 4008 omnes
2832 3953 3078 4023 homines
3119 3962 3175 4008 et
3227 3953 3350 4007 uni-

1778 4064 1995 4104 versum
2032 4046 2291 4101 mundum
2321 4054 2795 4115 contempserunt,
2827 4044 3074 4099 timorem
3114 4043 3209 4098 Dei
3252 4057 3346 4098 so-

1780 4140 2060 4198 lummodo
2087 4156 2199 4211 pra:
2225 4139 2397 4195 oculis
2421 4138 2683 4193 habentes
2710 4156 2725 4191 :
2754 4139 2856 4193 hos
2885 4138 3111 4207 juvenes
3159 4135 3348 4191 Daniel

1781 4253 1811 4292 a
1841 4237 1996 4305 longe
2020 4244 2169 4290 stans
2196 4243 2251 4288 et
2282 4231 2557 4288 silentium
2586 4245 2833 4296 servans,
2868 4230 3069 4284 bonum
3102 4228 3348 4283 animum

1781 4327 1979 4382 habere
2028 4323 2271 4390 monuit,
2307 4321 2591 4377 subridens
2624 4320 2752 4375 illis.
2781 4319 3017 4374 Lanatus
3050 4330 3133 4374 est
3163 4327 3345 4373 autem

1778 4429 1835 4475 et
1862 4420 1976 4489 ipse
2006 4432 2168 4487 super
2200 4416 2419 4470 illorum
2444 4413 2741 4484 martyrio,
2783 4412 2968 4466 videns
2992 4418 3100 4466 tres
3124 4425 3342 4480 pueros,

1709 4511 1755 4566 D
1783 4510 2041 4564 adversus
2067 4507 2342 4563 diabolum
2369 4519 2625 4561 coronam
2656 4515 2991 4572 accepturos.

1858 4599 1922 4656 V.
1950 4600 2035 4655 l9.
2064 4628 2133 4638 —
2167 4598 2236 4652 Et
2268 4597 2513 4669 praecepit
2541 4605 2599 4650 ut
2631 4597 3029 4650 suecenderetur
3053 4593 3246 4663 fornae
3275 4610 3349 4648 se.

1782 4693 2043 4763 ptuplum.
2082 4690 2376 4762 Hippolyti.
2410 4690 2709 4745 Fornacem
2741 4688 2960 4759 quidem
3004 4687 3120 4740 visu
3155 4687 3348 4741 imma-

1782 4799 1907 4839 nem
1949 4784 2113 4856 jussit
2147 4783 2367 4839 accendi
2407 4781 2734 4852 septuplum,
2770 4788 2829 4835 ut
2855 4779 2967 4849 jam
3005 4778 3229 4832 omnino
3277 4777 3347 4832 ab

1783 4873 1890 4929 illis
1938 4874 2216 4940 devictus;
2276 4875 2332 4928 in
2400 4872 2745 4929 terrestribus
2799 4871 3018 4942 quidem
3076 4869 3348 4940 potentior

1782 4976 1919 5032 erat,
1942 4965 1993 5020 in
2024 4966 2128 5021 ﬁde.
2155 4980 2282 5021 vero
2310 4965 2487 5020 divina
2511 4964 2770 5034 majorem
2802 4963 2909 5017 vim
2939 4962 3209 5017 habebant
3234 4970 3347 5016 tres

1783 5055 1957 5125 pueri.
1993 5053 2091 5110 Dic
2126 5054 2284 5117 mihi,
2312 5051 2832 5116 Nabuchodonosor,
2854 5065 2964 5120 quo
2996 5049 3226 5106 consilio
3279 5049 3347 5103 li-

1785 5156 1939 5217 gatos
1963 5147 2124 5219 jubes
2152 5146 2342 5218 projiei
2384 5147 2440 5201 in
2490 5144 2703 5217 ignem?
2733 5142 2813 5199 Ne
2848 5141 3090 5213 fugiant,
3145 5142 3193 5196 si
3249 5155 3345 5197 so.

1784 5241 1882 5296 luti
1922 5240 2150 5311 pedibus
2186 5241 2364 5310 ignem
2401 5236 2791 5293 exstinxerint?
2838 5234 2944 5291 Sed
2978 5250 3087 5292 non
3133 5244 3191 5289 tu
3230 5234 3346 5289 haec
3434 5296 3449 5309 κ

1783 5332 1940 5401 lacis,
1971 5333 2065 5390 sed
2090 5333 2231 5388 alius
2253 5334 2306 5387 in
2335 5342 2409 5398 te,
2442 5331 2559 5386 haec
2583 5339 2761 5385 tecum
2788 5326 3013 5383 faciens.

1857 5502 1922 5558 ν.
1949 5504 2038 5559 47.
2064 5533 2136 5544 -
2162 5501 2233 5557 Et
2260 5501 2624 5573 effundebatur
2652 5502 2889 5572 ﬂamma.
2920 5495 3210 5569 Hippolyti.
3239 5495 3346 5551 Ex—

1785 5596 1999 5667 pulsum
2051 5596 2196 5651 enim
2247 5604 2434 5650 narrat
2473 5596 2650 5667 ignem
2692 5610 2762 5651 ex
2806 5592 3058 5647 interiore
3088 5598 3239 5659 parte
3277 5590 3347 5646 ah

1786 5688 1999 5758 angelo,
2026 5686 2080 5740 in
2102 5686 2331 5743 circuitu
2360 5697 2663 5744 eructasse:
2694 5685 2869 5740 videte
2900 5682 3173 5754 quomodo
3205 5682 3345 5751 ignis

1787 5781 1903 5853 ipse
1935 5779 2238 5852 intelligens
2276 5788 2391 5846 est;
2440 5777 2719 5850 cognoscit
2756 5784 2809 5832 et
2853 5773 3009 5847 punit
3048 5781 3342 5829 nocentes:
