3876 6340
530 339 636 397 679
1473 335 1530 390 S.
1580 331 1933 388 HIPPOLYTI
1969 331 2118 386 OPP.
2159 330 2337 386 PARS
2366 329 2402 383 Ι.
2439 362 2502 372 -—
2532 329 2936 385 EXEGETICA.
3611 343 3693 398 680

531 475 719 515 servos
747 459 961 528 quidem
992 455 1082 511 Dei
1114 471 1220 510 non
1258 453 1449 523 tangit,
1486 453 1726 508 infideles
1753 467 1881 508 vero
1909 464 1962 506 et
1991 453 2061 504 im

2162 491 2171 510 λ
2199 448 2306 520 γὰρ
2332 449 2532 502 δούλων
2560 448 2654 500 τοῦ
2690 447 2824 500 Θεοῦ
2871 449 2990 518 οὑχῖ
3031 447 3220 518 ἥψατο,
3255 450 3370 512 τοὺς
3395 451 3446 504 δὲ
3479 452 3693 519 ἀπίστους

532 552 649 621 pios
664 568 729 606 ex
751 549 1018 605 Chaldaeis
1046 546 1362 602 combussit.
1392 544 1494 610 Qui
1526 552 1683 598 erant
1708 543 1874 606 intus,
1908 543 1959 596 in
1990 541 2063 594 for

2201 540 2292 592 καὶ
2322 540 2515 602 ἀθέους
2553 540 2660 592 τῶν
2690 539 2972 594 Χαλδαίων
3002 539 3415 610 κατεφλόγησενο
3439 542 3524 596 καὶ
3547 545 3591 596 ol
3620 547 3695 615 μὲν

533 661 686 710 nace,
719 644 786 698 ab
822 642 1011 713 angelo
1032 641 1175 696 dulci
1204 655 1324 694 rore
1351 637 1648 706 refrigerati
1676 646 1822 690 sunt.
1856 635 1961 702 Qui
1991 651 2060 689 au

2197 632 2305 685 ἔσω
2340 631 2492 694 ὄντες
2533 632 2591 683 ὲν
2621 633 2688 701 τῇ
2736 630 2952 700 καμίνῳ
2997 630 3101 682 ὑπὸ
3144 629 3237 683 τοῦ
3274 631 3492 699 ἀγγέλου
3530 633 3695 704 ὲδροσί-

531 749 637 791 tem
698 736 1018 790 videbantur
1065 742 1216 788 extra
1269 734 1544 788 caminum
1591 733 1768 788 securi
1813 740 1994 796 stare,
2041 729 2062 783 l:

2198 723 2380 788 ζοντο·
2422 724 2469 775 οί
2510 723 2568 776 δὲ
2611 721 2892 785 δοκοῦντες
2929 721 3032 788 ἔξω
3073 722 3170 792 τῆς
3202 723 3419 793 καμίνου
3455 725 3696 797 ἀμέριμνοι

531 832 747 885 flamma
778 829 1019 884 devorati
1045 837 1208 883 sunt:
1233 827 1380 880 viros
1409 826 1503 896 qui
1532 825 1874 895 proiecerant
1902 840 2062 895 puero

2201 817 2432 879 ἱστάναι,
2466 815 2572 868 ὑπὸ
2599 814 2692 867 τοῦ
2726 814 2895 885 πυρὸς
2923 811 3066 868 οὗτοι
3089 813 3472 886 διεφθάρησαν·
3501 817 3608 879 τοὺς
3630 819 3679 871 ἄν

531 921 897 978 concremavit
927 920 1066 988 ignis
1085 959 1100 982 ,
1138 919 1279 984 illos,
1317 919 1500 983 credo,
1529 918 1938 988 apprehendens
1965 916 2062 972 dur

2195 904 2327 976 δρας
2353 906 2479 968 τοὺς
2501 903 2940 966 ὲνδιαϐάλλοντας
2971 904 3096 966 τοὺς
3129 903 3318 966 παῖδας
3356 905 3647 975 ὲνεπύρησεν
3671 910 3695 978 ἡ

529 1014 804 1068 caminum
851 1009 1290 1075 circumdarent,
1336 1026 1445 1080 quo
1491 1025 1858 1067 convenerant
1897 1027 2060 1083 puero

2197 995 2345 1066 φλὸξ,
2380 994 2656 1048 κύκλωθεν
2684 990 2835 1064 οἶμαι
2864 992 3100 1065 εὑροῦσα
3129 993 3264 1064 πρὸς
3305 992 3394 1048 τδν
3428 994 3602 1066 δεσμὸν
3625 997 3699 1050 αὑ-

528 1104 782 1160 vincturi.

2194 1087 2302 1141 τῶν
2329 1087 2436 1140 τῶν
2471 1086 2672 1139 παίδων
2705 1086 3078 1156 χωρήσαντας.

599 1195 662 1249 V.
696 1195 784 1249 92.
807 1222 875 1234 --
895 1193 962 1247 Et
987 1195 1177 1263 species
1203 1194 1383 1264 quarti
1417 1193 1606 1247 similis
1634 1192 1778 1247 Filio
1806 1193 1923 1247 Dei.
1961 1191 2096 1263 Hip-

2265 1181 2371 1253 ιιβί.
2395 1177 2504 1230 Kal
2529 1179 2568 1246 ὴ
2589 1176 2798 1245 ὅρασις
2818 1175 2924 1229 τοῦ
2950 1174 3225 1243 τετάρτου
3249 1176 3414 1245 ὁμοία
3442 1175 3542 1242 Υίῷ
3562 1177 3696 1231 Θεοῦ.

530 1286 718 1356 polyti.
768 1283 864 1339 Dic
899 1284 1054 1348 mihi,
1119 1282 1638 1350 Nabuchodonosor,
1683 1298 1991 1354 unquamne
2019 1285 2061 1337 vi

2206 1269 2541 1322 Ἱππολύτου.
2580 1267 2716 1321 Εἰπέ
2765 1285 2875 1338 μοι,
2906 1267 3397 1339 Ναϐουχοδονόσορ,
3441 1268 3560 1320 πότε
3593 1267 3699 1332 εἶδες

533 1355 662 1434 disti
713 1377 908 1432 Filium
971 1376 1086 1442 Dei,
1118 1385 1178 1432 ut
1209 1375 1403 1429 Filium
1440 1375 1531 1429 Dei
1576 1377 1719 1432 hunc
1757 1377 2061 1432 conﬁtearis

2196 1357 2321 1412 Υίδν
2347 1356 2502 1423 Θεοῦ,
2536 1359 2620 1410 ἴνα
2645 1358 2770 1410 Υίὸν
2802 1355 2937 1408 Θεοῦ
2964 1355 3150 1409 τοῦτον
3176 1356 3530 1429 ὁμολογήσῃς
3561 1356 3630 1418 τίς
3655 1358 3699 1410 δὲ

529 1471 662 1536 Quis
703 1480 881 1524 autem
930 1483 1024 1522 cor
1069 1475 1221 1520 tuum
1271 1466 1615 1534 compunxit,
1646 1476 1704 1520 ut
1739 1467 1843 1521 tale
1869 1467 2060 1521 verbur

2193 1451 2222 1502 ό
2267 1451 2364 1520 τὴν
2406 1449 2626 1520 καρδίαν
2677 1467 2767 1502 σου
2815 1448 3139 1514 κατανύξας,
3181 1449 3268 1500 ἵνα
3312 1445 3537 1500 τοιοῦτον
3583 1448 3701 1517 ῥῆμα

533 1559 908 1630 cxprimeres?
971 1557 1183 1623 Quibus
1252 1557 1425 1611 oculis
1489 1557 1708 1625 potuisti
1757 1557 1860 1612 hoc
1911 1559 2064 1612 lumei

2193 1541 2540 1612 ἀποφθέγξτμ
2585 1542 2756 1605 ποίοις
2803 1540 2859 1593 δὲ
2889 1540 3184 1610 ὀφθαλμοῖς
3218 1538 3467 1610 ἐδυνήθης
3496 1537 3630 1592 τοῦτο
3656 1539 3702 1590 τὸ

529 1651 806 1722 aspicere?
839 1666 938 1703 cur
971 1649 1064 1702 tibi
1106 1648 1229 1714 soli,
1253 1657 1305 1702 et
1335 1648 1467 1702 nulli
1498 1657 1814 1702 caeterorum
1853 1658 2060 1719 satrapa

2195 1631 2311 1702 φῶς
2340 1632 2792 1704 ὲνοπτρίσασθαι;
2825 1631 2912 1684 διὰ
2954 1631 3006 1684 τί
3047 1631 3105 1683 δὲ
3134 1631 3216 1682 σοὶ
3268 1631 3408 1701 μόνῳ
3448 1631 3533 1682 καὶ
3566 1630 3702 1682 οὐδενὶ

531 1721 650 1798 rum
685 1741 1087 1798 manifestatum
1111 1742 1231 1796 est?
1257 1737 1360 1796 Sed
1391 1740 1645 1810 quoniam
1680 1741 1939 1810 scriptum
1977 1751 2057 1796 est

2193 1724 2300 1777 τῶν
2320 1723 2490 1778 ἄλλων
2517 1724 2810 1795 σατραπῶν
2833 1722 3115 1794 ἐπεδείχθη
3136 1738 3150 1787 ;
3174 1721 3288 1775 ἀλλ’
3313 1721 3488 1790 ἐπειδὴ
3509 1737 3704 1791 γεγραμ-

530 1836 640 1891 Cor-
660 1835 791 1904 regis
819 1836 874 1887 in
902 1850 1059 1886 manu
1079 1833 1335 1903 Dei:ipsa
1361 1841 1442 1887 est
1472 1831 1563 1885 Dei
1581 1849 1794 1897 manus,
1814 1849 1905 1902 per
1929 1850 2061 1904 quan

2195 1815 2351 1887 μένον
2380 1814 2516 1879 ἐστὶ,
2545 1816 2768 1883 Καρδία
2788 1814 3093 1880 ,ϐασιλέως
3126 1814 3195 1866 ἐν
3238 1813 3382 1881 χειρὶ
3416 1813 3568 1875 Θεοῦ,
3596 1811 3703 1880 αὓτη

539 1927 770 1983 Verbum
820 1943 916 1982 cor
943 1926 1106 1995 hujus
1140 1927 1493 1994 compunxit;
1541 1935 1600 1979 ut
1627 1941 1928 1994 agnoscens
1966 1943 2070 1981 eun

2193 1911 2225 1981 ή
2259 1910 2350 1963 τοῦ
2376 1907 2508 1962 Θεοῦ
2533 1909 2671 1980 χεὶρ,
2701 1909 2829 1980 περὶ
2851 1903 2918 1978 ἧς
2948 1910 2977 1961 ό
2998 1906 3168 1976 Λόγος
3191 1907 3292 1978 τὴν
3317 1905 3529 1978 καρδίαν
3554 1903 3703 1956 τούτου

529 2022 584 2074 in
629 2019 849 2075 fornace
893 2018 1218 2089 gloriticaret
1262 2033 1422 2082 eum;
1481 2031 1580 2071 nec
1605 2017 1812 2072 ratione
1837 2027 1984 2072 caret
2013 2020 2060 2072 in

2192 2001 2504 2072 κατήνυξεν,
2556 2000 2641 2053 ἵνα
2681 2001 2932 2068 ἐπιγνοὺς
2973 1997 3160 2053 τοῦτον
3203 1999 3263 2050 ὲν
3312 1999 3376 2067 τῇ
3423 1995 3614 2065 καμίνῳ
3638 1995 3703 2046 δο-

527 2111 838 2181 terpretatio
880 2119 1096 2174 nostra;
1137 2126 1260 2164 nam
1292 2110 1551 2179 quoniam
1599 2108 1840 2162 futurum
1887 2119 2006 2163 erat
2033 2126 2058 2163 ι]

2191 2092 2326 2163 ξάσῃ
2346 2109 2359 2122 ·
2409 2093 2503 2145 καὶ
2541 2091 2696 2144 τοῦτο
2735 2091 2793 2144 δὲ
2829 2091 2929 2144 οὐκ
2961 2089 3129 2161 ἀργὸν
3161 2089 3224 2142 τὸ
3269 2089 3356 2157 ὑφ’
3387 2086 3530 2157 ήμῶν
3559 2103 3704 2155 νενοη-

526 2177 627 2257 filii
664 2203 825 2258 Israel
857 2202 1050 2259 Filium
1083 2202 1172 2255 Dei
1200 2177 1441 2256 videntes
1469 2203 1522 2256 in
1557 2202 1781 2268 mundo,
1821 2217 1928 2256 non
1973 2217 2057 2256 ere

2195 2183 2353 2255 μένον
2375 2201 2388 2214 ο
2423 2183 2607 2255 ἐπειδὴ
2650 2182 2758 2254 γὰρ
2791 2181 3013 2252 ἔμελλον
3047 2182 3095 2233 οἱ
3130 2180 3239 2232 υἱοὶ.
3283 2177 3489 2250 Ἰσραήλ
3514 2177 3590 2230 τὸν
3609 2177 3706 2229 Υίδν

525 2295 751 2358 derent,
805 2294 1060 2348 revelavit
1107 2293 1385 2363 Scriptura
1429 2295 1573 2364 quod
1620 2311 1837 2364 operam
1885 2295 2056 2348 dabun

2190 2274 2284 2327 τοῦ
2316 2273 2450 2327 Θεοῦ
2490 2273 2687 2336 ἰδόντες
2721 2273 2779 2325 ὲν
2822 2272 3030 2341 κόσμῳ,
3073 2269 3147 2341 μὴ
3186 2269 3478 2330 πιστεύειν,
3511 2269 3705 2338 προαπέ-

524 2393 710 2454 gentes
738 2392 795 2438 ut
833 2384 978 2439 hunc
1008 2386 1347 2439 incarnatum
1387 2395 1735 2455 cognoscant,
1763 2401 1921 2454 quem
1958 2385 2055 2438 olir

2190 2364 2359 2432 δειξεν
2381 2366 2413 2436 ή
2445 2364 2633 2436 Γραφὴ
2661 2364 2743 2416 ὅτι
2769 2361 3096 2434 μελλήσουσι
3117 2361 3183 2414 τὰ
3209 2360 3338 2431 ἔθνη
3363 2359 3538 2412 τοῦτον
3557 2359 3707 2428 ἔνσαρ-

524 2478 904 2546 incorporeum
931 2477 1141 2540 videns,
1171 2479 1388 2546 agnovit
1418 2477 1470 2530 in
1500 2475 1717 2531 fornace
1733 2476 2055 2532 Nabuchodo

2191 2474 2286 2510 κον
2317 2454 2718 2524 ἐπιγινώσκειν,
2751 2455 2810 2508 ὃν
2850 2455 3018 2508 πάλαι
3047 2455 3289 2522 ἄσαρκον
3326 2451 3442 2504 ίδὼν
3464 2450 3644 2517 ἐπέγνω
3663 2450 3705 2498 ἐν

524 2583 709 2633 nosor,
737 2577 792 2621 et
815 2567 1010 2622 Filium
1038 2566 1131 2624 Dei
1178 2585 1298 2624 esse
1325 2569 1469 2622 hunc
1502 2567 1786 2623 confessus
1808 2578 1910 2622 est.

2192 2549 2404 2620 καμίνῳ
2431 2549 2459 2599 ό
2490 2547 2974 2619 Ναϐουχοδονόσορ,
3010 2549 3101 2600 καὶ
3135 2545 3266 2598 Υἱὸν
3308 2543 3439 2598 Θεοῦ
3472 2539 3594 2596 εἶναι
3614 2540 3707 2594 τοῦ·

2192 2657 2283 2692 τον
2317 2640 2688 2692 ὡμολόγησεν.

2192 2657 2283 2693 τον
2317 2657 2688 2711 ωμοιιογησεν.

597 2746 659 2801 ν.
694 2749 783 2803 95.
809 2777 877 2786 —
900 2747 968 2800 Et
1015 2749 1089 2803 ait
1117 2765 1135 2802 :
1178 2747 1402 2802 Sidrach
1431 2788 1446 2810 ,
1497 2749 1698 2802 Misac/i
1722 2787 1736 2810 ,
1785 2748 2084 2820 Abdenago.

2259 2738 2364 2804 Lf.
2417 2733 2526 2787 Kal
2581 2727 2768 2796 εἶπεν,
2823 2731 3072 2801 Σεδρὰχ,
3130 2730 3358 2800 Μισὰχ,
3423 2725 3705 2796 Ἀϐδεναγώ.

522 2838 817 2912 Hippolyti.
890 2840 955 2895 Et
1014 2841 1180 2895 trium
1231 2856 1523 2910 puerorum
1582 2842 1798 2895 nomina
1854 2841 2053 2896 vocavit

2201 2825 2534 2880 Ἱππολύτου.
2553 2827 2663 2880 Καὶ
2684 2826 2790 2878 τῶν
2818 2826 2916 2896 μὲν
2936 2823 3100 2896 τριῶν
3123 2824 3191 2877 τὰ
3206 2824 3447 2894 ὀνόματα
3466 2821 3705 2912 ἐκάλεσεν·

521 2933 700 3000 quarti
725 2947 852 2986 vero
884 2948 1079 2986 nomen
1129 2947 1233 2986 non
1269 2932 1474 2986 invenit
1502 2933 1642 2987 unde
1672 2933 1906 2999 diceret;
1947 2951 2052 2990 non

2187 2915 2282 2970 τοῦ
2319 2916 2376 2969 δὲ
2401 2917 2657 2988 τετάρτου
2681 2917 2778 2985 οὐχ
2816 2909 2972 2986 εῦρεν
2999 2914 3236 2980 ἐξειπεῖν
3263 2931 3276 2944 ·
3310 2914 3516 2967 οὐδέπω
3550 2911 3640 2982 γὰρ
3657 2903 3707 2980 ἦν

521 3023 649 3078 dum
682 3025 824 3078 enim
850 3034 966 3078 erat
993 3040 1058 3078 ex
1073 3023 1293 3094 Virgine
1331 3033 1490 3080 natus
1519 3025 1698 3080 Jesus.

2190 3009 2254 3061 ὲκ
2281 3008 2380 3078 τῆς
2400 3009 2669 3081 Παρθένου
2706 3007 3067 3078 γεγενημένος
3103 3009 3132 3060 ό
3173 3007 3403 3078 Ἰησοῦς.

593 3115 655 3170 ν.
692 3117 867 3171 97,——
893 3116 1035 3170 Tunc
1077 3134 1167 3171 rex.
1204 3119 1481 3187 promovit.
1519 3117 1808 3191 Hippolyti.
1847 3119 1913 3174 Ut
1940 3119 2082 3174 enim
2113 3139 2124 3188 ε

2259 3103 2362 3168 QC.
2409 3101 2544 3154 Τότε
2571 3103 2602 3154 ό
2642 3101 2942 3166 ,βασιλεὺς
2988 3101 3388 3167 κατηύθυνεν.
3423 3096 3708 3153 Ἱππολύτου.

522 3205 691 3260 Deum
722 3207 897 3276 ipsum
933 3207 1370 3278 glorificaverunt
1393 3209 1522 3263 dum
1568 3187 1686 3264 sese
1715 3187 1872 3264 inorti
1904 3210 2053 3264 trade

2190 3192 2397 3263 Ὠσπερ
2427 3193 2533 3264 γὰρ
2557 3193 2716 3246 αὑτὸν
2736 3193 2826 3245 τὸν
2859 3192 2989 3246 Θεὸν
3021 3192 3300 3259 ἐδόξασαν,
3319 3193 3534 3253 ἑαυτοὺς
3557 3189 3622 3258 τῷ
3641 3187 3711 3240 θα-

521 3307 660 3362 rcnt,
703 3298 780 3352 sic
817 3297 1060 3353 vicissim
1111 3299 1330 3368 ipsimet
1377 3317 1482 3355 non
1523 3310 1733 3355 tantum
1778 3318 1807 3356 a
1839 3301 2052 3367 Deo,set

2189 3286 2331 3356 νάτῳ
2366 3286 2715 3356 παραδόντες,
2755 3284 2896 3338 οὕτω
2940 3285 3100 3340 πάλιν
3149 3287 3247 3339 καὶ
3298 3285 3450 3339 αὐτοὶ
3489 3284 3544 3336 οὐ
3587 3280 3712 3352 μόνον

518 3390 683 3444 etiam
715 3405 745 3444 a
772 3405 897 3460 rege
929 3388 1210 3460 glorificati
1242 3397 1392 3456 sunt,
1417 3398 1471 3444 et
1498 3392 1687 3446 aliena:
1734 3393 2049 3463 barbamqu

2189 3379 2292 3433 ὑπὸ
2323 3377 2478 3442 Θεοῦ,
2506 3377 2642 3432 ἀλλὰ
2670 3379 2763 3432 καὶ
2795 3377 2898 3431 ὑπὸ
2927 3379 3021 3432 τοῦ
3066 3379 3334 3449 βασιλέως
3363 3375 3709 3444 έδοξάσθησαν·

521 3491 707 3554 gentes
742 3483 908 3537 Deum
941 3483 1118 3538 colere
1142 3481 1467 3538 didicerunt.

2186 3472 2281 3524 καὶ
2305 3470 2372 3523 τὰ
2399 3469 2668 3541 ἀλλόφυλα
2701 3471 2794 3525 καὶ
2837 3471 3086 3544 βάρϐαρα
3131 3471 3263 3543 ἔθνη
3294 3472 3388 3525 τὸν
3412 3470 3536 3524 Θεὸν
3572 3467 3712 3520 σέὸειν

2187 3563 2450 3629 ἐδίδαξαν.

1147 3653 1299 3709 CAP.
1345 3655 1453 3712 Vll.

2851 3657 3008 3709 ΚΕΦ.
3051 3657 3122 3711 Ζ’.

593 3744 657 3802 ν.
694 3747 822 3800 1.-
863 3745 927 3800 Ει
974 3746 1234 3801 somnium
1277 3750 1526 3802 scribens.
1572 3747 1868 3822 Hippolyti.
1919 3750 2082 3818 Qua:-

2256 3745 2313 3805 a'.
2326 3746 2433 3800 Kal
2446 3745 2512 3799 τὸ
2534 3746 2818 3801 ἐνύπνιον
2844 3747 3122 3816 ἔγραψεν.
3142 3748 3480 3802 Ἱππολύτου.
3501 3747 3623 3800 Ὅσα
3639 3743 3715 3814 μὲν

522 3856 736 3911 cunque
789 3854 918 3908 ergo
964 3840 1148 3894 omnia
1194 3855 1289 3910 per
1319 3839 1575 3910 Spiritum
1626 3844 1679 3895 in
1723 3843 1949 3898 somniis
1998 3859 2053 3899 re

2186 3836 2278 3892 οῦν
2321 3839 2426 3892 ὑπὸ
2456 3839 2550 3892 τοῦ
2597 3839 2912 3910 Πνεύματος
2952 3840 3017 3893 δι’
3070 3841 3367 3912 ὁραμάτων
3400 3835 3714 3903 ἀπεκαλύφθη

523 3933 696 3987 velata
731 3940 858 3986 sunt
888 3931 1046 3986 beato
1091 3932 1384 4001 propheta,
1435 3933 1550 3988 hinc
1586 3943 1640 3989 et
1681 3935 1802 3989 aliis
1831 3935 2052 3990 munific

2185 3933 2262 4005 τῷ
2305 3932 2557 4004 μακαρίῳ
2602 3933 2876 4006 προφήτῃ,
2920 3932 3092 3986 ταῦτα
3131 3935 3226 3986 καὶ¹
3277 3935 3485 4004 ἑτέροις
3510 3931 3715 4001 ἀφθόνως

519 4025 853 4095 explicabat,
897 4033 958 4079 ut
997 4040 1104 4080 non
1144 4034 1352 4080 tantum
1397 4028 1510 4096 ipse
1555 4029 1770 4084 sibimet
1813 4031 2050 4100 propheti

2185 4028 2498 4098 διηγήσατο,
2537 4028 2623 4079 ἵνα
2664 4027 2737 4097 μὴ
2769 4026 2924 4096 μόνον
2967 4027 3129 4090 αὐτὸς
3175 4029 3357 4098 ἑαυτῷ
3399 4023 3715 4099 προφητεύων

528 4133 650 4173 zare
693 4115 874 4170 futura
906 4117 1197 4183 videretur,
1231 4120 1324 4173 sed
1361 4126 1415 4173 et
1449 4120 1570 4173 aliis
1597 4120 1902 4176 volentibus
1931 4137 2056 4177 seru

2185 4117 2251 4171 τὰ
2282 4117 2540 4188 μέλλοντα
2563 4120 2725 4188 φανῇ,
2757 4117 2890 4171 ἀλλὰ
2919 4120 3012 4173 καὶ
3043 4119 3247 4191 ἑτέροις
3271 4125 3384 4184 τοῖς
3414 4117 3715 4190 βουλομένοις

522 4207 626 4262 tari
651 4207 864 4263 divinas
885 4208 1194 4278 Scripturas
1224 4212 1480 4280 propheta
1511 4212 1872 4268 exhiberetur.

2185 4213 2410 4283 έρευνᾷν
2440 4211 2538 4273 τὰς
2571 4210 2718 4273 θείας
2744 4211 2983 4282 Γραφὰς,
3018 4213 3302 4283 προφήτης
3333 4210 3629 4281 ἀποδειχθῇ.

591 4297 657 4352 ν.
674 4298 875 4353 2.-Ετ
894 4317 1007 4352 ecce
1020 4312 1246 4370 quatuor
1262 4303 1413 4354 venti.
1435 4301 1722 4373 Hippolyti.
1743 4304 2083 4362 Creationem

2257 4301 2323 4371 β’.
2368 4301 2478 4354 Kal
2522 4300 2648 4354 ίδοὺ
2690 4304 2744 4354 οι
2789 4301 3081 4370 τέσσαρες
3122 4304 3353 4371 ἄνεμοι.
3419 4299 3715 4355 Ἱππολύτου.

522 4393 625 4447 sub
659 4402 892 4462 quatuor
915 4393 1036 4447 caeli
1060 4394 1369 4448 climatibus
1392 4397 1834 4464 comprehensam
1861 4398 2053 4453 indicat

1688 4413 1834 4451 nsam
1861 4398 2080 4454 indicat,
2116 4462 2136 4464 ξ
2187 4392 2297 4464 Τὴν
2317 4392 2719 4464 τετραπέρατον
2745 4392 2921 4446 κτίσιν
2950 4395 3219 4464 σημαίνει.

594 4483 659 4538 γ.
704 4485 759 4540 5.
791 4514 862 4524 -
901 4483 970 4537 Et
1015 4496 1243 4556 quatuor
1290 4487 1464 4540 bestia
1509 4462 1751 4556 grandes.
1788 4490 2078 4563 Hippolyti.
2115 4462 2125 4516 1

2255 4462 2323 4554 γ’.
2340 4462 2450 4538 Kal
2470 4462 2734 4553 τέσσαρα
2761 4486 2932 4554 θηρία
2947 4462 3196 4555 perdia.
3232 4486 3567 4540 Ἱππολύτου,
3597 4481 3720 4535 Ἐπεὶ

521 4576 791 4641 Quoniam
827 4592 956 4647 ergo
980 4578 1143 4631 variae
1171 4579 1357 4632 bestia:
1410 4588 1721 4636 monstrata:
1759 4596 1886 4638 sunt
1924 4585 2052 4640 beati

2185 4573 2277 4630 οῦν
2310 4577 2543 4649 διάφορα
2576 4577 2738 4649 θηρία
2779 4578 3061 4650 ἐπεδείχθη
3106 4578 3182 4649 τῷ
3230 4580 3488 4651 μακαρίῳ
3530 4571 3715 4643 Δανιὴλ,

525 4666 737 4729 Daniel,
771 4676 825 4721 et
849 4667 931 4721 hie
963 4667 1104 4721 inter
1135 4683 1193 4722 se
1224 4668 1470 4732 diversze,
1500 4680 1712 4740 oportet
1746 4689 1846 4729 nos
1882 4675 2056 4730 intellig

2186 4669 2278 4722 καὶ
2310 4669 2482 4723 ταῦτα
2508 4669 2750 4740 ἀλλήλων
2779 4669 3122 4741 διαφέροντα,
3151 4668 3232 4722 δεῖ
3259 4671 3451 4741 νοῆσαι
3478 4669 3630 4739 ἡμᾶς.
3654 4667 3717 4716 ὅτι

522 4772 647 4829 gere
690 4775 798 4814 non
837 4759 983 4814 circa
1015 4760 1215 4815 bestias
1253 4763 1514 4830 quasdam
1553 4766 1727 4834 reipsa
1751 4770 1957 4823 versari
1988 4786 2051 4825 ve

2186 4761 2244 4830 ού
2289 4761 2415 4832 περὶ
2457 4760 2658 4832 θηρίων
2687 4761 2847 4814 τινῶν
2873 4763 2905 4832 ή
2935 4761 3160 4833 ἀλήθεια
3195 4761 3523 4830 διαλέγεται,
3550 4757 3650 4811 ἀλλ’
3674 4755 3717 4805 ὲν

524 4851 739 4906 ritatem
772 4851 1060 4920 sermonis,
1094 4853 1189 4908 sed
1224 4853 1326 4907 sub
1361 4863 1483 4924 typo
1532 4866 1584 4910 ct
1621 4858 1852 4928 imagine
1901 4860 2054 4916 diver

2187 4853 2336 4925 τύπῳ
2372 4855 2464 4908 καὶ
2493 4855 2551 4905 ὲν
2582 4853 2748 4906 εἰκόνι
2780 4853 3020 4906 δείκνυσι
3047 4853 3146 4916 τὰς
3172 4856 3231 4907 ὲν
3258 4854 3338 4924 τῷ
3360 4854 3547 4923 κόσμῳ
3574 4849 3718 4914 τούτῳ

523 4957 704 4997 sarum
759 4943 1053 4998 bestiarum
1103 4944 1315 4999 diversa
1365 4947 1700 5003 manifestari
1755 4968 1919 5021 regna
1961 4971 2054 5024 qua

2186 4945 2560 5008 ὲπαναστόισας
2595 4945 2867 5015 βασιλείας
2895 4944 3081 5017 ὥσπερ
3107 4945 3270 5018 θηρία
3297 4945 3611 5016 διαφέροντα
3638 4939 3717 5006 τήν

522 5029 758 5084 humano
789 5031 971 5102 generi
999 5031 1271 5087 dominata
1305 5042 1449 5088 sunt.
1483 5033 1624 5088 Mare
1657 5035 1801 5088 enim
1830 5053 2053 5108 magnum

2187 5037 2600 5108 ἁνθρωπότητα’
2648 5038 2745 5108 τὴν
2785 5036 2894 5108 γὰρ
2931 5036 3199 5092 θάλασσαν
3240 5039 3340 5109 τὴν
3389 5037 3620 5109 μεγάλην
3648 5031 3718 5084 τὸν

521 5120 837 5176 universum
863 5122 1052 5177 orbem
1089 5133 1264 5179 vocat.

2183 5129 2246 5183 σύ
2255 5113 2471 5200 μπαντα
2497 5129 2698 5199 κόσμον
2731 5129 2897 5198 λέγει.

592 5212 655 5268 ν.
698 5213 750 5266 4.
780 5244 852 5253 -
886 5212 1059 5268 Donec
1097 5215 1284 5270 evulsw
1319 5225 1439 5270 sunt
1477 5216 1580 5270 ala:
1621 5217 1754 5285 ejus.
1792 5215 2084 5288 Hippolyti.

2249 5221 2463 5288 δ’.’Έως
2508 5217 2580 5276 οὗ
2609 5222 2844 5291 essm"
2874 5221 2945 5276 τὰ
2973 5223 3154 5291 πτερὰ
3184 5222 3393 5290 αὐτῆς.
3411 5220 3714 5276 Ἱππολύτου.

521 5305 636 5360 Hoc
657 5306 799 5360 enim
816 5306 1032 5360 realiter
1046 5305 1540 5361 Nabuchodonosor
1556 5306 1755 5370 evenit,
1772 5306 1922 5374 juxta
1943 5323 2050 5376 quo

2187 5312 2351 5365 Τοῦτο
2395 5312 2504 5382 γὰρ
2553 5312 2719 5375 ὅντως
2761 5314 2852 5365 ἐπὶ
2890 5313 2982 5366 τοῦ
3024 5313 3494 5384 Ναϐουχοδονόσορ
3525 5307 3718 5374 συνέϐη,

523 5396 576 5450 in
602 5397 926 5466 praecedenti
952 5397 1089 5452 libro
1117 5399 1420 5452 nuntiatum
1451 5407 1562 5464 est;
1590 5407 1645 5453 et
1673 5399 1775 5452 hoc
1803 5399 1979 5453 statim
2011 5401 2052 5454 si

2188 5401 2360 5467 καθὼς
2407 5406 2465 5456 ὲν
2514 5406 2579 5474 τῇ
2629 5407 2735 5476 πρὸ
2783 5405 2986 5476 ταύτης
3033 5405 3196 5477 βίϐλῳ
3233 5407 3602 5476 σεσήμανται⁸
3644 5399 3719 5453 καὶ

523 5489 578 5544 in
616 5490 906 5561 semetipso
935 5491 1222 5562 contigisse
1264 5499 1509 5555 testatur,
1543 5492 1745 5546 scilicet
1772 5507 1935 5563 regno
1965 5493 2054 5560 pul

2184 5495 2310 5547 αὐτὸ
2356 5494 2517 5559 εὐθὺς
2552 5495 2708 5549 τοῦτο
2738 5497 2911 5562 οὕτως
2941 5498 3027 5550 ἐπ’
3053 5498 3201 5570 αύτῷ
3227 5496 3551 5568 γεγενῆσθαι
3596 5508 3715 5564 μαρ-

524 5596 644 5634 sum
683 5581 850 5637 fuisse
895 5591 951 5637 et
998 5583 1217 5655 gloriam
1259 5598 1410 5636 suam
1451 5582 1551 5636 sibi
1591 5584 1852 5638 sublatam
1883 5584 2047 5639 fuisse

2182 5587 2348 5654 τυρεί,
2379 5585 2454 5648 ὼς
2485 5585 2771 5658 ὲξεδιὼχθη
2815 5589 2879 5642 ἐκ
2905 5588 3006 5658 τῆς
3039 5589 3324 5659 βασιλείας,
3362 5588 3456 5641 καὶ
3495 5581 3713 5655 ἀφῃρέθι]

524 5685 627 5724 nec
656 5687 764 5726 non
792 5681 848 5728 et
871 5675 1128 5743 potentiae
1156 5673 1426 5746 fastigium
1447 5715 1460 5736 ,
1487 5677 1630 5744 quod
1658 5684 1816 5730 antea
1841 5675 2055 5729 tenebat

2184 5671 2460 5729 ἀπἀὐτοῦ
2487 5679 2520 5748 ή
2547 5677 2673 5745 δόξα
2697 5679 2881 5744 αὑτοῦ,
2914 5681 3004 5734 καὶ
3027 5683 3058 5749 ή
3098 5679 3452 5751 μεγαλωσύνη
3488 5680 3551 5748 ἣν
3580 5673 3715 5727 ἐκέκ-

525 5759 592 5814 Et
625 5763 785 5834 paulo
813 5774 925 5834 post
954 5782 972 5820 :
1005 5766 1131 5822 Hinc
1163 5767 1343 5835 verba,
1385 5784 1540 5838 super
1577 5770 1726 5837 pedes
1755 5769 1907 5836 quasi
1933 5768 2056 5822 hami

2180 5783 2304 5837 τητο
2325 5769 2387 5822 τὸ
2415 5768 2697 5843 πρότερον.
2725 5771 2833 5826 Kal
2855 5773 2983 5841 μετ’
3010 5773 3200 5844 ὀλίγα·
3224 5771 3292 5825 Τὸ
3317 5767 3415 5824 οὖν
3429 5767 3610 5834 εἰπεῖν,
3629 5764 3711 5819 ἐπὶ
