3836 6330
139 278 229 333 681

1238 265 1666 327 FRAGMENTA
1697 267 1765 323 IN
1793 266 2159 323 DANIELEM.

3261 272 3368 330 682

136 390 323 449 ποδῶν
348 386 660 459 ἀνθρώπου
692 386 944 457 ἐστάθη,
982 386 1081 442 καί
1123 386 1341 455 καρδία
1380 385 1688 454 ἀνθρώπου

1803 388 1941 442 stetit
1978 397 2028 441 et
2063 404 2153 441 cor
2188 386 2414 441 hominis
2454 387 2639 442 datum
2691 398 2769 444 est
2804 389 2876 455 ei,
2926 387 3233 459 signiﬁcant
3265 405 3369 445 ιλιι-

134 486 295 551 ἐὸόθη
336 481 513 548 αὐτῷ,
543 480 701 535 τοῦτο
736 481 889 553 δηλοῖ
933 480 1016 534 ὃτι
1046 480 1546 551 ταπεινοφρονήσας
1577 479 1689 531 Να-

135 573 495 648 ϐουχοδονόσορ
516 573 610 626 καὶ
630 572 886 641 ἐπιγνοὺς
905 570 1094 627 ἑαυτὸν
1117 571 1201 625 ὅτι
1226 570 1323 625 ἄνθ
1332 570 1515 643 ρωπός
1543 571 1690 623 ἐστιν

135 666 227 721 ὑπὸ
246 663 339 735 τὴν
357 661 450 717 τοῦ
479 659 615 715 Θεοῦ
644 660 893 729 ἐξουσίαν
926 659 1196 733 κείμενος,
1222 660 1432 731 δεηθεὶς
1456 659 1550 714 τοῦ
1573 662 1689 715 Κυ-

137 755 259 828 ρίου.
292 754 445 824 ἔτυχε
474 752 575 823 τῆς
596 753 725 825 παρ’
746 750 911 805 αὐτοῦ
954 750 1373 822 εὐσπλαγχνίας,
1403 750 1495 804 καὶ
1525 750 1689 805 πάλιν

133 851 203 912 εἰς
223 846 313 919 τὴν
341 844 533 899 ἑαυτοῦ
568 843 843 915 βασιλείαν
868 843 964 898 καὶ
986 843 1144 908 δόξαν
1176 841 1672 905 ἀποκατασταθείς.

192 943 249 991 ε’.
297 936 518 1003 eripior
542 934 823 1003 δεύτερον
874 933 1079 1003 ὅμοιον
1126 931 1306 1001 ἄρκῳ.
1349 930 1685 986 Ἱππολύτου.

134 1029 237 1084 Ἵνα
266 1031 322 1082 ὲν
346 1027 525 1099 τούτῳ
546 1026 695 1101 δείξῃ
721 1026 819 1097 τὴν
844 1023 953 1078 τῶν
982 1023 1210 1096 Περσῶν
1249 1023 1545 1095 βασιλείαν.
1619 1029 1636 1045 ⁸

191 1123 292 1179 Καί
334 1123 469 1191 τρία
517 1118 766 1188 πλευρά.
811 1117 1145 1173 Ἱππολύτου.
1189 1119 1332 1190 ’Τρία
1374 1118 1432 1171 δὲ
1480 1116 1691 1188 πλευρά

133 1216 269 1271 καλεῖ
291 1216 358 1269 τὰ
387 1214 517 1285 τρία
534 1212 658 1285 ἔθνη
678 1230 692 1243 ·
723 1211 870 1282 λέγει
894 1206 989 1266 οῦν
1008 1199 1234 1287 ’⁷Ηρχεν
1249 1209 1380 1266 αύτδ
1397 1209 1459 1264 τὸ
1479 1210 1687 1282 θηρίον,

132 1310 174 1363 οἱ
201 1305 328 1379 ἦσαν
349 1305 549 1376 Μῆδοι,
586 1304 877 1375 Ἀσσύριοι,
907 1302 1000 1356 καὶ
1020 1303 1371 1357 Βαϐυλώνιοι.

189 1402 289 1455 Καὶ
311 1400 469 1453 οὕτω
488 1399 703 1467 ἔλεγον
731 1395 887 1465 αὑτῇ
904 1412 918 1426 ·
956 1395 1283 1463 Ἀνάστηθι,
1303 1395 1471 1467 φάγε.
1507 1396 1690 1451 Ἱππο-

130 1492 292 1546 λύτου.
325 1492 391 1545 Oi
441 1490 547 1563 γὰρ
593 1490 800 1562 Πέρσαι
850 1490 1254 1554 ἐπαναστάντες
1299 1490 1358 1543 ὲν
1404 1492 1520 1553 τοῖς
1569 1491 1693 1544 τότε

130 1587 322 1656 καιροῖς
360 1583 465 1656 τὴν
513 1584 692 1637 πᾶσαν
735 1580 921 1655 χώραν
966 1583 1291 1654 ήρήμωσαν,
1335 1583 1428 1635 καὶ
1466 1582 1693 1647 πολλοὺς

128 1677 223 1730 τῶν
262 1674 569 1747 ἀνθρώπων
615 1673 944 1738 ὑποδούλους
982 1674 1193 1737 ἑαυτοῖς
1226 1674 1550 1746 ποιήσαντες
1578 1673 1690 1729 διέ-

1790 482 1991 536 militer
2023 481 2263 537 sensisse
2287 480 2816 550 Nabuchodonosor,
2846 484 3134 553 agnovisse
3174 498 3234 540 se
3263 485 3366 538 lm-

1789 572 1992 626 minem
2040 586 2195 637 esse,
2260 586 2325 628 ac
2364 570 2461 627 Dei
2517 573 2774 642 potentia:
2830 572 3177 642 subjectum;
3239 589 3367 627 cum

1790 661 1936 716 enim
1966 661 2327 733 supplicasset
2349 660 2666 729 Dominum,
2688 663 2894 718 invenit
2914 663 3367 729 misericordiam,

1789 761 1844 808 et
1875 752 2070 808 iterum
2117 754 2174 808 iu
2215 769 2445 825 regnum
2497 768 2659 809 suum
2707 765 2762 811 et
2803 756 3033 828 gloriam
3082 755 3369 815 restitutus

1789 850 1892 899 est.

1864 933 1928 988 ν.
1962 933 2014 989 5.
2040 962 2113 975 -
2134 932 2317 988 Bestia
2348 934 2459 988 alia
2486 934 2680 990 similis
2706 951 2851 990 urso.
2879 934 3171 1008 Hippolyti.
3207 935 3279 992 Ut
3311 937 3364 991 in

1791 1027 1895 1081 hoc
1928 1024 2262 1095 signiﬁcaret
2289 1026 2578 1082 Persarum
2618 1026 2929 1097 imperium.

1862 1117 2188 1173 lbid.—Et
2229 1129 2331 1173 tres
2356 1119 2586 1175 ordines.
2628 1119 2923 1193 Hippolyti.
2968 1120 3103 1177 Tres
3149 1123 3367 1179 ordines

1789 1220 1951 1266 vocat
1972 1220 2082 1265 tres
2104 1219 2319 1282 gentes;
2352 1210 2486 1265 dicit
2512 1227 2667 1282 ergo:
2707 1212 2999 1282 Imperavit
3029 1214 3144 1270 haec
3170 1214 3363 1271 bestia.
3442 1246 3467 1273 ο

1792 1299 1964 1356 Erant
1990 1303 2205 1371 quidem
2237 1300 2400 1365 Medi,
2431 1301 2664 1374 Assyrii,
2694 1314 2748 1357 et
2768 1302 3068 1375 Babylonii.

1868 1393 2011 1449 Ibid.
2030 1426 2099 1435 —
2119 1393 2188 1447 Et
2216 1394 2292 1448 sic
2312 1394 2558 1449 dicebant
2604 1395 2689 1449 ei:
2713 1393 2905 1467 Surge,
2922 1392 3368 1466 comede.Hippo-

1791 1487 1907 1560 lyti.
1952 1486 2131 1543 Persae
2171 1486 2316 1541 enim
2358 1496 2642 1558 surgentes
2674 1487 2728 1541 in
2771 1488 2879 1543 illis
2905 1488 3117 1548 diebus.
3145 1503 3366 1543 omnem

1792 1589 1990 1635 terram
2021 1588 2372 1634 vastaverunt
2402 1587 2457 1633 et
2488 1580 2689 1634 multos
2729 1579 3011 1635 hominum
3048 1580 3104 1635 in
3132 1582 3369 1636 servitu.

1792 1681 1899 1727 tem
1931 1671 2675 1743 redigentesinterfecerunt;
2714 1672 3169 1741 quemadmodum
3215 1673 3365 1728 enim

129 1768 362 1839 ῳθειραψ
400 1767 589 1838 ὥσπερ
613 1765 724 1838 γὰρ
749 1765 809 1819 τὸ
838 1764 1026 1838 θηρίον
1050 1767 1083 1837 ἡ
1106 1764 1274 1837 ἄρκος
1300 1765 1542 1837 ῥυπαρόν
1570 1769 1687 1820 ἐστι

1803 1778 1955 1817 ursus
2018 1764 2195 1818 bellua
2218 1772 2300 1819 est
2325 1762 2604 1819 sordidum
2661 1763 2883 1830 animal,
2912 1773 2965 1819 et
2996 1765 3364 1830 caruivorum,

130 1861 249 1931 ζῷον
270 1862 366 1915 καὶ
403 1858 756 1934 σαρκοϐόρον,
782 1861 1098 1931 σπαράσσον
1122 1858 1302 1926 ὄνυξιν
1329 1860 1425 1914 καὶ
1453 1859 1687 1926 ὀδοῦσιν,

126 1954 278 2018 οὕτως
317 1953 559 2025 ἐγενήθη
605 1953 699 2007 καὶ
730 1954 763 2023 ἡ
792 1952 901 2006 τῶν
933 1950 1156 2024 Περσῶν
1189 1951 1455 2023 βασιλεία,
1493 1952 1689 2015 οἵτινες

125 2044 364 2118 διεκρατη
374 2061 477 2097 σαν
507 2042 599 2095 ἐπὶ
624 2041 721 2112 ἔτη
742 2041 842 2095 σλ’.

187 2145 252 2203 ς’.
280 2137 397 2193 Καὶ
433 2135 562 2190 ἰδοὺ
596 2136 806 2204 θηρίον
832 2133 1036 2202 ἕτερον
1061 2132 1203 2188 ὡσεί
1228 2132 1543 2202 πάρδαλις.
1578 2134 1690 2188 Ἱπ-

126 2226 362 2281 πολύτου.
404 2224 677 2298 Πάρδαλιν
726 2220 819 2278 οὖν
846 2225 1118 2295 ὀνομάσας
1153 2226 1253 2296 τὴν
1285 2224 1393 2278 τῶν
1425 2224 1689 2296 Ἑλλήνων

129 2318 394 2389 βασιλείαν
425 2318 702 2390 σημαίνει,
732 2310 808 2371 ὧν
846 2312 1010 2388 ἧρξεν
1062 2315 1405 2389 Ἀλέξανδρος
1446 2318 1475 2370 ό
1499 2317 1686 2370 Μακε-

128 2410 242 2464 δὼνο
272 2411 612 2482 ἁςξωμοίωσε
651 2409 707 2462 δὲ
737 2409 935 2472 αὐτοὺς
962 2408 1226 2480 παρδάλει
1253 2407 1341 2462 διὰ
1367 2408 1429 2461 τὸ
1462 2406 1691 2476 γεγενῆ-

132 2502 235 2556 σθαι
280 2503 488 2566 αὖτοὺς
522 2502 668 2569 ὀξεῖς
707 2502 805 2555 καλ⁸
841 2499 1258 2572 πολυμηχάνους
1293 2501 1351 2554 ὲν
1382 2501 1496 2563 τοῖς
1540 2499 1688 2569 λογι-

131 2596 269 2663 σμοῖς
310 2596 410 2651 καὶ
449 2592 678 2664 πικροὺς
715 2592 773 2645 ὲν
799 2593 866 2662 τῇ
892 2590 1089 2662 καρδίᾳ
1113 2608 1126 2622 ·
1159 2589 1218 2644 ὃν
1247 2590 1445 2662 τρόπον
1493 2591 1586 2644 καὶ
1628 2590 1691 2644 τὸ

129 2685 248 2749 ζῶον
285 2684 539 2742 ποικίλον
565 2684 683 2741 ἐστὶ
712 2686 779 2755 τῇ
814 2683 950 2755 ἰδέᾳ,
984 2683 1077 2750 ὀξὺ
1105 2682 1160 2737 δὲ
1185 2684 1266 2748 είς
1303 2682 1365 2737 τὸ
1389 2683 1691 2754 κακοποιῆ-

129 2774 315 2829 animi.
357 2768 504 2845 αἷμα
536 2772 823 2845 ἀνθρώπου
858 2774 1090 2828 ἐκπιεῖν.

190 2865 491 2935 Τέσσαρες
519 2863 773 2934 κεφαλαί
799 2862 879 2931 τῷ
910 2863 1109 2931 θηρίῳ.
1156 2862 1493 2918 Ἱππολύτου.
1535 2864 1714 2928 Μετὰ,

128 2958 221 3034 γὰρ
259 2958 320 3014 τὺ
368 2956 653 3030 ὑψωθῆναι
710 2955 808 3028 τὴν
867 2954 1140 3026 βασιλείαν
1203 2954 1543 3027 Ἀλεξάνδρου
1596 2956 1691 3009 καὶ

129 3048 415 3123 αὐξηθῆναι
444 3049 541 3104 καὶ
592 3048 672 3112 εἰς
713 3047 891 3101 πάντα
933 3046 1023 3100 τὸν
1061 3045 1262 3118 κόσμον
1306 3047 1690 3120 ὀνομασθῆναι,

129 3143 432 3218 διεμερίσθη
480 3144 514 3216 η
565 3141 811 3214 βασιλεία
853 3138 1016 3193 αὑτοῦ
1060 3140 1140 3203 είς
1183 3138 1453 3210 τέσσαρας
1498 3140 1690 3214 ἀρχάς·

130 3232 381 3288 τελευτῶν
400 3232 513 3305 γὰρ
541 3234 571 3287 6
608 3230 954 3302 Ἀλέξανδρος
980 3227 1172 3282 διεῖλεν
1200 3230 1382 3293 αὐτοῖς
1409 3232 1523 3294 τοῖς
1572 3247 1697 3283 συν-

129 3325 332 3398 τρόνττοις
375 3329 491 3390 τοῖς
531 3327 597 3379 ἐκ
634 3325 727 3379 τοῦ
755 3324 945 3394 γένους
975 3324 1073 3395 τὴν
1108 3323 1382 3395 βασιλείαν
1406 3324 1697 3398 τέσσαρσιν

132 3418 424 3490 ἀνθρώποις
454 3417 721 3489 Σελεύκῳ,
754 3414 1071 3488 Δημητρίῳ,
1094 3416 1438 3490 Πτολεμαίῳ,
1475 3419 1571 3474 καὶ⁸
1606 3420 1698 3473 Φι-

132 3509 315 3582 λίππῳθ
351 3510 449 3564 καὶ
484 3510 739 3563 ἐπέθεντο
766 3510 964 3573 πάντες
989 3503 1132 3563 οὗτοι
1156 3507 1480 3581 διαδήματα,
1514 3509 1696 3576 καθὼς

134 3601 313 3673 Δανιὴλ
339 3600 503 3655 τοῦτο
529 3599 855 3673 προμηνύει,
878 3601 971 3655 καὶ
1000 3600 1059 3653 ὲν
1085 3602 1154 3673 τῇ
1181 3600 1375 3673 πρώτῃ
1398 3602 1506 3655 τῶν
1540 3603 1697 3656 Μακ-

134 3691 366 3747 καῦαίων
428 3692 859 3765 ἀναγέγραπται.

193 3783 251 3849 ζ’.
284 3785 396 3840 Καὶ
435 3784 564 3838 ἰδοὺ
604 3785 811 3853 θηρίον
842 3785 1140 3856 τέταρτον.
1188 3784 1526 3840 Ἱππολύτου.
1574 3786 1695 3840 Ὅτι

138 3876 223 3946 μὲν
242 3873 336 3930 οῦν
366 3875 507 3948 μετὰ
522 3875 621 3948 τὴν
642 3875 750 3929 τῶν
780 3876 1046 3949 Ἑλλήνων
1078 3876 1374 3948 βασιλείαν,
1406 3876 1565 3950 ἑτέρα
1595 3878 1695 3932 οὐκ

135 3965 414 4039 ἰτήγερται
458 3968 592 4038 ἄλλη
643 3967 922 4039 βασιλεία,
982 3970 1031 4022 εί
1081 3970 1157 4043 μὴ
1186 3972 1237 4042 ,ἡ
1280 3969 1558 4043 κρατοῦσα
1597 3970 1696 4024 νῦν

135 4056 337 4131 ἕστηκε,
362 4058 637 4114 καὶτοῦτο
664 4062 797 4113 πᾶσι
829 4059 1093 4132 πρόδηλόν
1116 4064 1282 4116 ἐστιν’
1323 4063 1445 4134 ἥτις
1475 4062 1695 4129 ὀδόντας

139 4149 223 4218 μὲν
245 4149 356 4221 ἔχει
394 4149 668 4221 σιδηροῦς,
711 4149 799 4204 διὰ
837 4150 897 4205 τὸ
936 4150 1143 4216 πάντας
1178 4151 1439 4224 δαμάζειν
1474 4152 1568 4211 καὶ
1601 4152 1693 4205 λε-

137 4241 335 4297 πτύνειν
374 4245 443 4315 τῇ
500 4243 606 4316 ἰδίᾳ
642 4242 836 4315 ἰσχύει,
878 4243 1066 4317 ὥσπερ
1103 4261 1167 4314 γε
1208 4247 1237 4299 6
1278 4245 1511 4319 σίδηροςο
1539 4248 1609 4301 τὰ
1635 4247 1693 4302 δὲ

137 4334 375 4390 ἐπίλοιπα
421 4338 536 4400 τοῖς
580 4337 707 4389 ποσὶ
745 4337 1056 4405 συνεπάτει,
1108 4336 1198 4391 διὰ
1236 4337 1298 4391 τὸ
1330 4337 1405 4410 μὴ
1438 4339 1691 4393 καταλεί-

1789 1852 2094 1909 dilacerans
2135 1853 2355 1925 ungulis
2395 1868 2461 1908 ac
2501 1854 2787 1921 dentibus,
2828 1855 2909 1909 sic
2945 1852 3047 1909 fuit
3073 1853 3366 1911 Persarum

1789 1960 2047 2017 regnum,
2094 1947 2188 2017 qui
2233 1947 2396 2003 rebus
2429 1947 2585 2018 potiti
2627 1958 2753 2002 sunt
2803 1947 2963 2003 annis
3002 1947 3225 2019 triginta
3260 1948 3367 2004 du-

1790 2038 2090 2108 centisque.
2869 2046 2874 2053 ‘

1863 2123 1929 2185 V.
1956 2129 2008 2184 6.
2036 2159 2106 2169 ——
2128 2129 2196 2183 Et
2253 2145 2368 2184 ecce
2397 2130 2508 2184 alia
2544 2128 2756 2201 (bestia)
2782 2130 2935 2193 quasi
2967 2135 3185 2200 pardus.
3235 2130 3368 2202 Ilip-

1789 2221 1978 2291 polyti,
2030 2220 2268 2277 Pardum
2298 2221 2508 2288 dicens,
2543 2238 2772 2293 regnum
2812 2222 3016 2279 indicat
3048 2221 3365 2278 Graecorum

1790 2312 1990 2381 quibus
2024 2312 2310 2383 imperavit
2333 2313 2639 2369 Alexander
2664 2313 2918 2381 Macedo;
2960 2315 3228 2371 assimilat
3264 2330 3359 2369 au-

1790 2412 1900 2458 tem
1935 2420 2029 2460 eos
2077 2404 2283 2475 pardo.
2317 2405 2441 2474 quia
2496 2403 2714 2459 veloces
2759 2416 2813 2463 et
2850 2407 3185 2463 dolosissimi
3237 2414 3366 2462 sunt

1791 2505 1991 2559 mente,
2022 2503 2077 2549 et
2105 2510 2200 2549 cor
2227 2495 2491 2552 habentes
2538 2496 2905 2552 amaritudine
2936 2497 3177 2567 plenum.
3219 2496 3367 2551 baud

1792 2599 1953 2640 secus
1991 2599 2055 2639 ac
2098 2584 2229 2641 illud
2263 2586 2486 2650 animal,
2525 2586 2837 2642 multicolor
2858 2594 2943 2642 est
2993 2594 3239 2657 aspectu,
3274 2601 3367 2641 ve-

1792 2675 1885 2729 lox
1936 2691 2065 2731 vero
2115 2676 2171 2731 in
2212 2679 2353 2733 male
2401 2679 2631 2751 agendo,
2666 2689 2722 2734 et
2754 2695 3005 2735 cruorem
3063 2680 3363 2736 humanum

1792 2768 2049 2823 bibendo.

1871 2859 2362 2928 lbid.-—Quatuor
2383 2864 2561 2933 capita
2617 2875 2770 2919 erant
2819 2863 3017 2921 bestia.
3070 2863 3363 2938 Hippolyti.

1792 2951 2091 3025 Postquam
2145 2955 2199 3009 in
2244 2956 2413 3010 altum
2461 2955 2721 3011 crevisset
2756 2956 3041 3026 imperium
3074 2958 3365 3012 Alexandri

1795 3057 2254 3118 augmentumquc
2293 3048 2553 3119 cepisset,
2599 3063 2663 3104 ac
2693 3064 2787 3119 per
2825 3048 3140 3104 universum
3176 3051 3364 3104 orbem

1798 3154 1995 3193 nomen
2028 3138 2375 3203 obtinuisset,
2422 3140 2658 3196 divisum
2688 3150 2772 3195 est
2804 3141 2857 3195 in
2887 3150 3122 3211 quatuor
3164 3156 3363 3213 regna;

1802 3230 2045 3285 moriens
2100 3231 2246 3286 enim
2314 3231 2622 3287 Alexander
2668 3231 2853 3287 divisit
2901 3232 3367 3289 commilitonibus

1796 3322 1934 3387 suis,
1963 3323 2185 3377 natione
2213 3321 2438 3390 Graecis,
2478 3339 2699 3395 regnum
2745 3339 2929 3388 suum,
2960 3334 3194 3395 quatuor
3232 3325 3366 3379 ritis

1797 3414 2005 3470 scilicet
2053 3412 2303 3480 Seleuco,
2352 3413 2648 3480 Demetrio,
2674 3413 2968 3471 Ptolemaeo
3013 3427 3066 3470 et
3092 3414 3363 3485 Philippo,

1796 3513 1850 3560 et
1873 3506 1976 3592 sibi
2002 3506 2350 3562 vindicarunt
2385 3520 2576 3562 omnes
2603 3506 2695 3561 isti
2723 3506 3049 3573 diademata,
3086 3513 3147 3587 ut
3176 3504 3366 3560 Daniel

1796 3598 1936 3653 illud
1970 3598 2291 3668 praedixerat
2325 3608 2380 3654 et
2421 3600 2476 3654 in
2512 3599 2690 3670 primo
2713 3598 3177 3656 Macchabaeorum
3226 3600 3366 3655 libro

1796 3682 2063 3753 scriptum
2094 3692 2198 3739 est.

1867 3771 1933 3826 V.
1964 3772 2019 3828 7.
2043 3803 2116 3813 —
2139 3772 2211 3828 Et
2235 3790 2350 3829 ecce
2382 3775 2548 3831 bestia
2587 3788 2801 3847 quarta.
2858 3775 3151 3851 Hippolyti.
3217 3776 3367 3845 Quo-

1795 3866 1942 3921 niam
1975 3866 2194 3937 quidem
2231 3877 2355 3939 post
2378 3868 2692 3925 Graecorum
2744 3873 3030 3943 imperium
3073 3874 3220 3929 aliud
3254 3889 3362 3928 non

1795 3957 2034 4012 surrexit
2090 3958 2402 4029 imperium,
2434 3961 2559 4024 ,nisi
2612 3973 2806 4034 potens
2855 3965 2963 4021 hoc
3014 3965 3161 4036 quod
3218 3982 3366 4021 nunc

1794 4056 1925 4112 stat,
1955 4056 2010 4102 ct
2038 4048 2144 4103 hoc
2168 4049 2388 4119 quidem
2416 4053 2671 4109 omnibus
2694 4056 3051 4126 conspicuum
3088 4069 3206 4125 est;
3259 4058 3365 4113 hoc

1795 4140 1986 4195 dentes
2011 4142 2407 4211 quidemhabet
2439 4146 2669 4213 ferreos,
2692 4148 2821 4218 quia
2852 4149 3037 4205 omnia
3078 4150 3283 4214 domat,
3312 4160 3368 4206 et

1793 4231 2118 4289 comminuit
2147 4236 2362 4305 proprio
2394 4237 2609 4303 robore,
2635 4249 2696 4293 ut
2721 4238 2963 4307 ferrum;
2994 4241 3200 4313 reliqua
3233 4258 3363 4299 vero

1794 4323 2025 4393 pedibus
2045 4326 2352 4395 conculcat,
2378 4327 2505 4399 quia
2522 4343 2633 4384 non
2651 4329 2760 4385 erit
2778 4331 2923 4386 aliud
2938 4332 3225 4403 imperium
3241 4341 3367 4405 post

138 4427 314 4483 πεσθαι
338 4430 531 4502 ἑτέραν
557 4428 828 4500 βασιλείαν
856 4429 934 4484 ἔτι
964 4429 1102 4503 μετὰ
1122 4430 1345 4505 ταύτην,
1375 4432 1487 4488 ἀλλ’
1511 4434 1571 4500 ἑξ
1598 4434 1688 4488 αὐ-

1803 4414 1946 4484 illud,
1967 4415 2064 4472 sed
2092 4434 2160 4474 ex
2188 4417 2282 4474 illo
2306 4434 2512 4476 cornua
2532 4421 2716 4479 decem
2740 4434 3006 4481 crescent.

136 4516 225 4587 τῆς
244 4519 443 4592 ταύτης
464 4519 670 4591 κέρατα
692 4520 823 4574 δέκα
844 4521 1197 4591 ἀναφύεσθαι.

197 4612 298 4664 Kal
336 4611 555 4679 κέρατα
602 4610 753 4667 δέκα
804 4608 984 4680 αὐτῷ.
1039 4612 1250 4686 Ὥσπερ
1292 4613 1402 4689 γὰρ
1454 4617 1547 4670 ἐπὶ
1592 4616 1689 4690 τῆς

138 4701 434 4775 παρδάλεως
454 4705 714 4776 προεῖπεν
731 4705 760 4757 6
781 4704 1062 4776 προφήτης
1088 4704 1169 4758 δτι
1206 4704 1470 4777 τέσσαρες
1514 4723 1687 4777 κεφα-

139 4798 217 4847 λαὶ
232 4795 305 4866 τῷ
324 4795 515 4868 θηρίῳ·
542 4795 637 4853 καὶ
662 4795 899 4865 ἐγένετο,
936 4797 1031 4852 καὶ
1074 4798 1337 4871 ἐμερίσθη
1372 4801 1406 4871 ἡ
1444 4798 1687 4873 βασιλεία

146 4884 474 4960 Ἀλεξάνδρου
495 4890 576 4956 είς
602 4889 872 4962 τέσσαρας
895 4890 1089 4964 ἀρχάς
1124 4892 1267 4946 οὕτω
1290 4892 1382 4947 καὶ
1404 4893 1498 4947 νῦν
1528 4910 1689 4965 προσ.

140 4977 284 5051 δοκᾷν
320 4982 419 5045 δεῖ,
466 4983 572 5047 ἕως
618 4982 949 5054 ἀναϐήσεται
988 4985 1120 5040 δέκα
1163 4985 1368 5057 κέρατα
1409 4985 1471 5052 ἐξ
1515 4987 1686 5059 αὐτῆς

1863 4614 2009 4671 Ibid.
2046 4647 2117 4657 —
2157 4616 2227 4673 Et
2275 4619 2498 4675 habebat
2542 4638 2739 4679 cornua
2814 4625 3011 4681 decem.
3062 4624 3363 4703 Hippolyti.

1789 4703 2258 4773 Quemadmodum
2276 4710 2422 4766 enim
2438 4712 2505 4767 de
2530 4712 2697 4782 pardo
2724 4717 2987 4787 prapheta
3017 4717 3177 4788 dixit,
3205 4720 3350 4773 hanc

1788 4795 2019 4853 bestiam
2048 4808 2284 4871 quatuor
2313 4802 2492 4872 capita
2539 4803 2760 4872 habere,
2790 4808 2935 4876 quod
2966 4808 3145 4879 rcipsa
3183 4812 3361 4866 conti-

1789 4887 1886 4959 git,
1922 4904 2050 4943 nam
2104 4890 2340 4946 divisum
2370 4903 2455 4947 est
2484 4892 2768 4964 imperium
2798 4898 3090 4956 Alexandri
3134 4900 3188 4956 in
3217 4918 3356 4970 qua-

1788 4988 1913 5034 tuor
1942 4996 2148 5052 regna;
2184 4983 2262 5037 sic
2293 4993 2345 5038 et
2383 5000 2530 5041 nunc
2573 4996 2887 5057 exspectare
2912 5000 3125 5060 oportet
3185 5009 3359 5065 usque

135 5068 339 5143 ταύτης,
371 5074 498 5128 ὅταν
530 5075 559 5127 6
589 5073 786 5146 χρόνος
827 5074 921 5130 τοῦ
954 5074 1144 5147 θηρίου
1182 5077 1461 5151 πληρωθῇ,
1506 5080 1600 5134 καὶ
1624 5080 1685 5134 τὸ

1803 5071 1918 5127 lum
1967 5082 2195 5146 surgant
2248 5076 2435 5131 decem
2486 5093 2693 5137 cornua
2741 5094 2809 5135 ex
2856 5082 2959 5137 ista
3009 5084 3356 5149 bestia,cum

139 5164 316 5235 μικρὸν
341 5164 528 5235 κέρας,
550 5164 687 5237 ὅπερ
707 5166 853 5219 ἐστὶν
870 5168 899 5219 ὁ
922 5164 1301 5238 ’Δντίχριστος,
1322 5168 1380 5221 ἐν
1400 5171 1582 5235 αὐτοῖς
1603 5172 1685 5225 ai-

139 5254 319 5322 φνίδιος
351 5258 620 5327 ἀναφανῇ,
648 5256 741 5311 καὶ
758 5259 792 5329 ὴ
828 5257 1140 5330 δικαιοσύνη
1162 5259 1228 5315 ὲκ
1254 5259 1356 5331 τῆς
1383 5261 1489 5333 γῆς
1517 5262 1679 5336 ἀρθῇ,

140 5346 224 5403 ai.
244 5350 271 5402 6
288 5349 390 5414 πᾶς
419 5348 626 5419 κόσμος
661 5350 739 5414 είς
766 5350 1072 5407 συντέλειαν
1095 5355 1262 5425 παρῇο
1287 5352 1427 5409 ὥστε
1453 5354 1515 5408 οὐ
1546 5372 1681 5427 προ-

138 5439 409 5509 λαμϐάνειν
438 5442 590 5519 ἡμᾶς
626 5441 708 5495 δεῖ
743 5442 840 5515 τὴν
864 5442 957 5497 τοῦ
975 5441 1110 5497 Θεοῦ
1149 5443 1366 5516 βουλὴν,
1404 5443 1540 5499 ἀλλὰ
1572 5462 1678 5517 μα-

1788 5171 2001 5235 tempus
2070 5165 2191 5239 ejus
2232 5168 2559 5238 completum
2614 5170 2752 5236 erit,
2805 5180 2860 5227 et
2909 5188 3135 5242 parvum
3164 5191 3355 5240 cornu.

1786 5253 1932 5324 quod
1978 5262 2063 5310 est
2107 5255 2498 5326 Antichristus,
2541 5261 2683 5316 inter
2732 5264 2823 5317 illa
2874 5276 3080 5319 cornua
3134 5275 3355 5334 repente

1790 5357 2069 5417 appareat,
2113 5359 2167 5405 et
2208 5351 2420 5421 iustitia
2453 5355 2520 5409 de
2564 5363 2704 5410 terra
2748 5355 3049 5421 auferatur,
3076 5356 3355 5425 totiusque

1786 5439 1933 5495 orbis
1962 5444 2360 5500 consummatio
2387 5448 2815 5519 appropinquet;
2849 5453 2919 5504 ita
2961 5458 3020 5504 ut
3059 5464 3170 5504 non
3214 5449 3355 5503 anti-

139 5531 406 5606 προθυμεῖν
446 5536 544 5593 καὶ
576 5535 810 5601 δεῖσθαι,
846 5536 935 5590 ἵνα
971 5536 1045 5607 μὴ
1067 5537 1146 5599 είς
1165 5535 1435 5600 τοιούτους
1455 5537 1680 5608 χρόνους

1803 5528 1967 5597 :ipare
2019 5543 2267 5602 oporteat
2294 5534 2386 5591 Dei
2433 5539 2851 5609 providentiam,
2900 5541 2994 5596 sed
3039 5540 3355 5610 patientiam

140 5618 459 5696 ἐμπέσωμεν
497 5624 625 5680 οὔτε
659 5625 765 5697 μὴν
805 5624 1054 5680 ἀπιστεῖν
1092 5624 1166 5689 ὠς
1202 5624 1276 5696 μὴ
1312 5624 1569 5697 μέλλοντα
1592 5626 1679 5695 γί-

142 5711 320 5770 νεσθαι*
349 5718 398 5771 εἰ
428 5715 537 5789 γὰρ
569 5714 638 5768 τὰ
664 5714 854 5786 πρῶτα
876 5714 975 5768 ὃσα
1012 5716 1267 5773 προεῖπον
1294 5716 1341 5767 el
1378 5713 1675 5785 προφῆται,

428 5834 694 5897 Ριτιιοι..
742 5832 858 5894 Gn.
892 5833 977 5892 Χ.

1786 5620 2006 5687 habere,
2037 5635 2091 5679 et
2133 5627 2324 5684 timere
2362 5646 2431 5686 ne
2478 5632 2598 5687 istis
2647 5634 2983 5704 temporibus
3016 5633 3356 5695 incidamus.

1786 5730 1895 5771 non
1916 5731 2042 5773 vero
2078 5716 2390 5777 incredulos
2421 5736 2544 5779 esse
2571 5725 2727 5794 quasi
2755 5724 2866 5779 hsce
2881 5739 2988 5779 non
3018 5721 3201 5780 futura
3223 5724 3353 5781 sint.
3410 5752 3427 5769 ε

2884 5842 2965 5903 22
