3876 6340
425 1233 438 1248 ,
516 1203 548 1242 a
573 1198 892 1244 camerarum
924 1189 1223 1244 bestiarum
1248 1196 1445 1243 natura
1477 1187 1642 1257 hujus
1666 1188 1826 1245 visio.

525 332 630 386 683
1409 331 1466 385 S.
1506 331 1863 386 HIPPOLYTI
1897 331 2045 386 OPP.
2084 331 2263 385 PARS
2306 331 2345 384 Ι.
2388 361 2457 370 -—
2493 329 2904 386 EXEGETICA.
3068 323 3074 334 ’
3601 343 3677 401 σει

527 449 584 503 Si
618 451 762 505 enim
823 466 1159 522 quiscunque
1216 453 1487 506 anteriora
1535 469 1566 507 a
1615 454 1897 524 prophetis
1957 469 2063 523 pra:

2167 503 2172 513 _
2199 451 2297 507 ούκ
2355 454 2589 522 ἐγένετο,
2655 455 2790 523 μήτε
2849 451 3022 505 ταῦτα
3053 453 3360 526 προτδοκᾷν·
3393 459 3435 510 εί
3462 459 3508 512 δὲ
3543 462 3680 517 ἐκεῖνα

522 542 670 598 dicta
740 559 849 597 non
909 553 1240 607 evenerunt,
1290 561 1464 614 neque
1521 546 1636 601 haec
1685 555 2062 616 exspectemus

2199 544 2444 612 ἐγένοντο
2482 545 2622 598 κατά
2689 544 2915 615 καιροὺς
2961 543 3156 606 ἰδίους,
3194 544 3358 609 καθὼς
3404 551 3681 623 προείρηται,

521 637 616 694 sed
661 641 706 698 si
743 648 934 694 contra
975 640 1065 693 illa
1095 641 1277 694 omnia
1313 642 1589 711 conligere
1617 642 1918 696 secundum
1961 649 2063 693 tem

2198 635 2415 698 πάντως
2450 634 2737 688 καὶταῦτα
2767 633 3167 704 τελεσθήσεται.

517 746 622 801 pus
676 732 783 786 illis
803 733 1164 803 assignatum,
1200 742 1259 787 ut
1308 732 1624 803 praedictum
1661 743 1764 800 est,
1793 733 1908 788 haec
1940 748 2095 803 pror—

517 841 614 881 sus
643 824 1030 895 implebuntur.

591 915 655 972 ν.
684 917 740 971 8.
763 949 832 958 ——
854 917 1264 972 Considerabam
1289 933 1507 971 cornua.
1537 915 1830 986 Hippolyti.
1867 914 1983 970 Hoc
2009 930 2063 968 es

2260 928 2330 992 η’.
2353 921 2735 989 Προσενόουν
2763 919 2887 985 τοῖς
2910 919 3170 987 κέρασιν.
3209 920 3510 977 Ἱππολύτου.
3533 927 3685 983 Τουτέ-

514 1014 717 1062 attente
749 1008 1104 1062 considerans
1135 1007 1386 1073 bestiam,
1422 1014 1478 1062 et
1519 1006 1797 1061 admirans
1829 1021 1954 1061 cum
1985 1006 2063 1059 ali:

2193 1029 2308 1065 στιν
2333 1013 2518 1076 ἀτενὲς
2555 1011 2740 1082 ἐώρων
2789 1011 2926 1083 πρὸς
2974 1013 3034 1066 τὸ
3075 1012 3274 1085 θηρίον,
3325 1017 3410 1067 καὶ
3443 1015 3687 1088 ἐθαύμαζον

515 1097 722 1163 omnia,
768 1108 879 1152 tum
915 1113 1181 1152 cornuum
1229 1112 1516 1152 numerum
1559 1115 1572 1150 :
1618 1096 1897 1152 diﬂ'erebat
1942 1097 2063 1152 enin

2195 1103 2331 1174 μετά
2355 1103 2462 1156 τῶν
2495 1104 2698 1158 λοιπῶν
2723 1105 2975 1158 ἁπάντων
2997 1104 3216 1158 καὶτῶν
3240 1106 3464 1177 κεράτων
3481 1107 3557 1160 τὸν
3577 1110 3689 1175 ἀριθ·

2192 1196 2309 1266 μόν·
2336 1195 2708 1268 ἐξηλλαγμένη
2751 1196 2857 1268 γὰρ
2898 1196 3048 1268 παρὰ
3079 1197 3176 1267 τὴν
3199 1195 3300 1250 τῶν
3323 1197 3502 1250 λοιπῶν
3526 1199 3686 1268 θηρίων

806 1355 808 1357 .
922 1361 926 1362 ί
2186 1291 2348 1361 φύσιν
2372 1286 2439 1361 ἦν
2468 1289 2714 1362 ήτούτου
2743 1289 2963 1362 θεωρία.

583 1363 652 1419 ν.
685 1365 774 1418 15.
815 1393 885 1403 -
909 1361 981 1417 Et
1007 1379 1167 1433 usque
1194 1363 1264 1416 ad
1293 1363 1576 1434 Antiquam
1603 1364 1806 1418 dierum
1831 1366 2062 1434 pervenit

2258 1389 2326 1451 γ’.
2355 1384 2504 1448 Ἕως
2521 1382 2628 1436 τοῦ
2641 1361 2913 1437 Παλαιοῦ
2928 1379 3046 1435 τῶν
3074 1381 3527 1452 ἠμερῶνέφθαοε.
3551 1385 3691 1438 Ἰππο-

515 1452 806 1526 Hippolyti.
874 1455 1174 1518 Antiquum
1218 1454 1438 1525 quidem
1485 1455 1696 1509 dierum
1755 1472 1866 1510 non
1916 1457 2063 1510 aliun

2185 1477 2363 1530 λύτου.
2418 1476 2651 1530 Παλαιὸν
2690 1478 2786 1546 μὲν
2831 1472 2923 1530 οὖν
2972 1475 3194 1548 ἡμερῶν
3240 1477 3334 1547 οὐχ
3372 1479 3687 1549 ἓτερονλέγει,

521 1548 660 1602 dicit
687 1547 791 1602 nisi
813 1546 1097 1602 Dominum
1114 1545 1395 1616 Deumque
1423 1547 1795 1617 arbitrumque
1815 1549 2055 1602 omnium

2184 1569 2297 1623 ἀλλ’
2326 1570 2360 1640 ἢ
2385 1568 2474 1623 τὸν
2517 1545 2772 1622 ἁπάντων
2801 1545 3026 1640 Κύριονή
3049 1545 3142 1622 καὶ
3167 1545 3415 1624 Θεὸν-καὶ

513 1638 824 1708 Christique
864 1638 1055 1708 ipsius,
1097 1637 1190 1708 qui
1228 1653 1512 1694 senescere
1553 1638 1682 1693 facit
1715 1639 1850 1704 dies,
1890 1648 1944 1693 ct
1971 1655 2063 1694 nor

2185 1613 2281 1623 ...η
2332 1613 2360 1640 .,
2395 1613 2470 1623 η,
2519 1613 2767 1622 τηαν..
2803 1613 2998 1640 ---ι-η.
3051 1613 3142 1622 η...
3172 1613 3290 1623 ν--.
3328 1613 3415 1624 η...
3451 1613 3689 1644 ---.....,,,

2181 1663 2273 1715 τὸν
2295 1661 2388 1715 καὶ
2411 1661 2577 1714 αὐτοῦ
2607 1659 2878 1738 ζριςτρξ,
2902 1659 2996 1714 τὸν
3035 1659 3363 1714 παλαιοῦντα
3396 1660 3485 1725 τὰς
3508 1662 3688 1734 ἡμέρας,

513 1741 817 1800 temporum
848 1729 1041 1786 diebus
1080 1731 1195 1801 ipse
1225 1745 1538 1787 senescens.

2179 1729 3002 1822 meantum—31sva
3039 1751 3112 1822 μὴ
3139 1729 3532 1822 παλαιούμενον.

587 1822 650 1876 ν.
677 1823 762 1878 14.
785 1810 854 1865 -ἱ
874 1823 1118 1878 Potestas
1143 1823 1278 1894 ejus,
1314 1834 1548 1894 potestas
1602 1835 1819 1880 (eterna.
1876 1823 2080 1896 ﬂippo-
2109 1808 2151 1864 Β
2264 1844 2327 1900 Ἠ
2349 1808 2600 1908 ἐξουσίᾶ
2620 1808 3381 1909 αὐτοίέέουσίάἀἰώνιοςς
3414 1842 3689 1897 σιττττοωτου⁸

511 1915 626 1986 lyti.
649 1916 876 1987 Proprio
901 1915 1040 1971 Filio
1071 1916 1232 1972 Pater
1260 1917 1443 1972 omnia
1471 1917 1784 1988 subjiciens,
1806 1927 1855 1972 et
1874 1934 1934 1974 ea
1961 1935 2063 1990 qua

2184 1934 2275 2006 Τῷ
2300 1931 2392 1990 οὖν
2437 1934 2550 2006 ίδίῳ
2585 1933 2699 2005 Υἱῷ
2732 1937 2761 1988 ὁ
2799 1934 2990 2005 Πατὴρ
3019 1935 3196 1988 πάντα
3224 1934 3477 1998 ὑποτάξας
3501 1933 3561 1988 τά
3582 1951 3630 1986 τε
3650 1934 3692 1986 tu

513 2018 642 2063 sunt
695 2009 752 2062 in
795 2009 970 2075 caelis,
1015 2016 1068 2063 et
1108 2023 1231 2078 quae
1278 2023 1443 2078 super
1491 2018 1726 2072 terram,
1775 2024 1871 2079 per
1899 2009 2063 2064 omni:

2180 2026 2566 2096 τοῖςόύρανοῖς
2592 2026 2686 2077 καὶ
2722 2023 2790 2077 τά
2817 2023 2910 2076 ἐπὶ
2945 2024 3044 2094 τῆς
3064 2022 3190 2093 γῆς,
3238 2024 3326 2078 διὰ
3363 2025 3558 2078 πάντων
3592 2025 3693 2076 ἁπε-

509 2099 884 2156 ωθηίτθδιδνίι
939 2115 1065 2156 eum
1115 2099 1533 2170 Ρτίωοῧεηίιυω
1582 2115 1649 2155 ex
1687 2099 1817 2166 Deo:
1863 2109 1923 2155 υί
1955 2115 2079 2155 cm“
2179 2114 2350 2180 δειξεν
2379 2115 2541 2168 αὐτὸν
2572 2113 2911 2187 πρωτότοκον
2933 2114 2996 2167 ὲκ
3015 2112 3175 2179 Θεοῦ,
3202 2115 3288 2169 ἵνα
3316 2114 3542 2186 μετάτοῦ
3560 2114 3694 2167 Πατέ-

506 2189 668 2246 Patre
723 2190 892 2248 Filius
920 2190 1012 2246 Dei
1047 2205 1168 2246 esse
1196 2190 1636 2246 manifestarctur
1669 2200 1793 2246 ante
1836 2191 2063 2261 angelos,

2183 2224 2273 2280 ρος
2297 2207 2425 2272 Υἱὸς
2453 2207 2588 2262 Θεοῦ
2637 2206 2712 2261 ὣν
2754 2207 3048 2280 ἀποδειχθῇ
3082 2210 3193 2282 πρὸ
3242 2208 3490 2278 ἀγγέλων,
3520 2207 3593 2260 ἵνα
3624 2208 3694 2258 καὶ

510 2291 570 2337 ut
631 2283 944 2353 angelorum
1021 2281 1285 2338 Dominus
1347 2292 1664 2351 appareret;
1753 2281 2079 2352 primogeni-

2179 1727 2580 1745 Μ

2177 2297 2422 2366 ἀγγέλων
2451 2297 2637 2369 κύριος
2669 2302 2827 2371 φανῇο
2853 2301 3200 2370 πρωτότοκον
3221 2300 3284 2352 ὲκ
3324 2296 3586 2368 παρθένου,
3628 2295 3692 2346 ἵνα

507 2382 624 2428 tum
681 2388 747 2428 ex
799 2373 1028 2443 virgine,
1102 2382 1162 2427 ut
1202 2373 1598 2443 protoplastum
1650 2370 1824 2426 Adam
1888 2371 1942 2426 in
1991 2386 2078 2426 se-

506 2466 629 2535 ipso
694 2462 1000 2520 reformans
1053 2465 1470 2529 ostenderetur;
1527 2463 1945 2532 primogenitum
2006 2478 2075 2517 ex

508 2555 760 2622 mortuis,
797 2555 1217 2626 utprincipium
1261 2565 1463 2609 nostrae
1508 2553 1923 2609 resurrectionis
1959 2553 2074 2623 ipse

507 2651 684 2704 fieret.

576 2741 710 2807 Quae
761 2758 861 2796 non
911 2739 1204 2804 auferetur.
1267 2735 1561 2807 Hippolyti.
1603 2732 1931 2792 Potestatem
1960 2752 2074 2791 om-

505 2849 630 2889 nem
690 2833 925 2908 a_Patre
972 2829 1118 2885 Filio
1173 2828 1357 2884 datam
1421 2827 1676 2896 ostendit,
1721 2829 1814 2898 qui
1872 2816 2070 2883 caeles-

504 2925 677 2989 tium,
711 2922 1048 2978 terrestrium
1080 2929 1133 2977 et
1171 2917 1506 2974 infernorum
1556 2933 1654 2974 rex
1680 2927 1735 2974 et
1759 2918 1920 2989 judcx
1953 2934 2073 2974 om-

504 3017 657 3072 nium
716 3013 1098 3068 manifestatus
1145 3019 1270 3066 est:
1306 3009 1610 3065 caelestium
1652 3010 1892 3080 quidem,
1941 3011 2068 3080 quia

2175 2389 2267 2442 τὸν
2289 2390 2712 2460 πρωτόπλαστον
2766 2390 2938 2462 Ἀδὰμ
2976 2393 3035 2445 ὲν
3077 2389 3229 2462 αὑτῷ
3269 2389 3592 2443 ἀναπλάσσων
3613 2387 3693 2438 δει-

2175 2478 2300 2551 χθῇ·
2335 2479 2676 2550 πρωτότοκον
2711 2482 2776 2534 ἐκ
2805 2479 3036 2553 νεκρῶν,
3070 2481 3161 2535 ἵνα
3191 2479 3408 2552 ἀπαρχὴ
3431 2477 3520 2548 τῆς
3539 2472 3692 2546 ἡμετέ-

2177 2586 2277 2640 ρας
2313 2569 2660 2634 ἀναστάσεως
2688 2569 2852 2646 αὐτὸς
2888 2570 3117 2643 γενηθῇ.

2247 2743 2389 2798 Ibid.
2424 2743 2583 2810 Ἦτις
2629 2746 2701 2799 οὐ
2744 2745 3175 2814 παρελεύσεται
3196 2785 3210 2798 .
3253 2741 3565 2798 Ἱππολύτου.
3610 2741 3695 2810 Τὴν

2153 2835 2422 2924 ⁹ἐξουσίαν
2437 2839 2616 2892 πᾶσαν
2628 2837 2725 2908 τὴν
2743 2855 2817 2890 πα
2825 2837 2892 2910 ρὰ
2907 2837 2998 2892 τοῦ
3018 2838 3234 2909 Πατρὺς
3248 2836 3520 2908 δεδομένην
3532 2832 3596 2903 τῷ
3608 2829 3693 2898 Υἰῴ

2173 2927 2466 2994 ὑπέδειξεν,
2499 2929 2558 2992 ὃς
2585 2929 2920 3000 ἐπουρανίων
2949 2930 3043 2983 καὶ
3076 2929 3339 2998 ἐπιγείων
3367 2926 3457 2981 καὶ
3479 2922 3694 2993 καταχθο-

2171 3020 2298 3075 νίων
2329 3019 2584 3091 βασιλεὺς
2609 3020 2704 3074 καὶ
2719 3019 2909 3092 κριτὴς
2937 3020 3156 3074 πάντων
3175 3019 3549 3073 ἀποδέδεικται’
3573 3019 3694 3068 ἐπονο

503 3105 742 3161 Verbum
777 3118 840 3158 ex
882 3102 1045 3158 corde
1090 3100 1269 3156 Patris
1314 3109 1440 3155 ante
1493 3100 1674 3156 omnia
1725 3111 1908 3156 natum
1949 3111 2063 3168 est;

2177 3113 2373 3184 ρανίων
2405 3112 2524 3184 μὲν,
2555 3113 2637 3166 ὅτι
2669 3113 2841 3182 Λόγος
2872 3115 2936 3166 ἐκ
2968 3114 3202 3186 καρδίας
3234 3113 3442 3185 Πατρός
3471 3110 3564 3183 πρὸ
3588 3108 3694 3160 πάν-

503 3195 839 3250 terrestrium
874 3204 1075 3258 autem,
1101 3192 1229 3262 quia
1255 3192 1419 3245 homo
1449 3189 1590 3244 inter
1617 3192 1864 3247 homines
1894 3190 2071 3247 factus

495 3296 607 3352 est,
643 3286 1006 3357 perseipsum
1040 3284 1342 3338 reformans
1356 3283 1554 3348 Adam;
1588 3280 1922 3337 infernorum
1955 3294 2075 3337 tan-

493 3381 646 3445 dem,
678 3379 808 3447 quia
857 3378 998 3430 inter
1048 3383 1292 3429 mortuos
1337 3383 1687 3444 computatus
1723 3384 1828 3441 est,
1855 3390 2069 3429 annun-

498 3470 645 3524 tians
711 3466 1024 3523 felicitatem
1077 3473 1394 3520 sanctorum
1462 3465 1690 3534 animis,
1723 3467 1840 3537 ipse
1893 3476 2070 3522 morte

499 3560 694 3616 mortis
720 3559 912 3616 victor.

574 3647 638 3706 Ἴ.
667 3651 754 3705 17.
783 3680 851 3689 -
882 3649 1012 3715 Quae
1051 3661 1382 3722 consurgent.
1418 3648 1710 3723 Hippolyti.
1751 3649 1885 3705 Cum
1921 3651 2066 3705 enim

502 3750 610 3800 tres
650 3743 839 3798 bestiae
883 3758 1104 3798 cursum
1151 3743 1520 3814 impleverint,
1559 3750 1613 3798 et
1637 3742 1910 3796 translata:
1951 3741 2066 3796 lue-

497 3837 627 3905 rint,
659 3837 706 3893 si
744 3835 934 3892 ultima
950 3851 1072 3907 quae
1098 3850 1245 3891 nunc
1261 3835 1438 3891 adhuc
1475 3835 1640 3904 viget,
1688 3833 1805 3903 ipsa
1851 3835 2061 3888 sublata

496 3928 683 3996 fuerit,
713 3929 1015 3984 cessabunt
1049 3925 1268 3982 tandem
1294 3927 1595 3993 terrestria,
1627 3924 1887 3995 incipient
1913 3925 2064 3980 deni-

497 4038 604 4092 que
614 4021 879 4089 cmlestia,
897 4029 954 4076 ut
970 4029 1281 4076 sanctorum
1306 4019 1680 4076 indissolubile
1690 4027 2063 4089 aeternumque

495 4129 727 4186 regnum
761 4113 1098 4179 ostendatur,
1127 4122 1183 4168 et
1209 4127 1305 4167 rex
1335 4112 1574 4168 caelestis
1601 4111 1778 4180 palam
1803 4112 2060 4167 omnibus

495 4205 894 4273 manifestetur,
926 4220 1035 4260 non
1062 4205 1177 4274 jam
1204 4219 1301 4274 per
1336 4203 1558 4274 ﬁguras,
1590 4204 1746 4273 quasi
1763 4205 1818 4258 in
1852 4204 2061 4260 visione

493 4293 788 4372 aspectus,
836 4313 1014 4370 neque
1081 4297 1135 4351 in
1181 4298 1437 4352 columna
1484 4297 1646 4353 nubis
1692 4315 1854 4369 super
1897 4314 2062 4355 cacu-

491 4383 641 4448 mine
678 4391 880 4448 montis
924 4389 1191 4455 occultus,
1241 4390 1334 4445 sed
1382 4392 1525 4445 inter
1567 4400 1862 4463 potestates
1903 4409 2059 4449 exer—

2171 3223 2280 3258 των
2307 3206 2666 3277 γεγενημένος
2693 3201 2760 3277 ἦν
2779 3205 3065 3274 ’ἐπιγείων
3092 3206 3173 3271 δὲ,
3199 3201 3557 3277 ὃτιᾶνθρωπος
3579 3202 3694 3266 ἐγεν-

2172 3296 2330 3368 νήθη,
2361 3297 2717 3351 ἀναπλάσσων
2738 3297 2804 3350 δι’
2832 3297 2994 3350 αὐτοῦ
3023 3296 3114 3350 τὸν
3159 3298 3352 3367 Ἀδάμ·
3384 3289 3695 3362 καταχθονίων

2169 3388 2248 3452 δὲ,
2281 3390 2362 3442 ὅτι
2391 3387 2484 3441 καὶ
2514 3389 2571 3441 ὲν
2602 3390 2814 3459 νεκροῖς
2842 3387 3225 3459 κατελογίσθη,
3267 3383 3693 3454 εύαγγελιζόμενθς

2170 3483 2288 3543 ταῖς
2315 3478 2423 3534 τῶν
2444 3477 2614 3548 ἁγίων
2643 3478 2861 3548 ψυχαῖς,
2897 3479 2986 3532 διὰ
3023 3478 3258 3533 θανάτου
3292 3479 3509 3532 θάνατον
3546 3471 3692 3525 νικῶν.

2239 3659 2304 3726 ιζ’
2313 3699 2324 3714 .
2350 3660 2422 3714 At
2436 3660 2833 3729 dpﬁrjo'ormt.‘
2853 3657 3191 3711 Ἱππολύτου.
3212 3656 3333 3711 Τῶν
3348 3655 3452 3727 γὰρ
3469 3651 3612 3724 τριῶν
3621 3648 3694 3718 θη-

2167 3752 2300 3824 ρίων
2344 3752 2443 3823 ἤδη
2495 3750 2894 3832 διαδραμόντων
2924 3751 3018 3803 καὶ
3065 3750 3470 3821 μεταστάντων,
3511 3745 3592 3798 καὶ
3621 3742 3693 3832 το]

2165 3841 2283 3905 ἑνὸς
2327 3841 2512 3912 ἀκμὴν
2541 3840 2619 3893 ἔτι
2659 3831 2975 3904 ἐνεστῶτος,
3008 3839 3104 3893 saw
3149 3841 3247 3893 καὶ
3281 3835 3435 3892 τοῦτο
3476 3831 3695 3908 μεταρθῇ.

2165 3929 2396 3984 παύεται
2425 3928 2608 3982 λοιπὸν
2629 3928 2698 3982 τὰ
2736 3927 2973 3996 ἐπίγεια,
3005 3927 3238 4000 ἄρχεται
3269 3926 3453 3981 λοιπὸν
3480 3925 3544 3978 τὰ
3567 3925 3699 3976 ἐπον-

2163 4024 2342 4095 ράνια,
2378 4023 2466 4076 ἵνα
2497 4021 2558 4075 τὸ
2589 4021 2698 4074 τῶν
2728 4021 2897 4090 ἁγίων
2923 4020 3265 4075 ἀκατάλυτον
3287 4021 3380 4075 καὶ
3411 4016 3605 4073 αἰώνιον
3626 4010 3700 4082 βει-

2163 4113 2358 4168 σίλειον
2401 4111 2605 4184 δειχθῇο
2655 4111 2748 4166 καὶ
2796 4112 2826 4164 ὁ
2865 4110 3116 4180 βασιλεὺς
3159 4108 3412 4184 οὐράνιος
3449 4100 3700 4179 προφανῶς

2161 4208 2325 4260 πᾶσιν
2365 4203 2678 4276 ὲπιδειχθῇ,
2727 4203 2924 4279 μηκέτι
2967 4201 3056 4256 διά
3095 4203 3296 4267 εἴδους,
3337 4203 3413 4266 ὡς
3454 4203 3509 4254 ὲν
3548 4195 3700 4270 ὁράσει

2161 4298 2512 4371 βλεπόμενος,
2563 4297 2700 4368 μήτε
2742 4297 2800 4348 ἐν
2852 4293 3027 4364 στύλῳ
3067 4293 3302 4367 νεφέλης
3358 4293 3450 4348 ἐπὶ
3495 4285 3699 4360 κορυφῆς

2158 4391 2317 4462 ὅρους
2369 4387 2903 4458 ἀποκαλυπτόμενος,
2951 4385 3086 4439 ἀλλὰ
3139 4385 3282 4457 μετά
3328 4382 3590 4453 δυνάμεων
3626 4376 3700 4430 καὶ

491 4486 739 4556 citusque
765 4482 1038 4554 angelicos
1071 4481 1386 4536 incarnatus
1418 4480 1560 4536 Deus
1588 4490 1643 4536 et
1667 4483 1852 4549 homo,
1884 4483 2055 4540 Filius

2167 4481 2425 4553 στρατιῶν
2468 4478 2783 4550 ἅγγελικῶν.
2811 4478 3073 4550 ἐνσαρκος
3123 4479 3261 4543 Θεὸς
3307 4476 3403 4531 καὶ
3435 4473 3699 4544 ἄνθρωπος,

489 4573 586 4630 Dei
629 4583 682 4630 et
729 4572 900 4628 Filius
939 4571 1200 4638 hominis,
1240 4587 1270 4626 a
1308 4571 1467 4627 caelis
1507 4571 1680 4643 judex
1739 4574 1929 4629 mundi
1961 4576 2060 4630 ad-

488 4667 732 4720 veniens.

559 4754 748 4811 ν.19.
787 4755 1014 4809 -Ροδι
1077 4753 1172 4807 hoc
1226 4752 1366 4808 colui
1419 4753 1698 4825 diligenter
1751 4754 1950 4809 discere
1994 4755 2060 4811 de

489 4848 656 4901 bestia
715 4854 928 4916 quarta.
988 4842 1276 4916 Hippolyti.
1335 4842 1412 4899 De
1453 4851 1650 4915 quarto
1689 4844 1954 4915 imperio,
1997 4855 2055 4900 ut

485 4953 651 5008 supra
684 4937 924 4994 diximus
946 4979 961 5004 ,
996 4938 1254 5009 loquitur,
1291 4936 1422 4994 illud
1444 4937 1653 4992 scilicet
1675 4935 1920 4994 indicans
1945 4954 2056 5009 quo

487 5031 666 5100 majus
693 5030 843 5086 aliud
897 5047 1007 5086 non
1071 5032 1350 5091 surrexit;
1392 5046 1459 5086 ex
1504 5043 1615 5100 quo
1663 5028 1872 5083 oritura
1922 5040 2051 5086 sunt

482 5127 668 5177 decem
704 5136 945 5188 cornua,
977 5131 1033 5176 et
1073 5121 1378 5176 dividentur
1406 5121 1460 5174 in
1493 5119 1680 5176 decem
1719 5118 2048 5174 diademata.

483 5213 625 5269 inter
682 5215 772 5269 illa
849 5229 1052 5270 cornua
1104 5212 1250 5268 aliud
1289 5227 1514 5282 parvum
1597 5227 1768 5268 cornu
1821 5222 2051 5284 surget,

485 5307 628 5378 quod
695 5314 779 5362 est
833 5321 1005 5362 cornu
1069 5303 1414 5368 Antichristi,
1471 5311 1528 5358 et
1596 5303 1893 5359 eradicabit
1951 5304 2054 5358 tria

486 5413 692 5455 cornua
745 5413 776 5452 a
840 5397 976 5453 facie
1039 5396 1197 5468 ejus,
1259 5395 1362 5450 hoc
1420 5405 1506 5449 est
1569 5395 1673 5449 tria
1733 5410 1899 5466 regna
1956 5395 2056 5450 de-

486 5501 663 5548 struet
686 5489 905 5564 Επιηὶ
933 5530 948 5556 ,
984 5491 1201 5563 Libyae,
1235 5487 1527 5557 Ethiopia:
1550 5529 1568 5556 ,
1612 5489 1800 5544 volens
1828 5487 1930 5544 sibi
1961 5504 2051 5542 ar-

485 5597 680 5652 rogarc
747 5596 962 5637 omnem
1055 5579 1504 5636 dominationem.
1585 5579 1722 5635 Cum
1787 5580 2049 5635 devicerit

484 5673 691 5743 reliqua
746 5690 950 5730 cornua
1008 5683 1258 5744 septem,
1303 5673 1524 5743 incipiet
1580 5673 1823 5739 demum,
1872 5673 2051 5751 alieno

477 5776 531 5821 et
575 5767 716 5822 malo
764 5768 955 5839 spiritu
985 5776 1222 5836 tumens,
1255 5767 1519 5824 suscitare
1551 5766 1749 5823 bellum
1787 5767 2047 5822 adversus

823 5935 854 5960 ό

2163 4572 2290 4635 Υίδς
2321 4571 2456 4626 Θεοῦ
2502 4571 2597 4627 καὶ
2628 4569 2742 4633 υἱὸς
2779 4568 3087 4642 ἀνθρώπου,
3135 4571 3233 4625 ἀπ’
3275 4566 3515 4641 οὐρανῶν
3544 4558 3700 4634 κριτὴς

2158 4665 2236 4737 τῷ
2260 4664 2447 4736 κόσμῳ
2466 4663 2917 4734 παραγινόμενος.

2228 4757 2313 4811 ιϐ’.
2341 4755 2451 4811 Kal.
2480 4753 2724 4822 ἐζῆτουν
2748 4753 2882 4822 περὶ
2914 4751 3022 4806 τοῦ
3051 4753 3262 4820 θηρίου
3293 4748 3403 4805 τοῦ
3437 4745 3699 4814 τετάρτου-

2167 4847 2504 4903 Ἰππολύτου.
2549 4845 2748 4910 Καθὼς
2792 4845 3098 4916 φθάσαντες
3133 4842 3234 4914 τὴν
3274 4841 3542 4913 τετάρτην
3584 4836 3707 4889 εἴπο-

2157 4957 2255 5013 μεν
2278 4939 2571 5011 βασιλείαν,
2599 4937 2801 5010 ταύτην
2823 4936 3000 5009 δηλῶν
3021 4939 3150 5008 παρ’
3183 4937 3254 5009 ῆν
3279 4935 3447 5007 ἑτέρα
3467 4929 3590 4998 άλλη
3617 4923 3706 4996 μεξ-

2153 5033 2262 5099 ζων
2296 5033 2390 5087 καὶ
2419 5031 2639 5103 τοιαύτη
2675 5030 2920 5102 βασιλεία
2947 5030 3038 5083 ἐπὶ
3067 5031 3166 5102 τῆς
3209 5029 3320 5099 γῆς
3376 5027 3475 5080 οὐκ
3510 5020 3707 5090 ἐγήγερ-

2151 5137 2264 5183 ται,
2299 5119 2361 5185 ὲξ
2387 5114 2456 5192 ἧς
2483 5118 2666 5189 μέλλει
2697 5117 3031 5186 ἀναφύεσθαι
3067 5118 3200 5171 δέκα
3235 5118 3467 5186 κέρατα,
3507 5109 3594 5164 καὶ
3634 5117 3707 5175 με·

2155 5213 2470 5287 ρισθήσεται
2502 5213 2582 5275 είς
2605 5212 2736 5266 δέκα
2762 5211 3082 5282 διαδήματα·
3117 5210 3212 5264 καὶ
3241 5210 3302 5262 ὲν
3331 5208 3512 5267 αὐτοῖς
3547 5200 3704 5269 ἕτερον

2157 5305 2346 5378 μικρὸν
2366 5305 2536 5377 κέρας
2561 5303 2912 5376 ἀναϐήσεται,
2938 5303 3076 5372 ὅπερ
3109 5302 3228 5354 ἐστὶ
3264 5301 3328 5354 τὸ
3372 5298 3460 5353 τοῦ
3496 5287 3703 5361 ἀντιχρὲ-

2157 5414 2300 5450 στου·
2327 5398 2421 5450 καὶ
2441 5394 2727 5465 ὲκριζώσει
2752 5395 2877 5460 τρία
2891 5394 2998 5448 τῶν
3024 5392 3338 5465 ἔμπροσθεν
3369 5385 3553 5445 αὐτοῦ’
3573 5398 3705 5436 τουτ-

2153 5490 2267 5542 έστι
2322 5489 2446 5551 τοὺς
2473 5490 2621 5558 τρεῖς
2668 5486 2904 5557 βασιλεῖς
2939 5477 3137 5544 ἀνελεῖ,
3179 5483 3483 5552 Αἰγύπτου,
3517 5473 3701 5530 Λιϐύων

2151 5597 2232 5643 τε,
2278 5579 2370 5632 καὶ
2422 5578 2714 5642 Αίθιόπων,
2751 5575 3068 5646 βουλόμενος
3095 5572 3274 5643 ἑαυτῷ
3327 5560 3701 5642 περιποιεῖσθαι

2151 5671 2248 5742 τὴν
2295 5673 2475 5724 πᾶσαν
2528 5669 2818 5740 βασιλείαν·
2870 5669 3042 5739 ὅσπερ
3083 5667 3370 5738 κρατήσας
3393 5661 3500 5715 τῶν
3523 5651 3702 5708 λοιπῶν

2151 5764 2395 5835 κεράτων
2429 5761 2586 5828 ἑπτὰ,
2620 5763 2843 5832 ἄρχεται
2875 5759 3078 5824 λοιπὸν,
3115 5757 3220 5815 ὑπὸ
3265 5754 3362 5810 τοῦ
3399 5748 3544 5822 αύτῷ
3568 5743 3702 5803 ἁλλο-
