3876 6340
231 341 315 396 685

1330 335 1751 393 FRAGMENTA
1778 333 1844 388 ΙΝ
1884 334 2018 389 DAN
2024 333 2248 392 IELEM.

3305 331 3409 387 686

225 462 351 530 τρίου
396 459 481 511 καὶ
528 457 758 530 πονηροῦ
800 457 1105 530 πνεύματος
1154 459 1464 530 φυσιωθεὶς,
1512 459 1745 529 πόλεμον

1874 469 2065 513 auctos
2087 499 2102 525 ,
2153 467 2209 512 et
2247 473 2436 513 omnes
2471 458 2672 529 ubique
2714 466 3094 529 persequetur,
3124 456 3312 512 volens
3342 456 3411 510 ab

224 551 425 624 ἐγείρειν
453 549 584 603 κατὰ
607 550 715 604 τῶν
742 551 931 620 ἁγίων,
966 554 1060 606 καὶ
1089 553 1296 618 πάντας
1318 554 1592 625 πανταχοῦ
1624 553 1745 608 διώ-

221 659 337 705 κειν,
366 640 671 712 βουλόμενος
707 641 811 696 ὑπὸ
842 642 1059 698 πάντων
1084 644 1399 711 δοξάζεσθαι
1447 646 1540 701 καί
1578 663 1746 718 προσ-

218 732 463 789 κυνεῖσθαι
490 732 563 798 ὼς
584 733 735 798 Θεός.

272 819 365 889 κβ¹.
391 825 526 892 Ἕως
550 823 747 897 ἦλθεν.
778 825 1111 883 Ἱππολύτου.
1170 829 1612 901 Παραγινομένου
1639 829 1748 882 λοι-

215 919 297 971 πὸν
319 918 415 971 ἀπὸ
439 919 658 990 ούρανοῦ
678 921 875 992 Κριτοῦ
899 921 1006 975 τῶν
1035 921 1235 993 κριτῶν
1256 920 1462 976 καὶτοῦ
1477 921 1746 985 Βασιλέως

213 1009 302 1062 τῶν
334 1007 603 1080 βασιλέων,
636 1008 695 1072 ὃς
723 1012 1047 1083 μεταστήσει
1070 1012 1247 1064 πᾶσαν
1271 1011 1368 1082 τὴν
1395 1009 1488 1064 τοῦ
1511 1010 1747 1064 ἀντικει-

217 1102 357 1171 μένου
407 1101 574 1175 ἀρχὴν
618 1102 713 1156 καὶ
743 1102 992 1175 δύναμιν,
1031 1102 1124 1157 καὶ
1168 1098 1496 1172 καταφλέξει
1538 1101 1747 1165 πάντας

216 1194 390 1264 αἰωνίῳ
419 1195 545 1265 πυρὶ
572 1193 830 1259 κολάζων·
856 1197 969 1258 τοῖς
1000 1193 1057 1247 δὲ
1086 1191 1290 1257 δούλοις
1317 1192 1479 1247 αὐτοῦ
1507 1193 1602 1247 καί
1635 1196 1747 1257 τοῖς

216 1286 486 1357 προφήταις
514 1286 607 1341 καὶ
641 1287 908 1360 μάρτυροι
942 1287 1037 1341 καὶ
1079 1287 1211 1340 πᾶσι
1234 1288 1345 1349 τοῖς
1398 1284 1747 1357 φοϐουμένοις

213 1378 350 1432 αὑτὸν
377 1376 528 1430 δώσει
563 1378 624 1430 τὸ
663 1378 876 1432 αἰώνιον
909 1376 1196 1447 βασίλειον.
1229 1409 1299 1419 -
1329 1376 1584 1431 Τουτέστι
1626 1377 1749 1430 ἀτε-

211 1464 436 1535 λεύτητον
464 1465 642 1533 ἕξουσι
670 1466 778 1522 τῶν
811 1466 1030 1536 ἀγαθῶν
1049 1467 1148 1538 τὴν
1174 1466 1491 1522 ἀπόλαυσιν.

272 1563 355 1609 κε’.
384 1558 527 1624 Ἕως
549 1559 777 1626 καιροῦ,
800 1559 897 1615 καί
920 1557 1159 1627 καιρῶν,
1184 1558 1286 1613 καὶ
1310 1558 1496 1628 ἣμισυ
1521 1556 1746 1625 καιροῦ.

217 1648 527 1703 Ἱππολύτου.
561 1650 736 1723 Ὀπερ
766 1652 1017 1724 σημαίνει
1036 1650 1160 1723 τρία
1190 1651 1286 1723 ἔτη
1311 1653 1406 1705 καὶ
1431 1652 1619 1722 ἥμισυ.

817 1830 975 1887 ΚΕΦ.
1013 1829 1089 1885 Θ¹.

269 1928 360 1977 xa’.
391 1922 496 1977 Καὶ
516 1922 643 1977 ἰδοὺ
663 1922 814 1992 ἀνὴρ
845 1922 1174 1993 Γαϐριὴλ...
1200 1925 1540 1994 πετόμενος.
1566 1926 1748 1979 Ἰππο-

207 2010 364 2069 ὶύτου.
398 2015 567 2086 Ὁρᾷς
594 2014 755 2079 πῶςό
790 2018 1068 2088 προφήτης
1105 2018 1204 2089 τὴν
1234 2016 1466 2089 ὀξύτητα
1499 2018 1606 2071 τῶν
1655 2019 1753 2086 ἀγ-

1844 548 2099 605 omuibus
2134 549 2424 620 glorilieari
2461 560 2516 605 et
2545 551 2761 605 adorari
2789 550 2931 605 velut
2962 547 3125 605 Deus.

1918 830 1980 887 ν.
2011 833 2100 887 22.
2131 863 2201 872 -
2230 832 2399 888 Donec
2452 834 2592 888 venit
2623 829 2888 904 Antiquus
2934 835 3158 887 dierum.
3209 831 3414 901 llippo-

1844 924 1960 997 lyti.
2000 922 2155 980 Venit
2186 926 2401 979 tandem
2429 940 2462 980 e
2499 926 2638 981 cmlo
2685 924 2859 980 Judex
2896 924 3166 993 iudicum,
3212 932 3267 979 et
3296 922 3409 978 Rex

1845 1030 2055 1084 regum,
2101 1014 2194 1085 qui
2240 1016 2481 1071 destruet
2520 1030 2739 1071 omnem
2788 1014 2999 1069 Inimici
3039 1014 3325 1083 imperium
3361 1023 3416 1067 et

1845 1114 2187 1175 potestatem,
2221 1114 2271 1159 et
2308 1104 2590 1160 comburet
2639 1119 2830 1160 omnes
2877 1113 3082 1159 aeterno
3130 1104 3254 1175 igne
3308 1119 3414 1173 pu-

1847 1195 2038 1262 niens;
2071 1198 2242 1252 servis
2273 1206 2453 1252 autem
2475 1197 2616 1266 ejus,
2650 1207 2704 1252 et
2730 1196 3033 1267 prophetis,
3074 1204 3131 1249 et
3163 1196 3417 1269 martyri-

1853 1286 1977 1350 bus,
2006 1295 2060 1340 et
2080 1286 2336 1342 omnibus
2367 1287 2682 1344 timentibus
2712 1304 2837 1344 eum
2862 1288 3015 1343 dabit
3041 1299 3302 1343 aeternum
3330 1306 3417 1343 re-

1856 1392 2057 1450 gnum;
2110 1377 2214 1432 hoc
2246 1388 2329 1433 est
2370 1386 2631 1434 aeternam
2671 1379 2948 1435 habebunt
2983 1379 3253 1435 bonorum
3289 1396 3416 1450 pos-

1848 1470 2169 1526 sessionem.

1924 1559 1988 1617 V.
2027 1561 2118 1617 25.
2166 1591 2234 1600 —
2273 1559 2446 1631 Usque
2472 1561 2542 1614 ad
2573 1570 2772 1629 tempus
2808 1569 2857 1615 et
2889 1571 3123 1631 tempora
3167 1574 3218 1618 et
3254 1563 3417 1617 dimi-

1850 1653 1996 1707 dium
2021 1659 2283 1724 temporis.
2317 1653 2607 1725 Hippolyti.
2650 1653 2805 1722 Quod
2865 1654 3136 1725 signiﬁcat
3180 1665 3291 1712 tres
3319 1668 3420 1710 an-

1854 1761 1957 1802 nos
1982 1762 2107 1801 cum
2135 1746 2384 1802 dimidio.

2496 1835 2646 1891 CAP.
2673 1835 2765 1892 IX.

1923 1926 1988 1981 γ.
2022 1925 2112 1980 21.
2147 1955 2219 1966 —
2247 1923 2381 1979 Ecce
2407 1926 2487 1980 vir
2534 1923 2813 1980 Gabriel...
2860 1914 2964 1980 cito
3020 1925 3269 1982 volans...
3309 1936 3415 1984 etc.

1856 2017 2143 2088 Hippolyti.
2195 2014 2357 2073 Vides
2408 2014 2689 2087 quomodo
2745 2017 3008 2088 propheta
3072 2019 3416 2076 velocitatem

208 2106 357 2174 γέλων
381 2106 614 2178 πετεινῷ
663 2112 926 2180 πτερωτῷ
977 2112 1153 2181 ὁμοιοί
1181 2109 1269 2164 διὰ
1314 2110 1376 2165 τὸ
1419 2113 1615 2180 κουφὸν
1660 2113 1753 2166 καὶ

1874 2109 2166 2180 mgelorum
2206 2108 2293 2162 avi
2339 2108 2643 2179 pennigera:
2664 2109 2950 2176 assimilat,
2983 2120 3200 2180 propter
3231 2112 3418 2167 levita-

209 2198 432 2271 ἐλαςορὺν,
459 2198 624 2256 ἅτινα
653 2199 941 2271 πνεύματα
968 2203 1241 2274 πετόμενα
1267 2204 1477 2275 ταχέως
1510 2203 1645 2275 πρὸς
1684 2206 1752 2259 τὰ

1877 2218 1961 2257 em
1981 2210 2035 2256 et
2057 2199 2420 2270 rapiditatem,
2447 2216 2573 2256 cum
2607 2201 2807 2273 quibus
2833 2201 2886 2256 hi
2922 2203 3147 2273 spiritus
3171 2204 3419 2260 celeriter

212 2292 504 2365 κελευόμενα
539 2293 886 2348 ὑπακούουσι.

1879 2292 2020 2348 ussis
2055 2292 2333 2347 obediunt.

849 2389 1005 2442 ΚΕΦ.
1041 2390 1097 2442 I'.

2507 2381 2658 2439 CAP.
2698 2383 2768 2438 Χ.

268 2478 437 2543 ς’.Καί
453 2479 490 2547 ἠ
505 2478 681 2550 φωνὴ
701 2478 819 2534 τῶν
835 2482 1049 2550 λόγων.
1075 2480 1405 2535 Ἱππολύτου.
1422 2482 1629 2547 Πάντες
1648 2482 1756 2556 γὰρ

1924 2470 1989 2527 ν.
2042 2473 2092 2529 6.
2132 2472 2197 2529 Et
2229 2490 2329 2529 vox
2366 2491 2685 2530 sermonum.
2722 2473 3016 2549 Hippolyti.
3048 2477 3250 2535 Omnes
3275 2480 3421 2535 enim

209 2570 425 2640 σήμερον
449 2572 499 2624 οἱ
551 2573 631 2636 εἰς
672 2572 835 2626 αὑτὸν
865 2571 1205 2637 πιστεύοντες
1236 2573 1306 2626 τὰ
1331 2572 1487 2642 λόγια
1516 2574 1754 2647 Χριστοῦ

1876 2562 2019 2618 ιοάίο
2054 2564 2148 2634 qui
2198 2565 2254 2618 in
2293 2580 2417 2620 eum
2459 2563 2762 2633 credimus,
2795 2567 3014 2621 oracula
3049 2565 3255 2621 Christi
3283 2581 3425 2637 pra:-

210 2659 557 2732 φθεγγόμεθα,
581 2662 656 2726 ὡς
676 2662 763 2716 διὰ
791 2662 1052 2735 στόματος
1074 2663 1238 2719 αὑτοῦ
1257 2664 1542 2729 λαλοῦντες
1573 2665 1641 2720 τὰ
1663 2665 1755 2718 ὑπ’

1874 2653 2123 2722 iicamus,
2150 2656 2308 2725 quasi
2332 2672 2427 2728 per
2450 2671 2514 2713 os
2541 2655 2661 2727 ejus
2687 2657 2970 2728 loquentes
2989 2659 3109 2730 ejus
3128 2669 3418 2730 praecepta.

209 2752 351 2806 αὑτοῦ
370 2754 842 2826 προστεταγμένα.

267 2838 325 2903 ζ’.
355 2842 457 2898 Καὶ
501 2842 645 2897 Ζδον
691 2843 821 2915 ἐγώ.
879 2832 1212 2899 Ἰππολῦτου.
1248 2847 1373 2912 Τοῖς
1422 2847 1532 2920 γὰρ
1582 2847 1756 2916 ἁγίοις

1926 2828 1991 2885 V.
2056 2830 2104 2884 7.
2160 2859 2232 2870 —
2283 2829 2403 2885 Vidi
2459 2844 2635 2886 autem
2682 2848 2796 2903 ego.
2852 2829 3142 2907 Hippolyti.
3206 2836 3425 2891 Sanctis

210 2924 550 2998 φοϐουμένοις
577 2929 758 2995 αὑτὸν,
793 2933 977 2997 αὐτοῖς
1021 2933 1200 3004 μόνοις
1242 2936 1433 2990 ἐαυτὸν
1476 2935 1755 2991 ἀποκαλύ-

209 3028 332 3071 πτει*
353 3020 398 3072 εί
423 3019 545 3093 γάρ
564 3037 646 3085 τις
673 3020 931 3078 δοκεῖκαὶ
950 3026 1008 3078 ἐν
1045 3024 1338 3098 Ἐκκλησία
1357 3026 1450 3081 νῦν
1479 3027 1756 3082 πολιτεύε-

208 3104 333 3173 σθαι,
359 3107 531 3177 φόϐον
550 3108 608 3164 δὲ
628 3108 762 3164 Θεοῦ
790 3112 862 3184 μὴ
908 3111 1040 3180 ἔξει,
1085 3114 1234 3168 οὐδὲν
1267 3114 1453 3169 τοῦτον
1499 3117 1681 3190 ὠφελῇ
1721 3120 1755 3190 ἡ

208 3198 325 3270 πρὸς
354 3201 476 3264 τοὺς
521 3199 714 3269 ἁγίους
746 3201 980 3266 σύνοδος.

252 3289 347 3360 κβ⁹.
384 3290 808 3358 Ἠκούσθησαν
836 3295 890 3346 οἱ
913 3295 1081 3364 λόγοι
1107 3310 1241 3348 σου.
1258 3293 1589 3348 Ἱππολύτου.
1618 3295 1758 3369 Ὅρα

207 3378 350 3433 πόσον
379 3380 565 3451 ίσχύει
586 3380 837 3436 εὐλάϐεια
876 3383 1066 3458 ἀνδρὸς
1098 3383 1324 3450 δικαίου,
1376 3385 1461 3438 ἵνα
1490 3383 1558 3438 τὰ
1595 3386 1761 3456 μήπω

208 3467 441 3538 μέλλοντα
488 3469 865 3543 φανεροῦσθαι
908 3473 967 3526 ἐν
1011 3473 1218 3545 κόσμῳ,
1269 3472 1441 3544 τούτῳ
1506 3473 1652 3545 μόνῳ
1685 3473 1761 3539 ὡς

205 3558 322 3630 ἀξίῳ
348 3560 828 3632 ἀποκαλυφθῆναι.

266 3658 345 3719 ιγ’.
371 3653 478 3707 Kal
547 3652 674 3707 ίδοὺ
699 3654 955 3724 Μιχαήλ.
990 3655 1321 3711 Ἱππολύτου.
1345 3658 1411 3711 Τί
1442 3657 1499 3712 δέ
1533 3660 1647 3713 ἐστι
1664 3659 1765 3714 Mt-

205 3743 346 3815 χαὴλ,
366 3745 543 3817 ἀλλ’ἢ
573 3748 602 3799 ὁ
637 3747 866 3816 ἄγγελος
901 3750 931 3801 ὁ
948 3747 1026 3820 τῷ
1051 3748 1165 3820 λαῷ
1196 3749 1658 3822 παραδεδομένος;
1686 3749 1766 3816 ὡς

205 3832 334 3905 λέγει
368 3838 447 3911 τῷ
480 3840 750 3895 Μωῦσεῖο
784 3841 858 3894 Ού
896 3841 971 3914 μὴ
1002 3842 1250 3912 πορευθῶ
1285 3843 1403 3913 μεθ’
1432 3843 1585 3916 ὑμῶν
1617 3845 1674 3899 ἐν
1697 3846 1762 3917 τῇ

203 3930 313 4001 ὁδῷ,
342 3932 431 3987 διὰ
474 3932 549 3987 τὸ
600 3933 692 3988 τὸν
727 3933 853 3989 λαὸν
900 3935 1367 4010 σκληροτράχηλον
1400 3934 1558 3993 εἶναι·
1590 3939 1705 3994 ἀλλ’
1737 3943 1768 3996 ὁ

204 4021 413 4092 ἄγγελός
444 4043 559 4096 μου
584 4025 909 4097 πορεύσεται
936 4027 1052 4099 μεθ’
1076 4027 1249 4100 ὑμῶν.

267 4117 629 4188 ις¹.Ὲτράςοη
655 4119 728 4174 τὰ
752 4119 924 4186 ἐντός
954 4139 1093 4190 μου.
1127 4121 1457 4176 Ἱππολύτου.
1490 4124 1635 4178 Ἔδει
1658 4124 1764 4199 γὰρ

207 4209 289 4263 ἐτιί
310 4213 374 4283 τῇ
404 4210 687 4283 παρουσίᾳ
729 4210 821 4264 τοῦ
857 4211 1061 4282 Κυρίου
1090 4210 1158 4266 τὰ
1180 4213 1293 4268 ἄνω
1318 4213 1468 4268 κάτω
1501 4215 1763 4283 γίνεσθαι·

203 4299 282 4354 ἵνα
315 4302 409 4357 καὶ
437 4303 512 4358 τὰ
544 4302 699 4357 κάτω
726 4304 807 4366 είς
827 4303 895 4358 τὰ
932 4304 1045 4358 ἄνω
1075 4303 1246 4358 ἐλθεῖν
1284 4304 1505 4377 δυνηθῇ.
1539 4336 1611 4346 --
1633 4306 1769 4377 Χρό-

205 4404 309 4451 νου,
338 4391 496 4463 φησι,
525 4390 717 4461 δέομαι
738 4393 815 4455 είς
840 4391 902 4445 τὸ
930 4391 1211 4447 ἀναλαϐεῖν
1233 4394 1488 4465 ἐμαυτὸν,
1508 4396 1602 4451 καὶ
1619 4397 1770 4467 δυνη-

204 4481 352 4552 θῆναι
383 4486 625 4558 ἀρκέσαι
665 4499 727 4537 τε
753 4484 889 4558 πρὸς
919 4488 1046 4552 τοὺς
1083 4486 1293 4556 λόγους,
1340 4488 1434 4543 καὶ
1465 4489 1764 4563 ἀποκρίνα-

207 4573 319 4627 σθαι
366 4580 511 4649 πρὸς
553 4574 625 4630 τὰ
654 4575 939 4649 λεγόμενα.
961 4611 1028 4621 -
1073 4579 1212 4633 Ἀλλ’
1257 4582 1316 4634 ἐν
1343 4579 1573 4649 τούτοις,
1606 4585 1763 4653 φησὶ,

201 4663 289 4731 ῶν,
322 4669 454 4741 παρ’
490 4667 714 4733 ἐλπίδας
740 4670 1110 4741 ἐρῤωννύμην·
1134 4673 1163 4726 ὁ
1191 4671 1266 4743 μὴ
1301 4670 1414 4745 γὰρ
1450 4674 1634 4743 ὀφθεὶς
1658 4675 1767 4747 ἦπ-

200 4772 331 4812 τετο·
362 4761 571 4817 αὐτίκα
610 4760 666 4816 δὲ
716 4760 861 4832 μάλα
892 4763 926 4833 ἡ
978 4761 1075 4833 μὲν
1111 4762 1361 4818 ἀσθένεια
1409 4764 1765 4837 ἀπηλαύνετο,

199 4849 272 4912 είς
314 4850 372 4904 δέ
420 4852 529 4922 τὴν
569 4851 841 4924 προτέραν
876 4850 1217 4924 καθιστάμην
1259 4855 1429 4926 ίσχύν.
1456 4889 1525 4898 --
1578 4857 1767 4911 Ὁπότε

201 4938 301 5011 γὰρ
331 4940 584 5013 παρέλθῃ
616 4943 765 4996 πᾶσα
794 4943 828 5012 ἠ
849 4940 943 4994 τοῦ
973 4940 1088 5011 βίου
1117 4942 1274 5014 ἡμῶν
1308 4944 1459 5016 ίσχῦς
1496 4947 1590 5000 καί¹
1616 4947 1764 5013 δόξα,

198 5029 313 5083 τότε
339 5031 731 5103 δυναμούμεθα
758 5031 863 5085 ὑπὸ
886 5031 980 5085 τοῦ
1008 5031 1242 5105 Χριστοῦ
1276 5035 1556 5107 ὀρέγοντος
1588 5040 1765 5108 χεῖρα,

201 5122 288 5174 καὶ
312 5124 625 5193 ἐγείροντος
656 5126 722 5177 ἐκ
750 5124 959 5198 νεκρῶν
989 5124 1215 5191 ζῶντας,
1246 5128 1339 5180 καὶ
1370 5127 1446 5192 ὡς
1494 5127 1601 5182 ἀπὸ
1640 5127 1765 5199 ᾇδου

199 5211 272 5275 εἰς
302 5213 604 5269 ἀνάστασιν
626 5213 790 5285 ζωῆς.

269 5312 358 5377 ιη’.
406 5306 530 5361 Καὶ
555 5306 845 5376 ἐνίσχυσέ
878 5324 975 5376 με.
1029 5307 1368 5363 Ἱππολύτου.
1424 5308 1618 5362 Ὀπότε
1656 5308 1765 5382 γὰρ

202 5395 486 5458 εύελπίδας
520 5399 768 5469 ἐποίησεν
795 5401 941 5471 ἡμᾶς
964 5401 994 5454 ὁ
1027 5400 1195 5469 Λόγος
1221 5399 1356 5470 πρὸς
1384 5399 1454 5454 τὰ
1487 5400 1766 5472 μέλλοντα,

202 5486 437 5552 εὐκόλως
469 5489 567 5543 καὶ
591 5490 691 5561 τῆς
715 5489 905 5545 τούτου
925 5491 1106 5561 φωνῆς
1129 5490 1346 5545 ἀκούειν
1365 5491 1659 5563 δυνάμεθα.

261 5576 329 5636 κ’.
362 5577 485 5635 Τοῦ
519 5579 850 5651 πολεμῆσαι
867 5582 1017 5652 μετὰ
1037 5583 1327 5652 ἄρχοντος
1346 5581 1610 5652 Περσῶν.
1655 5583 1760 5638 Ἱπ-

206 5669 455 5725 πολύτου.
521 5671 631 5742 Ἀφ’
664 5670 732 5745 ἦς
761 5674 869 5746 γὰρ
897 5674 1110 5747 ἡμέρας
1142 5674 1348 5740 ἔδωκας
1378 5676 1440 5729 τὸ
1481 5676 1767 5747 πρόσωπόν

211 5774 299 5815 σου
321 5762 637 5838 κακωθῆναι
669 5768 905 5824 ἐναντίον
934 5768 1136 5839 Κυρίου
1164 5769 1257 5824 τοῦ
1290 5768 1424 5823 Θεοῦ
1462 5786 1579 5837 σου,
1604 5768 1765 5841 ἡκούεο

1857 2923 2000 2978 enim
2024 2922 2338 2979 timentibus
2365 2938 2488 2978 eum
2517 2923 2648 2980 solis
2667 2939 2787 2981 sese
2812 2926 3042 2994 revelat;
3076 2944 3200 2982 nam
3227 2929 3271 2983 si
3298 2931 3424 3001 quis

1802 3034 1803 3037 η
1858 3013 2073 3070 videtur
2092 3023 2146 3069 et
2166 3014 2223 3069 in
2241 3013 2484 3070 Ecclesia
2503 3013 2613 3086 jam
2626 3015 2827 3082 vivere,
2848 3017 3098 3073 timorem
3121 3029 3300 3075 autem
3328 3020 3422 3077 Dei

1861 3119 1972 3160 non
2021 3104 2201 3172 habet,
2249 3104 2388 3161 nihil
2444 3105 2496 3161 ei
2552 3106 2769 3178 expedit
2805 3119 3119 3165 sanctorum
3165 3112 3422 3169 societas.

1931 3281 1997 3337 V.
2056 3283 2144 3339 12.
2173 3313 2245 3324 -—
2274 3282 2547 3340 Exaudite
2597 3297 2719 3342 sunt
2765 3291 2918 3343 verba
2970 3298 3081 3346 tua.
3130 3289 3424 3365 Hippolyti.

1861 3372 1997 3431 Vide
2015 3385 2279 3448 quantum
2309 3386 2485 3448 potest
2511 3379 2686 3434 oratio
2713 3380 2813 3436 viri
2847 3382 3003 3453 justi,
3041 3392 3102 3439 ut
3126 3400 3249 3456 quae
3290 3402 3429 3444 non-

1861 3466 1991 3521 dum
2028 3465 2425 3525 manifestanda
2459 3479 2588 3526 sunt
2625 3470 2681 3525 in
2734 3472 2976 3538 mundo,
3016 3472 3144 3530 huic
3197 3473 3299 3530 soli
3367 3489 3423 3532 ut

1867 3567 2061 3615 sancto
2094 3561 2423 3617 revelentur.

1934 3648 2124 3712 v.45.
2157 3650 2325 3705 -Ει
2369 3669 2483 3708 ecce
2525 3652 2772 3710 Michael.
2823 3652 3117 3729 Hippolyti.
3169 3659 3303 3726 Quis
3349 3673 3429 3716 est

1863 3742 2092 3800 Michael
2119 3785 2135 3811 ,
2186 3745 2292 3801 nisi
2323 3745 2547 3818 angelus
2590 3746 2791 3816 populo
2824 3747 2984 3804 datus
3022 3760 3080 3805 ut
3111 3753 3335 3807 custos?
3362 3752 3433 3808 Ut

1863 3835 2001 3891 dixit
2026 3835 2218 3907 (Deus)
2248 3835 2421 3906 Moysi
2452 3853 2465 3890 :
2501 3832 2621 3892 Non
2644 3837 2916 3894 ambulavi
2953 3838 3094 3895 inter
3124 3856 3220 3896 vos
3241 3841 3294 3896 in
3321 3843 3430 3906 via,

1862 3924 1992 3993 quia
2022 3925 2258 3995 p0pulus
2287 3923 2378 3981 hic
2403 3925 2542 3981 dura
2560 3925 2770 3982 cervice
2788 3936 2892 3994 est,
2914 3928 3008 3984 sed
3023 3929 3247 4002 angelus
3275 3948 3431 3988 meus

1863 4015 2161 4072 ambulabit
2187 4014 2328 4072 inter
2354 4031 2473 4072 vos.

1941 4105 2003 4162 ν.
2044 4108 2131 4162 16.
2162 4137 2236 4148 -
2274 4106 2562 4164 Dissolutae
2586 4120 2708 4164 sunt
2740 4127 3013 4183 compages
3048 4129 3194 4169 meae.
3225 4110 3431 4185 Hippo-

1863 4197 1986 4270 lyti.
2018 4194 2247 4269 Oportet
2297 4199 2532 4255 adventu
2578 4199 2794 4257 Domini
2858 4219 2980 4274 qua:
3025 4219 3244 4260 sursum
3302 4216 3433 4262 sunt

1863 4291 2120 4347 deorsum
2150 4291 2288 4357 ﬁeri,
2313 4301 2373 4347 ut
2403 4306 2526 4362 quae
2543 4293 2799 4349 deorsum
2834 4309 3052 4350 sursum
3083 4296 3163 4352 ire
3198 4298 3426 4367 possint.

1865 4411 1938 4423 —
1978 4380 2268 4454 Tempore,
2326 4383 2543 4455 inquit,
2570 4384 2706 4439 mihi
2755 4400 2892 4456 opus
2932 4395 3038 4453 est,
3081 4397 3143 4443 ut
3181 4388 3431 4460 colligam

1869 4472 2157 4543 meipsum.
2174 4473 2489 4546 passimque
2501 4475 2770 4531 sustinere
2798 4491 3100 4544 sermones,
3130 4488 3185 4534 et
3202 4496 3430 4551 respon-

1868 4564 1996 4621 dere
2018 4566 2105 4622 bis
2127 4582 2248 4637 quae
2278 4566 2425 4623 dicta
2458 4576 2606 4623 sunt.
2625 4568 2818 4624 —Sed
2850 4568 2904 4622 in
2938 4569 3053 4634 his,
3084 4570 3281 4640 inquit,
3307 4590 3435 4628 cum

1867 4672 2071 4725 essem,
2088 4666 2283 4729 praeter
2304 4674 2456 4730 spem
2475 4660 2765 4716 roboratus
2780 4676 2900 4715 sum
2935 4680 2951 4717 :
2976 4662 3267 4720 invisibilis
3285 4665 3434 4720 enim

1869 4749 2055 4823 (Deus)
2078 4766 2165 4806 me
2208 4751 2484 4823 tangebat,
2538 4762 2594 4808 et
2643 4755 2894 4824 protinus
2935 4754 3152 4825 quidem
3183 4758 3436 4813 debilitas

1868 4858 1989 4898 mea
2040 4843 2222 4898 ablata
2268 4852 2382 4911 est,
2428 4853 2482 4899 et
2519 4845 2575 4899 in
2617 4846 2801 4916 priore
2835 4846 3118 4902 restitutus
3156 4864 3276 4904 sum
3341 4866 3435 4904 ro-

1869 4935 2023 4990 bore.
2055 4935 2281 5002 Qu0ties
2311 4935 2454 4990 enim
2489 4938 2706 4993 transiit
2733 4952 2894 4992 omne
2932 4939 3057 4993 vitae
3097 4950 3298 4996 nostrae
3337 4956 3433 4995 ro-

1867 5027 1994 5093 bur,
2043 5036 2174 5083 tunc
2216 5035 2459 5098 potentes
2513 5042 2705 5085 sumus
2737 5043 2833 5098 per
2877 5027 3155 5085 Christum
3209 5047 3430 5086 manum

1868 5120 2200 5183 tendentem,
2243 5127 2299 5173 et
2329 5119 2671 5190 evigilantem
2715 5135 2782 5175 ex
2816 5122 3047 5177 mortuis
3082 5123 3343 5188 viventes,
3379 5132 3435 5178 et

1869 5209 2029 5282 quasi
2056 5209 2125 5265 ab
2153 5209 2343 5265 inferis
2374 5210 2426 5264 in
2454 5211 2903 5266 resurrectionem
2934 5211 3076 5267 vitm.

1943 5302 2009 5357 ν.
2039 5303 2125 5358 18.
2162 5302 2230 5356 Et
2252 5303 2567 5372 confortavit
2597 5320 2696 5359 me.
2722 5303 3011 5378 Hippolyti.
3041 5304 3264 5373 Quoties
3285 5305 3431 5360 enim

1872 5411 1968 5467 spe
2004 5412 2106 5453 nos
2145 5396 2387 5468 implevit
2414 5395 2654 5452 Verbum
2686 5409 2785 5464 pro
2827 5397 2990 5451 rebus
3024 5396 3247 5463 futuris,
3274 5392 3434 5451 facile

1791 5524 1831 5563 ιη
1872 5503 2060 5545 vocem
2085 5486 2205 5558 ejus
2230 5487 2536 5544 auscultare
2557 5499 2869 5556 possumus.

1796 5558 1849 5627 ί-ί.
1928 5579 1994 5635 V.
2031 5579 2121 5635 20.
2148 5610 2219 5622 ——
2250 5579 2311 5634 Ut
2339 5581 2554 5650 prazlier
2599 5579 2874 5632 adversum
2909 5581 3195 5651 principem
3236 5579 3435 5636 Persa—

1861 5691 1997 5729 rum.
2034 5672 2325 5744 Hippolyti.
2362 5672 2442 5727 Ex
2473 5672 2562 5727 illa
2610 5670 2698 5727 die
2741 5687 2846 5743 qua
2894 5670 3188 5726 bumiliasti
3224 5673 3435 5726 vultum

1866 5775 2016 5821 tuum
2048 5781 2079 5820 a
2110 5764 2247 5823 facie
2281 5763 2494 5822 Domini
2529 5764 2626 5822 Dei
2655 5764 2771 5833 tui,
2799 5762 2981 5822 audita
3009 5772 3093 5820 est
3122 5774 3293 5820 oratio
3323 5775 3430 5827 tua,
