3876 6340
439 383 544 439 687

1317 388 1376 444 S.
1417 386 1776 443 HIPPOLYTI
1814 385 1962 441 OPP.
2004 382 2183 437 PARS
2217 384 2255 438 l.
2288 418 2357 426 —
2389 387 2803 446 EXEGETICA.

3581 393 3680 449 688

437 519 493 564 et
520 509 716 564 missus
751 527 873 568 sum
916 526 1016 584 ego
1063 522 1120 564 ut
1155 511 1361 580 prwlier
1403 517 1678 564 adversum
1706 513 2003 581 {principem

2105 506 2256 580 σθηη
2298 508 2480 579 δέησίς
2502 528 2616 574 σου,
2649 513 2741 565 καὶ
2767 514 3078 586 ἀπεστάλην
3112 513 3223 585 ἐγὼ
3252 514 3346 571 τοῦ
3375 513 3678 588 πολεμῆσαι

438 603 727 658 Persarum
742 602 1055 673 ;quoddam
1101 601 1244 655 enim
1286 600 1568 655 consilium
1613 600 1789 654 fuerat
1820 616 1887 652 ne
1919 591 2005 647 di-

438 693 751 748 mitteretur
778 691 1011 763 populus
1042 707 1055 742 :
1091 699 1150 744 ut
1172 706 1299 762 ergo
1323 690 1482 745 citius
1502 689 1657 744 ﬁeret
1678 688 1864 758 petitio
1890 703 2003 755 tua,

436 784 616 839 restiti
641 800 741 856 ego
765 784 1025 839 adversus
1050 783 1218 835 illum.

1057 870 1213 927 CAP.
1253 869 1370 927 XII.

497 964 564 1021 V.
593 967 644 1021 Ι.
677 997 749 1008 -
778 966 847 1020 Et
871 965 1035 1020 veniet
1065 974 1264 1036 tempus
1304 967 1458 1037 quale
1490 982 1593 1021 non
1631 968 1731 1038 fuit
1761 968 1838 1039 (in
1866 977 1998 1027 text.

427 1061 635 1127 Graec.,
675 1070 877 1131 tempus
920 1059 1265 1130 aﬂiictionis).
1305 1059 1460 1117 Tunc
1499 1062 1602 1117 erit
1624 1061 1841 1117 afﬂictio
1882 1077 2001 1115 ma-

428 1168 555 1224 gna,
609 1152 786 1223 qualis
827 1166 939 1207 non
981 1150 1086 1207 fuit
1127 1153 1252 1208 talis
1294 1168 1326 1207 ιι
1371 1154 1758 1208 constitutione
1790 1154 1998 1217 mundi,

428 1247 550 1303 aliis
598 1248 707 1304 alio
737 1264 835 1318 per
882 1256 1133 1304 cunctam
1177 1245 1448 1302 civitatem
1488 1254 1543 1301 et
1586 1247 1893 1316 regionem,
1933 1245 2001 1300 ad

428 1338 729 1407 perdendos
773 1339 960 1394 fideles
998 1336 1251 1405 emissis;
1300 1345 1357 1392 et
1391 1335 1594 1392 sanctis
1625 1351 1691 1391 ex
1721 1335 2001 1391 occidente

429 1429 482 1484 in
533 1430 797 1486 orientem
846 1430 1296 1496 transeuntibus;
1347 1428 1717 1484 habitantibus
1762 1443 1892 1483 vero
1944 1429 1998 1483 in

427 1523 634 1578 oriente
674 1523 1187 1593 transmigrantibus
1237 1522 1291 1576 in
1315 1523 1629 1589 meridiem;
1661 1523 1783 1579 aliis
1817 1533 2000 1579 autem

428 1615 483 1669 in
518 1615 793 1669 montibus
831 1624 885 1669 et
918 1613 1192 1685 speluncis
1225 1612 1600 1682 latitantibus;
1644 1616 1847 1686 ubique
1878 1615 2001 1689 illos

428 1706 831 1762 abominatione
856 1715 1242 1776 persequente;
1266 1722 1363 1776 per
1376 1707 1572 1773 maria,
1594 1723 1690 1778 per
1709 1717 1880 1763 terras
1907 1724 2001 1763 eos

427 1812 524 1866 per
576 1797 791 1852 decreta
840 1796 1081 1851 crudelia
1112 1796 1476 1861 interimente,
1514 1806 1570 1853 et
1600 1798 1915 1854 omnimodo
1934 1814 2001 1854 ex

2105 599 2245 670 μετὰ
2277 601 2535 673 ἄρχοντος
2580 602 2825 676 Περσῶν·
2870 604 3032 678 βουλὴ
3069 606 3176 678 γάρ
3224 624 3306 672 τις
3344 606 3566 674 ἐγένετο
3610 608 3678 679 μὴ

2100 691 2444 745 ἀποστέλλειν
2469 694 2559 747 τὸν
2583 693 2732 747 λαόψ
2766 695 2852 749 ἵνα
2882 690 2975 750 οὖν
2999 698 3057 751 ὲν
3090 697 3247 768 τάχει
3268 696 3332 751 τδ
3352 696 3571 770 αἴτημά
3593 714 3679 751 σου

2099 781 2343 853 γένηται,
2372 783 2633 856 ἀντέστην
2669 784 2842 856 τούτῳ
2871 785 3001 855 ἐγώ.

2148 934 2153 941 ,
2741 878 2898 930 uno.
2937 877 3037 930 nr.

2170 968 2238 1014 α’.
2278 963 2485 1017 Ἔσται
2509 964 2715 1033 καιρὸς
2748 968 3023 1035 θλίψεως.
3058 967 3392 1025 Ἱππολύτου.
3416 970 3553 1024 Τότε
3574 970 3681 1042 γὰρ

2099 1051 2250 1105 ἔσται
2279 1052 2454 1123 θλίψις
2482 1057 2712 1129 μεγάλη,
2753 1058 2843 1111 οἵα
2889 1058 2951 1112 ού
2988 1059 3179 1129 γέγονε
3203 1061 3425 1131 τοιαύτη
3448 1061 3562 1115 ἀπὸ
3593 1078 3683 1114 κα.

2098 1144 2329 1217 ταὸολῆς
2370 1148 2596 1220 κόσμου,
2640 1149 2812 1205 ἄλλων
2848 1150 3054 1224 ἀλλαχῆ
3110 1152 3252 1207 κατά
3294 1155 3473 1207 πᾶσαν
3529 1154 3683 1207 πόλιν

2100 1239 2191 1292 καὶ
2222 1238 2403 1311 χώραν
2418 1241 2507 1323 ,εἰς
2532 1242 2596 1295 τὸ
2646 1243 2987 1315 ἀναιρεῖσθαι
3030 1246 3157 1311 τοὺς
3199 1246 3423 1309 πιστοὺς
3463 1263 3684 1319 πεμπο-

2103 1328 2298 1399 μένων’
2324 1331 2543 1387 καὶτῶν
2575 1332 2744 1402 ἁγίων
2769 1335 2877 1389 ἀπὸ
2909 1336 3114 1402 δύσεως
3154 1340 3234 1402 εἰς
3276 1339 3542 1411 ἀνατολὴν
3590 1356 3683 1394 πο-

2105 1422 2426 1492 ρευομένων,
2463 1425 2557 1479 καὶ
2580 1425 2687 1479 τῶν
2717 1426 2774 1480 δὲ
2795 1428 2901 1481 ἀπὸ
2923 1429 3195 1484 ἀνατολῶν
3224 1432 3303 1495 είς
3332 1448 3470 1503 μεση
3480 1431 3554 1504 μϐ
3560 1431 3686 1504 ρίαν

2099 1513 2460 1585 διωκομένων,
2508 1516 2680 1571 ἀλλων
2724 1517 2781 1572 δὲ
2812 1519 2871 1572 ἐν
2907 1523 3019 1584 τοῖς
3048 1521 3198 1592 ὄρεσι
3254 1522 3350 1576 καὶ
3394 1523 3686 1596 σπηλαίοις

2100 1606 2508 1677 κρυπτομένων·
2544 1609 2819 1681 πανταχοῦ
2863 1610 2921 1665 δὲ
2963 1612 3158 1677 αὐτοὺς
3188 1613 3280 1667 τοῦ
3312 1614 3685 1686 βδελύγματος

2102 1697 2480 1770 πολεμοῦντος,
2515 1701 2608 1755 καὶ
2626 1702 2712 1757 διὰ
2733 1702 3006 1777 θαλάσσης
3032 1707 3124 1759 καὶ
3146 1706 3234 1760 διὰ
3261 1706 3429 1779 ξηρᾶς
3459 1708 3684 1773 τούτους

2100 1796 2189 1851 διὰ
2219 1795 2312 1852 τοῦ
2354 1799 2774 1872 προστάγματος
2806 1801 3173 1875 ἀναιροῦντος,
3208 1804 3302 1857 καὶ
3327 1802 3471 1857 κατὰ
3502 1806 3686 1859 πάντα

426 1889 533 1944 hoc
555 1888 760 1944 mundo
791 1903 886 1944 eos
912 1896 1341 1960 conquassante;
1373 1905 1481 1945 non
1514 1890 1819 1947 valentibus
1863 1888 2003 1962 ipsis

2105 1891 2301 1963 τρόπον
2324 1893 2388 1946 ἐκ
2412 1892 2505 1946 τοῦ
2530 1893 2734 1965 κόσμου
2759 1893 3118 1960 ἐκθλίϐοντος*
3154 1896 3230 1968 μὴ
3250 1894 3564 1968 δυναμένων
3598 1898 3686 1951 αὖ.

427 1981 642 2051 propria
704 1980 956 2048 vendere,
1000 1996 1176 2051 neque
1230 1995 1410 2037 emere
1448 1985 1592 2053 apud
1632 1984 1857 2052 alienos,
1891 1985 1997 2040 nisi

426 2074 783 2143 quis‘nomen
820 2074 1005 2130 bestia:
1026 2075 1223 2132 habeat
1245 2086 1299 2131 et
1326 2078 1694 2144 circumferat,
1721 2068 1807 2133 viai
1837 2077 1999 2148 hujus

424 2163 639 2233 signum
667 2162 721 2217 in
756 2162 931 2219 fronte
975 2176 1153 2236 gerat;
1201 2181 1391 2224 omnes
1423 2167 1568 2223 enim
1605 2177 1734 2223 tunc
1758 2182 1825 2224 ex
1850 2169 1999 2223 omni

432 2255 556 2311 loco
586 2255 1068 2326 propulsabontur,
1106 2266 1161 2313 et
1183 2274 1249 2314 ex
1298 2260 1585 2329 penatibus
1640 2261 1997 2326 abducentur,

423 2355 491 2400 et.
504 2346 558 2400 in
587 2347 898 2403 carceribus
922 2348 1223 2415 trahentur,
1247 2358 1302 2404 et
1332 2351 1481 2404 omni
1505 2351 1746 2406 cruciatu
1770 2352 1989 2421 punien-

426 2450 535 2505 tur,
563 2449 619 2494 et
644 2455 712 2494 ex
739 2448 850 2494 toto
886 2440 1088 2497 mundo
1117 2442 1419 2512 ejicientur.

494 2614 567 2671 Ὗ.
599 2616 651 2674 2.
687 2647 759 2657 -
784 2616 1122 2688 Evigilabunt
1148 2618 1246 2673 alii
1275 2619 1332 2672 in
1361 2619 1526 2673 vitam
1559 2627 1834 2673 wternam.
1868 2616 2000 2689 Hip-

421 2709 611 2782 polyti.
651 2709 755 2777 Qui
806 2727 949 2767 verae
1014 2712 1141 2767 vita:
1192 2710 1460 2776 credunt,
1513 2721 1567 2766 et
1606 2711 1660 2765 in
1702 2711 1841 2766 libro
1873 2711 2000 2765 vitae

423 2807 611 2876 scripti
657 2816 805 2861 sunt.
850 2804 992 2860 Ibid.
1024 2813 1044 2854 .'
1075 2803 1140 2858 Et
1179 2804 1273 2858 atii
1316 2804 1371 2858 in
1411 2803 1765 2874 opprobrium.
1797 2801 1998 2874 Hippo-

424 2896 541 2968 lyti.
578 2896 682 2964 Qui
714 2912 839 2953 cum
881 2895 1218 2951 Antichristo
1245 2895 1615 2960 consentiunt,
1648 2902 1703 2949 et
1741 2911 1863 2951 cum
1904 2896 1997 2951 illo

419 2988 477 3043 in
508 2990 683 3060 poenis
709 2989 925 3044 internis
948 2988 1202 3060 conjecti.

2099 1983 2208 2038 τῶν
2239 1985 2435 2056 μηκέτι
2456 1985 2563 2041 τῶν
2598 1986 2738 2041 ἰδίων
2769 1986 3039 2059 πωλῆσαι,
3070 1989 3204 2059 μήτε
3234 1989 3502 2062 ἀγοράσαι
3532 1990 3685 2061 παρὰ

2099 2076 2207 2130 τῶν
2236 2076 2546 2151 ἀλλοτρίων,
2571 2080 2742 2152 χωρὶς
2770 2079 2864 2135 ἐὰν
2891 2083 3052 2153 μήτις
3072 2081 3132 2135 τὸ
3156 2082 3324 2154 ὄνομα
3354 2083 3447 2136 τοῦ
3485 2082 3684 2155 θηρίου

2099 2167 2196 2240 ἔχῃ
2223 2168 2317 2222 καὶ
2337 2169 2626 2242 περιφέρη,
2651 2170 2685 2242 ἢ
2713 2170 2776 2224 τὺ
2794 2170 2984 2226 τούτου
3011 2171 3273 2244 χάραγμα
3305 2171 3397 2227 ἐπὶ
3423 2172 3682 2246 μετώπου

2101 2257 2364 2333 βαστάσῃο
2399 2259 2599 2324 πάντες
2625 2259 2734 2333 γὰρ
2770 2261 2891 2316 τότε
2933 2264 2997 2316 ἐκ
3045 2261 3246 2327 παντὸς
3284 2262 3447 2317 τόπου
3484 2265 3682 2319 ἐκδιω-

2100 2351 2408 2423 χθήσονται,
2453 2352 2549 2406 καὶ
2594 2353 2659 2406 ἐκ
2697 2352 2804 2407 τῶν
2847 2353 3062 2408 οἰκείων
3108 2355 3681 2427 κατασπασθήσονται,

2100 2441 2194 2493 καὶ
2243 2443 2302 2494 ἐν
2334 2440 2412 2512 τῷ
2442 2441 2686 2517 δημοσίῳ
2722 2442 3102 2515 συρθήσονται,
3139 2444 3233 2499 καὶ
3265 2444 3413 2517 πάσῃ
3458 2447 3681 2502 κολάσει

2100 2532 2540 2605 κολασθήσονται,
2568 2534 2662 2588 καὶ
2682 2535 2749 2589 ἐκ
2768 2536 2967 2601 παντὸς
2994 2536 3198 2609 κόσμου
3229 2537 3681 2611 ἐκϐληθήσονται.

2172 2623 2238 2694 β’.
2269 2624 2789 2695 Ἐξεγερθήσονται
2810 2623 2972 2684 οὗτοι
2998 2631 3085 2694 είς
3104 2627 3255 2698 ζωὴν
3276 2628 3537 2686 αἰώνιον.
3575 2633 3685 2686 Ἰτο-

2101 2713 2350 2770 πολύτου.
2402 2718 2466 2770 Οἱ
2514 2720 2579 2789 τῇ
2626 2718 2794 2783 ὅντως
2829 2718 2941 2791 ζωῇ
2982 2721 3428 2789 πεπιστευκότες,
3479 2722 3574 2777 καὶ
3615 2724 3685 2778 ἐν

2102 2805 2271 2877 βίϐλῳ
2293 2806 2440 2877 ζωῆς
2465 2809 2926 2880 ἐγγεγραμμένοι.

2165 2897 2276 2952 Καὶ
2327 2894 2493 2954 οὗτοι
2541 2901 2628 2967 εἰς
2683 2900 3044 2972 όνειδισμόν.
3115 2902 3451 2959 Ἱππολύτου.
3495 2906 3559 2959 Οἱ
3597 2904 3681 2977 τῷ

2099 2988 2422 3062 ἀντιχρίστῳ
2444 2992 2804 3064 συνερώμενοι
2826 2996 2866 3058 ⁸,
2885 2993 2979 3047 καὶ
3012 2993 3109 3047 σὺν
3136 2993 3284 3067 αύτῷ
3313 2997 3393 3061 εἰς
3419 2994 3521 3068 τὴν
3549 2994 3682 3049 αἰώ-

2099 3097 2210 3136 νιον
2236 3080 2456 3136 κόλασιν
2482 3081 2818 3155 βαλλόμενοι.

499 3166 560 3223 ν.
591 3168 644 3222 5.
674 3196 746 3208 -
773 3165 880 3232 Qui
905 3175 1080 3220 autem
1107 3165 1256 3220 docti
1283 3165 1514 3236 fuerint,
1545 3165 1836 3237 fulgebunt.
1861 3164 1994 3237 Hip-

2165 3179 2237 3242 γ’.
2267 3174 2378 3229 Καὶ
2431 3176 2486 3229 οὶ
2515 3173 2831 3241 συνιέντες
2854 3174 3295 3246 ἐκλάμψουσιν.
3337 3176 3671 3233 Ἱππολύτου.

417 3260 609 3333 polyti.
654 3258 871 3315 Etenim
913 3258 1179 3315 Dominus
1215 3259 1267 3313 in
1312 3258 1604 3329 Evangelio
1639 3260 1782 3315 idem
1812 3260 1987 3317 dixit:

2105 3261 2206 3315 Καὶ
2231 3261 2339 3335 γὰρ
2357 3263 2387 3316 ὁ
2409 3261 2613 3335 Κύριος
2640 3265 2697 3316 ἐν
2720 3263 2797 3336 τῷ
2816 3263 3131 3336 Εύαγγελίῳ
3150 3264 3211 3319 τὸ
3238 3266 3420 3337 ὅμοιον
3460 3268 3671 3339 εἴρηκε.

424 3354 569 3408 Tunc
589 3353 729 3423 justi
768 3351 1039 3424 fulgebunt
1066 3352 1204 3407 sicut
1235 3352 1313 3406 sol
1336 3351 1553 3424 (Matth.
1586 3370 1710 3418 xm,
1742 3353 1853 3425 i3).

488 3443 556 3499 Ὗ.
591 3445 642 3500 7.
684 3472 745 3484 -
776 3442 845 3499 In
872 3453 1094 3515 tempus,
1123 3452 1172 3500 et
1200 3453 1454 3515 tempora,
1485 3454 1533 3499 et
1565 3445 1842 3499 dimidium
1865 3453 1994 3500 tem-

418 3539 586 3609 poris.
610 3536 906 3610 Hippolyti.
928 3536 1063 3595 Tres
1083 3543 1259 3595 ann‘os
1282 3548 1337 3594 et
1360 3538 1647 3596 dimidium
1675 3541 1992 3598 Antichristi

417 3631 694 3702 prmdixit;
746 3640 951 3702 tempus
1009 3631 1213 3688 indicat
1250 3647 1421 3687 unum
1464 3647 1704 3700 annum;
1758 3642 1993 3703 tempora

419 3726 557 3780 duos
602 3738 810 3792 annos;
849 3723 1133 3777 dimidium
1188 3723 1436 3794 temporis
1481 3722 1766 3779 dimidium
1812 3724 1990 3778 anui:

419 3816 476 3871 hi
509 3823 638 3871 sunt
671 3815 783 3870 dies
830 3813 975 3870 mille
999 3814 1208 3869 ducenti
1241 3815 1530 3886 nonaginta
1574 3829 1714 3885 quos
1744 3812 1994 3884 praedixit
2034 3884 2038 3889 θ

416 3906 608 3962 Daniel
642 3908 741 3979 (xu
757 3949 772 3976 ,
805 3907 918 3979 Η).

486 3999 556 4058 V.
586 3997 641 4057 9.
659 3997 845 4057 Clausi
882 4008 1004 4055 sunt
1046 3999 1343 4069 signatique
1406 4013 1689 4052 sermones.
1717 3994 1989 4064 Quoniam

415 4105 541 4161 quas
582 4090 907 4161 praeparavit
950 4089 1092 4145 Deus
1120 4090 1327 4145 sanctis
1356 4089 1656 4160 intelligere
1682 4089 1850 4145 homo
1878 4104 1990 4144 non

415 4189 628 4253 potest;
653 4196 831 4253 neque
846 4182 991 4237 enim
1016 4182 1209 4238 oculus
1230 4181 1319 4235 illa
1346 4182 1495 4249 vidit,
1522 4195 1697 4252 neque
1721 4181 1870 4238 auris
1898 4197 1993 4237 au-

415 4275 572 4341 divit,
606 4289 782 4346 neque
812 4274 867 4328 in
891 4289 987 4329 cor
1012 4275 1247 4329 hominis
1266 4274 1624 4330 ascenderunt
1652 4290 1792 4345 qum,
1825 4275 1987 4330 etiam

415 4374 551 4423 tunc
564 4364 947 4422 desiderabunt
962 4365 1136 4420 sancti
1151 4363 1527 4434 contemplari;
1548 4364 1628 4420 sic
1645 4365 1782 4419 dixit
1799 4364 1987 4436 (Deus)

412 4456 466 4512 ei
501 4455 755 4527 (Daniel),
814 4455 941 4526 quia
968 4455 1138 4509 clausi
1180 4463 1323 4521 sunt,
1380 4455 1674 4526 signatique
1724 4470 1986 4510 sermones

2102 3354 2249 3408 Τότε
2282 3356 2336 3407 οἱ
2368 3352 2581 3407 δίκαιοι
2617 3354 3039 3425 ἐκλάμψουσιν
3065 3356 3144 3423 ὡς
3170 3355 3356 3425 ἣλιος.

2163 3442 2227 3507 ζ’.
2257 3444 2364 3509 Εἰς
2400 3441 2606 3515 καιρὸν
2630 3443 2727 3496 καὶ
2767 3444 3014 3513 καιροὺς
3049 3444 3146 3500 καί
3195 3446 3283 3512 εὶς
3320 3444 3513 3516 ἣμισυ
3551 3463 3673 3500 και-

2088 3532 2224 3602 ροῦ.
2285 3532 2617 3587 Ἱππολύτου.
2663 3532 2745 3586 Τὰ
2778 3535 2907 3606 τρία
2951 3536 3045 3607 ἔτη
3077 3537 3171 3589 καὶ
3203 3542 3375 3610 ἣμισυ
3390 3537 3486 3592 τοῦ
3502 3539 3668 3591 Ἀντι-

2095 3624 2318 3695 χρίστου
2356 3626 2618 3698 ἑσήμανε·
2667 3625 2857 3700 καιρὸν
2910 3626 3018 3700 γὰρ
3056 3626 3206 3696 λέγει
3260 3627 3530 3681 ἐνιαυτόνσ
3560 3646 3674 3682 και-

2110 3719 2237 3789 ροὺς
2269 3717 2347 3781 δὲ,
2371 3718 2463 3771 δύο
2488 3717 2601 3789 ἔτη·
2626 3718 2796 3789 ἥμισυ
2824 3718 3038 3790 καιροῦ,
3078 3720 3248 3790 ¹ἣμισυ
3275 3718 3542 3773 ἐνιαυτοῦ·
3578 3722 3669 3775 αὑ-

2092 3812 2190 3865 ταί
2215 3814 2372 3866 εἰσιν
2399 3813 2458 3867 αἱ
2481 3816 2613 3882 ,ασιιν
2637 3811 2862 3884 ἡμέραι,
2891 3810 2957 3875 ἃς
2986 3814 3212 3882 προεῖπε
3245 3809 3464 3880 Δανιήλ.

2164 3902 2229 3956 θ’.
2262 3903 2759 3974 Ἐμπεφραγμένοι
2786 3906 2883 3959 καὶ
2908 3905 3375 3975 ἐσφραγισμένοι
3402 3908 3456 3959 οι
3484 3907 3666 3977 λόγοι.

2102 3995 2439 4052 Ἱππολύτου.
2513 3996 2730 4068 Ἐπειδὴ
2782 3997 2890 4070 γὰρ
2928 3995 2965 4051 ἀ
2991 3997 3284 4068 ἡτοίμασεν
3317 4000 3347 4052 ό
3380 3996 3514 4062 Θεὸς
3558 3999 3667 4062 τοῖς

2090 4088 2266 4159 ἁγίοις
2287 4088 2709 4161 ἐκδιηγήσασθαι
2730 4089 3012 4162 ἄνθρωπος
3041 4089 3101 4142 οὐ
3123 4089 3364 4143 δύναταιο
3391 4089 3516 4143 οὗτε
3562 4089 3672 4162 γαρ

2089 4179 2363 4251 ὀφθαλμὸς
2384 4181 2522 4235 αύτά
2553 4176 2710 4247 εἶδεν,
2735 4180 2858 4235 οὕτε
2882 4177 2974 4246 οῦς
2994 4182 3243 4253 ἤκουσεν,
3260 4180 3382 4236 οὔτε
3408 4181 3503 4235 ἐπὶ
3539 4198 3671 4253 καρ-

2090 4268 2205 4322 δίαν
2233 4270 2518 4343 ἀνθρώπου
2562 4270 2749 4343 ἀνέϐη,
2793 4272 2873 4335 εἰς
2915 4271 2952 4325 ἃ
2997 4271 3090 4324 καὶ
3121 4270 3520 4343 ἐπιθυμήσουσι
3552 4270 3666 4324 τότε

2091 4362 2233 4434 ἅγιοι
2262 4363 2515 4434 ἐγκύψαι·
2545 4363 2717 4429 οὕτως
2737 4361 2839 4434 ἔφη
2876 4361 3012 4434 πρὸς
3038 4361 3219 4426 αὑτὸν,
3259 4361 3350 4416 ὅτι
3383 4362 3669 4432 ἐμπεφραρ

2089 4456 2291 4527 τμένοι
2321 4456 2481 4511 εἰσὶν
2521 4458 2577 4510 οἱ
2610 4456 2777 4526 λόγοι
2820 4450 3006 4519 οὗτοι,
3058 4453 3169 4520 ἕως
3206 4454 3415 4523 καιροῦ
3463 4454 3661 4523 πέρας·

414 4546 508 4601 isti
532 4563 694 4618 usque
726 4546 796 4601 ad
820 4546 1140 4616 praeﬁnitum
1168 4555 1368 4615 tempus
1392 4585 1408 4611 ,
1442 4545 1617 4601 donec
1647 4546 1914 4617 eligantur
1933 4556 1989 4603 et

2105 4548 2196 4613 ἕως
2223 4548 2288 4603 ἂν
2318 4547 2601 4618 ἐκλεγῶσι,
2634 4548 2729 4601 καὶ
2748 4544 3109 4619 ἐκπυρωθῶσι
3132 4545 3333 4599 πολλοί·
3360 4546 3509 4611 τινὲς
3534 4546 3589 4600 δὲ
3618 4546 3664 4599 οἱ

415 4636 540 4707 igne
561 4638 863 4707 probentur
891 4637 1082 4705 multi;
1106 4637 1327 4709 quidam
1356 4645 1537 4693 autem
1562 4638 1741 4705 electi,
1767 4639 1860 4694 sed
1892 4640 1986 4710 qui

404 4727 659 4786 veritatis
705 4730 869 4785 verbo
913 4729 1282 4797 crediderunt,
1335 4738 1394 4785 ut
1439 4729 1758 4786 dealbentur
1802 4747 1899 4802 per
1926 4732 1990 4787 il-

404 4819 534 4887 lud,
590 4826 646 4875 et
698 4821 945 4876 mundati
973 4836 1004 4876 a
1049 4821 1304 4878 sordibus
1336 4823 1564 4894 peccati,
1606 4823 1834 4879 induant
1870 4839 1986 4881 ca:-

403 4915 605 4969 lestem
626 4952 644 4979 ,
672 4926 872 4982 purum
900 4921 955 4968 et
980 4912 1272 4985 fulgentem
1302 4923 1551 4970 sanctum
1584 4912 1870 4986 Spiritum,
1904 4927 1985 4986 ut,

403 5004 470 5059 ad
486 5002 741 5059 veniente
767 5017 994 5074 sponso,
1022 5007 1207 5062 statim
1238 5006 1446 5063 intrent
1470 5022 1597 5063 cum
1621 5023 1709 5063 eo.

481 5095 550 5152 V.
586 5096 675 5152 11.
698 5100 781 5157 Ῐ-
808 5096 1000 5154 Posita
1036 5100 1195 5171 fuerit
1243 5100 1566 5156 abominatio
1607 5103 1664 5156 in
1700 5101 1987 5157 desolatio-

408 5204 549 5244 nem.
587 5185 890 5261 Hippolyti.
932 5188 1080 5247 Duas
1104 5207 1234 5264 ergo
1262 5192 1697 5251 abominationes
1720 5194 1853 5251 dicit
1880 5193 1988 5250 Da-

408 5281 521 5337 niel
553 5299 569 5337 :
599 5296 710 5336 una
730 5281 951 5354 quidem
1003 5280 1109 5340 fuit
1135 5286 1629 5355 exterminationis,
1660 5303 1825 5360 quam
1860 5304 1984 5345 sus-

410 5374 602 5431 citavit
655 5374 979 5444 Antiochus,
1030 5388 1084 5434 et
1138 5379 1206 5434 ad
1252 5380 1711 5437 abominationem
1771 5382 1985 5440 desola-

411 5465 578 5523 tionis
601 5465 873 5535 refertur;
910 5467 1015 5525 alia
1044 5484 1172 5527 vero
1192 5473 1463 5539 universa,
1495 5488 1621 5530 cum
1659 5474 1838 5531 veniet
1865 5474 1983 5530 An-

414 5558 732 5628 tichristus;
767 5575 916 5629 nam,
946 5568 1006 5616 ut
1032 5559 1162 5617 dicit
1190 5560 1401 5632 Daniel,
1430 5574 1484 5622 et
1511 5564 1601 5623 ille
1626 5575 1847 5639 prOpter
1872 5568 1985 5623 rui-

415 5667 542 5707 uam
587 5654 883 5711 multorum
907 5654 1306 5728 constituetur._

2094 4641 2464 4713 ἐκλεγόμενοι,
2497 4640 2613 4695 ἀλλ’
2642 4640 2692 4693 οἱ
2719 4637 2797 4715 τῷ
2826 4639 2924 4711 τῆς
2946 4636 3203 4710 ἀληθείας
3224 4637 3369 4709 λόγῳ
3398 4638 3667 4693 πιστεύον-

2086 4751 2199 4801 τες,
2227 4734 2313 4788 ῐνα
2334 4732 2667 4788 λευκανθῶσι
2690 4731 2757 4785 δι’
2790 4728 2978 4797 αὐτοῦ,
3000 4731 3096 4785 καὶ
3134 4730 3531 4796 ἀποϐάλλοντες
3564 4730 3663 4784 τῶν

2086 4826 2187 4898 τῆς
2214 4825 2485 4899 ἁμαρτίας
2516 4823 2722 4897 ρύπων,
2748 4822 3074 4878 ἐνδύσωνται
3102 4822 3163 4877 τὸ
3196 4824 3541 4895 ἐπουράνιον,
3572 4841 3666 4878 κα-

2088 4915 2271 4989 θαρὸν,
2310 4915 2404 4969 καὶ
2438 4914 2657 4984 διαυγὲς
2693 4915 2847 4984 ἅγιον
2885 4912 3132 4985 Πνεῦμα,
3163 4914 3249 4969 ἴνα
3282 4914 3554 4987 παρόντος
3577 4912 3661 4968 τοῦ

2086 5007 2346 5079 νυμφίου,
2374 5006 2576 5070 εὐθέως
2604 5005 3014 5060 συνεισέλθωσιν
3041 5004 3209 5075 αὐτῷ.

2162 5091 2254 5146 ια’.
2289 5091 2617 5160 Δοθήσεται
2660 5093 2725 5147 τὸ
2776 5092 3095 5164 ,βδέλυγμα
3136 5091 3248 5161 τῆς
3292 5092 3661 5163 ἐρημώσεως.

2097 5183 2433 5240 Ἱππολύτου.
2467 5183 2570 5238 Δύο
2612 5180 2705 5240 οὖν
2751 5184 3092 5256 βδελύγματα
3129 5183 3317 5255 εἴρηκε
3343 5182 3565 5253 Δανιὴλ·
3609 5185 3663 5237 ἓν

2089 5275 2189 5349 μὲν
2214 5276 2542 5348 ἀφανισμοῦ,
2566 5276 2596 5332 ὃ
2621 5277 2816 5350 ἔστησε
2844 5276 2984 5332 κατὰ
3008 5277 3197 5350 καιρὸν
3231 5276 3502 5348 Ἀντίοχος
3527 5274 3662 5329 κατὰ

2083 5368 2145 5423 τὸ
2180 5368 2280 5440 τῆς
2305 5368 2656 5442 ἐρημώσεως
2680 5369 2809 5426 ἄλλο
2836 5368 3087 5434 καθόλου,
3111 5369 3185 5434 ὼς
3210 5368 3476 5442 παρέσται
3515 5366 3664 5422 ὁἋν-

2083 5461 2372 5534 τίχριστοςο
2400 5461 2476 5526 ὠς
2499 5463 2555 5516 δὲ
2579 5461 2727 5532 λέγει
2754 5462 2951 5536 Δανιὴλ
2977 5462 3070 5517 καὶ
3104 5463 3265 5530 αὐτὸς
3297 5461 3387 5518 ἐπ’
3421 5458 3661 5535 ἀπωλείᾳ

2085 5549 2293 5607 πολλῶν
2324 5553 2668 5625 συστήσεται.
