3876 6340
1322 326 1753 385 FRAGMENTA
1788 325 1858 382 IN
1890 324 2262 383 DANIELEM.

227 337 306 397 689

831 702 1507 794 ΙΠΠΟΛΥΤΟΥ
1593 698 2259 791 ΕΠΙΣΚΟΠΟΥ
2343 696 2723 788 ΡΩΜΗΣ

1412 881 1523 936 ΕΙΣ
1574 882 1718 937 ΤΗΝ
1765 880 2153 937 ΣΩΣΔΝΝΑΝ.

910 1199 1587 1298 HIPPOLYTI
1665 1200 2034 1295 ROMIE
2104 1200 2658 1300 EPISCOPI

1525 1392 1595 1451 IN
1633 1392 2029 1452 SUSANNAM.

1370 1551 1660 1615 (GALLAND.,
1682 1549 1934 1614 Biblioth,
1957 1551 2021 1613 II,
2045 1549 2180 1616 ΜΞ.)

1744 1726 1815 1737 α-ν-

254 1857 380 1930 Αὐτὴ
399 1856 492 1929 μὲν
514 1847 612 1911 οῦν
640 1856 675 1926 ἡ
707 1853 919 1927 ἱστορία
943 1851 1234 1926 γεγένηται
1262 1851 1520 1926 ὕστερον,
1568 1869 1731 1925 προε-

1902 1852 2059 1920 Quod
2098 1852 2193 1909 hic
2222 1858 2483 1908 narratur
2520 1854 2538 1885 ¹
2559 1891 2576 1920 ,
2609 1850 2883 1923 posterius
2915 1860 3127 1923 gestum
3150 1852 3240 1909 ‘est
3262 1892 3279 1921 ,
3306 1853 3417 1910 etsi

197 1950 349 2024 τράφη
394 1949 448 2004 δὲ
473 1949 575 2021 τῆς
616 1947 798 2019 βίϐλου
855 1946 1100 2020 πρώτης.
1134 1945 1296 2010 Ἔθος
1345 1944 1455 2018 γὰρ
1503 1940 1573 2016 ἦν
1622 1947 1734 2009 τοῖς

1852 1956 1963 2004 mte
1989 1945 2228 2017 primum
2259 1945 2459 2001 librum
2476 1944 2738 2016 scriptum
2764 1956 2868 2001 est.
2901 1943 2993 2003 Sic
3012 1945 3156 2001 enim
3177 1947 3412 2018 scripto-

172 2040 569 2116 γραμματεῦσιν
594 2040 982 2113 ὑστερόπρωτα
1023 2037 1195 2093 πολλὰ
1233 2040 1291 2092 ὲν
1333 2040 1456 2102 ταῖς
1495 2038 1735 2110 γραφαῖς

1852 2053 1958 2094 rum
1992 2037 2240 2094 moribus
2265 2046 2641 2109 comparatum
2662 2046 2766 2103 est,
2786 2045 2848 2093 ut
2863 2053 2972 2093 non
2991 2052 3165 2109 pauca
3191 2039 3412 2096 inverso

194 2136 384 2192 τιθέναι.
412 2137 752 2209 Εὑρίσκομεν
778 2133 887 2206 γὰρ
914 2132 1008 2186 καὶ
1035 2133 1095 2185 ὲν
1116 2133 1230 2195 τοῖς
1256 2130 1564 2202 προφήταις
1605 2130 1736 2201 ὁρά-

1852 2134 2044 2202 )ι·(1ἰηε,
2069 2133 2376 2191 litterarum
2410 2133 2787 2189 monumentis
2829 2133 3148 2204 consignata
3169 2132 3409 2190 tradant.

197 2246 288 2294 σεις
317 2229 457 2293 τινὰς
499 2226 726 2301 πρώτας
760 2223 1180 2297 γεγραμμένας,
1222 2222 1450 2276 mare
1488 2221 1733 2292 ἐσχάτων

1852 2227 1970 2286 iam
2015 2230 2179 2286 etiam
2213 2228 2270 2285 in
2312 2227 2597 2299 prophetis
2626 2227 2891 2299 quasdam
2919 2227 3160 2285 visiones
3182 2227 3414 2284 offendi-

193 2320 588 2394 πεπληρωμένας
611 2335 627 2350 ο
654 2318 746 2373 καὶ
766 2313 833 2371 αὖ
863 2317 1023 2373 πάλιν
1046 2316 1132 2370 ἐπ’
1148 2314 1391 2386 ἐσχάτων
1415 2312 1732 2386 εἰρημένας,

1852 2337 1958 2379 nus
1987 2321 2144 2393 prius
2173 2322 2554 2393 conscriptas;
2584 2335 2649 2376 ac
2678 2335 2873 2377 rursus
2907 2320 2962 2375 in
2988 2319 3280 2391 postremis
3321 2335 3410 2376 re-

193 2414 266 2466 καὶ
310 2412 518 2484 πρώτας
561 2409 955 2482 γεγενημένας.
994 2407 1164 2462 Τοῦτο
1202 2407 1260 2461 δὲ
1313 2405 1596 2478 οἰκονομίᾳ
1636 2402 1732 2459 τοῦ

1855 2422 1994 2479 atas,
2021 2428 2142 2484 quae
2170 2414 2348 2484 primo
2370 2412 2736 2483 contigerunt.
2762 2408 2821 2465 Id
2843 2424 2973 2465 vero
2997 2409 3259 2480 peculiari
3287 2406 3415 2480 Spi-

192 2503 466 2575 Πνεύματος
490 2503 724 2573 ἐγίνετο,
750 2503 838 2556 ἵνα
879 2502 953 2576 μὴ
975 2502 1004 2555 ὁ
1045 2498 1287 2563 διάϐολος
1318 2498 1477 2572 συνίῃ
1513 2495 1584 2550 τὰ
1629 2497 1735 2551 ὑπὸ

1852 2505 1974 2561 'itus
2003 2503 2229 2560 numine
2261 2518 2327 2560 ac
2355 2503 2588 2558 consilio
2619 2501 2802 2567 ﬁebat,
2831 2515 2902 2557 ne
2927 2502 3178 2557 diabolus
3213 2501 3414 2559 intelli-

191 2594 276 2649 τῶν
301 2595 583 2668 προφητῶν
610 2597 668 2649 ἐν
694 2594 1028 2666 παραϐολαῖς
1047 2591 1240 2663 λελαλη
1250 2591 1404 2662 μένα,
1451 2589 1547 2643 καὶ
1573 2605 1736 2658 παγι-

1852 2606 1985 2670 geret
2028 2611 2151 2668 quae
2196 2596 2476 2668 prophetis
2526 2595 2583 2651 in
2625 2595 2901 2668 parabolis
2947 2595 3091 2650 dicta
3132 2601 3308 2659 erant,
3347 2607 3413 2649 ac

190 2685 350 2754 δεύσας
378 2691 440 2743 ὲκ
465 2690 723 2762 δευτέρου
752 2686 914 2742 πάλιν
936 2684 1234 2759 ἀποκτείνῃ
1259 2685 1350 2739 τὸν
1390 2682 1695 2756 ἄνθρωπον.

1852 2691 2015 2748 lenuo
2046 2691 2117 2747 ad
2150 2688 2487 2763 perdendum
2514 2704 2712 2746 rursus
2736 2689 3013 2746 hominem
3038 2687 3266 2759 laqueos
3291 2695 3418 2741 ten-

243 2861 336 2916 Kal
362 2862 542 2933 ὄνομα
566 2862 731 2929 αὐτῷ
769 2862 1048 2933 Ἰωακείμ.
1073 2854 1239 2937 Οὗτος
1255 2862 1285 2916 ὁ
1316 2863 1573 2934 Ἰωακεὶμ
1590 2863 1736 2934 πάρ-

1852 2781 2005 2839 leret.

1903 2872 1971 2928 ν.
2012 2874 2035 2929 1
2065 2893 2080 2929 :
2110 2873 2180 2928 Et
2205 2890 2390 2930 nomen
2415 2875 2529 2945 ejus
2556 2874 2790 2930 Joacim.
2820 2871 2921 2929 Hic
2946 2871 3157 2930 Joacim
3203 2872 3412 2928 advena

190 2964 311 3013 οικος
343 2952 634 3022 γενόμενος
676 2952 736 3004 ὲν
774 2950 1075 3014 Βαϐυλῶνι,
1100 2952 1366 3025 λαμϐάνει
1393 2955 1492 3027 τὴν
1520 2954 1735 3009 Σωσάν-

1852 2967 2111 3041 Babylone
2148 2966 2346 3033 factus,
2394 2966 2702 3024 Susannam
2744 2982 2969 3023 uxorem
3022 2965 3191 3022 ducit.
3241 2963 3413 3021 Porro

187 3051 264 3128 ναν
282 3039 352 3101 είς
371 3043 623 3107 γυναῖκα.
654 3038 800 3113 Αῦτη
829 3040 886 3094 δὲ
910 3037 979 3114 ἦν
1002 3040 1249 3114 θυγάτηρ
1274 3042 1506 3098 Χελκίου
1538 3042 1632 3097 τοῦ
1655 3044 1734 3097 ίε-

1852 3037 2090 3113 Susanna
2108 3057 2218 3113 filia
2249 3066 2368 3113 erat
2394 3055 2596 3113 Helciae
2612 3056 2937 3124 sacerdotis,
2959 3056 3078 3126 ejus
3103 3055 3411 3128 quilibrum

188 3126 320 3222 ρέως,
347 3130 435 3183 τοῦ
466 3131 728 3204 εὑρόντος
749 3132 811 3187 τὸ
832 3131 1034 3203 βιϐλίον
1062 3132 1157 3187 τοῦ
1190 3134 1354 3206 νόμου
1393 3135 1450 3189 ὲν
1478 3134 1558 3207 τῷ
1602 3135 1736 3204 οἴκῳ

1852 3152 1971 3222 egis
2004 3149 2060 3205 in
2096 3147 2261 3205 domo
2290 3149 2509 3205 Domini
2555 3149 2792 3215 invenit,
2838 3140 3058 3220 quando
3096 3164 3189 3203 rex
3232 3147 3414 3203 Josias

185 3216 381 3289 Κυρίου,
409 3222 571 3296 ήνίκα
627 3224 838 3289 Ἰωσίας
871 3226 900 3279 ὁ
949 3225 1204 3297 βασιλεὺς
1247 3226 1532 3281 ἐκέλευσεν
1570 3227 1733 3282 αὐτὸν

183 3308 441 3382 καθαρίσαι
462 3315 533 3368 τὰ
572 3315 740 3384 ’Δγια
767 3315 875 3369 τῶν
896 3315 1085 3385 ἁγίων.
1130 3316 1377 3387 Ἀδελφὸς
1397 3319 1601 3388 γίνεται
1640 3320 1735 3373 ἰε-

187 3402 348 3471 paula;
367 3406 396 3458 ὁ
421 3408 735 3478 προφήτης,
760 3407 820 3472 ὃς
847 3408 966 3480 ἅμα
995 3411 1109 3474 τοῖς
1131 3408 1450 3475 ὲπιλοίποις,
1483 3410 1619 3483 μετὰ
1635 3412 1735 3484 τὴν

1834 3343 1917 3390 est
1936 3332 2201 3390 Jeremias
2227 3333 2515 3405 propheta,
2551 3333 2645 3403 qui
2673 3347 2784 3387 una
2812 3348 2939 3387 cum
2978 3332 3217 3389 residuis
3239 3373 3255 3399 ,
3282 3344 3408 3405 post

1837 3241 2089 3297 mundari
2121 3240 2327 3299 Sancta
2352 3250 2667 3299 sanctorum
2698 3240 2955 3312 praecepit
2981 3242 3022 3293 ².
3068 3238 3203 3310 Ejus
3244 3238 3414 3294 frater
3514 3236 3519 3239 ’

180 3493 441 3567 γενομένην
467 3497 565 3551 τοῦ
599 3497 733 3552 λαοῦ
761 3498 819 3552 ἐν
843 3499 1121 3553 Βαϐυλῶνι
1168 3503 1445 3572 μετοικίαν
1464 3542 1478 3567 ,
1528 3503 1734 3576 ἀνήχθη

183 3582 248 3646 εἰς
262 3584 543 3655 Αἴγυπτον,
568 3591 670 3644 καὶ
700 3590 1024 3663 παρῴκησεν
1047 3592 1106 3647 ὲν
1128 3591 1370 3664 Τάφναις
1387 3610 1401 3626 '
1431 3595 1592 3651 κάκεῖ
1606 3612 1738 3668 προ-

179 3675 396 3744 φητεύων
422 3678 802 3752 λιθοϐοληθεὶς
829 3681 921 3735 ὑπ’
944 3681 1123 3736 αὐτῶν
1156 3683 1418 3757 ἀνῃρέθη.

235 3767 388 3837 Καλὴ
421 3771 669 3839 σφόδρα
700 3771 798 3824 καὶ
831 3771 1170 3841 φοϐουμένη
1204 3773 1313 3827 τόν
1353 3774 1586 3843 Κύριον.
1641 3776 1737 3831 Ἐκ

177 3855 264 3927 γάρ
291 3858 378 3912 τοῦ
406 3861 633 3934 καρποῦ
670 3859 764 3915 τοῦ
790 3860 849 3929 ἐξ
867 3845 1046 3915 αὐτῶν
1068 3863 1470 3935 προϐλήματος,
1498 3866 1739 3932 εὐκόλως

177 3949 330 4004 καὶτὸ
358 3952 579 4026 δένδρον
607 3951 950 4023 γινώσκεται.
985 3955 1213 4027 Ἀνδρες
1240 3956 1350 4027 γὰρ
1378 3957 1625 4023 εὐλαϐεῖς
1645 3959 1738 4012 καὶ

175 4036 383 4111 ζηλωταὶ
403 4045 500 4099 τοῦ
532 4046 707 4117 νόμου
732 4046 1108 4118 γεγενημένοι,
1149 4046 1279 4113 ἄξια
1305 4048 1441 4103 Θεοῦ
1480 4049 1647 4104 τέκνα
1678 4051 1738 4105 ὲν

174 4132 339 4206 adoqu
366 4138 776 4211 προηγάγοντο·
804 4138 896 4191 τὸν
928 4137 1029 4210 μὲν
1051 4139 1340 4213 προφήτην
1355 4142 1448 4195 καὶ
1484 4140 1740 4215 μάρτυρα

173 4221 385 4294 Χριστοῦ
414 4229 825 4299 γεγενημένον,
857 4227 955 4301 τὴν
994 4228 1052 4283 δὲ
1099 4228 1349 4302 σώφρονα
1396 4230 1493 4285 καὶ
1543 4231 1738 4304 πιστὴν

171 4316 455 4392 εὑρημένην
488 4322 555 4376 ὲν
589 4320 904 4376 Βαϐυλῶνν
942 4315 1012 4394 ἦς
1036 4321 1099 4375 τὸ
1131 4323 1326 4394 σεμνὸν
1369 4325 1465 4378 καὶ
1503 4324 1734 4395 σῶφρον,

169 4408 246 4462 τὸν
273 4412 541 4486 μακάριον
565 4412 765 4485 Δανιὴλ
794 4414 1079 4485 προφήτην
1120 4413 1417 4480 ἀπέδειξεν.

226 4505 326 4557 Καὶ
351 4501 432 4576 ἦν
468 4505 742 4576 Ἰωακεὶμ
767 4507 1062 4573 πλούσιος
1091 4505 1344 4576 σφόδρα.
1379 4507 1473 4559 Δεῖ
1503 4502 1595 4560 οὖν
1622 4509 1739 4560 ἑπι-

1837 3425 2366 3497 transmigrationem
2392 3424 2576 3495 p0puli
2606 3423 2956 3495 Babylonem,
3000 3423 3199 3481 ductus
3228 3434 3312 3481 est
3354 3426 3412 3480 in

1837 3516 2155 3589 Egyptum,
2188 3527 2245 3573 et
2276 3517 2545 3572 habitavit
2590 3516 2647 3571 in
2678 3515 2924 3586 Taphnis
2951 3517 3007 3585 ³;
3040 3518 3134 3572 ubi
3174 3518 3408 3588 prophe-

1836 3619 1960 3666 tans
1983 3610 2253 3681 lapidibus
2275 3609 2508 3664 obrutus
2534 3609 2785 3665 sublatus
2812 3616 2917 3664 est.

1908 3767 2143 3823 Pulchra
2161 3766 2312 3822 valde
2333 3776 2384 3822 et
2414 3766 2599 3822 timens
2618 3765 2918 3820 Dominum.
2943 3763 3022 3819 Ex
3039 3764 3217 3821 fructu
3264 3766 3413 3821 enim

1840 3860 2057 3915 illorum
2092 3858 2375 3930 germinis,
2404 3857 2566 3913 facile
2607 3872 2829 3928 quoque
2857 3855 3019 3911 arbor
3039 3857 3410 3929 cognoscitur.

1840 3950 1957 4005 Viri
1994 3950 2141 4005 enim
2179 3950 2422 4021 religiosi
2473 3950 2719 4020 legisque
2742 3950 3092 4009 aemulatores
3135 3949 3297 4017 facti,
3329 3951 3417 4005 di-

1838 4060 1975 4117 gnos
2001 4043 2111 4099 Deo
2134 4044 2336 4100 liberos
2367 4044 2421 4098 in
2452 4045 2659 4100 mundo
2695 4045 3104 4115 produxerunt:
3152 4045 3410 4107 alterum.

1836 4137 2041 4193 Christi
2068 4137 2385 4207 prophetam
2416 4144 2580 4205 atque
2625 4147 2956 4207 martyrem;
2996 4138 3222 4194 alteram
3249 4176 3264 4200 ,
3315 4151 3408 4192 ca-

1797 4209 1813 4225 ’
1841 4239 1979 4286 Stam
1999 4230 2326 4300 integraque
2352 4230 2474 4286 fidei
2500 4230 2776 4302 Babylone
2797 4240 3101 4301 repertam;
3138 4230 3296 4299 cujus
3314 4243 3383 4298 pu
3398 4256 3419 4269 ο

1839 4322 2027 4377 dicitia
2057 4330 2222 4391 atque
2253 4321 2479 4378 castitas
2506 4324 2648 4377 ratio
2674 4321 2798 4390 fuit,
2822 4332 2881 4378 ut
2910 4320 3272 4378 innotesceret
3308 4319 3416 4375 Da-

1838 4417 1947 4471 niel
1978 4417 2258 4487 propheta.

1916 4507 1977 4563 ν.
2025 4510 2089 4564 ις
2152 4508 2221 4563 Ει
2272 4519 2387 4565 erat
2440 4507 2652 4565 Joacim
2699 4509 2842 4563 dives
2894 4505 3065 4562 valde.
3109 4505 3414 4573 Quaerenda

167 4590 329 4665 ζητεῖν
353 4596 415 4650 τὸ
454 4597 675 4652 αἴτιον·
719 4597 836 4663 πῶς
877 4597 986 4670 γὰρ
1026 4596 1360 4670 αἰχμάλωτοι
1404 4598 1736 4671 ὑπάρχοντες

1852 4617 2006 4657 causa
2029 4610 2147 4658 est:
2183 4601 2459 4673 quomodo
2492 4602 2638 4658 enim
2678 4601 2774 4671 qui
2799 4600 2995 4671 captivi
3023 4609 3205 4657 essent
3231 4608 3286 4655 et
3313 4597 3419 4653 Ba~

172 4687 254 4740 καὶ
288 4687 575 4742 ὑπόδουλοι
623 4687 985 4755 Βαϐυλωνίοις
1040 4689 1421 4761 γεγενημένοι,
1483 4690 1736 4760 ἠδύναντο

1852 4693 2078 4765 byloniis
2123 4693 2454 4763 mancipati,
2492 4693 2549 4748 in
2588 4707 2758 4747 unum
2793 4693 3087 4749 convenire
3141 4700 3415 4766 poterant,

176 4780 515 4853 συνέρχεσθαι
562 4783 853 4837 ἑπιτοαυτδ
896 4783 975 4847 ὡς
1011 4781 1380 4849 αὐτεξούσιοι;
1437 4784 1527 4838 Ἐν
1568 4783 1743 4854 τούτῳ

170 4860 414 4938 δεί’νοεῐν,
442 4876 533 4930 ὅτι
559 4874 878 4947 μετοικίσας
900 4876 1099 4940 αὐτοὺς
1122 4875 1595 4949 Ναϐουχοδονόσορ
1611 4917 1625 4941 ,
1655 4893 1744 4946 φι-

168 4958 485 5037 λανθρώπως
532 4969 722 5032 αὐτοῖς
746 4968 1036 5041 ἐχρήσατο,
1084 4967 1177 5023 καὶ
1208 4967 1505 5040 ἐπέτρεψεν
1542 4969 1740 5032 αὐτοὺς

165 5060 610 5130 συνερχομένους,
645 5059 824 5116 πάντα
846 5059 916 5114 τὰ
942 5057 1082 5115 κατὰ
1108 5059 1199 5114 τὸν
1224 5061 1386 5131 νόμον
1414 5060 1698 5133 πράσσειν.

225 5148 323 5201 Καὶ
356 5151 690 5219 μεσούσης
720 5149 832 5219 τῆς
883 5148 1111 5220 ἡμέρας
1159 5152 1574 5220 εἰσεπορεύετο
1615 5154 1738 5206 Σω-

162 5235 360 5298 mina.
407 5244 478 5297 'H
520 5243 786 5298 Σωσάννα
825 5243 1197 5315 προετυποῦτο
1247 5245 1326 5308 είς
1363 5243 1460 5316 τὴν
1507 5243 1737 5316 Ἐκκλη-

164 5327 300 5383 σίανο
338 5334 612 5406 Ἰωακεὶμ
631 5334 686 5389 δὲ
712 5337 742 5389 ὁ
769 5334 909 5407 ἀνὴρ
929 5334 1120 5405 αὐτῆς,
1160 5335 1240 5398 είς
1275 5334 1368 5389 τὸν
1396 5334 1628 5408 Χριστόν
1650 5353 1665 5368 ο
1711 5336 1741 5388 ὁ

161 5417 209 5473 δὲ
230 5424 588 5496 παράδεισος,
620 5427 653 5499 ή
682 5425 874 5496 κλῆσις
901 5426 1010 5480 τῶν
1033 5424 1227 5495 ἁγίων,
1250 5427 1327 5491 ὡς
1348 5427 1581 5500 δένδρων
1602 5445 1740 5502 καρ-

163 5512 401 5587 ποφόρων
444 5519 506 5571 ὲν
547 5517 849 5591 Ἐκκλησία.
892 5516 1332 5590 πεφυτευμένων.
1384 5518 1641 5575 Βαϐυλὼν
1682 5519 1740 5574 δέ

168 5604 297 5661 ἐστιν
317 5611 347 5663 ὁ
371 5610 591 5682 κόσμος
610 5626 623 5639 ·
646 5611 696 5664 οἱ
721 5611 779 5665 δὲ
804 5610 897 5664 δύο
923 5610 1305 5684 πρεσϐύτεροι,
1332 5614 1413 5677 εἰς
1441 5611 1611 5666 τύπον
1633 5613 1740 5667 δεί-

234 5770 250 5803 ⁸
281 5771 416 5830 Dan.
458 5793 591 5833 xm.
665 5780 685 5813 ²
717 5778 785 5835 ιγ
820 5780 954 5851 Reg.
998 5796 1106 5836 χχιι
1132 5821 1145 5847 ,
1179 5780 1232 5837 8.
1310 5781 1329 5815 ³
1363 5779 1471 5838 Jer.
1500 5798 1652 5844 XLIII,
1683 5783 1735 5837 8.

1840 4787 1998 4857 quasi
2022 4786 2108 4841 sui
2134 4786 2279 4855 juris
2306 4793 2672 4855 essentatque
2703 4784 3040 4853 liberi?Qua
3068 4787 3125 4841 in
3154 4801 3215 4842 re
3236 4786 3419 4842 consi-

1840 4878 2142 4933 derandum
2170 4885 2276 4943 est,
2299 4875 2895 4934 Nabuchodonosorem
2919 4879 3016 4950 qui
3038 4893 3134 4935 eos
3174 4887 3428 4935 transtu--

1846 4973 2004 5039 lerat,
2034 4969 2220 5026 mitius
2241 4970 2347 5026 illis
2372 4986 2537 5027 usum
2554 4987 2696 5040 esse,
2724 4987 2790 5028 ac
2814 4971 3129 5042 permisisse
3144 4980 3205 5027 ut
3229 4972 3425 5028 liberis-

1846 5061 2226 5128 conventibus,
2246 5072 2445 5119 cuncta
2467 5078 2538 5119 ex
2570 5063 2704 5134 legis
2732 5062 3036 5120 rationibus
3062 5070 3305 5135 agerent.

1919 5151 1984 5210 V.
2012 5152 2077 5208 7:
2110 5152 2180 5209 Et
2210 5155 2429 5210 meridie
2452 5155 2840 5226 ingrediebatur
2863 5153 3131 5211 Susanna.
3162 5153 3415 5210 Susanna

1847 5245 2149 5302 Ecclesiam
2208 5246 2621 5318 praefigurabat;
2676 5246 2888 5304 Joacim
2938 5263 3071 5305 vero
3125 5247 3210 5301 vir
3270 5243 3414 5313 ejus,

1845 5337 2145 5394 Christum.
2166 5337 2366 5395 Hortus
2387 5356 2482 5396 seu
2499 5341 3055 5411 pomarium,vocatio
3076 5345 3418 5398 sanctorum,

1846 5429 1941 5499 qui
1964 5436 2220 5499 tanquam
2260 5428 2558 5486 fructiferae
2581 5430 2806 5487 arbores
2833 5430 2891 5485 in
2914 5427 3157 5484 Ecclesia
3188 5426 3420 5497 plantati

1847 5530 1997 5577 sunt.
2035 5521 2297 5595 Babylon,
2332 5523 2570 5580 mundus
2599 5532 2704 5581 est.
2736 5524 2858 5579 Duo
2879 5521 3144 5585 seniores,
3171 5519 3312 5576 duos
3328 5533 3417 5588 po-
3498 5552 3501 5557 -

1847 5615 2008 5688 pulos
2063 5615 2298 5689 ﬁgurare
2346 5626 2689 5687 noscuntur,
2744 5617 2839 5689 qui
2879 5603 3137 5673 Ecclesiae
3188 5612 3425 5671 insidias
