3876 6340
397 416 496 472 691

1275 412 1329 467 S.
1371 413 1733 472 HIPPOLYTI
1765 415 1914 472 OPP.
1957 419 2133 476 PARS
2169 421 2208 474 l.
2251 454 2320 462 —-
2355 422 2758 481 EXEGETICA.

3529 428 3634 484 692

395 536 651 596 struunt;
679 529 905 584 alterum
941 529 1033 600 qui
1057 545 1120 584 ex
1144 529 1582 600 circumcisione,
1615 533 1846 590 alterum
1868 535 1956 606 qui

2071 555 2290 592 κνυνται
2311 540 2419 594 τῶν
2442 541 2533 594 δύο
2575 541 2718 595 λαῶν
2751 541 2859 595 τῶν
2907 539 3357 595 ἐπιϐουλευόντων
3399 541 3462 613 τῇ
3517 543 3636 596 Ἑκ-

393 634 460 674 ex
496 619 766 691 gentibus.
797 616 934 673 Nam
966 618 1111 689 quod
1143 619 1218 674 ait
1240 620 1407 691 (v.'5)
1456 622 1618 689 fuisse
1653 626 1963 681 constitutos

393 710 574 781 populi
611 709 862 781 praesides
902 720 1056 781 atque
1086 711 1332 780 judices;
1371 713 1491 768 ideo
1543 723 1655 777 est,
1687 717 1832 784 quod
1859 717 1963 773 hoc

393 820 510 859 aevo
558 813 880 874 potestatem
921 811 1177 859 exercent
1203 804 1598 876 praesidemque
1633 806 1834 876 injuste
1875 807 1962 877 ju-

401 897 622 952 iicando
641 896 839 965 justos.

465 987 526 1040 V.
553 988 618 1042 8:
652 987 719 1040 Et
745 988 986 1042 uidebant
1010 1004 1125 1042 eam
1147 988 1252 1042 duo
1267 989 1515 1044 seniores.
1540 987 1666 1046 Haec
1685 994 1961 1047 enimvero

389 1076 700 1134 Iudaeorum
726 1079 998 1149 principes
1036 1096 1231 1136 nunce
1262 1081 1401 1135 libro
1437 1082 1624 1136 volunt
1653 1095 1959 1153 amputare,

391 1169 634 1226 dicentes
661 1185 723 1225 ea
756 1187 862 1224 non
900 1180 1051 1240 gesta
1093 1187 1215 1227 esse
1251 1171 1552 1243 Babylone:
1590 1190 1729 1243 quos
1769 1191 1960 1242 nempe

390 1261 592 1329 pudeat
621 1264 754 1320 tanti
805 1263 951 1318 illius
981 1279 1075 1332 per
1122 1263 1176 1318 id
1225 1272 1436 1334 tempus
1491 1265 1768 1319 seniorum
1829 1266 1960 1322 faci-

389 1354 558 1410 noris.

459 1442 525 1498 ν.
557 1445 624 1500 9:
662 1443 727 1499 Et
763 1455 1053 1500 everterunt
1089 1462 1300 1500 sensum
1335 1463 1509 1501 suum.
1541 1445 1643 1513 Qui
1674 1449 1820 1504 enim
1856 1447 1958 1503 Ec-

387 1534 565 1588 clesia:
633 1534 861 1590 insidias
924 1543 1246 1590 struxerunt
1309 1535 1536 1606 ejusque
1606 1547 1955 1607 corruptores

387 1624 626 1691 fuerunt,
655 1641 894 1695 quonam
926 1625 1088 1681 modo
1112 1627 1260 1696 justa
1296 1627 1545 1696 judicare
1582 1629 1830 1698 possint;
1863 1640 1956 1685 aut

383 1716 590 1770 mundo
612 1716 774 1770 corde
799 1717 854 1770 in
878 1717 1077 1771 ccelum
1104 1717 1404 1785 suspicere,
1420 1717 1512 1787 qui
1539 1717 1770 1787 principi
1791 1717 1954 1787 hujus

384 1808 567 1862 sareuli
597 1808 710 1862 sint
742 1808 1080 1877 mancipati?

453 1897 520 1954 V.
556 1889 656 1954 f0:
690 1899 964 1968 Erantque
993 1900 1148 1954 ambo
1180 1917 1304 1972 erga
1335 1918 1449 1954 eam
1478 1902 1710 1956 stimulis
1741 1904 1948 1973 agitati.

383 1988 522 2046 \‘ere
549 1991 692 2045 enim
725 1991 898 2060 accipi
933 1999 1111 2061 potest
1138 1993 1280 2062 quod
1315 1992 1388 2046 ita
1412 1993 1616 2048 dictum
1656 2004 1738 2051 est
1765 2013 1779 2057 ;
1810 2012 1954 2052 sem-

382 2098 476 2151 per
505 2083 650 2136 enim
673 2083 784 2136 duo
807 2083 1016 2152 populi,
1051 2082 1264 2138 Satanae
1284 2084 1442 2155 cujus
1470 2083 1650 2140 aﬂlatu
1692 2097 1948 2158 aguntur,

381 2176 616 2230 stimulis
637 2175 869 2239 incitati,
901 2176 1338 2244 persecutionum
1357 2178 1623 2248 procellas
1646 2195 1950 2236 aerumnas-

377 2282 484 2334 que
509 2266 770 2320 adversus
805 2265 1102 2321 Ecclesium
1129 2270 1395 2323 suscitare
1421 2270 1676 2334 student;
1704 2286 1949 2338 quaeren—

379 2367 460 2410 tes
494 2372 599 2426 qua
634 2357 851 2411 demum
881 2359 1090 2413 ratione
1119 2374 1237 2414 eam
1281 2372 1656 2430 corrumpant,
1705 2377 1831 2415 cum
1863 2376 1948 2416 se-

377 2465 500 2502 cum
530 2449 628 2518 ipsi
655 2463 763 2502 non
791 2451 1155 2505 consentiant.

450 2542 514 2596 ν.
545 2539 650 2594 12ε
686 2539 756 2594 Et
785 2542 1126 2595 obseruabant
1153 2542 1402 2596 sollicite.
1446 2541 1500 2596 Id
1529 2558 1658 2597 vero
1697 2545 1944 2600 animad-

375 2645 650 2690 vertamus
677 2649 854 2704 operte
886 2636 1118 2703 pretium
1146 2645 1264 2690 est:
1294 2635 1554 2690 hactenus
1599 2637 1804 2692 scilicet
1845 2638 1946 2692 ob-

375 2741 594 2782 servare
619 2743 682 2782 ac
709 2728 978 2782 curiosius
1008 2727 1284 2797 inquirere
1300 2743 1420 2797 qua
1443 2727 1496 2781 in
1521 2727 1756 2784 Ecclesia
1789 2729 1941 2793 ﬁant,

379 2833 493 2874 tum
521 2819 780 2888 gentiles,
833 2829 945 2873 tum
980 2835 1045 2873 ex
1087 2821 1503 2876 circumcisione
1549 2820 1796 2889 Judazos;
1848 2825 1941 2893 qui

371 2913 623 2967 videlicet
639 2911 805 2966 falsos
829 2919 992 2965 testes
1015 2908 1302 2966 adversum
1325 2927 1426 2966 nos
1443 2911 1938 2980 velintsubornare,

375 3001 833 3065 quemadmodum
864 3001 1286 3070 aitApostolus:
1335 3000 1560 3071 Propter
1604 3012 1780 3056 autent
1815 3003 1941 3057 sub-

373 3095 700 3147 introductos
728 3093 893 3163 falsos
922 3093 1136 3163 fratres,
1184 3096 1274 3164 qui
1308 3095 1719 3149 subintrcierunt
1765 3097 1942 3166 explo-

2067 628 2263 702 κλησίᾳ
2287 649 2299 662 ο
2333 627 2413 696 εἷς
2441 633 2558 704 μὲν,
2583 636 2610 687 ὁ
2632 635 2694 686 ἐκ
2716 634 3032 706 περιτομῆς,
3061 635 3156 688 καὶ
3183 628 3283 698 εἷς,
3316 636 3345 688 ὁ
3363 635 3421 700 ἐξ
3442 635 3632 688 ἐθνῶν.

2065 723 2138 776 Τὸ
2169 723 2278 796 γὰρ
2304 723 2479 794 λέγειν
2499 765 2516 790 ,
2547 726 2988 797 ἀπεδείχθησαν
3021 726 3304 796 ἄρχοντες
3336 727 3442 782 τοῦ
3477 729 3635 782 λαοῦ

2065 815 2162 869 καί
2188 818 2399 885 κριταί·
2442 819 2523 872 ὅτι
2558 819 2615 872 ἐν
2643 818 2721 890 τῷ
2751 819 2906 872 αίῶνι
2936 819 3111 889 τούτῳ
3135 819 3506 886 ἐξουσιάζουσι
3540 821 3635 875 καὶ

2065 907 2310 978 ἄρχουσι,
2337 908 2614 981 κρίνοντες
2645 911 2842 974 ἀδίκως
2872 911 3130 975 δικαίους.

2136 1001 2241 1056 Kal
2281 1000 2573 1070 ἐθεώρουν
2597 1002 2791 1070 αὐτὴν
2810 1004 2862 1056 οἱ
2885 1002 2992 1056 δύο
3007 1003 3412 1071 πρεσϐύτεροι.
3445 1002 3634 1056 Ταῦτα

2066 1091 2164 1160 μὲν
2185 1087 2278 1148 οὖν
2305 1095 2354 1146 οἱ
2385 1093 2493 1146 τῶν
2539 1093 2801 1147 Ἰουδαίων
2828 1094 3082 1166 ἄρχοντες
3107 1093 3383 1165 βούλονται
3402 1094 3498 1148 νῦν
3528 1112 3632 1148 πε-

2063 1184 2340 1254 ρικόπτειν
2372 1185 2473 1255 τῆς
2498 1184 2697 1255 βίϐλου,
2727 1186 3024 1254 φάσκοντες
3064 1186 3137 1258 μὴ
3169 1186 3417 1256 γενέσθαι
3454 1187 3635 1240 ταῦτα

2061 1279 2118 1329 ἐν
2147 1276 2457 1331 Βαϐυλῶνι·
2487 1277 2859 1349 αἰσχυνόμενοι
2889 1279 2950 1331 τὸ
2971 1279 3076 1332 ὑπὸ
3105 1278 3213 1332 τῶν
3244 1279 3634 1353 πρεσϐυτέρων

2055 1369 2175 1422 κατ’
2205 1370 2408 1423 ἐκεῖνον
2431 1370 2520 1423 τὸν
2553 1371 2739 1443 καιρὸν
2763 1371 3141 1442 γεγενημένον.

2127 1458 2235 1512 Kal
2263 1458 2627 1530 διέστρεψαν
2644 1461 2752 1514 τὸν
2779 1461 3006 1516 ἑαυτῶν
3045 1463 3215 1517 νοῦν.
3251 1463 3315 1516 Οἱ
3352 1462 3461 1534 γάρ
3507 1463 3634 1518 ἐπί-

2059 1548 2241 1602 ϐουλοι
2287 1551 2381 1603 καὶ
2423 1550 2638 1622 φθορεῖς
2666 1553 2768 1622 τῆς
2804 1552 3126 1623 Ἐκκλησίας
3145 1552 3424 1621 γενόμενοι
3451 1594 3466 1617 ,
3507 1553 3632 1618 πῶς

2057 1639 2307 1695 δύνανται
2331 1642 2515 1697 δίκαια
2538 1644 2764 1715 κρίνειν,
2786 1645 2818 1716 ἦ
2844 1645 3061 1717 καθαρᾷ
3077 1645 3276 1718 καρδίᾳ
3299 1645 3631 1722 ἀναϐλέπειν

2056 1735 2136 1797 είς
2167 1733 2259 1785 τὸν
2284 1734 2529 1807 οὐρανὸν,
2554 1735 2628 1807 τῷ
2659 1737 2876 1808 ἄρχοντι
2909 1737 3002 1790 τοῦ
3025 1737 3218 1800 αἰῶνος
3236 1737 3425 1791 τούτου
3444 1737 3632 1792 δεδου-

2053 1825 2282 1896 λωμένοι
2302 1842 2318 1891 ;

2123 1917 2235 1973 Kal
2265 1913 2429 1987 ἦσαν
2457 1917 2773 1987 ἀμφότεροι
2802 1925 3303 1992 κατανενυγμένοι
3339 1925 3472 1992 περὶ
3519 1926 3632 1981 αὐ-

2051 2006 2180 2075 τῆς.
2214 2008 2326 2062 Καὶ
2347 2007 2455 2080 γὰρ
2488 2008 2632 2063 ἐστιν
2678 2010 2892 2081 άληθῶς
2930 2014 3338 2070 καταλαϐέσθαι
3370 2016 3431 2070 τὸ
3467 2019 3630 2090 eim-

2055 2102 2234 2174 μένον,
2267 2103 2350 2156 ὅτι
2383 2102 2613 2158 πάντοτε
2644 2105 2694 2158 oi
2728 2104 2819 2159 δύο
2849 2105 2969 2160 λαοὶ
3020 2108 3478 2179 κατανυσσόμενοι
3518 2109 3630 2166 ὑπδ

2047 2196 2141 2250 τοῦ
2182 2198 2240 2250 ἐν
2272 2197 2457 2261 αὐτοῖς
2495 2197 2844 2269 ἐνεργοῦντος
2874 2200 3124 2265 Σατανᾶ,
3176 2200 3452 2272 βούλονται
3495 2203 3625 2257 διω-

2049 2287 2225 2358 γμοὺς
2273 2288 2370 2342 καὶ
2412 2287 2618 2358 θλίψεις
2659 2291 2892 2362 ἐγείρειν
2938 2291 3076 2346 κατὰ
3119 2293 3219 2364 τῆς
3274 2294 3622 2366 Ἐκκλησίας,

2049 2377 2336 2450 ζητοῦντες
2359 2381 2505 2446 ὅπως
2525 2381 2904 2455 διαφθείρωσιν
2925 2385 3116 2456 αὐτὴν,
3141 2387 3351 2450 ἑαυτοῖς
3379 2387 3454 2458 μὴ
3480 2404 3623 2458 συμ-

2047 2470 2368 2539 φωνοῦντες.

2117 2563 2227 2618 Kal
2283 2566 2725 2635 παρετηροῦντο
2779 2571 3117 2639 φιλοτίμως.
3171 2571 3512 2642 Σημειωτέον
3559 2571 3626 2626 δὲ

2043 2654 2202 2709 τοῦτο
2226 2673 2240 2686 ·
2266 2656 2348 2710 ὅτι
2375 2657 2480 2721 ἐως
2507 2657 2601 2712 νῦν
2623 2660 3064 2733 παρατηροῦνται
3105 2663 3198 2716 καὶ
3225 2665 3622 2736 περιεργάζον-

2042 2763 2133 2801 ται
2155 2749 2224 2803 τὰ
2246 2751 2305 2802 ἐν
2330 2753 2399 2822 τῇ
2447 2751 2743 2826 Ἐκκλησία
2771 2755 3150 2826 πραττόμενα,
3180 2757 3234 2810 οῖ
3269 2773 3328 2809 τε
3355 2756 3416 2821 ἐξ
3446 2756 3626 2812 ἐθνῶν

2043 2840 2136 2892 καὶ
2158 2840 2210 2892 οἱ
2264 2841 2329 2894 ἐκ
2371 2843 2675 2916 περιτομῆς
2727 2845 3010 2909 Ἰουδαῖοι,
3054 2845 3364 2919 βουλόμενοι
3400 2847 3622 2918 ψευδεῖς

2045 2933 2328 3006 μάρτυρας
2353 2937 2682 3009 καταφέρειν
2711 2937 2834 2992 καθ’
2864 2938 3054 3010 ήμῶν,
3101 2940 3178 3004 ὡς
3219 2943 3248 2994 ὁ
3297 2939 3624 3004 Ἀπόστολος

2040 3014 2218 3093 λέγει¹ο
2257 3025 2360 3080 Διά
2405 3025 2474 3080 δὲ
2515 3027 2656 3094 τοὺς
2695 3029 3208 3098 παρωσαχθέντας
3245 3029 3624 3098 ψευδοαδέλ-

2040 3135 2211 3186 φους,
2240 3119 2458 3186 οἵτινες
2485 3119 2773 3188 εἷο-ἦλθον
2803 3123 3265 3192 κατασκοπῆσαι
3296 3123 3413 3192 τὴν
3451 3125 3625 3180 ἐλευ-

374 3202 492 3238 rare
513 3185 804 3239 libertatem
829 3197 1085 3252 nostram,
1115 3203 1272 3256 quam
1303 3185 1548 3240 habemus
1585 3189 1639 3240 in
1659 3186 1868 3243 Christo
1892 3190 1934 3244 ⁸.

2055 3211 2242 3278 9ερίαν
2265 3210 2453 3281 ἡμῶν,
2478 3211 2558 3279 ἢν
2583 3185 2801 3282 ἔχομεν
2829 3214 2899 3268 ἐν
2920 3185 3154 3283 Χριστῷ
3191 3185 3402 3284 Ἰησοίῖν.

445 3276 655 3333 Peccati
703 3293 876 3348 genus
922 3286 1034 3341 est,
1071 3293 1312 3346 quzerere
1339 3286 1398 3332 ut
1443 3277 1658 3334 feminis
1693 3283 1938 3337 attendas

370 3385 635 3425 animum.

445 3483 506 3539 V.
545 3484 640 3538 15:
676 3483 747 3538 Et
786 3485 977 3553 egressi
1017 3495 1334 3540 recesserunt
1378 3504 1410 3539 a
1437 3504 1491 3540 se
1530 3497 1734 3542 mutuo.
1784 3487 1938 3554 Quod

367 3592 496 3646 ergo
524 3592 556 3630 a
600 3591 658 3631 se
684 3587 873 3631 mutuo
896 3586 1239 3632 recesserunt
1281 3577 1415 3632 hora
1444 3579 1679 3649 prandii,
1711 3579 1814 3635 hoc
1865 3581 1938 3634 si-

367 3669 587 3739 gniticat
613 3669 668 3723 in
693 3668 927 3724 terrenis
942 3669 1160 3739 quidem
1187 3670 1325 3725 cibis
1355 3686 1462 3726 non
1491 3673 1803 3727 consentire
1835 3672 1935 3728 .lu-

365 3760 513 3816 daeos
542 3775 664 3814 eum
687 3758 973 3830 gentibus;
1005 3761 1058 3815 in
1094 3776 1256 3817 sensu
1281 3777 1409 3816 vero
1429 3763 1750 3832 cunctisque
1775 3765 1935 3818 rebus

366 3853 432 3906 ad
463 3852 646 3908 steculi
680 3869 841 3907 usum
877 3853 1267 3922 spectantibus,
1291 3853 1578 3908 convenire
1603 3869 1669 3908 ac
1692 3869 1936 3909 commu-

365 3944 566 3999 nicarc.

435 4033 500 4090 V.
534 4035 634 4090 H:
668 4036 739 4090 Et
767 4038 1094 4093 sciscitantes
1115 4037 1183 4090 ad
1208 4036 1428 4091 invicem
1448 4053 1686 4102 causam,
1709 4039 1932 4104 confessi

363 4137 485 4182 siml
521 4144 670 4182 suam
704 4131 1204 4200 concupiscentiam.
1257 4128 1360 4200 Ipsi
1410 4129 1515 4185 sibi
1543 4131 1929 4196 vaticinantur,

365 4220 772 4276 sciscitantibus
823 4221 1245 4292 cogitationibus
1296 4220 1603 4278 reddituros
1652 4237 1775 4278 esse
1817 4223 1929 4277 Deo

361 4310 627 4362 rationem
659 4309 680 4338 '
707 4325 806 4378 pro
827 4310 1080 4364 omnibus
1122 4325 1243 4380 quas
1274 4311 1636 4380 peccaverint,
1662 4313 1927 4382 quemad-

362 4401 582 4454 modum
619 4397 879 4454 Salomon
903 4401 1008 4453 ait:
1041 4399 1345 4454 Sciscitatio
1384 4398 1513 4468 (seu
1529 4415 1757 4458 examen
1778 4403 1930 4474 )per-

361 4494 447 4545 det
485 4493 674 4558 impios
711 4493 754 4547 ⁸.
789 4493 1095 4563 Capiuntur
1117 4494 1262 4548 enim
1295 4494 1350 4548 hi
1381 4493 1767 4552 sciscitatione.

435 4582 494 4637 V.
539 4583 634 4638 15:
668 4583 808 4637 Dum
838 4585 1166 4640 observarent
1187 4585 1326 4639 diem
1345 4595 1546 4655 aptum.
1569 4587 1743 4653 Quem
1761 4603 1924 4658 porro
1958 4578 2000 4634 υ

360 4673 465 4727 nisi
497 4673 640 4729 diem
671 4674 914 4739 Pasclue,
963 4690 1058 4744 per
1084 4691 1242 4746 quem
1273 4677 1550 4732 lavacrum
1589 4680 1644 4732 in
1682 4681 1927 4748 pomario

355 4768 712 4822 :estuantibus
760 4779 1006 4838 paratur,
1055 4778 1108 4822 et
1151 4767 1400 4824 Susanna
1454 4771 1675 4838 lavans,
1721 4773 1920 4828 munda

356 4860 466 4915 Deo
491 4876 690 4929 sponsa
716 4863 958 4917 sistitur?

423 4953 557 5008 Cum
583 4954 788 5009 duabus
809 4958 936 5012 solis
965 4957 1175 5027 puellis.
1225 4957 1453 5024 Quando
1497 4960 1639 5014 enim
1684 4959 1923 5016 Ecclesia

349 5062 417 5102 ex
454 5061 607 5100 more
631 5048 780 5117 cupit
821 5050 1096 5105 lavacrum
1124 5051 1421 5119 suscipere,
1455 5053 1590 5108 duas
1617 5053 1925 5108 necessario

346 5141 576 5195 ancillas
618 5141 845 5195 comites
885 5141 1065 5196 habet.
1110 5141 1320 5197 Etenim
1371 5141 1606 5198 Ecclesia
1635 5159 1729 5213 per
1762 5145 1920 5200 ﬁdem

348 5234 400 5284 iu
429 5233 710 5287 Christum
743 5242 797 5287 et
816 5248 910 5304 per
936 5233 1255 5290 charitatem
1288 5237 1341 5289 in
1368 5235 1538 5290 Deum
1561 5234 1807 5290 confessa
1833 5251 1919 5290 re-

346 5324 480 5396 cipit
509 5324 810 5380 lavacrum.

421 5501 491 5556 ν.
541 5502 636 5558 ίεε
702 5504 952 5575 Dixitque
1003 5507 1222 5576 puellis:
1279 5507 1474 5576 Aﬁ'erte
1527 5509 1658 5562 mihi
1722 5509 1914 5562 oleum.

343 5595 579 5653 Proinde
601 5600 733 5656 ﬁdes
763 5609 817 5654 et
845 5601 1101 5666 charitas,
1122 5601 1300 5656 oleum
1327 5610 1379 5654 et
1407 5611 1703 5671 smegmata
1728 5602 1917 5656 lavan-

348 5689 496 5745 tibus
527 5701 738 5759 parant.
781 5690 1039 5758 Quaanam
1073 5709 1205 5748 vero
1236 5706 1567 5766 smegmata,
1607 5698 1713 5752 nisi
1752 5697 1916 5754 Verbi

292 5878 320 5908 ρ
401 5840 435 5907 ,δ
461 5841 578 5898 Gal.
609 5859 670 5913 ιι,
703 5844 754 5898 4.
819 5846 852 5927 ’⁸
895 5845 1052 5902 item.
1100 5863 1170 5914 ιι,
1203 5847 1286 5902 15.
1365 5852 1386 5878 δ
1415 5846 1578 5902 Prov.
1615 5864 1667 5918 i,
1699 5849 1786 5905 52.

2111 3296 2262 3366 Εἶδος
2279 3300 2572 3374 ἁμαρτίας,
2599 3300 2662 3356 τὺ
2687 3302 2866 3374 ζητεῖν
2893 3303 3178 3375 προσέχειν
3203 3305 3467 3376 γυναιξίν.

2109 3485 2217 3540 Kal
2235 3484 2590 3553 ἐξελθόντες
2601 3485 3082 3557 διεχωρίσθησαν
3093 3485 3193 3539 ἀπ’
3211 3483 3521 3555 ἀλλήλων.
3541 3485 3623 3538 Τδ

2035 3574 2150 3640 οὖν,
2197 3577 2678 3654 διεχωρίσθησᾳν
2700 3578 2802 3632 ἀπ’
2820 3577 3106 3646 ἀλλήλων
3131 3577 3208 3648 τῇ
3226 3575 3347 3646 ὥρᾳ
3367 3575 3477 3631 τοῦ
3489 3578 3623 3645 ἀρι-

2035 3687 2210 3737 στου,
2239 3670 2396 3725 τοῦτο
2420 3670 2672 3742 σημαίνει
2690 3686 2705 3702 ο
2731 3669 2813 3723 ὅτι
2844 3669 2903 3722 ἐν
2943 3670 3038 3740 μὲν
3065 3672 3178 3732 τοῖς
3203 3667 3454 3740 βρώμασι
3501 3672 3621 3731 τοῖς

2036 3761 2301 3831 ἐπιγείοις
2322 3761 2372 3816 οἱ
2417 3761 2662 3815 Ἰουδαῖοι
2691 3760 2800 3814 τῶν
2823 3759 2993 3814 ἐθνῶν
3023 3761 3084 3814 οὐ
3102 3760 3485 3831 συμφωνοῦσιν
3509 3777 3523 3790 ·
3554 3763 3620 3813 ἐν

2033 3854 2089 3907 δὲ
2125 3855 2245 3919 ταῖς
2267 3853 2520 3925 θεωρίαις
2547 3852 2644 3907 καὶ
2676 3851 2838 3906 παντὶ
2861 3850 3106 3924 κοσμικῷ
3141 3851 3449 3924 πράγματι,
3485 3851 3616 3904 τού-

2029 3962 2145 4009 τοις
2176 3945 2555 4018 συνερχόμενοι
2578 3944 2941 4000 κοινωνοῦσιν.

2103 4036 2211 4091 Kal
2241 4035 2621 4102 ἀνετάζοντες
2639 4035 2955 4103 ἀλλήλους
2982 4034 3099 4104 τὴν
3131 4035 3358 4100 αιτίαν,
3384 4034 3620 4104 ὠμολό-

2034 4141 2231 4199 τησαν
2263 4126 2378 4197 τὴν
2404 4127 2743 4196 ἐπιθυμίαν.
2765 4127 2928 4180 Αὐτοὶ
2969 4128 3184 4191 ἐαυτοίς
3237 4126 3619 4197 προφητεύον-

2030 4236 2140 4284 ται,
2170 4218 2248 4282 ὡς
2276 4218 2628 4290 μελλήσουσιν
2652 4218 2757 4271 ὑπὸ
2777 4217 3051 4289 λογισμῶν
3088 4216 3406 4290 ἐταζόμενοι
3450 4217 3615 4286 λόγον

2029 4309 2213 4364 δοῦναι
2242 4309 2321 4381 τῷ
2342 4308 2462 4380 Θεῷ
2515 4310 2656 4382 ὑπὲρ
2685 4309 2866 4380 πάσης
2912 4309 3180 4381 ἁμαρτίας
3227 4307 3298 4383 ἦς
3339 4310 3611 4382 ἔπραξαν,

2029 4401 2106 4465 ὡς
2132 4399 2383 4472 Σολομὼν
2407 4401 2594 4470 λέγει’
2625 4400 2910 4471 Ἐτασμός
2937 4401 3004 4455 δὲ
3017 4402 3254 4469 ἀσεϐεῖς
3277 4402 3424 4456 ὀλεῖ.
3465 4403 3613 4456 Ἀλί-

2034 4510 2252 4548 σκονται
2280 4492 2386 4566 γὰρ
2411 4487 2556 4547 οὗτοι
2577 4492 2683 4548 ὑπὸ
2712 4494 2969 4557 ἐτάσεως.

2113 4588 2207 4639 Ἐν
2273 4585 2353 4651 τῷ
2391 4585 2752 4655 παρατηρεῖν
2800 4586 3020 4653 αὐτοὺς
3063 4587 3289 4656 ἡμέραν
3336 4588 3604 4642 εὖθέτωκ

2029 4681 2193 4736 Ποίαν
2226 4680 2464 4746 εὔθετον,
2490 4679 2652 4750 ἀλλ’ἢ
2685 4679 2784 4752 τὴν
2811 4679 2904 4732 τοῦ
2935 4679 3144 4750 Πάσχα,
3169 4681 3227 4734 ἐν
3297 4680 3360 4733 τὸ
3382 4680 3616 4750 λουτρὸν

2029 4779 2088 4830 ἐν
2117 4775 2426 4848 παραδείσῳ
2455 4776 2569 4837 τοῖς
2613 4773 2921 4843 καιομένοις
2940 4772 3276 4842 ἐτοιμάζεται
3299 4811 3315 4836 ,
3353 4773 3448 4826 καὶ
3492 4774 3612 4825 Σιω-⁵

2031 4869 2198 4922 σάννα
2223 4865 2613 4936 ἀπολουομένη,
2635 4863 2851 4935 καθαρὰ
2870 4863 3054 4935 νύμφη
3089 4863 3206 4933 Θεῷ
3231 4863 3563 4954 παρίσταται
3587 4880 3604 4927 ;

2096 4961 2260 5014 Μετὰ
2301 4959 2410 5013 δύο
2435 4959 2627 5028 μόνον
2662 4957 2980 5025 κορασίων.
3039 4956 3232 5008 Ἦνίκα
3283 4956 3394 5028 γὰρ
3429 4957 3498 5010 ἂν
3542 4957 3614 5008 τὸ

2025 5052 2167 5107 κατὰ
2198 5052 2424 5124 σύνηθες
2448 5051 2684 5123 ἐπιθυμῇ
2711 5049 2930 5120 λουτρὸν
2961 5047 3144 5100 λαϐεῖν
3181 5050 3215 5119 ἡ
3279 5048 3600 5118 Ἐκκλησία,

2024 5146 2082 5213 ἐξ
2114 5145 2359 5216 ἀνάγκης
2383 5143 2555 5216 ταύτῃ
2581 5143 2675 5196 δύο
2714 5141 3002 5204 παιδίσκας
3039 5140 3117 5193 δεῖ
3149 5141 3602 5211 παρακολουθεῖν

2023 5236 2110 5290 διὰ
2135 5238 2239 5309 γὰρ
2258 5237 2358 5308 τῆς
2379 5237 2616 5299 πίστεως
2638 5236 2717 5298 είς
2738 5231 2993 5305 Χριστὸν,
3011 5234 3106 5286 καὶ
3136 5233 3227 5286 διὰ
3253 5233 3356 5304 τῆς
3377 5235 3604 5306 ἀγάπης

2023 5330 2118 5398 τῆς
2152 5331 2285 5400 πρὸς
2304 5329 2396 5381 τὸν
2421 5328 2553 5381 Θεὸν
2571 5326 2838 5398 λαμϐάνει
2861 5324 2922 5379 τὸ
2940 5324 3162 5396 λουτρὸν
3197 5319 3538 5397 ὁμολογοῦσα

2035 5423 2344 5493 Ἐκκλησία.

2093 5515 2203 5568 Kal
2252 5512 2381 5569 εἷπε
2434 5514 2564 5582 τοῖς
2615 5515 2950 5584 κορασίοις·
3018 5512 3328 5582 Ἐνέγκατε
3381 5511 3456 5579 δή
3493 5530 3598 5583 μοι

2019 5609 2243 5664 ἔλαιον.
2290 5609 2378 5674 Ὡς
2403 5609 2582 5672 πίστις
2607 5609 2696 5662 καὶ
2718 5609 2904 5678 ἀγάπη
2935 5607 2995 5660 τὸ
3016 5607 3190 5660 ἔλαιον
3231 5609 3327 5662 καὶ
3359 5607 3431 5663 τὰ
3456 5608 3598 5678 σμή-

2020 5720 2206 5776 γματα
2236 5704 2347 5766 τοῖς
2378 5701 2685 5775 λουομένοις
2723 5700 3085 5772 ἑτοιμάζουσι.
3136 5701 3268 5754 Τίνα
3309 5701 3368 5754 δέ
3415 5696 3482 5773 ἦν
3525 5698 3595 5754 τὰ
