3876 6340
186 338 274 395 693
1299 324 1721 381 FRAGMENTA
1759 322 1828 377 IN
1865 325 2227 381 DANIELEM.

3274 327 3377 385 694

183 459 472 530 σμήγματα,
498 453 606 506 ἀλλ’
632 452 666 522 ἢ
695 449 787 504 τοῦ
821 450 973 519 ἁγίου
1002 449 1174 518 Λόγου
1199 447 1441 514 ἐντολαῖς
1489 447 1542 500 τί
1572 447 1628 500 δὲ
1653 446 1708 499 τὸ

1817 451 2112 504 mandata?
2144 449 2416 519 quodnam
2445 457 2624 505 autem
2645 449 2846 514 oleum,
2873 447 2978 505 nisi
3000 447 3172 504 virtus
3202 446 3375 517 Spiris

181 551 354 611 ἐλαιον,
395 545 506 600 ἀλλ’
546 545 581 616 ἢ
630 543 736 612 τοῦὁ
764 542 920 611 ἁγίου
965 541 1276 612 Πνεύματος
1321 538 1576 610 δύναμις;
1624 533 1712 601 αἷς

174 640 302 714 μετὰ
335 637 396 692 τὸ
431 636 646 708 λουτρὸν
684 635 758 698 ὼς
793 635 965 705 μύρου
1009 633 1248 704 χρίονται
1275 633 1324 685 οἱ
1349 631 1707 693 πιστεύοντες.

170 730 339 786 Ταῦτα
362 727 529 782 πάντα
549 724 862 779 διετυποῦτο
882 723 970 776 διὰ
989 724 1092 794 τῆς
1119 723 1396 795 μακαρίας
1426 722 1711 792 Σωσάννης

170 825 223 877 δι’
250 822 412 893 ἡμᾶς’
441 819 526 872 ἵνα
545 816 641 872 νῦν
661 819 843 889 ἡμεῖς,
866 816 916 869 οἱ
939 814 1018 886 τῷ
1052 813 1173 886 Θεῷ
1217 814 1580 879 πιστεύοντες,
1633 815 1708 885 μὴ

171 915 232 976 ὡς
265 911 379 979 ξένα
402 909 470 964 τὰ
494 909 587 963 νῦν
613 909 876 980 γενόμενα
895 909 952 961 ὲν
979 909 1047 979 τῇ
1083 906 1376 978 Ἐκκλησία
1409 908 1706 979 νοήσωμεν,

173 1005 266 1058 ἀλλ’
297 1004 327 1076 ἢ
356 1001 529 1056 πάντα
565 999 740 1054 ταῦτα
782 998 873 1052 διὰ
918 997 1026 1052 τῶν
1067 996 1414 1068 πατριαρχῶν
1451 1013 1711 1068 προτετυ-

174 1111 247 1147 πω
257 1093 380 1165 μένα
406 1089 801 1161 πιστεύσωμεν,
829 1086 971 1142 καθὰ
993 1088 1089 1143 καὶ
1111 1090 1141 1142 ὀ
1185 1087 1500 1152 ’Δπόστολος
1529 1087 1705 1156 λέγει·

181 1188 344 1243 Ταῦτα
369 1185 436 1240 δὲ
461 1183 722 1250 τυπικῶς
759 1181 1112 1238 συνέϐαινεν
1156 1181 1436 1248 ἐχειν-σις’
1484 1179 1709 1251 ἐγράφη

175 1279 232 1331 δὲ
262 1277 398 1346 πρὸς
435 1275 760 1330 νουθεσίαν
803 1271 1007 1343 ἡμῶν,
1034 1272 1260 1354 εις-,οὒς
1299 1273 1374 1327 τὰ
1412 1272 1556 1342 τέλη
1590 1271 1710 1328 τῶν

173 1366 370 1421 αἰώνων
399 1365 801 1434 κατήντησαν.

229 1458 326 1513 Καὶ
355 1455 615 1526 ἐξῆλθον
638 1457 786 1513 κατὰ
811 1459 917 1527 τὰς
938 1459 1198 1531 πλαγίας
1241 1459 1442 1529 θύρας.
1483 1459 1708 1530 Προμη-

172 1548 385 1614 νύουσαι,
419 1550 499 1602 ὅτι
523 1551 553 1603 ό
579 1549 902 1622 βουλόμενος
928 1550 1020 1604 τοῦ
1046 1553 1102 1604 ὲν
1124 1550 1203 1622 τῷ
1232 1551 1545 1622 παραδείσῳ
1578 1550 1708 1603 ὓδα-

170 1656 246 1701 m;
275 1639 608 1710 μεταλαϐεῖν,
638 1640 1010 1708 ἀποτάξασθαι
1035 1642 1133 1714 μὲν
1157 1641 1358 1712 ὀφείλει
1388 1644 1455 1714 τῇ
1480 1641 1709 1713 πλατείᾳ

173 1728 318 1802 θύρᾳ·
344 1729 429 1784 διὰ
448 1729 504 1783 δὲ
537 1731 639 1803 τῆς
670 1733 867 1802 στενῆς
893 1733 988 1787 καὶ
1019 1731 1382 1804 τεθλιμμένης
1425 1732 1703 1786 εἰσελθεῖν.

226 1823 321 1876 Kal
346 1824 454 1876 οὐκ
488 1823 656 1877 εἶδον
674 1823 814 1891 τοὺς
846 1825 1303 1894 πρεσϐυτέρους.
1352 1827 1560 1896 ’Ὠσπερ
1601 1824 1708 1896 γὰρ

168 1914 268 1967 τότε
291 1916 345 1968 ὲν
365 1912 442 1986 τῷ
474 1915 791 1988 παραδείσῳ
837 1916 1140 1988 συνεκρύϐη
1173 1921 1202 1972 ό
1247 1917 1490 1982 διάϐολος
1525 1920 1584 1971 ἐν
1629 1918 1709 1990 τῷ

169 2004 288 2072 ὄφει,
310 2002 445 2057 οὕτω
464 2005 562 2070 καὶ
600 2003 694 2057 νῦν
723 2007 782 2059 ὲν
815 2009 928 2070 τοῖς
975 2007 1366 2079 πρεσϐυτέροις
1399 2007 1704 2080 ὲγκρυϐεὶς,
1731 2082 1740 2091 _

168 2097 250 2166 τὴν
267 2095 448 2149 ἑαυτοῦ
474 2096 826 2168 ὲνεκίσσησεν
856 2097 1168 2168 ἐπιθυμίαν,
1200 2098 1288 2152 ἵνα
1317 2097 1476 2153 πάλιν
1505 2099 1570 2153 ἐκ
1590 2098 1709 2154 δευ-

168 2185 303 2256 τέρου
329 2185 615 2259 διαφθείρῃ
647 2186 745 2258 τὴν
778 2185 942 2240 Εὔαν.

235 2277 365 2332 Ἰδοὺ
406 2280 468 2332 αἱ
502 2279 678 2347 θύραι
717 2277 822 2332 τοῦ
864 2280 1227 2348 παραδείσου
1253 2280 1604 2338 κέκλεινται.
1633 2278 1704 2335 Ὦ

170 2369 463 2441 παρανόμων
479 2370 759 2441 ἀρχόντων
790 2372 884 2423 κατ⁹
912 2371 1219 2444 διαϐολικῆς
1232 2373 1510 2444 ἐνεργείας
1536 2391 1706 2445 μεμε-

170 2462 425 2532 στωμὲνων
443 2478 457 2493 ο
484 2461 665 2516 ταῦτα
695 2462 822 2533 ὑμῖν
845 2464 1129 2536 παρέδωκε
1165 2465 1440 2536 Μωῦσῆς;
1480 2465 1620 2521 οὕτω
1648 2467 1707 2521 δὲ

166 2553 238 2605 τὸν
275 2552 429 2624 νόμον
449 2553 918 2622 ἀναγινώσκοντες
941 2555 1159 2628 ἐτέρους
1182 2555 1458 2610 διδάσκετε
1479 2575 1494 2624 ;
1540 2557 1596 2612 Ὁ
1617 2557 1706 2612 λέ-

167 2664 258 2715 γων
289 2649 357 2722 μὴ
376 2647 645 2719 φονεύειν,
680 2649 840 2712 αὐτὸς
865 2649 1141 2719 φονεύεις;
1185 2650 1242 2704 '0
1271 2651 1442 2720 λέγων
1481 2651 1553 2722 μὴ
1585 2653 1707 2705 ἐπι-

167 2721 347 2809 θυμεῖν,
375 2740 539 2804 αὐτὸς
565 2739 668 2811 τὴν
697 2743 928 2809 γυναῖκα
971 2739 1064 2794 τοῦ
1111 2740 1336 2811 πλησίον
1376 2721 1706 2814 διαφθείρειν

168 2829 314 2894 θέλεις
332 2848 346 2896 ;

221 2925 317 2980 Kal
333 2923 692 2993 ὲνὲπιθυμίᾳ
715 2937 830 2979 σου
846 2923 1121 2994 ἐσμέν-,Τί
1140 2924 1479 2992 ἀναπείθετε,
1495 2925 1704 2996 ἄνομοι,

167 3017 385 3089 σώφρονα
409 3017 502 3072 καὶ
527 3017 790 3087 ἀκέραιον
815 3015 990 3088 ψυχὴν
1007 3015 1186 3085 λόγοις
1203 3015 1475 3085 ψευδέσιν,
1499 3015 1586 3069 ἵνα
1606 3015 1707 3086 τὴν

165 3110 339 3164 οἰκείαν
365 3108 665 3180 ἐπιθυμίαν
701 3110 934 3180 στήσητε
954 3126 970 3174 ;

221 3205 282 3255 Ei
303 3203 366 3255 δὲ
385 3201 493 3272 μὴ,
525 3200 1138 3270 καταμαρτυρήσομέν
1164 3214 1300 3255 σου.
1334 3199 1537 3266 Ταῦτα,
1555 3200 1707 3271 ὑμῶν

165 3291 220 3345 τὰ
244 3293 325 3347 ἀπ’
344 3294 519 3366 ἀρχῆς
539 3293 689 3348 δεινὰ
711 3293 1052 3364 τολμήματα,
1084 3292 1172 3346 διὰ
1193 3292 1287 3348 τὸν
1317 3295 1410 3348 ἀπ’
1451 3293 1625 3366 ἀρχῆς
1652 3297 1710 3348 ὲν

166 3383 271 3453 ὑμῖν
305 3385 732 3456 ἐμφωλεύσαντα
775 3385 993 3440 πλάνον.
1017 3385 1126 3438 Ἦν
1184 3383 1293 3456 γὰρ
1350 3385 1518 3450 ὅντως
1572 3385 1709 3456 μετὰ

165 3480 335 3547 ταύτης
356 3479 644 3542 νεανίσκος,
665 3478 757 3531 ἀπ’
788 3477 1030 3548 οὐρανῶν
1059 3477 1321 3549 ὑμέτερος
1347 3476 1445 3546 (1),
1476 3478 1536 3530 οὐ
1572 3494 1705 3547 συγ-

165 3566 413 3638 γινόμενος
434 3567 600 3639 αὐτῇ,
627 3566 762 3620 ἀλλὰ
794 3566 1197 3639 συμμαρτυρῶν
1227 3568 1292 3632 τῆ
1321 3565 1566 3637 ἀληθείᾳ.

221 3741 316 3796 Kal
349 3741 759 3806 ὰνεστέναξεν
787 3739 1095 3796 Σωσάννα.
1124 3737 1340 3793 Τούτων
1359 3733 1452 3793 οὖν
1477 3737 1585 3793 τῶν
1616 3742 1711 3811 ρη-

167 3832 322 3902 μάτων
353 3835 640 3889 ἀκούσασα
669 3836 703 3905 ή
742 3833 986 3906 μακαρία
1017 3832 1293 3897 Σωσάννα,
1327 3830 1596 3903 κατενύγη
1611 3831 1709 3903 τὴν

163 3925 386 3994 καρδίαν,
423 3927 522 3981 καὶ
579 3925 781 3996 ἔφραξε
813 3925 874 3978 τὸ
901 3924 1072 3996 στόμα
1098 3964 1113 3990 ,
1163 3923 1238 3996 μὴ
1277 3921 1570 3994 βουλομένη
1604 3923 1710 3977 ὑπὸ

161 4014 347 4086 ἀνόμων
374 4019 766 4090 πρεσϐυτέρων
797 4020 1100 4091 μιανθῆναι.
1139 4022 1293 4075 Ἔστι
1315 4023 1372 4077 δὲ
1407 4026 1505 4079 καὶ·
1543 4043 1710 4080 κατα-

161 4103 385 4162 λαϐέσθαι
408 4109 632 4182 ἀληθῶς
658 4113 720 4163 τὸ
745 4110 956 4182 συμϐὰν
979 4113 1072 4166 ἐπὶ
1098 4115 1162 4185 τῇ
1209 4115 1485 4189 Σωσάννῃ.
1538 4116 1709 4172 Τοῦτο

160 4195 249 4267 γὰρ
275 4199 364 4253 νῦν
391 4202 488 4255 καὶ
520 4203 702 4272 ὲπὶτῇ
755 4202 1049 4275 Ἐκκλησία
1090 4205 1465 4277 πληρούμενον
1505 4208 1704 4281 εὕροις.

169 4285 333 4343 Ἠνίκα
354 4291 463 4363 γὰρ
487 4293 542 4345 οἱ
572 4291 664 4345 δύο
693 4293 812 4346 λαοὶ
838 4294 1255 4366 συμφωνήσουσι
1286 4297 1589 4370 διαφθεῖραί
1621 4317 1706 4353 τι-

160 4395 238 4443 νας
256 4381 353 4435 τῶν
378 4383 576 4452 ἁγίων,
621 4385 1061 4457 παρατηροῦνται
1091 4386 1306 4458 ἡμέραν
1336 4387 1572 4454 εὔθετον,
1611 4391 1706 4444 καὶ

1816 553 1900 597 tus
1932 543 2138 598 sancti?
2165 544 2364 614 quibus
2379 553 2501 614 post
2528 544 2804 598 lavacrum
2821 553 3082 614 tanquam
3102 551 3381 612 unguento

1815 634 1999 692 ﬁdeles
2019 646 2415 710 perunguntur.
2445 638 2650 693 Cuncta
2673 637 2786 693 hate
2813 652 2907 708 per
2927 638 3142 693 beatam
3165 634 3376 691 Susan-

1814 743 1938 782 nam
1968 729 2142 784 nostri
2187 744 2352 785 causa
2393 729 2801 800 ﬁgurabantur:
2851 744 2920 786 ne
2953 729 3116 784 modo
3147 728 3375 794 scilicet,

1811 820 1905 890 qui
1935 819 2045 876 Deo
2072 821 2368 887 credimus,
2395 835 2459 876 ea
2487 835 2608 891 qua:
2651 819 3136 890 impraesentiarum
3185 820 3238 874 in
3275 816 3380 874 Ec-

1812 912 1976 967 clesia
2002 911 2158 976 ﬁunt,
2196 920 2454 984 tanquam
2493 927 2631 968 nova
2674 927 2739 968 ac
2777 911 3063 982 peregrina
3096 910 3378 966 exis-time-

1813 1019 1967 1068 mus;
1996 1002 2093 1059 sed
2123 1010 2318 1060 cuncta
2343 1003 2459 1060 haec
2489 1003 2618 1060 olim
2644 1018 2740 1075 per
2766 1002 3106 1073 patriarchas
3148 1001 3376 1073 ﬁgurata

1813 1094 2136 1159 credamus,
2206 1095 2669 1166 quemadmodum
2706 1095 2870 1150 etiam
2924 1092 3216 1164 Apostolus
3266 1093 3374 1146 ait:

1819 1183 1948 1240 Hazc
1976 1184 2344 1257 contingebant
2370 1185 2482 1240 illis
2507 1187 2562 1241 in
2583 1186 2769 1256 ﬁguris
2784 1201 2805 1251 ;
2832 1186 3029 1255 scripta
3049 1194 3224 1238 autem
3254 1193 3378 1237 sunt

1814 1276 1885 1330 ad
1917 1285 2155 1331 nostram
2182 1277 2620 1344 exhortationem,
2641 1278 2698 1332 in
2714 1293 2844 1348 quos
2866 1277 2994 1347 ﬁnes
3017 1275 3198 1331 saeculi
3227 1275 3377 1328 dece-

1810 1379 1996 1425 nerunt
2033 1368 2077 1422 '.

1886 1460 2078 1518 v.18:
2121 1461 2192 1516 Et
2220 1461 2461 1517 exierunt
2503 1478 2596 1533 per
2619 1461 2901 1533 posticum.
2943 1460 3148 1532 Nempe
3189 1461 3376 1531 praesi-

1811 1563 2064 1625 guantes,
2096 1556 2191 1628 qui
2227 1556 2358 1612 velit
2386 1555 2442 1610 in
2463 1556 2712 1626 pomario
2750 1570 2890 1627 aqua
2928 1555 3154 1626 intingi,
3181 1555 3380 1610 debere

1813 1643 2066 1699 nuntium
2090 1644 2371 1701 remittere
2401 1654 2572 1716 portae
2611 1645 2734 1702 lata:
2757 1646 2808 1714 ⁸,
2846 1654 2900 1701 et
2941 1660 3039 1716 per
3076 1656 3280 1700 arctam
3324 1653 3379 1701 et

1809 1746 2214 1808 coangustatam
2251 1737 2482 1809 ingredi.

1881 1829 1951 1883 Et
1997 1846 2102 1884 non
2140 1830 2383 1885 uiderunt
2430 1830 2678 1884 seniores.
2720 1826 3186 1896 Quemadmodum
3229 1830 3377 1885 enim

1809 1930 1940 1976 tunc
1965 1921 2020 1976 in
2046 1922 2295 1992 pomario
2322 1921 2640 1992 (paradiso)
2675 1919 2889 1976 delituit
2909 1920 3156 1976 diabolus
3182 1920 3234 1974 iu
3263 1936 3378 1976 ser-

1799 2021 1968 2084 .pcnte
1992 2014 2045 2079 ’;
2071 2013 2153 2068 sic
2183 2028 2330 2068 nunc
2357 2028 2576 2084 quoque
2603 2014 2658 2068 in
2683 2012 2990 2070 senioribus
3018 2013 3255 2076 latitans,
3275 2029 3376 2068 sua

1808 2105 1934 2160 illos
1963 2104 2405 2174 concupiscentia
2436 2104 2704 2172 accendit,
2736 2113 2794 2160 ut
2829 2118 3021 2160 rursus
3049 2104 3227 2161 denuo
3255 2119 3378 2161 cor-

1809 2206 2024 2267 rumpat
2055 2195 2242 2251 Evam.

1878 2285 1944 2341 ν.
1981 2287 2080 2342 i9:
2117 2286 2252 2342 Ecce
2278 2289 2418 2342 ostia
2445 2287 2671 2355 pomarii
2697 2287 2878 2342 clausa
2899 2297 3042 2343 sunt.
3074 2286 3119 2342 Ο
3149 2289 3377 2345 scelera-

1807 2387 1894 2434 tos
1917 2377 2130 2448 judices
2173 2377 2470 2448 plenosque
2511 2378 2779 2433 diabolico
2829 2378 3048 2434 afﬂatu!
3085 2377 3225 2433 Num
3261 2380 3375 2433 haec

1808 2468 1964 2525 vobis
1993 2467 2216 2524 tradidit
2253 2467 2504 2540 Moyses?
2537 2467 2698 2525 Sicne
2747 2469 2985 2540 legentes
3030 2470 3203 2541 legem
3237 2468 3399 2540 alios

1809 2560 2053 2617 docetis?
2085 2559 2190 2627 Qui
2214 2560 2479 2631 praedicas
2507 2575 2616 2617 non
2657 2558 2964 2617 faciendum
2997 2559 3374 2625 homicidium,

1808 2651 2161 2710 homicidium
2192 2652 2366 2709 facis?
2393 2652 2498 2720 Qui
2529 2654 2667 2711 dicis
2705 2671 2813 2711 nou
2859 2653 3375 2724 concupiscendum,

1806 2742 1922 2814 ipse
1942 2758 2167 2800 uxorem
2193 2743 2429 2814 proximi
2460 2759 2806 2815 corrumpere
2828 2745 3023 2816 cupis?

1795 2884 1800 2893 ,
1876 2833 1947 2888 Ει
1980 2835 2037 2889 in
2061 2835 2481 2905 concupiscentia
2514 2836 2820 2909 tui-sumus.
2856 2835 3080 2909 thuid,
3133 2835 3373 2906 scelesti,

1806 2932 2012 2980 castam
2037 2924 2274 2980 animam
2307 2934 2470 2996 atque
2487 2927 2787 2997 simplicem
2808 2927 2989 2986 verbis
3009 2929 3372 2985 mendacibus

1805 3029 1840 3070 ι
1869 3015 2067 3070 mentis
2112 3015 2378 3072 sententia
2419 3017 2691 3085 avocatis,
2719 3025 2780 3073 ut
2815 3018 3094 3074 libidinem
3134 3028 3374 3075 vestram

1731 3145 1776 3204 ϐ
1809 3107 2094 3164 statuatis?

1883 3195 1948 3251 Υ.
1983 3199 2080 3253 21ε
2117 3196 2270 3264 Quod
2297 3200 2344 3252 si
2367 3197 2618 3266 nolueris,
2645 3200 2879 3256 dicemus
2911 3211 3095 3257 contra
3137 3211 3185 3258 te
3221 3205 3373 3258 testi-

1812 3290 2065 3344 monium.
2101 3287 2226 3344 Haec
2251 3299 2430 3346 vestra
2456 3291 2524 3345 ab
2545 3291 2700 3346 initio
2725 3293 2982 3362 projecta:
3018 3295 3214 3350 mentis
3236 3310 3374 3350 ausa

1813 3379 2096 3451 improba,
2145 3382 2449 3439 seductoris
2492 3383 2664 3454 gratia
2710 3386 2804 3454 qui
2830 3385 2886 3439 in
2912 3386 3067 3442 vobis
3111 3388 3178 3440 ab
3217 3388 3372 3444 initio

1811 3474 2067 3529 latitaret.
2099 3472 2229 3528 Erat
2249 3489 2487 3544 namque
2515 3491 2641 3531 vere
2679 3491 2804 3531 cum
2841 3492 2906 3532 ea
2936 3488 3113 3534 vester
3143 3495 3174 3534 e
3217 3480 3381 3535 caelis.

1807 3565 2043 3634 juvenis,
2090 3581 2198 3621 non
2221 3567 2314 3637 qui
2345 3582 2472 3622 cum
2501 3568 2592 3623 illa
2621 3569 3086 3638 commisceretur,
3131 3571 3227 3626 sed
3273 3573 3368 3642 qui

1809 3657 1968 3712 testis
1990 3655 2130 3712 foret
2155 3658 2389 3714 veritati.

1885 3745 1947 3800 ν.
1973 3746 2078 3800 22:
2114 3746 2184 3802 Et
2211 3749 2462 3819 ingemuit
2504 3747 2766 3805 Susanna.
2811 3750 2908 3807 liis
2953 3752 3135 3824 itaque
3187 3757 3378 3812 verbis.

1808 3838 2027 3903 auditis,
2055 3840 2210 3896 beata
2259 3841 2512 3898 Susanna
2538 3843 2743 3898 doloris
2767 3843 3011 3900 aculeum
3037 3847 3219 3900 animo
3242 3863 3367 3903 sen-

1808 3931 1899 3994 sit,
1947 3947 2119 4003 osque
2161 3933 2453 3999 obturavit,
2481 3950 2604 4007 quae
2646 3936 2813 3992 nollet
2859 3937 3364 3994 scelestissimorum

1808 4024 2080 4078 seniorum
2110 4024 2305 4095 injuria
2328 4026 2695 4095 constuprari.
2726 4025 2876 4081 Licet
2901 4041 3030 4082 vero
3051 4028 3212 4083 etiam
3238 4045 3366 4084 vere

1809 4113 2122 4185 intelligere,
2149 4117 2296 4187 quod
2333 4118 2390 4171 in
2451 4115 2700 4182 Susanna
2762 4117 3003 4188 contigit.
3054 4117 3170 4174 Hoc
3217 4119 3363 4176 enim

1807 4222 1952 4263 nunc
2003 4223 2219 4279 quoque
2265 4209 2321 4265 in
2369 4207 2606 4266 Ecclesia
2662 4209 2873 4280 impleri
2915 4211 3177 4268 invenias.
3226 4211 3363 4267 Cum

1805 4300 1948 4353 enim
1988 4299 2096 4355 duo
2124 4301 2305 4371 populi
2337 4300 2735 4368 consenserint,
2767 4311 2825 4357 ut
2853 4303 3119 4373 quosdam
3156 4305 3224 4360 de
3259 4305 3366 4362 Ec-

1807 4388 1967 4443 clesia
1995 4389 2244 4459 perdant,
2271 4389 2413 4445 diem
2441 4397 2626 4460 aptum
2654 4389 2977 4454 observant;
3025 4391 3364 4463 ingressique

158 4468 462 4538 εἰσελθόντες
486 4476 572 4538 είς
604 4475 695 4527 τὸν
724 4471 869 4528 οἶκον
899 4476 993 4530 τοῦ
1037 4477 1171 4530 Θεοῦ
1190 4517 1204 4541 ,
1256 4483 1703 4553 προσευχομένων

1817 4484 1862 4535 in
1886 4485 2106 4536 domum
2134 4481 2252 4549 Dei,
2280 4484 2490 4539 cunctis
2511 4483 2585 4539 ibi
2623 4485 2908 4542 orantibus
2939 4485 3216 4556 Deumque
3240 4487 3373 4540 lati--

160 4559 256 4612 ὲκεῖ
275 4564 484 4622 πάντων
514 4567 613 4619 καὶ
639 4567 730 4620 τὸν
759 4567 892 4622 Θεὸν
920 4568 1234 4640 ὑμνούντων
1254 4611 1270 4637 ,
1323 4573 1703 4645 ἐπιλαϐόμενοι

156 4651 344 4710 ἒλκουσί
362 4677 515 4725 τινας
536 4661 633 4714 καὶ
657 4662 938 4734 κρατοῦσι,
969 4663 1219 4733 λέγοντες
1238 4682 1252 4697 ⁸
1300 4667 1474 4723 Δεῦτε
1493 4708 1509 4732 ,
1550 4685 1700 4740 συγ-

159 4747 458 4805 κατάθεσοις
485 4752 652 4821 ἡμῖν,
677 4754 775 4808 καὶ
792 4755 932 4822 τοὺς
948 4756 1120 4824 θεοὺς
1140 4759 1524 4826 θρησκεύετε·
1559 4763 1610 4814 ει
1633 4761 1703 4814 δὲ

156 4834 245 4903 μὴ,
284 4843 891 4916 καταμαρτυρήσομεν
911 4847 1096 4917 ὑμῶν.
1122 4850 1261 4913 Τοὺς
1296 4849 1352 4903 δὲ
1395 4851 1468 4923 μὴ
1513 4851 1698 4922 βουλο-

164 4926 346 4993 μένους,
373 4933 742 5004 προσάγουσιν
765 4936 960 5004 αύτοὺς
982 4939 1118 5011 πρὸς
1134 4939 1203 4994 τὰ
1219 4940 1438 5012 βήματα
1450 4946 1546 4997 καὶ
1566 4961 1698 4997 κατ-

159 5021 440 5090 ηγοροῦσιν,
469 5025 547 5088 ὡς
569 5027 787 5081 ἐναντία
811 5028 906 5082 τοῦ
939 5029 1206 5102 δόγματος
1233 5033 1509 5105 Καίσαρος
1526 5035 1699 5106 πρόιτ-

159 5121 342 5177 τοντκις,
375 5119 469 5170 καὶ
499 5119 880 5190 κατακρίνουσι
906 5120 1139 5193 θανάτῳ.

214 5197 388 5256 Στενά
408 5222 512 5274 μοι
546 5205 856 5263 πάντοθεν.
890 5210 1054 5265 Ἴδετε
1081 5214 1297 5285 ῥήματα
1318 5217 1697 5289 σωφρονούσης

160 5291 406 5378 γυναικὸς,
440 5297 536 5350 καὶ
563 5296 680 5368 Θεῷ
710 5299 1109 5374 μεμελημένης.
1144 5306 1330 5359 Στενά
1361 5324 1494 5376 μοι,
1541 5310 1694 5378 φησὶ,

1804 4575 2076 4642 dantibus,
2100 4575 2469 4645 apprehensos
2501 4577 2763 4646 quosdam
2802 4579 3045 4645 trahunt,
3068 4586 3362 4646 tenentque

1804 4666 2076 4721 dicentes:
2114 4665 2314 4731 Venite,
2333 4666 2570 4737 idemque
2597 4669 2698 4736 ipsi
2723 4685 2785 4722 ac
2814 4685 2906 4722 nos
2937 4671 3146 4736 sentite,
3172 4686 3234 4723 ac
3255 4669 3360 4724 diis

1803 4758 2003 4811 cultum
2023 4758 2279 4813 adhibete.
2303 4757 2455 4823 Quod
2475 4760 2522 4813 si
2560 4760 2856 4826 nolueritis,
2883 4761 3238 4816 testimonium
3262 4761 3366 4815 ad-

1801 4867 2006 4906 versum
2037 4867 2126 4906 vos
2167 4851 2419 4905 dicemus.
2450 4850 2559 4908 Eos
2589 4864 2770 4908 autem
2810 4853 2904 4923 qui
2948 4853 3251 4919 uoluerint,
3290 4853 3362 4908 ad

1803 4941 2093 4996 tribunalia
2137 4941 2449 5009 adducunt,
2491 4951 2546 4997 et
2592 4955 2849 4999 accusant
2883 4944 3027 5000 velut
3061 4946 3156 5016 qui
3197 4956 3362 5016 agant

1803 5040 1988 5086 contra
2017 5032 2290 5088 decretum
2314 5033 2564 5101 Caesaris,
2595 5049 2660 5090 ac
2690 5047 2864 5092 morte
2889 5053 2986 5094 eos
3013 5037 3294 5093 damnant.

1866 5214 2141 5284 Angustias
2167 5224 2288 5269 sunt
2317 5215 2443 5270 mihi
2483 5215 2724 5287 undique.
2764 5215 2950 5273 Videte
2989 5219 3154 5275 verba
3194 5228 3364 5276 castas

1799 5307 2063 5375 mulieris,
2090 5322 2154 5363 ac
2195 5308 2352 5377 cujus
2398 5307 2509 5364 Deo
2541 5323 2672 5364 cura
2696 5318 2798 5365 est.
2823 5310 3117 5380 Angustite,
3152 5310 3366 5380 inquit,

159 5375 428 5467 ξᾷντοθεν
447 5401 461 5414 ⁸
481 5386 517 5454 ή
541 5386 645 5459 γὰρ
688 5389 981 5462 Ἐκκλησία
1006 5393 1067 5444 ού
1105 5392 1261 5462 μόνον
1284 5375 1390 5448 ὑπὸ
1430 5375 1697 5452 Ἰουδαίων

1817 5413 1919 5452 sum
1945 5399 2074 5452 mihi
2108 5398 2352 5467 undique.
2395 5397 2636 5456 Ecclesia
2677 5400 2820 5456 enim
2851 5401 3049 5456 nedum
3078 5416 3110 5455 a
3154 5397 3366 5459 Judmis

159 5462 370 5525 θλίϐεται
400 5475 496 5528 καὶ
522 5482 947 5551 στενοχωρεῖται,
972 5482 1107 5536 ἀλλὰ
1136 5485 1227 5552 καὶ
1247 5485 1350 5539 ὑπὸ
1381 5486 1570 5553 ἐθνῶν,
1602 5493 1696 5544 καὶ

1817 5489 2054 5561 diligitur
2087 5506 2150 5546 ac
2175 5493 2453 5562 angustias
2482 5495 2702 5562 patitur,
2727 5512 2914 5551 verum
2944 5497 3108 5550 etiam
3133 5512 3162 5549 ιι
3185 5511 3252 5566 ge
3301 5499 3339 5551 ti

215 5607 234 5638 '
267 5609 433 5671 lCor.
465 5633 522 5684 ι,
551 5619 637 5676 Η.
713 5623 734 5655 ⁸
761 5621 950 5679 Matth.
984 5642 1079 5689 vn,
1113 5628 1198 5695 15,
1231 5628 1314 5686 Li.
1390 5631 1412 5665 °
1437 5631 1570 5687 Gen.
1603 5649 1686 5701 ιη,
1730 5632 1779 5688 1.

221 5762 290 5834 (ι)
327 5771 646 5844 Νεανίσκος
675 5777 970 5848 ὑμέτερος.
1020 5781 1073 5837 ω
1122 5790 1204 5839 est
1233 5782 1446 5853 Daniel,
1492 5789 1682 5862 spiritu

1821 5791 2033 5863 phetico
2063 5805 2320 5863 praesens.
2349 5790 2578 5846 Conuer.
