3876 6340
531 389 639 451 695

1411 389 1466 445 S.
1509 387 1872 446 HIPPOLYTI
1902 389 2053 446 Oi’P.
2091 388 2272 444 PARS
2304 389 2346 444 1.
2386 418 2456 430 ——
2487 386 2897 445 EXEGETICA.

3615 388 3696 444 696

532 496 638 569 bus
661 528 676 579 ;
703 523 916 565 necnon
954 507 1024 564 ab
1049 507 1119 563 iis
1140 506 1233 579 qui
1259 505 1557 563 Christiani
1583 506 1860 571 dicuntur,
1885 522 1985 562 nec
2018 513 2105 559 ta-

2210 503 2316 558 ύπδ
2351 504 2459 558 τῶν
2499 503 2802 575 λεγομένων
2849 503 2964 574 μὲν,
3011 501 3110 555 οὐκ
3135 500 3295 556 ὄντων
3316 500 3368 555 δὲ
3392 503 3696 574 Χριστιανῶν*

532 618 658 657 men
688 611 838 656 sunt.
865 596 997 668 Ejus
1025 598 1171 652 enim
1202 596 1519 668 pudicitiam
1540 613 1603 653 ac
1621 596 1935 653 felicitatem
1958 595 2106 651 velut

531 698 876 757 contuentes,
907 703 1256 759 corrumpere
1286 702 1408 744 eam
1449 689 1722 745 nituntur.

602 778 722 839 Sive
748 781 886 835 enim
911 779 1006 833 hoc
1031 794 1203 850 egero,
1251 793 1390 834 mors
1419 779 1552 833 mihi
1578 789 1676 835 est.
1706 777 1816 835 Deo
1842 778 1985 833 enim
2018 778 2101 831 inv

531 872 879 928 obedientem
913 884 1053 936 esse,
1099 885 1164 925 ac
1209 869 1526 927 hominibus
1563 869 1814 935 obedire,
1846 878 2103 924 mternam

531 972 759 1018 mortem
797 978 862 1019 ac
892 962 1220 1032 supplicium
1252 964 1415 1033 parit.

603 1052 663 1110 Si
692 1064 869 1109 autem
899 1069 1003 1108 non
1031 1068 1214 1123 egero,
1252 1068 1356 1107 non
1380 1053 1631 1124 effugiam
1665 1064 1852 1107 manus
1881 1060 2099 1107 vestras.

531 1143 648 1200 Hoc
680 1159 897 1215 quoque
926 1158 1051 1200 vere
1079 1145 1236 1202 dixit.
1282 1144 1386 1212 Qui
1419 1146 1565 1200 enim
1605 1145 1948 1200 adducuntur
1978 1159 2105 1215 pro-

530 1245 650 1306 pter
688 1251 885 1291 nomen
923 1228 1041 1301 Dei,
1076 1236 1345 1308 siquidem
1391 1236 1620 1291 fecerint
1662 1236 1803 1306 quod
1841 1235 2104 1306 jubentnr

530 1326 601 1382 ab
649 1326 993 1393 hominibus,
1028 1325 1139 1381 Deo
1182 1326 1528 1394 moriuntur,
1577 1341 1642 1382 ac
1683 1326 1739 1381 in
1779 1327 1987 1381 mundo
2017 1325 2102 1380 vi-

529 1426 697 1484 vunt;
726 1418 774 1472 si
802 1427 981 1472 autem
1014 1434 1124 1472 non
1154 1419 1364 1489 egerint
1389 1418 1534 1488 quod
1566 1419 1646 1473 illi
1675 1419 1965 1488 imperant,
1990 1432 2101 1471 non

529 1507 795 1579 eli‘ngiunt
840 1508 1109 1579 judicium
1161 1523 1377 1576 manus,
1425 1520 1458 1564 a
1502 1510 1706 1580 quibus
1748 1509 1882 1580 ipsis
1928 1517 2103 1564 morte

530 1600 884 1655 damnantur.

602 1687 668 1745 V.
700 1690 771 1744 23
805 1709 818 1745 :
859 1689 1054 1746 Melius
1080 1700 1159 1745 est
1195 1690 1326 1745 min:
1355 1691 1469 1746 sine
1505 1706 1676 1762 opere.
1712 1686 1828 1746 Hoc
1865 1704 2102 1761 namque

2204 594 2365 647 οἱονεὶ
2404 593 2467 648 τδ
2516 591 2732 665 σῶφρον
2782 593 2876 645 καὶ
2928 589 3161 655 εὐπαθὲς
3199 591 3391 661 ταύτης
3436 594 3699 663 ἐνορῶντες,

2206 684 2447 757 φθείρειν
2470 686 2672 757 ταύτην
2702 684 2992 755 βιάζονται.

2268 770 2403 831 Ἐάν
2447 792 2512 830 τε
2550 776 2660 846 γὰρ
2695 776 2870 831 τοῦτο
2911 771 3133 842 πράξω,
3160 771 3407 839 θάνατός
3430 772 3525 842 μοι
3546 773 3700 832 ἐστιν.

2203 865 2278 919 Τὸ
2316 865 2425 938 γὰρ
2470 866 2811 939 παρακοῦσαι
2860 863 3026 931 Θεοῦ,
3068 862 3163 918 καὶ
3207 862 3496 917 ὑπακοῦσαι
3535 865 3703 938 ἀνθρώ-

2204 970 2346 1021 ποις,
2381 957 2605 1012 θάνατον
2636 958 2731 1011 καὶ
2751 957 2970 1011 κόλασιν
2998 953 3211 1009 αἰώνιον
3235 953 3522 1026 ἐργάζεται.

2285 1046 2426 1103 Ἐὰν
2449 1048 2517 1101 δὲ
2534 1046 2619 1118 μὴ
2635 1045 2857 1116 πράξω,
2880 1049 2990 1119 οὐκ
3022 1043 3412 1115 ὲκςεευξοῦμαι
3429 1044 3526 1111 τὰς
3546 1043 3705 1115 χεῖρας

2201 1139 2384 1210 ὑμῶν.
2413 1139 2520 1193 Καὶ
2548 1138 2705 1192 τοῦτο
2730 1136 2925 1208 ἀληθὲς
2956 1135 3193 1208 εἴρηκεν.
3210 1135 3272 1188 0i
3296 1135 3400 1205 γὰρ
3414 1136 3705 1206 προσαγόμε-

2202 1248 2282 1285 νοι
2309 1231 2491 1284 ἕνεκεν
2512 1230 2605 1283 τοῦ
2630 1230 2890 1300 ὀνόματος
2904 1227 2996 1282 τοῦ
3029 1225 3185 1289 Θεοῦ,
3217 1226 3312 1280 saw
3325 1227 3418 1298 μὲν
3434 1226 3646 1298 πράξωσι
3660 1228 3707 1283 τὸ

2164 1363 2167 1367 ι
2203 1323 2295 1378 ὐπ’
2328 1320 2626 1393 ἀνθρώπων
2665 1320 3036 1384 κελευόμενον,
3066 1319 3455 1389 ἀποθνήσκουσι
3482 1317 3552 1388 τῷ
3581 1317 3702 1389 Θεῷ*

2202 1414 2423 1485 ζήσουσι
2453 1416 2509 1469 δὲ
2529 1417 2586 1468 ἐν
2614 1416 2823 1486 κόσμῳ·
2870 1413 2964 1468 ἐὰν
2994 1414 3052 1469 δὲ
3080 1410 3153 1484 μὴ
3170 1411 3411 1484 πράξωσι
3438 1412 3495 1467 τδ
3520 1413 3609 1467 ὑπὸ
3633 1416 3708 1468 ἀν-

2202 1504 2433 1577 θρώπων
2461 1505 2830 1577 κελευόμενον,
2856 1507 2956 1560 οὐκ
2982 1504 3307 1575 ἐκφεύγουσι
3324 1503 3418 1567 τὰς
3436 1508 3602 1577 χεῖρας
3623 1508 3707 1561 τῶν

2200 1595 2487 1659 δικαστῶν,
2519 1596 2611 1650 ὐπ’
2643 1595 2821 1651 αὐτῶν
2852 1595 3075 1650 ἐκείνων
3102 1597 3551 1667 κατακρινόμενοι.

2272 1687 2522 1755 Αἱρετόν
2539 1687 2646 1759 μοι
2671 1684 2803 1741 ἐστι
2830 1686 2918 1757 μὴ
2946 1686 3288 1755 πράξασαν.
3323 1687 3485 1740 Τοῦτο
3507 1682 3602 1759 γὰρ
3622 1687 3709 1741 δια-

527 1783 900 1852 praestantius,
936 1783 1007 1838 ab
1052 1783 1255 1853 iniquis
1287 1783 1604 1838 hominibus
1652 1784 1825 1849 mori,
1871 1795 1931 1839 nt
1971 1799 2097 1840 cum

2201 1778 2531 1852 φορώτερον,
2582 1777 2871 1833 ἀποθανεῖν
2904 1778 3007 1832 ὑπὸ
3050 1778 3352 1851 ἀνθρώπων
3398 1779 3610 1843 ἀδίκων,
3642 1779 3706 1834 ἳνα

527 1845 642 1927 ί)εο
682 1845 897 1940 νὶνιιιιιέ
938 1888 1103 1942 quam
1136 1845 1246 1927 illis
1275 1873 1667 1930 consentiendo
1697 1882 1752 1930 et
1780 1845 1850 1930 ab
1880 1875 1961 1931 eis
2002 1889 2095 1930 so-

2199 1845 2351 1943 παρα
2378 1845 2497 1941 Θεῷ
2527 1868 2795 1944 ζήσωσιψ
2827 1870 2861 1943 ἦ
2892 1845 3250 1942 συνθεμένους
3272 1871 3466 1934 αὐτοῖς,
3496 1870 3578 1924 καὶ
3604 1871 3707 1923 ἀπο-

526 1964 698 2028 lutos,
730 1964 969 2019 incidere
997 1964 1054 2019 in
1088 1976 1287 2020 manus
1311 1962 1428 2021 Dei.

595 2136 662 2194 ν.
688 2139 761 2195 ει
791 2159 805 2196 :
843 2138 913 2194 Et
938 2140 1185 2194 ciantavit
1207 2155 1325 2195 voce
1344 2157 1565 2212 magna.
1600 2139 1681 2196 Ad
1707 2154 1867 2211 quem
1885 2182 1901 2209 ,
1928 2154 2093 2213 rogo,

524 2234 783 2291 clamavit
827 2232 1100 2300 Susanna,
1142 2234 1248 2288 nisi
1290 2234 1356 2288 ad
1398 2231 2096 2303 Deum?quemadmodum

524 2327 604 2383 ait
626 2326 794 2382 isaias
821 2345 835 2381 :
884 2324 1027 2381 Tum:
1062 2325 1339 2389 clamabis,
1367 2334 1416 2380 et
1448 2325 1589 2379 Deus
1619 2327 1866 2381 exaudiet
1890 2335 1973 2393 te;
1996 2331 2097 2382 ad-

525 2419 625 2472 huc
646 2419 887 2489 loquente
906 2428 955 2472 te
972 2418 1108 2473 dicet
1130 2434 1150 2472 :
1184 2417 1320 2473 Ecce
1370 2418 1558 2473 adsum
1585 2418 1650 2474 ”.

599 2508 973 2567 Clamaoerunt
1009 2521 1061 2565 et
1097 2511 1202 2565 duo
1240 2510 1466 2565 seniores
1506 2519 1691 2565 contra
1730 2526 1866 2565 eam.
1916 2506 2093 2582 Iniqui

524 2603 672 2657 enim
718 2610 772 2658 ct
817 2600 1051 2673 improbi
1097 2618 1208 2657 non
1260 2612 1483 2659 cessant
1515 2603 1754 2659 clamare
1800 2602 2093 2661 adversum

524 2706 648 2762 nos,
689 2694 744 2750 et
784 2694 1008 2752 dicere:
1046 2694 1191 2750 Tolle
1230 2711 1259 2750 e
1294 2704 1457 2764 terra,
1497 2697 1588 2766 qui
1633 2694 1765 2751 tales
1810 2697 1954 2762 sint;
1987 2710 2093 2751 nun

520 2791 661 2842 enim
681 2789 825 2843 decet
846 2802 931 2842 eos
954 2790 1144 2843 vivere.

593 2878 915 2951 Evangelico
967 2888 1131 2936 sensu
1183 2876 1436 2935 Susanna
1481 2879 1811 2946 contempsit
1858 2888 1954 2934 eos
1995 2879 2091 2948 qui

521 2974 776 3029 occidunt
822 2982 1023 3041 corpus
1049 2974 1115 3038 ¹¹,
1168 2981 1228 3027 ut
1277 2973 1516 3027 salvaret
1562 2972 1804 3026 animam
1856 2987 2012 3026 suam
2060 2986 2089 3024 a

520 3075 716 3121 morte.
767 3064 900 3119 Nam
925 3070 1203 3135 peccatum
1235 3070 1383 3119 mors
1418 3064 1614 3118 animae
1642 3073 1757 3130 est;
1786 3062 2088 3135 praesertim

2198 1960 2455 2025 λυθέντας
2498 1962 2590 2016 ὐπ’
2628 1960 2827 2027 αὐτῶν,
2873 1961 3134 2032 ἐμπεσεῖν
3172 1962 3256 2026 εις
3297 1960 3395 2025 τὰς
3446 1962 3608 2032 χεῖρας
3636 1957 3707 2012 τοῦ

2162 2098 2173 2111 .
2200 2051 2355 2109 Θεοῦ.

2265 2143 2374 2200 Kal
2404 2139 2695 2213 ἀνεϐόησε
2715 2141 2884 2214 φωνῇ
2900 2142 3157 2214 μεγάλῃ.
3184 2143 3330 2215 Πρὸς
3356 2141 3469 2195 τίνα
3498 2136 3581 2195 ὤν
3608 2142 3706 2195 ἁνε-

2197 2237 2390 2310 6όησεν
2443 2238 2475 2308 ή
2513 2237 2790 2301 Σωσάννα,
2823 2238 2936 2291 ἀλλ’
2972 2236 3006 2308 ἢ
3043 2238 3180 2309 πρὸς
3213 2232 3378 2303 Θεόν;
3420 2236 3489 2299 ὡς
3527 2234 3707 2295 Ἡσαΐας

2195 2328 2375 2399 λέγει’
2428 2332 2567 2386 Τότε
2605 2329 2881 2399 βοήσας,
2930 2331 3029 2385 καὶ
3078 2333 3111 2385 ὀ
3157 2329 3306 2397 Θεὸς
3350 2328 3707 2385 εὶσακούσεταί

2194 2436 2332 2475 σου·
2354 2424 2445 2477 ἔτι
2472 2423 2813 2489 λαλοῦντός
2833 2436 2971 2483 σου.
2996 2422 3150 2491 ἐρεῖ*
3193 2422 3341 2477 Ἰδοὺ
3369 2421 3599 2491 πάρειμι.

2278 2513 2632 2581 Ἆνεσόησαν
2667 2515 2766 2569 καὶ
2796 2517 2849 2569 οἱ
2877 2515 2987 2569 δύο
3026 2516 3412 2583 πρεσϐύτεροι
3451 2512 3707 2567 κατέναντι

2192 2598 2407 2674 αὐτῆς.
2454 2606 2518 2658 Oi
2565 2603 2675 2677 γὰρ
2719 2606 2908 2678 ἄνομοι
2950 2605 3011 2659 οὐ
3054 2607 3320 2660 παύονται
3364 2605 3575 2676 βοῶντες
3615 2603 3707 2656 καθ’

2192 2695 2373 2769 ἡμῶν,
2421 2697 2517 2753 καὶ
2553 2696 2830 2767 >.έγοντες’
2858 2692 2998 2767 Αἶρε
3028 2698 3097 2752 ἐκ
3133 2696 3248 2765 τῆς
3272 2697 3385 2769 τῆς
3408 2696 3536 2763 τοὺς
3549 2695 3707 2753 ,τοιού-

2192 2799 2357 2856 τους,
2384 2790 2457 2843 οὐ
2483 2787 2595 2859 γὰρ
2618 2786 2887 2857 καθῆκον
2912 2789 3133 2857 αὐτοὺς
3164 2788 3294 2859 ζῇν.

2264 2879 2647 2949 Εὐαγγελικῶς
2668 2881 2701 2951 ἡ
2720 2880 2975 2934 Σωσάννα
2991 2881 3363 2952 κατεφρόνησε
3382 2877 3483 2932 τῶν
3505 2879 3709 2931 ἀποκτει-

2190 2971 2389 3026 νόντων
2416 2971 2479 3025 τὸ
2507 2970 2684 3043 σῶμα,
2717 2972 2805 3026 ἵνα
2839 2970 2986 3045 σώσῃ
3019 2972 3117 3044 τὴν
3145 2971 3324 3044 ψυχὴν
3357 2969 3544 3041 ἑαυτῆς
3573 2971 3627 3021 ὲκ
3643 2966 3709 3018 01-

2191 3060 2373 3116 νάτου.
2406 3061 2644 3127 Θάνατος
2672 3062 2730 3116 δὲ
2758 3062 2957 3134 ψυχῆς,
3004 3065 3037 3136 ἡ
3070 3063 3350 3136 ἁμαρτία,
3383 3063 3641 3133 ἐξαιρέτως
3667 3058 3707 3111 δὲ

519 3164 702 3211 autem
733 3156 988 3212 mtechia.
1020 3155 1160 3222 Quia
1188 3154 1334 3210 enim
1358 3154 1543 3210 anima
1566 3155 1785 3211 Christo
1808 3156 2085 3225 copulata,

2191 3155 2224 3254 ᾗ
2271 3154 2499 3226 μοιχεία.
2563 3156 2778 3229 Ἐπειδὴ
2825 3157 2933 3228 γὰρ
2976 3157 3009 3228 ἡ
3057 3155 3391 3226 συναφθείσα
3428 3154 3499 3226 τῷ
3535 3151 3707 3225 Χριστῷ

519 3246 855 3301 discessione
891 3258 922 3300 a
964 3244 1067 3300 fide
1099 3247 1151 3299 in
1194 3261 1483 3316 perennem
1532 3246 1766 3301 traditur
1815 3257 2082 3312 mortem,

516 3326 736 3408 poenam
766 3336 973 3393 scilicet
1001 3347 1290 3403 aeternam;
1318 3339 1391 3393 ad
1415 3339 1535 3408 ejus
1566 3337 1643 3392 rei
1669 3337 1850 3403 iidem,
1884 3338 2085 3394 violato

516 3442 736 3501 quoque
768 3432 1131 3499 corporalium
1174 3431 1489 3502 nuptiarum
1538 3430 1744 3488 foedere
1784 3432 2087 3503 perversis-

516 3534 624 3592 que
657 3519 931 3589 thalamis,
964 3522 1050 3577 lex
1080 3532 1297 3594 pmnam
1329 3526 1522 3580 mortis
1551 3525 1768 3581 indixit.

586 3694 653 3750 ν.
688 3694 759 3749 25
786 3713 799 3750 :
830 3693 898 3751 Et
926 3698 1162 3751 cucurrit
1189 3714 1348 3761 unus,
1384 3708 1435 3755 et
1456 3700 1663 3771 aperuit
1700 3699 1859 3755 ostia.
1881 3696 2086 3769 Nempe

514 3785 681 3840 latam
732 3794 787 3842 et
825 3789 1123 3857 spatiosam
1170 3789 1464 3846 ostendens
1508 3791 1674 3856 viam,
1718 3806 1884 3861 quam
1932 3792 2085 3847 ince-

513 3878 712 3947 dendo,
746 3881 840 3949 qui
870 3881 977 3935 illis
1007 3897 1216 3937 morem
1248 3893 1463 3954 gerunt,
1490 3893 1740 3955 pereunt.

590 3968 653 4026 V.
679 3971 750 4026 δυ
789 3990 803 4026 :
836 3969 1010 4027 Porro
1054 3972 1305 4029 Susanna
1344 3984 1460 4030 erat
1495 3976 1730 4031 delicata
1758 3976 1928 4031 valde.
1963 3974 2082 4032 Non

512 4056 659 4125 quod
686 4058 1027 4115 meretricios
1061 4060 1218 4117 fucos
1243 4063 1462 4133 corpori
1502 4063 1795 4135 adspersos
1836 4064 2081 4133 haberet,

514 4147 593 4201 uti
648 4148 881 4204 habebat
918 4147 1154 4216 Iezabel,
1208 4161 1302 4207 ant
1339 4154 1530 4210 oculos
1574 4155 1743 4211 variis
1793 4154 2082 4234 pigmentis

512 4244 846 4304 cerussaque
873 4250 938 4291 ac
972 4236 1143 4290 minio
1186 4238 1417 4304 oblitos;
1452 4240 1549 4295 sed
1580 4241 1704 4296 lidei
1731 4250 1785 4296 et
1811 4244 2082 4299 castitatis

512 4338 578 4378 ac
606 4325 983 4380 sanctimoniae
1006 4327 1203 4381 decore
1230 4329 1482 4394 pollebat.

587 4414 650 4472 ν.
678 4416 747 4471 34
775 4434 789 4471 :
814 4412 885 4470 Et
915 4427 1198 4487 posuerunt
1240 4434 1426 4476 manus
1465 4440 1621 4493 super
1644 4436 1803 4495 caput
1835 4428 1968 4497 ejus.
2010 4426 2081 4484 Ut

510 4506 595 4562 vel
622 4506 744 4577 ejus
768 4516 1045 4575 contactu,
1077 4507 1354 4565 libidinem
1386 4527 1543 4568 suam
1575 4516 1925 4572 exsatiarent.

583 4683 648 4739 V.
678 4686 749 4742 55
777 4705 791 4741 :
823 4689 893 4743 At
933 4688 1034 4743 illa
1080 4691 1261 4760 ﬂebat.
1310 4691 1594 4766 Lacrymis
1624 4697 1772 4751 enim
1807 4708 1862 4754 et
1885 4699 2015 4755 ﬂetu
2052 4717 2085 4758 e

510 4774 668 4831 cdtlis
693 4774 927 4832 Verbum
950 4780 1182 4846 excibat,
1218 4783 1362 4852 quod
1396 4784 1655 4857 lacrymis
1686 4788 2081 4848 suscitaturum

510 4873 633 4919 erat
660 4876 935 4923 mortuum
981 4869 1249 4926 Lazarum
1278 4874 1338 4926 ".

580 4956 648 5013 ν.
683 4960 749 5014 Η
778 4978 793 5016 :
831 4960 903 5016 Et
929 4965 1154 5018 credidit
1174 4967 1250 5020 eis
1286 4967 1592 5025 multitudo.
1621 4968 1812 5041 Operae
1844 4973 2079 5043 pretium

508 5048 674 5119 igitur
692 5062 799 5119 est,
825 5054 963 5109 utin
987 5056 1137 5111 omni
1152 5057 1294 5114 llrmi
1319 5062 1555 5131 negotio,
1578 5062 1931 5120 mendacibus
1962 5066 2081 5120 ani-

507 5163 660 5203 mum
691 5162 800 5203 non
826 5149 1208 5218 attendamus;
1246 5169 1345 5209 nec
1371 5154 1531 5210 facile
1546 5154 1795 5224 judicum
1826 5159 2077 5228 personis

505 5250 566 5295 ut
608 5240 986 5311 obsequemur
1015 5243 1212 5299 adduci
1254 5260 1366 5301 non
1395 5247 1663 5315 sinamus,
1700 5250 1793 5320 qui
1824 5266 1924 5307 nos
1967 5251 2074 5308 Deo

502 5332 775 5388 rationem
815 5333 1127 5391 reddituros
1163 5351 1415 5393 essenon
1448 5340 1757 5396 nesciamus
1799 5360 1813 5396 :
1856 5343 1951 5398 sed
1989 5358 2073 5400 se-

505 5423 705 5480 ctando
745 5425 1049 5492 veritatem,
1081 5437 1397 5483 accuratam
1427 5429 1552 5486 ﬁdei
1583 5433 1852 5488 rationem
1892 5434 2075 5504 inqui-

506 5516 694 5582 rendo,
724 5514 835 5573 Deo
862 5519 1067 5589 accepti
1095 5520 1319 5577 erimus.

578 5604 647 5661 ν.
679 5607 752 5663 ﬂ
776 5627 792 5664 :
818 5607 889 5664 Et
911 5611 1180 5666 exaudivit
1207 5610 1348 5668 Deus
1386 5631 1559 5670 vacem
1593 5620 1727 5688 ejus.
1757 5618 2082 5693 Quicunque

506 5697 650 5754 enim
696 5699 956 5759 invocant
996 5719 1122 5760 eum
1166 5719 1233 5762 ex
1286 5708 1453 5765 corde
1501 5724 1660 5781 puro,
1711 5712 1814 5769 hos
1856 5716 2079 5771 exaudit

474 5874 485 5893 ἰ
579 5810 626 5844 ⁸·
650 5810 757 5871 lsa.
791 5831 867 5884 ιι,
897 5818 951 5875 9.
1028 5819 1071 5853 υ
1094 5818 1296 5894 Matth.
1340 5841 1394 5895 π,
1421 5825 1509 5884 28.
1594 5830 1638 5863 ⁸³
1668 5828 1825 5887 Joan.
1869 5845 1948 5906 ιι,
1982 5832 2071 5893 35.

2189 3239 2356 3315 ψυχὴ,
2400 3245 2681 3299 ἀποστᾶσα
2711 3247 2809 3317 τῆς
2841 3246 3075 3309 πίστεως
3105 3248 3185 3310 εἰς
3217 3245 3312 3299 τὸν
3344 3244 3548 3316 διηνεκῆ
3570 3259 3707 3311 παρα-

2191 3331 2467 3402 πέμπεται
2499 3334 2747 3401 θάνατον,
2770 3337 2870 3408 τὴν
2892 3336 3109 3390 αἰώνιον
3142 3337 3365 3392 κόλασιν
3385 3355 3399 3369 ·
3424 3337 3547 3408 πρδς
3567 3335 3708 3387 πίστιν

2188 3419 2399 3488 τούτου,
2435 3426 2529 3478 καὶ
2559 3426 2651 3478 ἐπὶ
2682 3425 2791 3479 τῶν
2835 3427 3165 3500 σωματικῶν
3190 3429 3388 3500 γάμων
3424 3425 3709 3497 παραλυορέ-

2189 3526 2295 3565 νων
2322 3515 2416 3569 καὶ
2444 3515 2887 3588 διορυττομὲνων,
2918 3517 3145 3574 θάνατον
3171 3518 3373 3594 ὥρισεν
3400 3521 3429 3573 ὁ
3453 3518 3596 3590 νόμος
3619 3518 3708 3569 im-

2188 3601 2387 3675 τίμιον.

2259 3696 2370 3750 Καὶ
2408 3695 2645 3767 δραμὼν
2675 3700 2709 3752 d
2738 3693 2849 3765 εἷς,
2880 3697 3091 3769 ἤνοιξε
3116 3699 3225 3766 τὰς
3253 3700 3452 3769 θύρας.
3481 3695 3580 3767 Τὴν
3606 3692 3709 3746 πλα-

2188 3794 2338 3845 τεῖαν
2371 3790 2465 3844 καὶ
2494 3787 2803 3862 εὐρύχωρον
2823 3791 2942 3845 ὁδὸν
2970 3790 3347 3859 ἐπιδεικνύων,
3378 3791 3444 3845 δι’
3470 3785 3533 3863 ἦς
3556 3789 3599 3843 οἱ
3618 3785 3709 3840 τοὺ-

2192 3900 2306 3947 τοις
2333 3881 2645 3954 πειθόμενοι
2678 3882 3023 3937 ἀπόλλυνται.

2269 3973 2333 4029 Ἠ
2367 3968 2434 4026 δὲ
2460 3971 2751 4028 Σωσάννα
2774 3969 2855 4045 ἦν
2886 3972 3146 4044 τρυφερὰ
3164 3973 3421 4044 σφόδρα.
3454 3972 3522 4026 οὐ
3556 3968 3709 4028 κάλλος

2188 4065 2318 4138 περὶ
2351 4065 2511 4137 σῶμα
2542 4065 2817 4138 πορνικὸν,
2842 4065 2902 4120 ὃν
2931 4066 3132 4140 τρόπον
3160 4067 3541 4143 περιέκειτοτῇ
3576 4058 3708 4124 Ἰεζά-

2189 4158 2304 4224 ϐελ,
2337 4158 2458 4211 οὐδὲ
2489 4157 2610 4229 ὃψις
2642 4156 2907 4223 ποικίλοις
2936 4156 3191 4231 χρώμασι
3220 4147 3707 4229 πεφυκωμὲνψάλῖ

2188 4246 2302 4322 εἶχε
2347 4250 2544 4315 κάλλος
2588 4249 2825 4315 πίστεως
2868 4253 2962 4305 καὶ
3007 4253 3365 4325 σωφροσύνης
3415 4250 3505 4304 καὶ
3549 4247 3706 4316 ἁγιασ-

2190 4364 2314 4419 μου.

2259 4438 2522 4506 Ἕθηκαν
2572 4437 2683 4505 τὰς
2724 4424 2930 4508 χεῖρας
2973 4438 3073 4493 ἐπὶ
3096 4439 3208 4509 τῆς
3250 4437 3512 4509 κεφαλῆς
3535 4428 3703 4498 αὐτῆς·

2111 4562 2156 4617 D
2190 4526 2305 4583 Ἵνα
2337 4528 2441 4584 κᾶν
2468 4532 2527 4584 ὲν
2564 4529 2641 4602 τῷ
2667 4530 2909 4601 ἅψασθαι
2940 4531 3128 4603 αὐτῆς,
3158 4531 3262 4602 τῆς
3292 4531 3430 4595 ιδίας
3462 4524 3705 4595 ἐπιθυμίας

2182 4619 2275 4676 τὸν
2309 4621 2471 4693 κόρον
2496 4620 2777 4675 τελέσωσι.

2265 4715 2328 4771 Ἠ
2359 4713 2428 4768 δὲ
2450 4709 2530 4785 ἦν
2557 4715 2874 4770 κλαίουσα.
2905 4714 3004 4768 Διά
3032 4714 3140 4788 γὰρ
3170 4715 3279 4770 τῶν
3307 4714 3543 4787 δακρύων
3565 4705 3705 4778 ἐφείλ-

2183 4824 2308 4861 κετο
2352 4806 2443 4860 τὸν
2472 4806 2569 4860 ἀπ’
2608 4805 2850 4878 οὐρανῶν
2888 4808 3081 4877 Λόγον,
3117 4807 3207 4862 τὸν
3239 4809 3493 4880 μέλλοντα
3530 4803 3607 4858 διὰ
3635 4800 3704 4853 δα-

2183 4898 2363 4971 κρύων
2394 4896 2627 4970 ἐγείρειν
2655 4896 2746 4952 τὸν
2778 4897 3028 4970 Λάζαρον
3058 4897 3372 4970 τεθνηκότα.

2247 4992 2361 5047 Καὶ
2407 4991 2770 5046 ἐπίστευσεν
2812 4991 3018 5059 αὐτοῖς
3057 4991 3097 5061 ἡ
3141 4990 3474 5062 συναγωγή.
3511 4987 3593 5041 Δεῖ
3630 4977 3703 5035 οὖν

2180 5086 2329 5157 ἡμᾶς
2369 5086 2428 5139 ἐν
2459 5086 2622 5140 παντὶ
2665 5084 2949 5158 πράγματι
2986 5083 3232 5157 ἑδραίους
3278 5081 3609 5154 γενομένους.
3642 5071 3701 5145 μὴ

2176 5181 2290 5241 τοῖς
2331 5176 2580 5248 ψευδέσιν
2611 5177 2917 5250 προσέχειν,
2954 5176 3085 5249 μηδὲ
3126 5175 3434 5248 προσώποις
3468 5169 3700 5244 ἀρχόντων

2176 5269 2414 5334 εὐκόλως
2452 5268 2963 5343 συναρπαζομένους
3014 5269 3315 5331 πείθεσθαι,
3346 5264 3696 5338 γινώσκοντας,
3764 5272 3767 5279 “

2173 5359 2255 5413 ὅτι
2285 5358 2442 5429 λόγον
2485 5358 2680 5431 ἔχομεν
2727 5361 2909 5415 δοῦναι
2954 5360 3033 5433 τῷ
3072 5360 3217 5433 Θεῷο
3249 5358 3385 5413 ἀλλά
3411 5360 3473 5429 τῇ
3506 5347 3697 5423 ἀληθείᾳ

2177 5449 2531 5522 στοιχοῦντες,
2567 5451 2663 5506 καὶ¹
2693 5452 2756 5507 τὸ
2788 5452 3016 5527 ἀκριϐὲς
3036 5453 3135 5525 τῆς
3159 5454 3391 5515 πίστεως
3419 5441 3694 5518 ἐπιζητοῧνο

2171 5557 2284 5605 τες,
2312 5544 2593 5616 εὐάρεστοι
2623 5544 2859 5617 ἐσόμεθα
2884 5546 2962 5619 τῷ
2986 5545 3126 5619 Θεῷ.

2239 5634 2349 5688 Kal
2372 5633 2738 5702 εὶσήκουσεν
2765 5641 2800 5693 ό
2824 5638 2969 5706 Θεὸς
2983 5636 3095 5707 τῆς
3117 5636 3317 5709 φωνῆς
3332 5632 3527 5703 αὐτῆς.
3564 5630 3689 5681 Ὅσαι

2169 5724 2277 5798 γὰρ
2307 5726 2690 5785 ἐπικαλοῦνται
2719 5731 2884 5788 αὐτὸν
2935 5733 3001 5787 ὲκ
3027 5732 3270 5805 καθαρᾶς
3311 5729 3543 5801 καρδίας,
3586 5717 3688 5774 τού⁹
