3876 6340
145 371 224 428 701
1378 356 1806 416 FRAGMENTA
1844 357 2071 414 DUBlA.
3231 355 3339 412 702

137 491 257 558 ὑπὲρ
284 483 440 538 αὖτοῦ
487 482 889 554 προσεφέρετο,
924 483 1094 554 ταύτῃ
1133 484 1227 535 καὶ
1253 481 1358 535 ὑπὸ
1388 483 1551 552 νόμον
1581 483 1668 550 γέ-

1810 496 1946 552 :gem
1994 493 2096 550 pro
2144 493 2210 534 eo
2259 477 2656 541 offerebantur,
2714 477 2816 534 hoc
2869 476 3033 533 modo
3077 476 3178 533 sub
3223 476 3341 545 lege

136 594 266 649 τονεν
283 593 294 604 ⁸
325 572 444 628 οὔτε
473 573 530 626 δὲ
555 575 583 626 ό
610 573 780 642 Λόγος
803 573 1057 626 ὑπέκειτο
1098 573 1176 644 τῷ
1203 574 1352 644 νόμῳ
1372 613 1386 637 ,
1419 573 1667 646 καθάπερ

1810 580 1952 628 ictus
1994 583 2118 628 est:
2151 586 2331 642 neque
2403 570 2550 625 enim
2586 567 2828 624 "Verbum
2879 569 3183 640 subjectum
3221 576 3341 622 erat

133 673 173 726 οἱ
203 665 514 734 συκοφάνται
537 663 869 730 δοξάζουσιν,
899 663 1060 729 αὐτὸς
1089 663 1163 716 ὢν
1192 667 1220 718 ὁ
1244 665 1424 735 Νόμος
1443 682 1456 694 ·
1489 663 1612 718 οὔτε
1640 667 1664 719 ό

1812 664 1913 734 egi,
1962 663 2106 720 sicut
2151 664 2499 734 sycophantae
2547 662 2896 729 existimant,
2943 677 3067 717 cum
3109 661 3225 732 ipse
3269 662 3343 717 sit

132 761 240 824 Θεὸς
272 758 430 810 ἐδεῖτο
459 755 714 826 Θυμάτων
751 755 1062 827 καθαρσίων
1081 796 1095 820 ,
1126 756 1300 828 ἀθρόᾳ
1328 759 1466 829 ῥοπῇ
1501 756 1663 811 καθα-

1808 773 1880 812 .ex
1911 773 1926 809 :
1958 771 2137 827 neque
2178 754 2324 811 Deus
2370 755 2649 826 indigebat
2685 754 2880 809 hostiis
2922 754 3202 824 puriﬁcis,
3243 755 3339 824 qui

132 851 272 921 ρίζων
303 848 510 901 ἅπαντα
539 847 635 900 καὶ
667 845 906 915 ἁγιάζων
928 864 942 877 ⁸
977 848 1091 902 ἀλλ’
1120 849 1168 900 εἰ
1201 848 1294 901 καὶ
1319 849 1383 900 ἐκ
1407 848 1507 918 τῆς
1533 866 1663 920 παρ⁴

1809 857 1973 904 uncto
2003 847 2267 918 temporis
2294 847 2547 918 puriﬁcat
2573 846 2758 902 omnia
2786 853 2840 899 et
2865 846 3170 901 sanctiﬁcat
3194 862 3208 898 :
3242 847 3336 901 sed

132 943 256 995 θένου
306 940 362 992 τὸ
405 937 744 1010 ἀνθρώπινον
785 939 1016 1012 ὄργανον
1062 939 1348 994 ἀναλαϐὼν
1392 940 1627 1012 ἐφόρησε
1648 980 1663 1003 ,

1803 941 1952 997 tsicx
1966 942 2174 1012 virgine
2193 944 2495 995 humanum
2519 953 2786 1010 organum
2812 939 3117 1009 suscipiens
3139 939 3333 1003 induit,

131 1033 205 1086 καὶ
244 1031 336 1084 ὑπὸ
366 1030 528 1101 νόμον
561 1029 811 1098 ἐγένετο,
841 1031 983 1084 κατά
1023 1030 1121 1095 τὰς
1149 1031 1255 1084 τῶν
1303 1032 1662 1103 πρωτοτόκων

1803 1035 1942 1091 tsub
1974 1033 2090 1103 lege
2147 1031 2325 1088 factus
2367 1031 2469 1096 sit,
2522 1029 2820 1085 secundum
2847 1030 3334 1102 primogenitorum

128 1124 256 1187 ἀξίας
283 1119 628 1190 καθαρισθεὶς
649 1161 664 1184 ,
694 1121 794 1176 οὐκ
823 1123 984 1185 αὐτὸς
1025 1121 1276 1194 δεόμενος
1322 1123 1422 1193 τῆς
1458 1121 1659 1176 τούτων

1804 1125 2208 1181 onsuetudinem
2225 1123 2566 1194 purilicatus;
2584 1138 2690 1177 non
2711 1122 2827 1192 ipse
2839 1131 3016 1177 tamen
3061 1121 3335 1190 indigebat

127 1213 349 1286 χορηγίας
373 1213 610 1283 ὑπέμενε
659 1213 756 1276 τὰς
795 1214 1094 1286 Θεραπείας
1117 1255 1132 1280 ,
1171 1212 1286 1267 ἀλλ’
1320 1214 1404 1267 ἵνα
1437 1215 1534 1284 τῆς
1567 1213 1658 1266 τοῦ

1804 1227 1987 1272 tarum
2011 1217 2454 1272 caeremoniarum
2479 1222 2738 1284 apparatu
2761 1213 2886 1279 ;sed
2905 1213 3247 1282 easpertulit,
3279 1222 3335 1266 ut

127 1307 258 1376 νόμου
281 1301 516 1367 δουλείας
543 1301 853 1376 ἐξαγοράσῃ
880 1304 1006 1368 τοὺς
1029 1303 1411 1375 πεπραμένους
1443 1307 1508 1378 τῇ
1537 1304 1658 1376 δίκῃ

1812 1309 2076 1366 servitute
2110 1308 2246 1379 legis
2280 1307 2570 1363 redimeret
2592 1305 2714 1361 illos
2756 1305 2849 1375 qui
2894 1303 3098 1358 venditi
3120 1302 3335 1358 fuerant

125 1396 206 1467 τῆς
230 1395 373 1466 ἀρᾶς.

1757 1402 1882 1471 jure
1909 1398 2328 1455 maledictionis.

708 1488 865 1542 ΚΕΦ.
907 1489 1035 1543 K1".
1771 1492 1786 1503 ⁸

1771 1492 1786 1503 ⁸
2323 1487 2552 1545 CAPUT
2595 1486 2776 1542 XXIII.

186 1577 495 1633 Ἱππολύτου.
520 1579 624 1633 Διὰ
650 1579 808 1633 τοῦτο
838 1581 1074 1653 πυλωροὶ
1097 1581 1220 1653 ᾅδου
1249 1581 1448 1645 ἰδόντες
1472 1581 1653 1648 αὑτὸν,

1828 1582 2489 1655 llippolyti.—-Propterea
2515 1581 2727 1636 ostiarii
2760 1578 3058 1634 inferorum
3087 1580 3332 1638 videntes

121 1668 349 1740 ἔπτηξανο
382 1669 474 1722 καὶ
508 1669 680 1723 πύλαι
710 1668 928 1740 χαλκαῖ,
961 1671 1054 1725 καὶ
1084 1671 1269 1742 μοχλοὶ
1292 1670 1499 1742 σιδηροῖ
1525 1688 1651 1723 συν-

1802 1692 1878 1731 ιιη
1916 1676 2316 1730 intremuerunt
2340 1688 2353 1725 ε
2379 1681 2433 1727 et
2463 1680 2646 1742 postes
2673 1685 2845 1736 aereae,
2875 1679 2928 1725 et
2961 1669 3123 1726 ferrei
3150 1683 3333 1728 vectes

119 1759 403 1832 ετρξὸησαν·
439 1759 554 1813 ἰδοὺ
582 1759 696 1830 γὰρ
720 1760 748 1811 ὁ
777 1761 1089 1832 Μονογενὴς
1120 1760 1366 1832 εἰσῆλθεν
1397 1761 1473 1825 ὡς
1503 1760 1648 1832 ψυχὴ

1800 1765 2019 1821 )nl‘racti
2049 1775 2198 1821 sunt.
2228 1763 2373 1820 Ecce
2397 1769 2543 1820 enim
2572 1761 2896 1834 Unigenitus
2931 1763 3152 1819 intravit
3171 1765 3331 1835 quasi

121 1851 230 1920 μετὰ
267 1849 468 1922 ψυχῶν,
513 1851 651 1915 Θεὸς
697 1851 867 1920 Λόγος
915 1852 1182 1924 ἔμψυχοςο
1228 1855 1289 1908 τὸ
1336 1855 1446 1928 γάρ
1490 1857 1648 1928 σῶμα

1800 1860 1931 1913 alma
1965 1857 2109 1912 inter
2143 1857 2356 1912 animas
2380 1896 2395 1922 ,
2425 1855 2568 1911 Deus
2598 1853 2837 1911 Verbum
2866 1855 2920 1908 in
2951 1855 3138 1911 anima
3173 1857 3331 1910 babi-

118 1942 260 1995 ξκειτο
284 1944 337 1995 ὲν
366 1941 622 2014 μνημείῳ
641 1983 655 2006 ,
679 1943 799 2014 οὐχ).
824 1944 1059 1998 κενωοὲν
1087 1946 1186 2015 τῆς
1217 1946 1497 2018 Θεότητος,
1532 1949 1645 2002 ἀλλ’

1797 1968 1910 2021 ms;
1955 1965 2082 2004 nam
2128 1965 2325 2020 corpus
2378 1949 2597 2020 jacebat
2657 1949 2711 2002 in
2765 1957 3158 2011 monumento,
3218 1963 3328 2003 non

118 2034 270 2105 ὥσπερ
296 2037 348 2088 ἐν
372 2034 449 2106 τῷ
471 2035 576 2108 ᾄδῃ
606 2033 708 2098 ὣν,
737 2037 802 2107 τῇ
834 2037 990 2107 οὐσίᾳ
1016 2032 1084 2109 ἦν
1117 2039 1253 2109 πρὸς
1281 2039 1372 2092 τὸν
1405 2041 1642 2113 Πατέρα,

1799 2056 1983 2095 icuum
2031 2039 2355 2107 divinitatis,
2404 2039 2497 2094 sed
2532 2039 2675 2094 sicut
2704 2039 2760 2093 in
2795 2037 3014 2092 inferno
3050 2039 3240 2105 adest,
3275 2049 3330 2094 et

117 2123 254 2189 οὕτως
280 2119 345 2197 ἦν
375 2128 432 2179 ἐν
469 2126 547 2197 τῷ
586 2125 802 2199 σώματι
847 2129 942 2181 καὶ
976 2131 1033 2182 ὲν
1065 2127 1142 2199 τῷ
1185 2128 1319 2203 ᾇδῃο
1367 2131 1648 2204 ἀχώρητος

1799 2133 2182 2188 tbstantialiter
2215 2132 2356 2202 apud
2386 2130 2637 2198 Patrem,
2677 2130 2757 2186 sic
2785 2139 2902 2185 erat
2935 2131 2989 2185 in
3026 2147 3254 2201 corpore
3275 2141 3330 2186 et

119 2216 202 2286 γάρ
228 2217 329 2269 ἐστι
357 2217 449 2270 καὶ
476 2219 505 2271 ὁ
541 2219 674 2284 Υἱὸς
693 2259 708 2284 ,
745 2218 821 2282 ὡς
853 2220 881 2271 ὁ
916 2218 1104 2291 Πατὴρ
1123 2261 1137 2286 ,
1165 2220 1259 2274 καὶ
1292 2220 1472 2275 πάντα
1500 2237 1649 2294 περι-

1833 2223 2083 2290 inferno,
2118 2237 2246 2278 nam
2298 2222 2589 2279 illocabilis
2632 2232 2718 2276 est
2764 2221 2936 2276 Filius
2984 2221 3127 2276 sicut
3170 2221 3330 2276 Pater

118 2302 229 2375 ἔχει·
257 2306 380 2360 ἀλλὰ
421 2307 596 2361 Θέλων
640 2309 893 2382 ἐχωρήθη
927 2309 986 2362 ἐν
1022 2310 1235 2382 σώματι
1268 2311 1526 2384 ἐμψύχῳ,
1559 2315 1646 2369 ἵνα

1794 2313 2033 2384 nniaque
2079 2313 2525 2384 comprehendit;
2560 2313 2677 2382 [sed
2727 2312 2904 2368 libens
2958 2313 3223 2368 habitavit
3272 2314 3325 2367 in

120 2394 227 2463 μετὰ
253 2398 340 2467 τῆς
373 2397 507 2461 ἰδίας
544 2397 726 2469 ψυχῆς
758 2398 996 2472 πορευθῇ
1027 2401 1106 2465 εἰς
1133 2400 1223 2455 τὸν
1253 2401 1406 2475 ᾅδην,
1438 2405 1532 2457 καὶ
1569 2403 1644 2476 μὴ

1797 2420 1973 2476 νιεροτο
2029 2407 2267 2460 animam
2316 2405 2580 2473 habente,
2606 2407 2682 2474 {ut
2722 2419 2847 2460 cum
2887 2405 3106 2475 propria
3145 2406 3328 2461 anima

118 2490 255 2558 γυμνῇ
282 2491 340 2560 τῇ
369 2489 609 2561 θεότητι.

1749 2497 2103 2552 descenderet
2137 2498 2190 2552 in
2229 2495 2443 2552 inferna
2469 2504 2527 2552 et
2553 2512 2663 2552 non
2697 2495 2842 2550 nuda
2875 2495 3182 2550 divinitate.

142 2642 3314 2673 —————————————————————————_——.

812 2730 1256 2816 lN‘JOANNIS
1289 2757 1818 2819 EVANGELIUM
1849 2757 1951 2818 ET
1979 2756 2554 2819 APOCALYPSIN.

168 2875 480 2954 Hieronymus
525 2877 720 2954 laudat
765 2877 956 2954 Nostri
994 2879 1228 2954 libellam
1281 2879 1748 2954 De_Apocalypsi;
1779 2882 1833 2934 in
1874 2898 2169 2936 marmoreo
2206 2881 2462 2954 laterculo
2509 2883 2847 2954 nominatur,
2884 2881 3024 2954 ὑπὲρ
3055 2881 3146 2935 τοῦ
3181 2884 3324 2939 κατά

125 2947 326 3024 Ἰωάννην
353 2948 694 3024 Εὐάγγελίῳ
734 2949 829 3002 καὶ
874 2950 1314 3024 ’ᾼποκαλρψεως.
1358 2947 1647 3022 Εὸέάίεδιΐ

1792 2955 1996 3007 'nostri
2035 2954 2233 3024 εει-ἱρέα
2276 2951 2436 3024 refert
2480 2952 2904 3024 apologiampro
2932 2947 3248 3024 Apocalypsi
3273 2967 3323 3009 et

115 2995 832 3093 ﬂagitabitsigma;
856 2995 1680 3093 vEZt'éIJFHiﬁB'ig1.3621311}ni
1688 2995 2510 3092 7385332.}is"s}',"éiaﬁg}éiizln{
2515 2995 3323 3093 ’ὲῖ’Ᾰῖιῖέἑὶιῦῥῖίιὶζὲἷίιὲ’.ἵ5ἆὶιῦξ

113 3089 304 3166 apostolo
329 3089 689 3166 ascribuntur,
719 3107 833 3144 cere
861 3094 924 3144 ab
954 3108 1014 3145 eo
1045 3089 1345 3166 conscripta
1387 3109 1527 3166 esse.
1564 3091 1708 3145 Num
1744 3095 1798 3166 in
1837 3093 1941 3166 illo
1960 3089 2314 3166 disputaverit
2338 3103 2523 3146 contra
2567 3089 2758 3166 Alogos
2787 3089 2867 3166 an
2890 3089 3078 3166 contra
3108 3111 3194 3148 eos
3232 3098 3323 3166 qui

113 3155 363 3237 {Iomw'hos
391 3158 552 3213 libros
593 3161 906 3237 rejecerunt,
935 3155 1379 3237 constituet-eruca
1421 3164 1698 3237 augemus.
1731 3161 1864 3237 Cum
1896 3155 2248 3237 Hieronymus
2295 3155 2730 3216 commentariu'm
2775 3165 2832 3217 in
2865 3163 3219 3234 Apocalypsin
3245 3155 3321 3219 ’σὺ

116 3226 676 3304 llippolytoconjectunt
710 3231 936 3285 laudare
963 3233 1221 3295 videatur,
1240 3233 1296 3286 id
1317 3235 1455 3304 quod
1479 3232 1754 3304 Syncellus
1786 3235 1860 3304 (5)
1883 3234 2038 3303 plane
2076 3226 2604 3303 a'ﬁirmatmraeterea
2638 3251 2754 3288 cum
2775 3226 2956 3304 quanti
2984 3226 3325 3290 aesliinatverit

113 3297 404 3375 Apocalypsin
439 3297 565 3353 inde
605 3311 862 3375 appareat
896 3303 1035 3373 quod
1078 3307 1130 3356 in
1183 3297 1422 3359 libro'Dc
1447 3297 1952 3375 An'ticliristotcap.
1987 3305 2056 3358 26
2093 3297 2141 3358 et
2171 3304 2260 3372 48)
2292 3297 2475 3372 et'ipse
2500 3297 2802 3373 conﬁtetur,
2830 3316 2878 3359 et
2908 3305 3142 3375 singulos
3180 3307 3321 3360 locos

111 3382 217 3448 sepe
243 3373 380 3452 affert
409 3380 570 3441 atque
612 3371 1183 3443 diligenter'exponit,
1215 3391 1394 3430 revera
1437 3391 1556 3430 eum
1594 3373 1740 3430 illius
1782 3371 1908 3429 libri
1951 3371 2435 3446 interpretationem
2483 3371 2757 3444 scripsisse
2789 3393 2892 3429 non
2921 3371 3092 3447 inepte
3127 3378 3321 3448 aliquis

113 3452 358 3506 wnjecertl.

167 3573 228 3645 (5)
259 3577 536 3651 Chronogr.
577 3597 632 3651 p.
661 3579 793 3636 558.

916 3941 1894 4074 FRAGMENTA
1984 3939 2468 4075 DUBIA

1056 4200 1184 4288 IN
1283 4195 2306 4288 PENTATEUCHUM.

115 4389 428 4450 (Perimerst
449 4393 690 4447 Arabicus
738 4406 829 4444 ms.
857 4406 969 4442 cum
996 4393 1361 4442 commentariis
1387 4391 1476 4441 SS.
1502 4391 1705 4440 Patrum
1728 4387 2017 4451 [Huntling_.
2043 4401 2142 4451 ms:
2158 4385 2224 4451 8i
2240 4386 2448 4451 “litteris
2473 4383 2685 4451 Syriacis
2710 4390 2763 4434 et
2783 4385 2920 4451 Bodl.
2956 4385 3041 4435 NE
3067 4399 3110 4451 c.
3131 4386 3210 4447 33,
3229 4386 3320 4451 lit-

160 4457 258 4504 teris
275 4455 472 4517 Syriacis
502 4453 911 4520 fol.j.——Arabice
933 4461 986 4502 et
1017 4454 1191 4520 Latine
1216 4454 1370 4520 edidit
1395 4451 1644 4520 Fabricius
1673 4447 1797 4512 opp.
1823 4447 2163 4520 llippolyti‘ll,
2199 4449 2281 4496 33.
2298 4476 2369 4520 .--_
2394 4448 2762 4520 Spurium‘esse
2787 4448 2879 4520 hoc
2905 4450 3193 4520 opusculum
3212 4449 3320 4520 ,J'atn

159 4528 278 4582 nemo
297 4509 384 4567 non
419 4509 644 4582 agnoscit
665 4555 680 4578 ,
706 4525 767 4582 et,
797 4517 913 4582 ideo
939 4518 1071 4582 satis
1109 4518 1175 4564 sit
1217 4515 1440 4565 Latinam
1471 4509 1756 4563 versionem
1785 4509 2046 4562 exhibere.
2072 4510 2198 4560 Vide
2231 4547 2243 4571 ,
2268 4509 2311 4559 si
2357 4510 2534 4569 lubet,
2571 4510 2796 4558 notitiam
2834 4509 2896 4558 de
2924 4509 3036 4558 Vita
3057 4516 3101 4560 et
3121 4509 3318 4575 scriptis

163 4580 204 4625 S.
221 4576 474 4645 Hippolyti:
493 4576 674 4644 supra,
699 4581 794 4629 col.
820 4576 957 4640 545.)

1497 4729 1656 4784 ΡιιΑε
1667 4729 1799 4784 FAT
1810 4725 1893 4781 l0.

165 4839 212 4895 1η
235 4847 430 4903 nomine
458 4848 638 4902 pan-is
669 4856 722 4901 ει
755 4845 878 4900 Filii
921 4855 975 4900 ει
1023 4842 1257 4914 Spiritus
1289 4845 1500 4910 sancti,
1534 4845 1630 4901 Dei
1659 4825 1703 4883 (ἶ
1740 4839 2009 4910 probitate
2049 4834 2405 4901 conspicuus,
2461 4824 2821 4886 ratiocinandi
2865 4831 3120 4888 facultate
3161 4849 3318 4906 egre-

117 4933 264 4989 unius.
284 4935 390 4993 Hoc
411 4948 495 4994 est
522 4939 801 5008 exemplar
826 4937 960 5008 legis
984 4935 1314 4992 excellentis.
1739 4933 1884 5001 gius,
1916 4926 2218 4982 collocutus
2248 4921 2352 4976 fuit
2383 4937 2506 4977 cum
2536 4920 2666 4978 Deo.
2701 4922 2980 4995 Elegitque
3014 4925 3166 4979 illum
3196 4933 3317 4980 tan-

171 5021 336 5082 Verum
366 5045 542 5100 operae
572 5030 805 5100 pretium
828 5041 932 5094 est,
957 5028 1274 5098 priusquam
1305 5026 1628 5097 incipiamus
1740 5035 1904 5090 quam
1937 5020 2362 5074 instrumentum
2405 5016 2725 5084 pretiosum.
2775 5015 2875 5071 Per
2922 5019 3220 5088 principem
3266 5032 3320 5073 et

117 5110 369 5176 describere
404 5123 680 5192 exemplar
706 5123 829 5177 libri
864 5123 1032 5194 legis,
1074 5131 1134 5178 ut
1161 5123 1454 5178 doceamus
1489 5129 1561 5184 te,
1593 5135 1627 5176 ο
1732 5113 2050 5184 prophetam
2088 5123 2249 5165 suum
2291 5105 2621 5163 descendere
2670 5108 2819 5176 fecit,
2863 5109 3125 5182 (tradidit)
3165 5111 3314 5165 illam

118 5201 263 5270 frater.
286 5211 348 5266 de
372 5215 683 5269 excellentia
717 5215 837 5284 ejus
873 5223 929 5269 et
965 5214 1224 5286 dignitate
1253 5212 1626 5284 dispositionis
1739 5203 1958 5274 (legem)
1984 5201 2130 5257 Deus
2158 5199 2398 5269 optimus
2433 5201 2728 5266 maximus,
2759 5203 3091 5272 gloriﬁcetur
3116 5218 3314 5257 nomen

115 5293 223 5359 eius.
243 5297 414 5358 Prima
448 5305 568 5374 ejus
601 5307 920 5360 excellentia
964 5316 1070 5370 est,
1118 5305 1263 5376 quod
1308 5304 1532 5360 tradidit
1559 5303 1627 5358 il-
1736 5300 1879 5370 ejus,
1910 5300 1967 5354 in
1994 5299 2180 5370 lingua
2205 5297 2428 5370 Syriaca
2449 5296 2712 5367 Targum,
2735 5312 2898 5367 quam
2923 5295 3316 5351 transtulerunt

115 5379 196 5437 Iam
219 5385 346 5445 Deus
377 5407 472 5462 per
503 5410 724 5449 manum
753 5393 972 5451 Domini
1015 5395 1340 5460 beatissimi,
1370 5393 1632 5466 principis
1741 5392 2171 5464 Septuagintain
2190 5391 2432 5462 linguam
2459 5389 2764 5456 Hebrazam,
2783 5404 2976 5458 nempe
2998 5388 3052 5442 in
3074 5387 3314 5456 linguam

118 5476 479 5549 Prophetarum,
512 5496 561 5539 et
607 5487 766 5556 primi
809 5486 1208 5556 apostolorum,
1255 5487 1371 5541 sive
1408 5500 1630 5549 eorum,
1738 5483 1927 5555 populi
1961 5481 2100 5553 ejus,
2128 5491 2183 5539 et
2210 5481 2410 5538 idioma
2439 5481 2630 5552 plebis.

119 5565 189 5630 ψιί
217 5571 356 5629 missi
389 5586 513 5630 sunt
543 5580 606 5632 ad
645 5577 786 5632 ﬁlios
815 5577 1050 5646 lsraelis,
1083 5593 1277 5648 nempe
1314 5576 1503 5641 Mosis,
1535 5575 1631 5631 ﬁlii
1813 5573 2064 5643 Suscepit
2087 5574 2272 5644 itaque
2288 5574 2436 5628 illam
2453 5574 2633 5630 Moses
2656 5589 2687 5629 a
2713 5573 2945 5628 Domino
2965 5571 3309 5637 saeculorum,

121 5656 304 5732 Amran,
329 5667 420 5722 ﬁlii
445 5669 669 5737 Callath,
702 5688 732 5726 e
760 5670 884 5726 ﬁliis
912 5669 1063 5727 Levi.
1738 5677 1792 5722 et
1821 5667 2030 5736 primus
2061 5664 2162 5721 fuit
2183 5665 2274 5721 cui
2303 5667 2614 5724 concredita
2649 5675 2766 5732 est,
2811 5665 3014 5735 quique
3045 5664 3194 5720 illius
3221 5679 3315 5720 ca-

170 5748 266 5818 Ipse
303 5769 471 5814 autem
515 5764 798 5833 omnigena
845 5760 1072 5817 scientia
1119 5770 1345 5816 ornatus
1393 5759 1528 5822 fuit,
1577 5770 1632 5814 et
1738 5760 1973 5815 nonibus
2006 5769 2059 5814 et
2087 5761 2291 5829 regulis
2319 5776 2526 5816 morem
2556 5759 2746 5831 gessit.
2789 5756 2991 5812 Deinde
3029 5756 3175 5811 illam
3210 5756 3312 5812 do-

119 5845 332 5904 praeditus
356 5855 548 5922 Optima
592 5856 788 5923 indole;
829 5857 1055 5914 illustris
1087 5855 1372 5927 dignitate,
1413 5866 1628 5908 morum
1738 5850 1850 5906 cuit
1892 5850 2029 5906 ﬁlios
2070 5849 2305 5919 lsraclis,
2348 5851 2442 5922 qui
2483 5861 2536 5907 et
2582 5851 2727 5906 illam
2775 5848 3006 5921 amplexi
3055 5862 3202 5907 sunt.
3246 5847 3314 5905 Et
