3876 6340
622 334 729 394 703

1508 330 1569 387 S.
1603 326 1963 385 lllPPOLYTl
2001 325 2150 382 OPP.
2185 322 2365 378 PARS
2396 321 2438 379 ι.
2472 353 2542 367 -
2577 320 2980 378 EXEGETICA.
3690 328 3765 385 705

618 458 881 530 explicuit
909 457 991 514 eis
1023 455 1293 526 profunda
1337 454 1459 526 ejus
1501 453 1758 526 mysteria
1799 460 1854 507 et
1895 450 2195 507 obscurita-
2222 449 2268 507 Α
2367 445 2722 516 Tradiditque
2776 445 2927 501 illam
2953 441 3193 498 Chizkiel
3215 442 3463 512 propheta
3488 441 3651 500 Rosea:
3674 462 3766 517 pro-

617 556 739 614 tes.;
772 548 1132 619 exposuitque
1159 562 1245 613 ea,
1272 562 1395 618 quae
1414 553 1574 601 erant
1596 546 1784 600 minus
1812 542 2017 607 facilia.
2043 551 2207 612 prout
2305 541 2498 612 phetae,
2529 540 2641 595 ﬁlio
2666 538 2820 592 Bazi.‘

618 640 767 695 Deus
795 640 896 710 ipsi
930 639 1211 710 permisit;
1256 646 1313 694 et
1343 636 1544 694 celavit
1567 652 1664 693 eos
1694 637 1785 692 illa
1814 635 1948 707 legis
1979 648 2200 689 arcana.

617 742 781 802 prout
811 733 1091 802 prohibuit
1115 732 1266 787 illum
1303 729 1465 786 Deus.
1495 727 1683 800 Neque
1712 730 1923 786 exstitit
1957 729 2097 784 inter
2134 728 2202 784 il-

618 825 722 891 los,
755 827 850 894 qui
884 827 1110 897 peritior
1134 834 1281 882 esset
1304 826 1357 880 in
1378 825 1601 895 judiciis
1633 832 1688 880 et
1726 823 1960 880 decretis
1996 821 2115 891 ejus
2147 830 2203 878 et

620 919 805 973 ab‘dlta
860 920 1123 975 doctrinae
1172 918 1292 988 ejus
1342 933 1501 973 sensa
1549 917 1767 988 planius
1807 914 2196 987 impertiretur,

2376 627 2729 698 Tradiditque
2760 627 2909 681 illam
2931 622 3107 679 Hosea
3132 620 3285 677 Joieli
3319 623 3585 695 prophetae.

2374 721 2728 792 Tradiditque
2747 719 2894 774 illam
2920 717 3057 775 Joiel
3078 714 3154 788 τῷ
3180 717 3344 772 Amos
3370 718 3646 788 prophetat

2371 811 2722 882 Tradiditque
2746 811 2893 865 illam
2916 809 3082 866 Amos
3105 807 3340 863 Ohadize.

2372 858 2899 972 -ἓὲξιιῖὲῖιξὶξῖιὲἒὶίξιῖτῖ
2916 858 3769 970 egeamus“prophetam
3844 858 3845 887 *

619 1008 794 1064 donec
825 1009 1143 1065 transferret
1170 1010 1322 1064 illum
1350 1008 1495 1065 Deus
1520 1009 1589 1063 ad
1624 1025 1705 1074 se,
1738 1020 2023 1080 postquam
2069 1024 2174 1064 eun

2296 991 2498 1062 llathi,
2534 995 2631 1050 ﬁlii
2663 994 2758 1049 τοῦ
2787 993 3076 1060 Armelab,
3105 992 3196 1062 qui
3234 989 3336 1045 fuit
3370 988 3523 1044 frater
3546 987 3654 1045 Elite
3679 1006 3767 1062 pro-

618 1101 917 1172 perfectum
966 1102 1273 1158 reddiderat
1308 1102 1364 1157 in
1403 1102 1620 1159 deserto
1649 1116 1748 1173 per
1780 1112 1923 1158 totos
1957 1102 2195 1173 quadra-
2293 1086 2488 1171 Ριξθυιε·

618 1197 766 1265 ginta
793 1210 985 1251 annos.

690 1286 867 1355 Atque
892 1289 1009 1342 inec
1041 1292 1170 1341 sunt
1200 1284 1422 1341 nomina
1447 1284 1735 1341 doctorum
1763 1285 1855 1357 (ab
1880 1284 2044 1341 Hebr.
2070 1295 2190 1349 ann

618 1376 824 1446 socius)
853 1378 947 1445 qui
977 1377 1239 1432 continua
1270 1376 1619 1432 successione
1648 1377 1986 1432 tradiderunt
2015 1376 2186 1446 legem

618 1479 742 1539 post
766 1468 968 1523 Mosem
999 1470 1313 1539 prophetam
1346 1484 1519 1538 usque
1544 1468 1613 1523 ad
1635 1469 1923 1525 adventum
1952 1470 2181 1526 Messias.

688 1559 839 1615 Scito
870 1560 1072 1630 itaque,
1097 1575 1132 1615 ο
1157 1559 1343 1627 frater,
1380 1560 1684 1617 benefaciat
1718 1561 1815 1616 tibi
1840 1560 2003 1627 Deus,
2039 1562 2184 1631 quod

2369 1176 2721 1247 Tradiditque
2733 1176 2878 1230 illam
2894 1173 3069 1229 Jonan
3081 1172 3281 1242 {Michte
3294 1170 3689 1239 Morashitanita,
3706 1170 3768 1244 qui

2369 1269 2617 1326 Tradidit
2644 1271 2789 1325 illam
2811 1267 2889 1340 τῷ
2910 1266 3158 1322 Nachum
3180 1264 3484 1320 Alkousitaz.

2367 1361 2723 1432 Tradiditque
2770 1359 2920 1415 illam
2968 1356 3218 1413 Nachum
3263 1353 3342 1426 τῷ
3391 1352 3654 1411 Cbabakuk
3684 1371 3767 1428 pro-

2290 1451 2714 1616 ph'ie‘trmadiditque
2742 1542 2893 1598 illam
2917 1538 3217 1598 Cbabakuk
3246 1535 3524 1608 Sophonias
3544 1538 3766 1607 propheta.

618 1650 761 1707 Deus
792 1653 1009 1707 tradidit
1035 1653 1204 1722 legem
1234 1653 1742 1723 praestantissimam
1766 1653 1824 1708 in
1848 1669 2045 1713 manus
2066 1653 2174 1711 Mo-

2357 1635 2712 1706 Tradiditque
2754 1635 2903 1689 illam
2938 1631 3219 1704 Sophonia
3259 1631 3514 1702 Chaggaao
3544 1631 3767 1701 propheta.

618 1743 696 1798 sis
721 1744 1017 1813 propheue,
1040 1743 1135 1798 ﬁlii
1162 1744 1389 1799 Amran.

687 1804 1039 1903 Tradiditque
1069 1833 1213 1888 illam
1242 1833 1419 1889 Moses
1449 1832 1647 1899 Josute,
1675 1832 1788 1889 ﬁlio
1814 1831 1960 1889 Non.
2218 1804 2263 1863 Β
2289 1819 2401 1875 ﬁlio
2424 1818 2680 1874 Befshiwo

2361 1910 2718 1981 Tradiditque
2750 1908 2898 1964 illam
2925 1906 3189 1962 Zecharia
3214 1902 3487 1959 Malachia:
3506 1901 3720 1973 captivus.

2357 2002 2715 2073 Tradiditque
2747 2002 2894 2057 illam
2928 1995 3368 2053 Malacbia’Ezrze
3392 1993 3600 2049 doctori.

2351 2096 2426 2168 (6)
2463 2094 2811 2165 Tradiditque
2833 2093 2979 2148 illam
3003 2090 3140 2146 Ezra
3165 2088 3245 2161 τῷ
3267 2086 3480 2142 Shamai
3503 2084 3766 2140 antistitiiet

688 1921 1043 1994 Tradiditque
1079 1925 1224 1979 illam
1250 1923 1419 1981 Josua
1444 1926 1592 1982 lilius
1613 1925 1737 1981 Nun
1758 1924 1838 1998 τῷ
1865 1924 2118 1982 Anathal.

683 2015 1039 2088 Tradiditque
1064 2019 1211 2073 illam
1239 2020 1469 2075 Anathal
1493 2020 1572 2092 τῷ
1599 2019 1799 2077 Jehud.

684 2108 1039 2181 Tradiditque
1064 2112 1209 2166 illam
1235 2110 1411 2168 Jehud
1429 2113 1509 2185 τῷ
1534 2116 1781 2185 Samgar.

684 2201 1041 2273 Tradiditque
1064 2204 1210 2259 illam
1240 2205 1469 2275 Samgar
1491 2205 1570 2277 τῷ
1598 2206 1798 2264 Baruk.

685 2292 1040 2366 Tradiditque
1061 2298 1208 2351 illam
1237 2297 1416 2355 Baruk
1440 2298 1516 2371 τῷ
1536 2300 1765 2356 Gideon.

684 2383 1035 2456 Tradiditque
1060 2387 1203 2443 illam
1229 2390 1434 2446 Gideon
1456 2391 1534 2463 τῷ
1554 2393 1888 2449 Ahimelech.

684 2475 1038 2548 Tradiditque
1061 2480 1205 2534 illam
1231 2482 1541 2540 Ahimelech
1564 2485 1643 2557 τῷ
1666 2484 1851 2556 Taleg.

683 2564 1037 2637 Tradiditque
1059 2570 1203 2625 illam
1231 2570 1394 2643 Taleg
1416 2573 1494 2644 τῷ
1516 2573 1683 2628 Βηώὶη
1707 2575 2008 2631 Gilaadltte.

684 2655 1037 2731 Tradiditque
1062 2662 1206 2716 illam
1236 2662 1403 2719 Babin
1430 2664 1505 2736 τῷ
1525 2664 1798 2734 Jiphtach.

2356 2278 2711 2348 Tradiditque
2733 2277 2878 2331 illam
2902 2276 3210 2347 Antigonus
3233 2274 3466 2347 Josepho
3488 2271 3585 2327 ﬁlio
3600 2267 3767 2325 Johan-

2280 2370 2359 2425 ris
2385 2372 2481 2441 (et)
2512 2369 2749 2440 Josepho
2778 2370 2886 2424 ﬁlio
2919 2368 3265 2438 Gjuchanan.

2355 2462 2709 2532 Tradiditque
2734 2463 2877 2516 illam
2904 2461 3101 2531 Joseph
3128 2460 3381 2517 .lehosuaa
3412 2458 3512 2515 ﬁlio
3540 2452 3761 2511 Barachie.

2353 2553 2710 2623 Tradiditque
2734 2554 2890 2608 illam
2907 2552 3145 2609 Jehosua
3182 2552 3414 2608 Nathani
3437 2549 3667 2606 Arbelitaa.

2353 2645 2708 2717 Tradiditque
2738 2645 2884 2701 illam
2911 2643 3123 2700 Nathan
3155 2643 3457 2710 Shimeoni,
3495 2640 3663 2699 seniori
3685 2638 3762 2694 illo

2283 2734 2541 2791 Shetacb.

2351 2828 2472 2897 Ipse
2494 2835 2597 2894 est,
2626 2842 2720 2898 qui
2749 2827 2988 2901 portavit
3009 2826 3268 2884 Messiam
3296 2826 3352 2883 in
3378 2824 3513 2882 ulnis
3536 2825 3651 2884 suis.

2274 2979 2283 2982 ,
2352 2917 2574 2974 Sinieon
2608 2919 2829 2973 tradidit
2855 2919 2998 2973 illam
3030 2916 3276 2973 Jehudaz.

682 2747 1038 2822 Tradiditque
1061 2754 1206 2809 illam
1235 2753 1487 2824 Jipbtach
1511 2756 1589 2827 τῷ
1613 2756 1851 2826 Ephran.

680 2841 1035 2917 Tradiditque
1073 2845 1222 2903 illam
1263 2846 1483 2921 Ephran
1522 2848 1599 2921 τῷ
1636 2847 1758 2905 Elui
1797 2865 1867 2905 ex
1901 2850 2044 2906 tribu
2074 2851 2179 2908 Ze-

607 2935 792 2994 ωερε..
2274 2979 2283 2982 ,
2353 2935 2574 2974 mmeon
2608 2935 2829 2973 tradidit
2855 2935 2998 2973 uiam
3030 2935 3276 2973 Jenuuaa.
3844 2960 3845 2965 η

681 3028 1034 3100 Tradiditque
1064 3031 1208 3085 mam
1237 3029 1356 3085 Ειυι
1384 3030 1462 3100 τῷ
1484 3030 1700 3086 Aman.
2346 3007 2556 3100 .lebuda
2586 3010 2808 3065 tradidit
2836 3010 2980 3100 illam
3009 3007 3288 3063 Zecbarite
3315 3005 3582 3064 sacerdoti.
3652 3092 3672 3100 _
3844 3016 3845 3089 ξ

679 3084 1411 3189 TradiditqueillamAbdan
1433 3084 1514 3192 ἒῷ
1539 3084 1831 3177 smne—smn
1861 3121 2001 3177 forti.
2202 3142 2248 3204 ο
2322 3099 2718 3204 ,Τξείιίξλίιρυεῖ
2736 3101 2882 3204 illan}
2912 3099 3171 3204 Zeclnaria
3208 3101 3479 3204 sacerdos,
3504 3092 3763 3169 paterloan-

678 3210 1031 3282 Tradiditque
1074 3211 1219 3266 illam
1263 3190 1559 3293 Shimshon
1607 3212 1686 3284 τῷ
1732 3212 2032 3280 Helkanah,
2065 3216 2177 3272 {ilio
2205 3190 2248 3204 .-
2280 3193 2663 3293 "imp-[Fuﬁi
2690 3191 2926 3293 195?“?
2958 3190 3175 3293 δοθξοξὶ
3200 3206 3268 3246 ex
3299 3191 3439 3293 ίξίδυ
3458 3203 3580 3293 ξ¹ξ²⁶

602 3300 917 3367 Jerachmu,
953 3302 1065 3358 lilio
1088 3301 1285 3358 Jehud.
1313 3303 1404 3359 Ille
1430 3314 1609 3359 autem
1641 3306 1743 3360 fuit
1772 3316 1923 3376 pater
1949 3307 2179 3364 Samue-

605 3389 674 3443 lis
704 3391 995 3461 prophetm.
1028 3390 1104 3448 De
1134 3408 1243 3464 quo
1271 3391 1514 3451 Helkana
1534 3397 1739 3451 mentio
1761 3375 1845 3453 est
1873 3399 2027 3456 initio
2051 3402 2175 3458 libri
2276 3378 2396 3435 ίδῑίδ
2424 3388 2606 3435 amem
2634 3380 2876 3437 δωίίιυω
2903 3393 2987 3437 θεῖ
3010 3381 3402 3446 ⁸²⁰θτά⁰ιίιιωι
3434 3387 3485 3434 θῑ
3510 3375 3763 3446 regnum,“

605 3480 812 3551 Regum
845 3485 1026 3554 primi.
1042 3538 1055 3550 ,

2296 3475 2574 3545 iropbetia.

676 3574 783 3630 Tia
807 3577 1030 3648 liditque
1059 3579 1204 3634 illam
1242 3579 1485 3636 Helkana
1515 3580 1592 3653 τῷ
1618 3581 1699 3636 Eli
1739 3584 2032 3642 sacerdoti.

672 3665 1027 3738 Tradiditque
1055 3670 1314 3725 illamIEli
1344 3671 1581 3727 Samueli
1614 3675 1912 3745 prophetae.

671 3755 1024 3830 Tradiditque
1054 3762 1199 3817 illam
1232 3761 1453 3819 Samuel
1481 3763 1717 3820 Nathani
1756 3768 2053 3839 prophetae.

674 3848 1025 3921 Tradiditque
1052 3854 1196 3907 illam
1220 3853 1431 3910 hathan
1460 3855 1538 3927 τῷ
1563 3856 1675 3912 Gad
1710 3859 2007 3928 prophetae.

673 3940 1022 4015 Tradiditque
1043 3944 1192 4001 illam
1215 3944 1329 4001 Gad
1358 3947 1622 4019 propheta
1648 3945 1923 4006 Shemaiae
1959 3950 2169 4010 doctori

602 4036 817 4111 (socio).

672 4129 1021 4202 Tradiditque
1047 4131 1194 4186 illam
1227 4130 1482 4189 Shemaia
1511 4132 1590 4207 τῷ
1607 4133 1739 4193 Iddo
1760 4135 1990 4195 doctori.

669 4218 1021 4293 Tradiditque
1049 4224 1196 4278 illam
1223 4223 1352 4280 [ddo
1376 4225 1581 4282 Achize.

670 4310 1021 4382 Tradiditque
1050 4314 1199 4368 illam
1228 4314 1398 4369 Achia
1423 4315 1501 4387 τῷ
1523 4317 1725 4374 Abihu.

667 4400 1022 4474 Tradiditque
1046 4404 1194 4460 illam
1220 4405 1402 4461 Abihu
1427 4406 1558 4461 Eliae
1581 4410 1880 4478 prophetae.

666 4493 1020 4568 Tradiditque
1045 4498 1192 4552 illam
1220 4497 1335 4552 Elia
1360 4498 1630 4570 discipulo
1655 4517 1756 4557 suo
1787 4502 1998 4560 Elisaeo.

665 4587 1018 4660 Tradiditque
1039 4591 1187 4646 illam
1212 4589 1444 4661 Elisaaus
1468 4592 1747 4650 Malachite
1772 4598 2068 4668 prophetae.

665 4679 1019 4753 Tradiditque
1046 4683 1193 4737 illam
1230 4682 1494 4739 Malachia
1522 4684 1601 4757 τῷ
1628 4685 1900 4744 Ahdiahu.

664 4772 1019 4845 Tradiditque
1044 4775 1189 4830 illam
1220 4776 1468 4831 Abdiahu
1496 4778 1574 4850 τῷ
1593 4777 1824 4840 Jebuda.

664 4864 1019 4940 Tradiditque
1046 4870 1191 4927 illam
1217 4871 1426 4931 Jehuda
1455 4874 1735 4931 Zachariae
1762 4875 1992 4932 doctori.

660 4959 719 5015 In
750 4961 941 5017 diebus
976 4962 1082 5019 illis
1108 4967 1254 5021 venit
1291 4966 1686 5034 Bachthansar,
1725 4984 1822 5024 rex
1858 4968 2056 5035 Babel,
2100 4980 2156 5026 et

587 5054 824 5110 vastavit
846 5054 1067 5111 domum
1098 5059 1417 5126 sanctuarii,
1446 5070 1500 5115 et
1525 5061 1579 5115 in
1608 5062 1971 5132 captivitatem
1999 5063 2155 5118 duxit

589 5145 730 5203 ﬁlios
753 5147 973 5202 Israelis
995 5149 1048 5202 in
1075 5147 1259 5205 Babel.
1281 5150 1345 5205 Et
1368 5162 1489 5220 post
1508 5155 1871 5223 captivitatem
1896 5152 2083 5220 Babel,

660 5238 904 5295 Tradidit
937 5238 1086 5294 illam
1128 5236 1389 5298 Zecharia
1416 5243 1608 5300 doctor
1643 5242 1820 5300 Esaiae
1857 5246 2153 5318 prophetae,

587 5332 700 5390 ﬁlio
721 5334 908 5390 Amos.

657 5425 1011 5499 Tradiditque
1036 5425 1184 5481 illam
1219 5425 1379 5483 Esaia
1407 5425 1653 5484 Ieremia:
1676 5428 1975 5501 prophetae.

655 5516 1011 5592 Tradiditque
1033 5518 1184 5576 illam
1207 5517 1441 5576 Jeremia
1467 5520 1730 5593 propheta
1751 5519 2032 5579 Chiakieli.

2271 3665 2434 3719 ambo
2466 3672 2623 3720 erant
2655 3666 2964 3721 sacerdotes
2992 3665 3234 3723 ﬁliorum
3259 3661 3487 3718 lsraelis.

2343 3757 2469 3812 Fuit
2500 3759 2684 3829 itaque
2724 3774 2946 3814 summa
2972 3757 3285 3814 antistitum
3317 3754 3664 3812 venerabilium
3693 3749 3761 3803 ho-

2270 3851 2599 3905 norabilium
2635 3852 2769 3907 ﬁdes
2801 3853 2868 3907 de
2901 3851 3003 3907 hac
3040 3851 3156 3922 lege
3188 3848 3617 3920 praestantissima
3644 3841 3757 3913 quin-

2269 3942 2533 4014 quaginta
2561 3958 2657 4000 sex
2694 3943 3035 4000 sacerdotum
3054 3984 3070 4011 ,
3097 3943 3344 4014 exceptis
3375 3940 3552 3997 Hanan
3574 3946 3620 3994 et
3643 3931 3758 3990 Caia-

2266 4036 2393 4107 pha.

2332 4128 2482 4201 lique
2508 4137 2637 4185 sunt
2660 4128 2755 4200 qui
2792 4128 2942 4184 illam
2971 4128 3322 4185 tradiderunt
3340 4128 3393 4184 in
3422 4126 3606 4184 ultimis
3620 4118 3758 4178 diebus

2264 4221 2577 4292 reipublicae
2606 4220 2842 4276 ﬁliorum
2865 4220 3102 4290 lsraelis,
3124 4236 3305 4295 neque
3330 4222 3549 4294 amplius
3564 4214 3757 4275 ωιίιοτθ

2265 4314 2571 4371 sacerdotes
2595 4322 2717 4383 post
2743 4315 2900 4369 istos.

2335 4404 2461 4461 Haec
2482 4414 2564 4460 est
2584 4404 2814 4460 historia
2833 4418 3046 4474 eorum,
3068 4420 3194 4478 qua:
3219 4406 3551 4478 contigerunt
3572 4400 3687 4459 circa
3703 4396 3756 4450 le-

2190 4495 2236 4551 D
2262 4514 2379 4570 gem
2412 4495 2934 4566 praestantissimam.

2333 4591 2479 4647 Dixit
2527 4589 2784 4656 Annius,
2837 4598 3027 4643 auctor
3064 4587 3193 4644 libri
3237 4587 3597 4659 Temporum:
3638 4582 3755 4637 Anno

2259 4684 2473 4742 decimo
2510 4698 2657 4738 nono
2692 4683 2844 4753 regni
2877 4680 3154 4737 Ptolemaei
3196 4683 3364 4753 regis,
3402 4680 3556 4751 jussit
3582 4685 3631 4731 ut
3660 4687 3755 4728 eon-

2259 4783 2614 4848 gregarentur
2655 4775 2900 4830 seniores
2933 4774 3173 4829 ﬁliorum
3218 4772 3468 4841 Israelis,
3502 4782 3556 4827 ut
3594 4767 3675 4823 sibi
3712 4763 3753 4816 in

2259 4883 2455 4924 manus
2489 4872 2885 4937 praesentarent
2914 4864 3113 4920 librum
3142 4867 3300 4938 legis,
3329 4875 3384 4923 et
3412 4872 3470 4921 ut
3499 4860 3664 4933 singuli
3682 4868 3752 4911 eo-

2260 4976 2382 5016 rum
2406 4969 2607 5031 prazsto
2629 4966 2811 5015 essent
2839 4959 2905 5013 ad
2934 4959 3306 5029 explanandos
3333 4974 3517 5016 sensus
3537 4957 3654 5026 ejus.

2330 5054 2635 5110 Astiterunt
2664 5053 2848 5123 itaque
2873 5052 3139 5117 seniores,
3166 5067 3353 5109 secum
3372 5053 3604 5107 habentes
3624 5046 3751 5114 legem

2257 5145 2782 5218 praestantissimam.
2811 5142 2965 5199 Tunc
2998 5143 3168 5213 jussit
3215 5151 3276 5197 ut
3324 5141 3660 5212 unusquisque
3683 5148 3753 5187 θοι

2254 5254 2377 5296 rum
2407 5239 2856 5308 interpretaretur
2884 5235 2988 5291 sibi
3016 5237 3214 5291 librum
3241 5234 3396 5306 legis.

2323 5335 2394 5391 At
2440 5335 2531 5391 ille
2569 5333 2905 5405 repugnabat
2937 5329 3310 5401 (dissentiebat
3350 5328 3416 5383 ab
3454 5313 3749 5394 GXPOSiUODE)

2256 5427 2605 5499 expositioni.
2636 5441 2802 5497 quam
2831 5425 3220 5482 transtulerant
3251 5424 3504 5480 seniores.
3539 5417 3597 5474 Et
3622 5411 3751 5489 jussit

2252 5522 2497 5578 seniores
2517 5520 2727 5577 detrudi
2752 5519 2809 5576 in
2833 5533 3082 5575 carceres
3101 5526 3156 5575 et
3184 5517 3414 5575 vincula.

630 5737 739 5806 “6)
765 5738 971 5798 Conter
988 5749 1248 5814 'l‘semach
1282 5748 1446 5808 David
1466 5790 1483 5814 .
1510 5761 1566 5810 et
1589 5751 1843 5811 Maimon.
1878 5754 2092 5814 Prsel‘at.
2135 5754 2203 5812 ad
2233 5753 2399 5813 Seder
2425 5751 2635 5811 Zeraim
2670 5752 2724 5810 in
2753 5751 3009 5811 Pelrockii
3042 5750 3206 5811 Porta
3235 5751 3415 5822 Hosis,
3442 5765 3491 5821 p.
3520 5744 3598 5803 56.

2361 1725 2717 1797 Tradiditque
2754 1726 2902 1781 illam
2933 1722 3238 1818 Chaggaeus
3270 1720 3533 1779 Zechariaa
3565 1719 3770 1791 propheta

2280 2187 2454 2245 Jadua
2482 2185 2560 2258 τῷ
2591 2185 2844 2251 Samean,
2873 2184 3103 2240 Samean
3136 2180 3358 2237 tradidit
3387 2178 3521 2233 illam
3544 2177 3763 2247 Antigono.
3844 2200 3845 2258 δ

2349 3262 2702 3358 Tradiditque
2728 3289 2875 3343 illam
2898 3286 3097 3357 Josepb
3128 3288 3344 3344 Hanani
3372 3295 3424 3340 et
3452 3280 3680 3353 Caiapha‘»
3705 3274 3762 3330 Ah

2338 3570 2431 3626 lsti
2463 3571 2685 3628 fuerunt
2722 3572 2975 3628 doctores
3006 3586 3181 3642 usque
3206 3572 3276 3627 ad
3299 3569 3575 3625 adventum
3593 3560 3760 3625 Messit;
3844 3596 3845 3599 η
