3876 6340
108 419 188 476 705
871 407 1293 465 FRAGMENTA
1319 407 1548 466 DUBlA.
1587 440 1656 450 —
1687 406 2168 466 PENTATEUCH.
2209 407 2414 464 ARAB.

3162 405 3267 461 706

156 530 208 586 Et
236 532 481 596 arreptum
516 522 710 578 librum
746 522 881 593 legis
920 522 1155 604 coniecit
1183 524 1237 577 in
1281 522 1443 577 altam
1485 521 1596 576 fos-
1625 529 1670 584 Α
1763 521 1887 577 Haec
1920 522 2099 593 itaque
2134 521 2402 592 expositio
2431 519 2551 574 libri
2582 519 2766 591 primi.
2800 517 2904 587 Qui
2937 516 3159 590 quidem
3183 526 3270 577 est

103 637 207 687 sam,
232 630 278 674 et
298 616 501 672 immisit
529 629 687 685 super
716 614 862 669 illam
899 629 1078 685 ignem
1112 624 1166 670 et
1191 614 1402 669 cineres
1427 612 1593 666 fervi-

101 717 190 779 dos,
222 727 301 782 per
322 719 509 779 septem
536 708 670 762 dies.
699 706 837 762 Tum
865 716 1056 777 postea
1082 707 1353 776 praecepit,
1376 715 1436 761 ut
1463 721 1593 761 con-

97 808 274 880 jicerent
300 804 456 858 lutum
482 800 711 857 civitatis
746 801 801 855 in
827 801 974 854 illam
1007 799 1234 864 fossam,
1261 801 1315 853 in
1338 815 1444 869 qua
1477 808 1595 854 erat

100 900 203 955 liber
235 896 369 966 legis.
415 893 479 949 Et
514 894 730 965 impleta
776 891 881 947 fuit
925 892 1069 949 fossa
1118 907 1292 962 usque
1334 891 1402 945 ad
1444 906 1596 945 sum-

97 1008 229 1051 ωυω.

153 1085 315 1140 Mansit
338 1083 420 1137 lex
448 1080 547 1136 sub
578 1088 818 1134 stercore
851 1078 906 1132 in
940 1076 1031 1132 illa
1070 1076 1215 1131 fossa
1253 1091 1349 1147 per
1377 1085 1595 1145 septua-

98 1182 209 1246 ginta
246 1190 415 1236 annos,
463 1180 515 1226 et
550 1187 658 1225 non
706 1171 887 1239 periit,
924 1185 1101 1239 neque
1139 1176 1453 1237 corruptum
1496 1167 1597 1222 fuit

97 1292 144 1329 cx
170 1288 218 1327 ea
241 1271 310 1323 vel
341 1283 500 1321 unum
532 1265 746 1320 folium.

149 1362 272 1416 Anno
304 1359 554 1431 vigesimo
585 1357 761 1426 primo
794 1354 946 1425 regni
984 1353 1239 1423 Apianuti
1281 1350 1425 1419 regis
1463 1351 1597 1405 edu-

97 1464 248 1511 xerunt
283 1454 469 1507 librum
511 1451 644 1520 legis
684 1466 714 1505 e
754 1448 925 1513 fossa,
966 1457 1021 1504 et
1064 1466 1132 1503 ne
1174 1464 1339 1503 unum
1376 1447 1594 1518 quidem

98 1547 241 1602 folium
267 1561 323 1599 ex
353 1560 411 1598 ea
440 1552 556 1598 erat
580 1554 919 1612 corruptum.

149 1640 215 1703 Et,
235 1648 339 1710 post
362 1639 729 1692 ascensionem
759 1636 958 1692 Christi
1000 1634 1052 1689 in
1077 1634 1298 1696 coelum,
1323 1633 1472 1687 venit
1502 1649 1597 1688 rex

98 1732 232 1798 Titus,
260 1733 390 1785 ﬁlius
420 1729 735 1800 Aspasiani,
765 1729 908 1799 regis
936 1727 1140 1789 Rerum,
1179 1728 1229 1779 in
1270 1724 1596 1788 Jerusalem,

95 1828 349 1895 obseditque
389 1834 440 1879 et
485 1823 632 1894 cepit
683 1822 849 1876 illaut.
899 1819 966 1874 Et
1009 1820 1271 1876 destruxit
1312 1820 1595 1874 aediﬁcium

99 1922 248 1973 domus
288 1918 560 1980 secundm,
613 1931 774 1986 quam
826 1913 1223 1968 acditieaverant
1270 1911 1364 1965 ﬁlii
1414 1911 1597 1966 Israel.

97 2010 315 2065 Destruxit
355 2008 508 2064 Titus
552 2024 649 2063 rex
693 2007 914 2061 domum
962 2004 1301 2069 sanctuarii;
1335 2003 1604 2060 interiecit

96 2119 238 2158 omnes
275 2101 359 2169 qui
392 2110 547 2157 erant
583 2101 721 2156 inea
742 2116 804 2154 ex
838 2098 1058 2163 Judzeis,
1082 2107 1133 2152 et
1154 2097 1607 2153 azdiﬁcavithio-

99 2212 187 2249 nem
206 2195 303 2266 (sic)
321 2196 369 2248 in
403 2194 669 2264 sanguine
699 2207 909 2247 eorum.
932 2191 998 2244 Et
1024 2200 1145 2263 post
1178 2191 1321 2245 illam
1351 2192 1605 2263 deporta-

101 2287 255 2340 tionem
281 2287 685 2356 (captivitatem)
717 2284 945 2354 dispersi
977 2295 1102 2339 sunt
1139 2283 1310 2339 Judaei
1343 2285 1395 2339 in
1435 2285 1605 2340 servi-

101 2388 239 2434 tntem.
278 2379 447 2449 Neque
478 2377 715 2447 amplius
752 2378 1060 2447 congregati
1094 2386 1220 2432 sunt
1247 2379 1299 2431 in
1332 2377 1603 2433 civitatem

102 2467 355 2531 Jerusalem,
387 2485 563 2539 neque
597 2485 825 2539 usquam
852 2470 1151 2523 revertendi
1177 2485 1300 2538 spes
1322 2478 1424 2523 est.

150 2561 398 2632 Postquam
437 2562 609 2633 igitur
630 2571 841 2616 vastata
887 2560 984 2616 l‘uit
1016 2560 1349 2621 Jerusalem.
1385 2561 1605 2616 tradidit

102 2654 416 2727 (tradiderunt)
449 2656 599 2709 illam
633 2656 850 2726 (legem)
884 2654 1137 2709 Sltetnaia
1161 2663 1213 2710 et
1240 2654 1451 2708 Antalia
1475 2655 1607 2724 (Ab-

103 2748 243 2817 talion)
278 2763 418 2815 reges
448 2746 723 2801 Baalhaeh
764 2746 838 2814 (7)
880 2746 1134 2813 civitatis,
1171 2762 1330 2815 quam
1369 2747 1605 2800 aediﬁca-

102 2848 211 2892 vcrat
238 2839 349 2892 olim
383 2838 630 2893 Soliman
665 2835 951 2908 (Salonio),
995 2838 1139 2895 ﬁlius
1188 2836 1404 2891 Davidis
1439 2838 1603 2907 regis,

100 2946 274 3002 qumque
314 2933 484 2987 denuo
538 2939 845 2988 restaurata
896 2931 996 2985 fuit
1037 2932 1090 2985 in
1135 2931 1325 2985 diebus
1364 2929 1608 2986 ille-nasse

100 3029 222 3094 regis,
255 3027 338 3096 qui
373 3026 614 3082 medium
644 3025 817 3081 secuit
852 3021 1069 3078 Esaiam
1115 3022 1431 3092 prophetam
1479 3036 1605 3077 cum

98 3133 226 3173 serra.

1696 613 1832 668 liber
1861 614 2171 680 ereationis,
2201 615 2407 669 entium
2438 621 2769 669 creatorum.

2221 769 2465 827 SECTlO
2495 769 2731 825 PRIMA.

1694 881 1772 938 De
1786 885 2051 940 creatione
2065 884 2174 939 coeli
2187 893 2235 938 et
2253 895 2426 939 terrae.
2437 883 2600 937 Initio
2621 884 2815 938 creavit
2832 882 3041 951 Deus“,
3054 882 3270 955 etc.(3).

1762 998 2045 1069 Expositio
2072 998 2125 1052 in
2165 997 2316 1062 illud,
2344 997 2489 1067 quod
2517 997 2653 1052 dixit
2682 996 2847 1053 Deus.

1765 1090 1830 1145 Et
1859 1093 2075 1162 quidem
2107 1092 2297 1145 beatus
2339 1092 2633 1162 propheta,
2681 1107 2914 1162 magnus
2945 1092 3033 1148 ille
3068 1092 3271 1163 Moses,

1695 1185 1913 1254 scripsit
1939 1186 2132 1239 librum
2158 1185 2323 1250 hunc,
2351 1184 2744 1256 appellavitque
2775 1194 2827 1239 et
2855 1185 3011 1239 titulo
3040 1187 3272 1256 insigni-

1695 1275 1770 1329 vit
1797 1274 1991 1329 librum
2026 1274 2200 1341 Emis,
2226 1277 2276 1329 id
2304 1286 2406 1341 est,
2430 1275 2643 1330 Eutium
2671 1286 3002 1344 creatorum,
3030 1286 3137 1333 etc.
3171 1278 3269 1346 t9).

2262 1407 2503 1463 SECTIO
2544 1408 2710 1467 ll-lll.

1761 1515 1828 1572 Et
1859 1518 1996 1573 dixit
2042 1517 2346 1574 Dominus:
2385 1519 2454 1574 Et
2500 1538 2593 1592 ego
2647 1524 2907 1577 missurus
2953 1540 3070 1577 sum
3110 1541 3275 1593 aquas

1697 1608 1884 1663 diluvii
1929 1627 2084 1681 super
2127 1621 2322 1665 terram
2380 1613 2449 1665 ad
2494 1614 2813 1681 perdendum
2858 1630 3007 1668 omne
3050 1632 3273 1686 corpus.

1698 1701 1754 1753 in
1784 1718 1886 1772 quo
1909 1703 1975 1765 ¹⁷,
2008 1712 2113 1758 etc.

1771 1810 1912 1867 Dixit
1938 1811 2257 1886 Hippolytus
2277 1815 2551 1886 expositor
2589 1814 2970 1884 Targhumista
2998 1836 3011 1869 :
3034 1816 3273 1875 Nomina

1708 1918 1937 1957 uxorum
1987 1905 2219 1959 ﬁliorum
2267 1903 2417 1959 Noah
2466 1907 2579 1961 haec
2624 1916 2801 1960 sunt:
2848 1921 3044 1961 numen
3089 1909 3278 1965 uxoris

1705 1994 1829 2051 Sem
1853 1994 2121 2052 Nahalath
2147 1997 2405 2061 Mahnuk,
2430 2009 2484 2053 et
2502 2012 2698 2052 nomen
2732 2001 2918 2053 uxoris
2939 2000 3109 2055 Cham
3139 2000 3278 2056 Zed-

1702 2087 1795 2143 kat
1819 2087 1994 2156 Nabu,
2023 2098 2077 2144 et
2116 2104 2312 2144 nomen
2345 2091 2535 2144 uxoris
2577 2089 2805 2160 Japheth
2849 2090 3109 2146 Arathka.
3153 2091 3279 2148 llu-c

1704 2190 1883 2234 autem
1933 2190 2061 2235 sunt
2108 2182 2328 2236 nomina
2380 2198 2567 2237 earum
2616 2185 2669 2235 in
2724 2182 2950 2252 Syriaco
3002 2182 3278 2255 Targhum

1706 2272 1840 2342 (qua
1879 2266 2168 2343 sequuntur
2203 2274 2281 2326 sic
2318 2287 2469 2330 erant
2513 2290 2757 2343 expressa
2799 2283 2855 2327 ut
2898 2286 3021 2343 puto
3060 2274 3281 2346 Syriaca

1704 2366 1760 2419 in
1798 2368 2026 2421 versione
2076 2367 2257 2439 aliqua
2304 2366 2588 2438 Syriaca):
2633 2368 2830 2425 Uxoris
2883 2368 3043 2438 Sem,
3079 2387 3281 2426 nomen

1702 2454 1966 2511 Nahalath
1987 2457 2238 2513 Malmuk.
2265 2458 2461 2515 Uxoris
2475 2461 2643 2515 Cham
2669 2477 2863 2517 nomen
2881 2461 3085 2517 Zedkat
3100 2460 3279 2520 Nabu.

1704 2544 1903 2603 Uxoris
1933 2546 2163 2619 Japheth
2193 2566 2387 2605 nomen
2421 2552 2682 2609 Arathka.

1777 2639 2038 2695 Irulicavit
2068 2641 2249 2711 itaque
2270 2640 2412 2697 Deus
2440 2641 2681 2709 Noacho,
2709 2646 3105 2716 certioremque
3126 2645 3279 2701 illum

1705 2726 1834 2783 fecit
1863 2729 1930 2785 de
1965 2731 2200 2786 adventu
2242 2733 2430 2788 diluvii
2474 2743 2528 2790 et
2574 2736 2641 2790 de
2687 2737 2905 2792 interitu
2943 2747 3278 2793 vastatorum

1708 2816 2067 2889 (impiorum).

1774 2907 2056 2980 Jussitque
2074 2910 2215 2966 Deus
2232 2913 2552 2980 altissimus,
2570 2923 2631 2970 ut
2646 2916 2995 2973 descenderet
3011 2918 3078 2973 de
3098 2929 3282 2973 monte

1708 3011 1917 3069 sancto,
1959 3005 2074 3074 ipse
2101 3016 2154 3059 et
2195 3005 2289 3059 ﬁlii
2325 3007 2444 3076 ejus
2476 3016 2529 3062 et
2560 3024 2762 3064 uxores
2790 3009 3022 3065 ﬁliorum
3053 3010 3193 3079 ejus.
3226 3020 3282 3065 et

1708 3103 1770 3147 ut
1800 3092 2091 3150 fabricaret
2119 3112 2311 3152 navem
2349 3099 2575 3169 (arcam)
2613 3101 2779 3155 trium
2815 3100 3281 3172 contignaticnum

147 3203 237 3259 Rex
264 3206 519 3262 Adrianus
549 3220 621 3261 ex
659 3203 785 3259 ﬁliis
831 3201 999 3256 Edom
1043 3201 1255 3257 obsedit
1300 3201 1604 3269 Baalbach,

1724 3186 1857 3258 Isivex
1872 3187 2284 3259 tabulatorum).

98 3297 290 3368 cepitque
318 3300 457 3353 illam
485 3308 541 3353 et
572 3297 769 3352 occidit
790 3311 981 3349 omnes
1015 3294 1108 3366 qui
1153 3303 1305 3349 erant
1332 3295 1383 3347 in
1424 3293 1511 3347 illa
1539 3308 1603 3347 ex

98 3386 269 3455 ludatis,
292 3401 555 3461 quotquot
580 3397 737 3444 erant
757 3390 823 3444 de
851 3388 1106 3459 prosapia
1140 3387 1379 3455 Davidis,
1415 3387 1469 3441 in
1493 3402 1610 3442 ser-

99 3481 271 3538 vitutem
299 3486 513 3556 redegit.

148 3572 201 3629 Et
234 3574 446 3647 dispersi
491 3583 626 3632 sunt
666 3573 837 3630 Judaei
884 3590 980 3645 per
1022 3573 1331 3627 universam
1374 3580 1608 3634 terram,

100 3669 487 3735 quemadmodum
536 3668 865 3740 praedixerat
921 3666 1064 3720 Deus
1111 3663 1497 3720 excelsuszEt
1527 3664 1613 3716 di-

100 3773 288 3829 spergam
308 3778 390 3815 ros
426 3763 571 3816 inter
601 3769 795 3831 gentes,
825 3768 875 3813 et
916 3756 1184 3828 dissipabo
1212 3772 1298 3811 vos
1342 3757 1480 3810 inter
1511 3772 1610 3827 po-

151 3846 227 3901 ιω.

151 3860 227 3901 ιοε.

98 3860 290 4008 "Atque
326 3942 437 3997 haec
468 3949 623 4005 sunt,
658 3954 780 4008 qua:
811 3938 876 3991 ad
905 3951 1006 3991 nos
1036 3944 1399 4007 pervenerunt
1424 3936 1491 3991 de
1522 3936 1611 3990 hi-

100 4032 227 4085 storia
251 4033 394 4088 istius
422 4033 550 4087 libri
580 4029 1039 4100 praistautissinti.

566 4123 800 4193 Explicit
830 4121 1096 4193 prwfatio.

153 4213 197 4268 ln
219 4218 417 4273 nomine
447 4218 542 4274 Dei
572 4216 780 4283 aeterni,
808 4212 1416 4285 sempiternihmaximi,
1443 4212 1610 4269 mise-

100 4302 302 4373 ricordis,
324 4308 685 4364 miseratoris.

150 4395 403 4471 incipimus
430 4418 559 4458 cum
595 4399 797 4456 auxilio
821 4399 916 4455 Dei
953 4398 1260 4454 describere
1296 4398 1495 4454 librum
1533 4400 1612 4456 leo

99 4490 176 4558 gis,
198 4503 244 4547 et
265 4496 653 4565 expositionem
684 4508 802 4562 ejus
834 4500 995 4563 prout
1021 4502 1387 4560 exposuerunt
1420 4491 1610 4548 Patres

98 4584 191 4649 Puri
210 4584 426 4655 (sancti),
455 4585 628 4651 docti,
653 4583 863 4654 optimi.

152 4722 375 4796 “Gen.t,
399 4728 451 4782 Ι.
527 4727 573 4758 ’⁷
599 4726 734 4782 Gen.
770 4742 843 4792 vr,
880 4725 967 4781 i7.

148 4864 209 4943 (ἶ)
240 4867 523 4943 Heliopolis
555 4870 743 4943 Syriae.
795 4940 828 4943 η
971 4940 981 4943 _
1175 4940 1184 4943 Α
1248 4864 1270 4943 ’ξ
1294 4940 1337 4943 ἡ
1367 4893 1385 4907 -

150 4936 210 5002 (8)
243 4937 293 4992 ln
321 4936 416 4994 ms.
448 4936 639 4997 eodie'e
667 4940 939 4995 Laudiano
962 4940 1133 5010 (num.
1157 4940 1223 4995 Α.
1250 4940 1373 5010 182)
1423 4942 1613 4999 eadem

99 5010 491 5094 exstat‘pr‘aefatio
522 5012 774 5094 ﬁrabicis
802 5012 1015 5075 litteris,
1046 5026 1170 5093 cum
1203 5029 1290 5094 ea,
1325 5028 1488 5094 quam
1515 5014 1613 5069 de-

99 5079 267 5144 scripsi.
298 5079 398 5135 Sed
442 5082 576 5136 nulli
620 5093 748 5137 sunt
788 5083 1159 5136 commentarii
1188 5084 1253 5137 ad
1285 5079 1610 5139 versionem.

100 5138 220 5200 Hunc
244 5150 473 5205 codicem
503 5152 688 5207 laudat
715 5152 1020 5207 Poknckius
1064 5153 1115 5205 in
1165 5167 1261 5207 sua
1291 5153 1613 5208 Prmfatione

96 5212 145 5264 nd
167 5218 413 5275 variantes
438 5223 696 5277 lectiones
720 5222 934 5277 Arabici
964 5223 1308 5277 Peutateuchi
1335 5225 1610 5287 Saadiani,

97 5289 224 5363 tomo-
248 5299 393 5345 sexto
418 5290 566 5363 Bibl.
613 5291 893 5363 Polyglott.
939 5292 1195 5356 Londin.,
1239 5302 1401 5362 atque
1444 5297 1608 5349 etiam
1653 5310 1656 5314 λ

98 5356 377 5432 mentionem
412 5361 542 5418 facit
569 5356 726 5417 istius
745 5356 1116 5418 successionis
1163 5356 1476 5432 pontiﬁcum
1512 5380 1609 5420 us-

98 5434 177 5503 que
201 5428 494 5503 ad‘Annam
530 5445 583 5487 et
622 5433 903 5501 Caipham.
939 5432 1014 5487 lbi
1048 5428 1265 5503 quoque
1297 5436 1479 5488 laudat
1512 5450 1612 5489 no-

96 5499 226 5548 suam
254 5496 507 5555 Catenam
538 5504 635 5557 sub
667 5496 882 5557 nomine
913 5496 1145 5557 duorum
1178 5496 1611 5558 Connuentario-

96 5567 284 5646 {unt-in
336 5567 760 5628 Pentateuchum
825 5575 1018 5646 litteris
1080 5572 1319 5646 Syriacis
1376 5575 1609 5646 dialecto

94 5627 462 5764 iAnl‘aliica.5etc.,
506 5657 736 5711 quorum
783 5627 1046 5699 versionis
1088 5627 1359 5713 specimen
1386 5627 1611 5699 exhibet

161 5718 292 5760 num.
355 5748 368 5764 .

111 5715 136 5751 tl
161 5718 292 5760 num.
316 5715 368 5765 5.

125 5773 221 5854 ,(9).
245 5774 456 5835 Patrum
500 5784 737 5854 nomina,
771 5799 837 5837 ex
883 5784 1083 5854 quibus
1130 5783 1484 5838 concinnatus
1527 5790 1612 5839 est

93 5838 163 5897 hic
187 5838 603 5908 Commentarius
643 5838 757 5910 sive
794 5838 1003 5911 Catena
1044 5838 1099 5909 in
1147 5854 1608 5920 Pentateuchurn,

1780 3274 2125 3347 Contignatio
2157 3277 2382 3333 inferior
2412 3288 2530 3334 erat
2560 3295 2662 3350 pro
2692 3280 2886 3338 bestiis
2915 3280 3090 3355 (feris)
3122 3299 3282 3355 rapa-

1708 3367 1885 3433 cibus,
1919 3370 2242 3440 agrestibus,
2283 3374 2483 3428 noxiis.
2526 3373 2668 3428 lnter
2708 3375 2830 3431 illas
2871 3385 3029 3431 erant
3069 3385 3280 3433 asseres

1709 3458 1826 3514 sive
1854 3461 2035 3516 trabes
2069 3462 2277 3532 ligneae,
2309 3479 2432 3534 qua:
2454 3480 2548 3520 eas
2579 3466 2646 3520 ab
2675 3466 2908 3523 invicem
2947 3479 3278 3538 separarent,

1711 3552 2005 3621 quominus
2024 3563 2211 3608 mutuo
2226 3554 2435 3610 coirent
2456 3555 2588 3627 (10).
2608 3556 2957 3628 Contignatio
2976 3561 3153 3615 media
3168 3571 3278 3619 erat

1709 3657 1810 3712 pro
1833 3644 2022 3698 avibus
2044 3645 2319 3716 variisque
2347 3651 2878 3719 earum,generibus.

1780 3733 2132 3806 Ceutignatio
2179 3737 2415 3809 denique
2458 3741 2707 3810 superior
2749 3751 2868 3797 erat
2913 3759 3013 3814 pro
3058 3742 3281 3800 Noacho

1710 3825 1853 3896 ipso,
1891 3826 2123 3898 ﬁliisque
2154 3828 2295 3899 ejus,
2327 3845 2426 3900 pro
2455 3833 2684 3904 conjuge
2706 3833 2901 3904 ipsius,
2929 3848 2983 3892 et
3016 3839 3280 3894 uxoribus

1711 3930 1962 3975 natorum
1991 3922 2132 3991 ejus.

1782 4012 1933 4069 Fet'll
1957 4014 2122 4069 etiam
2152 4015 2308 4071 Noab
2338 4016 2536 4073 05tium
2568 4017 2692 4072 navi
2716 4033 2748 4074 a
2782 4018 2951 4076 latere
2975 4021 3246 4077 orientali.

1779 4105 2089 4162 Fabricavit
2118 4110 2282 4164 etiam
2320 4110 2623 4166 conditoria
2651 4127 2807 4184 aqua:
2829 4122 2883 4169 et
2907 4119 3279 4187 promptuaria

1711 4199 1979 4258 ciborum.

1780 4311 2077 4385 Postquam
2112 4314 2277 4387 igitur
2300 4317 2558 4388 imposuit
2581 4318 2740 4374 ﬁnem
2768 4319 3099 4377 fabricandae
3132 4320 3275 4383 navi,

1711 4403 1990 4477 ingressus
2017 4415 2102 4463 est
2126 4407 2279 4463 Noah
2326 4426 2448 4465 cum
2490 4412 2616 4467 ﬁliis
2656 4413 2771 4469 suis
2820 4413 2977 4480 Sem,
3021 4413 3189 4470 Cham
3228 4426 3281 4470 et

1711 4495 1943 4566 Japheth
1973 4497 2027 4552 in
2057 4514 2347 4554 cavernam
2376 4501 2779 4559 thesaurorum.

1638 4570 1684 4625 D
1781 4589 1845 4643 Et
1876 4590 2095 4660 quidem
2131 4594 2307 4663 primo
2344 4594 2492 4649 aditu
2535 4594 2765 4650 feliciter
2803 4596 3125 4652 invenerunt
3160 4615 3283 4653 cur-

1717 4885 1845 4932 sunt
1870 4877 2299 4950 barcprrecipua,
2328 4893 2451 4947 quae
2482 4880 2569 4950 hic
2594 4895 2883 4950 apponam,
2911 4890 3069 4950 prout
3092 4896 3285 4936 occur.

1718 4956 1847 5021 [unt
1880 4948 2207 5021 indeeursu
2257 4951 2459 5021 operis.
2504 4948 2717 5004 Primus
2760 4963 2841 5004 est
2883 4948 2998 5005 Mar
3048 4951 3281 5021 Ephrem

1718 5014 1910 5089 Syrus,
1931 5018 2124 5071 deinde
2140 5014 2384 5089 Basilius
2405 5021 2645 5089 episcop.
2668 5021 2950 5085 Caesareae,
2980 5014 3107 5075 Mar'
3123 5020 3284 5075 Jaco-

1710 5086 1818 5160 bus
1852 5086 2243 5160 liohaviensis,
2265 5086 2352 5142 Jo.
2380 5086 2823 5160 Chrysostomus.
2855 5089 3134 5160 Origenes,
3166 5091 3283 5145 Mar

1714 5155 1971 5239 .Jacobusn
1995 5155 2578 5239 epise;.Serugiensi_s,
2610 5155 3283 5239 Eipiphan‘i‘usirpisconus

1715 5226 2463 5302 insulae_Cypri,_])ionysius,
2494 5228 2602 5302 Ibn_
2625 5226 2816 5302 Selib._
2846 5226 3103 5302 Cyrinus.
3132 5226 3280 5302 uter-

1711 5311 1817 5369 que
1845 5298 2085 5366 episcop.
2118 5296 2475 5369 Hierosolym.
2501 5308 2554 5352 et
2578 5298 2753 5361 Alex.,
2782 5299 2873 5353 lhn
2893 5296 3111 5359 ’Batrik,
3153 5299 3284 5367 Ηιρ-

1712 5368 2081 5439 polytus,_qui
2117 5370 2319 5439 ubique
2362 5368 2664 5438 appellatur
2706 5369 3005 5439 Expositnr‘
3041 5384 3171 5439 sive
3202 5370 3287 5421 In-

1714 5434 1921 5506 ierpres
1969 5434 2243 5508 Targum,
2291 5434 2618 5494 Phiiuxenes
2669 5434 2946 5509 episcop.,
2984 5434 3286 5509 Evagrius,

1710 5509 2043 5564 Athanasius
2085 5507 2389 5579 patriarcha
2422 5507 2977 5573 Alexandrinum—etc.
3027 5507 3284 5579 lltppolyc

1714 5586 1802 5633 tus
1836 5588 2019 5633 noster
2046 5576 2265 5634 circiter
2298 5579 2368 5635 40
2394 5581 2511 5635 loca
2542 5589 2938 5635 commentatus
2963 5589 3045 5633 est
3098 5576 3149 5630 in
3180 5576 3285 5631 hoc

1713 5663 1895 5718 opere.
1934 5649 2149 5704 Primus
2175 5650 2347 5712 locus,
2381 5652 2472 5704 ubi
2503 5652 2743 5706 occurrit
2768 5665 2962 5705 nomen
2986 5645 3281 5718 Hippolyti,

1711 5732 1795 5774 est
1827 5718 1878 5770 in
1907 5718 2041 5775 Gen.
2074 5734 2193 5789 cap.
2220 5736 2290 5783 γι,
2320 5719 2403 5783 l7,
2435 5729 2493 5773 ut
2523 5722 2788 5789 sequitur.

1785 5790 1898 5860 (lt!)
1937 5788 2153 5846 Confer
2174 5790 2330 5845 Pirke
2361 5789 2427 5844 R.
2458 5788 2664 5845 Eliezct'
2696 5806 2814 5859 cap.
2845 5788 2937 5843 ‘33.
