3830 7152
631 318 734 374 τΟἸ

1503 318 1558 372 8.
1601 317 1956 374 HlPPOLY’l‘l
1990 317 2140 372 OPP.
2182 316 2361 371 PARS
2398 317 2441 372 Ι.
2472 347 2541 357 -
2569 317 2982 374 EXEGETICA.

3729 330 3806 388 708

629 455 766 510 pora
815 439 1066 503 Patrum.
1108 441 1337 503 Adami,
1371 439 1520 496 Sethi
1544 482 1560 507 ,
1610 441 1848 509 Enoshi,
1899 440 2193 505 Kainanis,
2224 444 2270 499 Δ
2296 439 2440 509 pisse
2466 438 2710 506 Noacho,
2737 449 2801 494 ut
2827 439 3016 496 ordine
3061 439 3380 510 disponeret
3418 439 3610 498 bestias
3650 445 3805 507 feroces

629 531 1017 598 Mahalaliclis,
1058 530 1262 597 Jaredi,
1296 532 1713 597 Mathusalachi,
1757 532 2034 588 Lamechi.
2066 532 2202 588 Octo

631 623 721 678 illa
751 639 980 694 corpora
1014 634 1168 680 erant
1197 624 1250 678 in
1283 625 1592 680 conditorio
1625 625 2026 686 thesaurorum,
2053 625 2202 679 vide-

628 714 758 771 licet
786 715 1000 781 Adami,
1039 715 1212 778 Sethi,
1245 715 1471 779 Enoshi,
1506 714 1787 783 Kaiuanis,
1826 715 2199 784 Mabalalielis,

625 803 832 870 Jaredi,
859 804 1276 871 Mathusalachi,
1303 804 1580 859 Lamechi.

645 955 650 958 .
698 897 850 953 Tulit
901 909 1080 954 autem
1124 897 1276 953 Noah
1325 911 1524 966 corpus
1567 895 1784 950 Adami.
1830 895 2202 966 Tulentntque

627 993 723 1047 lilii
756 993 876 1062 ejus
907 1007 1151 1046 munera.
1183 989 1440 1044 Portabat
1469 987 1592 1043 Scm
1623 1004 1840 1053 aurum,
1866 988 2036 1043 Cbam
2062 1006 2203 1061 myr-

626 1086 807 1150 rham,
833 1082 1062 1154 Japheth
1101 1083 1248 1137 thus.
1285 1081 1489 1137 Deinde
1522 1081 1724 1150 egressi
1751 1096 1783 1135 e
1812 1096 2042 1136 caverna
2084 1082 2202 1134 the-

626 1191 943 1234 saurorum.
969 1174 1366 1230 transtulerunt
1407 1189 1636 1229 munera
1676 1183 1731 1228 et
1767 1187 1964 1245 corpus
2005 1173 2198 1229 Adami

626 1268 680 1323 in
711 1278 947 1324 montem
973 1277 1238 1323 sanctum.

699 1362 946 1430 Cumque
976 1358 1412 1428 sedissentjuxta
1442 1373 1640 1428 corpus
1664 1357 1854 1412 Adami
1877 1373 1943 1414 ex
1969 1358 2198 1414 adverso

626 1454 886 1522 paradisi,
914 1461 1201 1524 coeperunt
1238 1453 1517 1508 lamentari
1553 1461 1608 1508 et
1645 1451 1775 1508 ﬂere
1797 1452 2064 1522 jacturam
2100 1469 2198 1524 pa-

626 1545 820 1601 radisi.

697 1637 836 1691 Tum
869 1636 1260 1692 descendentes
1301 1636 1365 1690 de
1403 1644 1588 1690 monte
1625 1644 1817 1692 sancto
1862 1635 2200 1706 sublatisque

625 1729 800 1782 oculis
853 1743 1040 1782 versus
1087 1727 1398 1796 paradisum
1448 1723 1884 1793 redintegrarunt
1924 1723 2107 1780 ﬂetum
2145 1731 2200 1778 et

623 1818 911 1887 ejulatum,
943 1827 1205 1871 aeternum
1232 1815 1350 1868 vale
1381 1813 1637 1868 dixerunt
1683 1813 1768 1867 his
1807 1813 2023 1868 verbis:
2066 1810 2200 1867 Vale

625 1910 752 1980 (pax
778 1909 915 1976 tibi),
933 1907 1229 1977 oparadise
1251 1905 1366 1960 Dei.
1389 1903 1537 1969 Vale,
1566 1919 1599 1960 o
1622 1903 1956 1960 domicilium
1981 1904 2199 1976 religio-

623 2003 712 2057 nis
727 2009 781 2056 et
800 2001 1074 2071 puritatis.
1093 1998 1245 2064 Vale,
1261 2013 1295 2054 ο
1316 1998 1470 2054 sedes
1486 1997 1774 2068 voluptatis
1790 2007 1842 2052 et
1858 1997 2194 2053 deliciarum.

698 2092 840 2147 Tum
873 2091 1110 2160 amplexi
1139 2099 1268 2146 sunt
1297 2089 1503 2159 lapides
1533 2089 1736 2145 montis
1759 2089 1933 2145 sancti
1959 2099 2013 2144 et
2041 2089 2199 2143 arbo-

622 2199 732 2248 res,
760 2184 1134 2252 llevcruutquc
1171 2192 1225 2238 et
1267 2183 1563 2238 dixerunt:
1596 2180 1748 2246 Vale,
1788 2197 1822 2238 ο
1860 2182 2195 2237 domicilium

623 2276 917 2330 bonorum.
957 2273 1104 2338 Vale,
1136 2289 1169 2329 ο
1200 2275 1412 2329 mansio
1435 2290 1726 2345 corporum
1752 2282 2089 2330 sanctorum.

695 2365 900 2421 Deinde
950 2366 1130 2421 triduo
1181 2367 1478 2436 completo,
1514 2365 1794 2422 descendit
1835 2363 2028 2430 Noah,
2070 2379 2194 2420 cum

622 2455 752 2511 filiis
789 2457 905 2511 suis
939 2467 992 2511 et
1035 2457 1297 2513 uxoribus
1340 2469 1592 2514 natorum
1639 2474 1864 2515 suorum
1905 2459 1974 2515 de
2013 2468 2198 2514 monte

623 2557 815 2602 sancto
847 2547 912 2601 ad
958 2547 1170 2603 radices
1211 2548 1414 2604 montis
1455 2548 1629 2604 sancti
1675 2548 1743 2604 ad
1786 2548 1966 2604 locum
2014 2548 2193 2604 navis.

624 2639 754 2694 Erat
790 2641 937 2695 enim
965 2641 1139 2712 (arca)
1165 2640 1268 2694 sub
1297 2639 1661 2710 prominentia
1703 2635 1951 2711 (l‘abri)'
1991 2641 2196 2695 montis

621 2733 821 2789 sancti.

693 2825 761 2879 Et
805 2826 1084 2895 ingressus
1126 2831 1210 2879 est
1255 2819 1410 2878 Noab
1461 2824 1518 2879 in
1563 2838 1788 2890 navem;
1837 2822 2195 2893 deposuitque

620 2931 821 2985 corpus
873 2914 1069 2969 Adami
1113 2924 1169 2969 et
1208 2929 1441 2970 munera
1481 2915 1537 2969 in
1586 2914 1766 2969 medio
1815 2915 1972 2969 navis
2031 2930 2194 2984 super

622 3007 824 3061 feretro
862 3007 1064 3077 ligneo,
1105 3008 1252 3078 quod
1296 3007 1609 3080 recipiendo
1652 3008 1868 3078 corpori
1923 3023 2193 3079 praepara-

619 3105 794 3153 verat.

689 3188 1094 3258 Admonuitque
1147 3189 1288 3244 Deus
1329 3188 1612 3246 Noachum
1653 3191 1840 3247 dicens
1878 3209 1892 3246 :
1936 3190 2048 3247 Fac
2094 3191 2190 3246 tibi

619 3283 948 3353 crepitacula
981 3298 1010 3337 e
1036 3285 1182 3357 ligno
1222 3285 1352 3342 buxi
1385 3286 1487 3356 (vel
1513 3287 1800 3357 cupressi).
1829 3296 2064 3346 nam
2094 3301 2193 3341 au-

621 3382 727 3428 tem
758 3383 840 3427 est
873 3373 1079 3444 lignum
1122 3376 1327 3430 dictum
1361 3374 1666 3447 Sagh,i.e.
1703 3377 1954 3446 platanus
1984 3375 2189 3432 Indica.

693 3463 923 3519 Fabrica
954 3464 1118 3519 etiam
1151 3466 1458 3521 malleolum
1489 3467 1605 3536 ejus
1628 3465 2092 3540 (tintinnabulum)
2125 3483 2192 3524 ex

619 3557 812 3612 eodem
863 3557 1098 3628 (ligno).
1151 3556 1456 3629 Longitudo
1494 3569 1674 3615 autem
1724 3562 2041 3631 crepitaculi
2088 3564 2194 3618 erit

620 3649 788 3703 trium
827 3649 1138 3705 cubitorum
1171 3650 1502 3722 integrorum
1535 3662 1590 3709 et
1620 3653 1851 3710 latitudo
1881 3655 2000 3727 ejus
2027 3657 2192 3714 unius

618 3740 788 3795 cubiti
824 3756 948 3796 eum
982 3742 1229 3798 dimidio.

692 3831 759 3887 Et
788 3835 1042 3904 praecepit
1083 3837 1129 3890 ei
1170 3834 1334 3899 Deus,
1367 3845 1427 3892 ut
1458 3837 1698 3908 pulsaret
1729 3841 2057 3912 crepitacula
2097 3857 2193 3912 per

618 3923 865 3996 singulos
908 3927 1024 3982 dies
1066 3929 1243 3986 tribus
1285 3930 1515 3986 vicibus.
1558 3929 1817 3989 Videlicet
1859 3935 2031 4004 prima
2076 3937 2192 3990 vice

619 4031 838 4072 summo
871 4017 1145 4087 diluculo;
1186 4021 1422 4076 secunda
1453 4023 1592 4088 vice,
1634 4022 1689 4078 in
1733 4024 1914 4082 medio
1957 4027 2094 4091 diei;
2137 4035 2193 4082 et

615 4109 776 4163 tertia
814 4109 933 4164 vice
964 4111 1030 4164 ad
1061 4127 1313 4167 occasum
1343 4113 1495 4168 solis.

687 4199 898 4254 Accidit
925 4210 1126 4268 autem,
1156 4203 1339 4258 statim
1381 4212 1545 4273 atque
1582 4205 1853 4275 pulsassct
1883 4205 2037 4264 Noah
2073 4225 2192 4265 cre-

615 4293 876 4364 pitacula,
906 4301 967 4348 ut
999 4294 1246 4364 protinus
1277 4307 1626 4352 accurrerent
1654 4298 1747 4352 lilii
1793 4297 1978 4355 Cainis
2011 4308 2065 4356 et
2091 4302 2189 4357 lilii

616 4381 831 4439 Vahimi
865 4385 930 4439 ad
959 4385 1170 4454 ipsum;
1202 4402 1340 4457 quos
1362 4387 1644 4444 admonuit
1670 4398 1724 4444 et
1748 4391 2033 4461 perterruit
2058 4407 2188 4447 nar-

614 4475 793 4530 rando
834 4476 902 4531 de
932 4476 1166 4533 adventu
1199 4479 1450 4548 proximo
1492 4480 1712 4549 diluvii,
1761 4489 1816 4538 et
1851 4483 1918 4539 de
1964 4484 2184 4541 interitu

611 4566 838 4637 jamjam
867 4568 1155 4626 festinante
1181 4581 1235 4627 et
1263 4571 1597 4626 imminente.

685 4659 762 4715 Ea
790 4676 920 4715 vero
948 4661 1052 4716 fuit
1089 4663 1456 4720 misericordia
1488 4664 1585 4720 Dei
1617 4681 1745 4738 erga
1785 4667 1926 4733 illos,
1961 4679 2024 4724 ut
2049 4685 2183 4726 con-

615 4760 958 4809 verterentur
985 4764 1040 4810 et
1063 4756 1462 4826 resipiscerent;
1492 4761 1587 4813 sed
1617 4773 1726 4814 non
1765 4774 1971 4815 morem
2002 4776 2185 4832 gesse-

613 4854 746 4899 runt
777 4845 868 4900 lilii
896 4847 1082 4904 Cainis
1113 4846 1356 4914 Noacho,
1397 4849 1454 4902 in
1500 4864 1567 4905 eo
1599 4851 1745 4922 quod
1782 4852 1889 4908 illis
1919 4854 2183 4924 praedica-

613 4934 726 4990 bat.
773 4934 840 4991 Et
881 4938 1231 5008 congregavit
1268 4935 1421 4998 Noah
1463 4953 1531 4994 ex
1571 4940 1827 4996 omnibus
1869 4941 2182 4998 volucribus

612 5022 794 5078 omnis
823 5027 1036 5095 generis
1067 5027 1218 5096 paria
1259 5043 1439 5084 mares
1477 5037 1532 5083 et
1575 5029 1847 5098 femellas;
1893 5042 2057 5103 atque
2107 5033 2182 5089 ita

609 5114 781 5170 etiam
815 5131 881 5171 cx
912 5117 1166 5174 omnibus
1200 5118 1409 5186 bestiis,
1451 5129 1563 5176 tam
1604 5123 1861 5181 cicuratis
1894 5140 2058 5198 quam
2088 5127 2184 5183 sil-

607 5206 908 5274 ve8tribus,
935 5209 1086 5278 paria
1117 5217 1171 5264 et
1199 5208 1375 5279 paria.

1207 5323 1452 5382 SECTIO
1497 5327 1588 5382 IV.

1036 5415 1119 5472 Ad
1154 5415 1338 5474 Cenes.
1365 5435 1479 5489 cap.
1508 5437 1604 5486 vn,
1633 5439 1680 5478 υ.
1709 5423 1762 5478 6.

683 5506 830 5563 Dixit
857 5507 1177 5582 Hippolytus
1203 5511 1479 5582 expositor
1507 5511 1676 5585 Syrus
1711 5513 1949 5593 Targum
1977 5539 1990 5574 :
2029 5515 2182 5573 Inve-

613 5601 797 5658 nimus
824 5602 880 5658 in
910 5604 1202 5675 exemplari
1238 5603 1461 5677 antiquo
1489 5603 1736 5679 Hebraeo,
1767 5607 1938 5666 Deum
1978 5624 2180 5682 praice-

685 5745 730 5776 "
765 5743 900 5803 Gen.
933 5763 972 5817 ι,
1012 5747 1067 5805 9.

2301 532 2359 586 in
2391 533 2796 604 contignatione
2828 534 2942 590 sive
2965 533 3208 589 tabulato
3236 535 3511 600 inferiore,
3532 547 3581 591 et
3603 538 3808 600 divideret

2298 639 2481 680 mares
2510 642 2541 680 a
2574 625 2823 690 lemellis,
2849 627 3126 682 asseribus
3151 627 3357 697 ligneis
3384 629 3708 699 interpositis,

2371 714 2548 786 Atque
2593 717 2668 771 ita
2709 717 3125 774 fecit'omnibus
3155 719 3354 774 bestiis
3381 719 3548 792 (feris)
3573 722 3808 796 jumentis;

2299 819 2354 862 et
2383 808 2546 863 etiam
2577 809 2892 866 volucribus
2914 811 2967 864 in
2993 810 3240 865 tabulato
3270 811 3473 866 medio.

2369 896 2544 953 Jussit
2578 910 2757 954 autem
2793 899 2980 972 (Deus)
3012 902 3085 956 ita
3115 903 3576 972 separarimares
3597 918 3624 956 a
3647 905 3809 964 feminis

2300 984 2559 1043 decentia:
2582 999 2637 1044 et
2667 989 2964 1048 honestatis
2987 1007 3174 1058 causa,
3207 1007 3281 1048 ne
3315 993 3524 1049 scilicet
3556 1000 3808 1055 commisce-

2299 1090 2488 1132 rentur
2521 1079 2840 1133 adinvicem.

2375 1168 2518 1223 Dixit
2546 1185 2707 1240 porro
2736 1171 2876 1226 Deus
2899 1170 3030 1226 Mosi
3056 1189 3070 1226 :
3098 1169 3339 1227 Provide
3386 1173 3585 1228 cibaria
3621 1173 3703 1228 tibi
3742 1176 3808 1245 ipsi

2299 1269 2354 1315 et
2382 1262 2523 1319 natis
2548 1262 2676 1316 tuis.
2702 1261 2768 1315 Et
2795 1263 2902 1317 sint
2925 1278 2990 1317 cx
3017 1264 3198 1317 tritico
3222 1264 3444 1327 molito,
3468 1265 3619 1334 pisto,
3642 1268 3808 1321 subat-to

2299 1369 2462 1424 aqua,
2491 1353 2785 1407 exsiccata.
2828 1351 2893 1405 Et
2922 1351 3087 1422 jussit
3127 1352 3277 1407 illico
3303 1351 3491 1406 Noach
3521 1355 3712 1424 conjugi
3737 1374 3808 1413 sua

2298 1453 2353 1498 et
2383 1443 2646 1497 uxoribus
2681 1442 2916 1497 ﬁliorum
2950 1458 3201 1510 suorum,
3242 1452 3307 1496 ut
3345 1453 3561 1498 strenue
3597 1445 3810 1500 incumin:-

2297 1545 2419 1590 rent
2459 1536 2757 1612 subigendo
2803 1551 3041 1590 massam
3085 1545 3140 1590 et
3180 1535 3552 1590 reconderem
3589 1537 3637 1590 in
3681 1535 3806 1593 furno.

2301 1628 2640 1697 Subegerunt
2695 1643 2824 1698 ergo
2882 1644 3155 1693 massam,
3206 1637 3265 1682 ct
3326 1628 3644 1698 piusuerunt
3692 1630 3811 1686 ferme

2299 1731 2562 1791 quantum
2614 1720 2746 1790 ipsis
2789 1719 3085 1785 sufﬁceret,
3131 1720 3274 1776 adeo
3321 1729 3382 1775 ut
3424 1737 3530 1775 non
3575 1735 3809 1776 remanent

2230 1797 2272 1857 Β
2300 1812 2404 1866 nisi
2433 1827 2744 1881 perparum.

2369 1905 2435 1960 Et
2468 1903 2752 1958 admonuit
2776 1900 2918 1956 Deus
2946 1900 3227 1957 Noachum
3266 1902 3462 1958 dicens
3494 1903 3541 1957 ei
3568 1921 3582 1957 :
3614 1901 3809 1973 Quisquis

2297 1997 2703 2052 annuntiavcrit
2731 1995 2826 2050 tibi
2857 1993 2925 2050 de
2947 1994 3178 2050 adventu
3207 1995 3402 2049 diluvii
3433 1995 3648 2065 primus,
3671 1998 3807 2060 perdes

2299 2092 2448 2148 illum
2477 2094 2596 2165 ipso
2629 2100 2923 2145 momento.
2958 2087 3162 2142 interea
3186 2103 3325 2142 vero
3351 2103 3494 2142 uxor
3517 2088 3687 2142 Chami
3709 2099 3809 2140 asta-

2298 2183 2389 2236 bat
2436 2183 2749 2238 immissura
2791 2196 2986 2251 panem
3034 2183 3274 2247 ingentis
3311 2181 3478 2235 molis
3525 2179 3576 2232 in
3622 2178 3804 2232 furnum.

2297 2261 2364 2328 Et
2396 2275 2577 2330 subito
2611 2273 2868 2344 profluxit
2901 2288 3040 2341 aqua
3068 2289 3096 2328 c
3128 2272 3293 2328 furno
3330 2273 3484 2341 juxta
3510 2271 3706 2326 verbum
3732 2270 3804 2322 Do-

2296 2367 2451 2434 mini,
2473 2376 2525 2422 et
2551 2365 2872 2437 penetravit,
2895 2363 3143 2419 dissolvit
3172 2365 3460 2434 scaturigo
3482 2378 3625 2432 aqua:
3646 2379 3801 2430 parum.

2293 2459 2634 2514 Exclamavit
2667 2459 2852 2530 itaque
2885 2474 3021 2513 uxor
3059 2457 3230 2513 Cham
3269 2457 3342 2512 ad
3380 2456 3650 2510 Noachum
3672 2457 3803 2508 dicens

2294 2553 2345 2608 ei
2363 2571 2377 2607 :
2393 2551 2436 2607 Ο
2457 2552 2694 2618 domine,
2713 2557 2852 2610 venit
2869 2552 3090 2608 verbum
3110 2549 3229 2617 Dei,
3251 2551 3397 2604 venit
3429 2548 3559 2603 illud
3586 2550 3700 2618 quod
3720 2566 3800 2615 pro-

2295 2645 2440 2698 misit
2464 2645 2752 2716 (praedixit)
2771 2644 2930 2701 Deus.
2954 2643 3262 2714 Exsequere
3290 2643 3462 2712 igitur
3490 2639 3539 2695 id
3567 2641 3688 2709 quod
3709 2657 3802 2708 pra-

2295 2736 2437 2807 cepit
2463 2735 2746 2792 Dominus.

2365 2825 2613 2897 Cumque
2636 2826 2932 2881 audivisset
2948 2824 3099 2880 Noah
3125 2825 3292 2880 verba
3317 2823 3510 2878 uxoris
3525 2821 3692 2886 Cham,
3709 2822 3799 2872 dixit

2295 2919 2344 2974 ei
2373 2938 2388 2974 :
2424 2917 2543 2974 Jam
2572 2934 2702 2989 ergo
2726 2919 2874 2974 venit
2907 2917 3199 2973 diluvium?
3226 2915 3384 2971 Dixit
3410 2916 3461 2970 ei
3491 2930 3619 2969 uxor
3648 2913 3796 2966 Citam:

2295 3010 2375 3066 Tu
2409 3011 2595 3066 dixisti
2626 3011 2749 3066 hoc.

2219 3135 2262 3193 ο
2362 3103 2659 3158 Admonuit
2685 3111 2862 3158 autem
2893 3101 3154 3158 Dominus
3179 3101 3483 3172 derepente
3515 3097 3678 3152 dicens
3700 3092 3797 3147 Nc:-

2293 3196 2419 3261 cho,
2452 3189 2538 3250 Ne
2583 3196 2781 3266 perdas
2824 3210 3048 3250 uxorem
3079 3193 3308 3258 Chami;
3361 3207 3488 3246 nam
3522 3189 3585 3242 ab
3626 3203 3702 3241 ore
3735 3197 3798 3237 tuo

2293 3287 2457 3357 cmpit
2484 3285 2713 3354 perditio
2747 3284 2979 3356 (primus
3009 3283 3192 3340 dixisti
3221 3301 3235 3338 :
3269 3281 3441 3338 Venit
3460 3279 3724 3347 diluvium).
3744 3276 3796 3328 ,Μ

2297 3393 2486 3433 vocem
2532 3375 2738 3432 Noachi
2769 3377 2920 3430 venit
2961 3376 3242 3440 diluvium,
3280 3385 3338 3430 et
3382 3368 3794 3433 subitoscaturigo

2292 3467 2542 3525 dissolvit
2565 3468 2715 3523 illum
2744 3483 2958 3539 panem.

2363 3559 2432 3614 Et
2468 3569 2667 3630 aperta:
2705 3569 2832 3616 sunt
2879 3567 3176 3630 cataractae
3203 3559 3352 3625 caali,
3395 3564 3450 3612 et
3487 3566 3630 3626 aquae
3657 3549 3792 3618 pluvi:

2292 3652 2614 3724 ingruerunt
2646 3669 2809 3724 super
2833 3662 3054 3708 terram.
3084 3650 3290 3722 Nempe
3323 3652 3417 3706 illa
3443 3665 3562 3713 vox,
3584 3660 3686 3716 qua:
3707 3642 3791 3694 οιίιιι

2292 3743 2506 3799 dixerat
2531 3762 2544 3798 :
2582 3743 2973 3816 Congregentur
2993 3761 3142 3814 aqua:
3164 3744 3217 3798 in
3245 3744 3425 3798 locum
3445 3756 3597 3796 unum
3615 3748 3656 3792 et
3680 3749 3789 3800 αρρα·

2291 3845 2404 3890 reat
2459 3846 2600 3892 terra
2625 3836 2692 3905 ⁸⁸,
2721 3838 2908 3894 eadem
2944 3853 3050 3892 vox
3103 3837 3383 3908 permisit,
3427 3844 3487 3889 ut
3527 3839 3690 3902 sponte
3725 3836 3789 3876 sua

2293 3940 2606 4000 erumperet
2631 3932 2906 4003 scaturigo
2941 3947 3204 4003 aquarum
3256 3942 3312 3986 et
3343 3931 3521 3986 ﬂuxus
3545 3924 3732 3981 marium
3753 3924 3788 3969 et

2289 4023 2478 4080 eduxit
2505 4038 2696 4094 aquas.

2361 4117 2617 4190 Rec0gita
2646 4116 2777 4188 quid
2805 4115 3001 4172 dixerit
3031 4114 3172 4172 Deus
3197 4116 3264 4172 de
3289 4115 3493 4172 mundo
3518 4129 3532 4166 :
3559 4104 3786 4163 Humilien-

2290 4217 2382 4263 tur
2413 4210 2596 4264 omnia
2629 4209 2840 4264 excelsa
2881 4208 3023 4279 ejus,
3053 4218 3107 4264 et
3136 4208 3421 4263 humiliata
3447 4213 3598 4268 sunt;
3633 4207 3676 4254 et
3708 4193 3784 4248 ele-

2287 4314 2486 4360 ventur
2518 4301 2746 4358 humilia
2771 4301 2891 4372 ejus
2915 4301 2982 4356 de
3007 4299 3292 4371 profundis
3323 4299 3513 4370 ipsius.

2359 4395 2426 4451 Et
2476 4397 2616 4452 facta
2653 4393 2758 4449 fuit
2805 4402 2949 4448 terra
2990 4407 3165 4447 vacua
3207 4393 3421 4462 privata
3467 4383 3664 4442 entibus
3698 4375 3779 4432 suis

2217 4482 2263 4540 D
2291 4488 2746 4560 quemadmodum
2770 4496 2886 4541 erat
2908 4483 3081 4539 initio.

2358 4581 2424 4636 Et
2453 4581 2670 4652 quidem
2694 4579 2877 4649 pluvia
2907 4577 3268 4634 descendebat
3296 4578 3594 4638 desursum,
3617 4574 3662 4622 et
3683 4574 3782 4615 tetra

2287 4671 2607 4742 erumpebat
2642 4671 2919 4726 deorsum.
2955 4669 3023 4724 Et
3051 4671 3215 4740 periit
3258 4664 3576 4740 compositio
3617 4653 3778 4713 mundi.

2287 4765 2554 4835 abruptus
2583 4762 2700 4828 ,fuit
2739 4761 2874 4817 ordo
2916 4761 3006 4816 ille
3050 4761 3382 4831 primitivus.
3429 4757 3694 4819 Factusque
3724 4748 3782 4793 εει

2288 4833 2548 4920 mundus,
2574 4852 2752 4924 qualis
2790 4860 2904 4906 erat
2947 4851 3017 4905 ab
3059 4851 3214 4905 initio
3246 4851 3521 4906 desolatus
3561 4843 3620 4897 ab
3652 4835 3781 4904 aquis-

2288 4963 2412 5018 quae
2459 4946 2611 5000 illum
2655 4941 3076 4999 inundaverunt.
3122 4939 3309 5011 Neque
3344 4942 3578 4996 relictum
3617 4927 3699 4984 fuit
3735 4935 3780 4972 ct

2290 5040 2410 5110 ejus
2436 5037 2654 5094 entibus
2685 5036 2988 5106 quidquam
3013 5033 3068 5087 in
3105 5033 3412 5105 integritate
3441 5045 3554 5086 sua.
3713 5103 3726 5111 _
3754 5101 3761 5111 ι

2361 5103 2721 5186 Pessumdata
2751 5103 2858 5182 fuit
2881 5135 3152 5184 structura
3183 5103 3352 5198 prior,
3381 5135 3431 5182 ct
3456 5112 3680 5178 deformis
3709 5103 3780 5158 fuit

2292 5233 2436 5278 terra
2467 5219 2631 5275 fluctu
2662 5234 2930 5289 aquarum
2977 5217 3343 5289 ingruentium
3390 5227 3543 5285 super
3579 5207 3713 5297 illautt
3745 5203 3781 5242 ιι

2295 5311 2671 5384 magnitudine
2699 5309 3116 5365 inundationum
3141 5308 3281 5381 ejus,
3306 5319 3360 5365 et
3383 5297 3685 5364 multitudine
3705 5299 3776 5340 1m-

2290 5405 2493 5472 brium,
2517 5414 2571 5460 et
2606 5403 2890 5474 eruptione
2929 5402 3250 5475 abyssorum
3289 5403 3426 5475 ejus,
3462 5392 3776 5482 aquispcrl‘e“

2289 5509 2387 5553 tuo
2427 5497 2854 5570 erumpentibus.
2898 5497 3142 5570 Denique
3175 5497 3361 5554 relicta
3396 5493 3492 5551 fuit
3520 5480 3667 5560 qualis
3687 5480 3773 5528 era?

2292 5600 2470 5646 antea.
