3876 6340
699 533 940 592 SECTIO
980 535 1045 591 ν.

488 628 571 681 Ad
600 624 782 683 Cenes.
814 645 931 697 cap.
963 645 1082 694 vm,
1112 647 1159 685 υ.
1192 630 1244 685 1.

190 720 317 775 Dixit
344 717 676 791 Hippolytus,
703 720 982 790 expositor
1010 719 1271 792 Targum,
1300 730 1354 777 et
1390 721 1650 777 Dominus

132 828 275 876 meus,
301 809 526 866 Iacobus
557 810 913 867 Rohaviensis
949 828 963 865 :
995 812 1270 884 Vigesimo
1304 814 1537 885 septimo
1563 814 1650 869 die

130 902 297 957 mensis
320 899 447 966 Jiar,
474 899 565 970 qui
595 908 681 955 est
710 904 915 955 mensis
942 903 1217 958 secundus
1238 902 1513 967 Hebraeus,
1534 906 1646 959 ele-

129 1007 227 1050 vata
270 993 361 1049 fuit
407 1008 533 1048 arca
584 994 654 1048 ab
706 993 929 1049 introitu
979 1004 1044 1065 (a
1088 997 1392 1071 radicibus)
1444 1001 1649 1056 montis

128 1087 287 1152 sancti,
311 1086 527 1156 jamque
554 1085 700 1140 illam
728 1088 1019 1157 portabant
1048 1104 1223 1159 aquae,
1255 1100 1311 1145 et
1348 1107 1512 1161 super
1541 1092 1646 1149 illis

128 1182 171 1236 in
201 1194 368 1252 gyrum
411 1177 738 1232 circumacta
782 1176 886 1232 fuit
936 1194 1128 1235 versus
1176 1190 1410 1251 quatuor
1458 1188 1645 1242 mundi

127 1274 353 1328 cardines.
384 1270 523 1326 Area
549 1271 713 1342 igitur
738 1288 769 1327 a
798 1284 981 1328 monte
1013 1285 1204 1329 sancto
1225 1276 1447 1332 tetendit
1467 1279 1646 1334 orien-

126 1375 211 1419 tem
240 1378 434 1427 versus,
466 1372 579 1417 tum
614 1379 830 1420 reversa
858 1376 942 1420 est
972 1365 1028 1420 in
1058 1366 1415 1432 occidentem,
1450 1368 1645 1427 deinde

126 1471 344 1511 conversa
372 1454 473 1509 fuit
514 1454 582 1509 ad
610 1456 914 1522 meridiem,
943 1441 1181 1527 denique
1219 1459 1478 1516 orientem
1518 1477 1643 1518 ver-

122 1563 199 1602 sus
226 1548 432 1601 tendens
460 1547 670 1617 appulit
712 1547 780 1603 ad
825 1557 1063 1603 montem
1099 1549 1299 1617 Kardu,
1335 1553 1423 1607 die
1465 1555 1644 1624 primo

124 1636 290 1689 mensis
317 1635 506 1692 decimi
537 1636 869 1708 (M).Atque
899 1638 945 1694 is
966 1648 1050 1695 est
1090 1642 1297 1697 mensis
1325 1640 1518 1699 Kanuu
1552 1661 1641 1702 se-

121 1725 314 1781 cuudus.

171 1817 225 1872 Et
253 1832 490 1888 egressus
516 1825 602 1872 est
629 1814 783 1872 Noah
827 1816 898 1873 ab
937 1833 1064 1875 arca
1105 1819 1367 1892 vigesimo
1409 1823 1639 1894 septimo

118 1909 186 1963 die
208 1910 388 1964 mensis
423 1907 540 1966 Jiar
585 1926 732 1966 anno
769 1912 1042 1978 secundo;
1073 1928 1200 1968 nam
1253 1930 1381 1971 arca
1429 1927 1639 1972 morata

117 2017 189 2073 per
211 2002 429 2072 quinque
452 2019 673 2060 menses
706 2006 946 2076 integros
975 2010 1212 2065 natando
1240 2008 1521 2066 ﬁuctuavit
1546 2028 1639 2068 su-

116 2110 187 2163 per
211 2110 381 2165 aquas,
405 2105 459 2151 et
498 2098 681 2166 spatio
722 2099 932 2153 dierum
966 2102 1361 2173 quinquaginta
1390 2116 1444 2160 et
1475 2105 1638 2162 unius

113 2186 281 2255 appulit
315 2186 379 2242 ad
412 2196 640 2242 terram.
678 2186 865 2260 Neque
897 2202 1084 2260 postea
1117 2195 1296 2251 adhuc
1333 2194 1635 2251 ﬁuctuavit.

117 2277 196 2330 Sed
240 2280 605 2334 tantummodo
655 2283 966 2338 successive
1008 2285 1237 2341 obversa
1292 2286 1396 2344 fuit
1446 2304 1638 2345 versus

115 2378 304 2439 quatuor
323 2373 574 2428 cardines
606 2381 783 2442 terrae,
808 2390 873 2431 ac
896 2376 1132 2449 denique
1164 2380 1359 2437 iterum
1396 2383 1639 2440 substitit

114 2463 327 2517 orientem
363 2478 580 2522 versus.
622 2464 862 2524 Dicimus
899 2479 1078 2525 autem
1118 2471 1172 2525 id
1212 2470 1384 2529 fuisse
1420 2475 1633 2547 signum

115 2554 268 2609 erucis.
297 2554 432 2611 Area
470 2568 655 2611 autem
692 2557 797 2613 fuit
844 2560 1018 2616 instar
1056 2562 1279 2631 Christi,
1307 2566 1401 2636 qui
1438 2582 1635 2639 exspe-

114 2644 332 2702 ctabatur.
363 2646 454 2701 Illa
493 2649 645 2702 enim
689 2664 816 2705 arca
856 2650 960 2707 fuit
1003 2668 1167 2709 causa
1198 2655 1388 2712 salutis
1429 2657 1634 2716 Noaelii

110 2747 151 2789 et
171 2736 373 2794 ﬁliorum
408 2740 571 2810 ejus;
606 2742 849 2815 itemque
872 2745 1266 2816 jumentorum,
1297 2751 1559 2821 ferarum,
1581 2767 1636 2812 et

111 2828 376 2887 volatilium.
402 2831 664 2891 Christus
700 2845 914 2902 autem,
961 2840 1179 2908 quando
1207 2856 1403 2911 passus
1438 2842 1541 2899 fuit
1576 2846 1630 2900 in

111 2934 255 2987 cruce,
298 2925 546 2984 liberavit
598 2945 700 2987 nos
744 2946 777 2987 a
824 2932 1147 2988 criminibus
1190 2941 1246 2987 et
1288 2936 1546 3004 peccatis,
1577 2945 1632 2993 et

110 3010 243 3066 abluit
265 3030 357 3071 nos
390 3018 445 3072 in
478 3023 886 3092 sanguinesuo
910 3023 1227 3093 purissimo.

162 3103 214 3158 Et
232 3110 679 3176 quemadmodum
707 3129 921 3169 reversa
952 3113 1053 3169 fuit
1081 3130 1209 3171 arca
1243 3116 1298 3171 in
1342 3118 1627 3189 orientem,

106 3194 370 3296 appulitque
384 3199 452 3253 ad
477 3211 724 3296 montem
738 3200 920 3258 Kardu
942 3202 989 3274 (l
999 3202 1078 3296 2),;
1100 3204 1175 3260 ita
1197 3207 1358 3261 etiam
1375 3206 1627 3267 Christus
1654 3239 1696 3296 ο

108 3283 300 3352 perlecta
332 3300 385 3345 et
410 3294 688 3363 completo
707 3309 889 3364 opere,
922 3295 1068 3366 quod
1107 3297 1212 3353 sibi
1244 3314 1623 3370 proposuerat,

108 3390 312 3437 reversus
333 3392 415 3438 est
438 3385 492 3439 in
515 3385 721 3440 etelum
754 3386 808 3440 in
840 3387 1020 3442 sinum
1049 3387 1223 3446 Patris
1252 3392 1358 3459 sui,
1384 3404 1453 3465 ,ει
1489 3397 1629 3452 sedit

108 3489 235 3542 super
256 3477 383 3532 solio
415 3478 611 3548 gloria:
635 3494 748 3533 sua:
771 3479 835 3534 ad
862 3478 1104 3536 dextram
1125 3481 1323 3540 Patris.

157 3566 316 3635 Quoad
342 3579 586 3625 montem
605 3567 808 3636 Kardu,
833 3569 881 3625 is
904 3572 1063 3626 estin
1087 3574 1295 3631 oriente
1328 3576 1383 3630 in
1405 3576 1625 3648 regione

107 3658 295 3717 ﬁliorum
322 3661 527 3726 Rabaa,
567 3663 945 3733 appellantque
968 3664 1118 3720 illum
1139 3663 1442 3725 Orientales
1468 3685 1625 3725 mon-

106 3767 188 3811 tem
212 3757 410 3817 Godasb
442 3760 831 3833 (Gordyaum),
872 3772 1070 3818 vocant
1100 3772 1280 3819 autem
1320 3764 1527 3822 Arabes
1568 3774 1624 3821 et

105 3844 242 3906 Persae
266 3853 452 3909 Ararat
474 3854 619 3925 (15).

156 3941 209 3998 Et
228 3955 302 4000 est
326 3947 539 4012 civitas,
576 3944 664 4001 cui
691 3960 888 4001 nomen
920 3951 1004 4001 est
1034 3943 1240 4013 Kardu,
1259 3955 1315 4003 et
1334 3962 1495 4004 mons
1521 3948 1622 4004 iste

103 4036 226 4092 ahea
255 4039 327 4095 sic
360 4040 689 4110 appellatur,
718 4038 812 4109 qui
849 4038 1067 4109 quidem
1109 4040 1409 4096 altissimus
1441 4052 1523 4097 est
1563 4053 1619 4099 et

104 4125 461 4197 inaccessibilis,
495 4129 570 4184 ad
597 4129 754 4199 cujus
781 4128 1037 4185 verticem
1068 4144 1230 4185 nemo
1254 4146 1493 4202 unquam
1522 4150 1621 4204 po.

53 4213 69 4225 "
104 4220 183 4272 tuit
205 4222 477 4277 ascendere
506 4232 734 4293 prepter
765 4222 878 4275 vim
908 4228 1194 4276 ventorum
1225 4230 1279 4277 et
1310 4224 1454 4279 aeris
1484 4240 1617 4295 pro-

104 4312 337 4379 cellarum,
368 4330 491 4386 quae
519 4313 601 4370 ibi
633 4320 896 4384 perpetuo
927 4322 1173 4384 regnant.
1218 4314 1373 4381 Quod
1403 4316 1451 4372 si
1491 4318 1617 4388 quis

100 4416 244 4463 autem
276 4408 619 4466 attentaverit
660 4408 1059 4473 conscendere,
1098 4407 1314 4464 irruunt
1357 4410 1414 4465 in
1461 4410 1611 4468 illum

102 4496 350 4567 daemones,
375 4509 430 4556 et
455 4499 529 4556 de
565 4498 766 4554 montis
791 4497 923 4569 jugo
958 4498 1014 4552 in
1054 4497 1329 4569 planitiem
1361 4502 1611 4573 principi-

925 394 1351 474 FRAGMENTA
1388 417 1618 474 nvem.
1657 447 1726 457 —
1751 414 2230 472 PENI‘ATEUCH.
2269 412 2473 470 ΑΜΒ.

3222 417 3325 472 710

1683 548 1734 601 Α
1830 535 2030 592 Deinde
2058 533 2335 590 admonuit
2358 533 2501 589 Deus
2533 532 2732 590 Mosem
2757 535 2945 591 dicens
2968 535 3052 591 ei:
3078 537 3326 592 Aseende

1751 627 1807 681 in
1845 640 2082 682 montem
2109 624 2280 693 Nebo,
2314 625 2406 695 qui
2439 625 2656 695 quidem
2691 627 2937 696 cognitus
2974 636 3060 682 est
3101 628 3329 683 nomine

1750 718 1952 773 montis
1992 716 2360 783 Hebraeorum,
2385 716 2477 786 qui
2520 725 2606 772 est
2654 716 2708 771 in
2758 726 2900 773 terra
2931 717 3090 773 Moab
3131 727 3327 774 contra

1751 807 1944 863 faciem
1973 807 2212 863 Iericho.

1818 900 1884 956 Et
1912 901 2049 955 dixit
2075 900 2124 957 ei
2151 920 2164 954 :
2193 899 2577 970 Contemplare
2603 909 2803 955 terram
2829 900 3109 970 Chanaan,
3150 919 3320 975 quam

1747 1005 1847 1061 ego
1874 991 2102 1046 daturus
2150 1004 2270 1044 sum
2322 988 2447 1043 ﬁliis
2487 987 2653 1042 Israel
2690 988 2755 1043 'in
2801 988 3190 1045 hereditatem.
3241 988 3320 1045 Tu

1745 1101 1877 1141 vero
1921 1099 2264 1156 nequaquam
2316 1084 2638 1154 ingredieris
2683 1084 2735 1137 in
2780 1084 2948 1148 illam,
2989 1096 3320 1154 quapmpIer

1746 1176 1957 1232 intuere
1972 1178 2118 1232 illam
2135 1177 2361 1245 alonge.
2380 1174 2518 1229 Cum
2544 1190 2674 1244 ergo
2696 1176 3154 1245 contemplaretur
3170 1177 3315 1230 illam

1744 1267 1947 1333 Moses,
1988 1269 2123 1323 vidit
2156 1268 2304 1322 illam
2340 1276 2536 1321 terram
2560 1306 2575 1332 ,
2610 1276 2806 1320 terram
2835 1267 3134 1333 virentem,
3167 1269 3315 1322 omni

1744 1361 1899 1431 copia
1928 1371 1983 1417 et
2006 1360 2251 1416 ubertate
2290 1359 2654 1414 abundantem
2676 1401 2690 1425 ,
2726 1358 3104 1429 frequentibus
3134 1364 3317 1416 consi-

1746 1464 1851 1509 tam
1881 1454 2188 1519 arboribus,
2213 1463 2266 1509 et
2290 1452 2571 1522 obstupuit
2591 1451 2767 1507 Moses
2788 1464 2843 1507 et
2876 1452 3038 1507 ﬂevit.

1815 1545 2025 1600 Etcum
2059 1545 2430 1600 descendisset
2462 1543 2636 1598 Moses
2680 1545 2748 1598 de
2796 1555 2977 1598 monte
3010 1543 3180 1608 Nebo,
3217 1559 3310 1599 vo-

1741 1637 1884 1693 cavit
1920 1634 2144 1691 Josuam
2177 1636 2345 1690 liliutn
2378 1633 2521 1701 Nun,
2573 1642 2628 1689 et
2674 1634 2810 1689 dixit
2861 1635 2911 1690 ei
2957 1649 3140 1690 coram
3188 1636 3313 1689 ﬁliis

1738 1728 1943 1785 Israel:
1974 1728 2294 1784 Confortare
2340 1736 2392 1782 et
2425 1738 2543 1783 esto
2582 1728 2860 1784 robustus.
2910 1728 2990 1782 Tu
3034 1729 3178 1784 enim
3228 1731 3312 1783 in-

1739 1822 2089 1878 trodueturus
2111 1836 2169 1875 es
2192 1820 2331 1874 ﬁlios
2354 1819 2517 1874 Israel
2550 1820 2605 1872 in
2628 1828 2829 1874 terram
2871 1836 3034 1890 quam
3059 1823 3312 1890 picuiisit

1670 1891 1711 1945 Β
1741 1912 1885 1969 Deus
1912 1912 2156 1983 patribus
2184 1926 2395 1977 eorum,
2428 1927 2486 1966 se
2516 1912 2626 1967 illis
2653 1912 2907 1966 daturum
2939 1911 2992 1965 in
3027 1913 3309 1983 haereditae

1740 2013 1872 2059 tem.
1902 2002 1983 2058 Ne
2012 2019 2143 2073 ergo
2170 2003 2363 2057 timeas
2388 2018 2418 2057 a
2445 2004 2682 2073 populis,
2713 2018 2888 2074 neque
2916 2002 3238 2059 reformides
3276 2023 3307 2060 a

1738 2094 2021 2167 gentibus;
2048 2109 2173 2148 nam
2203 2092 2344 2147 Deus
2370 2094 2474 2147 erit
2506 2103 2705 2147 tecum.

1810 2186 1874 2239 Et
1902 2183 2124 2254 scripsit
2149 2182 2325 2240 Moses
2349 2184 2494 2238 illam
2523 2180 2759 2238 Seunam
2787 2182 2900 2255 (14)
2925 2181 3112 2251 (Hebr.
3138 2196 3309 2247 arma

1736 2277 2115 2334 secundariam
2146 2277 2342 2348 legem,
2378 2278 2492 2331 sive
2518 2274 3038 2348 Deuteronomium),
3063 2277 3310 2332 tradidit-

1734 2386 1841 2442 que
1874 2370 2021 2426 illam
2053 2369 2427 2426 sacerdotibus
2454 2370 2580 2426 ﬁliis
2620 2369 2769 2437 Levi,
2813 2372 3172 2442 praecepitque
3203 2373 3307 2427 illis

1733 2461 1956 2518 dicens:
1986 2460 2168 2532 Usque
2183 2462 2248 2516 ad
2269 2473 2473 2533 septem
2504 2478 2678 2517 annos
2709 2462 2979 2517 occultate
3007 2464 3149 2518 hanc
3170 2464 3306 2519 Sen-

1733 2570 1884 2623 nam,
1925 2570 2101 2624 neque
2139 2553 2497 2610 manifestetis
2527 2554 2672 2608 illaut
2716 2552 2770 2607 in
2815 2552 3028 2624 integro
3070 2554 3304 2610 decursu

1733 2653 1939 2717 septem
1956 2660 2244 2701 annorum.
2266 2643 2552 2715 (Tuncque)
2576 2645 2631 2699 in
2655 2643 2791 2701 festo
2807 2642 3302 2701 Tabernaculorum

1731 2737 1911 2810 legent
1942 2738 2251 2794 sacerdotes
2276 2738 2368 2791 lilii
2403 2735 2530 2791 Levi
2574 2737 2715 2792 hanc
2745 2736 2917 2808 legem
2948 2751 3131 2791 coram
3177 2738 3304 2792 ﬁliis

1731 2829 1920 2895 Israel,
1949 2840 2009 2885 ut
2044 2830 2350 2894 observent,
2384 2829 2562 2884 omnis
2586 2829 2837 2898 populus,
2862 2837 2970 2883 tam
2996 2829 3117 2896 viri,
3138 2846 3303 2901 quam

1729 2921 1974 2984 feminae.
2012 2937 2292 2979 sermones
2321 2919 2436 2976 Dei.
2464 2918 2723 2991 Pracipe,
2757 2930 2816 2976 ut
2844 2922 3155 2976 custodiant
3184 2938 3304 2976 ver-

1729 3012 1857 3068 bum
1880 3012 1997 3079 Dei,
2016 3014 2161 3084 quod
2187 3023 2270 3068 est
2296 3012 2348 3066 in
2376 3013 2464 3067 illa
2489 3012 2624 3082 lege.
2646 3011 2907 3083 Quisquis
2933 3023 3111 3068 autem
3134 3014 3305 3069 viola-

1728 3105 1869 3160 verit
1891 3121 2057 3159 unum
2094 3120 2160 3159 ex
2204 3104 2324 3160 istis
2351 3103 2653 3175 praeceptis,
2682 3113 2800 3160 esto
2823 3104 3159 3160 maledictus.

1800 3194 2096 3267 Postquam
2120 3196 2303 3265 itaque
2333 3194 2718 3268 complevisset
2746 3195 2925 3253 Moses
2948 3197 3299 3267 scriptionem

1728 3287 1884 3360 legis,
1926 3288 2144 3342 tradidit
2184 3288 2330 3341 illam
2376 3285 2558 3343 Josuaa
2588 3288 2710 3345 ﬁlio
2739 3285 2880 3349 Nun,
2923 3292 3292 3358 praecepitque

1728 3391 1788 3436 ut
1830 3379 2065 3436 traderet
2105 3395 2224 3435 eam
2267 3379 2391 3435 ﬁliis
2431 3379 2561 3436 Levi
2596 3381 2990 3437 sacerdotibus.
3035 3379 3299 3450 Praecepit

1724 3487 1943 3542 quoque
1972 3470 2079 3526 illis
2118 3469 2294 3526 Moses
2336 3480 2391 3528 et
2428 3471 2613 3539 jussit,
2648 3480 2707 3526 ut
2752 3480 3072 3542 reponerent
3099 3472 3294 3526 librum

1723 3561 1859 3632 legis
1897 3561 2039 3616 intra
2074 3575 2257 3615 arcam
2290 3558 2511 3617 fasderis
2547 3560 2794 3631 Domini,
2836 3572 2897 3617 ut
2935 3563 3010 3618 ibi
3053 3574 3299 3620 maneret

1723 3654 1778 3709 in
1812 3652 2186 3709 testimonium
2218 3652 2272 3706 in
2298 3661 2580 3708 teter-num.

1791 3743 2039 3816 Cumque
2076 3745 2236 3800 ﬁnem
2268 3744 2613 3814 praecipiendi
2653 3742 2872 3801 fecisset
2902 3745 3099 3812 Moses,
3124 3746 3293 3818 jussit

1718 3836 1769 3893 ei
1798 3834 1943 3897 Deus
1979 3845 2043 3893 ut
2089 3835 2403 3891 ascenderet
2434 3835 2487 3889 in
2515 3844 2755 3890 montem
2787 3834 2961 3904 Nebo,
2991 3838 3084 3908 qui
3110 3849 3192 3893 est
3222 3856 3291 3893 ex

1721 3927 1953 3983 adverso
1987 3924 2224 3982 Iericho.
2272 3923 2521 3981 Ostendit
2556 3925 2632 3980 illi
2680 3925 2943 3984 Dominus
2980 3931 3290 3986 universam

1720 4028 1921 4076 terram
1966 4018 2344 4090 promissionis
2389 4033 2420 4073 a
2466 4025 2703 4088 quatuor
2730 4020 3043 4077 cardinibus
3079 4021 3220 4094 ejus,
3259 4039 3293 4077 a

1718 4111 1932 4167 deserto
1960 4127 2133 4182 usque
2157 4112 2224 4166 ad
2253 4127 2422 4177 mare,
2457 4121 2511 4168 et
2555 4127 2587 4167 a
2630 4113 2769 4167 mari
2805 4128 2978 4182 usque
3006 4113 3074 4167 ad
3116 4129 3282 4167 mare.

1719 4201 1972 4273 Dixitque
2000 4202 2078 4257 illi
2112 4202 2256 4258 Deus
2288 4221 2301 4256 :
2333 4201 2417 4257 'I‘u
2461 4203 2678 4275 quidem
2716 4202 2863 4257 illam
2894 4202 3075 4258 vidisti
3117 4206 3289 4260 oculis

1720 4296 1849 4363 tuis,
1878 4304 1934 4350 at
1955 4309 2084 4352 vero
2107 4310 2454 4365 nequaquam
2496 4294 2816 4365 ingredieris
2845 4294 2898 4348 in
2939 4294 3108 4349 illam.
3146 4294 3289 4349 illor-

1714 4396 1843 4444 tuus
1882 4397 1967 4443 est
2005 4388 2188 4458 itaque
2230 4388 2341 4444 illic
2380 4386 2579 4448 Moses,
2611 4401 2803 4443 servus
2840 4385 2956 4453 Dei,
2981 4386 3135 4457 jussu
3170 4386 3282 4441 Dei.

1714 4475 1783 4532 Et
1810 4477 2137 4548 sepelierunt
2174 4492 2297 4532 eum
2335 4475 2510 4544 angeli
2551 4474 2609 4530 in
2641 4482 2825 4530 monte
2852 4471 3033 4540 Nebo,
3064 4473 3157 4545 qui
3201 4483 3287 4528 est

98 4598 184 4644 tem
216 4592 478 4663 dejiciuut,
506 4600 566 4648 et
598 4567 849 4647 moritur.
863 4567 1246 4646 Nemo—autem
1272 4567 1452 4661 novit,
1485 4567 1616 4666 quid
1646 4595 1693 4654 Ι)
1716 4570 2038 4666 θκξάνθτδο
2059 4569 2193 4625 θεὼ
2213 4567 2444 4666 “ego”:

96 4683 152 4736 sit
190 4682 236 4737 in
276 4685 560 4755 superﬁcie
603 4684 826 4749 montis,
855 4683 961 4738 nisi
1005 4683 1152 4753 quod
1195 4684 1444 4754 quaedam
1487 4687 1619 4742 reli-

98 4773 208 4837 quia:
230 4771 349 4843 ligni
384 4773 545 4829 Area:
570 4773 749 4831 adhuc
770 4774 956 4845 jacent
992 4772 1047 4828 in
1079 4773 1363 4844 superﬁcie
1399 4776 1619 4833 verticis

96 4863 273 4919 montis.

657 4954 903 5013 SECTIO
937 4956 980 5012 X
992 4998 1006 5013 .

419 5048 509 5104 Ad
541 5047 696 5104 Deut.
729 5064 846 5121 cap.
877 5064 1079 5115 xxxttt,
1104 5067 1150 5106 υ.
1185 5051 1239 5107 1.

149 5131 272 5194 Dixit
299 5136 621 5212 Hippolytus
649 5139 925 5214 expositor
951 5141 1211 5214 Targum,
1238 5144 1380 5215 quod
1414 5143 1613 5205 Moses.

95 5237 193 5282 cum
214 5229 531 5290 absolvisset
561 5234 703 5290 hanc
742 5235 1102 5306 prophetiam,
1138 5236 1412 5293 benedixit
1451 5236 1612 5291 etiam

96 5329 224 5385 super
255 5336 442 5381 omnes
478 5325 617 5382 filios
640 5325 828 5392 Israel,
855 5343 951 5398 per
978 5329 1221 5401 singulas
1256 5329 1432 5384 tribus
1465 5343 1615 5383 seor-

97 5403 194 5474 sitn,
217 5421 265 5469 et
292 5426 544 5484 precatus
567 5426 650 5474 est
676 5432 775 5488 pro
800 5418 928 5474 illis.

148 5604 243 5679 (Η)
270 5612 345 5667 Ita
365 5611 601 5683 Targum
625 5615 857 5671 Onkelos
869 5614 1003 5671 Gen.
1033 5630 1151 5680 vui,
1179 5616 1233 5671 4.
1261 5613 1494 5685 Targum
1521 5612 1615 5669 Jo-

95 5676 451 5769 WFEW'P-
654 5768 659 5769 ,
1220 5768 1232 5769 ί

151 5694 262 5732 man
291 5694 451 5820 τρῖτιρ.

150 5761 246 5832 (η)
265 5764 337 5821 Ita
414 5784 601 5839 argum
630 5768 864 5825 Onkelos
893 5768 1028 5825 Gen.
1059 5783 1180 5833 vui,
1207 5768 1261 5822 4.

147 5840 323 5918 (ιδῃ,
341 5849 542 5906 Fuller.
565 5851 713 5908 Μίδα.
742 5851 915 5919 Sacen,
936 5853 1029 5908 lib.
1058 5868 1095 5919 ι,
1122 5869 1174 5909 c.
1198 5852 1252 5917 4,
1278 5858 1329 5907 et
1356 5849 1606 5908 Bochart.

1788 4661 1857 4718 Et
1900 4676 2061 4717 nemo
2107 4660 2260 4716 novit
2305 4658 2611 4730 sepulcrum
2652 4655 2771 4725 ejus
2811 4669 2985 4726 usque
3027 4653 3095 4708 ad
3138 4653 3285 4708 hunc

1719 4754 1882 4810 diem.
1909 4752 2210 4810 Occultavit
2241 4751 2387 4807 enim
2413 4748 2560 4804 Deus
2591 4747 2899 4817 sepulcrum
2931 4745 3072 4815 ejus.

1790 4841 1939 4901 Vixit
1962 4853 2144 4899 autem
2176 4840 2354 4897 Moses
2379 4848 2596 4895 centum
2625 4847 2680 4894 et
2718 4837 2905 4908 viginti
2944 4849 3154 4903 annos;
3191 4852 3283 4889 ne-

1714 4949 1824 5006 que
1867 4935 2194 5006 caligaverat
2235 4932 2386 4988 visus
2429 4930 2569 5001 ejus,
2618 4943 2793 4999 neque
2835 4936 3124 4999 corrugata
3165 4937 3285 4982 erat

1715 5028 1872 5100 pellis
1895 5027 2076 5082 vultus
2102 5025 2241 5097 ejus.
2554 5028 2565 5039 ί

1785 5120 2037 5176 Mortuus
2065 5116 2169 5172 fuit
2196 5116 2372 5173 Moses
2411 5115 2497 5171 die
2534 5114 2771 5186 quodam
2802 5112 2937 5168 hora
2966 5112 3124 5168 tertia
3151 5113 3279 5177 diei,
3382 5102 3399 5117 “

1715 5216 1948 5287 septimo
1976 5214 2063 5271 die
2088 5211 2293 5269 mensis
2327 5211 2573 5277 secundi,
2600 5210 2691 5280 qui
2715 5217 2800 5264 est
2823 5208 3024 5263 mensis
3045 5205 3177 5261 Jiar.

1788 5318 1855 5373 Et
1878 5316 2153 5373 lamentati
2181 5323 2309 5371 sunt
2338 5329 2501 5383 super
2521 5326 2585 5368 eo
2612 5311 2704 5367 ﬁlii
2732 5309 2945 5367 Israelis
2974 5309 3028 5363 in
3062 5322 3279 5377 campe-

1714 5412 1917 5468 stribus
1938 5410 2094 5465 Moab
2119 5425 2214 5480 per
2239 5419 2346 5463 tres
2371 5407 2508 5462 dies.

1712 5614 1935 5685 Phaleg.
1969 5628 2022 5682 p.
2049 5611 2141 5668 ‘29..

1784 5753 1897 5823 (14)
1934 5741 2744 5823 lloenomineMohammedani
2775 5754 2903 5797 suas
2933 5731 3277 5794 Traditioncs

1712 5816 1980 5895 appellant
2012 5829 2207 5892 praeter
2238 5816 2595 5874 Alkoranum.
