3876 6340
599 371 701 434 7η

672 493 1041 567 Impletusque
1065 491 1169 549 fuit
1194 488 1363 549 Josua
1405 489 1551 547 ﬁlius
1576 488 1700 546 Nun
1732 490 1926 563 spiritu
1955 490 2177 562 sapien—

597 586 720 655 tia;
743 602 868 641 nam
893 583 1067 641 Moses
1088 584 1419 654 imposuerat
1438 598 1660 638 manum
1682 597 1836 639 suam
1860 597 2022 653 super
2043 581 2155 636 illo.

599 679 668 735 Et
690 679 1013 735 obedierunt
1038 678 1088 732 ei
1129 692 1320 732 omnes
1362 675 1456 731 lilii
1485 674 1722 731 lsraelis.
1762 674 2165 744 Admonuitque

601 770 745 827 Deus
784 769 1008 828 Josuam
1053 770 1222 824 ﬁlium
1263 767 1386 825 Nun
1427 770 1515 827 die
1549 771 1808 843 quodam,
1846 784 2043 841 nempe
2079 770 2169 825 die

599 864 831 932 septimo
855 861 1058 917 mensis
1080 858 1270 917 Nisan.

639 1095 651 1107 .
673 1023 786 1095 (15)
827 1022 1086 1107 Τριηριιῇ
1106 1036 1216 1092 quo
1242 1028 1497 1107 exaratns
1517 1018 1788 1107 estcoflex
1806 1015 2164 1107 Hulntlinigd‘o-

597 1088 820 1156 nianus,
852 1088 1002 1147 nuni.
1025 1088 1203 1155 “(ex
1230 1107 1338 1159 quo
1367 1092 1480 1145 haec
1508 1089 1847 1159 potissimum
1874 1088 2167 1159 descripsi-
2214 1130 2223 1137 .

599 1181 743 1229 mus,
774 1167 855 1219 sic
883 1171 1103 1216 notatur
1128 1180 1143 1216 :
1167 1156 1297 1215 Fuit
1321 1156 1640 1229 autem'ﬁnis
1670 1158 1992 1229 scriptionis
2002 1156 2162 1229 hujus

597 1226 749 1305 legis,
790 1244 857 1305 et
882 1234 1224 1305 expositionis
1272 1226 1732 1305 eiusden_t'_ul_timo
1774 1226 1901 1299 (die)
1941 1226 2164 1305 Iis/irin

596 1296 775 1375 primi,
805 1304 899 1375 die
930 1296 1240 1375 θαι-αδορνεδ
1276 1296 1540 1375 (Veneris)
1582 1300 1714 1353 hora
1744 1296 1901 1375 nona.
1932 1296 2165 1368 Eratque

598 1370 767 1427 nimus
786 1373 1095 1426 millesimus
1127 1372 1582 1440 octingentesimus
1611 1370 2161 1440 octogesimusuonus.

599 1443 707 1568 ger
746 1460 960 1497 manum
994 1436 1435 1514 contemptibilem
1473 1442 1609 1495 servi
1649 1436 1747 1494 Dei
1784 1437 1900 1493 Καί
1944 1436 2168 1509 Marpha

658 1530 765 1568 am.

658 1530 765 1568 am.

669 1586 729 1639 In
773 1584 879 1639 line
918 1583 1129 1655 pagina:
1156 1580 1417 1655 Arabicis
1454 1580 1667 1655 litteris
1692 1579 1809 1635 haec
1849 1577 2164 1655 habentur_:

603 1651 827 1723 Operam
861 1648 1117 1736 dabamus
1146 1652 1267 1705 huic
1311 1650 1447 1703 libro
1490 1651 1751 1705 benedicta
1791 1650 1989 1719 optimo
2009 1648 2169 1773 istri-

603 1723 806 1773 bendoi.
840 1738 1044 1773 nomme
1075 1721 1266 1773 (insani
1302 1720 1556 1773 Schamas
1604 1722 1703 1773 lbn
1737 1719 1851 1773 Kac
1880 1718 2007 1773 lbra
2045 1733 2168 1773 tmc

600 1718 806 1789 bendo),
840 1726 1044 1778 nomine
1075 1721 1266 1793 (jussu)
1302 1720 1556 1776 Schamas
1604 1722 1703 1775 lbn
1737 1718 1851 1774 Kac
1880 1718 2168 1774 Ibraltimc

597 1794 809 1848 civitate
837 1794 1171 1849 celeberrima
1193 1792 1423 1847 Kathor.
1462 1795 1649 1846 Amen.

1465 366 1527 424 s.
1560 352 1923 425 mppo’mt
1957 365 2109 424 opp.
2147 366 2330 424 PARS
2364 366 2410 427 ι.
2446 400 2518 412 -—
2546 366 2962 427 meamea.

3691 368 3773 424 il!

2204 498 2256 554 Α
2351 490 2499 547 Vixit
2527 501 2707 548 autem
2746 490 2916 548 Josua
2946 489 3091 548 ﬁlius
3120 488 3263 558 Nun,
3306 500 3509 549 centum
3539 502 3590 550 et
3619 495 3766 555 decem

2278 600 2471 652 annos,
2501 594 2556 641 et
2583 594 2831 641 mortuus
2856 594 2939 642 est
2965 586 3053 641 die
3087 595 3302 656 quarto,
3326 586 3417 656 qui
3445 585 3540 641 fuit
3562 587 3662 653 dies
3685 593 3770 660 pri-

2276 692 2399 732 mus
2430 677 2637 733 mensis
2682 675 2822 730 Elui.
2872 677 2939 732 Et
2983 676 3312 747 sepelierunt
3348 690 3469 732 eum
3513 678 3563 737 in
3599 681 3770 737 civitate

2275 765 2737 821 Thamnatseracb
2768 765 2821 819 in
2854 772 3037 820 monte
3067 764 3345 835 Ephraim.

2344 857 2492 914 Laus
2518 857 2629 913 Deo
2654 874 2753 929 pro
2774 858 3099 930 perfectione
3124 858 3343 929 (operis)
3385 856 3507 930 (l5).

2342 1013 2600 1069 Continet
2627 1014 2755 1068 folia
2779 1014 2905 1070 240.

2338 1085 2490 1139 Alter
2526 1087 2693 1138 codex
2738 1085 2881 1140 inter
2926 1083 3246 1139 Bodleianos
3281 1100 3431 1141 num.
3456 1082 3560 1139 NE.
3585 1100 3630 1140 c.
3659 1086 3702 1141 3.
3724 1088 3762 1141 3.

2272 1157 2354 1213 sit:
2383 1157 2567 1210 habet:
2590 1154 2718 1208 Fuit
2752 1155 2870 1224 ﬁnis
2896 1154 3209 1224 exemplaris
3240 1156 3394 1224 hujus
3422 1154 3536 1209 libri
3558 1156 3765 1212 benedicti

2268 1226 2716 1298 praestantissimi,
2742 1241 2881 1298 anno
2911 1226 3187 1298 millesimo
3223 1226 3616 1298 octingentesimo
3641 1241 3765 1280 noua—

2269 1294 2463 1368 gesimo
2500 1297 2696 1368 primo
2716 1294 2933 1368 Graeco1
2956 1309 3022 1347 ex
3064 1295 3214 1348 annis
3253 1294 3378 1366 (sive
3413 1300 3534 1363 tera)
3561 1298 3766 1351 Ascandri

2272 1363 2443 1422 Ἑπτά
2477 1365 2577 1435 ﬁlii
2603 1366 2855 1434 Philippi.
2903 1363 3071 1435 quue
3100 1382 3190 1434 per
3218 1363 3427 1421 manum
3458 1368 3653 1421 hominis
3676 1384 3765 1420 coa-

2273 1436 2598 1505 templibilis,
2635 1438 3037 1505 peccatoris"...
3070 1437 3158 1505 qui
3193 1438 3380 1507 dignus
3424 1455 3516 1491 non
3542 1446 3625 1500 est,
3655 1439 3767 1506 cujus

2273 1523 2454 1577 nomen
2485 1508 2805 1560 inscribatur
2828 1506 2962 1560 libro
2984 1506 3275 1574 spirituali,
3299 1508 3465 1577 qualis
3487 1519 3555 1560 est
3581 1507 3668 1559 hic.

2341 1575 2409 1630 Et
2437 1577 2488 1631 in
2523 1577 2765 1632 margine
2797 1578 2934 1630 idem
2963 1593 3141 1630 annus
3176 1575 3391 1632 notatur
3426 1576 3767 1631 numericislit-

2272 1618 3408 1728 uas;'saeuientes;"tremis
3428 1618 3683 1703 ’ἑῗιἬὲἓὲἇ

2270 1726 2451 1772 vitate.

2341 1787 2597 1844 Continet
2626 1784 2755 1842 folia
2789 1786 2918 1843 254.

1810 2066 1937 2155 IN
2015 2062 2592 2156 PSALMOS.

689 2249 882 2312 (Simon
905 2262 967 2297 os
990 2247 1266 2309 litem,
1290 2251 1411 2300 Acta
1432 2254 1707 2316 martyrum
1728 2247 2039 2310 Ostiensiwn,
2056 2244 2313 2371 aggesti)"
2335 2259 2387 2309 p.
2420 2243 2531 2307 439,
2557 2256 2623 2296 ex
2655 2258 2748 2296 ms.
2778 2244 3097 2298 Casanatensi
3118 2244 3178 2300 Ο.
3213 2246 3257 2306 Ι,
3284 2248 3343 2299 1ο
3365 2264 3469 2300 cum
3504 2250 3700 2301 Vaticano

596 2416 1008 2472 HIPPOLYTI
1073 2416 1427 2474 EPISCOPI
1481 2418 1714 2475 ROM/E
1772 2416 2162 2474 ARGUMEN-

740 2486 891 2543 TUM
933 2486 1496 2546 ENARRATIONIS
1536 2489 1623 2544 ΙΝ
1658 2490 2016 2546 ΡδΑιΜοδ.

665 2602 709 2658 Ι.
750 2601 1091 2657 Psalmorum
1129 2601 1267 2657 liber
1303 2617 1500 2658 novam
1537 2602 1781 2657 continet
1815 2600 2158 2672 disciplinam

595 2704 720 2765 post
751 2695 921 2765 legem
951 2709 983 2748 a
1011 2691 1162 2748 Mose
1192 2692 1379 2760 latam,
1409 2693 1655 2763 alterque
1682 2693 1819 2748 adeo
1845 2692 2164 2763 praeceptio-

596 2802 729 2841 num
774 2786 910 2843 liber
959 2800 991 2841 a
1024 2783 1310 2855 Scriptura
1344 2782 1512 2840 Mosis
1555 2785 1805 2839 habetur.
1850 2781 1989 2839 Nam
2042 2792 2164 2854 post

597 2878 766 2934 Mosis
808 2893 874 2934 ac
909 2876 1076 2933 Josue
1098 2877 1335 2941 obitum,
1370 2884 1497 2947 post
1531 2876 1696 2930 etiam
1740 2876 1954 2946 judices
1994 2874 2162 2931 David

593 2977 840 3035 exortus,
881 2968 1084 3038 dignus
1130 2968 1390 3021 nimirum
1425 2966 1681 3033 habitus,
1724 2967 1819 3036 qui
1867 2964 2165 3022 Salvatoris

595 3074 751 3131 pater
782 3058 968 3113 divino
1000 3057 1223 3112 oraculo
1258 3056 1651 3127 appellaretur,
1684 3072 1883 3112 novum
1915 3056 2165 3114 PsalmOI

595 3150 922 3208 concincndi
958 3150 1177 3206 modum
1203 3150 1413 3222 primus
1453 3150 1671 3206 tradidit
1694 3149 1956 3219 Hebraeis,
1990 3167 2165 3223 eoque

594 3241 853 3298 convellit
876 3240 1094 3309 quidem
1122 3254 1246 3310 qua:
1272 3257 1304 3295 a
1335 3240 1488 3297 Mosa
1518 3241 1736 3296 fuerant
1773 3242 1840 3298 de
1878 3242 2164 3298 sacriﬁciis

594 3331 713 3403 lege
734 3331 966 3398 sancita,
1001 3344 1197 3385 novam
1223 3340 1404 3385 autem
1432 3329 1525 3385 Dei
1556 3330 1768 3386 colendi
1805 3330 2037 3386 formam
2068 3346 2165 3401 per

595 3418 831 3492 hymnos
862 3427 918 3474 et
964 3419 1386 3474 acclamationes
1412 3420 1725 3483 introducit,
1756 3420 1970 3490 aliaque
2008 3423 2164 3491 plura

595 3511 762 3569 Musis
812 3511 985 3582 legem
1034 3512 1417 3581 exsuperantia
1453 3512 1508 3566 in
1562 3527 1664 3567 suo
1704 3526 1865 3581 opere
1911 3512 2163 3567 universo

596 3605 774 3661 docet.
805 3602 984 3674 Atque
1006 3603 1124 3657 haec
1157 3618 1289 3659 sane
1315 3601 1481 3658 fuerit
1520 3602 1647 3657 libri
1686 3602 1970 3667 sanctitas,
2002 3614 2165 3673 atque

597 3697 838 3764 utilitas;
870 3695 1244 3767 inscriptionis
1277 3706 1460 3751 autem
1495 3695 1636 3750 ratio
1668 3696 1783 3752 haec
1815 3695 1987 3754 fuisse
2010 3698 2164 3753 vide-

595 3800 723 3845 tur:
755 3788 1200 3860 quandoquidem
1238 3788 1486 3859 plerique
1521 3786 1751 3843 fratrum
1777 3790 1871 3859 qui
1910 3789 1966 3843 in
1999 3788 2164 3844 Chri-

595 3890 741 3938 stum
770 3881 1137 3949 crediderunt,
1167 3880 1313 3936 hunc
1340 3881 1538 3935 librum
1561 3888 1753 3951 putant
1778 3896 1899 3937 esse
1919 3880 2161 3948 Davidis,

594 3968 653 4025 in
693 3983 867 4039 eoque
898 3968 1205 4024 inscribunt
1242 3968 1451 4024 Psalmi
1488 3969 1742 4036 Davidis,
1777 3970 1909 4042 quid
1949 3986 2051 4027 nos
2097 3972 2165 4026 de

544 4088 551 4099 -
596 4060 703 4115 hoc
753 4059 874 4130 ipso
926 4060 1321 4130 acceperimus,
1372 4061 1738 4116 enarrandum
1794 4069 1898 4117 est.
1950 4059 2164 4117 Hebraei

598 4146 819 4202 titulum
870 4147 999 4203 huic
1046 4147 1309 4203 volumini
1365 4148 1916 4220 circumscripserunt
1961 4147 2164 4222 Sephra

600 4235 823 4305 Thetim,
862 4238 1200 4308 proindeque
1241 4237 1298 4293 in
1342 4238 1569 4295 Actibus
1620 4240 1991 4311 apostolorum
2030 4241 2164 4296 liber

596 4328 940 4385 Psalmorum
978 4330 1180 4385 dicitur
1207 4329 1399 4401 (locus
1433 4341 1617 4386 autem
1649 4332 1723 4387 ita
1755 4348 1814 4389 se
1851 4332 2053 4389 habet:
2092 4331 2162 4390 Ut

595 4422 848 4491 scriptum
873 4422 1033 4476 estin
1068 4420 1201 4475 libro
1233 4420 1625 4495 Psalmorum),
1659 4423 1756 4479 sed
1819 4438 2019 4479 nomen
2063 4440 2164 4480 au-

595 4512 765 4567 ctoris
792 4511 992 4566 ibidem
1027 4511 1392 4579 desideratur,
1429 4512 1591 4583 idque
1610 4529 1675 4569 ea
1702 4515 1770 4570 de
1795 4529 1983 4579 causa,
2015 4515 2164 4586 quod

595 4616 706 4657 non
755 4601 920 4657 unius
969 4610 1181 4657 tantum
1237 4617 1518 4659 sermones
1565 4604 1672 4660 hoc
1718 4604 1839 4677 ipso
1884 4605 2161 4664 volumine

594 4698 726 4745 sunt
754 4690 918 4759 editi;
954 4692 1048 4749 sed
1091 4691 1329 4763 plurium
1367 4691 1553 4763 fuere,
1587 4701 1648 4750 ut
1692 4705 1777 4751 est
1818 4711 1851 4751 a
1886 4696 2161 4754 veteribus

596 4782 878 4847 traditum,
915 4783 985 4838 ab
1013 4782 1185 4840 Esdra
1220 4784 1473 4853 collecti;
1505 4786 1599 4858 qui
1638 4797 1759 4857 post
1790 4788 2161 4859 captivitatem

594 4870 651 4926 in
686 4886 854 4926 unum
887 4872 1094 4944 redegit
1121 4873 1417 4930 multorum
1441 4878 1683 4946 psalmos
1707 4878 1822 4935 sive
1849 4881 2011 4936 etiam
2038 4895 2160 4938 ser-

595 4974 822 5029 mones,
892 4976 1018 5017 cnm
1075 4963 1270 5033 psalmi
1320 4979 1546 5035 prorsus
1606 4982 1796 5026 omnes
1860 4984 1972 5025 non
2026 4971 2158 5026 sint.

594 5049 960 5119 Quamobrem
986 5056 1260 5112 nonnullis
1291 5058 1450 5129 plane
1467 5056 1687 5116 Davidis
1709 5061 2052 5132 praemissum
2076 5071 2161 5119 est

595 5160 834 5213 nomen;
882 5146 1156 5217 aliquibus
1212 5156 1395 5204 autem
1464 5148 1810 5218 Salomonis;
1863 5153 1986 5209 aliis
2028 5168 2158 5210 vero

597 5237 804 5308 Asaph.
837 5236 977 5296 Sunt
1013 5240 1179 5296 etiam
1222 5239 1459 5297 Idithum
1492 5244 1751 5314 quidam,
1789 5255 2158 5317 praetereaque

594 5330 692 5386 alii
736 5330 974 5386 ﬁliorum
1012 5330 1174 5400 Core,
1209 5334 1668 5404 quemadmodum
1711 5346 1765 5392 et
1805 5336 1987 5393 Mosis.
2021 5337 2158 5395 Tam

596 5419 782 5492 itaque
810 5423 1107 5480 multorum
1128 5423 1182 5478 in
1207 5440 1374 5479 unum
1396 5440 1595 5497 corpus
1623 5426 1827 5483 redacti
1850 5444 2156 5498 sermones,

595 5528 708 5569 non
763 5516 952 5587 utique
1003 5516 1074 5572 ab
1102 5515 1316 5572 erudito
1363 5518 1527 5574 unius
1570 5518 1793 5578 Davidis
1839 5537 1963 5579 esse
2012 5523 2159 5579 dice-

596 5611 808 5661 rentur.

668 5694 738 5754 Il.
777 5695 855 5753 De
884 5696 973 5754 his
1008 5711 1138 5755 vero
1164 5697 1260 5771 qui
1306 5699 1463 5756 titulo
1508 5711 1726 5774 carent,
1772 5704 2161 5778 inquirendum

2268 2416 2491 2473 lHHOA
2504 2414 2697 2468 ΥΤΟΥ
2729 2415 2873 2468 ΤΟΥ
2903 2417 3339 2471 ΕΠΙΣΚΟΠΟΥ
3366 2420 3599 2473 ΡΩΜΗΣ
3635 2421 3758 2474 T110-

2334 2486 2554 2540 ΘΕΣΙΣ
2587 2486 2997 2540 ΔΙΗΓΗΣΕΩΣ
3020 2490 3147 2541 ΕΙΣ
3175 2492 3262 2542 T0
3276 2490 3362 2543 ΥΣ
3394 2492 3711 2545 ΨΑΛΜΟΥΣ.

2189 2585 2235 2641 Β
2331 2598 2411 2652 Δ⁹.
2466 2597 2530 2652 Ἦ
2579 2596 2761 2669 βίϐλος
2800 2598 2908 2653 τῶν
2956 2600 3204 2672 Ψαλμῶν
3249 2602 3438 2674 καινὴν
3487 2603 3757 2657 διδασκαλίαν

2260 2689 2504 2762 περιέχει
2551 2688 2689 2761 μετὰ
2732 2688 2830 2761 τὴν
2882 2691 3163 2757 Μωῦσέως
3214 2694 3553 2766 νομοθεσίαν·
3600 2696 3675 2749 καὶ
3704 2696 3760 2747 ὅτι

2261 2780 2485 2854 δευτέρα
2540 2781 2678 2854 μετὰ
2736 2783 2835 2856 τὴν
2888 2785 3167 2851 Μωῦσέως
3211 2787 3433 2861 Γραφὴν
3487 2788 3759 2858 διδασκαλιχὴ

2265 2872 2444 2945 βίϐλος
2472 2875 2745 2945 τυγχάνει.
2769 2876 2923 2931 Μετὰ
2949 2877 3078 2947 γοῦν
3095 2880 3192 2952 τὴν
3215 2882 3486 2947 Μωῦσέως
3533 2883 3613 2937 καὶ
3637 2881 3759 2952 Ἰησοᾶ

2263 2963 2537 3038 τελευτὴν,
2583 2965 2677 3020 καὶ
2723 2967 2862 3038 μετὰ
2891 2972 3015 3034 τοὺς
3067 2972 3265 3043 κριτὰς
3310 2976 3467 3029 Δαυὶδ
3508 2975 3756 3046 γενόμενος,

2264 3053 2463 3108 ὡσανεὶ⁵
2488 3054 2581 3109 τοῦ
2611 3057 2865 3130 Σωτῆρος
2894 3061 3052 3125 αὐτὸς
3092 3065 3430 3135 χρηματίσαι
3457 3066 3615 3138 πατὴρ
3642 3082 3758 3119 κειτα-

2263 3144 2506 3214 ξιωθεὶς,
2540 3150 2725 3204 καινὸν
2768 3152 2966 3224 τρόπον
3015 3155 3104 3208 τὸν
3137 3157 3239 3228 τῆς
3269 3157 3567 3232 ψαλμῳδίας
3604 3158 3759 3229 πρῶτος

2277 3236 2549 3311 Ἑϐραίοις
2592 3240 2906 3312 παρέδωκε,
2941 3243 3008 3297 δι’
3050 3242 3121 3318 ἦς
3162 3249 3382 3322 ἀναιρεῖ
3424 3252 3514 3322 μὲν
3563 3249 3621 3303 τὰ
3654 3252 3759 3320 παρὰ

2263 3328 2474 3400 Μωῢσῇ
2505 3326 2634 3402 περὶ
2666 3331 2862 3386 θυσιῶν
2896 3336 3392 3411 νενομοθετημένα,
3436 3341 3599 3395 καινὸν
3630 3338 3673 3394 δὲ
3697 3341 3759 3392 τὸν

2262 3419 2332 3473 δι’
2369 3419 2585 3491 ὕμνων,
2635 3424 2729 3478 καὶ
2779 3424 3109 3497 ἀλαλαγμῶν
3156 3431 3362 3502 τρόπον
3410 3434 3504 3503 τῆς
3539 3432 3619 3486 τοῦ
3661 3428 3754 3483 Θεοῦ

2262 3511 2514 3585 λατρείας
2542 3517 2772 3587 εἰσάγει,
2816 3522 2910 3574 καὶ
2946 3522 3078 3576 ἄλλα
3105 3522 3162 3577 δὲ
3191 3527 3416 3582 πλεῖστα
3443 3528 3527 3583 τὸν
3550 3526 3755 3588 Minicio;

2262 3606 2424 3678 νόμον
2455 3609 2925 3682 ἐπαναϐεϐηκὸτα,
2975 3614 3044 3668 δι’
3070 3615 3200 3689 ὅλης
3242 3619 3405 3673 αὐτοῦ
3445 3621 3537 3691 τῆς
3568 3634 3756 3691 πραγμα-

2262 3698 2412 3762 τείας
2445 3698 2702 3755 διδάσκει.
2752 3702 2864 3757 Καὶ
2904 3704 3041 3779 αὕτη
3100 3708 3199 3779 μὲν
3240 3712 3339 3783 τῆς
3385 3712 3552 3784 βίϐλου
3582 3710 3752 3777 ὁσιότης.

2264 3787 2358 3840 καὶ
2383 3787 2444 3841 τὸ
2472 3791 2766 3863 χρήσιμονο
2812 3794 2846 3865 ὴ
2875 3793 2931 3846 δὲ
2977 3798 3126 3851 αἰτία
3174 3800 3279 3872 τῆς
3308 3804 3597 3875 ἐπιγραφῆς
3632 3798 3749 3867 αὖτη’

2190 3927 2233 3986 c
2266 3878 2453 3986 ἐπειδὴ
2481 3880 2721 3986 πλεῖστοι
2763 3885 2871 3939 τῶν
2904 3889 3148 3961 ἀδελφῶν
3174 3895 3256 3958 είς
3287 3895 3508 3967 Χριστὸν
3533 3907 3750 3947 πεπιστευ-

2263 3967 2435 4022 κότων
2458 3968 2659 4024 οἴονται
2681 3973 2780 4045 τὴν
2807 3973 2987 4045 βίϐλον
3015 3979 3223 4053 ταύτην
3241 3984 3336 4037 τοῦ
3361 3983 3516 4037 Δαυὶδ
3538 3981 3748 4053 ὑπάρχεινν

2263 4062 2628 4135 ἐπιγράφουσι
2660 4083 2722 4120 τε
2753 4069 2922 4142 αὐτὴν
2943 4112 2959 4138 ,
2994 4073 3231 4144 Ψάλμω
3262 4077 3366 4132 τοῦ
3394 4075 3574 4143 Δαυὶό,
3594 4072 3750 4127 λεκτέον

2260 4153 2330 4208 τὰ
2362 4156 2444 4219 είς
2488 4157 2636 4229 ἡμᾶς
2662 4158 2955 4231 ἐληλυθότα
2998 4167 3126 4236 περὶ
3153 4168 3341 4242 αὐτῆς.
3379 4170 3589 4241 Ἑϐραῖοι
3617 4162 3749 4235 ποιέο
3822 4208 3823 4223 η

2260 4250 2479 4322 γραψαν
2494 4252 2595 4324 τὴν
2618 4251 2797 4322 βίϐλον
2820 4256 3018 4325 Σεφρὰ
3034 4260 3266 4331 Θελεὶμ,
3294 4265 3353 4315 ἐν
3370 4261 3425 4316 δὲ
3450 4264 3559 4325 ταῖς
3575 4258 3746 4333 Πρὰξεςι

2259 4340 2373 4395 τῶν
2424 4343 2772 4414 ἀποστόλων,
2814 4349 3034 4418 ,Βίϐλος
3097 4352 3366 4424 Ψαλμῶν
3418 4352 3545 4408 εἶναι
3592 4351 3747 4417 λέγεται

2263 4430 2417 4503 (ἔχει
2447 4432 2505 4486 δὲ
2533 4436 2567 4506 ἠ
2609 4435 2754 4503 λέξις
2780 4438 2983 4506 οὕτως’
3027 4441 3125 4510 Ὠς
3165 4445 3477 4516 τέῃοαπται
3517 4444 3578 4498 ἐν
3607 4441 3747 4507 me

2260 4521 2381 4578 τῶν
2416 4527 2733 4600 Ψαλμῶν),
2781 4530 2952 4604 δνομα
2981 4534 3039 4588 δὲ
3078 4536 3139 4589 ὲν
3184 4541 3253 4610 τῇ
3286 4539 3544 4610 ἐπιγραφῇ
3580 4532 3654 4587 τοῦ
3690 4531 3747 4599 βι-

2261 4610 2433 4681 ϐλίου,
2468 4616 2530 4669 οὐ
2561 4620 2734 4675 κεῖται
2795 4622 3028 4677 ἐνταῦθα
3052 4640 3067 4655 ο
3098 4626 3132 4697 ἡ
3179 4625 3240 4680 δὲ
3278 4628 3457 4691 αίτία,
3495 4624 3548 4677 τὸ
3574 4621 3633 4694 μὴ
3666 4617 3747 4676 Mi

2260 4702 2452 4775 λόγους
2475 4707 2889 4783 ἀναγεγράφθαι
2908 4715 3001 4769 ἐπὶ
3030 4715 3207 4784 τοῦτο,
3243 4718 3375 4774 ἀλλὰ
3410 4717 3635 4771 πλειόνων
3657 4724 3745 4762 cavo

2261 4795 2522 4868 ειλέχθαι,
2550 4800 2644 4853 τοῦ
2677 4803 2900 4876 Ἔσδρα,
2927 4804 3005 4869 ὡς
3027 4808 3083 4861 αἱ
3116 4808 3437 4881 παραδόσεις
3464 4806 3619 4877 φασὶν,
3649 4795 3745 4871 μετὰ

2259 4888 2361 4961 τὴν
2400 4892 2773 4964 αἰχμαλωσίαν
2819 4899 3216 4970 συναγαγόντος
3261 4901 3497 4973 ψαλμοὺς
3553 4893 3746 4950 πλειόνων
3808 4940 3809 4973 1

2262 4980 2342 5044 είς
2364 4979 2443 5047 ἓν,
2472 4981 2505 5053 ἢ
2531 4984 2625 5038 καὶ
2644 4984 2853 5055 λόγους,
2876 4990 2938 5042 οὐ
2966 4992 3184 5056 πάντως
3214 4993 3371 5056 ὄντας
3396 4986 3627 5061 ψαλμούςο
3647 4983 3744 5049 ΠΡ⁰¹

2262 5072 2521 5129 τέτακται
2556 5076 2685 5145 γοῦν
2730 5078 2826 5133 ὲπὶ
2878 5081 2977 5152 μὲν
3004 5082 3166 5137 τινῶν
3196 5085 3257 5138 τὸ
3298 5085 3455 5138 Δαυὶδ
3490 5082 3646 5150 δνομ-α,
3677 5068 3743 5123 ἐπὶ

2260 5163 2317 5218 δὲ
2339 5165 2539 5236 ἑτέρων
2564 5167 2625 5222 τὸ
2652 5169 2996 5242 Σολομῶντος
3011 5213 3027 5239 ,
3061 5176 3155 5229 καὶ
3180 5177 3273 5230 ἐπὶ
3291 5177 3457 5232 ἄλλων
3490 5169 3570 5225 τοῦ
3603 5163 3741 5227 Ἀσάφ.

2188 5272 2239 5331 ι’)
2262 5255 2385 5311 Elei
2413 5256 2471 5311 δὲ
2519 5261 2612 5314 καὶ
2653 5261 2750 5315 τοῦ
2805 5264 3039 5338 Ἰδιθοὺμ
3077 5269 3239 5334 τινὲς,
3274 5270 3366 5322 καὶ
3407 5264 3543 5338 παρὰ
3578 5256 3742 5313 τούτονὲ

2262 5347 2410 5403 ἄλλοι
2438 5349 2704 5420 τῶνξυίῶν
2748 5356 2894 5428 Κορὲ
2912 5398 2928 5423 ,
2958 5358 3035 5423 ὡς
3082 5361 3177 5414 καὶ
3228 5361 3509 5421 Μωῦσέως,
3551 5351 3648 5407 Τῶν
3678 5339 3742 5397 οὖν

2262 5440 2529 5496 τοσούτων
2559 5444 2652 5497 ἐπὶ
2692 5447 2755 5501 τὸ
2791 5448 2922 5503 αὐτὸ
2950 5451 3301 5523 συναχθέντες
3331 5453 3378 5505 οί
3416 5449 3565 5519 λόγοι,
3597 5442 3675 5496 οὐκ
3696 5434 3742 5489 ἂν

2264 5530 2370 5586 ὑπὸ
2392 5532 2487 5587 τοῦ
2510 5534 2708 5601 εἰδότος
2737 5538 2995 5610 λέγοιντο
3011 5544 3172 5615 μόνου
3203 5543 3295 5598 τοῦ
3324 5542 3493 5597 Δαυίδ.

2332 5711 2407 5767 B'.
2459 5714 2726 5787 Ζητητέον
2771 5717 2829 5773 δὲ
2881 5720 3009 5791 περὶ
3050 5721 3162 5776 τῶν
3216 5717 3594 5791 ἀνεπιγράφων,
3634 5703 3739 5763 τινὸς

3816 4500 3817 4573 1

3814 4608 3815 4689 1

3808 4710 3813 4805 l

3806 4946 3809 5039 4

3806 5062 3807 5118 ι

597 5784 816 5844 cuinam
841 5802 937 5850 eos
958 5789 1229 5852 ascribere
1252 5801 1538 5865 oporteat:
1578 5812 1742 5855 eccur
1777 5799 1924 5856 enim
1947 5797 2017 5858 iis
2044 5815 2158 5862 non

2261 5804 2455 5872 αὐτοὺς
2484 5784 2601 5879 χρὴἽ
2618 5809 2888 5868 ὑπονοεῖν
2936 5784 3077 5869 διατι
3105 5813 3213 5888 γὰρ
3238 5814 3290 5868 κ’
3319 5784 3435 5884 at};
3463 5784 3738 5865 ἂπλουστάτη

3786 5978 3791 6087 ⁴
