3876 6340
182 355 270 409 713

1099 337 1520 397 FRAGMENTA
1571 334 1797 392 DUBIA.
1827 362 1898 372 —-
1935 331 2002 388 IN
2035 329 2366 388 PSALMOS.

3241 327 3344 385 7M

180 471 425 544 ἐπιγραφὴ
440 470 498 523 σὺ
527 466 812 540 πρόκειται
842 465 1041 528 αὐτῶν,
1070 465 1190 536 ἥτις
1215 462 1385 525 οὕτως
1414 460 1547 532 ἔχει,
1582 457 1686 512 Τοῦ

1792 454 2122 526 ριίεροηὶιυιι
2170 452 2255 507 vel
2302 449 2706 520 simplicissima
2759 447 3040 519 inscriptio
3083 447 3139 501 in
3201 448 3345 505 hunc

176 565 330 622 Δαυὶδ
352 561 596 631 ψσλμός,
627 561 661 630 ἢ
697 559 809 612 Τοῦ
834 556 1032 622 Δαυὶδ,
1056 557 1225 629 χωρὶς
1253 556 1432 624 πάσης
1456 552 1693 625 προσθή-

177 673 288 728 κης;
330 653 716 723 Ὑπενοήσαμεν
760 650 818 705 δὲ
855 650 989 703 ὅπου
1032 649 1172 719 αὕτη
1224 647 1357 719 μόνη
1413 646 1689 715 ἐπιγραφή

175 753 315 812 ἐστιν,
343 749 418 801 δτι
445 744 566 798 οὔτε
592 742 800 813 ψαλμός
827 742 942 794 ἐστι
973 741 1036 794 τὺ
1063 739 1370 812 λεγόμενον,
1402 737 1524 791 οὔτε
1558 737 1687 808 ᾠδὴ,

174 840 285 895 ἀλλὰ
309 838 453 905 λόγος
482 853 565 897 τις
591 834 649 901 ἐξ
678 835 832 900 ἁγίου
855 834 992 887 Πνεύ
1002 850 1188 904 ματος,
1213 832 1476 901 ὠφελείας
1507 831 1690 884 ἕνεκεν

171 933 254 1001 τῆς
277 929 360 984 τοῦ
384 927 672 998 δυναμένου
697 927 931 980 συνιέναι
961 923 1465 995 ἀναγεγραμμένος.
1488 919 1689 975 Ἶὶλθεν

170 1025 216 1077 δὲ
264 1025 335 1084 είς
390 1020 487 1090 ἐμὲ
547 1019 795 1092 Ἐϐραίου
849 1016 992 1080 τινὸς
1050 1016 1348 1086 παράδοσις
1392 1013 1518 1084 περὶ
1579 1011 1688 1064 τῶν

170 1108 471 1164 τελευταίων·
503 1107 622 1160 ἐπεὶ
654 1107 760 1179 γὰρ
788 1107 971 1160 πολλοὶ
1009 1102 1146 1178 ἦσαν
1175 1104 1533 1175 ἁνεπίγραφοι
1556 1143 1571 1169 ,
1609 1095 1690 1164 εἷς

167 1203 260 1256 δὲό
300 1201 398 1274 πρὸ
422 1201 621 1255 τούτων
645 1201 750 1255 τῶν
787 1199 1169 1271 άνεπιγράφων
1203 1195 1510 1268 ἐπιγραφὴν
1553 1195 1684 1266 ἔχει,

173 1294 264 1348 Τοῦ
289 1291 487 1357 Δαυίδ,
526 1291 710 1361 ἔλεγεν
749 1292 1031 1355 κάκείνους
1061 1291 1169 1345 ἀπὸ
1203 1289 1382 1344 κοινοῦ
1419 1287 1686 1359 λαμϐανο-

170 1385 359 1457 μένους,
403 1383 497 1436 τοῦ
541 1383 702 1438 Δαυὶδ
743 1385 937 1446 αὐτοὺς
981 1384 1091 1437 δεῖν
1131 1382 1462 1454 νομίζεσθαι.
1497 1381 1607 1434 Καὶ
1638 1381 1686 1434 εί

167 1475 283 1529 τοῦθ’
320 1476 516 1539 οὕτως,
571 1475 856 1530 ἀκόλουθόν
903 1477 1050 1528 ἐστιν
1073 1515 1089 1540 ,
1119 1477 1246 1539 τοὺς
1288 1475 1686 1545 ἀνεπιγράφους

165 1566 353 1620 ἐκείνων
378 1562 535 1631 εἶναι,
559 1560 635 1621 ὧν
667 1568 716 1620 οἱ
745 1566 850 1639 πρὸ
881 1566 1058 1621 αὐτῶν
1086 1565 1227 1620 κατὰ
1250 1567 1352 1636 τὴν
1379 1566 1685 1638 ἐπιγραφὴν

165 1658 313 1722 καλῶς
340 1659 471 1712 εἰσὶν
520 1659 912 1730 νενομισμένοι.
961 1658 1267 1731 Ψαλτήριον
1305 1659 1361 1712 δὲ
1399 1659 1496 1733 τὴν
1542 1677 1683 1730 παρ-

162 1749 297 1803 οῦσαν
346 1747 448 1802 τῶν
493 1750 738 1821 Ψαλμῶν
784 1750 964 1822 βίϐλον
1007 1754 1036 1805 ὀ
1068 1752 1356 1822 Προφήτης
1398 1751 1681 1822 ὠνόμασε,

163 1838 317 1910 ἐπειδὴ
358 1839 511 1910 μόνον
564 1842 698 1910 φασὶ
761 1842 852 1894 ἐπὶ
909 1843 1021 1905 τοῖς
1092 1844 1367 1912 μουσικοῖς
1436 1843 1683 1912 ὀργάνοις

162 1929 333 1986 ἄνωθεν
363 1930 682 2003 ἐπιφέρεται
708 1931 799 1983 τὸν
829 1928 1149 2002 ἐνεργοῦντα
1176 1930 1374 2000 χαλκὸν
1405 1929 1500 2000 τὴν
1541 1931 1683 2000 ἀπή-

161 2041 307 2094 χησιν,
333 2025 422 2076 καὶ
447 2024 545 2076 οὑκ
589 2023 652 2076 ἐκ
689 2022 796 2076 τῶν
837 2023 1012 2086 κάτω,
1041 2026 1152 2086 τοῖς
1185 2023 1362 2085 ἄλλοις
1392 2022 1681 2092 παραπλη-

163 2113 282 2176 σίως.
303 2114 406 2166 Ἱνα
427 2109 519 2167 οὖν
548 2113 653 2184 τὴν
678 2113 964 2181 ἀναλογίαν
991 2115 1088 2184 τῆς
1114 2113 1366 2183 τοιαύτης
1393 2113 1684 2183 ὀνομασίας

160 2207 198 2256 οἱ
236 2205 596 2276 μεμαθηκότες
653 2207 782 2259 αὐτὸ
833 2205 1114 2275 φυλάττειν
1178 2204 1542 2268 σπουδάζωσι,
1589 2203 1683 2257 καὶ

162 2298 273 2367 πρὸς
295 2297 358 2350 τά
384 2297 495 2350 ἄνω
535 2298 828 2368 βλέπωσιν,
866 2297 985 2351 ὅθεν
1011 2299 1281 2369 άπηχήθη,
1312 2298 1501 2350 τούτου
1527 2298 1682 2368 χάριν

162 2390 430 2462 1ίναλτήριον
459 2393 887 2462 προσηγόρευσε.
919 2391 1022 2444 Τοῦ
1066 2391 1170 2462 γὰρ
1215 2390 1479 2458 παναγίου
1513 2389 1680 2444 Πνεύ-

164 2498 301 2550 ματος
316 2484 589 2554 άπήχησίς
612 2485 756 2536 ἐστιν
785 2484 925 2548 ὅλον,
950 2486 1042 2537 καὶ
1074 2484 1326 2553 φθόγγος.

1714 1799 1758 1854 Β

216 2730 278 2781 l".
309 2730 451 2784 Διατί
479 2730 536 2784 δέ
581 2733 717 2784 εἰσιν
743 2731 934 2785 ἕκατον
963 2735 1291 2804 πεντήκοντα
1323 2733 1682 2804 ἐξετάσωμεν.

169 2819 216 2874 '0
235 2824 548 2892 πεντήκοντα
586 2823 814 2894 ἀριθμὸς
835 2825 917 2877 ὅτι
946 2823 1091 2877 ἐστιν
1125 2825 1286 2895 ἱερὸς,
1321 2825 1377 2877 ὲν
1410 2825 1506 2896 μὲν
1549 2816 1686 2896 ὴμέὲ

163 2928 259 2982 ραις
282 2913 427 2983 δῆλον
465 2914 573 2984 τῆς
619 2913 1049 2985 πολυθρυλλήτου
1097 2915 1500 2985 Πεντηκοστῆς,
1534 2915 1683 2970 λύσιν

161 3003 336 3068 πόνων,
391 3005 482 3059 καὶ
518 3006 862 3077 εὐφροσύνην
903 3007 1287 3079 σημαινούσης.
1331 3009 1526 3079 Διόπερ
1566 3008 1685 3061 οὐδὲ

160 3095 400 3165 νηστεύειν
426 3098 483 3150 ἐν
511 3096 743 3159 ταύταις
771 3099 1050 3168 κέκριται,
1085 3098 1204 3151 οὐδὲ
1236 3097 1434 3151 κλίνειν
1462 3098 1682 3166 γόνατα.
1712 3132 1754 3189 C

161 3186 374 3256 Σύμϐολα
417 3189 524 3261 γὰρ
576 3189 744 3242 ταῦτα
791 3191 1030 3262 μεγάλης
1068 3192 1423 3264 πανηγύρεως
1465 3192 1684 3244 ἀποκει-

163 3279 301 3350 μένης
327 3281 380 3333 ἐν
413 3284 524 3344 τοῖς
563 3279 859 3350 μέλλουσιν.
890 3279 988 3334 Ὧν
1024 3282 1148 3335 σκιὰ
1175 3283 1314 3336 κατὰ
1340 3283 1429 3336 τὸν
1472 3283 1685 3354 Ἰσραὴλ

161 3365 214 3440 ἦν
239 3373 318 3424 ἐπὶ
356 3374 457 3444 γῆς
489 3375 741 3438 ἐνιαυτὸς
785 3377 814 3428 ό
857 3375 1184 3446 καλούμενος
1232 3379 1359 3448 παρ’
1419 3376 1683 3448 Ἑϐραίοις

171 3461 357 3532 Ἰωϐὴλ,
382 3467 409 3517 ὀ
460 3467 829 3536 πεντηκοστὸς
857 3466 1071 3538 ἀριθμῷ
1114 3467 1355 3531 ἐνιαυτὸς
1392 3469 1680 3537 τυγχάνει,

160 3551 326 3608 δούλων
361 3557 697 3628 ἐλευθερίας,
732 3559 825 3611 καὶ
870 3558 1043 3630 χρεῶν
1086 3559 1368 3623 ἀποκοπὰς
1403 3559 1558 3630 ἔχων,
1590 3561 1683 3613 καὶ

161 3644 203 3696 εί
221 3663 264 3699 τι
287 3648 421 3703 ἄλλο.
454 3650 526 3702 Τὸ
563 3648 704 3719 ἱερὸν
731 3650 788 3702 δὲ
813 3649 1139 3718 Εὐαγγέλιον
1168 3647 1304 3702 οἶδεν
1335 3651 1526 3719 ἄφεσιν
1552 3667 1683 3703 πεν-

159 3744 461 3810 τηκοντάδος,
496 3744 602 3796 καὶ
633 3743 725 3796 τοῦ
760 3744 1050 3811 συγγενοῦς
1079 3742 1226 3814 αύτῷ
1250 3779 1268 3804 ,
1298 3745 1391 3796 καὶ
1417 3761 1682 3814 παρακει-

163 3832 292 3901 μένου
316 3835 546 3906 ἀριθμοῦ
580 3835 1024 3888 πεντακοσιοποῦ
1051 3852 1064 3865 ·
1097 3836 1157 3889 ού
1199 3835 1306 3906 γάρ
1351 3836 1524 3906 μάτην
1558 3853 1684 3888 πεν-

159 3927 356 3993 τήκοντα
383 3927 678 3998 δηναρίων,
711 3929 805 3983 καὶ
842 3927 1203 3980 πεντακοσίων
1232 3928 1421 3995 ἄφεσις
1464 3926 1680 3980 δίδοται.

159 4014 312 4072 θῦτως
355 4014 480 4083 οὖν,
512 4019 615 4071 καὶ
659 4019 784 4082 τοὺς
836 4019 1033 4088 ὕμνους
1089 4021 1213 4080 τοὺς
1257 4020 1336 4079 είς
1385 4016 1545 4082 Θεὸν,
1593 4017 1684 4068 ἐπὶ

158 4109 433 4181 καθαιρέσει
461 4109 699 4182 ἐχθρῶν,
727 4111 820 4164 καὶ
853 4107 1168 4180 εὐχαριστίᾳ
1194 4110 1260 4178 τῇ
1286 4107 1426 4160 κατὰ
1454 4107 1552 4170 τὰς
1589 4107 1682 4160 τοῦ

159 4199 264 4253 Θεοῦ
289 4203 622 4273 εὐεργεσίας,
656 4202 820 4272 ἐχρῆν
857 4202 1124 4271 περιέχειν
1153 4201 1213 4254 οὐ
1241 4200 1366 4270 μίαν
1395 4217 1688 4269 πεντηκον-⁵

158 4293 282 4357 asa,
309 4295 438 4348 ἀλλὰ
466 4297 647 4366 τρεῖς,
675 4295 753 4356 είς
780 4293 949 4364 ὄνομα
988 4293 1227 4364 Πατρός,
1265 4293 1357 4346 καὶ
1389 4292 1516 4345 Υίοῦ
1534 4333 1548 4358 ,
1592 4294 1686 4346 καὶ

162 4383 287 4450 ἁγίου
307 4386 436 4438 Πνεύ
445 4403 638 4456 ματος.

1792 547 2010 602 modum
2039 554 2332 615 concepta,
2387 541 2607 596 Davidis
2653 541 2884 610 psalmus
2933 542 3046 597 sive
3090 537 3342 605 Davidis,

1792 637 1994 706 absque
2028 636 2138 690 ullo
2163 649 2388 706 prorsus
2416 632 2821 688 additamento?
2849 633 3023 702 Atque
3071 630 3186 686 haec
3226 631 3346 685 ubi-

1790 741 2004 796 cunque
2044 726 2158 780 sola
2205 722 2444 780 occurrit
2473 721 2784 794 inscriptio,
2829 720 3086 790 suspicati
3117 733 3341 784 sumus,

1791 833 1965 888 neque
2003 816 2268 886 psalmum
2317 814 2621 884 subjectum
2667 827 2807 874 esse,
2846 825 3018 881 neque
3048 810 3341 875 canticum,

1790 918 1846 963 at
1889 923 2194 963 sermonem
2244 906 2532 976 quemdam
2589 903 2648 958 S.
2699 902 2932 973 Spiritus
2961 902 3146 966 ductu,
3198 902 3344 956 illius

1789 1001 1963 1071 gratia
1986 1000 2340 1070 divulgatum,
2358 997 2451 1067 qui
2476 995 2759 1050 utilitatem
2787 992 3128 1064 intelligendo
3149 1006 3344 1062 capere

1787 1099 1988 1162 posset.
2021 1089 2096 1146 De
2132 1089 2422 1162 postremis
2454 1087 2671 1158 quidem
2701 1085 2873 1147 hisce,
2911 1085 2977 1138 ad
3007 1099 3091 1138 me
3135 1082 3343 1138 Hebraei

1787 1182 2070 1253 cujusdam
2101 1180 2434 1252 permanavit
2473 1178 2660 1249 opinio
2686 1194 2716 1232 a
2757 1177 3055 1246 majoribus
3087 1183 3340 1242 accepta:

1787 1290 1912 1330 nam
1936 1275 2155 1346 quando
2177 1282 2304 1329 sunt
2333 1272 2514 1342 plures
2541 1269 2746 1339 absque
2782 1268 2936 1322 titulo
2963 1265 3176 1336 psalmi,
3201 1279 3344 1320 unus

1787 1373 1969 1420 autem
2017 1379 2126 1434 pra:
2172 1363 2382 1418 caeteris
2425 1359 2830 1429 inscriptionem
2878 1356 3039 1410 habet
3086 1353 3340 1418 Davidis,

1786 1457 1990 1520 aiebat,
2025 1456 2146 1510 illos
2186 1455 2349 1509 etiam
2394 1449 2670 1508 communi
2727 1463 2892 1504 sensu
2925 1447 2993 1501 ad
3027 1446 3203 1516 ipsum
3239 1442 3346 1497 Da-

1785 1546 1961 1613 videm
1995 1543 2182 1599 referri
2207 1552 2475 1613 apol-tere.
2510 1538 2667 1605 Quod
2711 1538 2754 1592 si
2794 1550 2980 1590 verum
3004 1542 3109 1598 est,
3146 1547 3342 1589 conse-

1784 1652 1957 1706 quens
2005 1634 2192 1700 fuerit,
2225 1649 2319 1688 eos
2369 1631 2570 1702 pariter
2608 1629 2701 1699 qui
2755 1627 2912 1682 titulo
2949 1627 3337 1689 destituuntur,

1786 1729 2000 1784 illorum
2050 1740 2206 1788 esse,
2255 1725 2346 1793 qui
2402 1721 2814 1792 praecedentium
2873 1724 3121 1772 auctores
3182 1715 3338 1784 juxta

1783 1816 2186 1886 inscriptionem
2213 1814 2334 1882 jure
2386 1812 2590 1882 optimo
2636 1817 2970 1879 reputantur.
3018 1805 3338 1864 Psalterium

1782 1920 1959 1964 autem
1999 1925 2029 1964 a
2067 1905 2334 1976 Propheta
2383 1909 2751 1970 nuncupatum
2803 1909 2886 1955 est
2919 1898 3023 1952 hoc
3059 1897 3337 1958 volumen,

1782 2010 2062 2073 propterea
2100 1997 2267 2067 quod,
2305 1995 2480 2059 aiunt,
2510 1993 2684 2048 solum
2714 1991 2852 2045 inter
2880 1988 3085 2043 musica
3129 1988 3337 2040 instru-

1784 2099 1964 2146 menta
1994 2104 2025 2143 e
2058 2085 2320 2157 superiori
2351 2091 2523 2154 parte,
2559 2080 2781 2134 minime
2813 2094 2941 2132 vero
2971 2084 3039 2133 ex
3067 2075 3334 2140 infcriori,

1781 2179 2237 2252 quemadmodum
2267 2175 2324 2230 lit
2353 2176 2407 2228 in
2448 2171 2676 2239 czeteris,
2717 2179 2933 2225 resonet
2963 2169 3175 2239 pulsato
3205 2181 3333 2223 aere.

1784 2272 1855 2328 Ut
1879 2287 2006 2342 ergo
2028 2267 2401 2341 appellationis
2425 2264 2691 2336 ejusmodi
2721 2264 3004 2324 rationem,
3032 2263 3125 2332 qui
3155 2261 3334 2316 edocti

1785 2377 1930 2433 sunt,
1961 2379 2173 2420 servare
2194 2360 2598 2423 contenderent,
2630 2373 2692 2412 ac
2731 2371 2924 2426 supera
2959 2356 3100 2409 unde
3121 2361 3339 2409 resonat

1785 2462 2140 2521 intuerentur,
2175 2455 2374 2509 idcirco
2428 2449 2747 2505 Psalterium
2800 2445 3186 2502 denorninavit.
3241 2443 3338 2501 Est

1783 2550 2058 2604 enimvero
2090 2555 2260 2602 totum
2298 2543 2501 2598 reddita
2529 2555 2653 2604 vox,
2688 2549 2740 2594 et
2781 2539 2959 2592 littera
3003 2536 3335 2593 sanctissimi

1786 2638 2041 2712 Spiritus.

1858 2733 1944 2789 Ill.
1983 2732 2095 2788 Cur
2123 2740 2303 2803 autem
2332 2735 2548 2782 centum
2577 2721 2962 2795 quinquaginta
3001 2719 3110 2773 sint
3136 2717 3336 2773 Psalmi

1785 2824 2153 2894 dispiciamus.
2216 2817 2736 2888 Quinquagesimum
2798 2826 3083 2866 numerum
3121 2825 3337 2864 sacrum

1786 2914 1991 2976 haberi,
2032 2927 2095 2966 ex
2139 2911 2332 2964 diebus
2377 2905 2815 2962 celebratissima:
2851 2899 3194 2956 Pentecostes
3223 2913 3339 2952 ωδε

1787 3006 2041 3061 nifestum
2093 3012 2195 3068 est,
2236 3001 2479 3054 laborum
2531 2998 2691 3052 tinem
2725 3005 2777 3049 et
2829 2993 3065 3049 laatitiam
3121 3000 3339 3060 porten-

1787 3099 2005 3152 dentis:
2057 3095 2280 3163 ideoque
2322 3107 2422 3146 nec
2466 3089 2733 3165 jejunium
2781 3102 2846 3140 eo
2883 3096 3119 3154 tempore
3153 3082 3338 3137 decre-

1789 3201 1900 3244 tum
1927 3196 2030 3252 est,
2067 3202 2165 3240 nec
2192 3185 2249 3252 in
2286 3199 2461 3254 genua
2498 3181 2838 3251 snpplicatio.
2877 3175 3039 3248 Signa
3080 3175 3338 3230 nimirum

1785 3283 1898 3334 haec
1944 3288 2070 3333 sunt
2116 3291 2324 3345 magna:
2368 3272 2697 3328 celebritatis
2734 3271 2788 3324 in
2811 3277 3111 3339 .posterum
3157 3281 3338 3321 reser-

1783 3379 1939 3434 vatae,
1971 3368 2127 3438 cujus
2161 3364 2500 3422 adumbratio
2548 3362 2603 3416 in
2635 3361 2793 3416 terris
2835 3359 2976 3430 apud
3015 3357 3180 3413 lsrael
3224 3364 3344 3411 erat

1783 3475 1958 3515 annus
1987 3457 2226 3512 Hebraeis
2269 3455 2447 3510 dictus
2471 3450 2644 3515 labet,
2671 3450 2763 3519 qui
2802 3463 3031 3503 numero
3071 3446 3340 3516 quinqua-

1784 3553 2019 3624 gesimus
2057 3558 2140 3603 est
2189 3561 2402 3608 annus,
2450 3541 2620 3597 servis
2670 3540 3008 3603 libertatem,
3063 3552 3342 3606 novasque

1787 3644 2027 3706 tabulas,
2064 3656 2127 3694 ac
2162 3640 2207 3693 si
2250 3637 2378 3708 quid
2432 3634 2577 3689 aliud
2609 3633 2904 3687 adducens.
2951 3627 3114 3683 Novit
3154 3637 3338 3683 autem

1786 3739 1843 3790 S.
1874 3733 2223 3803 Evangelium
2266 3726 2716 3784 condonationem
2758 3721 3216 3792 quinquagesimi,
3245 3734 3339 3774 co-

1785 3827 2038 3897 gnatique
2092 3822 2192 3892 ipsi
2253 3835 2317 3874 ac
2380 3815 2612 3886 appositi
2670 3814 2883 3868 numeri
2951 3810 3334 3882 quingenarii:

1786 3932 1959 3988 neque
1998 3915 2143 3969 enim
2188 3911 2304 3967 sine
2342 3922 2506 3964 causa
2557 3904 2949 3976 quinquaginta
2987 3901 3336 3957 denariorum

1786 4001 2056 4065 remissio,
2094 4009 2152 4054 et
2190 3999 2609 4068 quingentorum
2653 3993 2975 4047 tribuitur’.
3021 3990 3112 4046 Sic
3155 3990 3337 4058 itaque

1785 4109 1839 4152 et
1870 4097 2098 4168 hymnos
2130 4107 2256 4161 erga
2293 4089 2458 4144 Deum
2495 4101 2594 4157 pro
2633 4085 2824 4141 deletis
2865 4083 3132 4148 hostibus,
3176 4097 3339 4152 agen-

1786 4191 1976 4258 disque
2007 4185 2117 4239 Deo
2159 4182 2346 4254 gratiis
2388 4188 2606 4250 propter
2653 4185 2868 4246 accepta
2900 4175 3190 4238 beneﬁcia,
3229 4188 3338 4227 non

1789 4297 1949 4335 unam
2012 4277 2292 4346 complecti
2367 4273 2590 4327 decebat
2648 4268 3186 4340 quinquagesimam,
3246 4266 3340 4320 sed

1789 4383 1918 4435 tres,
1959 4373 2028 4425 ob
2061 4385 2255 4424 nomen
2286 4367 2480 4431 Patris,
2511 4365 2635 4420 Filii
2666 4374 2718 4418 et
2748 4363 2982 4433 Spiritus
3008 4361 3204 4415 sancti.

215 4478 275 4530 Δ¹.
314 4451 565 4550 Περιέχει
603 4477 658 4530 δὲ
689 4479 721 4548 ἡ
771 4476 1131 4546 πεπηκοντὰς
1181 4475 1320 4527 ἑπτὰ
1359 4473 1682 4544 ἑϐδομάδας,

1857 4465 1944 4520 ιν.
1975 4462 2230 4519 Continet
2261 4475 2385 4514 vero
2426 4457 2870 4529 quinquagesima
2903 4462 3106 4524 septem
3138 4451 3341 4507 hebdo-

161 4569 371 4625 σάϐϐατα
401 4571 707 4633 σαϐϐάτων,
739 4569 830 4622 καὶ
861 4567 1030 4639 ἀρχὴν
1065 4566 1198 4637 μετὰ
1221 4565 1395 4618 τέλεια
1424 4564 1685 4630 σάϐϐατα,

161 4659 275 4732 ὑπὲρ
302 4663 364 4717 τά
395 4663 643 4717 σάϐϐατα
672 4665 729 4714 ἐν
759 4660 966 4728 ὀγδοάδι
997 4657 1208 4728 άληθῶς
1238 4657 1426 4726 καινῆς
1447 4655 1688 4710 ἀναπαύ-

163 4768 292 4816 σεως.
331 4756 436 4808 Καὶ
465 4753 626 4808 τοῦτο
663 4753 755 4806 ἐπὶ
785 4751 892 4805 τῶν
921 4749 1161 4820 Ψαλμῶν
1189 4751 1217 4800 ὁ
1262 4749 1551 4818 δυνάμενος
1593 4765 1689 4818 τη-

163 4844 296 4914 ρείτω
322 4847 502 4918 μεῖζον
533 4846 565 4916 ἢ
599 4846 716 4899 κατ’
765 4844 1065 4914 ἄνθρωπον,
1096 4843 1154 4894 τὸ
1194 4841 1285 4894 ἐπὶ
1322 4841 1534 4892 πάντων
1564 4839 1688 4902 τοὺς

161 4933 319 5005 λόγους
344 4940 521 5010 εὑρεῖν
561 4937 636 5000 ὠς
669 4935 1118 5007 παραθησόμεθα.
1145 4926 1268 4986 Οἷον
1304 4933 1384 4986 ὅτι
1419 4932 1480 4984 ού
1513 4930 1686 5001 μάτην

159 5029 183 5081 ὀ
211 5029 378 5098 ὄγδοος
410 5031 544 5098 περὶ
574 5028 692 5083 τῶν
734 5025 936 5095 ληνῶν
982 5026 1378 5096 ἐπιγέγραπται
1402 5066 1416 5088 ,
1462 5022 1687 5094 καρπῶν

163 5122 397 5191 περιέχων
439 5123 498 5174 ἐν
540 5118 749 5187 ὀγδοάδι
785 5117 875 5170 τὸν
914 5114 1284 5185 άπαρτισμόν’
1331 5111 1540 5164 οὐδέπω
1581 5111 1687 5182 γάρ

162 5210 323 5282 καιρὸς
357 5212 454 5282 τῆς
503 5207 851 5272 ἀπολαύσεως
883 5205 991 5258 τῶν
1029 5202 1251 5275 καρπῶν
1291 5201 1388 5270 τῆς
1432 5200 1688 5271 ἀληθινῆς

162 5300 376 5367 ἀμπέλου
414 5301 633 5353 ἐδύνατο
659 5294 796 5351 εἶναι
829 5298 884 5348 ἐν
916 5295 1028 5356 τοῖς
1070 5292 1175 5364 πρὸ
1214 5291 1306 5344 τοῦ
1345 5290 1549 5358 ὀγδόου.
1580 5291 1688 5342 Καὶ

160 5389 227 5443 ὅτι
250 5392 274 5442 ὀ
298 5391 542 5462 δεύτερος
567 5389 715 5457 ὑπὲρ
745 5385 863 5441 τῶν
889 5383 1110 5452 ληνῶν,
1142 5380 1488 5453 ὀγδοηκοστός
1521 5382 1684 5443 ἐστιν,

161 5481 301 5551 ἄλλην
325 5482 552 5551 ὀγδοάδα
577 5481 858 5551 περιέχων,
882 5478 980 5549 τὴν
1012 5479 1070 5530 ἐν
1092 5474 1306 5527 δεκάσιν
1322 5490 1334 5502 ·
1364 5473 1391 5524 ὁ
1419 5471 1474 5524 δὲ
1505 5471 1689 5540 ὀγδοη-

163 5574 328 5636 κοστὸς
369 5575 570 5646 τρίτος,
606 5569 1045 5640 ἐπιπλεκομένων
1096 5565 1190 5619 δύο
1228 5565 1394 5633 ἁγίων
1425 5562 1686 5633 ἀριθμῶν,

161 5664 241 5716 τοῦ
269 5667 448 5734 ὀγδόου
485 5668 545 5719 ἐν
571 5666 774 5728 δεκάσι,
806 5663 899 5716 καὶ
935 5660 1026 5714 τοῦ
1050 5660 1230 5730 τρίτου
1258 5659 1315 5710 ἐν
1343 5655 1531 5727 μονάσι
1553 5672 1564 5683 ⁸
1598 5653 1690 5707 καὶ

237 5781 397 5840 'Luc.
430 5800 528 5847 vn,
553 5785 636 5837 Η.

460 5875 724 5943 PA'rttoL.
769 5875 880 5936 Gn.
907 5875 995 5953 Χ.

1789 4558 2011 4618 tnadas,
2077 4554 2427 4608 sabbatorum
2476 4549 2726 4616 sabbata,
2794 4546 2985 4616 hisque
3040 4544 3340 4609 absolutis,

1789 4649 2000 4703 initium
2044 4647 2182 4700 ultra
2221 4643 2444 4700 sabbata
2475 4643 2529 4696 in
2579 4638 2857 4695 octonario
2889 4651 3014 4692 vere
3058 4651 3210 4690 nova:
3252 4651 3341 4689 re-

1789 4741 2003 4810 quietis.
2036 4737 2199 4808 ldque
2240 4737 2291 4789 in
2343 4733 2574 4789 Psalmis
2600 4731 3000 4800 quammaxime
3053 4737 3258 4792 teneat,
3293 4729 3340 4783 si

1789 4830 1912 4899 quis
1960 4836 2170 4898 potest,
2219 4824 2394 4892 majus
2425 4822 2666 4892 profecto
2719 4834 2881 4888 quam
2936 4832 3034 4888 pro
3084 4818 3339 4882 homine,

1791 4921 2029 4976 rationes
2058 4916 2303 4971 videlicet
2333 4915 2383 4968 in
2412 4913 2664 4968 omnibus
2689 4919 2747 4964 ut
2783 4909 3038 4974 inveniat,
3073 4909 3338 4979 quemad-

1792 5011 2012 5066 modum
2068 5021 2448 5077 proponemus.
2474 5002 2641 5069 Quale
2685 5010 2766 5056 est
2795 5001 2946 5065 illud,
2973 5000 3120 5054 verbi
3153 5014 3338 5064 causa,

1792 5121 1900 5159 non
1930 5114 2130 5158 temere
2161 5107 2408 5154 octavum
2440 5096 2705 5166 psalmum
2735 5111 2828 5164 pro
2878 5092 3225 5147 torcularibus
3259 5093 3340 5145 in-

1793 5195 2051 5263 scriptum
2087 5207 2227 5253 esse,
2263 5202 2384 5243 cum
2428 5187 2482 5241 in
2525 5185 2803 5241 octonario
2833 5184 3193 5239 maturitatem
3227 5183 3340 5236 l'ru-

1794 5299 1978 5342 ctuum
2032 5279 2480 5352 comprehendat;
2533 5276 2770 5331 nondum
2827 5277 2968 5330 enim
3016 5276 3070 5330 in
3114 5277 3195 5329 his
3248 5275 3338 5344 qui

1796 5388 2044 5434 octavum
2087 5373 2408 5444 praecedunt,
2437 5371 2798 5442 perceptionis
2836 5378 3048 5439 tempus
3086 5383 3204 5422 esse
3246 5383 3340 5448 po:

1795 5480 1931 5526 terat
1966 5467 2237 5522 fructuum
2264 5479 2401 5519 vera:
2431 5463 2574 5518 vitis.
2608 5461 2912 5529 Quinetiam
2943 5460 3210 5515 secundus
3245 5472 3340 5527 pro

1799 5558 2166 5622 torcularibus,
2193 5554 2550 5623 octogesimus
2568 5561 2666 5616 est,
2690 5551 2856 5606 alium
2885 5547 3341 5617 comprehendens

1798 5649 2153 5712 octonarium,
2179 5647 2269 5716 qui
2292 5655 2372 5700 cst
2398 5646 2451 5699 in
2471 5643 2795 5707 decadibns;
2829 5639 3192 5709 octosesitnus
3219 5654 3349 5700 τοι-ο

2826 5817 2922 5912 '23
