3830 7152
537 305 640 358 ’115
1370 302 1425 356 S.
1469 299 1844 357 HlPPOLYTl
1899 300 2048 356 OPP.
2104 301 2284 355 PARS
2353 299 2392 354 1.
2427 331 2497 346 --
2535 297 2941 358 EXEGETICA.
3591 310 3674 369 iis

536 412 1295 489 tertius,conjunCtisduobus
1313 418 1483 473 sacris
1512 417 1774 484 numeris,
1815 417 2054 473 octonari

2162 469 2168 479 ,
2196 419 2324 489 περὶ
2347 417 2589 486 ἀφέσεως
2609 418 3028 490 ἁμαρτημάτων
3055 417 3236 484 ἀξιῶν,
3256 418 3343 472 καὶ
3365 420 3682 498 ἐξομολόγησιν

534 512 590 566 in
619 511 936 577 decadibus,
981 525 1044 564 ac
1086 508 1323 564 ternario
1354 509 1410 563 in
1456 509 1780 566 monadibus
1829 509 2054 579 exsurgit

2197 509 2463 581 περιέχων
2480 512 2509 562 ό
2533 511 2888 582 πεντηκοστὸς
2917 511 3082 565 ἐστιν.
3111 510 3197 574 Ὠς
3216 511 3317 581 γὰρ
3337 513 3362 563 ὁ
3387 521 3687 585 πεντηκοστὸς

536 604 645 660 Sed
684 612 737 658 et
780 618 877 673 pro
923 610 1265 670 peccatorum
1312 600 1631 655 remissione
1678 601 2002 670 deprecans,
2042 616 2054 652 ι

2196 602 2334 654 κατὰ
2392 601 2448 654 τὸ
2500 603 2828 670 Εὐαγγέλιον
2876 603 3066 671 ἄφεσιν
3121 603 3292 672 ἔσχεν,
3348 610 3601 679 μαρτυρῶν
3635 617 3686 685 τῇ

535 671 994 763 exhomologesim
1025 693 1388 762 complectens
1408 731 1422 756 ,
1455 691 1937 761 quinquagesimus
1970 699 2050 744 est

2195 697 2375 766 νοήσει
2403 697 2467 765 τῇ
2499 697 2627 766 περὶ
2657 693 2749 748 τοῦ
2788 694 3098 766 ἱωϐηλαίου,
3133 671 3301 759 οῦτως
3330 671 3522 762 ι’λτέιξεέ
3543 703 3624 754 οὐκ
3645 671 3687 756 ιζ

533 786 678 843 sicut
709 785 852 838 enim
899 784 1386 854 quinquagesimus
1424 783 1578 851 juxta
1618 781 1964 850 Evangelium
2009 798 2054 834 rt

2195 784 2413 856 ἀλλῳ,ἢ
2449 786 2506 838 ἐν
2537 785 2615 856 τῷ
2653 786 3000 856 πεντηκοστῷ
3033 786 3222 855 ἄφεσιν
3257 788 3502 858 λήψεσθαι
3523 793 3547 843 ὁ
3570 793 3688 862 εὐχό-

533 875 852 930 missionem
919 873 1192 937 obtinuit,
1257 871 1665 940 intelligentiam
1728 869 1931 939 jubiltei
1990 870 2054 922 ho

2199 891 2356 946 μενος
2379 876 2503 928 τάδε
2538 877 2660 930 τινὰ
2691 878 2788 947 τῆς
2819 877 3270 948 ὲξομολογήσεως.
3305 879 3459 933 Πάλιν
3487 897 3537 933 τε
3563 884 3688 936 αὑτοῦ

535 966 845 1022 testimonio
877 964 1237 1030 conﬁrmans;
1263 963 1335 1017 ita
1363 963 1457 1032 qui
1486 977 1667 1031 parem
1693 961 2054 1032 appetiitexhr

2195 966 2300 1019 εἰσί
2326 983 2470 1028 τινες
2497 966 2613 1019 τῶν
2637 967 2988 1036 ἀναϐαθμῶν
3006 966 3159 1037 ᾠδαὶ,
3190 968 3278 1021 τὸν
3305 969 3518 1039 ἀριθμὸν
3543 989 3691 1026 πεντε-

534 1059 855 1130 mologesim
893 1058 946 1111 in
979 1058 1085 1112 alio
1114 1057 1264 1112 nullo
1296 1066 1651 1126 przeterquam
1676 1055 1730 1108 in
1764 1055 2054 1125 quinquagt

2196 1056 2455 1121 καίδεκα,
2505 1059 2617 1110 ὅσοι
2673 1058 2768 1110 καὶ
2800 1060 2847 1110 οἱ
2893 1057 3198 1128 ἀναθαθμοὶ⁸
3250 1057 3344 1111 τοῦ
3397 1060 3541 1126 ναοῦ,
3587 1063 3695 1132 τάχα

532 1151 672 1204 simo
704 1163 932 1202 numero
959 1163 1018 1202 se
1060 1148 1272 1202 veniam
1290 1155 1666 1201 assecuturum
1687 1145 1925 1199 conlidit.
1959 1145 2054 1200 Sui

2195 1149 2448 1220 δηλοῦσαι
2481 1151 2586 1216 τὰς
2609 1150 2928 1217 ἀναϐάσεις
2958 1151 3303 1223 περιέχεσθαι
3330 1154 3386 1204 ὲν
3409 1153 3480 1223 τῷ
3508 1154 3694 1226 ἑϐδόμῳ,

531 1241 648 1295 oda:
662 1240 921 1310 graduum
941 1248 1196 1309 preterea
1213 1237 1505 1303 nonnullae,
1524 1235 1829 1305 quindecim
1850 1249 2054 1290 numeri

2197 1239 2290 1293 atati
2313 1240 2480 1310 ὀγδόῳ
2507 1240 2741 1312 ἀριθμῷ.
2780 1241 2845 1294 Ἦ
2881 1241 2937 1294 δὲ
2961 1241 3102 1313 ἀρχὴ
3131 1241 3248 1295 τῶν
3279 1244 3598 1312 ἀναϐαθμῶν
3617 1248 3700 1300 ἀπὸ

531 1343 665 1404 quot
693 1334 854 1387 etiam
884 1332 1068 1402 templi
1100 1331 1298 1401 gradus
1326 1329 1543 1384 fuerunt
1564 1347 1578 1394 ;
1598 1344 1718 1398 qua:
1745 1327 1883 1382 forte
1912 1337 2054 1383 osten

2195 1331 2484 1385 ὲκατοστοῦ
2505 1333 2768 1398 εἰκοστοῦ,
2790 1334 3150 1405 ἁπλούστερον
3175 1333 3459 1404 λεγομένου
3481 1338 3696 1405 ψαλμοῦ,

533 1427 689 1489 dunt,
708 1426 938 1494 septimo
953 1433 1007 1478 et
1029 1430 1221 1477 octavo
1247 1436 1473 1476 numero
1487 1421 1681 1490 gradus
1703 1420 1988 1475 contineri.
2006 1419 2054 1474 H;

2197 1424 2272 1487 ὡς
2302 1423 2370 1477 τὰ
2400 1425 2598 1496 ἀκριϐῆ
2635 1425 2745 1495 ἕχει
2775 1426 2880 1479 τῶν
2915 1425 3282 1496 ἀντιγράφων,
3316 1418 3475 1487 Οὗτος
3501 1425 3552 1477 δέ
3586 1427 3699 1478 ἐστιν

532 1530 664 1570 vero
682 1531 800 1584 qua:
821 1514 1080 1584 graduum
1099 1511 1374 1574 dicuntur,
1395 1509 1606 1564 initium
1636 1518 1856 1563 sumunt
1875 1525 1903 1561 a
1923 1518 2054 1563 cenn

2195 1512 2424 1583 ἀριθμὸς
2450 1513 2777 1585 τελειότητος
2808 1514 2950 1585 ξωῆς
2973 1513 3279 1585 ἀνθρώπου.
3310 1515 3414 1566 Καὶ
3444 1516 3699 1580 έκατοστὸς,

535 1607 676 1662 simo
695 1605 977 1670 vicesimo,
1006 1603 1099 1672 qui
1128 1600 1428 1670 simplicius
1454 1612 1797 1669 nuncupatur
1824 1599 2054 1667 psalmus

2197 1597 2255 1655 οῦ
2284 1604 2316 1671 ἠ
2347 1603 2516 1674 ἀρχὴ’
2555 1605 2759 1669 Ἔλεος
2791 1606 2887 1657 καὶ
2937 1603 3164 1672 κρίσεις
3193 1603 3410 1672 ᾄσομαι
3429 1606 3700 1671 σοι,Κύριε,

534 1697 992 1769 quemadmodum
1033 1693 1396 1749 emendatiora
1430 1692 1627 1745 habent
1664 1691 2011 1760 exemplaria.
2049 1693 2054 1744 Ι

2199 1695 2441 1766 περιέχει
2497 1695 2606 1766 βίον
2653 1698 2807 1765 ἁγίου
2839 1697 3262 1768 κοινωνουμένου
3292 1696 3394 1750 ὑπὸ
3421 1695 3562 1748 Θεοῦ.
3597 1697 3642 1749 '0
3662 1697 3703 1748 ὣ

532 1801 711 1846 autem
745 1798 828 1845 est
865 1803 1124 1843 numerus
1167 1785 1416 1856 perfecta:
1446 1783 1812 1852 absolutaeque
1843 1784 2054 1836 human:

2162 1776 2482 1849 τέκατοστὸς
2545 1786 2904 1858 πεντηκοστὸς
2953 1787 3252 1858 καταλήγει
3298 1787 3376 1850 είς
3440 1788 3522 1838 τι·
3569 1783 3703 1839 Πᾶσα

528 1883 716 1939 vitae".
762 1881 1100 1936 Centesimus
1127 1878 1384 1948 quidem,
1430 1878 1592 1946 cujus
1638 1875 1918 1930 exordium
1965 1886 2047 1930 est

2195 1878 2351 1945 πνοὴ
2381 1879 2673 1932 αἱνεσάτω
2700 1879 2804 1932 τόν
2823 1880 3058 1947 Κύριον.

528 1973 949 2030 Μὶεενὶεονάὶιιηι
1003 1980 1051 2025 et
1099 1971 1297 2035 iudicia
1355 1970 1574 2023 cantabo
1629 1969 1743 2032 tibi,
1804 1968 2042 2032 Domine,
2100 1972 2273 2024 sancti
2314 1972 2478 2025 vitam
2507 1973 2906 2041 complectitur,
2947 1987 2975 2025 a
3007 1969 3116 2025 Deo
3145 1970 3198 2023 in
3246 1984 3398 2024 suam
3441 1969 3703 2024 societatem

528 2068 683 2125 asciti
715 2084 730 2122 :
759 2065 1087 2121 centesimus
1113 2073 1292 2118 autem
1321 2063 1804 2133 quinquagesimus
1842 2063 1896 2116 in
1926 2077 1989 2117 ea
2019 2065 2178 2118 verba
2212 2064 2450 2120 desinit:
2491 2065 2674 2120 Omnis
2715 2068 2934 2136 spiritus
2969 2065 3148 2119 laudet
3170 2065 3472 2119 Dominum.

594 2157 661 2212 ν.
697 2158 770 2211 At
796 2156 1054 2226 quoniam
1090 2156 1142 2208 in
1173 2169 1499 2224 unoquoque
1532 2153 1741 2222 psalmo
1772 2152 1824 2207 id
1854 2151 2054 2207 eﬂicere

2257 2157 2332 2208 E'.
2365 2156 2504 2208 Ἀλλ’
2526 2158 2754 2228 ἐπείπερ
2781 2157 2856 2219 ὡς
2886 2157 3246 2228 προείπαμεν,
3278 2156 3362 2225 ἐφ’
3383 2156 3494 2216 ἑνὸς
3521 2153 3704 2208 ἑκάστου

524 2264 828 2319 causasque
860 2247 1122 2307 invenire,
1155 2245 1320 2300 sicuti
1350 2243 1556 2314 praefati
1591 2259 1803 2309 sumus,
1830 2242 2048 2297 dillicilli

2186 2245 2344 2299 τοῦτο
2392 2247 2632 2317 ποιῆσαι,
2669 2249 2762 2300 καὶ
2795 2247 2972 2316 εὑρεῖν
3017 2246 3114 2310 τὰς
3156 2245 3357 2308 αἰτίας,
3405 2245 3586 2316 σφόδρα
3620 2245 3707 2296 ἐστὶ

524 2359 673 2398 mum
703 2351 807 2403 est,
831 2347 1188 2407 naturamque
1222 2336 1500 2390 hominum
1524 2335 1828 2399 excedens;
1859 2334 1942 2388 his
1970 2334 2051 2386 vel

2187 2340 2585 2410 χαλεπώτατον,
2628 2340 2721 2393 καὶ
2767 2339 3084 2407 δυσέφικτον
3125 2341 3193 2408 τῇ
3237 2335 3526 2408 ἀνθρώπων
3564 2335 3705 2405 φύσει,

523 2436 605 2491 uti
637 2431 977 2488 lineamentis
1023 2428 1346 2498 quibusdam
1382 2426 1676 2496 propositis
1715 2424 1952 2480 contenti
1979 2425 2054 2478 eri

2187 2431 2392 2495 τούτοις
2425 2431 2890 2503 ἀρκεσθησόμεθα,
2923 2430 3250 2502 ὑπογραφῆς
3310 2430 3464 2500 χάριν
3495 2445 3507 2458 '
3575 2428 3706 2498 μόνον

522 2541 665 2580 mus.
702 2521 882 2578 Unum
921 2519 1051 2574 illud
1081 2519 1419 2587 adjiciemus,
1450 2516 1594 2584 quod
1641 2526 1747 2568 non
1784 2513 1970 2567 eodem
2000 2527 2054 2566 or

2189 2522 2533 2594 προσθέντες,
2561 2523 2732 2576 ὅτιού
2768 2524 2909 2576 κατά
2952 2523 3048 2593 τὴν
3088 2521 3242 2587 τάξιν
3283 2522 3381 2591 τῆς
3423 2519 3616 2591 γραφῆς
3633 2519 3706 2590 τῆς

523 2617 651 2673 dine
677 2630 786 2686 quo
805 2614 1011 2683 scripta
1037 2611 1261 2664 historia
1287 2617 1391 2670 est,
1421 2606 1616 2676 psalmi
1646 2605 1740 2675 qui
1765 2605 1833 2658 ab
1860 2603 2050 2658 histori

2190 2615 2446 2686 ἱστορίας,
2481 2619 2528 2669 οἱ
2557 2615 2836 2678 δοκοῦντες
2867 2613 3133 2687 ἠρτῆσθαι
3165 2613 3269 2684 τῆς
3302 2615 3530 2684 ἱστορίας
3548 2612 3708 2682 ψαλμοὶ

519 2708 752 2781 pendere
783 2704 1051 2766 videntur,
1085 2713 1212 2758 sunt
1244 2699 1521 2770 inscripti;
1560 2697 1786 2767 ejusque
1831 2696 1909 2750 rei
1955 2710 2054 2749 cau

2187 2709 2579 2779 ἐνεγράφησαν.
2616 2709 2723 2761 Καὶ
2754 2708 2928 2761 αἰτίαν
2959 2708 3158 2760 τούτων
3192 2707 3302 2776 ἔχει
3324 2711 3340 2728 ·
3374 2707 3470 2759 οὐκ
3501 2703 3708 2775 dumut";

522 2816 638 2856 sam
683 2799 884 2854 nullam
938 2795 1220 2857 habemus,
1253 2793 1356 2846 nisi
1405 2804 1662 2844 numeros
1706 2788 1796 2856 qui
1851 2795 1978 2841 sunt
2029 2787 2054 2839 i1

2186 2799 2307 2862 τοὺς
2337 2798 2599 2869 ἀριθμοὺς
2635 2799 2690 2850 ὲν
2717 2791 2795 2862 οἷς
2825 2799 2928 2850 εἱσι
2953 2796 3275 2867 τεταγμένοι
3301 2797 3351 2848 οἱ
3376 2793 3581 2866 ψαλμοί.
3614 2787 3708 2846 οἷον

520 2893 860 2948 Psalmorutn
894 2888 1033 2943 serie
1069 2884 1365 2940 constituti.
1391 2881 1636 2950 Namque
1669 2879 1893 2933 historia
1920 2878 2048 2976 quiq

2183 2889 2216 2958 ὴ
2245 2888 2446 2958 ἱστορία
2474 2885 2566 2939 τοῦ
2592 2885 2951 2958 πεντηκοστοῦ
2983 2885 3220 2957 πρώτου,
3243 2887 3484 2958 προτέρα
3509 2883 3610 2936 ἐστὶ
3634 2881 3710 2948 τῆς

521 2980 818 3053 quagesitni
853 2977 1030 3047 primi,
1061 2975 1208 3044 prior
1249 2983 1329 3028 est
1371 2972 1460 3026 illa
1508 2966 1966 3040 quinquagesimi;
2002 2966 2048 3020 si

2189 2980 2427 3049 ἱστορίας
2470 2978 2562 3031 τοῦ
2599 2978 2990 3049 πεντηκοστοῦο
3031 2979 3100 3032 τὰ
3140 2977 3252 3049 γὰρ
3303 2979 3430 3049 περὶ
3477 2976 3618 3046 Δωὴκ
3642 2975 3709 3026 τὸν

519 3073 733 3143 quidem
791 3085 853 3123 ea
910 3081 1029 3136 quae
1076 3065 1220 3134 Doeg
1267 3063 1560 3118 ldumaeum
1619 3060 1934 3130 respiciunt,
1989 3075 2054 3128 qu

2199 3070 2488 3142 Ἰδουμαῖον
2541 3071 2885 3125 διαϐάλλοντα
2933 3071 3023 3123 τὸν
3077 3069 3242 3122 Δαυὶδ
3286 3069 3366 3141 τῷ
3413 3069 3588 3133 Σαοὺλ,
3627 3069 3710 3128 πᾶς

520 3165 660 3235 apud
692 3162 821 3216 Saul
857 3159 1107 3214 Davidem
1142 3156 1502 3210 calumniatus
1525 3163 1626 3217 est,
1659 3168 1818 3207 nemo
1855 3167 2054 3220 negave

2183 3161 2430 3230 ὁμολογεῖ
2478 3162 2714 3232 πρότερα
2755 3155 2891 3214 εἶναι
2941 3161 3038 3231 τῆς
3092 3160 3229 3232 πρὸς
3278 3161 3376 3231 τὴν
3423 3159 3510 3214 τοῦ
3554 3159 3708 3230 Οὐρίου

519 3257 589 3310 rit
620 3256 800 3324 priora
832 3267 954 3307 esse
983 3259 1202 3322 peccato
1236 3263 1357 3302 cum
1389 3261 1556 3300 uxore
1575 3244 1749 3299 'Uriae.
1775 3242 1926 3298 Haud
1952 3258 2054 3298 veri

2186 3253 2477 3323 ἁμαρτίας.
2513 3255 2625 3307 Οὐκ
2658 3254 2864 3322 ἀλόγως
2904 3254 2959 3307 δὲ
2999 3254 3060 3306 τὸ
3090 3255 3189 3326 τῆς
3219 3255 3458 3325 ἱστορίας
3485 3254 3707 3322 δεύτερον.

518 3349 636 3403 sine
684 3346 891 3400 ratione
939 3343 1079 3413 quod
1118 3343 1171 3396 in
1217 3339 1440 3395 historia
1489 3338 1757 3408 posterius
1799 3345 1900 3401 est,
1936 3350 2054 3404 quot

2188 3343 2572 3416 πρότερόνὲστι
2603 3345 2696 3397 τοῦ
2722 3346 2818 3415 τῆς
2850 3345 3087 3416 ἱστορίας
3118 3346 3409 3418 προτέρου,
3441 3345 3627 3416 ἐπειδὴ,
3655 3345 3711 3406 ὡς

517 3443 669 3512 prius
713 3441 768 3492 in
819 3438 1006 3492 eadem
1057 3444 1158 3500 est,
1201 3432 1500 3497 antecedit;
1528 3427 1964 3501 quandoquidem
1997 3429 2049 3480 in

2186 3437 2608 3507 προειρήκαμεν,
2631 3438 2660 3488 ὁ
2708 3439 2831 3509 περὶ
2868 3439 3110 3505 ἀφέσεως
3139 3438 3307 3501 τόπος
3339 3437 3595 3506 συγγενής
3625 3437 3708 3486 ἐστι

517 3535 806 3605 dulgentim
838 3533 1013 3595 locus,
1042 3539 1100 3584 ut
1147 3530 1308 3599 paulo
1355 3538 1480 3582 ante
1529 3527 1786 3586 diximus,
1816 3533 2046 3594 cognata

2183 3524 2260 3594 τῷ
2308 3527 2651 3598 πεντηκοστῷ
2701 3529 2933 3599 ἀριθμῷ.
2967 3531 3026 3582 '0
3070 3527 3128 3582 δὲ
3171 3530 3275 3582 οὐκ
3321 3530 3468 3597 ἄξιος
3511 3528 3711 3596 ἀφέσεως

517 3637 597 3683 est
651 3640 874 3680 uttmcro
923 3621 1396 3692 quinquagesimo.
1426 3618 1686 3689 Quisquis
1734 3632 1863 3687 ergo
1919 3616 2054 3670 veni:

2179 3616 2481 3686 ὐπερέπεσε
2537 3619 2628 3671 τὸν
2681 3620 3040 3691 πεντηκοστὸν
3093 3620 3347 3692 ἀριθμὸν,
3394 3621 3468 3684 ὡς
3516 3621 3650 3687 Δωῆκ
3690 3619 3710 3667 δ

514 3717 768 3789 indignus
803 3714 984 3776 fuerit,
1033 3713 1079 3767 is
1125 3711 1636 3782 quinquagesimum
1673 3722 1956 3761 numerum
1991 3721 2052 3759 ex

2190 3703 2515 3775 Ἰδουμαῖος
2550 3709 2909 3778 πεντηκοστὸς
2945 3711 3054 3781 γὰρ
3094 3710 3310 3782 πρῶτός
3353 3711 3496 3763 ὲστιν
3525 3711 3550 3761 ὁ
3571 3709 3710 3773 ἀπαγ-

516 3805 698 3866 cessit,
733 3799 1187 3870 quemadmodum
1236 3797 1379 3868 Doeg
1405 3796 1708 3860 ldumazus;
1740 3796 2054 3865 quinquage-

2175 3794 2377 3860 γέλλων
2404 3799 2472 3852 τὰ
2498 3800 2626 3869 περὶ
2654 3801 2835 3855 αὑτοῦ.
2855 3801 3013 3856 ’Λλλά
3049 3803 3152 3874 μὴν
3187 3803 3283 3855 καὶ
3315 3803 3514 3873 τρίτος,
3559 3798 3709 3866 ἐπειδὴ

514 3895 686 3949 simus
719 3893 929 3963 primus
957 3892 1099 3945 enim
1129 3900 1210 3945 est
1236 3891 1496 3959 psalmus,
1531 3889 1583 3942 in
1613 3903 1723 3956 quo
1760 3902 1821 3940 ea
1856 3901 1975 3955 quae
1999 3901 2054 3938 at

2173 3886 2261 3938 ὅτε
2314 3887 2507 3956 ἔφευγε
2556 3892 2717 3944 Δαυ“ιδ
2764 3892 2869 3946 ἀπὸ
2922 3893 3212 3965 προσώπου
3257 3893 3597 3963 Ἀϐεσσαλὼμ
3637 3889 3709 3942 τοῦ

513 3983 688 4054 ipsum
741 3983 1005 4053 pertinent
1048 3989 1389 4034 enarrantur.
1424 3977 1584 4048 Atqui
1625 3977 1814 4031 tertius
1860 3992 2054 4045 (ιυοίιω

2178 3976 2293 4028 υἱοῦ
2314 3979 2486 4032 ἀὑτοῦ
2519 3981 2754 4053 εἴρηται,
2783 3985 2941 4055 δῆλον
2971 3988 3081 4049 τοῖς
3099 3986 3436 4054 ἀνεγνωκόσι
3468 3985 3557 4047 τὰς
3582 3984 3710 4036 Best-

510 4076 755 4130 eamdem
787 4075 946 4128 hahet
976 4072 1406 4127 observationem
1445 4089 1456 4122 :
1493 4086 1602 4139 quo
1642 4069 1784 4123 enim
1835 4078 2054 4138 temporc

2176 4068 2340 4134 λείας,
2355 4071 2434 4123 ὅτι
2466 4074 2602 4142 μετά
2629 4076 2719 4128 τὸν
2749 4083 2827 4130 ναν
2849 4079 2984 4141 ἐστὶ,
3018 4079 3114 4131 καὶ
3137 4078 3227 4130 τὸν
3255 4084 3323 4130 ν’.
3351 4078 3462 4131 Καὶ
3479 4075 3542 4129 τὰ
3565 4071 3709 4127 τοιαῦ-

512 4167 676 4222 David
717 4165 953 4236 profugit
1003 4179 1032 4218 e
1085 4171 1374 4231 conspectu
1408 4161 1642 4214 Absalon
1677 4159 1768 4212 tilii
1815 4159 1897 4213 sui
1953 4174 2054 4227 pro

2176 4176 2241 4211 τα
2292 4160 2336 4212 δ’
2369 4165 2416 4215 εί
2473 4165 2747 4218 ὲπιπλεῖόν
2777 4185 2858 4230 τις
2890 4167 3172 4239 διατρίψας
3203 4171 3446 4241 τηρήσῃ,
3480 4168 3573 4238 τῆς
3605 4168 3712 4219 ἱστο-

511 4260 792 4315 nuntiatus
830 4267 930 4321 est,
963 4257 1105 4325 quod
1142 4255 1304 4324 probe
1355 4261 1574 4314 norunt,
1625 4252 1715 4320 qui
1764 4248 2054 4320 Regnoruu

2177 4249 2316 4320 ρίας,
2344 4253 2437 4306 καὶ
2467 4253 2575 4307 τῶν
2613 4257 2932 4328 ἐπιγραφῶν
2967 4257 3357 4329 ἀκριϐέστερον
3401 4259 3607 4329 εὑρήσει
3633 4252 3709 4314 τὰς

509 4351 678 4405 libros
725 4347 1075 4419 perlegerim;
1108 4345 1351 4412 adeoque
1383 4350 1505 4411 post
1554 4339 2054 4410 quinquagesimutr

2173 4341 2370 4406 αἱτίας,
2401 4345 2499 4415 τῆς
2526 4363 2584 4398 τε
2616 4348 2819 4414 τάξεως
2845 4349 2951 4402 τῶν
2977 4349 3239 4420 Ψαλμῶν.

509 4458 562 4502 et
601 4443 1112 4517 quinquagesimum
1149 4441 1384 4510 ptimum
1438 4445 1584 4492 esset
1638 4435 2019 4490 recensendus.
2061 4432 2193 4499 Quae
2219 4438 2457 4506 quidem,
2493 4442 2703 4512 aliaque
2737 4444 3046 4513 hujusmodi
3098 4447 3141 4499 si
3190 4445 3318 4513 quis
3369 4445 3585 4500 ulterius
3611 4453 3708 4511 per-

510 4541 786 4609 sequendo
821 4533 1242 4599 animadvertat,
1280 4547 1383 4586 non
1417 4533 1596 4584 minus
1631 4529 1871 4582 historia:
1905 4539 2066 4595 atque
2099 4526 2533 4600 inscriptionum,
2559 4552 2721 4606 quam
2747 4539 2957 4594 ordinis
2986 4537 3328 4594 Psalmorum
3377 4540 3607 4595 rationes
3634 4551 3705 4591 ac-

509 4631 753 4684 curatius
782 4626 1162 4696 deprehendet.

579 4719 666 4774 Vl.
709 4719 842 4774 ιιιυά
869 4733 1084 4789 quoque
1117 4729 1223 4770 non
1255 4714 1572 4781 dissimilem
1624 4719 1923 4781 respectum
1960 4710 2054 4763 ha-

2232 4715 2324 4779 q'.
2370 4715 2528 4779 Εἰκὸς
2556 4716 2599 4768 δ’
2630 4717 2772 4786 ἔχειν
2799 4717 3192 4786 ἁναλογίανκαὶ
3226 4720 3306 4782 τὸ,
3347 4721 3503 4790 μόνον
3530 4735 3684 4789 amet“,

503 4813 632 4867 bere
659 4818 1080 4866 consentaneum
1110 4818 1212 4870 est,
1241 4808 1415 4862 solum
1464 4805 1668 4860 scilicet
1701 4819 1762 4858 ex
1791 4803 2054 4873 prophetis

2162 4805 2268 4857 τῶν
2301 4807 2388 4859 τὸν
2417 4809 2577 4862 Δαυὶδ
2610 4811 2705 4863 σὺν
2736 4811 2948 4882 ὀργάνῳ
2980 4815 3502 4882 πεπροφητευκέναι,
3539 4812 3607 4882 τῷ
3627 4827 3704 4864 πα·

502 4905 755 4960 Davidem
788 4903 1003 4957 oracula
1047 4902 1248 4956 fudisse
1281 4916 1402 4954 cum
1442 4899 1801 4953 instrumento
1831 4898 2058 4957 musico,

501 4997 647 5066 quod
693 5011 723 5049 a
755 4996 956 5050 Graecis
987 4995 1201 5064 quidem
1237 4992 1550 5063 psalterium
1585 4989 1906 5059 appellatur,
1953 4985 2058 5041 He—

503 5089 662 5143 braeis
707 5103 832 5140 vero
881 5089 1055 5144 nubta.
1089 5099 1363 5154 unumque
1412 5083 1549 5136 inter
1595 5080 1802 5134 musica
1849 5079 2054 5133 instru-

500 5190 683 5235 menta
717 5179 1073 5233 rectissimum
1108 5186 1209 5239 est,
1239 5175 1370 5228 nihil
1408 5175 1610 5227 habens
1644 5171 1919 5226 inﬂexum.
1950 5169 2054 5224 Ne-

499 5289 608 5343 que
636 5288 762 5326 vero
785 5271 1078 5340 quidquam
1113 5270 1176 5323 ad
1200 5283 1391 5322 sonum
1419 5266 1695 5320 confertur
1717 5282 1781 5318 ex
1810 5265 2051 5318 interiori

499 5375 672 5434 parte,
700 5371 760 5418 ut
801 5363 852 5416 in
880 5362 1085 5417 cithara
1111 5360 1394 5430 contingit,
1419 5358 1651 5427 aliisque
1678 5357 1972 5418 nonnullis,
2001 5365 2054 5412 at

497 5472 530 5510 e
561 5453 846 5525 superiori.
880 5452 977 5508 1E5
1007 5452 1262 5506 nimirum
1292 5452 1346 5504 in
1375 5451 1579 5506 cithara
1605 5458 1659 5505 et
1688 5450 1806 5521 lyra
1829 5449 2053 5502 interius

498 5557 718 5603 resonat
743 5547 1001 5601 adversus
1028 5546 1286 5614 plectrum
1311 5563 1324 5610 ;
1353 5544 1664 5613 psalterium
1699 5553 1877 5598 autem
1909 5542 2053 5612 ejus-

497 5638 665 5702 modi,
697 5638 945 5707 superius
978 5637 1274 5692 harmonici
1308 5636 1517 5690 numeri
1548 5636 1710 5692 habet
1736 5652 1964 5703 causas;
1995 5645 2052 5690 ut

572 5731 592 5763 '
623 5729 755 5786 Gen.
785 5749 856 5791 Vt.
883 5733 936 5787 5.

2159 4899 2231 4970 ρὰ
2295 4901 2392 4969 μὲν
2428 4899 2649 4970 Ἕλλησι
2721 4903 3036 4973 καλουμένῳ
3095 4903 3417 4975 ψαλτηρίῳ,
3480 4903 3615 4977 παρά
3658 4900 3701 4953 δὲ

2172 4991 2438 5062 Ἑϐραίοις
2462 4992 2672 5056 νάϐλα,
2704 4994 2840 5064 ὅπερ
2876 4996 3034 5064 μόνον
3063 4996 3306 5066 ὀργάνων
3343 4994 3602 5065 μουσικῶν
3626 4991 3701 5060 ὀρ-

2159 5086 2372 5157 θότερον
2419 5081 2576 5150 εἶναι,
2609 5085 2757 5138 οὐδὲν
2803 5087 2923 5156 ἕχον
2965 5088 3289 5158 ἐπικαμπές.
3326 5089 3437 5140 Καὶ
3469 5087 3567 5159 μὴν
3603 5083 3699 5138 οὐδὲ

2167 5183 2497 5252 συνεργεῖται
2526 5181 2604 5241 εἱς
2638 5174 2771 5249 ἦχον
2811 5180 2874 5231 ὲκ
2904 5179 3012 5233 τῶν
3052 5180 3200 5232 κάτω
3230 5179 3432 5250 μερῶν,
3477 5179 3548 5240 ὼς
3586 5192 3698 5244 συμ-

2165 5273 2335 5327 ϐαίνει
2366 5274 2456 5325 ἐπί
2477 5270 2723 5344 κιθάρας,
2749 5273 2839 5324 καὶ
2870 5270 3044 5325 ἄλλων
3070 5271 3251 5333 τινῶν,
3281 5271 3395 5326 ἀλλ’
3418 5267 3694 5335 ἀνωθεν.Τῇ

2161 5363 2360 5435 κιθάρᾳ
2393 5363 2489 5433 μὲν
2518 5363 2622 5434 γὰρ
2652 5363 2745 5415 καὶ
2776 5365 2840 5433 τῇ
2875 5361 3014 5434 λύρᾳ
3040 5363 3278 5416 κάτωθεν
3305 5365 3332 5416 ὁ
3357 5362 3551 5432 χαλκὸς
3581 5361 3697 5426 ὑπη-

2160 5459 2244 5526 χεῖ
2288 5455 2417 5526 πρὸς
2452 5454 2510 5508 τὸ
2539 5453 2810 5525 πλῆκτρον
2836 5472 2848 5482 ·
2891 5454 2953 5506 τὸ
2982 5453 3276 5525 ψαλτήριον
3320 5453 3377 5506 δὲ
3422 5452 3573 5506 τοῦτο
3607 5447 3696 5503 τῶν

2161 5543 2465 5618 ἁρμονικῶν
2496 5541 2713 5614 ῥυθμῶν
2735 5542 2936 5597 ἄνωθεν
2967 5543 3077 5612 ἔχει
3101 5542 3199 5605 τὰς
3224 5541 3494 5614 ἀφορμὰς,
3517 5541 3597 5593 ἵνα
3618 5537 3696 5590 καὶ

2160 5637 2317 5706 ἡμεῖς
2348 5636 2412 5688 τὰ
2437 5633 2546 5687 ἄνω
2570 5631 2748 5702 ζητεῖν
2777 5631 3107 5703 μελετῶμεν,
3137 5633 3229 5686 καὶ
3254 5632 3325 5704 μὴ
3349 5634 3414 5702 τῇ
3445 5630 3595 5700 ἡδονῇ
3616 5623 3694 5679 τοῦ
