3876 6340
246 331 330 384 717
1180 331 1601 386 FRAGMENTA
1639 332 1862 388 DUBiA.
1902 363 1968 374 -
2006 333 2073 390 IN
2111 333 2445 391 PSALMOS.

3319 339 3425 392 778

240 449 408 520 μέλους
431 447 516 500 ἐπὶ
541 446 603 500 τά
632 447 734 517 τῆς
768 449 966 520 σαρκὸς
993 449 1137 520 πάθη
1167 452 1621 523 καταφερὼμεθα.
1645 453 1750 505 Κά-

1863 469 1961 525 nos
1990 453 2150 507 etiam
2201 469 2396 522 supera
2439 463 2738 522 qumreutes
2765 462 3216 514 commentemur,
3253 469 3428 522 neque

241 543 362 594 κεῖνο
388 539 440 592 δὲ
463 536 604 609 οἶμαι
626 539 717 591 τὸν
744 542 1075 611 προφητικὸν
1102 542 1254 612 λόγον
1285 543 1490 615 βαθέως
1513 545 1642 615 ἡμῖν
1670 544 1764 597 καὶ

238 630 392 701 σοφῶς
433 630 514 683 διά
554 630 646 699 τῆς
675 630 766 684 τοῦ
795 631 1024 702 ὀργάνου
1052 636 1390 706 κατασκευῆς
1417 636 1758 706 ἐνδεδεῖχθαι,

235 722 303 776 ὅτι
348 722 392 774 οἱ
429 722 695 805 ἐμμελεῖς,
729 724 820 776 καὶ
853 724 1174 796 εὐάρμοστοι
1212 727 1309 791 τὰς
1345 728 1542 798 ψυχὰς,
1576 729 1760 800 ραδίαν

233 815 387 884 ἔχουσι
411 814 501 885 τὴν
529 816 603 877 εἰς
631 815 696 869 τὰ
725 817 835 870 ἅνω
881 818 1396 893 πορείαν.“οργανον
1426 821 1483 875 δὲ
1512 820 1670 874 πάλιν
1697 823 1761 874 ἐκ

234 907 324 958 τῶν
351 905 452 959 ἄνω
478 908 572 978 τὴν
593 908 844 980 ἀφορμὴν
868 910 962 963 τοῦ
988 912 1139 980 ἠχεῖν
1167 914 1222 964 ἐν
1254 912 1442 984 ῥυθμῴ
1467 913 1757 983 λαμδάνον,

234 998 360 1048 ποῖον
389 995 450 1048 ἂν
493 997 574 1067 εἴη
607 998 664 1050 τὸ
695 999 852 1070 σῶμα
894 1001 988 1054 τοῦ
1031 1003 1286 1073 Χριστοῦ,
1317 1005 1410 1056 καὶ
1454 1004 1561 1056 τῶν
1589 1005 1759 1073 ἁγίων

231 1085 396 1140 αὐτοῦ·
452 1087 674 1160 δργανὸν
739 1091 834 1162 τὴν
900 1093 1164 1166 εὐθύτητα
1219 1097 1374 1166 μόνον
1425 1097 1756 1170 τετηρηκός’

239 1180 513 1248 Ἇμαρτίαν
548 1183 655 1251 γὰρ
687 1185 796 1236 οὐκ
823 1185 1128 1251 ἐποιήσεν,
1155 1187 1296 1240 οὐδὲ
1333 1189 1540 1257 εὑρέθη
1579 1189 1758 1256 δόλος

227 1272 284 1323 ἐν
311 1271 380 1336 τῷ
413 1276 654 1340 στόματι
680 1275 1158 1348 αὑτοῦ.”οργανον
1187 1279 1491 1350 σύμφωνον,
1523 1282 1756 1353 ἐναρμό-

225 1379 334 1425 νισι,
362 1363 605 1434 ἐμμελὲς,
633 1366 886 1436 οὐδεμίαν
925 1368 1267 1442 ἀνθρωπίνην
1302 1371 1653 1441 ἀσυμφωνίαν
1683 1376 1758 1426 εί-

223 1455 385 1526 ληφὺς,
407 1453 520 1507 οὐδὲ
562 1457 712 1526 παρὰ
750 1457 907 1527 μέλος
932 1459 985 1512 τί
1014 1461 1326 1531 πεποιηκὸς,
1361 1463 1534 1533 πάντη
1575 1464 1631 1516 δὲ
1660 1463 1757 1534 τὴν

220 1549 472 1620 ἁρμονίαν,
498 1546 596 1618 τὴν
623 1547 761 1620 πρὸς
799 1549 889 1602 τὸν
933 1551 1149 1622 Πατέρα
1179 1553 1508 1624 τετηρηκός’
1543 1556 1618 1618 ὡς
1649 1556 1757 1626 γάρ

219 1658 359 1709 φησιν
389 1641 544 1704 αὐτὸς
564 1659 577 1670 ·
622 1642 675 1693 Ὁ
703 1639 788 1696 ὢν
813 1643 880 1696 ἐκ
913 1643 1023 1711 τῆς
1047 1645 1180 1712 γῆς,
1207 1645 1274 1698 ἐκ
1317 1645 1425 1713 τῆς
1463 1646 1573 1717 τῆς
1601 1649 1751 1711 ἐστι,

217 1733 298 1787 καί
320 1734 381 1786 ἐκ
409 1731 514 1800 τῆς
541 1731 656 1802 γῆς
680 1735 884 1788 λαλεῖ·
922 1738 956 1790 ὁ
991 1736 1058 1789 ἐκ
1096 1737 1200 1790 τοῦ
1232 1739 1490 1805 οὐρανοῦ
1517 1739 1756 1809 ἐρχόμε-

216 1843 321 1892 νος,
349 1825 377 1879 ὅ
401 1827 641 1894 ἐώμικε,
669 1826 765 1880 καὶ
801 1825 1030 1896 ἤκουσε
1047 1830 1348 1897 μαρτιφεῖ.

271 2092 336 2145 Ζ’.
373 2093 568 2143 Λοιπόν
602 2093 716 2144 ἐστι
747 2091 1033 2156 διαλασεῖν,
1067 2093 1233 2146 ὄντων
1265 2093 1513 2164 ψαλμῶν,
1547 2096 1638 2148 καὶ
1660 2098 1750 2150 οὐ·

213 2183 305 2235 σῶν
331 2181 490 2252 ᾠδῶν,
521 2183 618 2236 καὶ
639 2183 866 2254 ψαλμῶν
892 2184 1054 2255 ᾠδῆς,
1089 2186 1182 2239 καὶ
1211 2185 1362 2256 ᾠδῶν
1393 2186 1627 2257 ψαλμοῦ,
1656 2204 1753 2240 πε-

213 2274 256 2341 ρὶ
284 2275 369 2345 τῆς
398 2274 604 2327 τούτων
643 2275 1248 2347 διαφορᾶς.Ἦγούμεθα
1293 2278 1470 2331 τοίνυν
1508 2278 1753 2349 ψαλμοὺς

212 2366 294 2435 μὲν
335 2359 466 2417 εἶναι
510 2364 642 2426 τοὺς
689 2364 825 2435 πρὸς
871 2365 931 2416 τὸ
975 2365 1204 2436 ὄργανον
1249 2365 1428 2436 μόνον,
1467 2366 1650 2436 φωνῆς
1691 2366 1750 2417 οὐ

209 2458 706 2527 συνεζευγνυμένης,
737 2458 1118 2528 κρουομένους,
1153 2459 1246 2512 καὶ⁹
1273 2457 1338 2510 δι’
1367 2458 1593 2530 ὀργάνου
1623 2475 1753 2528 μου·

208 2552 343 2623 σικὴν
381 2553 646 2623 μελῳδίαν
668 2569 682 2582 ·
734 2551 876 2622 ᾠδὰς
910 2552 966 2605 δὲ
997 2553 1094 2615 τὰς
1132 2555 1196 2623 τῇ
1240 2555 1386 2624 φωνῇ
1427 2552 1752 2626 ἐκδεχομένη

206 2647 270 2708 είς
294 2645 350 2699 τὸ
378 2646 548 2715 στόμα
585 2645 913 2714 ἐπαγγελίας
944 2644 1208 2715 μουσικῆς
1236 2644 1550 2717 ἐναρμόνιον
1577 2647 1753 2712 ἐκφω-

203 2737 381 2790 νείσθαι
420 2737 723 2808 λεγομένας
768 2737 1030 2808 ὑπάρχειν
1053 2754 1067 2768 ο
1105 2737 1351 2807 ψαλμοὺς
1382 2736 1438 2788 δὲ
1463 2735 1634 2804 ᾠδῶν,
1662 2737 1750 2789 ὅτε

206 2830 537 2900 προτέτακται
584 2829 682 2900 μὲν
709 2831 742 2900 ἡ
768 2830 939 2901 φωνὴ,
965 2830 1168 2899 ταύτης
1207 2829 1263 2881 δὲ
1297 2830 1528 2900 ἤρτηται
1557 2831 1585 2882 ὁ
1609 2828 1750 2882 ὲκεί-

203 2941 291 2975 νων
327 2925 595 2994 συγγενὴς
627 2917 777 2992 ἦχος,
812 2921 1190 2992 ἀποδιδόμενος
1216 2921 1502 2993 εὐρύθμως
1529 2921 1615 2974 διὰ
1643 2920 1751 2974 τῶν

201 3015 418 3085 ὀργάνων
435 3032 448 3044 ·
483 3014 634 3085 ᾠδάς
664 3014 720 3066 δὲ
749 3012 997 3083 ψαλμῶν,
1021 3014 1148 3066 ὅταν
1173 3013 1536 3084 προτάσσεται
1571 3012 1668 3084 μὲν
1691 3013 1752 3066 τὸ

149 3127 153 3130 ·
200 3108 420 3178 ὄργανον,
444 3107 634 3180 χώραν
655 3107 712 3160 δὲ
732 3105 993 3176 λαμϐάνει
1016 3105 1270 3178 δευτέραν
1299 3107 1333 3176 ἡ
1359 3107 1529 3178 φωνὴ,
1563 3108 1596 3177 ή
1625 3107 1749 3158 ἐπο-

203 3202 317 3271 μένη
358 3204 420 3271 τῇ
467 3201 586 3255 τῶν
631 3199 836 3272 χορδῶν
882 3201 1134 3270 μουσικῇ.
1177 3199 1288 3253 Καὶ
1331 3199 1501 3253 ταῦτα
1537 3199 1634 3271 μὲν
1670 3199 1746 3262 ὡς

202 3292 316 3362 πρὸς
350 3293 406 3346 τὸ
439 3292 613 3364 ῥητὸν
637 3291 742 3344 τῶν
776 3291 1187 3361 σημαινομένων
1205 3307 1218 3320 ο
1248 3290 1388 3344 κατὰ
1419 3290 1476 3344 δὲ
1502 3292 1626 3353 τοὺς
1651 3290 1747 3359 τῆς

199 3385 458 3457 ἀναγωγῆς
481 3385 702 3454 λόγους,
722 3383 932 3454 ψαλμὺς
966 3384 1063 3454 μὲν
1093 3383 1158 3436 ἂν
1187 3382 1294 3453 εἴη,
1325 3383 1410 3436 ὅτε
1436 3383 1498 3436 τὸ
1521 3383 1749 3454 ὄργανον

197 3475 250 3530 τὸ
285 3476 434 3549 σῶμα
473 3476 769 3548 κρούοντες
815 3475 903 3530 διά
938 3475 1046 3528 τῶν
1085 3473 1261 3527 καλῶν
1307 3475 1502 3545 ἔργων,
1553 3473 1749 3543 πρᾶξιν

198 3569 384 3642 ἀγαθὴν
430 3569 812 3639 ἐπιτελοῦμεν,
846 3569 896 3622 κ’
931 3567 996 3622 ἂν
1049 3568 1122 3639 μὴ
1154 3569 1293 3622 πάνυ
1342 3569 1399 3620 ἐν
1448 3569 1514 3636 τῇ
1546 3565 1748 3638 θεωρίᾳ

198 3652 610 3736 προκόπτοντες·
664 3663 774 3735 ᾠδὴ
823 3663 900 3728 δὲ,
950 3664 1039 3717 ὅτε
1093 3663 1258 3734 χωρὶς
1303 3661 1398 3715 τοῦ
1445 3660 1748 3733 πρακτικοῦ

198 3756 560 3830 θεωρήσαντες
620 3757 688 3810 τὰ
737 3755 836 3827 τῆς
881 3754 1138 3826 ἀληθείας
1188 3756 1496 3826 μυστήρια,
1543 3753 1748 3817 τούτοις

201 3851 700 3921 συγκατατιθέμενοι
736 3891 750 3915 ,
801 3847 1101 3919 φρονοῦμεν
1155 3847 1225 3900 τὰ
1284 3846 1541 3900 κάλλιστα
1623 3847 1751 3917 περὶ

198 3941 332 4007 Θεοῦ,
359 3946 451 3998 καὶ
500 3943 618 3997 τῶν
671 3943 864 4011 λογίων
907 3940 1093 4004 αὐτοῦ,
1126 3939 1375 4008 γνώσεως
1401 3956 1458 3994 τε
1484 3939 1748 4009 φωτιζού-

199 4048 302 4105 σης,
331 4037 422 4089 καὶ
450 4035 650 4104 σοφίας
695 4037 753 4087 ἐν
787 4036 904 4097 ταῖς
936 4033 1133 4103 ψυχαῖς
1157 4031 1312 4102 ἡμῶν
1341 4031 1713 4102 τρανουμένης
1731 4046 1744 4059 °

196 4126 289 4198 ᾠδὴ
323 4129 377 4182 δὲ
421 4125 666 4198 ψαλμοῦ,
710 4127 797 4178 ὅτε
845 4123 1186 4198 προαγούσης
1229 4121 1476 4194 πράξεως
1516 4121 1748 4192 ἀγαθῆς,

197 4222 318 4276 κατά
356 4221 414 4276 τὸ
446 4221 879 4292 προειρημένονο
929 4216 1330 4286 Ἐπιθυμήσας
1366 4216 1588 4285 σοφίαν
1634 4215 1753 4269 διει-

197 4314 439 4381 τὴρησον
473 4313 753 4377 ἐντολὰς,
781 4311 878 4364 καὶ
908 4310 1120 4377 Κύριος
1149 4309 1471 4379 χορηγήσει
1505 4325 1621 4372 σοι,
1651 4311 1748 4362 αὐ-

198 4402 280 4474 τὴν
309 4404 579 4475 συνίεμεν,
604 4402 880 4477 κριθέντες
906 4400 1044 4466 ἄξιοι
1070 4401 1175 4454 ὐπὸ
1198 4401 1331 4454 Θεοῦ
1357 4401 1454 4472 τῆς
1473 4400 1745 4471 ἀληθείας,

1866 546 2071 600 musica
2105 546 2457 601 delectatione
2509 547 2845 615 abripiamur
2878 547 2942 600 ad
2975 547 3156 601 carnis
3186 547 3424 602 alleclio-

1864 655 1979 694 nes.
2004 639 2322 706 Quinetiam
2358 641 2506 705 illud,
2537 641 2750 708 opinor,
2786 640 3094 709 prophetica
3125 641 3309 694 eadem
3342 659 3429 694 ra-

1866 734 2028 800 tione,
2061 749 2178 804 qua,
2201 733 2542 786 instrumenti
2576 734 2935 796 constructio,
2965 734 3097 788 scite
3127 735 3431 803 sapienter-

1862 841 1967 895 que
1997 826 2424 880 demonstralum
2448 825 2612 878 nobis
2640 825 2828 888 fuisse,
2859 827 3001 896 quod
3029 827 3122 896 qui
3148 826 3430 880 modifica-

1862 927 1916 970 to
1947 927 2072 970 sunt
2105 917 2306 980 animo,
2335 916 2578 985 beneque
2600 918 2916 982 constituto,
2951 916 3161 971 facilem
3191 917 3426 974 habeant

1861 1007 2065 1062 aditum
2116 1007 2182 1062 all
2239 1008 2499 1062 cmlestia.
2533 1007 2906 1077 Praetereaque
2937 1009 3357 1063 instrumentum
3392 1028 3425 1064 e

1860 1099 2072 1166 superis
2107 1113 2326 1152 causam
2354 1099 2644 1152 desumens
2685 1097 2750 1151 ad
2785 1113 3067 1152 numerum
3112 1100 3422 1164 resonandi,

1860 1189 1968 1242 tale
1999 1197 2102 1252 est,
2137 1189 2296 1256 quale
2327 1189 2512 1257 utique
2541 1187 2704 1242 fuerit
2738 1203 2937 1255 corpus
2953 1188 3176 1250 Christi,
3205 1201 3426 1244 sancto-

1860 1292 2088 1347 rumque
2112 1277 2315 1348 ipsius;
2354 1279 2774 1332 instrumentum
2801 1276 3093 1345 singulare.
3125 1293 3154 1331 a
3181 1293 3290 1347 quo
3314 1294 3426 1336 uno

1859 1379 2062 1423 rectum
2092 1379 2361 1424 servatum
2394 1376 2477 1423 est
2506 1389 2518 1422 :
2545 1367 2821 1421 Peccatum
2846 1368 2989 1422 enim
3033 1384 3136 1420 non
3170 1368 3312 1437 fecit,
3336 1385 3428 1424 nec

1857 1462 2093 1515 inventus
2112 1469 2190 1514 est
2210 1460 2364 1515 dolus
2387 1461 2439 1513 in
2459 1476 2546 1513 ore
2565 1460 2677 1528 ejus
2693 1459 2714 1490 ⁸
2738 1477 2752 1523 ;
2781 1460 3200 1514 instrumentum
3231 1477 3430 1517 conso-

1856 1569 2008 1618 num,
2061 1552 2457 1615 harmonicum,
2519 1551 2864 1614 concinnum,
2922 1550 3066 1620 quod
3130 1553 3426 1608 humanam

1856 1645 2058 1698 nullam
2106 1643 2346 1711 suscepit
2384 1641 2736 1707 discordiam,
2773 1657 2947 1711 neque
2978 1651 3171 1710 praeter
3203 1643 3424 1698 modum

1855 1736 2149 1806 quidquam
2191 1735 2318 1803 egit,
2355 1734 2448 1788 scd
2495 1748 2710 1787 omnem
2756 1733 2913 1801 quasi
2947 1743 3270 1787 concentum
3298 1750 3424 1789 cum

1787 1804 1825 1863 Β
1857 1804 2014 1882 lintre
2051 1827 2282 1882 servavit
2313 1846 2324 1880 :
2355 1835 2412 1880 ιιι
2437 1828 2578 1880 enim
2607 1827 2683 1879 ait
2710 1826 2823 1894 ipse
2857 1843 2871 1878 :
2901 1825 3004 1889 Qui
3045 1837 3119 1878 est
3161 1827 3225 1879 de
3262 1837 3423 1896 terra,

1851 1923 1917 1974 de
1960 1932 2098 1974 terra
2138 1931 2236 1982 est,
2260 1928 2308 1972 et
2353 1919 2417 1972 de
2460 1929 2596 1972 terra
2631 1919 2892 1987 loquitur;
2916 1918 3005 1985 qui
3024 1918 3087 1970 de
3115 1919 3242 1970 cwlo
3268 1920 3424 1987 venit,

1854 2015 1990 2082 quod
2019 2015 2146 2066 vidit
2167 2026 2214 2066 et
2239 2012 2439 2064 audivit
2463 2012 2741 2064 testatur”.

1930 2105 2036 2160 \‘ll.
2076 2106 2343 2173 Quoniam
2377 2122 2504 2160 vero
2532 2114 2660 2162 sunt
2689 2106 2902 2176 psalmi.
2932 2116 3169 2177 suntque
3201 2108 3335 2174 (νόω,
3369 2117 3425 2162 et

1853 2201 2046 2272 psalmi
2076 2201 2227 2264 odes,
2265 2211 2426 2268 atque
2459 2199 2576 2254 oda:
2599 2199 2954 2268 psalmorum,
2986 2210 3236 2269 superest
3269 2209 3326 2253 ut
3357 2201 3424 2254 de

1854 2293 1957 2346 hac
1981 2290 2278 2346 differentia
2321 2291 2501 2345 dicere
2547 2291 2944 2361 aggrediamur.
2981 2289 3089 2346 Nos
3125 2291 3304 2360 itaque
3331 2306 3422 2345 ar-

1852 2382 2034 2436 bitrati
2063 2397 2273 2445 sumus,
2309 2396 2404 2435 eos
2423 2381 2640 2449 quidem
2667 2381 2904 2450 psalmos
2931 2396 3053 2436 esse
3077 2383 3169 2450 qui
3199 2381 3267 2436 ad
3298 2397 3422 2435 mu-

1852 2475 2024 2529 sicum
2061 2475 2480 2534 instrumentum
2531 2473 2907 2526 tantummodo
2941 2473 3059 2526 sine
3090 2473 3238 2527 vocis
3269 2487 3420 2527 com-

1854 2565 2102 2634 plexione
2127 2564 2324 2632 pulsati
2363 2564 2471 2617 sint
2494 2564 2589 2625 ita,
2615 2573 2674 2617 ut
2692 2580 2786 2633 per
2813 2565 2987 2633 ipsum
3018 2566 3423 2634 quodammodo

1852 2655 2194 2725 przrnuntiati
2249 2654 2470 2719 fuerint,
2519 2670 2613 2723 per
2658 2655 2922 2710 musicam
2972 2672 3162 2726 nempe
3215 2657 3419 2711 instru-

1854 2748 2017 2801 menti
2049 2747 2420 2811 harmoniam;
2453 2747 2585 2800 ollas
2618 2763 2744 2801 vero
2777 2765 2918 2810 esse,
2954 2765 3075 2818 qua:
3117 2749 3419 2818 excipiente

1850 2853 1983 2893 voce
2021 2847 2147 2893 sunt
2196 2838 2419 2893 reddita:
2461 2854 2554 2908 per
2585 2854 2778 2894 sonum
2807 2841 2940 2905 oris,
2975 2842 3266 2908 pulsationi
3300 2858 3420 2897 mo-

1849 2933 2032 2987 dulate
2097 2933 2547 3002 respondentem;
2617 2935 2856 3003 psalmos
2924 2945 3102 2988 autem
3166 2935 3417 3012 ptiar-um,

1849 3025 2068 3094 quando
2122 3041 2223 3078 vox
2271 3025 2486 3094 quidem
2521 3025 2813 3092 praecessit,
2845 3026 2967 3079 huic
2999 3035 3176 3091 tamen
3205 3036 3418 3095 aptatus

1849 3128 1932 3172 est
1965 3131 2195 3172 concors
2241 3131 2591 3170 numerorum
2625 3116 2855 3181 sonitus,
2888 3117 3150 3172 concinne
3179 3119 3420 3175 redditus

1851 3224 1945 3278 per
1995 3207 2392 3273 instrumenta;
2444 3207 2577 3262 odas
2622 3208 2856 3278 denique
2909 3209 3264 3274 psalmorum,
3294 3226 3420 3266 cum

1850 3307 2122 3368 praeeunte
2153 3298 2512 3352 instrumento
2545 3299 2841 3353 secundum
2890 3298 3066 3354 locum
3118 3316 3220 3355 vox
3265 3318 3424 3358 occu-

1852 3400 1960 3459 pat,
1996 3405 2117 3460 quae
2176 3389 2409 3444 chordas
2467 3389 2520 3442 in
2576 3373 2784 3445 musica
2841 3391 3210 3460 subsequitur.
3241 3393 3420 3463 Atque

1853 3485 1964 3536 lure
2005 3481 2254 3552 equidem
2289 3481 2451 3534 veluti
2500 3480 2564 3534 ad
2613 3481 2843 3535 litteram
2897 3497 2957 3535 ea
3011 3493 3417 3551 persequentes.

1851 3589 1971 3644 qua:
2004 3572 2204 3627 indicio
2235 3580 2444 3627 tantum
2480 3572 2779 3641 significata
2811 3581 2967 3637 sunt;
2998 3573 3294 3627 secundum
3325 3591 3424 3628 au-

1853 3675 1958 3721 tem
2012 3666 2334 3736 anagogicas
2381 3666 2642 3728 rationes,
2675 3674 2786 3718 tum
2819 3664 3062 3734 psalmus
3091 3665 3270 3729 fuerit,
3298 3683 3421 3720 cum

1851 3770 2137 3824 organum,
2169 3769 2369 3823 corpus
2408 3753 2665 3808 nimirum
2699 3754 2940 3808 honestis
2967 3756 3272 3811 actionibus
3303 3758 3422 3824 pul-

1852 3859 2056 3912 santes,
2085 3848 2228 3917 quod
2259 3857 2462 3900 rectum
2512 3853 2596 3900 est
2640 3845 2972 3916 perticimus,
2999 3849 3248 3917 quamvis
3276 3847 3419 3903 haud

1852 3939 2075 3994 omnino
2120 3940 2173 3992 in
2221 3937 2677 4007 contemplatione
2706 3937 3087 4007 proficiamus;
3143 3940 3245 3993 ode
3291 3956 3420 3996 vero

1853 4049 1974 4087 cum
2010 4032 2298 4101 separatim
2343 4031 2410 4084 ab
2448 4029 2659 4085 actione
2699 4031 3033 4086 revolventes
3062 4033 3244 4085 animo
3278 4037 3416 4086 veri-

1854 4126 1978 4178 tatis
1998 4124 2276 4194 mystcria,
2296 4123 2486 4192 hisque
2507 4123 2854 4187 inhazrentes,
2874 4123 3068 4177 eximia
3089 4124 3230 4178 circa
3251 4123 3420 4179 Deum

1854 4215 2130 4283 ipsiusque
2171 4214 2388 4267 oracula
2431 4213 2717 4277 sentimus,
2749 4215 3068 4282 pmluceute
3091 4215 3336 4282 scientia,
3367 4227 3422 4271 et

1852 4307 2111 4376 sapientia
2149 4315 2361 4360 IlOall'OS
2405 4304 2619 4359 animos
2665 4305 3005 4360 manifestius
3033 4309 3417 4376 collustrante;

1852 4401 1952 4454 odc
1987 4407 2165 4453 autem
2208 4399 2423 4467 psalmi,
2457 4414 2578 4452 eum
2623 4399 2845 4452 honesta
2894 4410 3163 4468 praeeunte
3208 4402 3422 4456 actione

198 4493 255 4545 τὰ
281 4494 408 4559 τέως
439 4497 574 4565 ἡμῖν
605 4492 1068 4564 ἀποκεκρυμμένα
1092 4509 1105 4523 ⁸
1139 4492 1350 4564 ψαλμδς
1379 4493 1437 4546 δὲ
1468 4491 1628 4563 ᾠδῆς,
1658 4492 1746 4545 ὅτε

1855 4493 2001 4563 iuxta
2046 4493 2177 4547 illud
2224 4492 2445 4546 elfatum
2478 4509 2490 4545 :
2528 4491 2909 4560 Concupisceus
2936 4493 3249 4560 sapientiam
3273 4510 3422 4548 serva

198 4583 578 4656 τεθεωρηκότες
617 4584 715 4654 τῆς
747 4583 998 4652 γνώσεως
1031 4583 1429 4654 σαφηνιζούσης
1476 4582 1597 4636 τινὰ
1641 4582 1749 4636 τῶν

196 4672 573 4742 κεκρυμμένων
603 4671 828 4740 ἠθικῶν,
860 4673 1121 4746 πρότερον
1153 4673 1244 4726 ἐπὶ
1272 4673 1330 4725 τὸ
1362 4673 1623 4744 πράττειν
1660 4691 1750 4742 γε-

195 4760 392 4833 νώμεθα
422 4765 714 4829 συνιέντες,
737 4766 832 4818 καλ⁴
853 4766 882 4818 ὃ
907 4766 1190 4838 πρακτέον,
1210 4767 1304 4820 καί
1335 4768 1422 4820 ὅτε
1451 4769 1745 4839 πρακτέον,

195 4859 275 4911 καὶ
305 4861 377 4924 ὡς
406 4859 696 4932 πρακτέον.
727 4861 832 4913 Καὶ
857 4861 997 4930 τάχα
1026 4861 1112 4915 διὰ
1143 4860 1298 4914 τοῦτο
1316 4862 1371 4915 αἱ
1395 4861 1606 4934 πρῶται
1631 4865 1748 4915 ἐπι-

195 4952 385 5020 γραφαὶ
425 4953 676 5024 οὐδαμῶς
719 4955 1060 5027 περιέχουσιν
1090 4953 1188 5017 τὰς
1235 4956 1352 5007 κατ’
1381 4955 1549 5019 αὐτὰς
1580 4955 1742 5026 ᾠδὰς,

194 5043 314 5097 ἀλλά
356 5047 515 5115 μόνον
553 5046 784 5116 ψαλμὸν,
811 5045 844 5116 ἦ
877 5047 1069 5116 μόνους
1097 5045 1341 5116 ψαλμούς
1360 5064 1374 5078 ⁸
1405 5048 1466 5101 οὐ
1499 5047 1607 5120 γὰρ
1637 5049 1746 5101 ἀπὸ

195 5131 408 5207 θεωρίας
455 5139 680 5208 ἄρχεται
723 5139 750 5190 ὁ
779 5138 952 5207 ἅγιος,
984 5137 1095 5192 ἀλλ’
1125 5138 1490 5211 ἁπλούστερον
1523 5140 1743 5194 πιστεύ-

197 5242 281 5290 σας
328 5229 470 5283 κατά
520 5230 844 5301 ὀρθοδοξίαν,
879 5234 999 5294 ταῖς
1046 5231 1438 5301 πραττομέναις
1485 5230 1744 5301 πράξεσιν

194 5319 368 5373 ἑαυτὸν
419 5322 711 5377 ἐπιδίδωσι.
748 5325 845 5377 Διά
877 5323 1034 5377 τοῦτο
1061 5323 1153 5376 ἐπὶ
1181 5323 1324 5377 τέλει
1373 5323 1564 5378 πολλαὶ
1588 5324 1742 5393 ᾠδαὶ,

194 5415 276 5465 καὶ
323 5416 454 5468 ὅπου
504 5417 846 5485 ἀναϐαθμοὶ,
883 5416 1119 5486 οὐδαμοῦ
1162 5415 1426 5486 mude,
1457 5415 1583 5469 οὐτε
1623 5419 1744 5470 κατ’

193 5507 358 5566 αὐτὸν,
390 5507 515 5560 οὐτε
549 5512 680 5579 μετά
707 5528 849 5572 τινος
892 5510 1212 5581 ἐπιπλοκῆς,
1243 5509 1378 5563 ἀλλά
1409 5512 1577 5564 πᾶσαι
1611 5510 1746 5579 ᾠδαὶ

193 5603 302 5652 κατ’
332 5602 619 5665 αὐτάς.Ἐν
648 5605 754 5674 γὰρ
782 5604 909 5669 ταῖς
938 5603 1306 5673 ἀναϐάσεσεν
1337 5603 1470 5674 πρὸς
1495 5604 1669 5658 οὐδενὶ⁵
1695 5606 1744 5657 oi

260 5788 279 5820 ⁸
308 5788 404 5843 lsa.
443 5807 558 5859 uu,
592 5795 644 5848 9.
718 5795 739 5826 '
774 5792 931 5848 Joan.
969 5807 1053 5857 ιιι,
1079 5793 1168 5848 5t.
1262 5790 1281 5820 ‘
1316 5787 1482 5841 F-M'i.
1515 5804 1528 5823 ν
1584 5787 1653 5838 93

1848 4586 2120 4650 mandata,
2146 4594 2195 4638 et
2232 4583 2487 4638 Dominus
2511 4584 2726 4637 deducet
2752 4593 2799 4636 te
2813 4583 2853 4648 ⁸,
2880 4584 3050 4652 ipsam
3076 4586 3423 4654 assequimur

1847 4678 2164 4748 sapientiam
2199 4696 2211 4732 :
2244 4677 2392 4747 digni
2424 4693 2454 4731 a
2481 4675 2589 4730 Deo
2622 4676 2787 4730 habiti
2822 4677 3065 4732 veritatis
3091 4678 3420 4747 cognitione,

1847 4789 1967 4841 qua:
2017 4771 2280 4826 hactenus
2335 4769 2511 4823 fuerat
2555 4769 2713 4823 nobis
2767 4769 3128 4836 abscondita;
3179 4771 3421 4840 psalmus

1847 4864 2059 4917 tandem
2095 4863 2245 4922 odes.
2274 4877 2398 4914 cum
2448 4861 2627 4930 aliqua
2660 4861 3022 4930 recogitantes
3061 4861 3419 4928 abstrusiora,
3487 4893 3494 4903 ι

1851 4967 1971 5022 qua:
2003 4952 2067 5004 ad
2103 4965 2281 5004 mores
2313 4949 2639 5018 pertineant,
2673 4950 2895 5005 scientia
2948 4951 3282 5018 declaranle,
3309 4954 3424 5022 pri-

1855 5055 2000 5094 mum
2030 5039 2094 5094 ad
2119 5039 2385 5110 agendum
2432 5038 2723 5108 prudentes
2753 5039 3038 5106 efﬁcimur,
3065 5041 3258 5096 deinde
3289 5040 3420 5110 quid

1852 5131 2114 5201 agendum
2161 5137 2213 5184 et
2243 5131 2482 5199 quando,
2512 5142 2562 5184 et
2595 5130 2866 5199 quomodo
2911 5130 3179 5200 agendum
3225 5132 3422 5187 edoce-

1853 5241 1992 5278 mur.
2025 5225 2200 5295 Atque
2227 5223 2356 5278 hinc
2383 5223 2568 5292 prima:
2596 5222 2828 5278 fortasse
2862 5224 3265 5293 inscriptiones,
3296 5224 3422 5279 nul.

1853 5317 2051 5372 limodc
2080 5332 2174 5371 eas
2208 5316 2506 5380 continent,
2534 5331 2654 5384 qua:
2683 5317 2732 5369 in
2770 5315 2889 5370 odis
2921 5317 3289 5382 inveniuntur,
3323 5317 3415 5372 sed

1853 5416 2007 5469 unice
2035 5416 2323 5484 psalmum,
2358 5413 2438 5466 vel
2471 5413 2709 5483 psalmos
2741 5412 3024 5467 duntaxat.
3052 5410 3237 5481 Neque
3270 5412 3413 5466 enim

1849 5524 1878 5560 a
1903 5506 2352 5576 contemplatione
2378 5515 2600 5560 sanctus
2626 5503 2924 5570 exorditur,
2950 5503 3042 5559 sed
3066 5511 3416 5573 posteaquam

1848 5599 2167 5669 simpliciter
2206 5598 2429 5654 credidit
2454 5598 2609 5668 juxta
2646 5597 3004 5654 orthodoxam
3042 5595 3220 5663 fidem,
3257 5595 3322 5650 ad
3351 5610 3412 5652 ea
