3876 6340
218 371 302 429 721
1141 361 1564 420 FRAGMENTA
1604 360 1805 418 DUBIA

1877 385 1936 403 -
1975 358 2041 412 IN
2080 354 2414 413 PSALMOS.

3302 350 3403 404 ΗΞ

213 490 524 566 μολογεῖσθαι
558 487 749 551 κοινῶς
780 486 1030 559 ἦμελλον,
1064 487 1151 540 ὅτε
1176 485 1270 540 καὶ
1299 487 1477 540 πᾶσαν
1508 484 1537 536 6
1565 482 1736 551 Λόγος
1762 487 1807 544 Α

1849 487 2000 549 atque
2021 479 2122 533 hos
2147 477 2256 532 duo
2278 488 2440 543 supra
2468 471 2805 543 septuaginta
2833 484 2954 526 esse
2982 466 3177 532 voluit;
3207 467 3272 521 ad
3303 469 3403 522 lin-

210 584 447 659 περιλάϐῃ
481 583 576 654 τὴν
601 581 939 652 οἰκουμένην.

1838 586 1973 642 guas
1995 570 2316 640 respiciens,
2342 567 2556 638 opinor,
2589 562 2863 626 confusas,
2888 562 2970 615 vel
2998 560 3199 615 divisas
3225 560 3403 630 potius

208 682 254 737 in
272 653 445 735 turris
457 653 823 733 ediﬁcatione.
838 673 977 741 Quid
995 675 1097 729 hoc
1112 673 1229 745 ipso
1243 679 1699 735 commonstrans,
1724 666 1833 723 nisi
1850 666 1996 737 quod
2019 680 2209 720 omnes
2232 661 2523 733 aliquando
2545 659 2743 729 lingua:
2761 671 2943 713 secum
2959 661 3143 709 essent
3173 653 3404 722 conjun-

206 775 316 831 etim
343 772 393 827 in
421 767 659 825 eamdem
688 767 867 823 laudis
885 764 1115 822 fortnam
1143 780 1509 828 consensum,
1534 776 1658 818 eum
1678 757 1886 815 scilicet
1920 757 2161 839 Verbum
2178 765 2441 812 terrarum
2465 753 2650 808 orbem
2677 750 2983 804 universum
3017 746 3369 816 occupasset?

1144 899 1635 961 FRAGMENTA
1702 859 1890 960 ΑῐῖΑ
1942 895 2023 955 IN
2073 888 2456 952 PSALMOS.

970 995 1070 1053 (De
1100 995 1372 1056 Μιαιςηιιε,
1397 998 1517 1046 Acta
1541 996 1815 1061 Martyrum
1841 990 2075 1051 Ostiens,
2102 1004 2150 1052 p.
2188 988 2280 1035 256
2306 989 2355 1035 in
2393 984 2567 1048 textu.)

944 1151 1012 1207 In
1040 1151 1300 1223 psalmum
1352 1167 1479 1218 xxx,
1532 1150 1623 1207 22.
1659 1182 1730 1192 —
1753 1121 1825 1205 δε
1858 1148 2121 1215 triumpho
2144 1145 2267 1214 ﬁdei
2296 1142 2630 1198 Christianae.

262 1250 327 1306 οὐ
369 1248 612 1305 τοσοῦτον
649 1248 920 1320 θαύματος
973 1247 1152 1314 ἄξιον,
1195 1247 1320 1300 ὅταν
1359 1245 1676 1318 ἐμφαίνεται
1712 1249 1741 1300 6

203 1344 327 1407 ἔλεος
367 1343 457 1397 τοῦ
495 1341 629 1422 Θεοῦ
670 1342 729 1394 ὲν
755 1343 875 1405 ταῖς
923 1340 1267 1412 ὴπλωμέναις
1316 1339 1528 1393 πόλεσιν
1551 1381 1566 1406 ,
1613 1340 1737 1393 ὅσον

204 1432 647 1507 θανμαστούμενος
673 1434 814 1495 τότε,
846 1434 971 1486 ὅταν
1008 1433 1064 1484 ἐν
1097 1432 1246 1485 πόλει
1282 1432 1539 1503 περιοχῆς
1574 1431 1735 1501 γένη-

201 1541 293 1589 ται,
321 1524 391 1587 ὡς
422 1523 515 1577 καὶ
543 1522 634 1576 διὰ
659 1521 815 1576 τοῦτο
843 1521 1131 1591 εὐλόγητον
1162 1518 1319 1577 εἶναι.

1915 1242 2070 1298 Haud
2106 1250 2254 1296 tanta
2288 1240 2510 1309 dignum
2543 1251 2667 1292 esse
2698 1236 3053 1293 admiratione
3085 1254 3209 1294 cum
3241 1240 3403 1296 mise-

1841 1332 2074 1389 ricordia
2144 1330 2237 1384 Dei
2294 1331 2346 1382 in
2406 1329 2746 1384 tenuioribus
2805 1328 3112 1385 civitatibus
3163 1340 3399 1400 apparet,

1839 1431 2039 1493 quanta
2067 1420 2212 1491 quod
2245 1437 2264 1469 ι
2299 1419 2351 1472 in
2376 1418 2589 1472 civitate
2620 1419 2827 1473 munita
2864 1419 2940 1490 (Ι)
2982 1440 3001 1471 ι
3034 1420 3085 1473 id
3133 1422 3244 1487 liat,
3277 1437 3405 1491 pro-

1838 1524 2126 1584 ptereaque
2156 1510 2323 1566 Deum
2347 1526 2467 1566 esse
2498 1511 2846 1567 laudandum.

1490 1685 1554 1739 In
1594 1684 1866 1738 Psalmum
1902 1696 2010 1742 Liv,
2043 1679 2128 1731 16.

260 1780 467 1851 Ἔλεγέν
489 1797 578 1844 τις
608 1783 714 1834 τῶν
751 1777 1012 1843 παλαιῶν,
1042 1780 1248 1843 ζῶντας
1283 1782 1361 1843 εἰς
1389 1779 1515 1850 ᾅδου
1548 1779 1752 1849 κατέρ-’
1772 1792 1810 1845 Β

1912 1769 2198 1826 Referebat
2241 1784 2270 1822 e
2305 1768 2613 1823 senioribus
2650 1769 2866 1838 quidam
2912 1770 3057 1825 solos
3086 1770 3205 1826 illos
3234 1772 3286 1828 in
3314 1772 3402 1829 in-

202 1870 363 1943 χεσθαι
397 1871 591 1943 μόνους
619 1871 746 1935 τοὺς
773 1870 1073 1941 κατήχησιν
1111 1869 1217 1921 τῶν
1252 1869 1409 1922 θείων
1442 1868 1737 1938 παιδευμά-

199 1979 290 2016 των
318 1961 529 2033 ἔχοντας
549 1980 565 1994 ·
613 1965 642 2015 6
667 1962 776 2034 γὰρ
811 1963 1068 2030 ἄγευστος
1097 1960 1206 2014 τῶν
1248 1960 1347 2031 τῆς
1376 1960 1518 2031 ζωῆς
1545 1959 1734 2027 λόγων,

198 2054 379 2124 νεκρός.
1070 2054 1073 2057 π

1739 2143 1826 2199 Ill.

1841 1866 2052 1921 ternum
2088 1862 2327 1916 viventes
2351 1861 2676 1916 descendere
2696 1900 2712 1923 ,
2760 1864 2849 1930 qui
2878 1861 3073 1917 divinis
3098 1874 3279 1918 essent
3304 1865 3403 1920 do-

1842 1956 2032 2011 ctrinis
2083 1952 2313 2007 instituti
2352 1967 2371 2004 :
2411 1966 2535 2005 nam
2569 1952 2661 2021 qui
2694 1952 2815 2005 vitae
2848 1965 3127 2008 sermones
3167 1970 3271 2008 non
3303 1954 3400 2011 de-

1846 2049 2099 2120 gustavit,
2131 2055 2377 2101 mortuus
2404 2053 2505 2099 est.

205 2245 261 2301 In
289 2247 546 2317 psalmum
584 2263 716 2311 Lvn,
753 2246 837 2300 12.
874 2277 942 2287 -—
967 2244 1208 2300 Scribam
1239 2259 1392 2297 suum
1420 2241 1725 2363 alloquitzr,
1761 2241 1948 2303 virum,
1977 2247 2032 2291 ut
2056 2237 2282 2301 videtur,
2308 2250 2408 2288 non
2426 2233 2721 2286 indoctum.
2758 2231 2887 2285 Cum
2915 2233 3050 2286 enim
3085 2232 3394 2303 Hippolytus

1673 2321 1879 2363 ictasset
1905 2326 1922 2362 :

1673 2321 1879 2364 tctasset
1905 2326 1922 2362 ἰ

265 2412 403 2467 Ἐπεὶ⁵
439 2413 496 2467 δέ
523 2413 646 2466 ἐστὶ
682 2429 767 2475 τις
808 2411 1016 2483 καιρὸς,
1050 2411 1107 2463 ὲν
1128 2404 1174 2478 ᾧ
1200 2412 1230 2462 6
1266 2409 1365 2480 μὲν
1403 2408 1606 2470 δίκαιος
1637 2423 1738 2477 χα-

1905 2402 2009 2459 Sed
2038 2399 2295 2473 quoniam
2327 2408 2538 2467 tempus
2563 2407 2645 2453 est
2665 2397 2956 2468 quoddam,
2986 2398 3039 2451 in
3077 2413 3184 2467 quo
3210 2396 3396 2466 justus

196 2504 416 2576 ρήσεται,
443 2507 491 2558 οἱ
509 2504 573 2558 δὲ
592 2502 900 2576 ἁμαρτωλοὶ
928 2503 990 2555 τὸ
1016 2500 1203 2572 λεχθὲν
1233 2503 1361 2572 περὶ
1386 2499 1561 2554 αὐτῶν
1590 2498 1741 2562 τέλος

1849 2495 2054 2565 quidem
2102 2490 2399 2561 gaudebit,
2430 2498 2738 2559 peccatores
2773 2504 2899 2543 vero
2938 2489 3251 2558 praedictum
3292 2487 3398 2542 illis

194 2595 400 2661 ἕξουσιν,
417 2595 645 2659 εἰκότως
662 2595 943 2666 ὁμολογεῖν
966 2594 1180 2658 πάντως
1206 2593 1469 2664 προσήκει
1500 2591 1593 2645 καὶ
1618 2592 1744 2644 ἁπο-

1849 2589 2003 2643 Iinem
2053 2585 2328 2640 habebunt
2362 2600 2374 2636 :
2411 2581 2602 2635 merito
2649 2579 2923 2634 fatendum
2966 2580 3189 2633 omnino
3224 2595 3288 2635 ac
3315 2579 3399 2635 di—

195 2684 472 2754 φαίνεσθαι,
502 2685 591 2738 ὅτι
632 2686 749 2738 ἐστι
782 2684 915 2746 Θεὸς
950 2682 1143 2754 ἔφορος
1184 2682 1277 2736 καὶ
1312 2681 1603 2743 ἐπίσκοπος
1637 2678 1744 2731 τῶν

1849 2676 2070 2735 eendum
2104 2685 2206 2739 est,
2243 2688 2364 2729 esse
2392 2670 2559 2726 Deum
2586 2671 3086 2740 contemplatorem,
3123 2672 3397 2741 inspecto-

194 2779 243 2830 ἐν
265 2777 564 2850 ἀνθρώποις
592 2776 997 2848 πραττομένων,
1028 2773 1227 2847 κρίνων
1255 2772 1502 2835 ἅπαντας
1526 2771 1650 2834 τοὺς
1680 2772 1737 2822 έν

1849 2782 2067 2836 remque
2092 2765 2364 2820 actionum
2395 2761 2751 2814 humanarum
2771 2800 2787 2823 ,
2814 2759 2904 2824 qui
2931 2758 3187 2828 dijudicet
3208 2773 3398 2814 omnes

194 2873 248 2939 τῇ
286 2848 369 2941 ﬁt
407 2868 918 2940 πολιτευσαμένους.
984 2866 1301 2935 Ἐπιστῆσαι
1351 2865 1407 2918 δὲ
1454 2864 1741 2935 προσήκει,

1849 2859 1941 2930 qui
1986 2858 2041 2913 in
2078 2867 2221 2912 terra
2260 2863 2563 2909 versantur.
2616 2848 2784 2904 Porro
2813 2850 3189 2920 inquirendum
3229 2865 3298 2904 an
3334 2865 3397 2905 ea

197 2964 383 3035 μήποτε
420 2964 455 3035 ἡ
497 2961 643 3034 μετὰ
682 2964 865 3033 χεῖρας
901 2960 1219 3033 προφητεία,
1271 2960 1417 3012 πᾶσα
1456 2954 1740 3018 ἀκόλουθος

1849 2966 1969 3022 qua:
1993 2964 2104 3021 prae
2132 2947 2383 3002 manibus
2412 2951 2495 2999 est
2518 2943 2797 3014 prophetia
2815 2982 2830 3008 ,
2865 2956 2988 2995 eum
3019 2956 3243 3010 prorsus
3268 2956 3399 2997 con~

157 3065 165 3076 ’
193 3031 307 3109 οὖσα
344 3031 454 3109 καὶ*
835 3031 956 3116 ταῖς
995 3051 1101 3124 πρὸ
1134 3050 1303 3120 αὐτῆς
1327 3095 1339 3110 ,
1373 3048 1440 3102 τὰ
1471 3046 1598 3119 τέλη
1625 3046 1741 3101 δια-

1849 3051 2098 3098 sentanea
2138 3047 2193 3094 et
2222 3050 2464 3093 connexa
2506 3037 2575 3089 sit
2602 3032 3049 3105 praecedentibus,
3087 3031 3397 3101 huiusmodi

192 3149 359 3221 γράφῃ
386 3167 400 3181 ·
1841 3136 1977 3190 lines
1993 3129 2369 3204 peccatoribus
2401 3128 2699 3191 describat;

255 3214 373 3297 Ηᾶὲ
408 3239 701 3311 Hippolyto
751 3239 980 3293 dictante
1004 3278 1020 3304 ,
1042 3236 1415 3311 grammaticus
1440 3234 1614 3311 ipsum
1644 3229 2047 3311 rogauit.,“eccu'r
2070 3225 2217 3311 circa
2232 3219 2696 3311 cajmmpropltetiam
2744 3214 3033 3281 hmitaret,
3059 3217 3271 3284 perinde
3321 3233 3384 3270 ac

1052 3292 1098 3362 is
1128 3308 1190 3360 de
1216 3322 1308 3375 ope
1343 3292 1522 3358 divina
1567 3302 1620 3355 in
1650 3292 1724 3353 ω’
1739 3299 1914 3352 exsilii
1944 3295 2249 3351 calamitate
2271 3292 2524 3361 diﬁideret
2547 3305 2565 3341 :

261 3406 568 3480 Έπίστησιν
599 3406 629 3458 6
668 3401 1064 3475 γραμματικὸς,
1112 3401 1255 3464 τίνος
1307 3401 1487 3453 ἕνεκεν
1532 3398 1727 3464 ἐπεση-
1754 3400 1797 3457 C

1900 3392 2070 3446 Instat
2113 3387 2519 3460 grammaticus,
2570 3400 2667 3439 cur
2697 3385 2922 3439 verbum
2958 3383 3252 3456 διαγρὰφῃ,
3311 3384 3400 3437 de-

1831 3480 2411 3550 scribat,,subjunctivo
2435 3476 2594 3532 modo
2625 3486 2665 3531 a.
2686 3492 2772 3531 me
2795 3485 3109 3546 usurpatum
3129 3477 3217 3541 sit,
3241 3474 3395 3545 quasi

1834 3571 2221 3630 dubitationem
2243 3569 2494 3624 insinuet.

1395 3675 1708 3745 Hippolytus
1733 3687 1857 3741 ergo
1885 3666 2152 3739 respondit
2179 3684 2195 3718 :
3304 3710 3309 3717 ,

249 3784 462 3853 Οἷδαςδὲ
475 3786 719 3848 πάντως,
744 3778 909 3835 ὅτιτὰ
935 3777 1043 3831 τῶν
1070 3774 1321 3828 τοιούτων
1337 3767 1729 3842 σχηματισμῶν

1904 3762 2026 3817 Seis
2065 3769 2246 3815 autem
2288 3756 2529 3817 omnino,
2568 3754 2659 3808 illa
2691 3768 2811 3824 quze
2860 3752 3161 3808 istiusmodi
3202 3750 3401 3807 forma-

192 3882 259 3946 εἱς
284 3882 515 3936 ὑποτακτ
527 3879 652 3949 ικὴν
678 3874 1033 3945 ἀναφέρονται
1070 3866 1322 3936 ἐκκλησιν
1352 3862 1458 3915 τῶν
1483 3860 1581 3925 τὰς
1605 3860 1732 3931 περὶ

1849 3854 2038 3909 .ionum
2067 3858 2211 3912 sunt,
2240 3845 2307 3901 ad
2335 3845 2730 3914 subjunctivam
2765 3841 2954 3897 referri
2982 3841 3397 3910 increpationem

190 3932 765 4040 ⁷οιιώτείας
791 3932 1151 4033 μελετώντων,
1176 3932 1268 4008 καὶ
1298 3949 1639 4019 δικαιοσύνην
1658 3947 1735 4019 τῷ

1849 3958 2023 3999 eorum
2050 3940 2144 4011 qui
2170 3940 2289 3994 illas
2318 3953 2438 4008 qua:
2458 3937 2524 3991 de
2552 3934 2767 3991 Christo
2795 3939 2923 3987 sunt
2950 3932 3259 4003 prophetias
3286 3949 3398 3988 me-

193 4061 395 4131 στόματι
443 4057 768 4120 λαλούντων,
815 4051 889 4124 μὴ
934 4051 1031 4123 μὲν
1082 4044 1533 4120 παραδεξαμένων
1574 4042 1737 4095 αὐτὸν

191 4153 405 4219 ἐλθόντα,
439 4150 580 4224 μηδὲ
605 4146 1016 4203 ὲπακουσάντων
1049 4139 1214 4196 αὐτοῦ
1237 4139 1334 4210 τῆς
1363 4137 1543 4208 φωνῆς
1571 4134 1738 4224 potiu-

192 4261 269 4309 τος
320 4221 452 4317 πρὸς
503 4221 705 4306 αὐτοὺς
756 4239 850 4294 καὶ
902 4237 1149 4305 λέγοντος
1168 4250 1182 4263 ⁸
1241 4251 1259 4284 ι
1329 4231 1383 4282 '0
1424 4228 1584 4299 ἔχων
1611 4221 1735 4317 ὦτα

190 4315 407 4394 ἀκούειν
458 4332 751 4392 ἀκουέτω·
779 4332 989 4393 ὀἵτινες
1054 4325 1338 4397 ὡμοίωσαν
1378 4321 1600 4382 ἑαυτοὺς
1655 4315 1734 4387 τῷ

191 4426 327 4496 δφει,
366 4427 461 4482 καὶ
488 4426 559 4480 τὰ
589 4419 702 4478 ὦτα
732 4420 908 4477 αὐτῶν
953 4417 1309 4489 πεποιήκασιν
1351 4413 1481 4466 ὡσεὶ
1516 4408 1735 4471 ἀσπίδος

192 4493 381 4588 κωφῆς,
426 4537 446 4570 ι
492 4516 591 4571 καὶ
616 4514 684 4568 τὰ
715 4511 842 4582 ἑξῆς
865 4509 1065 4564 τούτων
1101 4505 1380 4578 εἰρημένα.
1433 4502 1620 4554 Ἔστιν
1640 4493 1733 4553 οὖν

192 4602 391 4673 ἀληθῶς¹
418 4605 447 4657 6
477 4602 867 4674 ἐπιμελόμενος
889 4598 996 4651 τῶν
1025 4596 1248 4651 δικαίων
1276 4592 1428 4656 Θεὸς,
1462 4591 1557 4644 καὶ
1586 4588 1735 4643 δικά-

192 4694 287 4758 ζων
309 4695 401 4767 μὲν
429 4697 611 4758 αὐτοῖς
644 4690 1015 4762 ἀδικουμένοις
1041 4689 1134 4742 ἐπὶ
1167 4686 1266 4756 τῆς
1299 4684 1428 4755 γῆς·
1459 4678 1732 4753 τιμωρού-

195 4798 333 4852 μενος
355 4785 412 4839 δὲ
434 4786 561 4848 τοὺς
578 4782 890 4853 τολμῶντας
916 4778 1111 4841 αὐτοὺς
1128 4774 1346 4830 ἀδικεῖν.

1150 4960 1219 5014 In
1255 4959 1513 5030 psalmum
1549 4862 1813 5020 LVIII,

252 5062 335 5115 Διὸ
389 5062 483 5117 καὶ
528 5061 689 5134 μέχρι
720 5062 818 5133 τῆς
860 5062 1097 5131 σήμερον
1128 5056 1360 5129 ὁρῶντες
1394 5054 1520 5117 τοὺς
1560 5053 1735 5124 ὄρους,

192 5152 275 5205 καὶ
294 5153 471 5225 κύκλῳ
493 5154 790 5225 περιϊόντες
812 5149 1091 5224 πόρρωθεν
1122 5148 1379 5201 ἵστανται.
1410 5143 1608 5198 Οὐκέτι
1634 5137 1728 5196 οὖν

192 5238 441 5307 βασιλεὺς,
481 5244 601 5298 οὐδὲ
642 5241 928 5315 ἀρχιερεὺς
973 5239 1091 5293 οὐδὲ
1122 5238 1431 5310 προφήτης,
1468 5234 1581 5288 ἀλλ’
1613 5234 1733 5287 οὐδὲ

191 5335 520 5401 γραμματεῖς
548 5335 641 5387 καὶ
680 5334 952 5406 φαρισαῖοι
990 5329 1084 5383 καὶ
1116 5328 1446 5382 σαδδουκαῖοι
1481 5325 1611 5397 παρ’
1639 5324 1735 5378 αὐ-

190 5420 290 5481 τοῖς
318 5420 470 5474 εἰσίν.
503 5423 576 5476 Οὐ
613 5423 711 5494 μὲν
739 5424 831 5476 καὶ
859 5418 1258 5489 ἀποκτανθῆναί
1290 5434 1457 5489 φησι·
1497 5416 1576 5470 διὸ
1614 5433 1735 5468 συν-

193 5506 404 5580 έστηκεν
444 5513 619 5567 αὐτῶν
658 5514 719 5567 τὸ
746 5514 899 5582 γένος
920 5556 933 5577 ,
969 5513 1062 5567 καὶ
1088 5510 1196 5564 τῶν
1227 5508 1429 5563 παίδων
1455 5511 1488 5579 ἡ
1521 5507 1735 5579 διαδοχὴ

258 5624 277 5655 τ
305 5623 490 5681 Matth.
514 5644 586 5693 ιι,
614 5627 701 5682 15.

267 5738 339 5810 (ί)
379 5742 552 5812 Ipsam
583 5743 770 5800 urbem
804 5743 1013 5813 imperii
1049 5741 1230 5799 sedem
1265 5740 1534 5812 intelligit.

1837 4038 2081 4092 ditantur
2119 4033 2356 4103 quidem,
2402 4039 2456 4086 et
2499 4027 2761 4100 justitiam
2810 4039 2904 4078 ore
2953 4024 3396 4095 proloquuntur:

1839 4127 1933 4182 sed
1970 4127 2146 4196 ipsum
2176 4123 2551 4179 advenientem
2570 4137 2679 4177 non
2705 4116 2995 4187 recipiunt,
3021 4130 3197 4186 neque
3210 4131 3396 4171 vocem

1835 4221 1955 4290 ejus
1991 4218 2218 4273 audiunt
2244 4215 2531 4271 clamantis
2546 4223 2705 4284 atque
2734 4209 2965 4265 dicentis
2996 4227 3010 4261 :
3054 4230 3073 4262 ι
3108 4209 3212 4276 Qui
3243 4210 3399 4265 habet

1838 4328 1990 4366 aures
2019 4308 2268 4364 audiendi
2312 4309 2577 4363 audiat":
2627 4308 2721 4378 qui
2768 4304 3174 4374 assimilaruntl
3203 4311 3398 4358 semet-

1839 4402 1984 4473 ipsos
2043 4400 2314 4471 serpenti,
2363 4409 2417 4456 et
2440 4413 2599 4454 aures
2627 4412 2756 4454 suas
2791 4397 3039 4453 iecerunt
3079 4395 3220 4450 sicut
3261 4393 3401 4463 aspi-

1839 4492 1925 4548 dis
1987 4490 2217 4548 surdas:
2259 4510 2279 4544 ι
2325 4499 2379 4547 et
2407 4507 2529 4563 quae
2573 4489 2767 4546 exinde
2837 4487 2979 4545 dicta
3044 4494 3188 4541 sunt.
3258 4480 3399 4536 Deus

1840 4584 2022 4654 itaque
2043 4583 2312 4653 iustorum
2342 4597 2531 4639 revera
2554 4597 2741 4638 curam
2762 4581 2920 4652 gerit,
2948 4589 3109 4649 atque
3125 4576 3256 4648 ipsis
3280 4576 3373 4646 qui

1839 4674 1961 4731 dem
1992 4674 2247 4745 injuriam
2278 4676 2456 4745 passis
2487 4675 2541 4728 in
2578 4684 2719 4730 terra
2738 4674 2829 4745 jus
2852 4673 3015 4737 dicit;
3047 4670 3242 4741 premit
3274 4684 3400 4724 vero

1839 4767 1962 4822 illos
1993 4766 2085 4836 qui
2120 4765 2348 4835 injurias
2376 4765 2509 4836 ipsis
2543 4764 2742 4819 inferre
2764 4772 3115 4834 przesumunt.

1843 4984 1911 4995 -—
1940 4950 2136 5007 Contra
2178 4950 2413 5006 Judteos.

1917 5048 2123 5104 Idcirco
2143 5048 2305 5102 etiam
2335 5061 2506 5116 usque
2531 5046 2584 5099 in
2615 5046 2754 5100 hanc
2789 5044 2931 5099 diem
2955 5044 3195 5099 videntes
3226 5043 3400 5112 regio-

1839 5139 1924 5194 nis
1949 5138 2147 5194 limitcs
2173 5149 2227 5194 et
2247 5138 2666 5200 circumeuntes,
2691 5134 2905 5190 eminus
2925 5133 3246 5189 consistunt.
3284 5129 3398 5185 Non

1842 5231 2075 5300 amplius
2107 5230 2291 5300 itaque
2322 5229 2405 5283 vel
2441 5244 2557 5293 rex,
2595 5229 2676 5283 vel
2704 5225 2965 5298 pontifex.
3011 5226 3090 5280 vel
3117 5223 3396 5295 propheta,

1841 5321 1935 5375 sed
1983 5336 2158 5393 neque
2208 5320 2410 5376 Scribte
2453 5330 2506 5376 et
2556 5318 2811 5376 Pharisaei
2857 5337 2922 5377 ac
2951 5315 3228 5373 Sadducaei
3258 5315 3396 5384 apud

1845 5414 1994 5483 ipsos
2033 5424 2179 5469 sunt.
2218 5411 2599 5469 Verumtamen
2636 5428 2742 5467 non
2770 5412 2903 5483 petit
2929 5418 2990 5465 ut
3030 5406 3344 5463 occidantur
3381 5421 3395 5457 :

1845 5514 2169 5577 quapropter
2200 5515 2253 5561 ct
2286 5521 2454 5578 genus
2483 5521 2669 5561 eorum
2699 5503 2977 5571 subsistit,
3018 5511 3068 5557 ct
3105 5499 3409 5556 liberorum.
