3876 6340
467 324 575 382 723

1221 328 1278 382 S.
1321 320 1677 384 HIPPOLYTI
1718 327 1864 382 OPP.
1908 327 2088 382 PARS
2145 326 2185 380 l.
2228 358 2295 368 -—
2335 323 2755 383 FRAGMENTA
2794 323 3041 382 DUBIA.:
3549 332 3627 387 nl

468 443 745 500 successio
795 444 1202 514 multiplicatur.
1248 445 1363 501 Non
1397 448 1540 502 enim
1587 446 1852 503 interfecti
1889 458 2027 515 sunt1

2141 447 2418 519 πληθύνει.
2462 447 2534 500 Οὐ
2566 447 2673 518 γάρ
2701 443 3114 515 ἀπεκτάνθησαν
3136 485 3150 510 ,
3185 442 3287 496 οὐδ’
3310 443 3364 507 ἐξ
3388 444 3633 515 ἀνθρώπων

469 550 644 604 neque
671 549 737 589 ex
767 535 1080 590 hominibus
1119 536 1296 599 deleti,
1326 537 1416 593 sed
1447 546 1576 594 sunt
1607 540 1824 609 quidem
1848 551 1900 595 et
1929 556 2027 594 ex-

466 629 707 681 sistunt:
735 635 1108 682 verumtamen
1138 637 1393 698 tanquam
1435 631 1618 700 rejecti
1656 646 1721 685 ac
1759 632 2029 686 deturbati

465 719 537 771 ab
564 717 788 781 honore,
813 734 972 790 quem
1005 718 1132 774 olim
1157 723 1297 790 apud
1325 713 1490 776 Deum
1522 723 1855 778 obtinebant.
1887 723 2028 790 Quin

465 821 544 874 et,
577 811 884 881 t'Disperge
922 812 1065 874 illos.
1100 813 1294 882 inquit,
1343 813 1396 866 in
1422 814 1624 869 virtute
1656 825 1746 868 tua
1781 833 1794 868 :
1829 833 1846 866 ι
1883 815 2027 884 quod

464 909 655 971 utique
695 903 857 956 etiam
901 905 1140 973 contigit.
1188 901 1242 956 In
1283 905 1590 960 universam
1632 906 1776 960 enim
1832 915 2027 962 terram

462 989 697 1062 dispersi
747 1005 896 1059 sunt,
950 995 1148 1064 ubique
1185 996 1482 1051 servientes
1511 1005 1672 1065 atque
1713 996 1926 1052 intimas
1966 1012 2030 1051 ac

465 1079 693 1133 serviles
727 1090 870 1134 artes
901 1095 1090 1136 omnes
1111 1123 1126 1147 ,
1157 1092 1318 1152 atque
1346 1083 1648 1139 indecentia
1679 1085 1892 1154 opiﬁcia
1921 1102 2032 1156 prae

465 1169 611 1225 fame
639 1171 922 1227 obeuntes.

533 1261 666 1317 Nam
703 1265 748 1320 si
781 1265 941 1320 deleti
973 1275 1156 1321 essent
1180 1281 1246 1322 ex
1274 1268 1585 1324 hominibus
1605 1313 1620 1332 ,
1652 1271 1725 1324 ita
1751 1280 1813 1325 ut
1839 1271 2028 1327 nullibl

464 1355 577 1410 ullo
603 1358 766 1412 modo
811 1358 863 1412 in
901 1359 1036 1412 vivis
1069 1359 1280 1428 essent];
1322 1360 1765 1429 haudquaquam,
1809 1362 2026 1432 inquit,

462 1458 691 1503 nossent
729 1451 985 1520 populum
1035 1467 1237 1514 meum,
1295 1467 1470 1522 neque
1521 1453 1809 1508 seivissent
1854 1470 2028 1508 meam

461 1534 762 1592 Ecclesiam
793 1539 1007 1593 ﬂorere.
1060 1537 1244 1610 Itaque
1268 1541 1514 1612 disperge
1542 1542 1662 1598 illos
1695 1542 1894 1611 ubique
1919 1554 2029 1598 ter-

462 1643 672 1695 rarum,
719 1629 808 1683 ubi
838 1628 1074 1684 Ecclesia
1110 1647 1229 1684 mea
1274 1633 1435 1686 etiam
1475 1634 1767 1689 constituta
1799 1644 1916 1700 est;
1971 1645 2029 1690 ut

458 1735 586 1774 cum
612 1721 846 1776 viderint
880 1721 1174 1776 Ecclesiam
1201 1739 1229 1777 a
1263 1740 1348 1778 me
1379 1723 1681 1791 fundatam,
1709 1727 1773 1780 ad
1802 1727 2027 1782 aemula-

461 1813 668 1868 tionem
701 1812 867 1867 divini
889 1815 1066 1868 cultus
1090 1815 1402 1870 incitentur.
1439 1816 1686 1871 Salvator
1709 1817 1890 1888 itaque
1917 1819 2029 1873 haec

458 1905 627 1959 etiam
662 1918 760 1974 pro
788 1905 920 1975 ipsis
942 1907 1170 1976 rogavit.

2021 2006 2086 2060 ν.

2133 540 2468 610 ἀπέσϐησαν,
2490 537 2602 590 ἀλλ’
2633 537 2737 589 εἰσὶ
2768 537 2864 607 μὲν
2893 536 2985 590 καὶ
3013 535 3367 604 ὑφεστήκασιν
3386 553 3397 567 ·
3426 536 3568 600 οὕτως
3590 539 3634 592 δὲ

2130 632 2206 694 ὡς
2233 629 2716 700 καταϐεϐλημένοι,
2756 629 2851 682 καὶ
2891 624 3365 696 κατανηνεγμένοι.
3403 622 3463 697 ἧς
3502 627 3639 680 πάλαι

2129 722 2354 792 ὴξίωντο
2389 721 2538 792 παρά
2562 719 2680 790 Θεῷ
2705 720 2885 791 τιμῆς.
2925 716 3082 770 Ἀλλὰ
3109 716 3223 782 καὶ,
3263 735 3280 767 ‹
3309 717 3639 787 Διασκόρπισον

2093 843 2098 849 ι
2126 815 2353 877 αὐτοὺς,
2396 812 2580 882 φησὶν,
2615 813 2673 865 ὲν
2704 814 2770 882 τῇ
2799 809 3024 880 δυνάμει
3064 826 3157 861 σου
3177 825 3190 838 ο
3232 827 3249 859 ›
3279 807 3382 878 ὃδὴ
3408 810 3490 861 καὶ
3515 809 3641 877 γέγο-

2133 922 2242 958 νεν.
2287 905 2380 967 Εἰς
2422 905 2602 957 πᾶσαν
2646 901 2751 974 γάρ
2788 901 2886 972 τὴν
2927 901 3031 971 γῆν
3074 901 3438 971 διεσπαρμένοι
3475 903 3641 971 τυγχάι

2137 1013 2305 1057 νουσι,
2330 987 2665 1056 δουλεύοντες
2697 991 2993 1061 πανταχοῦ,
3030 991 3124 1044 καὶ
3151 990 3250 1054 τὰς
3273 990 3551 1060 ἐλαχίστους
3569 992 3646 1043 καὶ

2132 1086 2519 1158 δουλοπρεπεῖς
2564 1085 2777 1155 τέχνας,
2826 1084 3005 1145 πάσας
3026 1099 3084 1135 τε
3120 1081 3220 1145 τὰς
3255 1083 3496 1152 ἀπρεπεῖς
3521 1081 3647 1152 μεθό-

2135 1177 2257 1240 δους
2284 1177 2442 1230 ἕνεκα
2467 1174 2560 1228 τοῦ
2594 1176 2782 1245 πεινᾷν
2808 1172 3207 1245 μετερχόμενοι.

2197 1273 2261 1324 Εἰ
2292 1271 2400 1344 γὰρ
2425 1267 2562 1342 ἦσαν
2595 1271 2655 1334 ἐξ
2686 1269 2984 1339 ἀνθρώπων
3025 1265 3427 1337 ἀφανισθέντες,
3461 1267 3648 1338 μηδαμῆ

2131 1363 2392 1435 μηδαμῶς
2423 1365 2481 1416 ὲν
2523 1362 2685 1427 ζωσιν
2729 1362 2896 1424 ὄντες,
2927 1361 3027 1414 οὐκ
3078 1359 3145 1413 ἂν
3191 1355 3356 1423 εἷδδν,
3397 1358 3531 1430 φησι,
3573 1359 3649 1410 τὸν

2129 1455 2260 1526 ὲμὸν
2288 1454 2435 1518 λαὸν,
2471 1454 2577 1507 οὐδ’
2605 1453 2669 1506 ἂν
2705 1451 2944 1520 ἔγνωσαν
2979 1449 3244 1504 ἀνθοῦσαν
3279 1450 3370 1522 τὴν
3398 1451 3522 1521 ἐμὴν
3557 1451 3651 1502 Ἐκ-

2128 1546 2372 1617 κλησίαν.
2407 1543 2797 1616 Διασκόρπισον
2824 1542 3000 1596 τοίνυν
3029 1543 3223 1606 αὐτοὺς
3257 1541 3518 1612 άπανταχῆ
3548 1541 3648 1611 τῆς,

2129 1635 2256 1689 ἔνθα
2281 1635 2460 1706 μέλλει
2491 1635 2582 1688 καὶ
2615 1636 2647 1705 ἡ
2675 1633 2780 1704 έμὴ
2823 1633 3113 1704 Ἐκκλησία
3148 1631 3512 1686 συνίστασθαι·
3533 1633 3654 1694 ὅπως

2132 1727 2415 1798 βλέποντες
2457 1727 2556 1798 τὴν
2596 1729 2687 1780 ὑπ’
2721 1725 2854 1797 ἐμοῦ
2883 1725 3294 1798 θεμελιωθείσαν
3350 1723 3651 1796 Ἐκκλησίαν,

2129 1821 2208 1883 εἰς
2243 1817 2402 1889 ζῆλον
2447 1818 2689 1890 έρχοιντο
2717 1818 3040 1883 θεοσεϐείας.
3083 1816 3292 1872 Οὐκοῦν
3328 1819 3418 1874 καὶ¹
3452 1817 3602 1871 ταῦτα
3633 1818 3658 1871 ὸ

2133 1910 2320 1982 Σωτὴρ
2348 1911 2490 1982 ὑπὲρ
2518 1910 2696 1964 αὐτῶν
2731 1909 2944 1982 ηὔχετο.

1801 2095 1865 2153 In
1900 2101 2161 2162 psalmum
2211 2113 2320 2162 ut,
2349 2098 2402 2154 7.

1801 2116 1865 2153 ut
1936 2116 2027 2154 san

531 2189 753 2262 Profugi
801 2193 1016 2260 proprie
1047 2189 1300 2247 dicuntur
1325 2234 1340 2259 ,
1379 2195 1472 2264 qui
1509 2195 1578 2250 ab
1619 2116 2024 2266 aliquibuspho-

2128 2116 2161 2151 η
2211 2116 2320 2162 ut,
2359 2116 2402 2154 ι.

2197 2193 2544 2248 Μετανάσται
2567 2188 2772 2268 κυρίως
2794 2190 3040 2262 λέγονται
3058 2191 3108 2244 οι
3129 2191 3284 2264 παρά
3310 2209 3463 2244 τινων
3484 2188 3659 2261 ἐχθρῶν

455 2285 634 2341 stibus
664 2293 758 2338 aut
800 2285 1036 2339 inimicis
1059 2286 1233 2339 eversi
1281 2295 1428 2353 sunt,
1475 2303 1537 2342 ac
1579 2289 1772 2343 deinde
1804 2289 2021 2343 exsules

457 2375 588 2430 facti
613 2393 627 2429 :
651 2375 792 2446 quod
826 2376 985 2430 etiam
1012 2393 1110 2431 nos
1139 2393 1169 2430 a
1206 2379 1541 2435 daemonibus
1580 2381 1729 2450 prius
1762 2382 2022 2435 tolerave-

457 2481 668 2521 ramns.
701 2465 896 2522 Verum
919 2482 981 2520 ex
1002 2482 1109 2535 quo
1142 2482 1243 2522 nos
1271 2459 1521 2525 Christus
1548 2487 1641 2541 per
1671 2471 1829 2527 fidem
1867 2486 2021 2527 suam

459 2560 736 2628 suscepit,
767 2575 872 2614 non
898 2560 1132 2628 amplius
1161 2579 1191 2615 a
1220 2575 1343 2616 vera
1371 2572 1558 2617 nostra
1589 2564 1761 2634 patria
1793 2573 2027 2634 superna

454 2649 754 2706 Jerusalem
775 2655 1044 2716 exsulare,
1073 2663 1167 2708 aut
1201 2669 1231 2707 a
1258 2653 1482 2708 Veritate
1503 2655 1568 2708 ad
1597 2669 1832 2711 errorem
1857 2665 2030 2710 trans-

457 2745 587 2800 ferri
617 2744 953 2800 sustinemus
984 2746 1081 2815 (Ι).

2124 2288 2157 2359 ἢ
2195 2287 2464 2357 πολεμίων
2493 2285 2882 2358 πορθηθέντες,
2934 2281 3052 2338 εἶτα
3094 2284 3372 2356 γενόμενοι
3425 2283 3656 2355 μέτοικον

2124 2378 2260 2449 ὅπερ
2280 2378 2372 2431 καὶ
2399 2379 2559 2448 ἡμεῖς
2586 2376 2736 2450 παρὰ
2751 2376 2861 2431 τῶν
2878 2375 3143 2447 δαιμόνων
3165 2376 3527 2447 ὑπεμείναμεν
3552 2375 3663 2445 προ-

2129 2485 2301 2541 τερον.
2357 2469 2473 2539 Ἀφ’
2505 2464 2565 2523 οὗ
2605 2469 2663 2522 δὲ
2703 2468 2857 2540 ἡμῶν
2889 2467 3119 2539 Χριστὸς
3160 2467 3250 2521 διὰ
3291 2468 3388 2539 τῆς
3418 2467 3494 2530 είς
3527 2465 3662 2519 αὑτὸν

2133 2560 2452 2614 ἀντελάϐετο
2482 2562 2734 2625 πίστεως,
2774 2561 2952 2614 οὐκέτι
2988 2560 3319 2631 μετανάσται
3349 2557 3455 2616 ἀπὸ
3478 2559 3566 2629 τῆς
3589 2556 3663 2609 δν-

2131 2667 2239 2715 τως
2280 2651 2531 2722 πατρίδος
2571 2651 2919 2723 Ἰερουσαλὴμ
2965 2653 3064 2724 τῆς
3099 2653 3213 2706 άνω
3258 2649 3534 2723 γινόμεθα,
3563 2648 3663 2703 οὐδὲ

2135 2742 2540 2813 μετοικισθῆναι
2589 2743 2697 2796 ἀπὸ
2753 2743 2853 2813 τῆς
2905 2743 3156 2814 ἀληθείας
3215 2745 3297 2807 εις
3340 2743 3440 2815 τὴν
3487 2740 3664 2811 πλάνην

2129 2833 2450 2904 ἀνεχόμεθα.

2001 2925 2089 2980 γι.

1250 3020 1315 3076 1η
1346 3018 1607 3090 psalmum
1655 3039 1823 3086 van,
1876 3022 1965 3079 l9.
1997 3024 2144 3079 —De
2175 3026 2587 3096 ampliﬁcatione
2621 3024 2887 3082 Ecclesiae.

527 3111 793 3167 Caeterum
828 3114 1137 3169 incredulos
1164 3130 1381 3185 quoque
1428 3130 1816 3184 nonnunquam
1859 3115 2024 3170 trahit

2201 3119 2384 3172 Ἕλκει
2414 3119 2581 3172 δὲκαὶ
2605 3120 2730 3183 τοὺς
2762 3117 3117 3183 ἀπειθοῦντας
3146 3119 3262 3175 ἔσθ’
3287 3121 3379 3175 ὅτε
3412 3120 3501 3175 διὰ
3524 3120 3670 3175 νόσων

453 3219 550 3274 per
571 3205 793 3260 morbos
821 3215 875 3259 et
895 3205 1291 3262 afﬂictationes.
1311 3205 1451 3273 Quin
1473 3207 1634 3261 etiam
1657 3206 1815 3261 multi
1831 3222 1928 3275 per
1946 3207 2022 3260 vi-

2128 3204 2219 3264 κα⁶ι
2257 3211 2646 3282 περιστάσεων.
2689 3211 2876 3264 Πολλοὶ
2902 3211 2958 3264 δὲ
2987 3211 3082 3265 καὶ
3111 3210 3179 3265 δι’
3217 3213 3511 3286 ὁραμάτων
3534 3207 3671 3284 ἦλθον

454 3298 634 3352 siones
645 3298 715 3352 ad
729 3298 831 3354 hoc
847 3309 1233 3369 pervenerunt,
1262 3309 1321 3355 ut
1336 3301 1476 3371 apud
1492 3299 1676 3356 Jesum
1692 3301 2017 3356 habitarent.

2128 3303 2203 3365 εἰς
2231 3300 2292 3353 τὸ
2317 3301 2731 3371 κατασκηνῶσαι
2760 3301 2909 3373 παρὰ
2937 3301 3014 3372 τῷ
3052 3301 3253 3372 Ἰησοῦ.

2015 3419 2122 3476 Vll.

1391 3517 1454 3571 In
1484 3518 1745 3588 psalmum
1809 3531 2088 3582 Lxxxvm,
2146 3512 2199 3569 4.
2227 3547 2285 3557 -
2322 3514 2517 3570 Contra
2545 3515 2780 3586 gentiles.

522 3609 578 3662 In
605 3609 832 3665 circuitu
863 3619 1043 3665 autem
1071 3619 1258 3665 nostro
1283 3621 1408 3665 sunt
1432 3627 1765 3682 paganorum
1789 3612 2008 3681 sapien-

2183 3609 2380 3680 Κύκλῳ
2405 3609 2460 3661 δὲ
2490 3607 2644 3679 ἡμῶν
2666 3611 2801 3663 εἰσιν
2839 3607 3104 3680 Ἑλλήνων
3133 3609 3185 3661 οἱ
3210 3609 3394 3678 σοφοὶ,
3435 3605 3677 3676 μυκτηρί·

449 3711 555 3765 tes,
595 3701 945 3772 explodentes
987 3718 1050 3758 ac
1089 3703 1486 3758 subsann'antes
1525 3719 1646 3769 nos,
1707 3712 1891 3773 utpote
1917 3703 2014 3773 qui

2128 3701 2304 3765 ζοντες
2342 3703 2434 3754 καὶ
2469 3698 2818 3772 χλευάζοντες
2863 3702 3028 3772 ἡμᾶς,
3070 3700 3146 3764 ὡς
3187 3700 3564 3766 ἀνεξετάστως
3601 3698 3680 3751 κσὶι

450 3796 568 3850 sine
603 3795 945 3868 indagatione
970 3811 1032 3852 ac
1059 3797 1220 3852 stulte
1251 3797 1557 3852 credamus.

2128 3793 2322 3865 μωρῶς
2351 3792 2722 3856 πιστεύοντας.

2001 3889 2133 3943 ‘v’lll.

1030 3986 1094 4042 In
1149 3989 1286 4041 illud
1314 3988 1506 4057 psalmi
1549 4001 1673 4051 xcv,
1730 3988 1789 4041 11
1830 4007 1841 4040 :
1878 4006 1895 4037 ι
1932 3987 2331 4042 Commoveatur
2359 4001 2502 4038 mare
2533 3994 2582 4038 et
2610 3985 2879 4053 plenitudo
2901 4001 3033 4055 ejus.
3073 4005 3090 4038 ι

517 4075 622 4133 Per
643 4080 759 4134 haec
782 4090 960 4134 autem
980 4096 1161 4135 sermo
1189 4082 1460 4151 signiﬁcat
1488 4081 1850 4152 evangelicam
1877 4095 2014 4150 prm-

2187 4077 2449 4149 Σημαίνει
2488 4077 2546 4131 δὲ
2577 4077 2666 4131 διὰ
2705 4078 2909 4133 τούτων
2964 4081 2992 4133 ὁ
3030 4072 3188 4147 λᾶγος
3239 4077 3607 4134 διελεύσεσθαι
3633 4071 3684 4128 τὺ

436 4171 793 4236 dicationem,
829 4182 882 4226 et
909 4174 1075 4226 maria
1105 4176 1160 4226 et
1193 4172 1400 4227 insulas
1427 4173 1618 4238 maris,
1649 4182 1811 4242 atque
1844 4173 2014 4226 homi-

2128 4168 2472 4239 εύαγγελικὸν
2515 4170 2794 4241 κήρυγμα,
2837 4169 2931 4223 καὶ
2968 4170 3035 4223 τά
3075 4170 3318 4243 πελάγη,
3365 4173 3462 4226 καὶ
3488 4171 3582 4233 τὰς
3607 4169 3684 4220 ἐπὶ

439 4277 541 4319 υθέ
582 4265 636 4318 in
669 4265 735 4318 iis
770 4264 1108 4332 habitantes,
1169 4280 1308 4336 quos
1339 4284 1356 4316 ι
1389 4265 1776 4335 plenitudinem
1822 4267 1939 4337 ejus
1985 4286 2004 4319 ο

2128 4259 2392 4331 θαλάσσης
2433 4257 2650 4331 νήσους,
2699 4260 2825 4323 τούς
2865 4277 2923 4313 τε
2955 4262 3011 4314 ὲν
3043 4260 3271 4326 ταύταις
3310 4260 3686 4319 κατοικοῦντας

441 4364 620 4416 vocat,
646 4365 1030 4424 pervasnram;
1084 4355 1226 4424 quod
1273 4355 1460 4424 utique
1489 4370 1546 4409 re
1578 4355 1690 4424 ipsa
1732 4356 2009 4426 impletum

2128 4351 2451 4424 itveptbrtoug,
2512 4371 2530 4403 ι
2583 4352 2850 4424 πλήρωμα
2885 4354 3053 4424 αὐτῆς
3098 4374 3117 4406 ι
3176 4353 3687 4428 ὠνομασμένους-ὀ

442 4453 547 4498 est.
601 4443 878 4514 Siquidem
928 4444 1182 4500 Ecclesia:
1225 4444 1424 4501 Christi
1471 4448 1677 4502 insulas
1708 4462 1896 4501 omnes
1926 4463 2009 4503 re-

2128 4443 2209 4497 ιαὶ
2235 4443 2364 4496 αὐτὸ
2390 4442 2542 4506 τέλος
2572 4442 2776 4514 ἔτυχεν.
2811 4443 2918 4497 Καὶ
2953 4445 3059 4518 γὰρ
3104 4446 3437 4517 Ἐκκλησίαι
3470 4438 3686 4517 Χριστοῦ

441 4538 588 4607 plent
615 4546 668 4590 et
710 4538 761 4590 in
789 4539 906 4592 dies
937 4538 1383 4606 multiplicantur,
1414 4548 1576 4609 atque
1612 4540 2005 4594 incrementum

2128 4533 2210 4597 τὰς
2234 4535 2430 4606 νήσους
2471 4535 2686 4599 ἁπάσας
2725 4535 3007 4606 πληροῦσι,
3050 4535 3284 4606 πληθύει
3321 4555 3382 4591 τε
3410 4537 3684 4607 ὁσημέραι.

441 4626 609 4680 sumit
635 4627 877 4680 doctrina
913 4629 1188 4682 salutaris.

2128 4629 2206 4682 ιαὶ
2244 4627 2548 4681 ἐπιδίδωσιν
2575 4630 2608 4701 η
2641 4629 2902 4700 σωτήριος
2925 4627 3263 4682 διδασκαλία.

2010 4722 2104 4778 IX.

1636 4819 1698 4876 In
1740 4821 2002 4890 psalmum
2053 4833 2242 4881 cxvm,
2293 4820 2479 4874 50-52.

508 4909 731 4964 Amator
767 4913 1031 4976 veritatis,
1067 4925 1120 4969 et
1165 4918 1256 4986 qui
1305 4933 1580 4987 nunquam
1614 4933 1709 4987 per
1752 4933 1815 4972 os
1848 4932 2007 4972 suum

2195 4917 2252 4970 Ὀ
2282 4917 2602 4988 φιλαλήθης,
2640 4918 2731 4970 καὶ
2775 4921 2987 4988 μήποτε·
3007 4916 3308 4988 προφέρων
3347 4915 3523 4986 ψευδῆ
3553 4913 3691 4980 λόγον

439 5016 741 5072 sermonem
794 5002 985 5059 falsum
1035 5008 1267 5076 profert,
1303 5010 1482 5064 dicere
1514 5010 1685 5080 possit
1723 5029 1735 5063 :
1776 5027 1794 5060 ι
1843 5007 1996 5062 Viam

2128 5012 2194 5063 ῑιά
2219 5010 2506 5080 στόματος,
2524 5011 2666 5063 εἴποι
2687 5009 2800 5073 ἂν,‹
2825 5009 2972 5063 Ὀδὸν
2999 5007 3258 5080 ἀληθείας
3282 5010 3649 5081 ᾑρετισάμην.
3668 5021 3684 5052 ι

435 5084 683 5151 veritatis
731 5097 887 5167 elegi.
946 5118 964 5150 ι
1001 5101 1140 5166 Quin
1172 5109 1224 5155 et
1268 5101 1314 5155 is
1359 5102 1448 5169 qtti
1496 5102 1699 5170 judicia
1726 5101 1818 5154 Dei
1858 5111 2005 5154 sent--

2128 5102 2274 5156 Ἀλλά
2316 5104 2406 5155 καὶ
2442 5105 2470 5156 ὁ
2509 5102 2794 5165 διαπαντὸς
2835 5101 2938 5173 πρὸ
2965 5101 3263 5172 ὀφθαλμῶν
3315 5101 3605 5173 τιθέμενος
3631 5095 3691 5147 τὰ

438 5205 534 5259 per
559 5200 681 5245 ante
703 5192 890 5246 oculos
911 5195 1080 5261 ponit,
1113 5203 1167 5246 et
1193 5195 1245 5247 in
1275 5195 1422 5247 omni
1448 5193 1661 5248 actione
1685 5195 2001 5249 eorumdein

2128 5194 2194 5247 τοῦ
2227 5194 2360 5247 Θεοῦ
2403 5194 2680 5265 κρίματα,
2717 5193 2811 5246 καὶ
2849 5195 2940 5247 ἐπὶ
2985 5192 3134 5266 πάσῃ
3161 5193 3378 5263 πράξει
3416 5187 3690 5265 μεμνημέο

436 5285 702 5349 meminit,
755 5285 934 5340 dicet:
977 5305 994 5336 ‹
1045 5285 1253 5341 Judicia
1289 5294 1384 5339 tua
1420 5301 1527 5339 non
1564 5302 1682 5341 sum
1718 5286 1936 5341 oblitus.
1979 5306 1998 5339 ι

2130 5302 2187 5348 ος
2213 5285 2392 5338 αὐτῶν
2419 5286 2558 5354 ὲρεῖ’
2599 5304 2617 5334 ι
2651 5283 2731 5336 Τά
2752 5282 2994 5354 κρίματά
3020 5300 3113 5335 σου
3139 5281 3243 5335 οὐκ
3271 5281 3648 5347 ἐπελαθόμην.
3671 5292 3687 5324 ι

434 5371 502 5426 Et
541 5376 812 5438 quomodo
837 5391 932 5430 cor
967 5387 1209 5430 nostrum
1242 5385 1339 5446 per
1378 5379 1700 5432 tentationes
1738 5393 1800 5433 ac
1828 5379 2002 5432 tribu-

2128 5379 2210 5431 ἰαὶ
2241 5377 2356 5438 πῶς
2383 5375 2540 5445 ἡμῶν
2587 5378 2619 5445 ἡ
2647 5373 2842 5446 καρδία
2879 5373 3198 5428 πλατύνεται
3232 5372 3332 5427 διά
3376 5366 3691 5444 πειρασμῶν

430 5459 663 5520 lationes
685 5466 978 5520 dilatatur?
1007 5466 1098 5521 lla:
1133 5468 1402 5537 siquidem
1431 5468 1489 5522 in
1521 5469 1678 5527 nobis
1701 5471 1886 5539 spinas
1911 5487 2004 5525 co-

2128 5469 2191 5522 :a‘t
2234 5467 2492 5536 θλίψεων;
2540 5467 2722 5520 Ταῦτα
2757 5466 2863 5535 γάρ
2903 5465 3000 5529 τὰς
3040 5467 3096 5519 ὲν
3133 5467 3269 5535 ἡμῖν
3313 5465 3568 5527 ἀκάνθας
3594 5459 3692 5514 τῶν

504 5647 583 5714 (1)
608 5646 683 5724 _ln
711 5647 913 5724 Catena
975 5646 1217 5724 Corderii
1263 5649 1718 5724 anonymiutitnlo
1745 5651 1999 5706 abrasnm
2111 5650 2435 5724 aliuml‘acit
2462 5649 2675 5724 a_l’aulo
2705 5651 2951 5724 apostolo
2976 5647 3386 5724 i_n_psal.t.xxu,
3411 5664 3470 5724 p1
3500 5641 3692 5724 Πελία

435 5713 776 5791 liippnlytntn
809 5721 1122 5772 delitescere
1148 5719 1285 5772 inter
1301 5713 1494 5791 caetera
1526 5720 1654 5772 illud
1686 5724 1846 5775 etiam
1876 5739 2005 5775 sna-
2112 5738 2240 5776 vero
2269 5723 2420 5776 licuit
2468 5713 2757 5791 Hippolyto
2782 5723 2833 5773 in
2878 5713 3185 5791 occidente,
3214 5713 3686 5789 quemadmodum

431 5787 514 5840 det
543 5789 683 5850 quod
711 5789 755 5842 is
774 5805 1078 5860 anonymus
1100 5799 1371 5844 auctorem
1391 5788 1645 5859 Epistolre
1667 5793 1730 5845 ad
1752 5791 2004 5848 llcbraros
2111 5802 2163 5849 et
2195 5796 2426 5859 Irenaeo;
2457 5791 2507 5845 in
2539 5787 2762 5845 Oriente
2783 5807 2888 5845 non
2925 5790 3094 5845 licuit.
