3876 6340
250 310 342 364 725
855 309 913 364 S.
956 307 1131 364 HIPP.
1167 307 1703 366 DEMONSTRATIO
1737 307 1824 362 DE
1861 303 2161 364 CHRISTO
2199 303 2286 359 ET
2323 299 2803 358 ANTMZHRISTO.
3333 295 3436 350 726

243 422 497 494 λογισμῶν
539 423 810 496 ἐκτέμνει,
859 425 951 477 καὶ
980 425 1078 495 τὴν
1119 425 1345 496 καρδίαν
1366 425 1664 497 εὐρυτέραν
1701 426 1774 487 εἰς

1903 423 2202 492 ςίῑοιίοηιιω
2227 421 2463 477 evellunt
2487 461 2501 486 ,
2544 428 2598 474 et
2634 433 2728 473 cor
2758 423 3005 472 nostrum
3031 412 3096 468 ad
3133 413 3309 484 legum
3348 413 3434 466 di-

239 515 327 586 τὴν
344 515 447 568 τῶν
461 514 642 585 νόμων
667 513 772 567 τῶν
801 514 959 569 θείων
1000 517 1262 588 ὑποδοχὴν
1283 518 1586 588 ἐργάζεται.
1623 537 1640 569 ι
1693 519 1770 571 Ἐν

1903 513 2128 568 rinarum
2177 512 2576 583 perceptionem
2624 509 2868 565 dilatant.
2916 527 2934 558 ‹
2987 505 3044 560 In
3091 503 3434 560 tribulatione

237 605 398 676 θλίψει
421 604 559 678 γὰρ,
600 608 791 679 φησὶν,
821 607 1121 673 ὲπλάτυνάς
1154 627 1262 681 μοι.
1300 628 1319 662 ι
1361 609 1492 663 Τότε
1547 609 1642 680 τὴν
1666 609 1768 663 ὁδὸκ

1903 606 2047 670 :nim,
2080 606 2288 675 inquit,
2329 603 2568 659 dilatasti
2605 602 2758 657 mihi.
2800 621 2818 654 ι
2857 600 3010 654 Tunc
3035 601 3175 652 viam
3211 596 3434 651 manda-

238 696 336 750 τῶν
363 696 602 749 ἐντολῶν.
619 696 709 750 τοῦ
737 697 868 751 Θεοῦ
916 697 1274 770 διαϐαίνομεν,
1314 697 1542 764 εὔζωνες
1573 699 1659 752 διὰ
1684 699 1769 769 τῆς

1901 713 2061 754 orum
2098 696 2192 752 Dci
2225 696 2520 767 gradimur,
2556 695 2815 752 succincti
2842 710 2936 764 per
2953 693 3288 748 tolerantiam
3317 701 3432 745 ten-

238 786 334 841 τῶν
350 787 664 859 πειρασμῶν
693 788 975 860 ὑπομονῆς
989 790 1278 861 γινόμενοι.

638 806 664 842 ν
693 788 975 860 ὑπομονῆς
989 790 1278 861 γινόμενοι.
1885 791 2169 846 tationum.

1780 880 1850 934 Χ.

450 969 515 1024 In
549 971 687 1024 illud
738 973 930 1041 psalmi
998 989 1200 1038 cum,
1272 975 1303 1027 7
1342 992 1354 1028 :
1392 993 1410 1026 ι
1443 972 1610 1045 Super
1631 977 1770 1029 iram
1798 977 2134 1031 inimicorum
2175 991 2426 1037 meorum,
2476 995 2494 1026 ι
2519 984 2648 1039 etc.,
2685 975 2752 1028 ad
2777 974 3002 1028 scribam
3024 992 3191 1030 suum.

291 1057 431 1127 Εἶδες
457 1065 546 1132 ἐφ’
574 1065 810 1138 ἑκάτερα
835 1067 906 1120 τὰ
933 1069 1072 1140 μέρη
1106 1070 1369 1141 μεγίστην
1392 1057 1650 1141 δύ’ναμινς
1676 1071 1774 1142 ἐμέ

1954 1070 2147 1126 Vidisti
2199 1086 2523 1142 quacunque
2570 1086 2634 1124 ex
2688 1080 2840 1139 parte
2884 1087 3131 1136 magnam
3185 1084 3304 1124 esse
3337 1067 3430 1122 Dei

231 1171 282 1207 τε
318 1153 420 1226 γὰρ
450 1155 509 1207 ὲν
538 1156 724 1226 μέσοις
756 1156 883 1211 ὄντα
913 1163 1023 1222 τοῖς
1048 1159 1237 1222 δεινοῖς
1264 1160 1519 1214 διασῶσαι
1553 1160 1762 1233 δυνήσῃ,

1902 1162 2213 1217 )otentiam?
2256 1160 2391 1216 Nam
2423 1170 2606 1226 etme,
2645 1159 2838 1228 inquit,
2868 1159 2922 1212 in
2955 1160 3145 1214 mediis
3178 1157 3433 1213 :erumnis

231 1247 449 1310 ἐκείνως
501 1248 558 1301 δὲ
613 1251 968 1320 μαινομένους
1018 1253 1111 1305 καὶ
1163 1252 1461 1316 λυττῶντας
1516 1253 1608 1307 καὶ
1665 1250 1762 1322 πῦρ

1900 1251 2237 1308 :onstitutum
2258 1293 2272 1317 ,
2307 1266 2522 1306 servare
2551 1249 2874 1304 incolumem
2903 1249 3104 1318 poteris
3138 1267 3148 1301 :
3181 1248 3303 1301 illos
3332 1262 3431 1300 au-

231 1338 468 1402 πνέοντας
506 1341 880 1396 καταστεῖλαι.

1905 1355 1989 1394 em
2037 1339 2219 1394 furore
2264 1340 2520 1410 rabieque
2549 1339 2817 1408 percitos,
2871 1349 2923 1392 et
2957 1339 3130 1407 ignem
3165 1339 3435 1407 spirantes

1881 1444 2150 1484 coercere.

1772 1546 1872 1602 XI.

459 1633 526 1688 In
574 1635 714 1691 illud
745 1638 938 1707 psalmi
1011 1652 1274 1708 cuum,
1346 1641 1414 1696 15
1441 1659 1463 1694 :-
1491 1659 1509 1692 ι
1543 1639 1667 1694 Non
1688 1651 1766 1695 est
1789 1641 2105 1696 occultatum
2140 1658 2195 1695 os
2227 1657 2396 1694 meum
2419 1658 2450 1694 ιι
2475 1650 2524 1693 te
2555 1640 2691 1709 quod
2723 1639 2890 1708 fecisti
2920 1642 2972 1692 in
3002 1643 3220 1696 occulto.
3252 1656 3271 1689 ι

285 1725 504 1798 Εἴρηται
553 1729 650 1782 ιιιαλ⁵
687 1732 799 1794 τοῖς
827 1733 953 1803 περὶ
983 1731 1195 1802 φύσεως
1231 1734 1326 1787 καὶ
1359 1735 1624 1802 γενέσεως
1665 1733 1772 1787 τῶν

1951 1733 2204 1788 Traditur
2253 1732 2414 1787 etiam
2462 1731 2530 1784 ab
2566 1731 2631 1786 iis
2659 1730 2752 1801 qui
2789 1729 2857 1784 de
2888 1739 3082 1788 natura
3117 1739 3170 1784 et
3207 1744 3432 1800 genera-

224 1815 362 1882 ζώων
396 1822 1000 1892 πραγματευσαμένοις,
1032 1823 1258 1894 ἀόρατον
1289 1818 1426 1877 εἶναι
1458 1824 1552 1877 καὶ
1569 1823 1755 1877 ἀκατά-

1907 1826 2023 1880 ioue
2049 1823 2365 1879 animalium
2391 1830 2655 1887 tractant,
2699 1820 3019 1875 invisibilem
3053 1831 3104 1874 et
3131 1820 3438 1890 incompre-

223 1910 409 1982 ληπτον
435 1910 536 1982 τὴν
564 1913 647 1976 εἰς
673 1913 856 1967 ὀστέον
887 1913 980 1967 τοῦ
1007 1913 1234 1984 αἵματος
1258 1913 1576 1986 μεταϐολὴν,
1598 1914 1754 1967 καιτο

1903 1915 2192 1970 ιειιείιήιθῐη
2225 1928 2346 1970 esse
2380 1912 2662 1982 sanguinis
2691 1911 2745 1965 in
2771 1925 2896 1966 ossa
2926 1910 3298 1975 mutationem,
3331 1909 3434 1965 etsi

223 2003 319 2057 τῶν
358 2003 551 2067 ἄλλων,
591 2005 807 2077 σαρκῶν
846 2007 940 2060 καὶ
983 2006 1188 2078 νεύρων
1232 2007 1372 2076 λέγω
1395 2047 1410 2072 ,
1453 2008 1598 2071 ὅπως
1640 2006 1754 2061 ποτέ

1899 2007 2106 2062 »οτιὶυω
2142 2016 2485 2071 camerarum,
2510 2004 2757 2059 carnium
2789 2002 3009 2073 inquam
3032 2011 3086 2056 et
3118 2016 3430 2070 nervorum,

224 2093 389 2164 έχουσι
423 2095 692 2163 γενέσεως
734 2095 1137 2169 θεωρουμένων.
1171 2097 1281 2150 Καὶ
1314 2101 1348 2169 ἡ
1389 2099 1575 2169 Γραφὴ
1596 2098 1652 2151 δὲ
1675 2096 1755 2151 τοί

1900 2099 2148 2168 ιυοηιοίιο
2177 2113 2297 2154 sese
2335 2098 2530 2152 habeat
2570 2095 2842 2166 generatio
2871 2094 3255 2164 conspiciatur.
3290 2091 3431 2159 Quin

235 2185 646 2256 Έκκλησιαστοῦ
675 2187 967 2260 παρίστησι
993 2189 1150 2243 τοῦτο
1174 2189 1400 2259 λέγουσα
1420 2204 1434 2218 ⁶
1473 2209 1492 2240 σ
1532 2191 1617 2253 Ὡς
1644 2191 1766 2242 ὀστᾶ

1896 2201 1929 2245 :t
1959 2190 2238 2260 Scriptura
2262 2189 2602 2244 Ecclesiaste:
2634 2188 2685 2243 id
2717 2188 2894 2257 ipsum
2926 2186 3160 2242 ostendit
3181 2185 3366 2240 dicens
3387 2184 3427 2237 II:

225 2278 274 2331 ὲν
298 2279 488 2350 γαστρὶ
527 2279 632 2349 τῆς
672 2279 1056 2352 κυοφορούσης,
1101 2279 1272 2345 οὕτως
1313 2281 1373 2334 οὐ
1411 2280 1591 2352 γνώσῃ
1623 2281 1756 2349 ποιή-

1900 2303 1902 2334 :
1939 2282 2091 2338 Sicut
2130 2296 2258 2337 ossa
2298 2283 2353 2335 in
2392 2290 2546 2336 utero
2574 2279 2933 2350 pragnantis,
2978 2278 3057 2333 sic
3095 2291 3202 2332 non
3231 2291 3431 2346 cogno-

226 2387 357 2441 ματα
399 2371 492 2424 τοῦ
539 2371 700 2427 Θεοῦ.
763 2391 783 2425 ι
847 2373 959 2426 Οὐκ
997 2373 1202 2445 ἐκρύϐη
1243 2373 1299 2426 δὲ
1329 2372 1435 2426 ἀπὸ
1463 2372 1556 2426 σοῦ
1585 2371 1704 2427 οὐδὲ
1739 2373 1757 2423 i

1888 2389 1992 2429 sces
2019 2387 2182 2442 opera
2209 2372 2322 2427 Dei.
2358 2391 2376 2424 ι
2416 2370 2614 2427 Verum
2650 2387 2680 2425 a
2711 2381 2760 2424 te
2789 2384 2895 2424 non
2930 2377 3057 2424 sunt
3081 2366 3419 2423 abscondita.

225 2461 500 2527 ὑπόστασις
533 2481 638 2535 μου
698 2466 756 2517 ἐν
813 2468 922 2528 τοῖς
978 2463 1307 2529 κατωτάτως
1352 2464 1449 2537 τῆς
1479 2464 1581 2535 γῆς
1634 2463 1756 2534 φθά-

1901 2480 2049 2534 neque
2097 2463 2397 2519 substantia
2453 2479 2570 2518 mea
2613 2464 2665 2518 in
2707 2462 2906 2519 intimis
2957 2469 3114 2518 terra:
3135 2458 3312 2515 adhuc
3338 2473 3432 2514 εις

226 2569 368 2608 σασα.

1875 2569 2092 2615 81516118)

226 2768 3383 2801 W

1037 2958 1205 3136 S.
1399 2955 2596 3137 HIPPOLYTI

1425 3250 1857 3307 PORTUENSIS
1908 3250 2214 3308 EPISCOPI

371 3435 834 3594 0PEllU1ll
918 3434 1213 3591 PARS
1318 3437 1455 3589 ll.
1504 3435 2275 3591 -DOGlllll'l‘l(}ll
2384 3437 2527 3592 ET
2629 3434 3272 3592 HlS’l‘lllllGA.

840 3899 1667 4026 ΑΠΟΔΕΙΞΙΣ
1748 3913 2102 4026 ΠΕΡΙ
2192 3910 2835 4027 ΧΡΙΣΤΟΥ

1334 4135 1523 4217 ΚΑΙ
1612 4135 2337 4223 ΑΝΤΙΧΡΙΣΤΟΥ

371 4511 1312 4606 DEMONSTRATIO
1387 4515 1531 4602 DE
1609 4513 2124 4605 CHRISTO
2199 4515 2348 4603 ET
2404 4509 3252 4605 ANTICHRISTO.

1245 4701 1578 4762 Francisco
1625 4701 2000 4764 Combeﬁsio
2061 4702 2401 4781 interprete

768 4862 1031 4924 (Catum,
1066 4859 1356 4914 Bibliotheca
1376 4869 1584 4914 veterum
1611 4865 1833 4927 Patrum,
1857 4866 2084 4917 Venetils
2109 4865 2248 4926 1765,
2273 4864 2427 4914 in-fol.
2445 4902 2459 4924 ,
2488 4871 2522 4916 t.
2551 4864 2614 4926 ll,
2650 4880 2700 4927 p.
2734 4863 2865 4926 ll'l.)

284 5116 631 5191 Βουληθέντος
660 5137 753 5174 σου
780 5121 898 5175 κατ’
935 5121 1216 5192 ἀκρίϐειαν
1244 5123 1500 5193 ἐκμαθεῖν
1530 5125 1597 5179 τὰ
1629 5143 1758 5198 προ-

1929 5123 1968 5178 1.
2005 5122 2160 5190 Quod
2193 5123 2266 5177 ita
2300 5122 2566 5179 desiderio
2595 5122 2880 5193 ﬂagrabas,
2909 5122 3075 5181 frater
3109 5125 3180 5178 mi
3211 5096 3411 5178 charis-

225 5207 425 5263 τεθέντα
455 5229 534 5264 σοι
564 5213 652 5266 ὑπ’
683 5211 816 5283 ἐμοῦ
847 5212 1133 5282 κεφάλαια,
1165 5215 1415 5287 ἀγαπητέ
1448 5234 1548 5286 μου
1569 5217 1756 5286 ἀδελφὴ

1888 5219 2002 5272 ime
2042 5215 2358 5286 Theophile,
2388 5222 2448 5271 ut
2478 5232 2507 5270 a
2542 5231 2628 5272 me
2653 5217 2749 5271 tibi
2782 5218 3059 5287 proposita
3092 5217 3266 5286 capita
3296 5216 3419 5269 dili-

226 5297 432 5370 Θεόφιλε
461 5303 556 5374 (ι),
587 5304 802 5374 εὔλογον
837 5305 1126 5377 ἡγησάμην
1155 5306 1398 5374 ἀφθόνως
1427 5309 1757 5382 ἀρυσάμενος

1892 5315 2051 5373 ;enter
2079 5306 2441 5377 perdisceres;
2476 5321 2654 5376 operte
2683 5307 2915 5376 pretium
2951 5308 3153 5378 putavi,
3188 5306 3423 5363 velutcx

291 5413 311 5446 ⁸
333 5414 534 5474 Eccles.
562 5437 635 5487 ιι,
659 5421 712 5476 5.

291 5527 1104 5618 Ᾰάθπι,[⁰¹’ῑ³ἓεὲ
1133 5534 1464 5618 Theophilus
1492 5539 1761 5618 “9'13!-
1865 5551 1987 5618 ipso
2012 5524 2191 5604 autem
2221 5547 2444 5604 exordio
2465 5555 2612 5618 patet
2639 5547 2752 5603 falli
2782 5563 2896 5618 eos,
2927 5547 3021 5617 qui
3055 5546 3199 5600 hunc
3220 5544 3420 5600 librum

232 5593 468 5693 121933:
484 5593 801 5693 Πεξξιιράίειε,
835 5603 1112 5693 Hippole
1149 5593 1598 5693 εειηυηέιίξληθιὶιεα
1633 5605 1762 5693 Ρξρίο
1866 5593 2762 5693 ﬁinSFy'ﬁ'Briﬁib'rﬁ'ilﬁ'K5656}.
2785 5593 3018 5673 ἷὶἱςιῧὲζ

232 5665 495 5738 pluuium,
544 5683 674 5732 tom.
711 5673 752 5741 ι,
786 5665 960 5748 ’νοεὲῖ
1011 5665 1133 5741 6'40,
1183 5665 1307 5734 5'60.
1347 5665 1468 5733 590.
1494 5665 1606 5732 Ἐς
1657 5665 1760 5735 Hoc
