  <div class='ocr_page' id='page_1' title='image "/cluster/home/n/w/nwhite01/storage/ocr_20150623/10/hvd.32044073501348/371.png"; bbox 0 0 3876 6340; ppageno 0'>
   <div class='ocr_carea' id='block_1_1' title="bbox 519 335 622 393">
    <p class='ocr_par' dir='ltr' id='par_1_1' title="bbox 519 335 622 393">
     <span class='ocr_line' id='line_1_1' title="bbox 519 335 622 393; baseline 0 -1"><span class='ocrx_word' id='word_1_1' title='bbox 519 335 622 393; x_wconf 66' lang='grc' dir='ltr'><strong>ἴῖἸ</strong></span> 
     </span>
    </p>
   </div>
   <div class='ocr_carea' id='block_1_2' title="bbox 1141 320 3652 393">
    <p class='ocr_par' dir='ltr' id='par_1_2' title="bbox 1141 320 3652 393">
     <span class='ocr_line' id='line_1_2' title="bbox 1141 320 3652 393; baseline -0.008 0"><span class='ocrx_word' id='word_1_2' title='bbox 1141 336 1202 393; x_wconf 88' lang='lat' dir='ltr'><strong>S.</strong></span> <span class='ocrx_word' id='word_1_3' title='bbox 1240 335 1603 392; x_wconf 81' lang='lat' dir='ltr'><strong>HIPPOLYTI</strong></span> <span class='ocrx_word' id='word_1_4' title='bbox 1637 333 1786 390; x_wconf 87' lang='lat' dir='ltr'><strong>OPP.</strong></span> <span class='ocrx_word' id='word_1_5' title='bbox 1825 334 2002 388; x_wconf 80' lang='lat' dir='ltr'><strong>PARS</strong></span> <span class='ocrx_word' id='word_1_6' title='bbox 2062 332 2124 386; x_wconf 91' lang='lat' dir='ltr'><strong>ll.</strong></span> <span class='ocrx_word' id='word_1_7' title='bbox 2167 362 2234 371; x_wconf 92' lang='lat'><strong>—</strong></span> <span class='ocrx_word' id='word_1_8' title='bbox 2270 327 2572 384; x_wconf 81' lang='lat' dir='ltr'><strong>DOGMAT.</strong></span> <span class='ocrx_word' id='word_1_9' title='bbox 2615 326 2702 381; x_wconf 85' lang='lat' dir='ltr'><strong>ET</strong></span> <span class='ocrx_word' id='word_1_10' title='bbox 2745 322 3084 380; x_wconf 79' lang='lat' dir='ltr'><strong>HISTORIC.</strong></span> <span class='ocrx_word' id='word_1_11' title='bbox 3567 320 3652 374; x_wconf 68' lang='lat'><strong>728</strong></span> 
     </span>
    </p>
   </div>
   <div class='ocr_carea' id='block_1_3' title="bbox 516 435 2060 522">
    <p class='ocr_par' dir='ltr' id='par_1_3' title="bbox 516 449 2060 522">
     <span class='ocr_line' id='line_1_3' title="bbox 516 449 2060 522; baseline -0.005 -14"><span class='ocrx_word' id='word_1_12' title='bbox 516 467 676 509; x_wconf 76' lang='lat' dir='ltr'><strong>sacro</strong></span> <span class='ocrx_word' id='word_1_13' title='bbox 704 449 885 520; x_wconf 83' lang='lat' dir='ltr'><strong>fonte,</strong></span> <span class='ocrx_word' id='word_1_14' title='bbox 916 467 981 507; x_wconf 83' lang='lat' dir='ltr'><strong>ex</strong></span> <span class='ocrx_word' id='word_1_15' title='bbox 1011 453 1184 508; x_wconf 86' lang='lat' dir='ltr'><strong>sacris</strong></span> <span class='ocrx_word' id='word_1_16' title='bbox 1203 452 1350 522; x_wconf 82' lang='lat' dir='ltr'><strong>tipsis</strong></span> <span class='ocrx_word' id='word_1_17' title='bbox 1378 451 1581 507; x_wconf 82' lang='lat' dir='ltr'><strong>affatim</strong></span> <span class='ocrx_word' id='word_1_18' title='bbox 1612 449 1906 520; x_wconf 89' lang='lat' dir='ltr'><strong>Scripturis</strong></span> <span class='ocrx_word' id='word_1_19' title='bbox 1943 451 2060 503; x_wconf 46' lang='lat' dir='ltr'><strong>hau:</strong></span> 
     </span>
    </p>
   </div>
   <div class='ocr_carea' id='block_1_4' title="bbox 2163 435 3661 522">
    <p class='ocr_par' dir='ltr' id='par_1_4' title="bbox 2173 435 3661 514">
     <span class='ocr_line' id='line_1_4' title="bbox 2173 435 3661 514; baseline -0.005 -15"><span class='ocrx_word' id='word_1_20' title='bbox 2173 445 2247 510; x_wconf 82' lang='grc' dir='ltr'>ὡς</span> <span class='ocrx_word' id='word_1_21' title='bbox 2287 445 2345 510; x_wconf 76' lang='grc' dir='ltr'><strong>ἐξ</strong></span> <span class='ocrx_word' id='word_1_22' title='bbox 2386 445 2544 514; x_wconf 82' lang='grc' dir='ltr'><strong>ἁγίας</strong></span> <span class='ocrx_word' id='word_1_23' title='bbox 2575 444 2775 513; x_wconf 86' lang='grc' dir='ltr'>πηγῆς,</span> <span class='ocrx_word' id='word_1_24' title='bbox 2805 440 2864 504; x_wconf 81' lang='grc' dir='ltr'>ἐξ</span> <span class='ocrx_word' id='word_1_25' title='bbox 2906 437 3084 492; x_wconf 85' lang='grc' dir='ltr'>αὐτῶν</span> <span class='ocrx_word' id='word_1_26' title='bbox 3115 437 3221 490; x_wconf 89' lang='grc' dir='ltr'><strong>τῶν</strong></span> <span class='ocrx_word' id='word_1_27' title='bbox 3247 435 3402 504; x_wconf 79' lang='grc' dir='ltr'>ἁγίων</span> <span class='ocrx_word' id='word_1_28' title='bbox 3437 435 3661 507; x_wconf 69' lang='grc' dir='ltr'>Γραφῶν,</span> 
     </span>
    </p>
   </div>
   <div class='ocr_carea' id='block_1_5' title="bbox 517 537 2072 610">
    <p class='ocr_par' dir='ltr' id='par_1_5' title="bbox 517 537 2072 610">
     <span class='ocr_line' id='line_1_5' title="bbox 517 537 2072 610; baseline -0.003 -15"><span class='ocrx_word' id='word_1_29' title='bbox 517 543 726 606; x_wconf 88' lang='lat' dir='ltr'><strong>riendo,</strong></span> <span class='ocrx_word' id='word_1_30' title='bbox 771 541 840 598; x_wconf 92' lang='lat' dir='ltr'><strong>ob</strong></span> <span class='ocrx_word' id='word_1_31' title='bbox 880 542 1068 596; x_wconf 88' lang='lat' dir='ltr'><strong>oculos</strong></span> <span class='ocrx_word' id='word_1_32' title='bbox 1104 542 1261 610; x_wconf 90' lang='lat' dir='ltr'><strong>quasi</strong></span> <span class='ocrx_word' id='word_1_33' title='bbox 1298 541 1584 609; x_wconf 55' lang='lat' dir='ltr'><strong>praesentia</strong></span> <span class='ocrx_word' id='word_1_34' title='bbox 1623 555 1683 594; x_wconf 91' lang='lat' dir='ltr'><strong>ea</strong></span> <span class='ocrx_word' id='word_1_35' title='bbox 1732 554 1960 609; x_wconf 89' lang='lat' dir='ltr'><strong>ponere,</strong></span> <span class='ocrx_word' id='word_1_36' title='bbox 2009 537 2072 591; x_wconf 90' lang='lat' dir='ltr'><strong>de</strong></span> 
     </span>
    </p>
   </div>
   <div class='ocr_carea' id='block_1_6' title="bbox 517 631 2071 702">
    <p class='ocr_par' dir='ltr' id='par_1_6' title="bbox 517 631 2071 702">
     <span class='ocr_line' id='line_1_6' title="bbox 517 631 2071 702; baseline -0.004 -14"><span class='ocrx_word' id='word_1_37' title='bbox 517 635 720 702; x_wconf 86' lang='lat' dir='ltr'><strong>quibus</strong></span> <span class='ocrx_word' id='word_1_38' title='bbox 761 634 989 687; x_wconf 89' lang='lat' dir='ltr'><strong>vertitur</strong></span> <span class='ocrx_word' id='word_1_39' title='bbox 1030 631 1298 702; x_wconf 77' lang='lat' dir='ltr'><strong>qutestio:</strong></span> <span class='ocrx_word' id='word_1_40' title='bbox 1334 641 1392 686; x_wconf 94' lang='lat' dir='ltr'><strong>ut</strong></span> <span class='ocrx_word' id='word_1_41' title='bbox 1430 631 1626 685; x_wconf 81' lang='lat' dir='ltr'><strong>nedum</strong></span> <span class='ocrx_word' id='word_1_42' title='bbox 1661 631 1915 684; x_wconf 85' lang='lat' dir='ltr'><strong>humanis</strong></span> <span class='ocrx_word' id='word_1_43' title='bbox 1961 631 2071 682; x_wconf 38' lang='lat' dir='ltr'><strong>haec</strong></span> 
     </span>
    </p>
   </div>
   <div class='ocr_carea' id='block_1_7' title="bbox 516 720 2070 794">
    <p class='ocr_par' dir='ltr' id='par_1_7' title="bbox 516 720 2070 794">
     <span class='ocr_line' id='line_1_7' title="bbox 516 720 2070 794; baseline -0.004 -18"><span class='ocrx_word' id='word_1_44' title='bbox 516 725 744 777; x_wconf 79' lang='lat' dir='ltr'><strong>aut-ibas</strong></span> <span class='ocrx_word' id='word_1_45' title='bbox 777 724 1146 794; x_wconf 84' lang='lat' dir='ltr'><strong>consignando</strong></span> <span class='ocrx_word' id='word_1_46' title='bbox 1177 723 1391 786; x_wconf 86' lang='lat' dir='ltr'><strong>laeteris,</strong></span> <span class='ocrx_word' id='word_1_47' title='bbox 1427 721 1522 777; x_wconf 89' lang='lat' dir='ltr'><strong>sed</strong></span> <span class='ocrx_word' id='word_1_48' title='bbox 1569 731 1623 775; x_wconf 92' lang='lat' dir='ltr'><strong>et</strong></span> <span class='ocrx_word' id='word_1_49' title='bbox 1657 737 1741 776; x_wconf 92' lang='lat' dir='ltr'><strong>res</strong></span> <span class='ocrx_word' id='word_1_50' title='bbox 1775 721 1916 790; x_wconf 87' lang='lat' dir='ltr'><strong>ipsas</strong></span> <span class='ocrx_word' id='word_1_51' title='bbox 1961 720 2070 771; x_wconf 88' lang='lat' dir='ltr'><strong>vir-</strong></span> 
     </span>
    </p>
   </div>
   <div class='ocr_carea' id='block_1_8' title="bbox 519 811 2066 882">
    <p class='ocr_par' dir='ltr' id='par_1_8' title="bbox 519 811 2066 882">
     <span class='ocr_line' id='line_1_8' title="bbox 519 811 2066 882; baseline 0 -18"><span class='ocrx_word' id='word_1_52' title='bbox 519 823 632 867; x_wconf 87' lang='lat' dir='ltr'><strong>tute</strong></span> <span class='ocrx_word' id='word_1_53' title='bbox 674 814 975 880; x_wconf 85' lang='lat' dir='ltr'><strong>lustrando,</strong></span> <span class='ocrx_word' id='word_1_54' title='bbox 1029 829 1122 882; x_wconf 90' lang='lat' dir='ltr'><strong>per</strong></span> <span class='ocrx_word' id='word_1_55' title='bbox 1167 813 1349 868; x_wconf 85' lang='lat' dir='ltr'><strong>omnia</strong></span> <span class='ocrx_word' id='word_1_56' title='bbox 1396 812 1562 868; x_wconf 90' lang='lat' dir='ltr'><strong>Deum</strong></span> <span class='ocrx_word' id='word_1_57' title='bbox 1609 812 1831 866; x_wconf 88' lang='lat' dir='ltr'><strong>laudare</strong></span> <span class='ocrx_word' id='word_1_58' title='bbox 1873 811 2066 880; x_wconf 89' lang='lat' dir='ltr'><strong>possis.</strong></span> 
     </span>
    </p>
   </div>
   <div class='ocr_carea' id='block_1_9' title="bbox 517 897 2066 974">
    <p class='ocr_par' dir='ltr' id='par_1_9' title="bbox 517 897 2066 974">
     <span class='ocr_line' id='line_1_9' title="bbox 517 897 2066 974; baseline -0.002 -18"><span class='ocrx_word' id='word_1_59' title='bbox 517 897 632 957; x_wconf 89' lang='lat' dir='ltr'><strong>Iloc</strong></span> <span class='ocrx_word' id='word_1_60' title='bbox 675 905 820 958; x_wconf 89' lang='lat' dir='ltr'><strong>enim</strong></span> <span class='ocrx_word' id='word_1_61' title='bbox 869 904 1117 974; x_wconf 68' lang='lat' dir='ltr'><strong>praesenti</strong></span> <span class='ocrx_word' id='word_1_62' title='bbox 1167 918 1327 972; x_wconf 89' lang='lat' dir='ltr'><strong>quam</strong></span> <span class='ocrx_word' id='word_1_63' title='bbox 1381 903 1592 973; x_wconf 81' lang='lat' dir='ltr'><strong>agimus</strong></span> <span class='ocrx_word' id='word_1_64' title='bbox 1629 903 1770 967; x_wconf 87' lang='lat' dir='ltr'><strong>vita,</strong></span> <span class='ocrx_word' id='word_1_65' title='bbox 1823 909 1996 954; x_wconf 88' lang='lat' dir='ltr'><strong>tutum</strong></span> <span class='ocrx_word' id='word_1_66' title='bbox 2038 915 2066 953; x_wconf 90' lang='lat' dir='ltr'><strong>a</strong></span> 
     </span>
    </p>
   </div>
   <div class='ocr_carea' id='block_1_10' title="bbox 518 989 2069 1063">
    <p class='ocr_par' dir='ltr' id='par_1_10' title="bbox 518 989 2069 1063">
     <span class='ocr_line' id='line_1_10' title="bbox 518 989 2069 1063; baseline -0.005 -13"><span class='ocrx_word' id='word_1_67' title='bbox 518 997 679 1050; x_wconf 85' lang='lat' dir='ltr'><strong>nobis</strong></span> <span class='ocrx_word' id='word_1_68' title='bbox 712 997 805 1050; x_wconf 90' lang='lat' dir='ltr'><strong>tibi</strong></span> <span class='ocrx_word' id='word_1_69' title='bbox 846 1005 961 1051; x_wconf 89' lang='lat' dir='ltr'><strong>esto</strong></span> <span class='ocrx_word' id='word_1_70' title='bbox 997 996 1096 1049; x_wconf 82' lang='lat' dir='ltr'><strong>viae</strong></span> <span class='ocrx_word' id='word_1_71' title='bbox 1146 994 1452 1063; x_wconf 66' lang='lat' dir='ltr'><strong>prmsndiutn</strong></span> <span class='ocrx_word' id='word_1_72' title='bbox 1480 1036 1493 1058; x_wconf 86' lang='lat'><strong>,</strong></span> <span class='ocrx_word' id='word_1_73' title='bbox 1539 1009 1648 1062; x_wconf 89' lang='lat' dir='ltr'><strong>quo</strong></span> <span class='ocrx_word' id='word_1_74' title='bbox 1685 993 1885 1062; x_wconf 87' lang='lat' dir='ltr'><strong>paratis</strong></span> <span class='ocrx_word' id='word_1_75' title='bbox 1931 989 2069 1044; x_wconf 78' lang='lat' dir='ltr'><strong>infe-</strong></span> 
     </span>
    </p>
   </div>
   <div class='ocr_carea' id='block_1_11' title="bbox 516 1081 2065 1146">
    <p class='ocr_par' dir='ltr' id='par_1_11' title="bbox 516 1081 2065 1146">
     <span class='ocr_line' id='line_1_11' title="bbox 516 1081 2065 1146; baseline -0.003 -7"><span class='ocrx_word' id='word_1_76' title='bbox 516 1098 642 1140; x_wconf 85' lang='lat' dir='ltr'><strong>rens</strong></span> <span class='ocrx_word' id='word_1_77' title='bbox 675 1085 971 1139; x_wconf 75' lang='lat' dir='ltr'><strong>rationibus</strong></span> <span class='ocrx_word' id='word_1_78' title='bbox 1004 1101 1066 1138; x_wconf 86' lang='lat' dir='ltr'><strong>ac</strong></span> <span class='ocrx_word' id='word_1_79' title='bbox 1097 1084 1458 1146; x_wconf 82' lang='lat' dir='ltr'><strong>sermonibus,</strong></span> <span class='ocrx_word' id='word_1_80' title='bbox 1495 1083 1636 1135; x_wconf 88' lang='lat' dir='ltr'><strong>velut</strong></span> <span class='ocrx_word' id='word_1_81' title='bbox 1668 1093 1807 1136; x_wconf 89' lang='lat' dir='ltr'><strong>terra</strong></span> <span class='ocrx_word' id='word_1_82' title='bbox 1848 1081 2065 1142; x_wconf 86' lang='lat' dir='ltr'><strong>munda,</strong></span> 
     </span>
    </p>
   </div>
   <div class='ocr_carea' id='block_1_12' title="bbox 515 1173 2069 1230">
    <p class='ocr_par' dir='ltr' id='par_1_12' title="bbox 515 1173 2069 1230">
     <span class='ocr_line' id='line_1_12' title="bbox 515 1173 2069 1230; baseline -0.003 -1"><span class='ocrx_word' id='word_1_83' title='bbox 515 1175 570 1229; x_wconf 80' lang='lat' dir='ltr'><strong>in</strong></span> <span class='ocrx_word' id='word_1_84' title='bbox 615 1176 794 1230; x_wconf 83' lang='lat' dir='ltr'><strong>cordis</strong></span> <span class='ocrx_word' id='word_1_85' title='bbox 839 1176 914 1229; x_wconf 92' lang='lat' dir='ltr'><strong>tui</strong></span> <span class='ocrx_word' id='word_1_86' title='bbox 962 1175 1242 1229; x_wconf 81' lang='lat' dir='ltr'><strong>latifundio</strong></span> <span class='ocrx_word' id='word_1_87' title='bbox 1280 1177 1532 1229; x_wconf 86' lang='lat' dir='ltr'><strong>semines.</strong></span> <span class='ocrx_word' id='word_1_88' title='bbox 1603 1174 1706 1229; x_wconf 90' lang='lat' dir='ltr'><strong>Sed</strong></span> <span class='ocrx_word' id='word_1_89' title='bbox 1745 1183 1798 1227; x_wconf 86' lang='lat' dir='ltr'><strong>et</strong></span> <span class='ocrx_word' id='word_1_90' title='bbox 1852 1174 1936 1226; x_wconf 89' lang='lat' dir='ltr'><strong>his</strong></span> <span class='ocrx_word' id='word_1_91' title='bbox 1975 1173 2069 1225; x_wconf 88' lang='lat' dir='ltr'><strong>ad-</strong></span> 
     </span>
    </p>
   </div>
   <div class='ocr_carea' id='block_1_13' title="bbox 516 1264 2064 1321">
    <p class='ocr_par' dir='ltr' id='par_1_13' title="bbox 516 1264 2064 1321">
     <span class='ocr_line' id='line_1_13' title="bbox 516 1264 2064 1321; baseline -0.001 -4"><span class='ocrx_word' id='word_1_92' title='bbox 516 1275 797 1321; x_wconf 86' lang='lat' dir='ltr'><strong>versantes</strong></span> <span class='ocrx_word' id='word_1_93' title='bbox 848 1267 1070 1321; x_wconf 87' lang='lat' dir='ltr'><strong>salutari</strong></span> <span class='ocrx_word' id='word_1_94' title='bbox 1119 1267 1380 1320; x_wconf 72' lang='lat' dir='ltr'><strong>doctrinae</strong></span> <span class='ocrx_word' id='word_1_95' title='bbox 1431 1281 1494 1320; x_wconf 89' lang='lat' dir='ltr'><strong>ac</strong></span> <span class='ocrx_word' id='word_1_96' title='bbox 1542 1265 1975 1320; x_wconf 87' lang='lat' dir='ltr'><strong>contradicentes</strong></span> <span class='ocrx_word' id='word_1_97' title='bbox 2014 1264 2064 1317; x_wconf 89' lang='lat' dir='ltr'><strong>in</strong></span> 
     </span>
    </p>
   </div>
   <div class='ocr_carea' id='block_1_14' title="bbox 516 1357 2068 1427">
    <p class='ocr_par' dir='ltr' id='par_1_14' title="bbox 516 1357 2068 1427">
     <span class='ocr_line' id='line_1_14' title="bbox 516 1357 2068 1427; baseline -0.002 -17"><span class='ocrx_word' id='word_1_98' title='bbox 516 1357 839 1410; x_wconf 85' lang='lat' dir='ltr'><strong>sententiam</strong></span> <span class='ocrx_word' id='word_1_99' title='bbox 872 1372 1050 1427; x_wconf 77' lang='lat' dir='ltr'><strong>coges.</strong></span> <span class='ocrx_word' id='word_1_100' title='bbox 1080 1357 1149 1410; x_wconf 82' lang='lat' dir='ltr'><strong>At</strong></span> <span class='ocrx_word' id='word_1_101' title='bbox 1172 1357 1293 1411; x_wconf 85' lang='lat' dir='ltr'><strong>vide</strong></span> <span class='ocrx_word' id='word_1_102' title='bbox 1326 1374 1392 1412; x_wconf 89' lang='lat' dir='ltr'><strong>ne</strong></span> <span class='ocrx_word' id='word_1_103' title='bbox 1429 1358 1493 1412; x_wconf 90' lang='lat' dir='ltr'><strong>ad</strong></span> <span class='ocrx_word' id='word_1_104' title='bbox 1531 1358 1836 1413; x_wconf 88' lang='lat' dir='ltr'><strong>incredulas</strong></span> <span class='ocrx_word' id='word_1_105' title='bbox 1868 1375 1930 1412; x_wconf 89' lang='lat' dir='ltr'><strong>ac</strong></span> <span class='ocrx_word' id='word_1_106' title='bbox 1954 1375 2068 1411; x_wconf 70' lang='lat' dir='ltr'><strong>mn-</strong></span> 
     </span>
    </p>
   </div>
   <div class='ocr_carea' id='block_1_15' title="bbox 514 1445 2068 1518">
    <p class='ocr_par' dir='ltr' id='par_1_15' title="bbox 514 1445 2068 1518">
     <span class='ocr_line' id='line_1_15' title="bbox 514 1445 2068 1518; baseline 0.002 -19"><span class='ocrx_word' id='word_1_107' title='bbox 514 1445 718 1501; x_wconf 83' lang='lat' dir='ltr'><strong>ledicas</strong></span> <span class='ocrx_word' id='word_1_108' title='bbox 766 1448 878 1505; x_wconf 78' lang='lat' dir='ltr'><strong>haec</strong></span> <span class='ocrx_word' id='word_1_109' title='bbox 925 1448 1138 1517; x_wconf 83' lang='lat' dir='ltr'><strong>linguas</strong></span> <span class='ocrx_word' id='word_1_110' title='bbox 1189 1449 1438 1503; x_wconf 84' lang='lat' dir='ltr'><strong>traducas</strong></span> <span class='ocrx_word' id='word_1_111' title='bbox 1471 1449 1589 1518; x_wconf 91' lang='lat' dir='ltr'><strong>(nec</strong></span> <span class='ocrx_word' id='word_1_112' title='bbox 1625 1449 1769 1504; x_wconf 90' lang='lat' dir='ltr'><strong>enim</strong></span> <span class='ocrx_word' id='word_1_113' title='bbox 1810 1448 1914 1504; x_wconf 89' lang='lat' dir='ltr'><strong>hoc</strong></span> <span class='ocrx_word' id='word_1_114' title='bbox 1954 1449 2068 1502; x_wconf 85' lang='lat' dir='ltr'><strong>leve</strong></span> 
     </span>
    </p>
   </div>
   <div class='ocr_carea' id='block_1_16' title="bbox 475 1538 2066 1614">
    <p class='ocr_par' dir='ltr' id='par_1_16' title="bbox 475 1538 2066 1614">
     <span class='ocr_line' id='line_1_16' title="bbox 475 1538 2066 1614; baseline 0.002 -22"><span class='ocrx_word' id='word_1_115' title='bbox 475 1611 478 1614; x_wconf 90' lang='lat'><em>_</em></span> <span class='ocrx_word' id='word_1_116' title='bbox 513 1538 814 1608; x_wconf 81' lang='lat' dir='ltr'><strong>periculum</strong></span> <span class='ocrx_word' id='word_1_117' title='bbox 851 1539 978 1607; x_wconf 87' lang='lat' dir='ltr'><strong>est),</strong></span> <span class='ocrx_word' id='word_1_118' title='bbox 1013 1540 1105 1594; x_wconf 92' lang='lat' dir='ltr'><strong>sed</strong></span> <span class='ocrx_word' id='word_1_119' title='bbox 1146 1547 1205 1593; x_wconf 94' lang='lat' dir='ltr'><strong>ut</strong></span> <span class='ocrx_word' id='word_1_120' title='bbox 1236 1540 1366 1594; x_wconf 85' lang='lat' dir='ltr'><strong>viris</strong></span> <span class='ocrx_word' id='word_1_121' title='bbox 1399 1541 1667 1610; x_wconf 83' lang='lat' dir='ltr'><strong>religiosis</strong></span> <span class='ocrx_word' id='word_1_122' title='bbox 1709 1557 1772 1595; x_wconf 91' lang='lat' dir='ltr'><strong>ac</strong></span> <span class='ocrx_word' id='word_1_123' title='bbox 1819 1541 2066 1596; x_wconf 76' lang='lat' dir='ltr'><strong>fidelibus</strong></span> 
     </span>
    </p>
   </div>
   <div class='ocr_carea' id='block_1_17' title="bbox 477 1615 2065 1700">
    <p class='ocr_par' dir='ltr' id='par_1_17' title="bbox 477 1615 2065 1700">
     <span class='ocr_line' id='line_1_17' title="bbox 477 1615 2065 1700; baseline 0.004 -20"><span class='ocrx_word' id='word_1_124' title='bbox 477 1615 480 1618; x_wconf 60' lang='grc'><em>’</em></span> <span class='ocrx_word' id='word_1_125' title='bbox 514 1630 606 1695; x_wconf 87' lang='lat' dir='ltr'><strong>qui</strong></span> <span class='ocrx_word' id='word_1_126' title='bbox 642 1640 825 1684; x_wconf 85' lang='lat' dir='ltr'><strong>sancte</strong></span> <span class='ocrx_word' id='word_1_127' title='bbox 866 1645 930 1685; x_wconf 87' lang='lat' dir='ltr'><strong>ac</strong></span> <span class='ocrx_word' id='word_1_128' title='bbox 969 1630 1112 1700; x_wconf 85' lang='lat' dir='ltr'><strong>juste</strong></span> <span class='ocrx_word' id='word_1_129' title='bbox 1148 1631 1241 1685; x_wconf 90' lang='lat' dir='ltr'><strong>Del</strong></span> <span class='ocrx_word' id='word_1_130' title='bbox 1290 1633 1484 1687; x_wconf 92' lang='lat' dir='ltr'><strong>timore</strong></span> <span class='ocrx_word' id='word_1_131' title='bbox 1522 1633 1703 1687; x_wconf 89' lang='lat' dir='ltr'><strong>vivere</strong></span> <span class='ocrx_word' id='word_1_132' title='bbox 1739 1633 1924 1700; x_wconf 83' lang='lat' dir='ltr'><strong>velint,</strong></span> <span class='ocrx_word' id='word_1_133' title='bbox 1961 1634 2065 1687; x_wconf 88' lang='lat' dir='ltr'><strong>im-</strong></span> 
     </span>
    </p>
   </div>
   <div class='ocr_carea' id='block_1_18' title="bbox 512 1719 2064 1793">
    <p class='ocr_par' dir='ltr' id='par_1_18' title="bbox 512 1719 2064 1793">
     <span class='ocr_line' id='line_1_18' title="bbox 512 1719 2064 1793; baseline 0.004 -19"><span class='ocrx_word' id='word_1_134' title='bbox 512 1721 737 1789; x_wconf 87' lang='lat' dir='ltr'><strong>pertias.</strong></span> <span class='ocrx_word' id='word_1_135' title='bbox 787 1719 902 1774; x_wconf 88' lang='lat' dir='ltr'><strong>Non</strong></span> <span class='ocrx_word' id='word_1_136' title='bbox 943 1721 1085 1776; x_wconf 90' lang='lat' dir='ltr'><strong>enim</strong></span> <span class='ocrx_word' id='word_1_137' title='bbox 1136 1723 1337 1778; x_wconf 82' lang='lat' dir='ltr'><strong>frustra</strong></span> <span class='ocrx_word' id='word_1_138' title='bbox 1374 1722 1563 1778; x_wconf 89' lang='lat' dir='ltr'><strong>beatus</strong></span> <span class='ocrx_word' id='word_1_139' title='bbox 1612 1723 1900 1793; x_wconf 88' lang='lat' dir='ltr'><strong>Apostolus</strong></span> <span class='ocrx_word' id='word_1_140' title='bbox 1948 1741 2064 1780; x_wconf 87' lang='lat' dir='ltr'><strong>mo-</strong></span> 
     </span>
    </p>
   </div>
   <div class='ocr_carea' id='block_1_19' title="bbox 2173 527 3664 608">
    <p class='ocr_par' dir='ltr' id='par_1_19' title="bbox 2173 527 3664 608">
     <span class='ocr_line' id='line_1_19' title="bbox 2173 527 3664 608; baseline -0.007 -18"><span class='ocrx_word' id='word_1_141' title='bbox 2173 535 2518 608; x_wconf 75' lang='grc' dir='ltr'>παραστῆσαί</span> <span class='ocrx_word' id='word_1_142' title='bbox 2548 552 2627 587; x_wconf 91' lang='grc' dir='ltr'><strong>σοι</strong></span> <span class='ocrx_word' id='word_1_143' title='bbox 2657 535 2775 586; x_wconf 81' lang='grc' dir='ltr'>κατ’</span> <span class='ocrx_word' id='word_1_144' title='bbox 2803 529 3074 600; x_wconf 78' lang='grc' dir='ltr'>ὀφθαλμὸν</span> <span class='ocrx_word' id='word_1_145' title='bbox 3091 528 3158 581; x_wconf 81' lang='grc' dir='ltr'>τὰ</span> <span class='ocrx_word' id='word_1_146' title='bbox 3185 527 3492 598; x_wconf 77' lang='grc' dir='ltr'><strong>ζητούμενα,</strong></span> <span class='ocrx_word' id='word_1_147' title='bbox 3512 527 3583 580; x_wconf 82' lang='grc' dir='ltr'>ἵνα</span> <span class='ocrx_word' id='word_1_148' title='bbox 3605 529 3664 600; x_wconf 73' lang='grc' dir='ltr'>μὴ</span> 
     </span>
    </p>
   </div>
   <div class='ocr_carea' id='block_1_20' title="bbox 2175 616 3664 697">
    <p class='ocr_par' dir='ltr' id='par_1_20' title="bbox 2175 616 3664 697">
     <span class='ocr_line' id='line_1_20' title="bbox 2175 616 3664 697; baseline -0.005 -19"><span class='ocrx_word' id='word_1_149' title='bbox 2175 626 2330 697; x_wconf 87' lang='grc' dir='ltr'>μόνον</span> <span class='ocrx_word' id='word_1_150' title='bbox 2345 629 2465 688; x_wconf 65' lang='grc' dir='ltr'>’ταῖς</span> <span class='ocrx_word' id='word_1_151' title='bbox 2486 626 2676 686; x_wconf 83' lang='grc' dir='ltr'>ἀκοαῖς</span> <span class='ocrx_word' id='word_1_152' title='bbox 2695 621 2802 675; x_wconf 87' lang='grc' dir='ltr'><strong>τῶν</strong></span> <span class='ocrx_word' id='word_1_153' title='bbox 2829 620 2993 674; x_wconf 76' lang='grc' dir='ltr'>ὄντων</span> <span class='ocrx_word' id='word_1_154' title='bbox 3007 619 3080 690; x_wconf 69' lang='lat'><strong>(2)</strong></span> <span class='ocrx_word' id='word_1_155' title='bbox 3109 616 3506 687; x_wconf 61' lang='grc' dir='ltr'>ἐγηταθέμενος</span> <span class='ocrx_word' id='word_1_156' title='bbox 3524 616 3664 670; x_wconf 84' lang='grc' dir='ltr'>ταῦτα</span> 
     </span>
    </p>
   </div>
   <div class='ocr_carea' id='block_1_21' title="bbox 2170 709 3664 788">
    <p class='ocr_par' dir='ltr' id='par_1_21' title="bbox 2170 709 3664 788">
     <span class='ocr_line' id='line_1_21' title="bbox 2170 709 3664 788; baseline -0.005 -18"><span class='ocrx_word' id='word_1_157' title='bbox 2170 717 2496 788; x_wconf 78' lang='grc' dir='ltr'>εὐφρανθῇς,</span> <span class='ocrx_word' id='word_1_158' title='bbox 2554 715 2691 769; x_wconf 86' lang='grc' dir='ltr'>ἀλλὰ</span> <span class='ocrx_word' id='word_1_159' title='bbox 2744 714 2966 786; x_wconf 86' lang='grc' dir='ltr'><strong>δυνάμει</strong></span> <span class='ocrx_word' id='word_1_160' title='bbox 3012 713 3106 767; x_wconf 58' lang='grc' dir='ltr'><strong>καί⁸</strong></span> <span class='ocrx_word' id='word_1_161' title='bbox 3148 710 3283 766; x_wconf 82' lang='grc' dir='ltr'><strong>αὑτά</strong></span> <span class='ocrx_word' id='word_1_162' title='bbox 3317 709 3381 764; x_wconf 81' lang='grc' dir='ltr'>τὰ</span> <span class='ocrx_word' id='word_1_163' title='bbox 3414 710 3664 779; x_wconf 79' lang='grc' dir='ltr'>πράγματα</span> 
     </span>
    </p>
   </div>
   <div class='ocr_carea' id='block_1_22' title="bbox 2169 802 3663 878">
    <p class='ocr_par' dir='ltr' id='par_1_22' title="bbox 2169 802 3663 878">
     <span class='ocr_line' id='line_1_22' title="bbox 2169 802 3663 878; baseline -0.003 -17"><span class='ocrx_word' id='word_1_164' title='bbox 2169 809 2547 878; x_wconf 86' lang='grc' dir='ltr'>ἀνιστορήσας,</span> <span class='ocrx_word' id='word_1_165' title='bbox 2576 806 2716 861; x_wconf 87' lang='grc' dir='ltr'><strong>κατά</strong></span> <span class='ocrx_word' id='word_1_166' title='bbox 2741 807 2914 860; x_wconf 78' lang='grc' dir='ltr'>πάντα</span> <span class='ocrx_word' id='word_1_167' title='bbox 2945 805 3036 858; x_wconf 76' lang='grc' dir='ltr'><strong>τὸν</strong></span> <span class='ocrx_word' id='word_1_168' title='bbox 3062 805 3192 857; x_wconf 83' lang='grc' dir='ltr'>Θεὸν</span> <span class='ocrx_word' id='word_1_169' title='bbox 3219 803 3423 867; x_wconf 81' lang='grc' dir='ltr'>δοξάσαι</span> <span class='ocrx_word' id='word_1_170' title='bbox 3451 802 3663 873; x_wconf 77' lang='grc' dir='ltr'><strong>δυνηθῇς.</strong></span> 
     </span>
    </p>
   </div>
   <div class='ocr_carea' id='block_1_23' title="bbox 2170 895 3666 970">
    <p class='ocr_par' dir='ltr' id='par_1_23' title="bbox 2170 895 3666 970">
     <span class='ocr_line' id='line_1_23' title="bbox 2170 895 3666 970; baseline -0.005 -18"><span class='ocrx_word' id='word_1_171' title='bbox 2170 898 2338 952; x_wconf 84' lang='grc' dir='ltr'>Τοῦτο</span> <span class='ocrx_word' id='word_1_172' title='bbox 2393 899 2499 970; x_wconf 77' lang='grc' dir='ltr'><strong>γάρ</strong></span> <span class='ocrx_word' id='word_1_173' title='bbox 2527 916 2608 952; x_wconf 89' lang='grc' dir='ltr'><strong>σοι</strong></span> <span class='ocrx_word' id='word_1_174' title='bbox 2662 898 2867 968; x_wconf 84' lang='grc' dir='ltr'>ἐφόδιον</span> <span class='ocrx_word' id='word_1_175' title='bbox 2919 899 2976 950; x_wconf 80' lang='grc' dir='ltr'><strong>ἐν</strong></span> <span class='ocrx_word' id='word_1_176' title='bbox 3018 896 3095 966; x_wconf 79' lang='grc' dir='ltr'>τῷ</span> <span class='ocrx_word' id='word_1_177' title='bbox 3145 895 3237 948; x_wconf 92' lang='grc' dir='ltr'><strong>νῦν</strong></span> <span class='ocrx_word' id='word_1_178' title='bbox 3293 895 3385 965; x_wconf 82' lang='grc' dir='ltr'>βίῳ</span> <span class='ocrx_word' id='word_1_179' title='bbox 3433 895 3666 946; x_wconf 83' lang='grc' dir='ltr'>ἀκίνδυνον</span> 
     </span>
    </p>
   </div>
   <div class='ocr_carea' id='block_1_24' title="bbox 2169 983 3665 1060">
    <p class='ocr_par' dir='ltr' id='par_1_24' title="bbox 2169 983 3665 1060">
     <span class='ocr_line' id='line_1_24' title="bbox 2169 983 3665 1060; baseline -0.005 -17"><span class='ocrx_word' id='word_1_180' title='bbox 2169 991 2282 1060; x_wconf 73' lang='grc' dir='ltr'>ἤτω</span> <span class='ocrx_word' id='word_1_181' title='bbox 2313 990 2385 1060; x_wconf 80' lang='grc'><strong>(5)</strong></span> <span class='ocrx_word' id='word_1_182' title='bbox 2427 990 2555 1060; x_wconf 76' lang='grc' dir='ltr'>παρ’</span> <span class='ocrx_word' id='word_1_183' title='bbox 2603 988 2786 1058; x_wconf 86' lang='grc' dir='ltr'>ήμῶν,</span> <span class='ocrx_word' id='word_1_184' title='bbox 2829 988 2972 1050; x_wconf 79' lang='grc' dir='ltr'>ὅπως</span> <span class='ocrx_word' id='word_1_185' title='bbox 3011 989 3121 1049; x_wconf 83' lang='grc' dir='ltr'>τοῖς</span> <span class='ocrx_word' id='word_1_186' title='bbox 3157 985 3360 1047; x_wconf 80' lang='grc' dir='ltr'><strong>πολλοῖς</strong></span> <span class='ocrx_word' id='word_1_187' title='bbox 3401 983 3665 1051; x_wconf 74' lang='grc' dir='ltr'><strong>δύσγνωστα</strong></span> 
     </span>
    </p>
   </div>
   <div class='ocr_carea' id='block_1_25' title="bbox 2169 1077 3667 1151">
    <p class='ocr_par' dir='ltr' id='par_1_25' title="bbox 2169 1077 3667 1151">
     <span class='ocr_line' id='line_1_25' title="bbox 2169 1077 3667 1151; baseline -0.005 -17"><span class='ocrx_word' id='word_1_188' title='bbox 2169 1082 2263 1134; x_wconf 68' lang='grc' dir='ltr'><strong>καὶ</strong></span> <span class='ocrx_word' id='word_1_189' title='bbox 2290 1082 2568 1151; x_wconf 78' lang='grc' dir='ltr'>δύσληπτα</span> <span class='ocrx_word' id='word_1_190' title='bbox 2598 1079 2657 1144; x_wconf 81' lang='grc' dir='ltr'><strong>ἐξ</strong></span> <span class='ocrx_word' id='word_1_191' title='bbox 2697 1079 2922 1149; x_wconf 77' lang='grc' dir='ltr'>ἑτοίμων</span> <span class='ocrx_word' id='word_1_192' title='bbox 2953 1079 3122 1146; x_wconf 84' lang='grc' dir='ltr'>λόγων</span> <span class='ocrx_word' id='word_1_193' title='bbox 3156 1077 3503 1148; x_wconf 80' lang='grc' dir='ltr'>προσενέγκας</span> <span class='ocrx_word' id='word_1_194' title='bbox 3528 1080 3667 1142; x_wconf 83' lang='grc' dir='ltr'>ἐγκα-</span> 
     </span>
    </p>
   </div>
   <div class='ocr_carea' id='block_1_26' title="bbox 2167 1169 3669 1246">
    <p class='ocr_par' dir='ltr' id='par_1_26' title="bbox 2167 1169 3669 1246">
     <span class='ocr_line' id='line_1_26' title="bbox 2167 1169 3669 1246; baseline -0.003 -20"><span class='ocrx_word' id='word_1_195' title='bbox 2167 1173 2465 1246; x_wconf 79' lang='grc' dir='ltr'>τασπείρῃς</span> <span class='ocrx_word' id='word_1_196' title='bbox 2491 1172 2566 1242; x_wconf 81' lang='grc' dir='ltr'><strong>τῷ</strong></span> <span class='ocrx_word' id='word_1_197' title='bbox 2596 1170 2783 1223; x_wconf 84' lang='grc' dir='ltr'>πλάτει</span> <span class='ocrx_word' id='word_1_198' title='bbox 2811 1171 2907 1241; x_wconf 75' lang='grc' dir='ltr'>τῆς</span> <span class='ocrx_word' id='word_1_199' title='bbox 2931 1170 3153 1240; x_wconf 83' lang='grc' dir='ltr'>καρδίας</span> <span class='ocrx_word' id='word_1_200' title='bbox 3186 1186 3297 1231; x_wconf 89' lang='grc' dir='ltr'>σου,</span> <span class='ocrx_word' id='word_1_201' title='bbox 3326 1169 3396 1231; x_wconf 74' lang='grc' dir='ltr'><strong>ὡς</strong></span> <span class='ocrx_word' id='word_1_202' title='bbox 3432 1169 3553 1220; x_wconf 80' lang='grc' dir='ltr'>πίων</span> <span class='ocrx_word' id='word_1_203' title='bbox 3589 1186 3669 1221; x_wconf 85' lang='grc' dir='ltr'>κα·</span> 
     </span>
    </p>
   </div>
   <div class='ocr_carea' id='block_1_27' title="bbox 2168 1258 3668 1336">
    <p class='ocr_par' dir='ltr' id='par_1_27' title="bbox 2168 1258 3668 1336">
     <span class='ocr_line' id='line_1_27' title="bbox 2168 1258 3668 1336; baseline -0.003 -18"><span class='ocrx_word' id='word_1_204' title='bbox 2168 1266 2306 1336; x_wconf 83' lang='grc' dir='ltr'><strong>θαρά</strong></span> <span class='ocrx_word' id='word_1_205' title='bbox 2335 1266 2405 1334; x_wconf 84' lang='grc' dir='ltr'>γῆ</span> <span class='ocrx_word' id='word_1_206' title='bbox 2439 1264 2532 1335; x_wconf 71' lang='grc'><strong>(4).</strong></span> <span class='ocrx_word' id='word_1_207' title='bbox 2564 1264 2913 1332; x_wconf 77' lang='grc' dir='ltr'>Δυσωπήσεις</span> <span class='ocrx_word' id='word_1_208' title='bbox 2938 1262 2993 1314; x_wconf 79' lang='grc' dir='ltr'>δὲ</span> <span class='ocrx_word' id='word_1_209' title='bbox 3021 1261 3108 1314; x_wconf 75' lang='grc' dir='ltr'>διὰ</span> <span class='ocrx_word' id='word_1_210' title='bbox 3137 1258 3336 1313; x_wconf 86' lang='grc' dir='ltr'>τούτων</span> <span class='ocrx_word' id='word_1_211' title='bbox 3363 1260 3479 1323; x_wconf 73' lang='grc' dir='ltr'>τοὺς</span> <span class='ocrx_word' id='word_1_212' title='bbox 3503 1261 3668 1314; x_wconf 74' lang='grc' dir='ltr'>ἀντιτιο</span> 
     </span>
    </p>
   </div>
   <div class='ocr_carea' id='block_1_28' title="bbox 2167 1349 3668 1426">
    <p class='ocr_par' dir='ltr' id='par_1_28' title="bbox 2167 1349 3668 1426">
     <span class='ocr_line' id='line_1_28' title="bbox 2167 1349 3668 1426; baseline -0.003 -18"><span class='ocrx_word' id='word_1_213' title='bbox 2167 1355 2419 1426; x_wconf 86' lang='grc' dir='ltr'>θεμένους</span> <span class='ocrx_word' id='word_1_214' title='bbox 2447 1356 2537 1407; x_wconf 73' lang='grc' dir='ltr'><strong>καὶ</strong></span> <span class='ocrx_word' id='word_1_215' title='bbox 2563 1354 2933 1421; x_wconf 80' lang='grc' dir='ltr'><strong>ἀντιλέγοντας</strong></span> <span class='ocrx_word' id='word_1_216' title='bbox 2960 1351 3037 1420; x_wconf 82' lang='grc' dir='ltr'>τῷ</span> <span class='ocrx_word' id='word_1_217' title='bbox 3071 1350 3316 1422; x_wconf 82' lang='grc' dir='ltr'><strong>σωτηρίῳ</strong></span> <span class='ocrx_word' id='word_1_218' title='bbox 3351 1349 3498 1419; x_wconf 84' lang='grc' dir='ltr'>λόγῳ.</span> <span class='ocrx_word' id='word_1_219' title='bbox 3554 1352 3668 1421; x_wconf 86' lang='grc' dir='ltr'>Ὅρα</span> 
     </span>
    </p>
   </div>
   <div class='ocr_carea' id='block_1_29' title="bbox 2165 1439 3670 1516">
    <p class='ocr_par' dir='ltr' id='par_1_29' title="bbox 2165 1439 3670 1516">
     <span class='ocr_line' id='line_1_29' title="bbox 2165 1439 3670 1516; baseline -0.003 -17"><span class='ocrx_word' id='word_1_220' title='bbox 2165 1447 2219 1499; x_wconf 82' lang='grc' dir='ltr'><strong>δὲ</strong></span> <span class='ocrx_word' id='word_1_221' title='bbox 2253 1447 2324 1516; x_wconf 79' lang='grc' dir='ltr'><strong>μὴ</strong></span> <span class='ocrx_word' id='word_1_222' title='bbox 2355 1448 2433 1508; x_wconf 89' lang='grc' dir='ltr'>εἰς</span> <span class='ocrx_word' id='word_1_223' title='bbox 2477 1446 2739 1507; x_wconf 80' lang='grc' dir='ltr'>ἀπίστους</span> <span class='ocrx_word' id='word_1_224' title='bbox 2769 1444 2863 1496; x_wconf 79' lang='grc' dir='ltr'><strong>καὶ</strong></span> <span class='ocrx_word' id='word_1_225' title='bbox 2909 1441 3260 1512; x_wconf 78' lang='grc' dir='ltr'>βλασφήμους</span> <span class='ocrx_word' id='word_1_226' title='bbox 3287 1439 3519 1508; x_wconf 82' lang='grc' dir='ltr'>γλώσσας</span> <span class='ocrx_word' id='word_1_227' title='bbox 3536 1442 3670 1508; x_wconf 80' lang='grc' dir='ltr'>ἐγκα-</span> 
     </span>
    </p>
   </div>
   <div class='ocr_carea' id='block_1_30' title="bbox 2165 1531 3668 1609">
    <p class='ocr_par' dir='ltr' id='par_1_30' title="bbox 2165 1531 3668 1609">
     <span class='ocr_line' id='line_1_30' title="bbox 2165 1531 3668 1609; baseline -0.005 -18"><span class='ocrx_word' id='word_1_228' title='bbox 2165 1539 2300 1609; x_wconf 82' lang='grc' dir='ltr'><strong>τὰθῃ</strong></span> <span class='ocrx_word' id='word_1_229' title='bbox 2329 1536 2496 1589; x_wconf 87' lang='grc' dir='ltr'>ταῦτα</span> <span class='ocrx_word' id='word_1_230' title='bbox 2518 1553 2530 1566; x_wconf 86' lang='grc'><strong>·</strong></span> <span class='ocrx_word' id='word_1_231' title='bbox 2583 1535 2822 1598; x_wconf 90' lang='grc' dir='ltr'>κίνδυνος</span> <span class='ocrx_word' id='word_1_232' title='bbox 2851 1535 2958 1604; x_wconf 77' lang='grc' dir='ltr'><strong>γὰρ</strong></span> <span class='ocrx_word' id='word_1_233' title='bbox 2985 1534 3079 1603; x_wconf 75' lang='grc' dir='ltr'><strong>οὐχ</strong></span> <span class='ocrx_word' id='word_1_234' title='bbox 3105 1537 3134 1586; x_wconf 85' lang='grc' dir='ltr'><strong>ό</strong></span> <span class='ocrx_word' id='word_1_235' title='bbox 3165 1531 3364 1603; x_wconf 81' lang='grc' dir='ltr'>τυχῶν·</span> <span class='ocrx_word' id='word_1_236' title='bbox 3401 1533 3598 1602; x_wconf 78' lang='grc' dir='ltr'>μετάδος</span> <span class='ocrx_word' id='word_1_237' title='bbox 3625 1534 3668 1584; x_wconf 79' lang='grc' dir='ltr'><strong>δὲ</strong></span> 
     </span>
    </p>
   </div>
   <div class='ocr_carea' id='block_1_31' title="bbox 2166 1620 3670 1692">
    <p class='ocr_par' dir='ltr' id='par_1_31' title="bbox 2166 1620 3670 1692">
     <span class='ocr_line' id='line_1_31' title="bbox 2166 1620 3670 1692; baseline -0.006 -12"><span class='ocrx_word' id='word_1_238' title='bbox 2166 1626 2411 1681; x_wconf 76' lang='grc' dir='ltr'>εύλαϐἐσι</span> <span class='ocrx_word' id='word_1_239' title='bbox 2443 1625 2536 1678; x_wconf 72' lang='grc' dir='ltr'>καὶ</span> <span class='ocrx_word' id='word_1_240' title='bbox 2564 1627 2772 1686; x_wconf 82' lang='grc' dir='ltr'>πιστοῖς</span> <span class='ocrx_word' id='word_1_241' title='bbox 2801 1622 3103 1692; x_wconf 80' lang='grc' dir='ltr'>ἀνθρώποις</span> <span class='ocrx_word' id='word_1_242' title='bbox 3127 1624 3236 1683; x_wconf 81' lang='grc' dir='ltr'>τοῖς</span> <span class='ocrx_word' id='word_1_243' title='bbox 3265 1620 3518 1672; x_wconf 82' lang='grc' dir='ltr'>ἐθέλουσιν</span> <span class='ocrx_word' id='word_1_244' title='bbox 3539 1621 3670 1684; x_wconf 77' lang='grc' dir='ltr'>ὁσίως</span> 
     </span>
    </p>
   </div>
   <div class='ocr_carea' id='block_1_32' title="bbox 2166 1711 3672 1787">
    <p class='ocr_par' dir='ltr' id='par_1_32' title="bbox 2166 1711 3672 1787">
     <span class='ocr_line' id='line_1_32' title="bbox 2166 1711 3672 1787; baseline -0.007 -15"><span class='ocrx_word' id='word_1_245' title='bbox 2166 1719 2257 1772; x_wconf 74' lang='grc' dir='ltr'>καὶ</span> <span class='ocrx_word' id='word_1_246' title='bbox 2284 1717 2502 1780; x_wconf 83' lang='grc' dir='ltr'>δικαίως</span> <span class='ocrx_word' id='word_1_247' title='bbox 2537 1716 2670 1787; x_wconf 82' lang='grc' dir='ltr'>μετὰ</span> <span class='ocrx_word' id='word_1_248' title='bbox 2696 1715 2859 1784; x_wconf 74' lang='grc' dir='ltr'>φόϐου</span> <span class='ocrx_word' id='word_1_249' title='bbox 2893 1714 3009 1784; x_wconf 76' lang='grc' dir='ltr'><strong>ζῇν.</strong></span> <span class='ocrx_word' id='word_1_250' title='bbox 3039 1711 3115 1766; x_wconf 76' lang='grc' dir='ltr'><strong>Οὐ</strong></span> <span class='ocrx_word' id='word_1_251' title='bbox 3145 1712 3250 1783; x_wconf 75' lang='grc' dir='ltr'><strong>γὰρ</strong></span> <span class='ocrx_word' id='word_1_252' title='bbox 3284 1711 3448 1783; x_wconf 84' lang='grc' dir='ltr'>μάτην</span> <span class='ocrx_word' id='word_1_253' title='bbox 3473 1712 3499 1763; x_wconf 86' lang='grc' dir='ltr'><strong>ό</strong></span> <span class='ocrx_word' id='word_1_254' title='bbox 3528 1712 3672 1781; x_wconf 83' lang='grc' dir='ltr'>μακά-</span> 
     </span>
    </p>
   </div>
   <div class='ocr_carea' id='block_1_33' title="bbox 513 1787 2060 1887">
    <p class='ocr_par' dir='ltr' id='par_1_33' title="bbox 513 1787 2058 1887">
     <span class='ocr_line' id='line_1_33' title="bbox 513 1787 2058 1887; baseline 0.003 -22"><span class='ocrx_word' id='word_1_255' title='bbox 513 1787 691 1866; x_wconf 74' lang='lat' dir='ltr'><strong>nendo</strong></span> <span class='ocrx_word' id='word_1_256' title='bbox 721 1810 1090 1879; x_wconf 90' lang='lat' dir='ltr'><strong>Timotheum,</strong></span> <span class='ocrx_word' id='word_1_257' title='bbox 1128 1815 1245 1868; x_wconf 89' lang='lat' dir='ltr'><strong>ait:</strong></span> <span class='ocrx_word' id='word_1_258' title='bbox 1290 1833 1305 1865; x_wconf 83' lang='grc' dir='ltr'><strong>ι</strong></span> <span class='ocrx_word' id='word_1_259' title='bbox 1347 1813 1392 1869; x_wconf 92' lang='lat'><strong>0</strong></span> <span class='ocrx_word' id='word_1_260' title='bbox 1422 1787 1722 1880; x_wconf 74' lang='lat' dir='ltr'><strong>Timothee,</strong></span> <span class='ocrx_word' id='word_1_261' title='bbox 1759 1816 2058 1887; x_wconf 89' lang='lat' dir='ltr'><strong>depositum</strong></span> 
     </span>
    </p>
   </div>
   <div class='ocr_carea' id='block_1_34' title="bbox 2163 1787 3669 1887">
    <p class='ocr_par' dir='ltr' id='par_1_34' title="bbox 2167 1797 3669 1882">
     <span class='ocr_line' id='line_1_34' title="bbox 2167 1797 3669 1882; baseline -0.006 -19"><span class='ocrx_word' id='word_1_262' title='bbox 2167 1828 2279 1882; x_wconf 89' lang='grc' dir='ltr'>ριος</span> <span class='ocrx_word' id='word_1_263' title='bbox 2320 1807 2632 1870; x_wconf 85' lang='grc' dir='ltr'>Ἀπόστολος</span> <span class='ocrx_word' id='word_1_264' title='bbox 2664 1805 2937 1878; x_wconf 80' lang='grc' dir='ltr'>παραινῶν</span> <span class='ocrx_word' id='word_1_265' title='bbox 2969 1804 3212 1875; x_wconf 83' lang='grc' dir='ltr'>Τιμοθέῳ</span> <span class='ocrx_word' id='word_1_266' title='bbox 3254 1803 3422 1872; x_wconf 80' lang='grc' dir='ltr'>λέγει·</span> <span class='ocrx_word' id='word_1_267' title='bbox 3469 1821 3487 1854; x_wconf 73' lang='grc' dir='ltr'><strong>ι</strong></span> <span class='ocrx_word' id='word_1_268' title='bbox 3517 1797 3576 1853; x_wconf 83' lang='grc' dir='ltr'><strong><em>Ὦ</em></strong></span> <span class='ocrx_word' id='word_1_269' title='bbox 3596 1803 3669 1854; x_wconf 88' lang='grc' dir='ltr'><strong>Τι-</strong></span> 
     </span>
    </p>
   </div>
   <div class='ocr_carea' id='block_1_35' title="bbox 507 1895 2060 1976">
    <p class='ocr_par' dir='ltr' id='par_1_35' title="bbox 507 1903 2060 1976">
     <span class='ocr_line' id='line_1_35' title="bbox 507 1903 2060 1976; baseline 0.001 -19"><span class='ocrx_word' id='word_1_270' title='bbox 507 1903 748 1968; x_wconf 83' lang='lat' dir='ltr'><strong>custodi,</strong></span> <span class='ocrx_word' id='word_1_271' title='bbox 771 1903 1016 1958; x_wconf 85' lang='lat' dir='ltr'><strong>devitans</strong></span> <span class='ocrx_word' id='word_1_272' title='bbox 1052 1905 1308 1973; x_wconf 88' lang='lat' dir='ltr'><strong>profanas</strong></span> <span class='ocrx_word' id='word_1_273' title='bbox 1334 1920 1527 1961; x_wconf 90' lang='lat' dir='ltr'><strong>vocum</strong></span> <span class='ocrx_word' id='word_1_274' title='bbox 1560 1906 1859 1971; x_wconf 83' lang='lat' dir='ltr'><strong>vanitates,</strong></span> <span class='ocrx_word' id='word_1_275' title='bbox 1893 1917 1943 1961; x_wconf 87' lang='lat' dir='ltr'><strong>et</strong></span> <span class='ocrx_word' id='word_1_276' title='bbox 1970 1923 2060 1976; x_wconf 83' lang='lat' dir='ltr'><strong>op-</strong></span> 
     </span>
    </p>
   </div>
   <div class='ocr_carea' id='block_1_36' title="bbox 2163 1895 3670 1976">
    <p class='ocr_par' dir='ltr' id='par_1_36' title="bbox 2168 1895 3670 1974">
     <span class='ocr_line' id='line_1_36' title="bbox 2168 1895 3670 1974; baseline -0.006 -18"><span class='ocrx_word' id='word_1_277' title='bbox 2168 1903 2346 1974; x_wconf 84' lang='grc' dir='ltr'>μόθεε,</span> <span class='ocrx_word' id='word_1_278' title='bbox 2392 1903 2489 1972; x_wconf 82' lang='grc' dir='ltr'>τὴν</span> <span class='ocrx_word' id='word_1_279' title='bbox 2536 1898 3001 1972; x_wconf 82' lang='grc' dir='ltr'>παρακαταθήκην</span> <span class='ocrx_word' id='word_1_280' title='bbox 3048 1897 3278 1966; x_wconf 80' lang='grc' dir='ltr'>φύλαξον</span> <span class='ocrx_word' id='word_1_281' title='bbox 3323 1895 3670 1966; x_wconf 78' lang='grc' dir='ltr'>ἐκτρεπόμενος</span> 
     </span>
    </p>
   </div>
   <div class='ocr_carea' id='block_1_37' title="bbox 507 1986 2060 2068">
    <p class='ocr_par' dir='ltr' id='par_1_37' title="bbox 507 1994 2060 2068">
     <span class='ocr_line' id='line_1_37' title="bbox 507 1994 2060 2068; baseline 0.003 -21"><span class='ocrx_word' id='word_1_282' title='bbox 507 1996 813 2064; x_wconf 80' lang='lat' dir='ltr'><strong>positiones</strong></span> <span class='ocrx_word' id='word_1_283' title='bbox 859 1994 980 2050; x_wconf 81' lang='lat' dir='ltr'><strong>falsi</strong></span> <span class='ocrx_word' id='word_1_284' title='bbox 1034 1997 1268 2052; x_wconf 86' lang='lat' dir='ltr'><strong>nominis</strong></span> <span class='ocrx_word' id='word_1_285' title='bbox 1323 1997 1581 2061; x_wconf 79' lang='lat' dir='ltr'><strong>scientite,</strong></span> <span class='ocrx_word' id='word_1_286' title='bbox 1633 2013 1796 2068; x_wconf 90' lang='lat' dir='ltr'><strong>quam</strong></span> <span class='ocrx_word' id='word_1_287' title='bbox 1846 1999 2060 2068; x_wconf 83' lang='lat' dir='ltr'><strong>quidam</strong></span> 
     </span>
    </p>
   </div>
   <div class='ocr_carea' id='block_1_38' title="bbox 2163 1986 3673 2068">
    <p class='ocr_par' dir='ltr' id='par_1_38' title="bbox 2163 1986 3673 2063">
     <span class='ocr_line' id='line_1_38' title="bbox 2163 1986 3673 2063; baseline -0.006 -16"><span class='ocrx_word' id='word_1_288' title='bbox 2163 1995 2260 2056; x_wconf 82' lang='grc' dir='ltr'><strong>τὰς</strong></span> <span class='ocrx_word' id='word_1_289' title='bbox 2316 1991 2571 2063; x_wconf 78' lang='grc' dir='ltr'>βεϐήλους</span> <span class='ocrx_word' id='word_1_290' title='bbox 2618 1989 2943 2058; x_wconf 70' lang='grc' dir='ltr'>κενοφωνίας</span> <span class='ocrx_word' id='word_1_291' title='bbox 3127 1989 3219 2042; x_wconf 71' lang='grc' dir='ltr'><strong>καὶ</strong></span> <span class='ocrx_word' id='word_1_292' title='bbox 3273 1987 3553 2049; x_wconf 78' lang='grc' dir='ltr'>ἀντιθέσεις</span> <span class='ocrx_word' id='word_1_293' title='bbox 3594 1986 3673 2057; x_wconf 72' lang='grc' dir='ltr'>τῆς</span> 
     </span>
    </p>
   </div>
   <div class='ocr_carea' id='block_1_39' title="bbox 507 2080 2060 2154">
    <p class='ocr_par' dir='ltr' id='par_1_39' title="bbox 507 2086 2060 2153">
     <span class='ocr_line' id='line_1_39' title="bbox 507 2086 2060 2153; baseline 0.003 -15"><span class='ocrx_word' id='word_1_294' title='bbox 507 2086 856 2153; x_wconf 74' lang='lat' dir='ltr'><strong>profitentes,</strong></span> <span class='ocrx_word' id='word_1_295' title='bbox 891 2087 1035 2142; x_wconf 87' lang='lat' dir='ltr'><strong>circa</strong></span> <span class='ocrx_word' id='word_1_296' title='bbox 1063 2087 1220 2142; x_wconf 83' lang='lat' dir='ltr'><strong>ﬁdem</strong></span> <span class='ocrx_word' id='word_1_297' title='bbox 1249 2096 1586 2143; x_wconf 84' lang='lat' dir='ltr'><strong>erraverunt.</strong></span> <span class='ocrx_word' id='word_1_298' title='bbox 1608 2091 1624 2121; x_wconf 74' lang='grc' dir='ltr'><strong>ί</strong></span> <span class='ocrx_word' id='word_1_299' title='bbox 1659 2107 1681 2141; x_wconf 72' lang='grc' dir='ltr'><strong>ι</strong></span> <span class='ocrx_word' id='word_1_300' title='bbox 1721 2088 1786 2143; x_wconf 85' lang='lat' dir='ltr'><strong>Et</strong></span> <span class='ocrx_word' id='word_1_301' title='bbox 1821 2105 2010 2145; x_wconf 87' lang='lat' dir='ltr'><strong>rursus</strong></span> <span class='ocrx_word' id='word_1_302' title='bbox 2048 2108 2060 2142; x_wconf 87' lang='lat'><strong>:</strong></span> 
     </span>
    </p>
   </div>
   <div class='ocr_carea' id='block_1_40' title="bbox 2163 2080 3674 2154">
    <p class='ocr_par' dir='ltr' id='par_1_40' title="bbox 2163 2080 3674 2154">
     <span class='ocr_line' id='line_1_40' title="bbox 2163 2080 3674 2154; baseline -0.004 -18"><span class='ocrx_word' id='word_1_303' title='bbox 2163 2083 2507 2154; x_wconf 76' lang='grc' dir='ltr'>ψευδωνύμου</span> <span class='ocrx_word' id='word_1_304' title='bbox 2538 2081 2808 2151; x_wconf 81' lang='grc' dir='ltr'>γνώσεως,</span> <span class='ocrx_word' id='word_1_305' title='bbox 2837 2081 2902 2152; x_wconf 74' lang='grc' dir='ltr'>ἦν</span> <span class='ocrx_word' id='word_1_306' title='bbox 2935 2097 3078 2144; x_wconf 85' lang='grc' dir='ltr'>τινες</span> <span class='ocrx_word' id='word_1_307' title='bbox 3105 2080 3543 2150; x_wconf 72' lang='grc' dir='ltr'>ἐπαγγελλόμενοι</span> <span class='ocrx_word' id='word_1_308' title='bbox 3571 2080 3674 2149; x_wconf 72' lang='grc' dir='ltr'>περὶ</span> 
     </span>
    </p>
   </div>
   <div class='ocr_carea' id='block_1_41' title="bbox 511 2169 2060 2251">
    <p class='ocr_par' dir='ltr' id='par_1_41' title="bbox 511 2175 2060 2251">
     <span class='ocr_line' id='line_1_41' title="bbox 511 2175 2060 2251; baseline 0.003 -21"><span class='ocrx_word' id='word_1_309' title='bbox 511 2195 538 2230; x_wconf 72' lang='grc' dir='ltr'><strong>ε</strong></span> <span class='ocrx_word' id='word_1_310' title='bbox 573 2175 654 2232; x_wconf 89' lang='lat' dir='ltr'><strong>Tu</strong></span> <span class='ocrx_word' id='word_1_311' title='bbox 693 2189 894 2240; x_wconf 90' lang='lat' dir='ltr'><strong>autem,</strong></span> <span class='ocrx_word' id='word_1_312' title='bbox 925 2179 997 2232; x_wconf 82' lang='lat' dir='ltr'><strong>fili</strong></span> <span class='ocrx_word' id='word_1_313' title='bbox 1036 2179 1129 2245; x_wconf 93' lang='lat' dir='ltr'><strong>mi,</strong></span> <span class='ocrx_word' id='word_1_314' title='bbox 1158 2179 1463 2234; x_wconf 86' lang='lat' dir='ltr'><strong>confortare</strong></span> <span class='ocrx_word' id='word_1_315' title='bbox 1505 2181 1556 2234; x_wconf 92' lang='lat' dir='ltr'><strong>in</strong></span> <span class='ocrx_word' id='word_1_316' title='bbox 1591 2182 1786 2250; x_wconf 78' lang='lat' dir='ltr'><strong>gratia,</strong></span> <span class='ocrx_word' id='word_1_317' title='bbox 1824 2197 1944 2251; x_wconf 68' lang='lat' dir='ltr'><strong>quae</strong></span> <span class='ocrx_word' id='word_1_318' title='bbox 1982 2191 2060 2237; x_wconf 85' lang='lat' dir='ltr'><strong>est</strong></span> 
     </span>
    </p>
   </div>
   <div class='ocr_carea' id='block_1_42' title="bbox 2163 2169 3674 2251">
    <p class='ocr_par' dir='ltr' id='par_1_42' title="bbox 2163 2169 3674 2248">
     <span class='ocr_line' id='line_1_42' title="bbox 2163 2169 3674 2248; baseline -0.004 -18"><span class='ocrx_word' id='word_1_319' title='bbox 2163 2177 2258 2248; x_wconf 82' lang='grc' dir='ltr'>τὴν</span> <span class='ocrx_word' id='word_1_320' title='bbox 2292 2177 2470 2230; x_wconf 84' lang='grc' dir='ltr'>πίστιν</span> <span class='ocrx_word' id='word_1_321' title='bbox 2515 2175 2835 2247; x_wconf 76' lang='grc' dir='ltr'>ἠστόχησαν.</span> <span class='ocrx_word' id='word_1_322' title='bbox 2874 2194 2893 2225; x_wconf 68' lang='grc' dir='ltr'><strong>ι</strong></span> <span class='ocrx_word' id='word_1_323' title='bbox 2929 2172 3039 2224; x_wconf 74' lang='grc' dir='ltr'><strong>Καὶ</strong></span> <span class='ocrx_word' id='word_1_324' title='bbox 3083 2175 3271 2228; x_wconf 77' lang='grc' dir='ltr'><strong>πάλιν⁸</strong></span> <span class='ocrx_word' id='word_1_325' title='bbox 3326 2193 3343 2225; x_wconf 76' lang='grc' dir='ltr'><strong>ι</strong></span> <span class='ocrx_word' id='word_1_326' title='bbox 3381 2176 3448 2228; x_wconf 80' lang='grc' dir='ltr'>Σὺ</span> <span class='ocrx_word' id='word_1_327' title='bbox 3475 2169 3574 2237; x_wconf 77' lang='grc' dir='ltr'>οὖν,</span> <span class='ocrx_word' id='word_1_328' title='bbox 3603 2173 3674 2225; x_wconf 82' lang='grc' dir='ltr'>τέ-</span> 
     </span>
    </p>
   </div>
   <div class='ocr_carea' id='block_1_43' title="bbox 507 2257 2060 2340">
    <p class='ocr_par' dir='ltr' id='par_1_43' title="bbox 507 2267 2060 2340">
     <span class='ocr_line' id='line_1_43' title="bbox 507 2267 2060 2340; baseline 0.003 -17"><span class='ocrx_word' id='word_1_329' title='bbox 507 2267 565 2323; x_wconf 81' lang='lat' dir='ltr'><strong>in</strong></span> <span class='ocrx_word' id='word_1_330' title='bbox 593 2269 811 2324; x_wconf 88' lang='lat' dir='ltr'><strong>Christo</strong></span> <span class='ocrx_word' id='word_1_331' title='bbox 854 2268 1015 2335; x_wconf 84' lang='lat' dir='ltr'><strong>Jesu;</strong></span> <span class='ocrx_word' id='word_1_332' title='bbox 1067 2280 1119 2324; x_wconf 91' lang='lat' dir='ltr'><strong>et</strong></span> <span class='ocrx_word' id='word_1_333' title='bbox 1147 2287 1267 2339; x_wconf 76' lang='lat' dir='ltr'><strong>quze</strong></span> <span class='ocrx_word' id='word_1_334' title='bbox 1297 2271 1493 2325; x_wconf 90' lang='lat' dir='ltr'><strong>audisti</strong></span> <span class='ocrx_word' id='word_1_335' title='bbox 1528 2287 1557 2324; x_wconf 88' lang='lat' dir='ltr'><strong>a</strong></span> <span class='ocrx_word' id='word_1_336' title='bbox 1607 2279 1692 2325; x_wconf 83' lang='lat' dir='ltr'><strong>me</strong></span> <span class='ocrx_word' id='word_1_337' title='bbox 1736 2287 1828 2340; x_wconf 91' lang='lat' dir='ltr'><strong>per</strong></span> <span class='ocrx_word' id='word_1_338' title='bbox 1864 2272 2060 2327; x_wconf 87' lang='lat' dir='ltr'><strong>multas</strong></span> 
     </span>
    </p>
   </div>
   <div class='ocr_carea' id='block_1_44' title="bbox 2163 2257 3674 2340">
    <p class='ocr_par' dir='ltr' id='par_1_44' title="bbox 2163 2257 3674 2340">
     <span class='ocr_line' id='line_1_44' title="bbox 2163 2257 3674 2340; baseline -0.005 -18"><span class='ocrx_word' id='word_1_339' title='bbox 2163 2286 2288 2322; x_wconf 89' lang='grc' dir='ltr'>κνον</span> <span class='ocrx_word' id='word_1_340' title='bbox 2343 2257 2464 2338; x_wconf 85' lang='grc' dir='ltr'>μου,</span> <span class='ocrx_word' id='word_1_341' title='bbox 2501 2267 2794 2338; x_wconf 76' lang='grc' dir='ltr'>ἐνδυναμοῦ</span> <span class='ocrx_word' id='word_1_342' title='bbox 2835 2268 2892 2322; x_wconf 86' lang='grc' dir='ltr'><strong>ἐν</strong></span> <span class='ocrx_word' id='word_1_343' title='bbox 2944 2272 3009 2340; x_wconf 84' lang='grc' dir='ltr'>τῇ</span> <span class='ocrx_word' id='word_1_344' title='bbox 3060 2269 3239 2339; x_wconf 80' lang='grc' dir='ltr'>χάριτι</span> <span class='ocrx_word' id='word_1_345' title='bbox 3291 2268 3356 2336; x_wconf 81' lang='grc' dir='ltr'>τῇ</span> <span class='ocrx_word' id='word_1_346' title='bbox 3405 2267 3459 2317; x_wconf 92' lang='grc' dir='ltr'><strong>ἐν</strong></span> <span class='ocrx_word' id='word_1_347' title='bbox 3491 2262 3674 2335; x_wconf 83' lang='grc' dir='ltr'>Χριστῷ</span> 
     </span>
    </p>
   </div>
   <div class='ocr_carea' id='block_1_45' title="bbox 503 2357 2060 2432">
    <p class='ocr_par' dir='ltr' id='par_1_45' title="bbox 503 2359 2060 2428">
     <span class='ocr_line' id='line_1_45' title="bbox 503 2359 2060 2428; baseline 0.004 -17"><span class='ocrx_word' id='word_1_348' title='bbox 503 2359 920 2415; x_wconf 81' lang='lat' dir='ltr'><strong>exhortationes</strong></span> <span class='ocrx_word' id='word_1_349' title='bbox 939 2403 953 2425; x_wconf 89' lang='lat'><strong>,</strong></span> <span class='ocrx_word' id='word_1_350' title='bbox 985 2362 1097 2415; x_wconf 70' lang='lat' dir='ltr'><strong>inec</strong></span> <span class='ocrx_word' id='word_1_351' title='bbox 1119 2362 1433 2415; x_wconf 89' lang='lat' dir='ltr'><strong>commenda</strong></span> <span class='ocrx_word' id='word_1_352' title='bbox 1458 2362 1704 2418; x_wconf 77' lang='lat' dir='ltr'><strong>fidelibus</strong></span> <span class='ocrx_word' id='word_1_353' title='bbox 1732 2364 2060 2428; x_wconf 86' lang='lat' dir='ltr'><strong>hominibus,</strong></span> 
     </span>
    </p>
   </div>
   <div class='ocr_carea' id='block_1_46' title="bbox 2163 2357 3674 2432">
    <p class='ocr_par' dir='ltr' id='par_1_46' title="bbox 2177 2357 3674 2432">
     <span class='ocr_line' id='line_1_46' title="bbox 2177 2357 3674 2432; baseline -0.004 -18"><span class='ocrx_word' id='word_1_354' title='bbox 2177 2362 2346 2432; x_wconf 88' lang='grc' dir='ltr'>Ἰησοῦ</span> <span class='ocrx_word' id='word_1_355' title='bbox 2369 2377 2381 2390; x_wconf 90' lang='grc'><strong>·</strong></span> <span class='ocrx_word' id='word_1_356' title='bbox 2409 2359 2504 2413; x_wconf 80' lang='grc' dir='ltr'>καὶ</span> <span class='ocrx_word' id='word_1_357' title='bbox 2529 2360 2564 2414; x_wconf 81' lang='grc' dir='ltr'><strong>δι</strong></span> <span class='ocrx_word' id='word_1_358' title='bbox 2592 2360 2826 2432; x_wconf 69' lang='grc' dir='ltr'>ἤκουσας</span> <span class='ocrx_word' id='word_1_359' title='bbox 2858 2363 2986 2432; x_wconf 82' lang='grc' dir='ltr'>παρ’</span> <span class='ocrx_word' id='word_1_360' title='bbox 3029 2360 3159 2431; x_wconf 89' lang='grc' dir='ltr'>ἐμοῦ</span> <span class='ocrx_word' id='word_1_361' title='bbox 3189 2359 3278 2413; x_wconf 79' lang='grc' dir='ltr'>διὰ</span> <span class='ocrx_word' id='word_1_362' title='bbox 3306 2357 3504 2411; x_wconf 78' lang='grc' dir='ltr'>πολλῶν</span> <span class='ocrx_word' id='word_1_363' title='bbox 3532 2374 3674 2426; x_wconf 80' lang='grc' dir='ltr'>παρα-</span> 
     </span>
    </p>
   </div>
   <div class='ocr_carea' id='block_1_47' title="bbox 506 2447 2060 2526">
    <p class='ocr_par' dir='ltr' id='par_1_47' title="bbox 506 2449 2060 2526">
     <span class='ocr_line' id='line_1_47' title="bbox 506 2449 2060 2526; baseline 0.004 -24"><span class='ocrx_word' id='word_1_364' title='bbox 506 2449 600 2518; x_wconf 91' lang='lat' dir='ltr'><strong>qui</strong></span> <span class='ocrx_word' id='word_1_365' title='bbox 634 2450 809 2506; x_wconf 85' lang='lat' dir='ltr'><strong>idonei</strong></span> <span class='ocrx_word' id='word_1_366' title='bbox 853 2461 1013 2506; x_wconf 90' lang='lat' dir='ltr'><strong>erunt</strong></span> <span class='ocrx_word' id='word_1_367' title='bbox 1065 2461 1122 2505; x_wconf 89' lang='lat' dir='ltr'><strong>ut</strong></span> <span class='ocrx_word' id='word_1_368' title='bbox 1173 2453 1310 2508; x_wconf 89' lang='lat' dir='ltr'><strong>alios</strong></span> <span class='ocrx_word' id='word_1_369' title='bbox 1341 2455 1572 2508; x_wconf 88' lang='lat' dir='ltr'><strong>doceant</strong></span> <span class='ocrx_word' id='word_1_370' title='bbox 1592 2455 1632 2507; x_wconf 78' lang='grc'><strong>⁸.</strong></span> <span class='ocrx_word' id='word_1_371' title='bbox 1673 2473 1692 2505; x_wconf 73' lang='grc' dir='ltr'><strong>ι</strong></span> <span class='ocrx_word' id='word_1_372' title='bbox 1738 2454 1873 2508; x_wconf 87' lang='lat' dir='ltr'><strong>Cum</strong></span> <span class='ocrx_word' id='word_1_373' title='bbox 1903 2456 2060 2526; x_wconf 81' lang='lat' dir='ltr'><strong>igitur</strong></span> 
     </span>
    </p>
   </div>
   <div class='ocr_carea' id='block_1_48' title="bbox 2163 2447 3675 2526">
    <p class='ocr_par' dir='ltr' id='par_1_48' title="bbox 2163 2447 3675 2524">
     <span class='ocr_line' id='line_1_48' title="bbox 2163 2447 3675 2524; baseline -0.005 -18"><span class='ocrx_word' id='word_1_374' title='bbox 2163 2453 2401 2524; x_wconf 82' lang='grc' dir='ltr'>κλήσεων</span> <span class='ocrx_word' id='word_1_375' title='bbox 2449 2452 2544 2523; x_wconf 87' lang='grc'><strong>(6),</strong></span> <span class='ocrx_word' id='word_1_376' title='bbox 2574 2451 2742 2506; x_wconf 85' lang='grc' dir='ltr'>ταῦτα</span> <span class='ocrx_word' id='word_1_377' title='bbox 2771 2452 3012 2524; x_wconf 83' lang='grc' dir='ltr'>παράθου</span> <span class='ocrx_word' id='word_1_378' title='bbox 3042 2455 3249 2514; x_wconf 81' lang='grc' dir='ltr'>πιστοῖς</span> <span class='ocrx_word' id='word_1_379' title='bbox 3285 2449 3588 2520; x_wconf 83' lang='grc' dir='ltr'>ἀνθρώποις,</span> <span class='ocrx_word' id='word_1_380' title='bbox 3615 2447 3675 2499; x_wconf 84' lang='grc' dir='ltr'><strong>οἰ-</strong></span> 
     </span>
    </p>
   </div>
   <div class='ocr_carea' id='block_1_49' title="bbox 504 2536 2060 2616">
    <p class='ocr_par' dir='ltr' id='par_1_49' title="bbox 504 2538 2060 2616">
     <span class='ocr_line' id='line_1_49' title="bbox 504 2538 2060 2616; baseline 0.002 -19"><span class='ocrx_word' id='word_1_381' title='bbox 504 2538 701 2597; x_wconf 78' lang='lat' dir='ltr'><strong>beatus</strong></span> <span class='ocrx_word' id='word_1_382' title='bbox 739 2543 1032 2613; x_wconf 85' lang='lat' dir='ltr'><strong>Apostolus</strong></span> <span class='ocrx_word' id='word_1_383' title='bbox 1062 2545 1175 2598; x_wconf 64' lang='lat' dir='ltr'><strong>haec</strong></span> <span class='ocrx_word' id='word_1_384' title='bbox 1203 2552 1356 2598; x_wconf 87' lang='lat' dir='ltr'><strong>caute</strong></span> <span class='ocrx_word' id='word_1_385' title='bbox 1383 2560 1445 2598; x_wconf 78' lang='lat' dir='ltr'><strong>ac</strong></span> <span class='ocrx_word' id='word_1_386' title='bbox 1481 2553 1626 2598; x_wconf 89' lang='lat' dir='ltr'><strong>metu</strong></span> <span class='ocrx_word' id='word_1_387' title='bbox 1657 2546 1910 2610; x_wconf 85' lang='lat' dir='ltr'><strong>traderet,</strong></span> <span class='ocrx_word' id='word_1_388' title='bbox 1943 2561 2060 2616; x_wconf 70' lang='lat' dir='ltr'><strong>qum</strong></span> 
     </span>
    </p>
   </div>
   <div class='ocr_carea' id='block_1_50' title="bbox 2163 2536 3674 2616">
    <p class='ocr_par' dir='ltr' id='par_1_50' title="bbox 2163 2536 3674 2615">
     <span class='ocr_line' id='line_1_50' title="bbox 2163 2536 3674 2615; baseline -0.004 -18"><span class='ocrx_word' id='word_1_389' title='bbox 2163 2561 2302 2607; x_wconf 87' lang='grc' dir='ltr'>τινες</span> <span class='ocrx_word' id='word_1_390' title='bbox 2331 2545 2501 2599; x_wconf 72' lang='grc' dir='ltr'>ἱκανοὶ</span> <span class='ocrx_word' id='word_1_391' title='bbox 2535 2545 2743 2598; x_wconf 75' lang='grc' dir='ltr'>ἔσονται</span> <span class='ocrx_word' id='word_1_392' title='bbox 2791 2547 2883 2599; x_wconf 78' lang='grc' dir='ltr'><strong>καὶ</strong></span> <span class='ocrx_word' id='word_1_393' title='bbox 2911 2544 3124 2615; x_wconf 81' lang='grc' dir='ltr'>ἐτέρους</span> <span class='ocrx_word' id='word_1_394' title='bbox 3150 2542 3380 2607; x_wconf 80' lang='grc' dir='ltr'>διδάξαι.</span> <span class='ocrx_word' id='word_1_395' title='bbox 3411 2563 3427 2593; x_wconf 73' lang='grc' dir='ltr'><strong>ι</strong></span> <span class='ocrx_word' id='word_1_396' title='bbox 3464 2544 3519 2595; x_wconf 85' lang='grc' dir='ltr'><strong>Εἰ</strong></span> <span class='ocrx_word' id='word_1_397' title='bbox 3554 2536 3674 2593; x_wconf 78' lang='grc' dir='ltr'>οὖνὸ</span> 
     </span>
    </p>
   </div>
   <div class='ocr_carea' id='block_1_51' title="bbox 507 2633 2060 2708">
    <p class='ocr_par' dir='ltr' id='par_1_51' title="bbox 507 2633 2060 2705">
     <span class='ocr_line' id='line_1_51' title="bbox 507 2633 2060 2705; baseline 0.003 -19"><span class='ocrx_word' id='word_1_398' title='bbox 507 2633 582 2686; x_wconf 78' lang='lat' dir='ltr'><strong>ab</strong></span> <span class='ocrx_word' id='word_1_399' title='bbox 608 2633 860 2688; x_wconf 80' lang='lat' dir='ltr'><strong>onmibus</strong></span> <span class='ocrx_word' id='word_1_400' title='bbox 905 2633 1059 2688; x_wconf 81' lang='lat' dir='ltr'><strong>facile</strong></span> <span class='ocrx_word' id='word_1_401' title='bbox 1105 2635 1356 2705; x_wconf 75' lang='lat' dir='ltr'><strong>cognosci</strong></span> <span class='ocrx_word' id='word_1_402' title='bbox 1391 2645 1638 2704; x_wconf 88' lang='lat' dir='ltr'><strong>possunt,</strong></span> <span class='ocrx_word' id='word_1_403' title='bbox 1685 2639 1872 2693; x_wconf 89' lang='lat' dir='ltr'><strong>videns</strong></span> <span class='ocrx_word' id='word_1_404' title='bbox 1919 2639 2060 2692; x_wconf 88' lang='lat' dir='ltr'><strong>scili-</strong></span> 
     </span>
    </p>
   </div>
   <div class='ocr_carea' id='block_1_52' title="bbox 2163 2633 3675 2708">
    <p class='ocr_par' dir='ltr' id='par_1_52' title="bbox 2165 2634 3675 2708">
     <span class='ocr_line' id='line_1_52' title="bbox 2165 2634 3675 2708; baseline -0.003 -19"><span class='ocrx_word' id='word_1_405' title='bbox 2165 2636 2429 2707; x_wconf 79' lang='grc' dir='ltr'>μακάριος</span> <span class='ocrx_word' id='word_1_406' title='bbox 2459 2639 2572 2707; x_wconf 76' lang='grc' dir='ltr'>μετ’</span> <span class='ocrx_word' id='word_1_407' title='bbox 2595 2637 2874 2700; x_wconf 71' lang='grc' dir='ltr'>εὐλαϐείας</span> <span class='ocrx_word' id='word_1_408' title='bbox 2893 2635 3171 2708; x_wconf 78' lang='grc' dir='ltr'>παρεδίδου</span> <span class='ocrx_word' id='word_1_409' title='bbox 3199 2635 3391 2696; x_wconf 86' lang='grc' dir='ltr'>ταῦτα,</span> <span class='ocrx_word' id='word_1_410' title='bbox 3417 2635 3546 2705; x_wconf 73' lang='grc' dir='ltr'>ἅπερ</span> <span class='ocrx_word' id='word_1_411' title='bbox 3561 2634 3675 2687; x_wconf 81' lang='grc' dir='ltr'>ᾶπα-</span> 
     </span>
    </p>
   </div>
   <div class='ocr_carea' id='block_1_53' title="bbox 512 2722 2060 2797">
    <p class='ocr_par' dir='ltr' id='par_1_53' title="bbox 512 2724 2060 2797">
     <span class='ocr_line' id='line_1_53' title="bbox 512 2724 2060 2797; baseline 0.003 -18"><span class='ocrx_word' id='word_1_412' title='bbox 512 2732 606 2779; x_wconf 67' lang='lat' dir='ltr'><strong>!)et</strong></span> <span class='ocrx_word' id='word_1_413' title='bbox 637 2725 823 2793; x_wconf 87' lang='lat' dir='ltr'><strong>spiritu</strong></span> <span class='ocrx_word' id='word_1_414' title='bbox 858 2743 928 2778; x_wconf 83' lang='grc'><strong>;-‹</strong></span> <span class='ocrx_word' id='word_1_415' title='bbox 967 2724 1080 2778; x_wconf 87' lang='lat' dir='ltr'><strong>Non</strong></span> <span class='ocrx_word' id='word_1_416' title='bbox 1107 2741 1226 2779; x_wconf 90' lang='lat' dir='ltr'><strong>esse</strong></span> <span class='ocrx_word' id='word_1_417' title='bbox 1258 2726 1500 2778; x_wconf 88' lang='lat' dir='ltr'><strong>omnium</strong></span> <span class='ocrx_word' id='word_1_418' title='bbox 1540 2727 1697 2781; x_wconf 72' lang='lat' dir='ltr'><strong>fidem</strong></span> <span class='ocrx_word' id='word_1_419' title='bbox 1725 2727 1774 2793; x_wconf 86' lang='grc'>³;</span> <span class='ocrx_word' id='word_1_420' title='bbox 1809 2746 1827 2778; x_wconf 76' lang='grc' dir='ltr'><strong>ι</strong></span> <span class='ocrx_word' id='word_1_421' title='bbox 1862 2738 2060 2797; x_wconf 87' lang='lat' dir='ltr'><strong>quanto</strong></span> 
     </span>
    </p>
   </div>
   <div class='ocr_carea' id='block_1_54' title="bbox 2163 2722 3676 2797">
    <p class='ocr_par' dir='ltr' id='par_1_54' title="bbox 2165 2722 3676 2797">
     <span class='ocr_line' id='line_1_54' title="bbox 2165 2722 3676 2797; baseline -0.004 -19"><span class='ocrx_word' id='word_1_422' title='bbox 2165 2743 2246 2779; x_wconf 88' lang='grc' dir='ltr'><strong>σιν</strong></span> <span class='ocrx_word' id='word_1_423' title='bbox 2275 2726 2547 2795; x_wconf 77' lang='grc' dir='ltr'>εῦγνωστα</span> <span class='ocrx_word' id='word_1_424' title='bbox 2566 2722 2652 2796; x_wconf 83' lang='grc' dir='ltr'>ἦν,</span> <span class='ocrx_word' id='word_1_425' title='bbox 2677 2727 2883 2797; x_wconf 82' lang='grc' dir='ltr'>βλέπων</span> <span class='ocrx_word' id='word_1_426' title='bbox 2909 2725 2985 2794; x_wconf 78' lang='grc' dir='ltr'>τῷ</span> <span class='ocrx_word' id='word_1_427' title='bbox 3014 2723 3306 2793; x_wconf 77' lang='grc' dir='ltr'>πνεύματι,</span> <span class='ocrx_word' id='word_1_428' title='bbox 3331 2725 3406 2776; x_wconf 75' lang='grc' dir='ltr'><strong>δτι</strong></span> <span class='ocrx_word' id='word_1_429' title='bbox 3433 2743 3451 2774; x_wconf 73' lang='grc' dir='ltr'><strong>ι</strong></span> <span class='ocrx_word' id='word_1_430' title='bbox 3483 2724 3537 2776; x_wconf 78' lang='grc' dir='ltr'><strong>ού</strong></span> <span class='ocrx_word' id='word_1_431' title='bbox 3569 2739 3676 2775; x_wconf 75' lang='grc' dir='ltr'>παν-</span> 
     </span>
    </p>
   </div>
   <div class='ocr_carea' id='block_1_55' title="bbox 507 2814 2060 2889">
    <p class='ocr_par' dir='ltr' id='par_1_55' title="bbox 507 2816 2060 2889">
     <span class='ocr_line' id='line_1_55' title="bbox 507 2816 2060 2889; baseline 0.005 -20"><span class='ocrx_word' id='word_1_432' title='bbox 507 2829 600 2870; x_wconf 87' lang='lat' dir='ltr'><strong>res</strong></span> <span class='ocrx_word' id='word_1_433' title='bbox 634 2816 788 2870; x_wconf 89' lang='lat' dir='ltr'><strong>nobis</strong></span> <span class='ocrx_word' id='word_1_434' title='bbox 834 2819 1053 2888; x_wconf 85' lang='lat' dir='ltr'><strong>majoris</strong></span> <span class='ocrx_word' id='word_1_435' title='bbox 1083 2819 1302 2888; x_wconf 89' lang='lat' dir='ltr'><strong>peri-culi</strong></span> <span class='ocrx_word' id='word_1_436' title='bbox 1339 2821 1448 2884; x_wconf 82' lang='lat' dir='ltr'><strong>fiet,</strong></span> <span class='ocrx_word' id='word_1_437' title='bbox 1491 2820 1536 2875; x_wconf 91' lang='lat' dir='ltr'><strong>si</strong></span> <span class='ocrx_word' id='word_1_438' title='bbox 1570 2829 1770 2875; x_wconf 91' lang='lat' dir='ltr'><strong>temere</strong></span> <span class='ocrx_word' id='word_1_439' title='bbox 1808 2821 2060 2889; x_wconf 86' lang='lat' dir='ltr'><strong>nullaque</strong></span> 
     </span>
    </p>
   </div>
   <div class='ocr_carea' id='block_1_56' title="bbox 2163 2814 3675 2889">
    <p class='ocr_par' dir='ltr' id='par_1_56' title="bbox 2163 2814 3675 2889">
     <span class='ocr_line' id='line_1_56' title="bbox 2163 2814 3675 2889; baseline -0.005 -18"><span class='ocrx_word' id='word_1_440' title='bbox 2163 2835 2267 2871; x_wconf 87' lang='grc' dir='ltr'><strong>των</strong></span> <span class='ocrx_word' id='word_1_441' title='bbox 2295 2814 2361 2889; x_wconf 77' lang='grc' dir='ltr'>ἦν</span> <span class='ocrx_word' id='word_1_442' title='bbox 2396 2819 2428 2889; x_wconf 78' lang='grc' dir='ltr'><strong>ἡ</strong></span> <span class='ocrx_word' id='word_1_443' title='bbox 2457 2819 2637 2881; x_wconf 79' lang='grc' dir='ltr'>πίστις</span> <span class='ocrx_word' id='word_1_444' title='bbox 2656 2836 2668 2848; x_wconf 83' lang='lat'><strong><em>°</em></strong></span> <span class='ocrx_word' id='word_1_445' title='bbox 2702 2818 2848 2880; x_wconf 85' lang='grc' dir='ltr'>πόσῳ</span> <span class='ocrx_word' id='word_1_446' title='bbox 2880 2817 3074 2888; x_wconf 86' lang='grc' dir='ltr'>μᾶλλον</span> <span class='ocrx_word' id='word_1_447' title='bbox 3104 2819 3264 2888; x_wconf 80' lang='grc' dir='ltr'>ἡμεῖς</span> <span class='ocrx_word' id='word_1_448' title='bbox 3289 2815 3675 2883; x_wconf 73' lang='grc' dir='ltr'>κινδυνεύσομεν,</span> 
     </span>
    </p>
   </div>
   <div class='ocr_carea' id='block_1_57' title="bbox 507 2905 2060 2981">
    <p class='ocr_par' dir='ltr' id='par_1_57' title="bbox 507 2905 2060 2981">
     <span class='ocr_line' id='line_1_57' title="bbox 507 2905 2060 2981; baseline 0.003 -23"><span class='ocrx_word' id='word_1_449' title='bbox 507 2907 723 2960; x_wconf 82' lang='lat' dir='ltr'><strong>ratione</strong></span> <span class='ocrx_word' id='word_1_450' title='bbox 751 2905 992 2976; x_wconf 81' lang='lat' dir='ltr'><strong>profanis</strong></span> <span class='ocrx_word' id='word_1_451' title='bbox 1026 2909 1338 2964; x_wconf 88' lang='lat' dir='ltr'><strong>hominibus</strong></span> <span class='ocrx_word' id='word_1_452' title='bbox 1371 2919 1532 2981; x_wconf 88' lang='lat' dir='ltr'><strong>atque</strong></span> <span class='ocrx_word' id='word_1_453' title='bbox 1559 2910 1790 2979; x_wconf 78' lang='lat' dir='ltr'><strong>indignis</strong></span> <span class='ocrx_word' id='word_1_454' title='bbox 1834 2911 2060 2963; x_wconf 87' lang='lat' dir='ltr'><strong>tradide-</strong></span> 
     </span>
    </p>
   </div>
   <div class='ocr_carea' id='block_1_58' title="bbox 2163 2905 3676 2981">
    <p class='ocr_par' dir='ltr' id='par_1_58' title="bbox 2163 2905 3676 2980">
     <span class='ocr_line' id='line_1_58' title="bbox 2163 2905 3676 2980; baseline -0.003 -18"><span class='ocrx_word' id='word_1_455' title='bbox 2163 2910 2211 2962; x_wconf 85' lang='grc' dir='ltr'><strong>εί</strong></span> <span class='ocrx_word' id='word_1_456' title='bbox 2239 2910 2423 2974; x_wconf 86' lang='grc' dir='ltr'>ἁπλῶς</span> <span class='ocrx_word' id='word_1_457' title='bbox 2461 2911 2552 2963; x_wconf 71' lang='grc' dir='ltr'><strong>καὶ</strong></span> <span class='ocrx_word' id='word_1_458' title='bbox 2583 2907 2657 2973; x_wconf 85' lang='grc' dir='ltr'>ὡς</span> <span class='ocrx_word' id='word_1_459' title='bbox 2692 2909 2864 2980; x_wconf 75' lang='grc' dir='ltr'>ἔτυχε,</span> <span class='ocrx_word' id='word_1_460' title='bbox 2902 2908 2970 2962; x_wconf 76' lang='grc' dir='ltr'>τὰ</span> <span class='ocrx_word' id='word_1_461' title='bbox 3010 2908 3101 2960; x_wconf 89' lang='grc' dir='ltr'><strong>τοῦ</strong></span> <span class='ocrx_word' id='word_1_462' title='bbox 3130 2909 3265 2962; x_wconf 82' lang='grc' dir='ltr'>Θεοῦ</span> <span class='ocrx_word' id='word_1_463' title='bbox 3299 2909 3448 2977; x_wconf 84' lang='grc' dir='ltr'>λόγια</span> <span class='ocrx_word' id='word_1_464' title='bbox 3479 2905 3676 2978; x_wconf 76' lang='grc' dir='ltr'>μεταδὼο</span> 
     </span>
    </p>
   </div>
   <div class='ocr_carea' id='block_1_59' title="bbox 504 2997 2060 3075">
    <p class='ocr_par' dir='ltr' id='par_1_59' title="bbox 504 2997 1173 3067">
     <span class='ocr_line' id='line_1_59' title="bbox 504 2997 1173 3067; baseline 0.003 -17"><span class='ocrx_word' id='word_1_465' title='bbox 504 2998 683 3051; x_wconf 77' lang='lat' dir='ltr'><strong>rimus</strong></span> <span class='ocrx_word' id='word_1_466' title='bbox 715 2997 893 3051; x_wconf 86' lang='lat' dir='ltr'><strong>divina</strong></span> <span class='ocrx_word' id='word_1_467' title='bbox 923 2999 1173 3067; x_wconf 88' lang='lat' dir='ltr'><strong>eloquia?</strong></span> 
     </span>
    </p>
   </div>
   <div class='ocr_carea' id='block_1_60' title="bbox 2163 2997 3296 3075">
    <p class='ocr_par' dir='ltr' id='par_1_60' title="bbox 2164 3001 3296 3075">
     <span class='ocr_line' id='line_1_60' title="bbox 2164 3001 3296 3075; baseline 0 -19"><span class='ocrx_word' id='word_1_468' title='bbox 2164 3020 2327 3074; x_wconf 90' lang='grc' dir='ltr'>σομεν</span> <span class='ocrx_word' id='word_1_469' title='bbox 2357 3001 2597 3074; x_wconf 81' lang='grc' dir='ltr'>βεϐήλοις</span> <span class='ocrx_word' id='word_1_470' title='bbox 2627 3002 2720 3056; x_wconf 69' lang='grc' dir='ltr'><strong>καὶ</strong></span> <span class='ocrx_word' id='word_1_471' title='bbox 2747 3002 2982 3066; x_wconf 79' lang='grc' dir='ltr'>ἀναξίοις</span> <span class='ocrx_word' id='word_1_472' title='bbox 3005 3003 3256 3075; x_wconf 83' lang='grc' dir='ltr'>ἀνδράσιν</span> <span class='ocrx_word' id='word_1_473' title='bbox 3279 3020 3296 3069; x_wconf 87' lang='lat'><strong>;</strong></span> 
     </span>
    </p>
   </div>
   <div class='ocr_carea' id='block_1_61' title="bbox 579 3086 2060 3177">
    <p class='ocr_par' dir='ltr' id='par_1_61' title="bbox 579 3086 2058 3161">
     <span class='ocr_line' id='line_1_61' title="bbox 579 3086 2058 3161; baseline 0.005 -21"><span class='ocrx_word' id='word_1_474' title='bbox 579 3087 642 3140; x_wconf 80' lang='grc' dir='ltr'><strong>Ι.</strong></span> <span class='ocrx_word' id='word_1_475' title='bbox 693 3086 827 3141; x_wconf 89' lang='lat' dir='ltr'><strong>Nam</strong></span> <span class='ocrx_word' id='word_1_476' title='bbox 860 3091 989 3158; x_wconf 86' lang='lat' dir='ltr'><strong>‘quia</strong></span> <span class='ocrx_word' id='word_1_477' title='bbox 1032 3092 1169 3144; x_wconf 85' lang='lat' dir='ltr'><strong>beati</strong></span> <span class='ocrx_word' id='word_1_478' title='bbox 1221 3092 1494 3161; x_wconf 76' lang='lat' dir='ltr'><strong>propheta:</strong></span> <span class='ocrx_word' id='word_1_479' title='bbox 1540 3091 1684 3146; x_wconf 88' lang='lat' dir='ltr'><strong>oculi</strong></span> <span class='ocrx_word' id='word_1_480' title='bbox 1739 3093 1895 3147; x_wconf 89' lang='lat' dir='ltr'><strong>nobis</strong></span> <span class='ocrx_word' id='word_1_481' title='bbox 1939 3091 2058 3147; x_wconf 88' lang='lat' dir='ltr'><strong>fne-</strong></span> 
     </span>
    </p>
   </div>
   <div class='ocr_carea' id='block_1_62' title="bbox 2163 3086 3676 3177">
    <p class='ocr_par' dir='ltr' id='par_1_62' title="bbox 2245 3088 3676 3166">
     <span class='ocr_line' id='line_1_62' title="bbox 2245 3088 3676 3166; baseline -0.006 -18"><span class='ocrx_word' id='word_1_482' title='bbox 2245 3093 2457 3165; x_wconf 73' lang='grc' dir='ltr'>Ἐπειδὴ</span> <span class='ocrx_word' id='word_1_483' title='bbox 2486 3094 2591 3165; x_wconf 78' lang='grc' dir='ltr'>γάρ</span> <span class='ocrx_word' id='word_1_484' title='bbox 2619 3094 2667 3146; x_wconf 84' lang='grc' dir='ltr'>οἱ</span> <span class='ocrx_word' id='word_1_485' title='bbox 2691 3095 2945 3164; x_wconf 84' lang='grc' dir='ltr'>μακάριοι</span> <span class='ocrx_word' id='word_1_486' title='bbox 2974 3095 3247 3166; x_wconf 82' lang='grc' dir='ltr'>προφῆται</span> <span class='ocrx_word' id='word_1_487' title='bbox 3271 3091 3528 3162; x_wconf 71' lang='grc' dir='ltr'>ὀφθαλμοὶ</span> <span class='ocrx_word' id='word_1_488' title='bbox 3551 3088 3676 3161; x_wconf 72' lang='grc' dir='ltr'>ἡμῶν</span> 
     </span>
    </p>
   </div>
   <div class='ocr_carea' id='block_1_63' title="bbox 505 3181 2060 3258">
    <p class='ocr_par' dir='ltr' id='par_1_63' title="bbox 505 3181 2060 3254">
     <span class='ocr_line' id='line_1_63' title="bbox 505 3181 2060 3254; baseline 0.002 -19"><span class='ocrx_word' id='word_1_489' title='bbox 505 3191 656 3245; x_wconf 82' lang='lat' dir='ltr'><strong>runt,</strong></span> <span class='ocrx_word' id='word_1_490' title='bbox 705 3181 807 3251; x_wconf 87' lang='lat' dir='ltr'><strong>ipsi</strong></span> <span class='ocrx_word' id='word_1_491' title='bbox 853 3197 948 3251; x_wconf 76' lang='lat' dir='ltr'><strong>per</strong></span> <span class='ocrx_word' id='word_1_492' title='bbox 993 3183 1147 3236; x_wconf 82' lang='lat' dir='ltr'><strong>fidem</strong></span> <span class='ocrx_word' id='word_1_493' title='bbox 1191 3183 1350 3238; x_wconf 80' lang='lat' dir='ltr'><strong>Verbi</strong></span> <span class='ocrx_word' id='word_1_494' title='bbox 1399 3187 1649 3253; x_wconf 80' lang='lat' dir='ltr'><strong>mysteria</strong></span> <span class='ocrx_word' id='word_1_495' title='bbox 1699 3184 2060 3254; x_wconf 74' lang='lat' dir='ltr'><strong>przeviderunt</strong></span> 
     </span>
    </p>
   </div>
   <div class='ocr_carea' id='block_1_64' title="bbox 2163 3181 3676 3258">
    <p class='ocr_par' dir='ltr' id='par_1_64' title="bbox 2163 3183 3676 3258">
     <span class='ocr_line' id='line_1_64' title="bbox 2163 3183 3676 3258; baseline -0.005 -17"><span class='ocrx_word' id='word_1_496' title='bbox 2163 3188 2419 3257; x_wconf 83' lang='grc' dir='ltr'>ἐγένοντο,</span> <span class='ocrx_word' id='word_1_497' title='bbox 2453 3185 2787 3258; x_wconf 81' lang='grc' dir='ltr'>προορῶντες</span> <span class='ocrx_word' id='word_1_498' title='bbox 2824 3186 2910 3239; x_wconf 76' lang='grc' dir='ltr'><strong>διὰ</strong></span> <span class='ocrx_word' id='word_1_499' title='bbox 2937 3186 3168 3249; x_wconf 84' lang='grc' dir='ltr'>πίστεως</span> <span class='ocrx_word' id='word_1_500' title='bbox 3198 3185 3268 3239; x_wconf 84' lang='grc' dir='ltr'>τὰ</span> <span class='ocrx_word' id='word_1_501' title='bbox 3300 3184 3390 3238; x_wconf 86' lang='grc' dir='ltr'><strong>τοῦ</strong></span> <span class='ocrx_word' id='word_1_502' title='bbox 3420 3183 3577 3251; x_wconf 86' lang='grc' dir='ltr'>Λόγου</span> <span class='ocrx_word' id='word_1_503' title='bbox 3597 3199 3676 3252; x_wconf 85' lang='grc' dir='ltr'>μυ-</span> 
     </span>
    </p>
   </div>
   <div class='ocr_carea' id='block_1_65' title="bbox 499 3273 2060 3354">
    <p class='ocr_par' dir='ltr' id='par_1_65' title="bbox 499 3273 2055 3342">
     <span class='ocr_line' id='line_1_65' title="bbox 499 3273 2055 3342; baseline 0.002 -17"><span class='ocrx_word' id='word_1_504' title='bbox 499 3287 629 3342; x_wconf 61' lang='lat' dir='ltr'><strong>qut:</strong></span> <span class='ocrx_word' id='word_1_505' title='bbox 684 3281 737 3326; x_wconf 87' lang='lat' dir='ltr'><strong>et</strong></span> <span class='ocrx_word' id='word_1_506' title='bbox 788 3273 909 3326; x_wconf 86' lang='lat' dir='ltr'><strong>aliis</strong></span> <span class='ocrx_word' id='word_1_507' title='bbox 964 3274 1305 3342; x_wconf 85' lang='lat' dir='ltr'><strong>postmodum</strong></span> <span class='ocrx_word' id='word_1_508' title='bbox 1347 3277 1596 3331; x_wconf 56' lang='lat' dir='ltr'><strong>aetatibus</strong></span> <span class='ocrx_word' id='word_1_509' title='bbox 1645 3277 2055 3339; x_wconf 84' lang='lat' dir='ltr'><strong>ministrarum,</strong></span> 
     </span>
    </p>
   </div>
   <div class='ocr_carea' id='block_1_66' title="bbox 2163 3273 3677 3354">
    <p class='ocr_par' dir='ltr' id='par_1_66' title="bbox 2163 3273 3677 3354">
     <span class='ocr_line' id='line_1_66' title="bbox 2163 3273 3677 3354; baseline -0.02 -3"><span class='ocrx_word' id='word_1_510' title='bbox 2163 3283 2370 3354; x_wconf 75' lang='grc' dir='ltr'>στήρια,</span> <span class='ocrx_word' id='word_1_511' title='bbox 2405 3282 2558 3333; x_wconf 70' lang='grc' dir='ltr'>ἅτινα</span> <span class='ocrx_word' id='word_1_512' title='bbox 2599 3279 2674 3347; x_wconf 83' lang='grc'><strong>(7)</strong></span> <span class='ocrx_word' id='word_1_513' title='bbox 2707 3279 2799 3331; x_wconf 56' lang='grc' dir='ltr'>καὶ</span> <span class='ocrx_word' id='word_1_514' title='bbox 2831 3281 2950 3341; x_wconf 82' lang='grc' dir='ltr'>ταῖς</span> <span class='ocrx_word' id='word_1_515' title='bbox 2999 3278 3479 3348; x_wconf 78' lang='grc' dir='ltr'>μεταγενεστέραις</span> <span class='ocrx_word' id='word_1_516' title='bbox 3499 3273 3677 3343; x_wconf 76' lang='grc' dir='ltr'>γενεαῖς</span> 
     </span>
    </p>
   </div>
   <div class='ocr_carea' id='block_1_67' title="bbox 502 3360 2060 3445">
    <p class='ocr_par' dir='ltr' id='par_1_67' title="bbox 502 3360 2060 3437">
     <span class='ocr_line' id='line_1_67' title="bbox 502 3360 2060 3437; baseline 0.005 -24"><span class='ocrx_word' id='word_1_517' title='bbox 502 3360 707 3414; x_wconf 85' lang='lat' dir='ltr'><strong>nedum</strong></span> <span class='ocrx_word' id='word_1_518' title='bbox 736 3375 856 3430; x_wconf 70' lang='lat' dir='ltr'><strong>quaa</strong></span> <span class='ocrx_word' id='word_1_519' title='bbox 883 3362 1147 3430; x_wconf 66' lang='lat' dir='ltr'><strong>praeterita</strong></span> <span class='ocrx_word' id='word_1_520' title='bbox 1179 3375 1364 3419; x_wconf 88' lang='lat' dir='ltr'><strong>essent</strong></span> <span class='ocrx_word' id='word_1_521' title='bbox 1387 3367 1691 3435; x_wconf 86' lang='lat' dir='ltr'><strong>loquentes,</strong></span> <span class='ocrx_word' id='word_1_522' title='bbox 1718 3367 1810 3421; x_wconf 91' lang='lat' dir='ltr'><strong>sed</strong></span> <span class='ocrx_word' id='word_1_523' title='bbox 1837 3376 1889 3421; x_wconf 94' lang='lat' dir='ltr'><strong>et</strong></span> <span class='ocrx_word' id='word_1_524' title='bbox 1921 3382 2060 3437; x_wconf 73' lang='lat' dir='ltr'><strong>prae-</strong></span> 
     </span>
    </p>
   </div>
   <div class='ocr_carea' id='block_1_68' title="bbox 2163 3360 3677 3445">
    <p class='ocr_par' dir='ltr' id='par_1_68' title="bbox 2163 3362 3677 3445">
     <span class='ocr_line' id='line_1_68' title="bbox 2163 3362 3677 3445; baseline -0.009 -17"><span class='ocrx_word' id='word_1_525' title='bbox 2163 3374 2498 3445; x_wconf 85' lang='grc' dir='ltr'>διηκόνησαν,</span> <span class='ocrx_word' id='word_1_526' title='bbox 2521 3372 2579 3424; x_wconf 87' lang='grc' dir='ltr'><strong>ού</strong></span> <span class='ocrx_word' id='word_1_527' title='bbox 2611 3371 2768 3441; x_wconf 87' lang='grc' dir='ltr'>μόνον</span> <span class='ocrx_word' id='word_1_528' title='bbox 2798 3369 2864 3422; x_wconf 75' lang='grc' dir='ltr'>τὰ</span> <span class='ocrx_word' id='word_1_529' title='bbox 2884 3369 3248 3442; x_wconf 81' lang='grc' dir='ltr'>παρῳχηκότα</span> <span class='ocrx_word' id='word_1_530' title='bbox 3273 3369 3510 3430; x_wconf 81' lang='grc' dir='ltr'>εἰπόντες</span> <span class='ocrx_word' id='word_1_531' title='bbox 3526 3405 3539 3428; x_wconf 89' lang='grc'><strong>,</strong></span> <span class='ocrx_word' id='word_1_532' title='bbox 3567 3362 3677 3418; x_wconf 82' lang='grc' dir='ltr'>ἀλλὰ</span> 
     </span>
    </p>
   </div>
   <div class='ocr_carea' id='block_1_69' title="bbox 499 3453 2060 3531">
    <p class='ocr_par' dir='ltr' id='par_1_69' title="bbox 499 3453 2057 3529">
     <span class='ocr_line' id='line_1_69' title="bbox 499 3453 2057 3529; baseline 0.004 -23"><span class='ocrx_word' id='word_1_533' title='bbox 499 3454 680 3507; x_wconf 86' lang='lat' dir='ltr'><strong>sentia</strong></span> <span class='ocrx_word' id='word_1_534' title='bbox 724 3463 884 3524; x_wconf 87' lang='lat' dir='ltr'><strong>atque</strong></span> <span class='ocrx_word' id='word_1_535' title='bbox 915 3453 1092 3507; x_wconf 84' lang='lat' dir='ltr'><strong>futura</strong></span> <span class='ocrx_word' id='word_1_536' title='bbox 1122 3458 1463 3524; x_wconf 88' lang='lat' dir='ltr'><strong>nuntiantes;</strong></span> <span class='ocrx_word' id='word_1_537' title='bbox 1501 3475 1569 3514; x_wconf 92' lang='lat' dir='ltr'><strong>ne</strong></span> <span class='ocrx_word' id='word_1_538' title='bbox 1596 3460 1772 3514; x_wconf 90' lang='lat' dir='ltr'><strong>solum</strong></span> <span class='ocrx_word' id='word_1_539' title='bbox 1798 3461 2057 3529; x_wconf 88' lang='lat' dir='ltr'><strong>propheta</strong></span> 
     </span>
    </p>
   </div>
   <div class='ocr_carea' id='block_1_70' title="bbox 2163 3453 3674 3531">
    <p class='ocr_par' dir='ltr' id='par_1_70' title="bbox 2163 3458 3674 3531">
     <span class='ocr_line' id='line_1_70' title="bbox 2163 3458 3674 3531; baseline -0.008 -12"><span class='ocrx_word' id='word_1_540' title='bbox 2163 3467 2248 3519; x_wconf 72' lang='grc' dir='ltr'><strong>καὶ</strong></span> <span class='ocrx_word' id='word_1_541' title='bbox 2292 3465 2359 3517; x_wconf 84' lang='grc' dir='ltr'>τὰ</span> <span class='ocrx_word' id='word_1_542' title='bbox 2404 3461 2688 3523; x_wconf 87' lang='grc' dir='ltr'>ἐνεστῶτα,</span> <span class='ocrx_word' id='word_1_543' title='bbox 2725 3462 2912 3515; x_wconf 77' lang='grc' dir='ltr'>καὶτὰ</span> <span class='ocrx_word' id='word_1_544' title='bbox 2957 3461 3212 3531; x_wconf 77' lang='grc' dir='ltr'>μέλλοντα</span> <span class='ocrx_word' id='word_1_545' title='bbox 3264 3458 3674 3528; x_wconf 81' lang='grc' dir='ltr'>ἀπαγγείλαντες,</span> 
     </span>
    </p>
   </div>
   <div class='ocr_carea' id='block_1_71' title="bbox 502 3551 2058 3614">
    <p class='ocr_par' dir='ltr' id='par_1_71' title="bbox 502 3551 2058 3614">
     <span class='ocr_line' id='line_1_71' title="bbox 502 3551 2058 3614; baseline 0.005 -18"><span class='ocrx_word' id='word_1_546' title='bbox 502 3552 888 3612; x_wconf 81' lang='lat' dir='ltr'><strong>temporaneus</strong></span> <span class='ocrx_word' id='word_1_547' title='bbox 917 3561 1035 3599; x_wconf 87' lang='lat' dir='ltr'><strong>esse</strong></span> <span class='ocrx_word' id='word_1_548' title='bbox 1060 3557 1478 3614; x_wconf 84' lang='lat' dir='ltr'><strong>monstraretur,</strong></span> <span class='ocrx_word' id='word_1_549' title='bbox 1512 3552 1602 3605; x_wconf 88' lang='lat' dir='ltr'><strong>sed</strong></span> <span class='ocrx_word' id='word_1_550' title='bbox 1625 3559 1677 3605; x_wconf 92' lang='lat' dir='ltr'><strong>et</strong></span> <span class='ocrx_word' id='word_1_551' title='bbox 1699 3551 1909 3605; x_wconf 89' lang='lat' dir='ltr'><strong>cunctis</strong></span> <span class='ocrx_word' id='word_1_552' title='bbox 1931 3561 2058 3604; x_wconf 70' lang='lat' dir='ltr'><strong>teta-</strong></span> 
     </span>
    </p>
   </div>
   <div class='ocr_carea' id='block_1_72' title="bbox 497 3633 2056 3712">
    <p class='ocr_par' dir='ltr' id='par_1_72' title="bbox 497 3633 2056 3712">
     <span class='ocr_line' id='line_1_72' title="bbox 497 3633 2056 3712; baseline 0.006 -24"><span class='ocrx_word' id='word_1_553' title='bbox 497 3634 650 3690; x_wconf 63' lang='lat' dir='ltr'><strong>{ibus</strong></span> <span class='ocrx_word' id='word_1_554' title='bbox 684 3633 865 3690; x_wconf 88' lang='lat' dir='ltr'><strong>futura</strong></span> <span class='ocrx_word' id='word_1_555' title='bbox 892 3638 1226 3706; x_wconf 80' lang='lat' dir='ltr'><strong>prtediceret,</strong></span> <span class='ocrx_word' id='word_1_556' title='bbox 1259 3651 1319 3696; x_wconf 92' lang='lat' dir='ltr'><strong>ut</strong></span> <span class='ocrx_word' id='word_1_557' title='bbox 1342 3643 1599 3712; x_wconf 87' lang='lat' dir='ltr'><strong>propheta</strong></span> <span class='ocrx_word' id='word_1_558' title='bbox 1636 3659 1757 3698; x_wconf 90' lang='lat' dir='ltr'><strong>esse</strong></span> <span class='ocrx_word' id='word_1_559' title='bbox 1779 3645 2056 3699; x_wconf 79' lang='lat' dir='ltr'><strong>existima-</strong></span> 
     </span>
    </p>
   </div>
   <div class='ocr_carea' id='block_1_73' title="bbox 501 3725 2054 3805">
    <p class='ocr_par' dir='ltr' id='par_1_73' title="bbox 501 3725 2054 3805">
     <span class='ocr_line' id='line_1_73' title="bbox 501 3725 2054 3805; baseline 0.006 -26"><span class='ocrx_word' id='word_1_560' title='bbox 501 3734 673 3781; x_wconf 79' lang='lat' dir='ltr'><strong>retur.</strong></span> <span class='ocrx_word' id='word_1_561' title='bbox 712 3725 779 3781; x_wconf 86' lang='lat' dir='ltr'><strong>Hi</strong></span> <span class='ocrx_word' id='word_1_562' title='bbox 810 3744 1040 3798; x_wconf 86' lang='lat' dir='ltr'><strong>namque</strong></span> <span class='ocrx_word' id='word_1_563' title='bbox 1078 3739 1260 3798; x_wconf 86' lang='lat' dir='ltr'><strong>patres</strong></span> <span class='ocrx_word' id='word_1_564' title='bbox 1289 3733 1478 3802; x_wconf 86' lang='lat' dir='ltr'><strong>spiritu</strong></span> <span class='ocrx_word' id='word_1_565' title='bbox 1520 3735 1815 3804; x_wconf 57' lang='lat' dir='ltr'><strong>prophetia}</strong></span> <span class='ocrx_word' id='word_1_566' title='bbox 1852 3735 2054 3805; x_wconf 89' lang='lat' dir='ltr'><strong>aptati,</strong></span> 
     </span>
    </p>
   </div>
   <div class='ocr_carea' id='block_1_74' title="bbox 497 3813 2056 3894">
    <p class='ocr_par' dir='ltr' id='par_1_74' title="bbox 497 3813 2056 3894">
     <span class='ocr_line' id='line_1_74' title="bbox 497 3813 2056 3894; baseline 0.005 -25"><span class='ocrx_word' id='word_1_567' title='bbox 497 3813 772 3887; x_wconf 79' lang='lat' dir='ltr'><strong>digneque</strong></span> <span class='ocrx_word' id='word_1_568' title='bbox 821 3819 889 3874; x_wconf 91' lang='lat' dir='ltr'><strong>ab</strong></span> <span class='ocrx_word' id='word_1_569' title='bbox 931 3821 1048 3890; x_wconf 90' lang='lat' dir='ltr'><strong>ipso</strong></span> <span class='ocrx_word' id='word_1_570' title='bbox 1097 3819 1274 3876; x_wconf 84' lang='lat' dir='ltr'><strong>Verbo</strong></span> <span class='ocrx_word' id='word_1_571' title='bbox 1325 3822 1595 3888; x_wconf 88' lang='lat' dir='ltr'><strong>honorati,</strong></span> <span class='ocrx_word' id='word_1_572' title='bbox 1655 3839 1763 3894; x_wconf 89' lang='lat' dir='ltr'><strong>quo</strong></span> <span class='ocrx_word' id='word_1_573' title='bbox 1801 3825 2056 3878; x_wconf 89' lang='lat' dir='ltr'><strong>nimirum</strong></span> 
     </span>
    </p>
   </div>
   <div class='ocr_carea' id='block_1_75' title="bbox 2162 3548 3676 3627">
    <p class='ocr_par' dir='ltr' id='par_1_75' title="bbox 2162 3548 3676 3627">
     <span class='ocr_line' id='line_1_75' title="bbox 2162 3548 3676 3627; baseline -0.011 -16"><span class='ocrx_word' id='word_1_574' title='bbox 2162 3559 2251 3611; x_wconf 82' lang='grc' dir='ltr'><strong>ἵνα</strong></span> <span class='ocrx_word' id='word_1_575' title='bbox 2284 3557 2356 3627; x_wconf 86' lang='grc' dir='ltr'>μὴ</span> <span class='ocrx_word' id='word_1_576' title='bbox 2393 3553 2548 3626; x_wconf 87' lang='grc' dir='ltr'>μόνον</span> <span class='ocrx_word' id='word_1_577' title='bbox 2581 3554 2910 3626; x_wconf 83' lang='grc' dir='ltr'>πρόσκαιρος</span> <span class='ocrx_word' id='word_1_578' title='bbox 2938 3551 3072 3608; x_wconf 80' lang='grc' dir='ltr'>εἶναι</span> <span class='ocrx_word' id='word_1_579' title='bbox 3103 3557 3131 3608; x_wconf 85' lang='grc' dir='ltr'><strong>ό</strong></span> <span class='ocrx_word' id='word_1_580' title='bbox 3171 3555 3459 3625; x_wconf 73' lang='grc' dir='ltr'>προφήτης</span> <span class='ocrx_word' id='word_1_581' title='bbox 3493 3548 3676 3619; x_wconf 73' lang='grc' dir='ltr'>δειχθῇ,</span> 
     </span>
    </p>
   </div>
   <div class='ocr_carea' id='block_1_76' title="bbox 2163 3637 3679 3714">
    <p class='ocr_par' dir='ltr' id='par_1_76' title="bbox 2163 3637 3679 3714">
     <span class='ocr_line' id='line_1_76' title="bbox 2163 3637 3679 3714; baseline -0.003 -13"><span class='ocrx_word' id='word_1_582' title='bbox 2163 3647 2295 3702; x_wconf 77' lang='grc' dir='ltr'>ἀλλὰ</span> <span class='ocrx_word' id='word_1_583' title='bbox 2327 3647 2419 3700; x_wconf 75' lang='grc' dir='ltr'><strong>καὶ</strong></span> <span class='ocrx_word' id='word_1_584' title='bbox 2444 3646 2642 3709; x_wconf 80' lang='grc' dir='ltr'>πάσαις</span> <span class='ocrx_word' id='word_1_585' title='bbox 2665 3648 2876 3714; x_wconf 89' lang='grc' dir='ltr'>γενεαῖς</span> <span class='ocrx_word' id='word_1_586' title='bbox 2907 3645 3183 3714; x_wconf 82' lang='grc' dir='ltr'>προλέγων</span> <span class='ocrx_word' id='word_1_587' title='bbox 3209 3644 3279 3698; x_wconf 82' lang='grc' dir='ltr'>τὰ</span> <span class='ocrx_word' id='word_1_588' title='bbox 3314 3643 3588 3714; x_wconf 77' lang='grc' dir='ltr'>μέλλοντα,</span> <span class='ocrx_word' id='word_1_589' title='bbox 3620 3637 3679 3697; x_wconf 62' lang='lat'><strong>(&#39;9;</strong></span> 
     </span>
    </p>
   </div>
   <div class='ocr_carea' id='block_1_77' title="bbox 2163 3729 3678 3808">
    <p class='ocr_par' dir='ltr' id='par_1_77' title="bbox 2163 3729 3678 3808">
     <span class='ocr_line' id='line_1_77' title="bbox 2163 3729 3678 3808; baseline -0.005 -19"><span class='ocrx_word' id='word_1_590' title='bbox 2163 3737 2444 3808; x_wconf 73' lang='grc' dir='ltr'>προφήτης</span> <span class='ocrx_word' id='word_1_591' title='bbox 2470 3733 2604 3788; x_wconf 80' lang='grc' dir='ltr'>εἶναι</span> <span class='ocrx_word' id='word_1_592' title='bbox 2625 3732 2869 3805; x_wconf 82' lang='grc' dir='ltr'>νομισθῇ.</span> <span class='ocrx_word' id='word_1_593' title='bbox 2901 3729 3054 3787; x_wconf 73' lang='grc' dir='ltr'>Οὗτοι</span> <span class='ocrx_word' id='word_1_594' title='bbox 3074 3733 3180 3805; x_wconf 80' lang='grc' dir='ltr'>γὰρ</span> <span class='ocrx_word' id='word_1_595' title='bbox 3198 3734 3470 3803; x_wconf 81' lang='grc' dir='ltr'>πνεύματι</span> <span class='ocrx_word' id='word_1_596' title='bbox 3499 3744 3678 3801; x_wconf 67' lang='grc' dir='ltr'>προφη-</span> 
     </span>
    </p>
   </div>
   <div class='ocr_carea' id='block_1_78' title="bbox 2163 3817 3677 3898">
    <p class='ocr_par' dir='ltr' id='par_1_78' title="bbox 2163 3817 3677 3898">
     <span class='ocr_line' id='line_1_78' title="bbox 2163 3817 3677 3898; baseline -0.007 -18"><span class='ocrx_word' id='word_1_597' title='bbox 2163 3827 2298 3898; x_wconf 81' lang='grc' dir='ltr'>τικῷ</span> <span class='ocrx_word' id='word_1_598' title='bbox 2325 3827 2374 3879; x_wconf 85' lang='grc' dir='ltr'>οἱ</span> <span class='ocrx_word' id='word_1_599' title='bbox 2417 3827 2648 3898; x_wconf 83' lang='grc' dir='ltr'>πατέρες</span> <span class='ocrx_word' id='word_1_600' title='bbox 2679 3825 3120 3898; x_wconf 83' lang='grc' dir='ltr'>κατηρτισμένοι,</span> <span class='ocrx_word' id='word_1_601' title='bbox 3153 3828 3246 3880; x_wconf 78' lang='grc' dir='ltr'><strong>καὶ</strong></span> <span class='ocrx_word' id='word_1_602' title='bbox 3293 3827 3384 3879; x_wconf 78' lang='grc' dir='ltr'>ὑπ’</span> <span class='ocrx_word' id='word_1_603' title='bbox 3419 3823 3568 3878; x_wconf 75' lang='grc' dir='ltr'>αὐτοῦ</span> <span class='ocrx_word' id='word_1_604' title='bbox 3603 3817 3677 3872; x_wconf 80' lang='grc' dir='ltr'><strong>τοῦ</strong></span> 
     </span>
    </p>
   </div>
   <div class='ocr_carea' id='block_1_79' title="bbox 574 3974 2060 4049">
    <p class='ocr_par' dir='ltr' id='par_1_79' title="bbox 574 3974 2036 4047">
     <span class='ocr_line' id='line_1_79' title="bbox 574 3974 2036 4047; baseline 0.005 -18"><span class='ocrx_word' id='word_1_605' title='bbox 574 3974 808 4031; x_wconf 80' lang='grc' dir='ltr'><strong>¹1Τὶιη.</strong></span> <span class='ocrx_word' id='word_1_606' title='bbox 851 3992 928 4044; x_wconf 78' lang='lat' dir='ltr'><strong>Vl,</strong></span> <span class='ocrx_word' id='word_1_607' title='bbox 966 3977 1057 4044; x_wconf 77' lang='grc'><strong>20,</strong></span> <span class='ocrx_word' id='word_1_608' title='bbox 1100 3979 1190 4034; x_wconf 75' lang='grc'><strong>21.</strong></span> <span class='ocrx_word' id='word_1_609' title='bbox 1265 3979 1355 4034; x_wconf 77' lang='lat' dir='ltr'><strong>’ll</strong></span> <span class='ocrx_word' id='word_1_610' title='bbox 1403 3979 1544 4036; x_wconf 76' lang='lat' dir='ltr'><strong>Tim.</strong></span> <span class='ocrx_word' id='word_1_611' title='bbox 1593 3991 1654 4047; x_wconf 80' lang='lat' dir='ltr'><strong>tt,</strong></span> <span class='ocrx_word' id='word_1_612' title='bbox 1700 3983 1751 4047; x_wconf 79' lang='grc'>1,</span> <span class='ocrx_word' id='word_1_613' title='bbox 1799 3983 1853 4037; x_wconf 72' lang='grc'><strong>2.</strong></span> <span class='ocrx_word' id='word_1_614' title='bbox 1931 3983 1950 4015; x_wconf 85' lang='grc'>³</span> <span class='ocrx_word' id='word_1_615' title='bbox 1994 3983 2036 4037; x_wconf 88' lang='lat' dir='ltr'><strong>ll</strong></span> 
     </span>
    </p>
   </div>
   <div class='ocr_carea' id='block_1_80' title="bbox 2163 3974 2500 4049">
    <p class='ocr_par' dir='ltr' id='par_1_80' title="bbox 2163 3984 2500 4049">
     <span class='ocr_line' id='line_1_80' title="bbox 2163 3984 2500 4049; baseline -0.009 -9"><span class='ocrx_word' id='word_1_616' title='bbox 2163 4000 2258 4040; x_wconf 69' lang='lat' dir='ltr'><strong>ass.</strong></span> <span class='ocrx_word' id='word_1_617' title='bbox 2321 4000 2418 4049; x_wconf 85' lang='lat' dir='ltr'><strong>tu,.</strong></span> <span class='ocrx_word' id='word_1_618' title='bbox 2447 3984 2500 4038; x_wconf 73' lang='grc' dir='ltr'>ε.</span> 
     </span>
    </p>
   </div>
   <div class='ocr_carea' id='block_1_81' title="bbox 572 4137 2058 4211">
    <p class='ocr_par' dir='ltr' id='par_1_81' title="bbox 572 4137 2058 4211">
     <span class='ocr_line' id='line_1_81' title="bbox 572 4137 2058 4211; baseline 0.004 -20"><span class='ocrx_word' id='word_1_619' title='bbox 572 4137 652 4211; x_wconf 76' lang='grc'><strong>(2)</strong></span> <span class='ocrx_word' id='word_1_620' title='bbox 690 4137 935 4211; x_wconf 76' lang='grc' dir='ltr'><strong>Ὄντων.</strong></span> <span class='ocrx_word' id='word_1_621' title='bbox 989 4138 1244 4196; x_wconf 86' lang='lat' dir='ltr'><strong>Fortasse</strong></span> <span class='ocrx_word' id='word_1_622' title='bbox 1277 4141 1449 4194; x_wconf 79' lang='grc' dir='ltr'>ὤτων.</span> <span class='ocrx_word' id='word_1_623' title='bbox 1484 4140 1617 4197; x_wconf 81' lang='lat' dir='ltr'><strong>Nam</strong></span> <span class='ocrx_word' id='word_1_624' title='bbox 1651 4142 1794 4211; x_wconf 90' lang='lat' dir='ltr'><strong>quod</strong></span> <span class='ocrx_word' id='word_1_625' title='bbox 1825 4142 2058 4198; x_wconf 89' lang='lat' dir='ltr'><strong>Combe-</strong></span> 
     </span>
    </p>
   </div>
   <div class='ocr_carea' id='block_1_82' title="bbox 499 4207 2058 4282">
    <p class='ocr_par' dir='ltr' id='par_1_82' title="bbox 499 4207 2058 4282">
     <span class='ocr_line' id='line_1_82' title="bbox 499 4207 2058 4282; baseline 0.001 -17"><span class='ocrx_word' id='word_1_626' title='bbox 499 4207 660 4282; x_wconf 59' lang='grc' dir='ltr'>θεῖνε</span> <span class='ocrx_word' id='word_1_627' title='bbox 687 4210 942 4282; x_wconf 78' lang='lat' dir='ltr'><strong>emendat</strong></span> <span class='ocrx_word' id='word_1_628' title='bbox 966 4211 1222 4265; x_wconf 83' lang='lat' dir='ltr'><strong>audacter</strong></span> <span class='ocrx_word' id='word_1_629' title='bbox 1242 4211 1566 4282; x_wconf 56' lang='lat' dir='ltr'><strong>direpti)an,</strong></span> <span class='ocrx_word' id='word_1_630' title='bbox 1603 4207 1764 4281; x_wconf 82' lang='lat' dir='ltr'><strong>idque</strong></span> <span class='ocrx_word' id='word_1_631' title='bbox 1804 4213 1856 4266; x_wconf 90' lang='lat' dir='ltr'><strong>in</strong></span> <span class='ocrx_word' id='word_1_632' title='bbox 1889 4224 2058 4279; x_wconf 82' lang='lat' dir='ltr'><strong>textu,</strong></span> 
     </span>
    </p>
   </div>
   <div class='ocr_carea' id='block_1_83' title="bbox 498 4279 2060 4348">
    <p class='ocr_par' dir='ltr' id='par_1_83' title="bbox 498 4279 2060 4348">
     <span class='ocr_line' id='line_1_83' title="bbox 498 4279 2060 4348; baseline 0.002 -14"><span class='ocrx_word' id='word_1_633' title='bbox 498 4279 641 4334; x_wconf 87' lang='lat' dir='ltr'><strong>mihi</strong></span> <span class='ocrx_word' id='word_1_634' title='bbox 667 4289 776 4333; x_wconf 80' lang='lat' dir='ltr'><strong>non</strong></span> <span class='ocrx_word' id='word_1_635' title='bbox 804 4279 1001 4348; x_wconf 84' lang='lat' dir='ltr'><strong>placet,</strong></span> <span class='ocrx_word' id='word_1_636' title='bbox 1036 4296 1160 4334; x_wconf 91' lang='lat' dir='ltr'><strong>cum</strong></span> <span class='ocrx_word' id='word_1_637' title='bbox 1202 4279 1428 4334; x_wconf 84' lang='lat' dir='ltr'><strong>nimium</strong></span> <span class='ocrx_word' id='word_1_638' title='bbox 1459 4282 1618 4336; x_wconf 89' lang='lat' dir='ltr'><strong>abeat</strong></span> <span class='ocrx_word' id='word_1_639' title='bbox 1651 4279 1689 4335; x_wconf 60' lang='grc' dir='ltr'><strong>ιι</strong></span> <span class='ocrx_word' id='word_1_640' title='bbox 1711 4291 1949 4337; x_wconf 79' lang='lat' dir='ltr'><strong>veterum</strong></span> <span class='ocrx_word' id='word_1_641' title='bbox 1994 4285 2060 4337; x_wconf 69' lang='grc' dir='ltr'><strong>Ιιά</strong></span> 
     </span>
    </p>
   </div>
   <div class='ocr_carea' id='block_1_84' title="bbox 501 4347 2056 4418">
    <p class='ocr_par' dir='ltr' id='par_1_84' title="bbox 501 4347 2056 4418">
     <span class='ocr_line' id='line_1_84' title="bbox 501 4347 2056 4418; baseline 0.003 -17"><span class='ocrx_word' id='word_1_642' title='bbox 501 4347 727 4418; x_wconf 72' lang='lat' dir='ltr'><strong>brorum</strong></span> <span class='ocrx_word' id='word_1_643' title='bbox 758 4347 1050 4418; x_wconf 85' lang='lat' dir='ltr'><strong>scriptura.</strong></span> <span class='ocrx_word' id='word_1_644' title='bbox 1081 4349 1512 4405; x_wconf 66' lang='lat' dir='ltr'><strong>Gem—Notum</strong></span> <span class='ocrx_word' id='word_1_645' title='bbox 1536 4362 1714 4405; x_wconf 89' lang='lat' dir='ltr'><strong>tamen</strong></span> <span class='ocrx_word' id='word_1_646' title='bbox 1745 4362 1829 4406; x_wconf 90' lang='lat' dir='ltr'><strong>est</strong></span> <span class='ocrx_word' id='word_1_647' title='bbox 1851 4353 1902 4405; x_wconf 89' lang='lat' dir='ltr'><strong>in</strong></span> <span class='ocrx_word' id='word_1_648' title='bbox 1927 4369 2056 4406; x_wconf 91' lang='lat' dir='ltr'><strong>mss.</strong></span> 
     </span>
    </p>
   </div>
   <div class='ocr_carea' id='block_1_85' title="bbox 500 4416 2062 4540">
    <p class='ocr_par' dir='ltr' id='par_1_85' title="bbox 500 4416 2062 4540">
     <span class='ocr_line' id='line_1_85' title="bbox 500 4416 2062 4540; baseline 0.003 -68"><span class='ocrx_word' id='word_1_649' title='bbox 500 4416 814 4540; x_wconf 40' lang='lat' dir='ltr'><strong>frequetl‘rter</strong></span> <span class='ocrx_word' id='word_1_650' title='bbox 845 4416 938 4488; x_wconf 81' lang='lat' dir='ltr'><strong>per</strong></span> <span class='ocrx_word' id='word_1_651' title='bbox 970 4420 1351 4490; x_wconf 86' lang='lat' dir='ltr'><strong>compendium</strong></span> <span class='ocrx_word' id='word_1_652' title='bbox 1379 4421 1544 4476; x_wconf 88' lang='lat' dir='ltr'><strong>scribi</strong></span> <span class='ocrx_word' id='word_1_653' title='bbox 1573 4439 1714 4475; x_wconf 89' lang='grc' dir='ltr'>ανων</span> <span class='ocrx_word' id='word_1_654' title='bbox 1738 4437 1835 4491; x_wconf 91' lang='lat' dir='ltr'><strong>pro</strong></span> <span class='ocrx_word' id='word_1_655' title='bbox 1855 4421 2062 4494; x_wconf 84' lang='grc' dir='ltr'>ἀνθρώ-</span> 
     </span>
     <span class='ocr_line' id='line_1_86' title="bbox 501 4503 917 4540; baseline 0 0"><span class='ocrx_word' id='word_1_656' title='bbox 501 4503 623 4540; x_wconf 86' lang='grc' dir='ltr'><strong>πων</strong></span> <span class='ocrx_word' id='word_1_657' title='bbox 654 4529 669 4540; x_wconf 88' lang='grc'>.</span> <span class='ocrx_word' id='word_1_658' title='bbox 742 4503 917 4540; x_wconf 76' lang='lat' dir='ltr'><strong>ABBIC.</strong></span> 
     </span>
    </p>
   </div>
   <div class='ocr_carea' id='block_1_86' title="bbox 501 4503 917 4544">
    <p class='ocr_par' dir='ltr' id='par_1_86' title="bbox 501 4503 917 4544">
     <span class='ocr_line' id='line_1_87' title="bbox 501 4503 917 4544; baseline -0.002 -4"><span class='ocrx_word' id='word_1_659' title='bbox 501 4503 623 4542; x_wconf 86' lang='grc' dir='ltr'><strong>πων</strong></span> <span class='ocrx_word' id='word_1_660' title='bbox 654 4529 669 4542; x_wconf 92' lang='grc'><strong>.</strong></span> <span class='ocrx_word' id='word_1_661' title='bbox 698 4503 728 4540; x_wconf 69' lang='grc' dir='ltr'>ι*</span> <span class='ocrx_word' id='word_1_662' title='bbox 742 4503 917 4544; x_wconf 78' lang='lat' dir='ltr'><strong>ABBIC.</strong></span> 
     </span>
    </p>
   </div>
   <div class='ocr_carea' id='block_1_87' title="bbox 601 4556 1473 4622">
    <p class='ocr_par' dir='ltr' id='par_1_87' title="bbox 601 4556 1473 4622">
     <span class='ocr_line' id='line_1_88' title="bbox 601 4556 1473 4622; baseline 0.006 -12"><span class='ocrx_word' id='word_1_663' title='bbox 601 4559 654 4622; x_wconf 80' lang='lat'><strong>3)</strong></span> <span class='ocrx_word' id='word_1_664' title='bbox 693 4558 866 4613; x_wconf 84' lang='grc' dir='ltr'>Ἤτω.</span> <span class='ocrx_word' id='word_1_665' title='bbox 897 4556 1090 4613; x_wconf 79' lang='lat' dir='ltr'><strong>Melius</strong></span> <span class='ocrx_word' id='word_1_666' title='bbox 1119 4558 1294 4614; x_wconf 80' lang='grc' dir='ltr'>ἔσται.</span> <span class='ocrx_word' id='word_1_667' title='bbox 1335 4559 1473 4616; x_wconf 82' lang='lat' dir='ltr'><strong>GUD.</strong></span> 
     </span>
    </p>
   </div>
   <div class='ocr_carea' id='block_1_88' title="bbox 573 4559 2066 4704">
    <p class='ocr_par' dir='ltr' id='par_1_88' title="bbox 573 4559 2066 4704">
     <span class='ocr_line' id='line_1_89' title="bbox 601 4559 1473 4622; baseline 0.006 -12"><span class='ocrx_word' id='word_1_668' title='bbox 601 4559 654 4622; x_wconf 80' lang='lat'><strong>3)</strong></span> <span class='ocrx_word' id='word_1_669' title='bbox 693 4559 866 4613; x_wconf 84' lang='grc' dir='ltr'>Ἤτω.</span> <span class='ocrx_word' id='word_1_670' title='bbox 897 4559 1090 4613; x_wconf 80' lang='lat' dir='ltr'><strong>Melius</strong></span> <span class='ocrx_word' id='word_1_671' title='bbox 1119 4559 1294 4614; x_wconf 79' lang='grc' dir='ltr'>ἔσται.</span> <span class='ocrx_word' id='word_1_672' title='bbox 1335 4559 1473 4616; x_wconf 82' lang='lat' dir='ltr'><strong>GUD.</strong></span> 
     </span>
     <span class='ocr_line' id='line_1_90' title="bbox 573 4559 2066 4704; baseline 0.003 -25"><span class='ocrx_word' id='word_1_673' title='bbox 573 4559 668 4704; x_wconf 47' lang='grc' dir='ltr'>ίιλ</span> <span class='ocrx_word' id='word_1_674' title='bbox 711 4626 809 4694; x_wconf 83' lang='grc' dir='ltr'>Ὣς</span> <span class='ocrx_word' id='word_1_675' title='bbox 834 4629 985 4704; x_wconf 65' lang='grc' dir='ltr'>πίων</span> <span class='ocrx_word' id='word_1_676' title='bbox 1011 4630 1236 4704; x_wconf 56' lang='grc' dir='ltr'>καᾷαρὰ</span> <span class='ocrx_word' id='word_1_677' title='bbox 1255 4629 1516 4704; x_wconf 25' lang='grc' dir='ltr'>τζῆαιιος.</span> <span class='ocrx_word' id='word_1_678' title='bbox 1547 4622 1625 4694; x_wconf 82' lang='grc' dir='ltr'>ὡς</span> <span class='ocrx_word' id='word_1_679' title='bbox 1645 4630 1822 4704; x_wconf 62' lang='grc' dir='ltr'>πίονι</span> <span class='ocrx_word' id='word_1_680' title='bbox 1854 4631 2066 4704; x_wconf 81' lang='grc' dir='ltr'>καθαρᾷ</span> 
     </span>
    </p>
   </div>
   <div class='ocr_carea' id='block_1_89' title="bbox 500 4694 2061 4774">
    <p class='ocr_par' dir='ltr' id='par_1_89' title="bbox 500 4694 2061 4774">
     <span class='ocr_line' id='line_1_91' title="bbox 500 4694 2061 4774; baseline 0.005 -25"><span class='ocrx_word' id='word_1_681' title='bbox 627 4694 766 4774; x_wconf 59' lang='lat' dir='ltr'><strong>Qun.</strong></span> <span class='ocrx_word' id='word_1_682' title='bbox 795 4727 862 4774; x_wconf 51' lang='grc' dir='ltr'><em>Τ</em></span> <span class='ocrx_word' id='word_1_683' title='bbox 896 4694 1402 4774; x_wconf 44' lang='lat' dir='ltr'><strong>Combeﬁs—iuslegit</strong></span> <span class='ocrx_word' id='word_1_684' title='bbox 1423 4694 1706 4774; x_wconf 66' lang='grc' dir='ltr'>ῶσπεροῦν</span> <span class='ocrx_word' id='word_1_685' title='bbox 1731 4703 1942 4773; x_wconf 81' lang='grc' dir='ltr'>καθαρᾷ</span> <span class='ocrx_word' id='word_1_686' title='bbox 1969 4694 2061 4774; x_wconf 49' lang='lat' dir='ltr'><strong>ff]:</strong></span> 
     </span>
    </p>
   </div>
   <div class='ocr_carea' id='block_1_90' title="bbox 503 4765 2062 4842">
    <p class='ocr_par' dir='ltr' id='par_1_90' title="bbox 503 4765 2062 4842">
     <span class='ocr_line' id='line_1_92' title="bbox 503 4765 2062 4842; baseline 0.005 -23"><span class='ocrx_word' id='word_1_687' title='bbox 503 4765 609 4842; x_wconf 64' lang='lat' dir='ltr'><strong>Sed</strong></span> <span class='ocrx_word' id='word_1_688' title='bbox 633 4765 929 4842; x_wconf 70' lang='lat' dir='ltr'><strong>legendum</strong></span> <span class='ocrx_word' id='word_1_689' title='bbox 958 4771 1180 4842; x_wconf 80' lang='lat' dir='ltr'><strong>omnino</strong></span> <span class='ocrx_word' id='word_1_690' title='bbox 1205 4770 1281 4834; x_wconf 86' lang='grc' dir='ltr'>ὡς</span> <span class='ocrx_word' id='word_1_691' title='bbox 1315 4765 1504 4842; x_wconf 62' lang='grc' dir='ltr'>πυρόν.</span> <span class='ocrx_word' id='word_1_692' title='bbox 1539 4765 1800 4842; x_wconf 77' lang='lat' dir='ltr'><strong>Videlicet</strong></span> <span class='ocrx_word' id='word_1_693' title='bbox 1831 4765 2062 4841; x_wconf 55' lang='lat' dir='ltr'><strong>paraliti-</strong></span> 
     </span>
    </p>
   </div>
   <div class='ocr_carea' id='block_1_91' title="bbox 501 4835 2057 4958">
    <p class='ocr_par' dir='ltr' id='par_1_91' title="bbox 501 4835 2057 4958">
     <span class='ocr_line' id='line_1_93' title="bbox 501 4835 2057 4912; baseline 0.006 -25"><span class='ocrx_word' id='word_1_694' title='bbox 501 4835 609 4889; x_wconf 85' lang='lat' dir='ltr'><strong>lam</strong></span> <span class='ocrx_word' id='word_1_695' title='bbox 633 4835 780 4889; x_wconf 85' lang='lat' dir='ltr'><strong>illam</strong></span> <span class='ocrx_word' id='word_1_696' title='bbox 810 4839 1066 4908; x_wconf 80' lang='lat' dir='ltr'><strong>respexit,</strong></span> <span class='ocrx_word' id='word_1_697' title='bbox 1099 4855 1221 4910; x_wconf 72' lang='lat' dir='ltr'><strong>qua:</strong></span> <span class='ocrx_word' id='word_1_698' title='bbox 1244 4841 1297 4894; x_wconf 89' lang='lat' dir='ltr'><strong>in</strong></span> <span class='ocrx_word' id='word_1_699' title='bbox 1330 4835 1619 4912; x_wconf 74' lang='lat' dir='ltr'><strong>Evangelio</strong></span> <span class='ocrx_word' id='word_1_700' title='bbox 1649 4852 1732 4897; x_wconf 91' lang='lat' dir='ltr'><strong>est</strong></span> <span class='ocrx_word' id='word_1_701' title='bbox 1761 4835 1921 4898; x_wconf 69' lang='lat' dir='ltr'><strong>Lucae</strong></span> <span class='ocrx_word' id='word_1_702' title='bbox 1941 4859 2057 4897; x_wconf 81' lang='lat' dir='ltr'><strong>vui.</strong></span> 
     </span>
     <span class='ocr_line' id='line_1_94' title="bbox 507 4904 868 4958; baseline 0 0"><span class='ocrx_word' id='word_1_703' title='bbox 507 4904 705 4958; x_wconf 55' lang='lat' dir='ltr'><strong>Tum.</strong></span> <span class='ocrx_word' id='word_1_704' title='bbox 743 4904 868 4958; x_wconf 67' lang='lat' dir='ltr'><strong>Fui.</strong></span> 
     </span>
    </p>
   </div>
   <div class='ocr_carea' id='block_1_92' title="bbox 553 4919 868 4968">
    <p class='ocr_par' dir='ltr' id='par_1_92' title="bbox 553 4919 868 4968">
     <span class='ocr_line' id='line_1_95' title="bbox 553 4919 868 4968; baseline 0 -10"><span class='ocrx_word' id='word_1_705' title='bbox 553 4919 705 4968; x_wconf 69' lang='lat' dir='ltr'><strong>ANAQ.</strong></span> <span class='ocrx_word' id='word_1_706' title='bbox 743 4919 868 4960; x_wconf 55' lang='grc' dir='ltr'><strong>[ΑΒ.</strong></span> 
     </span>
    </p>
   </div>
   <div class='ocr_carea' id='block_1_93' title="bbox 574 4975 2059 5051">
    <p class='ocr_par' dir='ltr' id='par_1_93' title="bbox 574 4975 2059 5051">
     <span class='ocr_line' id='line_1_96' title="bbox 574 4975 2059 5051; baseline 0.006 -22"><span class='ocrx_word' id='word_1_707' title='bbox 574 4975 652 5051; x_wconf 82' lang='lat'><strong>(_5)</strong></span> <span class='ocrx_word' id='word_1_708' title='bbox 674 4975 784 5042; x_wconf 85' lang='grc' dir='ltr'><strong>Τὰς</strong></span> <span class='ocrx_word' id='word_1_709' title='bbox 795 4977 1098 5046; x_wconf 80' lang='grc' dir='ltr'>βεϐήλους</span> <span class='ocrx_word' id='word_1_710' title='bbox 1125 4981 1507 5051; x_wconf 64' lang='grc' dir='ltr'>κενοφωνίας.</span> <span class='ocrx_word' id='word_1_711' title='bbox 1539 4979 1632 5036; x_wconf 89' lang='lat' dir='ltr'><strong>Sic</strong></span> <span class='ocrx_word' id='word_1_712' title='bbox 1651 4981 1850 5051; x_wconf 89' lang='lat' dir='ltr'><strong>ubique</strong></span> <span class='ocrx_word' id='word_1_713' title='bbox 1868 4983 2059 5039; x_wconf 72' lang='lat' dir='ltr'><strong>Grzeci.</strong></span> 
     </span>
    </p>
   </div>
   <div class='ocr_carea' id='block_1_94' title="bbox 2167 4141 3678 4223">
    <p class='ocr_par' dir='ltr' id='par_1_94' title="bbox 2167 4141 3678 4223">
     <span class='ocr_line' id='line_1_97' title="bbox 2167 4141 3678 4223; baseline -0.004 -22"><span class='ocrx_word' id='word_1_714' title='bbox 2167 4157 2306 4223; x_wconf 68' lang='lat' dir='ltr'><strong>teste</strong></span> <span class='ocrx_word' id='word_1_715' title='bbox 2328 4147 2368 4198; x_wconf 82' lang='grc' dir='ltr'>Τ</span> <span class='ocrx_word' id='word_1_716' title='bbox 2374 4146 2678 4223; x_wconf 40' lang='grc' dir='ltr'>Ιιθοάοιθιο.</span> <span class='ocrx_word' id='word_1_717' title='bbox 2689 4155 2891 4223; x_wconf 83' lang='lat' dir='ltr'><strong>pugnet</strong></span> <span class='ocrx_word' id='word_1_718' title='bbox 2916 4144 3175 4223; x_wconf 79' lang='lat' dir='ltr'><strong>adversus</strong></span> <span class='ocrx_word' id='word_1_719' title='bbox 3214 4144 3580 4223; x_wconf 72' lang='lat' dir='ltr'><strong>Simonianos,</strong></span> <span class='ocrx_word' id='word_1_720' title='bbox 3601 4141 3678 4223; x_wconf 75' lang='lat' dir='ltr'><strong>qui</strong></span> 
     </span>
    </p>
   </div>
   <div class='ocr_carea' id='block_1_95' title="bbox 2167 4215 3677 4286">
    <p class='ocr_par' dir='ltr' id='par_1_95' title="bbox 2167 4215 3677 4286">
     <span class='ocr_line' id='line_1_98' title="bbox 2167 4215 3677 4286; baseline -0.005 -15"><span class='ocrx_word' id='word_1_721' title='bbox 2167 4233 2226 4272; x_wconf 88' lang='lat' dir='ltr'><strong>se</strong></span> <span class='ocrx_word' id='word_1_722' title='bbox 2269 4215 2816 4286; x_wconf 79' lang='lat' dir='ltr'><strong>Gtiosticosvellent,</strong></span> <span class='ocrx_word' id='word_1_723' title='bbox 2862 4217 3053 4286; x_wconf 89' lang='lat' dir='ltr'><strong>majori</strong></span> <span class='ocrx_word' id='word_1_724' title='bbox 3089 4232 3193 4285; x_wconf 66' lang='lat' dir='ltr'><strong>prae</strong></span> <span class='ocrx_word' id='word_1_725' title='bbox 3235 4215 3446 4271; x_wconf 60' lang='lat' dir='ltr'><strong>caeteris</strong></span> <span class='ocrx_word' id='word_1_726' title='bbox 3486 4215 3677 4286; x_wconf 74' lang='lat' dir='ltr'><strong>scientia</strong></span> 
     </span>
    </p>
   </div>
   <div class='ocr_carea' id='block_1_96' title="bbox 2165 4282 3680 4356">
    <p class='ocr_par' dir='ltr' id='par_1_96' title="bbox 2165 4282 3680 4356">
     <span class='ocr_line' id='line_1_99' title="bbox 2165 4282 3680 4356; baseline -0.003 -16"><span class='ocrx_word' id='word_1_727' title='bbox 2165 4288 2418 4356; x_wconf 69' lang='lat' dir='ltr'><strong>praeditos</strong></span> <span class='ocrx_word' id='word_1_728' title='bbox 2434 4320 2449 4351; x_wconf 85' lang='lat'><strong>,</strong></span> <span class='ocrx_word' id='word_1_729' title='bbox 2476 4284 2658 4356; x_wconf 84' lang='lat' dir='ltr'><strong>divina</strong></span> <span class='ocrx_word' id='word_1_730' title='bbox 2696 4282 3022 4341; x_wconf 81' lang='lat' dir='ltr'><strong>revelatione</strong></span> <span class='ocrx_word' id='word_1_731' title='bbox 3043 4282 3119 4341; x_wconf 75' lang='lat' dir='ltr'><strong>eis</strong></span> <span class='ocrx_word' id='word_1_732' title='bbox 3142 4298 3362 4356; x_wconf 88' lang='lat' dir='ltr'><strong>accepta</strong></span> <span class='ocrx_word' id='word_1_733' title='bbox 3388 4295 3534 4340; x_wconf 72' lang='lat' dir='ltr'><strong>extra</strong></span> <span class='ocrx_word' id='word_1_734' title='bbox 3559 4282 3680 4356; x_wconf 79' lang='lat' dir='ltr'><strong>Scri-</strong></span> 
     </span>
    </p>
   </div>
   <div class='ocr_carea' id='block_1_97' title="bbox 2167 4353 3680 4426">
    <p class='ocr_par' dir='ltr' id='par_1_97' title="bbox 2167 4353 3680 4426">
     <span class='ocr_line' id='line_1_100' title="bbox 2167 4353 3680 4426; baseline -0.005 -16"><span class='ocrx_word' id='word_1_735' title='bbox 2167 4353 2376 4426; x_wconf 83' lang='lat' dir='ltr'><strong>pturas,</strong></span> <span class='ocrx_word' id='word_1_736' title='bbox 2405 4371 2500 4411; x_wconf 87' lang='lat' dir='ltr'><strong>seu</strong></span> <span class='ocrx_word' id='word_1_737' title='bbox 2543 4355 2678 4411; x_wconf 85' lang='lat' dir='ltr'><strong>alias</strong></span> <span class='ocrx_word' id='word_1_738' title='bbox 2723 4357 3036 4426; x_wconf 86' lang='lat' dir='ltr'><strong>traditiones</strong></span> <span class='ocrx_word' id='word_1_739' title='bbox 3086 4367 3173 4409; x_wconf 85' lang='lat' dir='ltr'><strong>aut</strong></span> <span class='ocrx_word' id='word_1_740' title='bbox 3213 4353 3573 4425; x_wconf 78' lang='lat' dir='ltr'><strong>apostolorum</strong></span> <span class='ocrx_word' id='word_1_741' title='bbox 3601 4353 3680 4404; x_wconf 90' lang='lat' dir='ltr'><strong>do-</strong></span> 
     </span>
    </p>
   </div>
   <div class='ocr_carea' id='block_1_98' title="bbox 2168 4425 3679 4498">
    <p class='ocr_par' dir='ltr' id='par_1_98' title="bbox 2168 4425 3679 4498">
     <span class='ocr_line' id='line_1_101' title="bbox 2168 4425 3679 4498; baseline -0.003 -20"><span class='ocrx_word' id='word_1_742' title='bbox 2168 4425 2396 4498; x_wconf 67' lang='lat' dir='ltr'><strong>ctrinam</strong></span> <span class='ocrx_word' id='word_1_743' title='bbox 2426 4443 2440 4479; x_wconf 89' lang='lat'><strong>:</strong></span> <span class='ocrx_word' id='word_1_744' title='bbox 2475 4440 2596 4494; x_wconf 67' lang='lat' dir='ltr'><strong>qua:</strong></span> <span class='ocrx_word' id='word_1_745' title='bbox 2626 4427 2848 4493; x_wconf 89' lang='lat' dir='ltr'><strong>proinde</strong></span> <span class='ocrx_word' id='word_1_746' title='bbox 2882 4425 3112 4498; x_wconf 77' lang='grc' dir='ltr'>βέϐηλος</span> <span class='ocrx_word' id='word_1_747' title='bbox 3145 4426 3500 4498; x_wconf 76' lang='grc' dir='ltr'>καινοφωνία,</span> <span class='ocrx_word' id='word_1_748' title='bbox 3529 4443 3546 4475; x_wconf 78' lang='grc' dir='ltr'><strong>ι</strong></span> <span class='ocrx_word' id='word_1_749' title='bbox 3577 4437 3679 4491; x_wconf 86' lang='lat' dir='ltr'><strong>pro-</strong></span> 
     </span>
    </p>
   </div>
   <div class='ocr_carea' id='block_1_99' title="bbox 2093 4481 3681 4565">
    <p class='ocr_par' dir='ltr' id='par_1_99' title="bbox 2093 4481 3681 4565">
     <span class='ocr_line' id='line_1_102' title="bbox 2093 4481 3681 4565; baseline -0.001 -16"><span class='ocrx_word' id='word_1_750' title='bbox 2093 4481 2138 4544; x_wconf 80' lang='lat' dir='ltr'><strong><em>D</em></strong></span> <span class='ocrx_word' id='word_1_751' title='bbox 2167 4495 2292 4549; x_wconf 87' lang='lat' dir='ltr'><strong>fana</strong></span> <span class='ocrx_word' id='word_1_752' title='bbox 2319 4481 2510 4549; x_wconf 73' lang='lat' dir='ltr'><strong>vocum</strong></span> <span class='ocrx_word' id='word_1_753' title='bbox 2541 4481 2774 4565; x_wconf 71' lang='lat' dir='ltr'><strong>novitas,</strong></span> <span class='ocrx_word' id='word_1_754' title='bbox 2811 4515 2829 4547; x_wconf 84' lang='grc'>›</span> <span class='ocrx_word' id='word_1_755' title='bbox 2871 4481 3016 4561; x_wconf 51' lang='lat' dir='ltr'><strong>crati</strong></span> <span class='ocrx_word' id='word_1_756' title='bbox 3050 4481 3250 4565; x_wconf 82' lang='lat' dir='ltr'><strong>alioqui</strong></span> <span class='ocrx_word' id='word_1_757' title='bbox 3285 4481 3550 4562; x_wconf 66' lang='lat' dir='ltr'><strong>superfluo</strong></span> <span class='ocrx_word' id='word_1_758' title='bbox 3571 4481 3681 4565; x_wconf 64' lang='lat' dir='ltr'><strong>pene</strong></span> 
     </span>
    </p>
   </div>
   <div class='ocr_carea' id='block_1_100' title="bbox 2169 4563 3678 4636">
    <p class='ocr_par' dir='ltr' id='par_1_100' title="bbox 2169 4563 3678 4636">
     <span class='ocr_line' id='line_1_103' title="bbox 2169 4563 3678 4636; baseline -0.005 -16"><span class='ocrx_word' id='word_1_759' title='bbox 2169 4565 2424 4635; x_wconf 89' lang='lat' dir='ltr'><strong>epitheto,</strong></span> <span class='ocrx_word' id='word_1_760' title='bbox 2475 4575 2533 4620; x_wconf 93' lang='lat' dir='ltr'><strong>ut</strong></span> <span class='ocrx_word' id='word_1_761' title='bbox 2577 4564 2996 4636; x_wconf 86' lang='lat' dir='ltr'><strong>Chrysostomus</strong></span> <span class='ocrx_word' id='word_1_762' title='bbox 3045 4563 3200 4636; x_wconf 76' lang='lat' dir='ltr'><strong>acute</strong></span> <span class='ocrx_word' id='word_1_763' title='bbox 3268 4567 3527 4619; x_wconf 89' lang='lat' dir='ltr'><strong>insinuat.</strong></span> <span class='ocrx_word' id='word_1_764' title='bbox 3583 4563 3678 4629; x_wconf 82' lang='lat' dir='ltr'><strong>ipsa</strong></span> 
     </span>
    </p>
   </div>
   <div class='ocr_carea' id='block_1_101' title="bbox 2166 4635 3680 4706">
    <p class='ocr_par' dir='ltr' id='par_1_101' title="bbox 2166 4635 3680 4706">
     <span class='ocr_line' id='line_1_104' title="bbox 2166 4635 3680 4706; baseline -0.003 -17"><span class='ocrx_word' id='word_1_765' title='bbox 2166 4637 2315 4706; x_wconf 83' lang='lat' dir='ltr'><strong>enim</strong></span> <span class='ocrx_word' id='word_1_766' title='bbox 2343 4651 2409 4689; x_wconf 82' lang='lat' dir='ltr'><strong>ex</strong></span> <span class='ocrx_word' id='word_1_767' title='bbox 2437 4651 2496 4690; x_wconf 83' lang='lat' dir='ltr'><strong>se</strong></span> <span class='ocrx_word' id='word_1_768' title='bbox 2526 4635 2894 4705; x_wconf 82' lang='grc' dir='ltr'>ματαιολογία,</span> <span class='ocrx_word' id='word_1_769' title='bbox 2921 4638 3064 4702; x_wconf 82' lang='lat' dir='ltr'><strong>quod</strong></span> <span class='ocrx_word' id='word_1_770' title='bbox 3092 4635 3523 4706; x_wconf 73' lang='lat' dir='ltr'><strong>Theophylaetus</strong></span> <span class='ocrx_word' id='word_1_771' title='bbox 3543 4646 3680 4699; x_wconf 78' lang='lat' dir='ltr'><strong>expo-</strong></span> 
     </span>
    </p>
   </div>
   <div class='ocr_carea' id='block_1_102' title="bbox 2167 4704 3677 4774">
    <p class='ocr_par' dir='ltr' id='par_1_102' title="bbox 2167 4704 3677 4774">
     <span class='ocr_line' id='line_1_105' title="bbox 2167 4704 3677 4774; baseline -0.005 -14"><span class='ocrx_word' id='word_1_772' title='bbox 2167 4705 2247 4760; x_wconf 87' lang='lat' dir='ltr'><strong>nit</strong></span> <span class='ocrx_word' id='word_1_773' title='bbox 2272 4704 2333 4757; x_wconf 84' lang='grc' dir='ltr'>τὺ</span> <span class='ocrx_word' id='word_1_774' title='bbox 2363 4704 2680 4774; x_wconf 76' lang='grc' dir='ltr'>κενοφωνία,</span> <span class='ocrx_word' id='word_1_775' title='bbox 2711 4723 2798 4760; x_wconf 92' lang='lat' dir='ltr'><strong>res</strong></span> <span class='ocrx_word' id='word_1_776' title='bbox 2827 4706 2963 4759; x_wconf 88' lang='lat' dir='ltr'><strong>mala</strong></span> <span class='ocrx_word' id='word_1_777' title='bbox 2992 4715 3072 4759; x_wconf 90' lang='lat' dir='ltr'><strong>est</strong></span> <span class='ocrx_word' id='word_1_778' title='bbox 3103 4713 3155 4759; x_wconf 86' lang='lat' dir='ltr'><strong>et</strong></span> <span class='ocrx_word' id='word_1_779' title='bbox 3187 4704 3434 4774; x_wconf 76' lang='lat' dir='ltr'><strong>profana.</strong></span> <span class='ocrx_word' id='word_1_780' title='bbox 3475 4705 3677 4774; x_wconf 64' lang='grc' dir='ltr'>ϐομβεῖ.</span> 
     </span>
    </p>
   </div>
   <div class='ocr_carea' id='block_1_103' title="bbox 2236 4771 3679 4845">
    <p class='ocr_par' dir='ltr' id='par_1_103' title="bbox 2236 4771 3679 4845">
     <span class='ocr_line' id='line_1_106' title="bbox 2236 4771 3679 4845; baseline -0.007 -15"><span class='ocrx_word' id='word_1_781' title='bbox 2236 4776 2312 4845; x_wconf 83' lang='grc'><strong>(6)</strong></span> <span class='ocrx_word' id='word_1_782' title='bbox 2346 4776 2448 4829; x_wconf 86' lang='grc' dir='ltr'>Διά</span> <span class='ocrx_word' id='word_1_783' title='bbox 2482 4771 2725 4830; x_wconf 60' lang='grc' dir='ltr'>πολλῶν·</span> <span class='ocrx_word' id='word_1_784' title='bbox 2757 4771 3210 4843; x_wconf 63' lang='grc' dir='ltr'>παρακλήσεωνζ</span> <span class='ocrx_word' id='word_1_785' title='bbox 3261 4775 3559 4845; x_wconf 82' lang='lat' dir='ltr'><strong>Singularis</strong></span> <span class='ocrx_word' id='word_1_786' title='bbox 3587 4771 3679 4845; x_wconf 67' lang='lat' dir='ltr'><strong>hmo</strong></span> 
     </span>
    </p>
   </div>
   <div class='ocr_carea' id='block_1_104' title="bbox 2163 4839 3681 4918">
    <p class='ocr_par' dir='ltr' id='par_1_104' title="bbox 2163 4839 3681 4918">
     <span class='ocr_line' id='line_1_107' title="bbox 2163 4839 3681 4918; baseline -0.001 -19"><span class='ocrx_word' id='word_1_787' title='bbox 2163 4839 2341 4918; x_wconf 76' lang='lat' dir='ltr'><strong>lectio,</strong></span> <span class='ocrx_word' id='word_1_788' title='bbox 2387 4862 2512 4901; x_wconf 88' lang='lat' dir='ltr'><strong>cum</strong></span> <span class='ocrx_word' id='word_1_789' title='bbox 2547 4861 2736 4918; x_wconf 88' lang='lat' dir='ltr'><strong>omnes</strong></span> <span class='ocrx_word' id='word_1_790' title='bbox 2765 4839 2911 4899; x_wconf 87' lang='lat' dir='ltr'><strong>nulla</strong></span> <span class='ocrx_word' id='word_1_791' title='bbox 2947 4839 3242 4900; x_wconf 85' lang='lat' dir='ltr'><strong>variatione</strong></span> <span class='ocrx_word' id='word_1_792' title='bbox 3277 4839 3560 4918; x_wconf 67' lang='grc' dir='ltr'>μαρτύρων</span> <span class='ocrx_word' id='word_1_793' title='bbox 3604 4839 3681 4898; x_wconf 71' lang='lat' dir='ltr'><strong>ha.-</strong></span> 
     </span>
    </p>
   </div>
   <div class='ocr_carea' id='block_1_105' title="bbox 2162 4914 3679 4985">
    <p class='ocr_par' dir='ltr' id='par_1_105' title="bbox 2162 4914 3679 4985">
     <span class='ocr_line' id='line_1_108' title="bbox 2162 4914 3679 4985; baseline -0.002 -16"><span class='ocrx_word' id='word_1_794' title='bbox 2162 4915 2344 4979; x_wconf 88' lang='lat' dir='ltr'><strong>beant,</strong></span> <span class='ocrx_word' id='word_1_795' title='bbox 2381 4935 2399 4967; x_wconf 76' lang='grc' dir='ltr'><strong>ι</strong></span> <span class='ocrx_word' id='word_1_796' title='bbox 2429 4932 2524 4985; x_wconf 90' lang='lat' dir='ltr'><strong>per</strong></span> <span class='ocrx_word' id='word_1_797' title='bbox 2552 4917 2749 4971; x_wconf 87' lang='lat' dir='ltr'><strong>multos</strong></span> <span class='ocrx_word' id='word_1_798' title='bbox 2773 4924 3032 4985; x_wconf 46' lang='lat' dir='ltr'><strong>testesL»</strong></span> <span class='ocrx_word' id='word_1_799' title='bbox 3070 4932 3189 4984; x_wconf 73' lang='lat' dir='ltr'><strong>qua:</strong></span> <span class='ocrx_word' id='word_1_800' title='bbox 3218 4914 3381 4970; x_wconf 82' lang='lat' dir='ltr'><strong>voces</strong></span> <span class='ocrx_word' id='word_1_801' title='bbox 3426 4914 3576 4985; x_wconf 83' lang='lat' dir='ltr'><strong>paulo</strong></span> <span class='ocrx_word' id='word_1_802' title='bbox 3612 4923 3679 4960; x_wconf 80' lang='lat' dir='ltr'><strong>re-</strong></span> 
     </span>
    </p>
   </div>
   <div class='ocr_carea' id='block_1_106' title="bbox 2163 4984 3677 5056">
    <p class='ocr_par' dir='ltr' id='par_1_106' title="bbox 2163 4984 3677 5056">
     <span class='ocr_line' id='line_1_109' title="bbox 2163 4984 3677 5056; baseline -0.005 -18"><span class='ocrx_word' id='word_1_803' title='bbox 2163 4984 2444 5040; x_wconf 30' lang='lat' dir='ltr'><strong>motiores’</strong></span> <span class='ocrx_word' id='word_1_804' title='bbox 2468 4995 2624 5052; x_wconf 89' lang='lat' dir='ltr'><strong>sunt;</strong></span> <span class='ocrx_word' id='word_1_805' title='bbox 2658 4988 2771 5040; x_wconf 87' lang='lat' dir='ltr'><strong>sive</strong></span> <span class='ocrx_word' id='word_1_806' title='bbox 2802 4987 2935 5056; x_wconf 87' lang='lat' dir='ltr'><strong>alias</strong></span> <span class='ocrx_word' id='word_1_807' title='bbox 2966 4984 3247 5056; x_wconf 75' lang='lat' dir='ltr'><strong>Hippolyto</strong></span> <span class='ocrx_word' id='word_1_808' title='bbox 3273 4986 3461 5040; x_wconf 81' lang='lat' dir='ltr'><strong>incidit</strong></span> <span class='ocrx_word' id='word_1_809' title='bbox 3499 4993 3677 5056; x_wconf 78' lang='lat' dir='ltr'><strong>mento-</strong></span> 
     </span>
    </p>
   </div>
   <div class='ocr_carea' id='block_1_107' title="bbox 500 5041 2054 5120">
    <p class='ocr_par' dir='ltr' id='par_1_107' title="bbox 500 5041 2054 5120">
     <span class='ocr_line' id='line_1_110' title="bbox 500 5041 2054 5120; baseline 0.004 -20"><span class='ocrx_word' id='word_1_810' title='bbox 500 5041 664 5114; x_wconf 75' lang='lat' dir='ltr'><strong>Vulg.</strong></span> <span class='ocrx_word' id='word_1_811' title='bbox 697 5041 878 5120; x_wconf 84' lang='lat' dir='ltr'><strong>tamen</strong></span> <span class='ocrx_word' id='word_1_812' title='bbox 907 5041 1416 5120; x_wconf 63' lang='grc' dir='ltr'>καινοῴωνίαςίεείι</span> <span class='ocrx_word' id='word_1_813' title='bbox 1437 5041 1694 5107; x_wconf 70' lang='grc' dir='ltr'>εἀνοοιιιη</span> <span class='ocrx_word' id='word_1_814' title='bbox 1725 5041 2009 5120; x_wconf 76' lang='lat' dir='ltr'><strong>novitates,</strong></span> <span class='ocrx_word' id='word_1_815' title='bbox 2035 5073 2054 5106; x_wconf 75' lang='grc' dir='ltr'><strong>ι</strong></span> 
     </span>
    </p>
   </div>
   <div class='ocr_carea' id='block_1_108' title="bbox 499 5117 2062 5186">
    <p class='ocr_par' dir='ltr' id='par_1_108' title="bbox 499 5117 2062 5186">
     <span class='ocr_line' id='line_1_111' title="bbox 499 5117 2062 5186; baseline 0.006 -17"><span class='ocrx_word' id='word_1_816' title='bbox 499 5130 607 5170; x_wconf 87' lang='lat' dir='ltr'><strong>non</strong></span> <span class='ocrx_word' id='word_1_817' title='bbox 647 5135 665 5167; x_wconf 75' lang='grc' dir='ltr'><strong>ε</strong></span> <span class='ocrx_word' id='word_1_818' title='bbox 697 5117 984 5186; x_wconf 85' lang='lat' dir='ltr'><strong>vanitates,</strong></span> <span class='ocrx_word' id='word_1_819' title='bbox 1018 5138 1037 5172; x_wconf 76' lang='grc' dir='ltr'><strong>ι</strong></span> <span class='ocrx_word' id='word_1_820' title='bbox 1073 5117 1166 5173; x_wconf 71' lang='lat' dir='ltr'><strong>Seu</strong></span> <span class='ocrx_word' id='word_1_821' title='bbox 1190 5139 1208 5171; x_wconf 75' lang='grc' dir='ltr'><strong>ι</strong></span> <span class='ocrx_word' id='word_1_822' title='bbox 1242 5117 1592 5184; x_wconf 65' lang='lat' dir='ltr'><strong>inanitates,»</strong></span> <span class='ocrx_word' id='word_1_823' title='bbox 1630 5130 1686 5176; x_wconf 92' lang='lat' dir='ltr'><strong>ut</strong></span> <span class='ocrx_word' id='word_1_824' title='bbox 1711 5117 2062 5178; x_wconf 82' lang='lat' dir='ltr'><strong>redditEras-</strong></span> 
     </span>
    </p>
   </div>
   <div class='ocr_carea' id='block_1_109' title="bbox 500 5187 2060 5264">
    <p class='ocr_par' dir='ltr' id='par_1_109' title="bbox 500 5187 2060 5264">
     <span class='ocr_line' id='line_1_112' title="bbox 500 5187 2060 5264; baseline 0.005 -24"><span class='ocrx_word' id='word_1_825' title='bbox 500 5201 657 5252; x_wconf 83' lang='lat' dir='ltr'><strong>mus;</strong></span> <span class='ocrx_word' id='word_1_826' title='bbox 677 5187 1030 5264; x_wconf 27' lang='lat' dir='ltr'><strong>_s_icque,‘_p_er</strong></span> <span class='ocrx_word' id='word_1_827' title='bbox 1054 5206 1123 5264; x_wconf 59' lang='lat' dir='ltr'><strong>att</strong></span> <span class='ocrx_word' id='word_1_828' title='bbox 1136 5190 1329 5264; x_wconf 82' lang='lat' dir='ltr'><strong>legisse</strong></span> <span class='ocrx_word' id='word_1_829' title='bbox 1352 5191 1830 5264; x_wconf 62' lang='lat' dir='ltr'><strong>Chrysoslomum,</strong></span> <span class='ocrx_word' id='word_1_830' title='bbox 1855 5209 1918 5248; x_wconf 79' lang='lat' dir='ltr'><strong>ex</strong></span> <span class='ocrx_word' id='word_1_831' title='bbox 1942 5195 2060 5264; x_wconf 84' lang='lat' dir='ltr'><strong>ejus</strong></span> 
     </span>
    </p>
   </div>
   <div class='ocr_carea' id='block_1_110' title="bbox 499 5257 2052 5334">
    <p class='ocr_par' dir='ltr' id='par_1_110' title="bbox 499 5257 2052 5334">
     <span class='ocr_line' id='line_1_113' title="bbox 499 5257 2052 5334; baseline 0.003 -23"><span class='ocrx_word' id='word_1_832' title='bbox 499 5257 846 5334; x_wconf 60' lang='lat' dir='ltr'><strong>g}positione</strong></span> <span class='ocrx_word' id='word_1_833' title='bbox 872 5259 976 5334; x_wconf 72' lang='lat' dir='ltr'><strong>sibi</strong></span> <span class='ocrx_word' id='word_1_834' title='bbox 1000 5257 1255 5334; x_wconf 61' lang='lat' dir='ltr'><strong>colligere</strong></span> <span class='ocrx_word' id='word_1_835' title='bbox 1278 5257 2052 5334; x_wconf 75' lang='lat' dir='ltr'><strong>videtur&#39;l‘heOphylactus.&quot;0</strong></span> 
     </span>
    </p>
   </div>
   <div class='ocr_carea' id='block_1_111' title="bbox 497 5324 2061 5412">
    <p class='ocr_par' dir='ltr' id='par_1_111' title="bbox 497 5324 2061 5412">
     <span class='ocr_line' id='line_1_114' title="bbox 497 5324 2061 5412; baseline 0.005 -34"><span class='ocrx_word' id='word_1_836' title='bbox 497 5324 560 5379; x_wconf 81' lang='grc' dir='ltr'>δὲ</span> <span class='ocrx_word' id='word_1_837' title='bbox 575 5324 864 5412; x_wconf 65' lang='grc' dir='ltr'>μακάριυὲ</span> <span class='ocrx_word' id='word_1_838' title='bbox 899 5324 1159 5412; x_wconf 49' lang='grc' dir='ltr'>Ἰωάννης</span> <span class='ocrx_word' id='word_1_839' title='bbox 1167 5330 1265 5393; x_wconf 84' lang='grc' dir='ltr'>τὰς</span> <span class='ocrx_word' id='word_1_840' title='bbox 1285 5331 1550 5412; x_wconf 56' lang='grc' dir='ltr'>νεωτέρας</span> <span class='ocrx_word' id='word_1_841' title='bbox 1576 5324 1920 5412; x_wconf 78' lang='grc' dir='ltr'>παραῖνέσεις</span> <span class='ocrx_word' id='word_1_842' title='bbox 1940 5351 2061 5387; x_wconf 87' lang='grc' dir='ltr'>και-</span> 
     </span>
    </p>
   </div>
   <div class='ocr_carea' id='block_1_112' title="bbox 498 5392 2055 5473">
    <p class='ocr_par' dir='ltr' id='par_1_112' title="bbox 498 5392 2055 5473">
     <span class='ocr_line' id='line_1_115' title="bbox 498 5392 2055 5473; baseline 0.005 -25"><span class='ocrx_word' id='word_1_843' title='bbox 498 5392 764 5473; x_wconf 64' lang='grc' dir='ltr'>νοφωνίαξ</span> <span class='ocrx_word' id='word_1_844' title='bbox 793 5392 941 5473; x_wconf 65' lang='grc' dir='ltr'>εἷπε,</span> <span class='ocrx_word' id='word_1_845' title='bbox 968 5399 1054 5452; x_wconf 85' lang='grc' dir='ltr'>διὰ</span> <span class='ocrx_word' id='word_1_846' title='bbox 1077 5392 1175 5471; x_wconf 75' lang='grc' dir='ltr'>τῆς</span> <span class='ocrx_word' id='word_1_847' title='bbox 1205 5392 1262 5454; x_wconf 85' lang='grc' dir='ltr'><strong>αι</strong></span> <span class='ocrx_word' id='word_1_848' title='bbox 1289 5392 1576 5470; x_wconf 77' lang='grc' dir='ltr'>διφθόγγου</span> <span class='ocrx_word' id='word_1_849' title='bbox 1602 5392 1669 5455; x_wconf 79' lang='grc' dir='ltr'>τὸ’</span> <span class='ocrx_word' id='word_1_850' title='bbox 1689 5420 1780 5456; x_wconf 85' lang='grc' dir='ltr'><strong>και</strong></span> <span class='ocrx_word' id='word_1_851' title='bbox 1811 5392 2055 5473; x_wconf 68' lang='grc' dir='ltr'>γράφων,</span> 
     </span>
    </p>
   </div>
   <div class='ocr_carea' id='block_1_113' title="bbox 497 5466 2050 5551">
    <p class='ocr_par' dir='ltr' id='par_1_113' title="bbox 497 5466 2050 5551">
     <span class='ocr_line' id='line_1_116' title="bbox 497 5466 2050 5551; baseline 0.007 -33"><span class='ocrx_word' id='word_1_852' title='bbox 497 5466 574 5530; x_wconf 84' lang='grc' dir='ltr'>ὡς</span> <span class='ocrx_word' id='word_1_853' title='bbox 616 5467 790 5551; x_wconf 44' lang='grc' dir='ltr'>ἔοικε..</span> <span class='ocrx_word' id='word_1_854' title='bbox 828 5487 847 5520; x_wconf 72' lang='grc' dir='ltr'><strong>ι</strong></span> <span class='ocrx_word' id='word_1_855' title='bbox 881 5466 1594 5551; x_wconf 41' lang='lat' dir='ltr'><strong>C‘hrysostomus“recentes</strong></span> <span class='ocrx_word' id='word_1_856' title='bbox 1644 5466 2050 5551; x_wconf 58' lang='lat' dir='ltr'><strong>adhortationes</strong></span> 
     </span>
    </p>
   </div>
   <div class='ocr_carea' id='block_1_114' title="bbox 498 5538 2054 5610">
    <p class='ocr_par' dir='ltr' id='par_1_114' title="bbox 498 5538 2054 5610">
     <span class='ocr_line' id='line_1_117' title="bbox 498 5538 2054 5610; baseline 0.006 -24"><span class='ocrx_word' id='word_1_857' title='bbox 498 5538 858 5610; x_wconf 75' lang='grc' dir='ltr'>καινοφωνίας</span> <span class='ocrx_word' id='word_1_858' title='bbox 905 5538 1041 5594; x_wconf 82' lang='lat' dir='ltr'><strong>dixit</strong></span> <span class='ocrx_word' id='word_1_859' title='bbox 1067 5555 1160 5609; x_wconf 88' lang='lat' dir='ltr'><strong>per</strong></span> <span class='ocrx_word' id='word_1_860' title='bbox 1214 5557 1270 5592; x_wconf 89' lang='grc' dir='ltr'><strong>αι</strong></span> <span class='ocrx_word' id='word_1_861' title='bbox 1300 5539 1689 5610; x_wconf 85' lang='lat' dir='ltr'><strong>diphthongum</strong></span> <span class='ocrx_word' id='word_1_862' title='bbox 1721 5544 1962 5597; x_wconf 84' lang='lat' dir='ltr'><strong>scribens</strong></span> <span class='ocrx_word' id='word_1_863' title='bbox 2001 5544 2054 5596; x_wconf 92' lang='lat' dir='ltr'><strong>in</strong></span> 
     </span>
    </p>
   </div>
   <div class='ocr_carea' id='block_1_115' title="bbox 499 5608 2056 5677">
    <p class='ocr_par' dir='ltr' id='par_1_115' title="bbox 499 5608 2056 5677">
     <span class='ocr_line' id='line_1_118' title="bbox 499 5608 2056 5677; baseline 0.005 -19"><span class='ocrx_word' id='word_1_864' title='bbox 499 5609 674 5673; x_wconf 64' lang='lat' dir='ltr'><strong>prima</strong></span> <span class='ocrx_word' id='word_1_865' title='bbox 718 5608 951 5677; x_wconf 81' lang='lat' dir='ltr'><strong>syllaba,</strong></span> <span class='ocrx_word' id='word_1_866' title='bbox 999 5608 1312 5664; x_wconf 28' lang='lat' dir='ltr'><strong>ut’videtur.</strong></span> <span class='ocrx_word' id='word_1_867' title='bbox 1347 5608 1366 5660; x_wconf 61' lang='grc' dir='ltr'><strong>ι</strong></span> <span class='ocrx_word' id='word_1_868' title='bbox 1409 5610 1510 5664; x_wconf 89' lang='lat' dir='ltr'><strong>Cui</strong></span> <span class='ocrx_word' id='word_1_869' title='bbox 1555 5608 1826 5666; x_wconf 79' lang='lat' dir='ltr'><strong>contrario</strong></span> <span class='ocrx_word' id='word_1_870' title='bbox 1858 5611 2056 5666; x_wconf 85' lang='lat' dir='ltr'><strong>funda-</strong></span> 
     </span>
    </p>
   </div>
   <div class='ocr_carea' id='block_1_116' title="bbox 502 5679 2053 5750">
    <p class='ocr_par' dir='ltr' id='par_1_116' title="bbox 502 5679 2053 5750">
     <span class='ocr_line' id='line_1_119' title="bbox 502 5679 2053 5750; baseline 0.005 -24"><span class='ocrx_word' id='word_1_871' title='bbox 502 5685 681 5750; x_wconf 74' lang='lat' dir='ltr'><strong>mento</strong></span> <span class='ocrx_word' id='word_1_872' title='bbox 717 5679 805 5730; x_wconf 84' lang='lat' dir='ltr'><strong>alii</strong></span> <span class='ocrx_word' id='word_1_873' title='bbox 851 5679 1130 5743; x_wconf 89' lang='lat' dir='ltr'><strong>nituntur,</strong></span> <span class='ocrx_word' id='word_1_874' title='bbox 1165 5690 1223 5733; x_wconf 90' lang='lat' dir='ltr'><strong>ut</strong></span> <span class='ocrx_word' id='word_1_875' title='bbox 1260 5679 1500 5734; x_wconf 65' lang='lat' dir='ltr'><strong>Graecam</strong></span> <span class='ocrx_word' id='word_1_876' title='bbox 1541 5682 1810 5750; x_wconf 79' lang='lat' dir='ltr'><strong>vulgatam</strong></span> <span class='ocrx_word' id='word_1_877' title='bbox 1862 5691 2053 5734; x_wconf 86' lang='lat' dir='ltr'><strong>tuean-</strong></span> 
     </span>
    </p>
   </div>
   <div class='ocr_carea' id='block_1_117' title="bbox 457 5747 2051 5820">
    <p class='ocr_par' dir='ltr' id='par_1_117' title="bbox 457 5747 2051 5820">
     <span class='ocr_line' id='line_1_120' title="bbox 457 5747 2051 5820; baseline 0.004 -22"><span class='ocrx_word' id='word_1_878' title='bbox 457 5771 461 5775; x_wconf 83' lang='lat'><strong>~</strong></span> <span class='ocrx_word' id='word_1_879' title='bbox 503 5753 614 5798; x_wconf 74' lang='lat' dir='ltr'><strong>tur.</strong></span> <span class='ocrx_word' id='word_1_880' title='bbox 641 5747 897 5802; x_wconf 78' lang='lat' dir='ltr'><strong>Neutrum</strong></span> <span class='ocrx_word' id='word_1_881' title='bbox 925 5761 1069 5806; x_wconf 88' lang='lat' dir='ltr'><strong>certe</strong></span> <span class='ocrx_word' id='word_1_882' title='bbox 1087 5750 1376 5804; x_wconf 87' lang='lat' dir='ltr'><strong>abhorreat</strong></span> <span class='ocrx_word' id='word_1_883' title='bbox 1393 5765 1421 5804; x_wconf 88' lang='lat' dir='ltr'><strong>a</strong></span> <span class='ocrx_word' id='word_1_884' title='bbox 1445 5759 1622 5806; x_wconf 85' lang='lat' dir='ltr'><strong>mente</strong></span> <span class='ocrx_word' id='word_1_885' title='bbox 1638 5747 1910 5820; x_wconf 76' lang='grc' dir='ltr'>Ἁροειοῑί.</span> <span class='ocrx_word' id='word_1_886' title='bbox 1927 5766 2051 5807; x_wconf 89' lang='lat' dir='ltr'><strong>cum</strong></span> 
     </span>
    </p>
   </div>
   <div class='ocr_carea' id='block_1_118' title="bbox 2162 5053 3679 5125">
    <p class='ocr_par' dir='ltr' id='par_1_118' title="bbox 2162 5053 3679 5125">
     <span class='ocr_line' id='line_1_121' title="bbox 2162 5053 3679 5125; baseline -0.005 -17"><span class='ocrx_word' id='word_1_887' title='bbox 2162 5056 2255 5110; x_wconf 64' lang='lat' dir='ltr'><strong>riae</strong></span> <span class='ocrx_word' id='word_1_888' title='bbox 2284 5057 2487 5124; x_wconf 86' lang='lat' dir='ltr'><strong>lapsus,</strong></span> <span class='ocrx_word' id='word_1_889' title='bbox 2522 5057 2636 5110; x_wconf 88' lang='lat' dir='ltr'><strong>sive</strong></span> <span class='ocrx_word' id='word_1_890' title='bbox 2666 5055 2945 5125; x_wconf 84' lang='lat' dir='ltr'><strong>excodice</strong></span> <span class='ocrx_word' id='word_1_891' title='bbox 2974 5053 3243 5108; x_wconf 54' lang='lat' dir='ltr'><strong>et&#39;littera</strong></span> <span class='ocrx_word' id='word_1_892' title='bbox 3272 5072 3395 5124; x_wconf 69' lang='lat' dir='ltr'><strong>qua:</strong></span> <span class='ocrx_word' id='word_1_893' title='bbox 3423 5053 3570 5108; x_wconf 83' lang='lat' dir='ltr'><strong>nobis</strong></span> <span class='ocrx_word' id='word_1_894' title='bbox 3600 5064 3679 5125; x_wconf 46' lang='lat' dir='ltr'><strong>ex:</strong></span> 
     </span>
    </p>
   </div>
   <div class='ocr_carea' id='block_1_119' title="bbox 2161 5124 3677 5194">
    <p class='ocr_par' dir='ltr' id='par_1_119' title="bbox 2161 5124 3677 5194">
     <span class='ocr_line' id='line_1_122' title="bbox 2161 5124 3677 5194; baseline -0.005 -15"><span class='ocrx_word' id='word_1_895' title='bbox 2161 5126 2372 5188; x_wconf 89' lang='lat' dir='ltr'><strong>ciderit,</strong></span> <span class='ocrx_word' id='word_1_896' title='bbox 2407 5127 2478 5179; x_wconf 78' lang='lat' dir='ltr'><strong>ita</strong></span> <span class='ocrx_word' id='word_1_897' title='bbox 2501 5125 2687 5180; x_wconf 88' lang='lat' dir='ltr'><strong>refert.</strong></span> <span class='ocrx_word' id='word_1_898' title='bbox 2721 5124 2786 5178; x_wconf 84' lang='lat' dir='ltr'><strong>Et</strong></span> <span class='ocrx_word' id='word_1_899' title='bbox 2812 5137 2955 5180; x_wconf 81' lang='lat' dir='ltr'><strong>certe</strong></span> <span class='ocrx_word' id='word_1_900' title='bbox 2983 5126 3070 5179; x_wconf 89' lang='lat' dir='ltr'><strong>illa</strong></span> <span class='ocrx_word' id='word_1_901' title='bbox 3106 5140 3208 5179; x_wconf 85' lang='lat' dir='ltr'><strong>vox</strong></span> <span class='ocrx_word' id='word_1_902' title='bbox 3253 5126 3340 5180; x_wconf 89' lang='lat' dir='ltr'><strong>hic</strong></span> <span class='ocrx_word' id='word_1_903' title='bbox 3365 5135 3506 5194; x_wconf 85' lang='lat' dir='ltr'><strong>apta,</strong></span> <span class='ocrx_word' id='word_1_904' title='bbox 3544 5124 3677 5194; x_wconf 71' lang='lat' dir='ltr'><strong>quasi</strong></span> 
     </span>
    </p>
   </div>
   <div class='ocr_carea' id='block_1_120' title="bbox 2161 5188 3678 5269">
    <p class='ocr_par' dir='ltr' id='par_1_120' title="bbox 2161 5188 3678 5269">
     <span class='ocr_line' id='line_1_123' title="bbox 2161 5188 3678 5269; baseline -0.003 -22"><span class='ocrx_word' id='word_1_905' title='bbox 2161 5196 2287 5269; x_wconf 84' lang='lat' dir='ltr'><strong>velit</strong></span> <span class='ocrx_word' id='word_1_906' title='bbox 2315 5194 2536 5261; x_wconf 86' lang='lat' dir='ltr'><strong>Paulus,</strong></span> <span class='ocrx_word' id='word_1_907' title='bbox 2577 5196 2736 5269; x_wconf 62' lang='lat' dir='ltr'><strong>longa</strong></span> <span class='ocrx_word' id='word_1_908' title='bbox 2776 5203 2832 5269; x_wconf 79' lang='lat' dir='ltr'><strong>et</strong></span> <span class='ocrx_word' id='word_1_909' title='bbox 2863 5196 3170 5266; x_wconf 72' lang='lat' dir='ltr'><strong>multiplici-</strong></span> <span class='ocrx_word' id='word_1_910' title='bbox 3195 5188 3573 5269; x_wconf 58' lang='lat' dir='ltr'><strong>adhortatione</strong></span> <span class='ocrx_word' id='word_1_911' title='bbox 3596 5188 3678 5240; x_wconf 80' lang='lat' dir='ltr'><strong>abs</strong></span> 
     </span>
    </p>
   </div>
   <div class='ocr_carea' id='block_1_121' title="bbox 2161 5263 3676 5335">
    <p class='ocr_par' dir='ltr' id='par_1_121' title="bbox 2161 5263 3676 5335">
     <span class='ocr_line' id='line_1_124' title="bbox 2161 5263 3676 5335; baseline -0.003 -15"><span class='ocrx_word' id='word_1_912' title='bbox 2161 5281 2220 5320; x_wconf 88' lang='lat' dir='ltr'><strong>se</strong></span> <span class='ocrx_word' id='word_1_913' title='bbox 2271 5267 2578 5321; x_wconf 89' lang='lat' dir='ltr'><strong>institutum</strong></span> <span class='ocrx_word' id='word_1_914' title='bbox 2635 5263 3225 5335; x_wconf 44' lang='lat' dir='ltr'><strong>Timotheumfeaque</strong></span> <span class='ocrx_word' id='word_1_915' title='bbox 3273 5267 3347 5319; x_wconf 92' lang='lat' dir='ltr'><strong>illi</strong></span> <span class='ocrx_word' id='word_1_916' title='bbox 3397 5263 3676 5335; x_wconf 73' lang='lat' dir='ltr'><strong>depositum</strong></span> 
     </span>
    </p>
   </div>
   <div class='ocr_carea' id='block_1_122' title="bbox 2159 5332 3671 5406">
    <p class='ocr_par' dir='ltr' id='par_1_122' title="bbox 2159 5332 3671 5406">
     <span class='ocr_line' id='line_1_125' title="bbox 2159 5332 3671 5406; baseline -0.001 -17"><span class='ocrx_word' id='word_1_917' title='bbox 2159 5336 2444 5400; x_wconf 87' lang='lat' dir='ltr'><strong>creditum,</strong></span> <span class='ocrx_word' id='word_1_918' title='bbox 2469 5337 2612 5406; x_wconf 89' lang='lat' dir='ltr'><strong>quod</strong></span> <span class='ocrx_word' id='word_1_919' title='bbox 2636 5337 2751 5406; x_wconf 90' lang='lat' dir='ltr'><strong>ipse</strong></span> <span class='ocrx_word' id='word_1_920' title='bbox 2771 5333 2892 5391; x_wconf 88' lang='lat' dir='ltr'><strong>aliis</strong></span> <span class='ocrx_word' id='word_1_921' title='bbox 2917 5336 3124 5390; x_wconf 89' lang='lat' dir='ltr'><strong>idoneis</strong></span> <span class='ocrx_word' id='word_1_922' title='bbox 3139 5332 3462 5390; x_wconf 72' lang='lat' dir='ltr'><strong>contradere</strong></span> <span class='ocrx_word' id='word_1_923' title='bbox 3479 5332 3671 5406; x_wconf 55' lang='lat' dir='ltr'><strong>debeat.</strong></span> 
     </span>
    </p>
   </div>
   <div class='ocr_carea' id='block_1_123' title="bbox 2160 5406 3676 5476">
    <p class='ocr_par' dir='ltr' id='par_1_123' title="bbox 2160 5406 3676 5476">
     <span class='ocr_line' id='line_1_126' title="bbox 2160 5406 3676 5476; baseline -0.003 -20"><span class='ocrx_word' id='word_1_924' title='bbox 2160 5407 2304 5460; x_wconf 89' lang='lat' dir='ltr'><strong>velut</strong></span> <span class='ocrx_word' id='word_1_925' title='bbox 2328 5407 2438 5474; x_wconf 91' lang='lat' dir='ltr'><strong>jam</strong></span> <span class='ocrx_word' id='word_1_926' title='bbox 2463 5423 2559 5476; x_wconf 90' lang='lat' dir='ltr'><strong>per</strong></span> <span class='ocrx_word' id='word_1_927' title='bbox 2585 5415 2794 5460; x_wconf 71' lang='lat' dir='ltr'><strong>mtatem</strong></span> <span class='ocrx_word' id='word_1_928' title='bbox 2829 5406 2882 5459; x_wconf 91' lang='lat' dir='ltr'><strong>in</strong></span> <span class='ocrx_word' id='word_1_929' title='bbox 2911 5406 3193 5474; x_wconf 88' lang='lat' dir='ltr'><strong>disciplina</strong></span> <span class='ocrx_word' id='word_1_930' title='bbox 3234 5406 3491 5476; x_wconf 79' lang='lat' dir='ltr'><strong>probatus</strong></span> <span class='ocrx_word' id='word_1_931' title='bbox 3530 5412 3676 5466; x_wconf 73' lang='lat' dir='ltr'><strong>inagi-</strong></span> 
     </span>
    </p>
   </div>
   <div class='ocr_carea' id='block_1_124' title="bbox 2159 5475 3676 5545">
    <p class='ocr_par' dir='ltr' id='par_1_124' title="bbox 2159 5475 3676 5545">
     <span class='ocr_line' id='line_1_127' title="bbox 2159 5475 3676 5545; baseline -0.004 -17"><span class='ocrx_word' id='word_1_932' title='bbox 2159 5486 2298 5539; x_wconf 81' lang='lat' dir='ltr'><strong>ster;</strong></span> <span class='ocrx_word' id='word_1_933' title='bbox 2324 5478 2424 5531; x_wconf 90' lang='lat' dir='ltr'><strong>etsi</strong></span> <span class='ocrx_word' id='word_1_934' title='bbox 2462 5475 2620 5530; x_wconf 86' lang='lat' dir='ltr'><strong>annis</strong></span> <span class='ocrx_word' id='word_1_935' title='bbox 2650 5491 2785 5545; x_wconf 88' lang='lat' dir='ltr'><strong>pene</strong></span> <span class='ocrx_word' id='word_1_936' title='bbox 2831 5475 3144 5531; x_wconf 87' lang='lat' dir='ltr'><strong>adolescens</strong></span> <span class='ocrx_word' id='word_1_937' title='bbox 3189 5475 3319 5530; x_wconf 85' lang='lat' dir='ltr'><strong>erat.</strong></span> <span class='ocrx_word' id='word_1_938' title='bbox 3367 5475 3590 5545; x_wconf 63' lang='grc' dir='ltr'><strong>ϐοηθεῖ.</strong></span> <span class='ocrx_word' id='word_1_939' title='bbox 3616 5493 3676 5507; x_wconf 85' lang='lat'><strong>—-</strong></span> 
     </span>
    </p>
   </div>
   <div class='ocr_carea' id='block_1_125' title="bbox 2156 5542 3672 5618">
    <p class='ocr_par' dir='ltr' id='par_1_125' title="bbox 2156 5542 3672 5618">
     <span class='ocr_line' id='line_1_128' title="bbox 2156 5542 3672 5618; baseline 0.001 -21"><span class='ocrx_word' id='word_1_940' title='bbox 2156 5542 2811 5618; x_wconf 49' lang='lat' dir='ltr'><strong>Interpretationem—esse</strong></span> <span class='ocrx_word' id='word_1_941' title='bbox 2829 5546 3218 5618; x_wconf 67' lang='grc' dir='ltr'>παρακλήσεων</span> <span class='ocrx_word' id='word_1_942' title='bbox 3246 5560 3342 5618; x_wconf 94' lang='lat' dir='ltr'><strong>pro</strong></span> <span class='ocrx_word' id='word_1_943' title='bbox 3374 5542 3644 5615; x_wconf 84' lang='grc' dir='ltr'>μαρτύρων</span> <span class='ocrx_word' id='word_1_944' title='bbox 3657 5571 3672 5599; x_wconf 75' lang='grc' dir='ltr'><strong>ν</strong></span> 
     </span>
    </p>
   </div>
   <div class='ocr_carea' id='block_1_126' title="bbox 2157 5615 3146 5674">
    <p class='ocr_par' dir='ltr' id='par_1_126' title="bbox 2157 5615 3146 5674">
     <span class='ocr_line' id='line_1_129' title="bbox 2157 5615 3146 5674; baseline 0.003 -5"><span class='ocrx_word' id='word_1_945' title='bbox 2157 5616 2422 5670; x_wconf 85' lang='lat' dir='ltr'><strong>sentiebat</strong></span> <span class='ocrx_word' id='word_1_946' title='bbox 2446 5617 2654 5670; x_wconf 84' lang='lat' dir='ltr'><strong>clariss.</strong></span> <span class='ocrx_word' id='word_1_947' title='bbox 2682 5615 3146 5674; x_wconf 52' lang='lat' dir='ltr'><strong>Millius.&#39;Fantitc.</strong></span> 
     </span>
    </p>
   </div>
   <div class='ocr_carea' id='block_1_127' title="bbox 2225 5684 3035 5756">
    <p class='ocr_par' dir='ltr' id='par_1_127' title="bbox 2225 5684 3035 5756">
     <span class='ocr_line' id='line_1_130' title="bbox 2225 5684 3035 5756; baseline 0.005 -20"><span class='ocrx_word' id='word_1_948' title='bbox 2225 5684 2300 5754; x_wconf 67' lang='grc' dir='ltr'><strong>(ἶ)</strong></span> <span class='ocrx_word' id='word_1_949' title='bbox 2331 5687 2545 5740; x_wconf 75' lang='lat' dir='ltr'><strong>&quot;Aura.</strong></span> <span class='ocrx_word' id='word_1_950' title='bbox 2575 5685 2702 5756; x_wconf 78' lang='lat' dir='ltr'><strong>Leg.</strong></span> <span class='ocrx_word' id='word_1_951' title='bbox 2729 5686 2868 5740; x_wconf 85' lang='grc' dir='ltr'>τινά.</span> <span class='ocrx_word' id='word_1_952' title='bbox 2899 5687 3035 5743; x_wconf 82' lang='lat' dir='ltr'><strong>GItD.</strong></span> 
     </span>
    </p>
   </div>
  </div>
