3876 6340
553 341 657 400 ’151

1190 342 1252 398 S.
1290 341 1652 398 HIPPOLYTI
1683 343 1832 400 OPP.
1885 345 2065 402 PARS
2101 345 2166 401 ll.
2219 376 2292 385 -
2339 345 2642 402 DOGMAT.
2695 345 2781 400 ET
2822 344 3158 401 HlSTOiilC.
3624 353 3706 410 73?.

555 473 742 514 veram
767 473 923 515 suam
950 457 1095 512 viam
1123 459 1413 513 convertit.
1444 458 1622 528 Atque
1653 459 1740 514 his
1776 459 1994 530 quidem
2021 461 2112 530 qui

2219 458 2307 513 τοῦ
2345 459 2602 531 ἀληθινὴν
2634 459 2750 513 ὁδόν
2768 477 2782 490 ο
2817 460 2914 514 καὶ
2957 462 3069 523 τοῖς
3102 461 3196 530 μὲν
3230 466 3362 530 μετά
3395 461 3601 530 πίστεως
3630 467 3707 542 ζη.

556 551 661 605 fide
692 558 963 620 quaerunt,
999 548 1154 603 facile
1181 549 1492 604 invenitur:
1527 551 1610 604 his
1639 560 1819 605 autem
1847 552 1939 620 qui
1963 567 2119 605 mun-

556 639 843 696 dis'oculis
864 647 919 693 et
947 648 1099 692 casto
1126 637 1289 692 corde
1314 639 1512 692 ostium
1542 639 1758 709 pulsare
1785 640 2115 708 desiderant,

555 729 847 788 confestim
882 729 1079 799 aperit.
1129 726 1349 782 Nullum
1381 729 1526 782 enim
1561 743 1787 784 suorum
1837 746 2118 787 servorum

556 823 770 893 rejicit,
812 822 971 892 quasi
1014 820 1325 876 divinorum
1375 822 1762 892 mysteriorum
1811 823 2113 894 indignum.

556 913 675 970 Non
708 913 930 969 divitem
963 927 1200 982 paupere
1243 911 1411 980 pluris
1437 911 1584 976 facit,
1616 928 1791 984 neque
1826 931 2116 986 pauperem

557 1023 658 1079 pro
686 1005 806 1076 ejus
837 1005 1098 1060 tenuitate
1127 1003 1352 1071 Spernit.
1382 999 1501 1056 Non
1532 1004 1768 1060 barbaro
1793 1007 2114 1075 exprobrat,

556 1115 658 1154 nec
690 1097 1000 1153 eunuchum
1032 1096 1189 1165 quasi
1220 1109 1328 1147 non
1368 1093 1544 1148 virum
1575 1096 1806 1166 ablegat.
1848 1097 1963 1152 Non
2006 1101 2119 1154 odit

556 1191 814 1245 feminam
849 1192 918 1243 ob
944 1189 1132 1258 prima:
1163 1189 1391 1257 originis
1423 1188 1866 1256 inobedientiam,
1893 1206 1995 1246 nec
2037 1192 2118 1245 vi-

556 1297 678 1336 rum
706 1281 774 1334 ob
799 1277 1247 1348 transgressionis
1275 1287 1482 1332 reatum
1507 1276 1786 1347 deturpat;
1813 1280 1904 1334 sed
1927 1295 2116 1337 omnes

557 1375 673 1428 vult
700 1386 997 1440 omnesque
1036 1371 1246 1426 salvare
1283 1371 1572 1426 desiderat.
1611 1369 1812 1426 Omnes
1849 1371 1944 1426 Dei
1979 1372 2118 1428 filios

559 1473 819 1536 praestare
846 1464 978 1526 vult,
1000 1473 1329 1532 sanctosque
1353 1477 1544 1517 omnes
1565 1463 1618 1516 in
1646 1478 1814 1517 unum
1843 1464 2116 1518 hominem

558 1557 855 1628 perfectum
884 1567 1061 1611 vocat.
1088 1554 1222 1610 Nam
1252 1565 1306 1610 et
1337 1571 1478 1610 unus
1498 1555 1592 1611 Dei
1623 1557 1794 1612 Filius
1823 1568 1926 1622 est,
1960 1558 2117 1628 cujus

557 1649 726 1704 etiam
787 1663 888 1704 nos
946 1662 1170 1704 munere
1230 1663 1326 1716 per
1375 1646 1634 1715 Spiritum
1675 1657 1921 1704 sanctum
1991 1649 2120 1704 ade-

555 1741 634 1810 pti
672 1741 1168 1811 regenerationem,
1203 1739 1258 1793 in
1293 1753 1459 1792 unum
1514 1737 1810 1808 perfectum
1846 1755 1909 1795 ac
1953 1741 2116 1796 cccle-

557 1842 698 1888 stem
725 1833 997 1888 hominem
1029 1847 1218 1888 omnes
1244 1847 1530 1888 occurrere
1557 1840 1808 1902 optamus
1827 1833 1870 1886 ".

626 2014 716 2070 iV.
760 2014 850 2070 Dei
883 2015 1027 2069 enim
1073 2012 1344 2075 Verbum,
1387 2029 1510 2068 cum
1579 2024 1722 2068 esset
1788 2013 1968 2068 carnis
2009 2028 2124 2066 ett--

557 2122 702 2177 pers,
757 2115 997 2160 sanctam
1055 2118 1275 2160 carnem
1316 2118 1382 2158 ex
1437 2112 1624 2159 sancta
1656 2102 1877 2173 Virgine
1921 2102 2113 2167 induit,

558 2205 818 2267 tanquam
869 2211 1103 2266 sponsus
1167 2196 1268 2250 sibi
1321 2197 1494 2266 ipsam
1546 2195 1602 2249 in
1646 2194 1824 2249 crucis
1876 2195 2117 2263 patibulo

556 2297 760 2344 vestem
810 2297 1139 2352 contexens;
1194 2301 1304 2356 quo
1351 2285 1610 2340 nimirum
1653 2286 1882 2340 mortale
1921 2300 2116 2354 corpus

519 2389 802 2456 ,nostrum
865 2394 977 2433 suae
1035 2379 1324 2434 adunando
1376 2378 1602 2441 virtuti,
1665 2387 1718 2432 et
1772 2379 2117 2447 corruptibile

559 2471 994 2541 incorruptibili,
1050 2471 1323 2526 infirmum
1392 2470 1518 2525 forti
1581 2469 1851 2535 miscens,
1913 2469 2117 2525 homini

560 2564 653 2634 qui
684 2565 916 2634 perierat
946 2563 1178 2618 salutem
1208 2570 1504 2632 prazstaret.
1539 2561 1635 2616 Est
1663 2561 1824 2632 igitur
1853 2562 2118 2618 textorius

557 2655 754 2720 malus,
787 2670 909 2725 quae
959 2655 1013 2709 in
1067 2668 1228 2709 cruce
1275 2663 1485 2724 peracta
1537 2652 1752 2707 Domini
1789 2652 1972 2720 passio
2000 2661 2115 2719 est;

557 2757 767 2802 stamen
821 2747 874 2800 in
916 2761 1003 2813 eo,
1044 2747 1216 2801 sancti
1252 2743 1486 2816 Spiritus
1525 2743 1732 2807 virtus;
1765 2752 1958 2808 trama,
1992 2759 2118 2798 san-

558 2849 644 2895 eta
673 2855 802 2894 caro
835 2838 1040 2908 Spiritu
1071 2847 1354 2905 contexta;
1397 2838 1603 2901 licium,
1633 2852 1754 2906 qua:
1790 2851 1885 2906 per
1911 2836 2116 2891 Christi

556 2931 874 2987 charitatem
892 2931 1062 3001 gratia
1084 2939 1314 3000 utraque
1334 2929 1648 3002 astringitet
1666 2929 1719 2983 in
1738 2944 1904 2983 unum
1922 2929 2114 2989 nectit‘;

556 3023 718 3086 radii,
745 3020 1019 3087 Verbum;
1055 3029 1290 3076 textores
1343 3021 1575 3090 denique
1605 3020 1859 3087 artifices,
1892 3020 2120 3088 patriar-

557 3113 674 3166 chae
697 3121 750 3167 et
781 3113 1072 3182 prophetae,
1098 3112 1381 3182 pulchrum
1407 3111 1608 3168 Christi
1639 3120 1986 3168 contexentes
2021 3127 2118 3182 po-
2143 3147 2186 3205 ε

557 3203 739 3258 derem
788 3219 853 3258 ac
898 3201 1189 3273 perfectam
1238 3203 1512 3270 tunicam;
1563 3219 1659 3273 per
1702 3220 1838 3274 quas
1881 3203 2115 3258 Verbum

557 3295 877 3363 pervadens,
907 3294 1182 3350 radiorum
1227 3310 1397 3363 more,
1429 3297 1640 3350 illarum
1669 3311 1830 3366 opera
1861 3297 2117 3360 contexit,

556 3401 619 3440 ea
651 3401 771 3455 qua;
794 3384 940 3440 Patri
973 3387 1159 3440 libent.

631 3562 698 3617 ν.
741 3563 936 3619 Verum
959 3564 1218 3634 quoniam
1243 3564 1356 3634 jam
1392 3573 1603 3634 tempus
1631 3572 1786 3634 urget
1813 3565 1879 3619 ad
1905 3579 1966 3619 ea
1987 3569 2118 3634 'quze

560 3659 720 3714 nobis
770 3667 1091 3729 argumento
1142 3657 1415 3728 proposita
1466 3667 1629 3721 sunt,
1683 3672 1806 3713 cum
1856 3656 2122 3713 sufﬁciant

557 3766 679 3821 quae
704 3753 758 3806 in
779 3751 1003 3806 exordio
1027 3751 1094 3804 ad
1125 3750 1216 3806 Dei
1245 3751 1469 3821 gloriam
1494 3751 1884 3820 peroravimus,
1905 3766 2119 3820 aequum

557 3849 640 3896 est
668 3851 725 3896 ut
770 3841 1142 3912 aggredientcs
1195 3840 1340 3910 ipsas
1389 3839 1600 3896 divinas
1649 3839 1994 3909 Scripturas,
2051 3855 2115 3895 ex

630 3957 653 3986 ’
686 3956 883 4027 Ephes.
909 3973 983 4022 tv,
1016 3956 1104 4011 15.

631 4072 741 4144 (l5)
797 4074 917 4142 Τὴν
966 4074 1170 4140 θύραν.
1228 4071 1350 4128 Haec
1404 4072 1544 4128 male
1599 4070 1924 4128 omittuntur
1979 4073 2118 4143 apud

558 4142 960 4199 Comhefisium.
999 4144 1216 4198 FABRIC.

633 4214 746 4349 (16)
776 4215 897 4266 Ὧν.
932 4212 1058 4282 Leg.
1088 4209 1176 4282 ἦν.
1203 4211 1338 4267 Grm.

635 4284 722 4349 (17
773 4283 881 4336 Καὶ
903 4282 1085 4349 μίξας
1109 4280 1188 4347 τῷ
1221 4284 1338 4349 rigat}

635 4279 746 4350 (17)
773 4283 881 4336 Καὶ
903 4279 1085 4352 μίξας
1109 4279 1188 4347 τῷ
1221 4281 1511 4352 ἀφθάρτῳ.
1545 4279 1664 4346 Quo
1708 4281 1796 4334 lux
1833 4281 1962 4352 huic
2000 4282 2120 4352 loco

561 4353 853 4424 atl'ulgeat_,_
882 4349 1165 4424 consulere
1201 4361 1418 4420 praestat
1446 4349 1872 4424 _’i‘ho_massinunt
1915 4351 1991 4404 De
2022 4351 2116 4424 In-

561 4419 770 4477 carm'tt.
812 4420 986 4486 Verbi,
1016 4421 1108 4474 lib.
1157 4419 1241 4483 Ili,
1274 4435 1408 4489 cap.
1442 4420 1494 4485 5,
1530 4419 1748 4489 υὺίγνὶιθ
1777 4421 1967 4474 doctus
2006 4422 2120 4474 exi-

561 4465 986 4562 htio'swq'uosque’
1015 4507 1044 4544 e
1074 4465 1274 4546 Graecis
1303 4465 1370 4544 ct.r
1393 4465 1599 4562 Laiinis
1627 4488 1878 4562 Patribus
1900 4493 2118 4562 excitat,
2153 4465 2197 4520 D

558 4563 653 4633 qui
689 4559 973 4631 utriusque
1020 4569 1226 4633 naturae.
1263 4559 1602 4633 inconfusant
1635 4559 1873 4628 quidem,
1900 4561 2000 4633 sed
2031 4577 2122 4633 pc-

559 4629 900 4688 tiitissimani
929 4631 1384 4696 commistionetn,
1415 4629 1637 4682 unitatis
1668 4629 1967 4698 personalis
2001 4629 2121 4684 viu-

560 4703 744 4756 0ulum
783 4702 1069 4769 ipsumque
1100 4716 1298 4769 nexum
1331 4715 1450 4769 esse
1476 4699 1833 4769 inculcarunt.

635 4771 744 4842 (l8)
774 4767 1222 4842 Διεργαζόμενοιτ
1257 4768 1380 4839 Leg.
1421 4768 1462 4821 δ’
1491 4767 1862 4842 ἐργαζόμενοι.
1885 4767 2018 4842 Cito.

637 4837 1254 4909 (19⁷)Λοιπόνρςὶυίνίε
1307 4837 1567 4909 appareat
1629 4837 1727 4909 pro
1785 4837 1967 4892 λοιπόν
2021 4839 2121 4909 legi

561 4919 815 4981 Oportere
843 4908 1248 4981 οὐδένηΤΑαΑρ.
1281 4908 1407 4963 ΓΑΒ.

637 4979 1050 5056 (ἳθλᾈπαι-τεῐ.
1080 4979 1528 5056 Quin,_l_egendu_m
1558 4979 1788 5056 ἐπείγει,
1819 4977 2125 5056 ηυιιυΞ-ᾱυ-

563 5029 720 5105 δίιδεῖξ
733 5029 836 5106 'véi
845 5029 1327 5114 graeciam"
1336 5029 1527 5119 rei};
1534 5029 1741 5120 nam;
1755 5029 2123 5120 esserem

563 5135 695 5188 ergo
737 5121 1000 5176 sententia
1021 5161 1036 5185 ,
1086 5121 1192 5188 iam
1226 5134 1416 5188 urgere
1448 5118 1657 5188 tempus
1685 5118 1969 5185 (tractandi
2018 5118 2124 5172 sci-

565 5191 693 5246 licet
717 5191 1080 5314 occasionemg
1107 5191 1356 5258 expedito
1379 5190 1624 5254 exordio,
1657 5198 1717 5244 ut
1737 5189 1802 5242 ad
1827 5189 2121 5256 subjectam

566 5261 849 5314 materiam
882 5275 1044 5314 nroce
1083 5269 1223 5312 atur.
1259 5258 1444 5314 Itaque
1487 5260 1574 5313 hic
1617 5259 1795 5314 oneris
1824 5257 2016 5312 divisio
2042 5265 2121 5310 est

566 5261 849 5316 materiam
882 5257 1223 5328 procedatur.
1259 5258 1444 5328 Itaque
1487 5260 1574 5313 hic
1617 5259 1795 5328 operis
1824 5257 2016 5328 divisio
2042 5265 2125 5328 est

563 5340 620 5387 et
652 5327 958 5400 argumenti
1015 5329 1332 5400 insinuatio.
1355 5327 1617 5400 Colligit
1644 5327 1795 5400 hinc“
1819 5327 2125 5400 Gudiusde

566 5401 685 5456 solo
714 5395 1046 5454 Antichristo
1074 5399 1407 5469 propositum
1433 5395 1716 5469 Hippolyto
1745 5397 1956 5469 dicere;
1989 5395 2124 5450 rela-

565 5472 746 5540 tisque
771 5471 958 5540 paucis
985 5466 1112 5524 hinc
1144 5468 1318 5531 lineis,
1354 5468 1426 5540 ita
1464 5466 1689 5523 assumit
1719 5486 1732 5522 :
1768 5487 1786 5519 ι
1815 5466 1963 5540 Quid
1981 5481 2123 5519 nunc

567 5537 919 5610 est—apertius
939 5579 955 5602 ,
984 5555 1144 5608 quam
1182 5553 1286 5592 non
1305 5537 1386 5610 And
1420 5549 1800 5610 argumentum
1832 5537 2120 5606 pertinere,

610 5626 690 5664 uae
717 5607 784 5665 de
827 5607 1044 5666 Christo
1081 5607 1323 5663 dixerat?
1361 5627 1379 5660 ι
1419 5607 1495 5662 ita
1537 5608 1732 5676 plane:
1766 5617 1820 5661 at
1851 5621 2124 5676 numqua:

610 5626 690 5664 uae
717 5624 784 5665 oe
827 5624 1044 5666 unrtsm
1081 5624 1323 5663 uixerat!
1361 5627 1379 5660 ι
1419 5624 1495 5662 ita
1537 5624 1732 5676 plane:
1766 5624 1820 5661 at
1851 5624 1975 5659 uum
2005 5624 2124 5674 qua:

567 5624 837 5734 ﬂicturum
890 5695 951 5735 se
1000 5680 1316 5750 pollicetur,
1351 5680 1416 5732 de
1466 5677 1752 5750 revelando
1788 5675 1996 5750 Christi
2030 5673 2125 5750 ad:

571 5761 731 5805 ventu
765 5751 830 5807 de
851 5745 1022 5818 coelo;
1062 5751 1128 5807 de
1167 5759 1477 5806 sanctorum
1513 5762 1635 5803 cum
1672 5745 1890 5804 Christo
1923 5745 2124 5813 regno?

2219 546 2401 600 τοῦσιν
2432 549 2667 612 εὐκόλως
2705 549 3116 620 εὑρισκόμενοςο
3164 554 3271 613 τοῖς
3299 550 3351 603 δὲ
3378 551 3604 624 καθαροῖς
3633 558 3710 629 δμι

2222 655 2351 709 μασι
2372 639 2465 692 καὶ
2492 639 2630 710 ἁγνῇ
2658 639 2855 710 καρδίᾳ
2876 640 3092 712 κρούειν
3119 639 3214 711 τὴν
3247 639 3406 712 θύραν
3439 644 3538 714 (l5)
3560 647 3710 702 ἐπιθυ-

2221 729 2430 800 μοῦσιν,
2455 730 2618 794 εὐθὺς
2641 730 3004 801 ἀνοιγόμενος.
3042 730 3239 784 Οὒδένα
3281 731 3383 804 γὰρ
3407 734 3709 790 memmi

2216 821 2322 875 τῶν
2373 820 2563 875 ἑαυτοῦ
2611 822 2832 889 δούλων,
2881 823 2956 886 ὡς
2991 823 3063 894 μὴ
3097 824 3224 878 ὄντα
3267 825 3406 892 ἄξιον
3453 827 3549 879 τῶν
3586 826 3710 882 θείων

2220 913 2560 984 μυστηρίωνο
2611 914 2671 966 οὒ
2717 913 2967 967 πλούσιον
3021 915 3297 986 προτιμῶν
3338 917 3577 988 πένητος’
3617 920 3711 973 οὐδὲ

2218 1002 2423 1072 πένητα
2465 1001 2554 1056 διὰ
2597 1005 2660 1056 τὸ
2698 1004 2912 1075 μέτριον
2959 1003 3280 1070 ὲξουθενῶν·
3332 1005 3712 1078 οὐδὲ·βάρδαρον

2216 1093 2507 1158 ὀνειδίζων,
2548 1094 2667 1148 οὐδὲ
2712 1095 2802 1149 τὸν
2830 1095 3081 1166 εὐνοῦχον
3107 1096 3181 1160 ὡς
3221 1097 3293 1167 μὴ
3315 1095 3594 1168 ἄνθρωπον,
3618 1099 3715 1167 ἀφο-

2221 1185 2412 1258 ρίζωνο
2443 1187 2563 1240 οὐδὲ
2597 1187 2728 1256 θῆλυ
2763 1187 2851 1241 διὰ
2887 1189 2985 1259 τὴν
3019 1188 3250 1260 ὲξαρχῆς
3274 1188 3550 1259 γενομένην
3578 1187 3715 1260 mpn-

2218 1278 2346 1349 κοὴν
2370 1279 2561 1348 μισῶν,
2595 1280 2717 1332 οὐδὲ
2745 1280 2838 1334 τὸν
2871 1280 3075 1351 ἄρρενα
3107 1281 3193 1334 διὰ
3218 1279 3314 1350 τὴν
3346 1279 3717 1350 παράδασινὰτιο

2221 1369 2404 1440 μάζων
2424 1387 2436 1400 ·
2472 1370 2606 1424 ἁλλὰ
2634 1371 2840 1434 πάντας
2871 1371 3156 1424 θέλωνκαὶ
3188 1370 3392 1434 πάντας
3422 1370 3590 1435 σώζειν
3624 1373 3715 1426 ἐπι-

2219 1461 2424 1532 θυμῶν,
2472 1461 2677 1526 πάντας
2731 1464 2879 1526 υἱοὺς
2929 1463 3062 1516 Θεοῦ
3106 1463 3424 1533 καταρτίσαι
3453 1447 3611 1517 ’θέλων
3645 1465 3716 1519 καὶ

2216 1555 2340 1618 τοὺς
2372 1553 2579 1618 πάντας
2598 1555 2784 1623 ἁγίους
2811 1557 2890 1619 είς
2911 1555 3006 1607 ἕνα
3029 1554 3234 1608 τέλειον
3267 1553 3535 1625 ἄνθρωπον
3553 1553 3710 1608 καλῶν·

2217 1641 2293 1708 εἷς
2326 1643 2434 1715 γὰρ
2466 1645 2560 1696 καὶ
2580 1646 2608 1697 ὁ
2627 1642 2720 1696 τοῦ
2755 1644 2889 1697 Θεοῦ
2929 1647 3076 1708 παῖς,
3103 1647 3172 1698 δι’
3191 1641 3252 1699 οὗ
3280 1645 3372 1698 καὶ
3396 1647 3541 1714 ἡμεῖς
3575 1644 3718 1715 τυχόν-

2219 1751 2309 1796 τες
2338 1731 2438 1805 τὴν
2469 1734 2557 1788 διὰ
2607 1733 2702 1786 τοῦ
2740 1734 2896 1803 ἁγίου
2931 1735 3246 1806 Πνεύματος
3279 1735 3624 1805 ἀναγέννησιν,
3659 1738 3716 1798 είς

2149 1805 2190 1858 Β
2217 1823 2313 1878 ἕνα
2337 1824 2534 1878 τέλειον
2565 1825 2658 1877 καὶ
2690 1828 3005 1897 ἐπουράνιον
3034 1805 3318 1900 ἄνθρωπον
3338 1828 3386 1880 οἱ
3403 1827 3583 1891 πάντες
3611 1845 3712 1881 κατ-

2213 1916 2442 1986 αντῆσαι
2469 1916 2864 1988 ἐπιθυμοῦμεν.

2293 2007 2511 2078 Ἐπειδὴ
2545 2009 2652 2081 γὰρ
2691 2011 2720 2061 ὁ
2752 2011 2920 2078 Λόγος
2968 2009 3060 2063 τοῦ
3101 2008 3238 2063 Θεοῦ
3287 2010 3512 2080 ἄσαρκος
3534 2007 3718 2079 ῶνῌϐ),

2215 2098 2498 2153 ἐνεδύσατο
2536 2100 2634 2172 τὴν
2678 2101 2838 2170 ἁγίαν
2883 2101 3061 2172 σὰρκα
3106 2103 3170 2154 ὲκ
3227 2101 3328 2172 τῆς
3363 2102 3512 2168 ἁγίας
3555 2099 3719 2172 Παρθέ-

2217 2207 2341 2254 νου,
2396 2191 2470 2254 ὡς
2523 2193 2751 2262 νυμφίος
2796 2192 3006 2262 ἱμάτιον
3060 2191 3328 2261 ἐξυφάνας
3369 2191 3534 2262 ἐαυτῷ
3577 2194 3624 2246 ὲν
3663 2192 3720 2261 τῷ

2219 2283 2491 2354 σταυρικῷ
2538 2284 2715 2349 πάθει,
2760 2287 2907 2348 ὅπως
2945 2286 3288 2356 συγκεράσας
3317 2285 3378 2338 τὸ
3405 2285 3577 2357 θνητὸν
3602 2286 3720 2356 ἡμῶν

2219 2377 2377 2448 σῶμα
2421 2379 2486 2447 τῇ
2535 2377 2726 2431 ἑαυτοῦ
2771 2378 3030 2448 δυνάμει,
3074 2380 3168 2432 καὶ
3212 2379 3370 2450 μίξας
3405 2377 3474 2448 τῷ
3515 2377 3720 2448 ἀφθάρτῳ

2219 2469 2333 2539 (17)
2365 2468 2426 2521 τὸ
2461 2468 2696 2540 φθαρτὸν
2745 2470 2837 2523 καὶ
2885 2470 2944 2523 τὸ
2990 2469 3214 2534 ἀσθενὲς
3267 2471 3342 2541 τῷ
3377 2469 3580 2540 ἰσχυρῷ,
3609 2467 3721 2540 σώσῃ

2217 2560 2307 2613 τὸν
2354 2559 2720 2631 ἀπολλύμενον
2761 2560 3064 2634 ἄνθρωπον.
3106 2563 3267 2615 Ἐστι
3299 2563 3394 2632 μὲν
3421 2557 3507 2615 οὖν
3544 2562 3569 2614 ό
3595 2559 3718 2624 ἱστὸς,

2217 2651 2308 2705 τοῦ
2342 2652 2542 2724 Κυρίου
2595 2653 2654 2706 τὸ
2686 2652 2855 2717 πάθος
2895 2654 2955 2707 τὸ
2985 2653 3078 2707 ἐπὶ
3113 2653 3194 2725 τῷ
3243 2652 3459 2724 σταυρῷ
3482 2652 3722 2722 γεγενημέ-

2217 2759 2324 2797 νον’
2375 2744 2595 2814 στήμων
2641 2745 2697 2797 δὲ
2744 2745 2801 2796 ὲν
2832 2742 3009 2814 αὐτῷ,
3043 2747 3077 2814 ἡ
3119 2743 3215 2797 τοῦ
3270 2744 3424 2812 ἁγίου
3468 2741 3722 2812 Πνεύματος

2217 2834 2462 2905 δύναμις·
2499 2836 2671 2908 κρόκη
2702 2836 2781 2898 δὲ,
2810 2837 2844 2907 ἡ
2867 2835 2996 2905 ἁγία
3025 2835 3161 2907 σάρξ
3193 2835 3567 2905 ὲνυφαινομένη
3595 2830 3724 2886 Ilvati-

2221 2943 2366 2996 ματν
2408 2925 2560 2996 μίτος
2591 2925 2647 2978 δὲ
2671 2967 2686 2990 ,
2737 2928 2770 2996 ἡ
2819 2927 2885 2979 δι’
2917 2927 3135 2997 ἀγάπης
3165 2925 3401 2997 Χριστοῦ
3434 2924 3572 2996 χάρις
3607 2920 3725 2990 σφίγ·

2217 3032 2387 3084 γουσα
2413 3017 2508 3070 καὶ
2539 3015 2732 3070 ἐνοῦσα
2759 3016 2827 3069 τὰ
2861 3017 3146 3090 ἀμφότερα
3195 3020 3277 3082 εἰς
3307 3018 3386 3071 ἓν·
3420 3016 3637 3090 κερκίδες
3659 3014 3720 3074 δὲ.

2217 3111 2246 3162 ό
2298 3109 2484 3177 Λόγος
2535 3111 2582 3162 οἱ
2621 3107 3025 3179 διεργαζόμενοι
3065 3088 3199 3180 (18),
3240 3108 3558 3180 πατριάρχαι
3583 3088 3632 3158 τε
3654 3104 3723 3158 καὶ

2221 3201 2520 3272 προφῆται,
2566 3201 2616 3254 οἱ
2662 3199 2752 3253 τὸν
2785 3199 2947 3255 καλὸν
2983 3201 3189 3274 ποδήρη
3225 3201 3319 3256 καὶ
3357 3201 3546 3255 τέλειον
3567 3197 3723 3268 χιτῶνα

2217 3294 2526 3364 ὑφαίνοντες
2575 3291 2825 3364 Χριστῷ,
2858 3291 2925 3344 δι’
2977 3285 3050 3346 ὧν
3105 3294 3134 3344 ό
3180 3292 3352 3361 Λόγος
3403 3288 3723 3359 sumtum.

2218 3377 2477 3451 κερκίδων
2508 3381 2682 3450 δίκην,
2719 3378 2996 3448 ὲξυφαίνει
3027 3380 3092 3432 δι’
3127 3380 3307 3434 αὐτῶν
3339 3379 3484 3434 ταῦθ’
3505 3380 3625 3448 ἅπερ
3643 3373 3726 3445 βού-

2218 3471 2367 3524 λεται
2397 3473 2425 3524 ό
2453 3472 2601 3541 Πατὴ
2609 3488 2663 3541 ρ.

2307 3569 2444 3622 Ἀλλ’
2480 3569 2667 3640 ἐπειδὴ
2697 3572 2882 3641 καιρὸς
2913 3571 3096 3624 λοιπὸν
3131 3571 3241 3640 (19)
3269 3571 3485 3625 ἀπαιτεῖ
3510 3568 3604 3636 (ὶθ)
3627 3563 3724 3634 πρὸς

2225 3661 2292 3714 τὰ
2323 3660 2686 3731 ὑποκείμενα,
2728 3663 3012 3734 αὐταρκῶν
3049 3662 3219 3715 όντων
3249 3662 3358 3715 τῶν
3397 3664 3452 3714 ἐν
3491 3658 3559 3730 τῷ
3587 3672 3726 3727 προοι-

2231 3751 2336 3821 μίῳ
2379 3751 2488 3820 (‘21)
2526 3754 2605 3814 είς
2647 3751 2801 3817 δόξαν
2853 3752 2987 3806 Θεοῦ
3032 3754 3356 3824 εἰρημένων,
3398 3752 3585 3806 δίκαιόν
3614 3751 3723 3801 ἐστιν

2217 3844 2364 3915 ἡμᾶς
2409 3843 2784 3914 ἐφαψαμένους
2819 3845 2927 3916 (2‘2)
2969 3845 3143 3898 αὐτῶν
3186 3845 3296 3898 τῶν
3344 3844 3494 3897 θείων
3527 3839 3721 3913 Γραφῶν.

2224 4073 2470 4145 Cumque
2497 4083 2608 4148 tota
2640 4075 2963 4148 tractatione
3006 4075 3392 4148 Antichristum
3425 4074 3616 4148 Christo
3647 4083 3723 4148 op-

2225 4144 2408 4216 ponat,
2445 4161 2550 4199 non
2585 4146 2656 4199 ita
2689 4146 2976 4216 malesive
3004 4146 3118 4214 ipse
3146 4144 3482 4216 Hippolytus,
3508 4145 3607 4216 sive
3628 4144 3721 4216 qu!’

2227 4207 2310 4268 vis
2339 4207 2510 4278 alius,
2529 4284 2542 4296 _
2563 4207 3068 4296 p_r:cnotavit',_ﬂspi
3101 4207 3477 4296 XptC-S'qu:mr
3506 4207 3719 4296 ἐγτιχρξ

2228 4300 2370 4337 στου·
2401 4281 2665 4353 (ιυοᾶῖια
2710 4293 2830 4354 post
2875 4281 3195 4358 D_hotianum
3238 4281 3661 4358 codicemuetiarn.
3697 4281 3722 4328 ἢ

2225 4351 2648 4425 reprzcscutant,
2704 4351 3011 4425 exquibus
3062 4370 3321 4425 expressa
3369 4353 3516 4409 Gudii
3561 4351 3720 4425 editio;

2225 4423 2421 4494 quibus
2451 4423 2678 4494 proinde
2707 4421 2871 4478 malui
2908 4421 3328 4494 ltazrere,'quam
3357 4425 3472 4493 ejus
3493 4421 3722 4494 mutationi

2225 4491 2870 4566 deferre.’_ilieronymum
2913 4494 3093 4566 (cujus
3129 4491 3196 4566 et
3225 4495 3339 4564 ipse
3361 4491 3720 4566 magniuaucto'

2227 4561 2638 4632 ritatern_facio)
2671 4560 2945 4617 adversari
2984 4560 3177 4618 Photio
3210 4560 3318 4619 non
3353 4560 3500 4618 facile
3520 4560 3720 4632 dixerim.

2224 4632 2369 4701 quod
2413 4630 2685 4702 Hippolyti
2738 4633 2909 4702 plura~
2946 4635 3296 4699 recensendo,
3337 4633 3412 4686 De
3457 4628 3722 4685 Antichristo

2225 4700 2566 4773 solummodo
2606 4700 2820 4757 dixerit.
2869 4700 3070 4771 Nempe
3108 4719 3206 4758 nec
3238 4704 3306 4757 de
3343 4702 3548 4758 Christo
3596 4706 3721 4773 aega-

2223 4771 2320 4834 vit,
2361 4770 2455 4826 sed
2506 4771 2586 4826 sic
2631 4787 2863 4832 summa,
2902 4770 3044 4826 unde
3090 4782 3353 4828 tractatus
3391 4779 3526 4826 esset
3565 4770 3720 4824 notior,

2224 4842 2504 4911 ascripsit;
2553 4839 2778 4895 Photius
2806 4857 2869 4895 ex
2899 4843 3084 4896 codice
3128 4843 3392 4911 integrum
3425 4837 3624 4911 titulum
3655 4844 3720 4911 rg-

2224 4906 2452 4965 censuit.
2481 4909 2682 4964 Deinde
2737 4927 2802 4963 eo
2843 4921 3048 4980 spectat
3083 4920 3194 4966 tota
3231 4906 3499 4972 tractatio,
3531 4906 3719 4980 t_It_x_\_!_|ii‘

2224 4980 2411 5035 cltristi
2441 4996 2504 5034 ex
2535 4979 2832 5052 scripturis
2856 4972 3333 5052 demonstratione,
3355 4982 3421 5034 ab
3444 4995 3504 5034 eo
3525 4972 3720 5052 ﬁdelibus

2225 5061 2443 5114 caveat,
2488 5059 2542 5104 et
2581 5045 2797 5120 Christo
2849 5051 3134 5120 adjungat,
3170 5052 3546 5118 amhorumque
3573 5045 3717 5097 disert-

2225 5135 2500 5193 meneum
2531 5119 2584 5193 in
2612 5119 2772 5174 tinem
2806 5119 3042 5188 aperiat;
3075 5121 3219 5193 quod
3245 5120 3509 5193 Christum
3540 5123 3720 5193 nonnefj

2225 5189 2412 5253 cludit,
2458 5204 2526 5243 ne
2571 5188 2685 5257 ipse
2733 5185 2856 5258 pars
2904 5185 3206 5260 argumenti
3253 5189 3516 5249 videatur,
3553 5185 3718 5260 etlims

2224 5250 2488 5327 genuinus
2540 5250 2702 5328 atque
2733 5250 2998 5328 'proprius
3046 5260 3400 5325 tractationis,
3443 5271 3540 5312 non
3579 5250 3716 5307 solum

2224 5329 2577 5382 extrinsecus.
2605 5327 2838 5382 Conosr.

2295 5398 2407 5468 (2t)
2433 5398 2542 5468 ξεν
2583 5396 2662 5462 τῷ
2705 5398 3005 5467 προοιμίῳ.
3039 5398 3246 5453 Citatur
3279 5397 3378 5468 hic
3399 5397 3540 5468 locus
3563 5392 3608 5446 in
3633 5385 3716 5440 Pa-

2225 5465 2397 5521 rallet.
2429 5465 2698 5541 D_amasc.,
2727 5465 2970 5541 tom.'ll,
3013 5485 3138 5541 pag.
3166 5468 3288 5523 781.
3322 5467 3437 5522 Vid.
3473 5477 3617 5534 supra
3648 5471 3715 5508 ve-

2228 5546 2325 5591 ter.
2364 5539 2591 5598 testim.,
2618 5552 2767 5590 num.
2803 5537 2858 5592 9.
3014 5537 3038 5554 "

2294 5607 2406 5676 (92.)
2450 5605 2914 5676 Ἐφαψαμένους.
2947 5605 3020 5661 ita
3048 5604 3356 5671 Combefis.;
3395 5606 3444 5662 in
3477 5603 3602 5660 edito
3639 5611 3712 5651 au-

2227 5684 2331 5731 tem
2359 5675 2682 5732 Fabriciano’
2705 5692 2963 5733 excusqu
2997 5676 3369 5749 ὲφαψαμένων.
