3876 6340
185 369 270 422 733

1193 361 1282 416 DE
1320 358 1619 415 ClllllSTO
1658 357 1744 412 ET
1783 350 2268 410 ANTICHRIS’IO.

3258 345 3366 401 754

181 482 354 539 ἐπιδεῖν
394 479 457 530 δι’
497 477 694 536 αὐτῶν.
734 477 815 542 τίς
857 478 948 530 καὶ⁸
993 477 1207 548 ποταπὴ
1237 479 1270 548 ἡ
1301 478 1394 530 τοῦ
1442 474 1701 547 Ἀντιχρί-

1806 472 1912 526 illis
1939 471 2221 525 videamus
2246 467 2369 538 quis
2399 475 2449 521 et
2490 465 2667 534 qualis
2709 461 3028 518 Antichristi
3062 461 3362 530 adventus,

181 590 287 629 me
321 569 593 641 παρουσία·
631 568 765 640 ποίῳ
795 569 849 621 δὲ
881 568 1055 640 καιρῷ
1086 568 1180 621 καὶ
1226 568 1400 640 χρόνῳ
1442 571 1470 621 ὁ
1507 569 1703 637 ἄνομος

178 661 672 731 ἀποκαλυφθήσεται·
705 659 865 712 πόθεν
888 659 943 712 δὲ
975 659 1068 713 καὶ
1099 661 1163 712 ὲκ
1196 659 1354 723 ποίας
1386 659 1576 729 φυλῆς,
1611 659 1706 711 καὶ

177 756 221 811 τί
245 754 416 808 τούτου
456 753 643 822 ὄνομα,
688 751 748 804 τὸ
786 750 872 805 διὰ
920 750 1012 804 τοῦ
1044 749 1274 822 ἀριθμοῦ
1317 753 1375 804 ὲν
1417 753 1481 821 τῇ
1515 751 1703 822 Γραφῇ

180 846 494 920 μηνυόμενον·
542 843 657 906 πῶς
707 843 762 896 δὲ
804 841 1009 914 πλάνην
1054 843 1149 912 μὲν
1192 843 1270 913 τῷ
1302 841 1416 914 λαῷ
1452 843 1705 913 ἐγγεννη-

179 955 274 1003 σει,
317 934 634 998 ὲπισυνάξας
672 933 865 996 αὐτοὺς
908 934 972 986 ἐκ
1012 932 1121 985 τῶν
1165 934 1413 1004 περάτων
1452 935 1550 1002 τῆς
1580 933 1702 1003 γῆς·

177 1028 327 1097 θλίψιν
371 1026 423 1079 δὲ
467 1026 562 1078 καὶ¹
607 1025 842 1096 διωγμὸν
889 1025 982 1077 ἐπὶ
1028 1025 1153 1087 τοὺς
1197 1025 1385 1093 ἁγίους
1429 1027 1699 1096 ἐπεγερεῖ·

179 1115 256 1175 καὶ
283 1119 387 1181 πῶς
431 1118 622 1171 ἑαυτὸν
668 1117 874 1182 δοξάσει
917 1117 992 1182 ὡς
1034 1117 1196 1170 Θεόν·
1237 1118 1321 1181 τίς
1363 1117 1419 1170 δὲ
1450 1118 1484 1188 ὴ
1515 1117 1705 1170 τούτου

185 1209 447 1263 συντέλεια·
491 1207 608 1270 πῶς
652 1207 707 1260 δὲ
746 1208 779 1278 ἡ
813 1207 1097 1276 ἐπιφάνεια
1135 1206 1226 1259 τοῦ
1266 1206 1468 1278 Κυρίου
1499 1208 1706 1260 ἀποκα-

96 1304 113 1323 ‘
174 1298 464 1368 λυφθήσεται
501 1296 596 1349 ἀπ’
629 1281 889 1368 οὐρανῶν·
938 1299 1031 1350 καὶ
1060 1297 1143 1360 τίς
1176 1297 1208 1367 ὴ
1253 1295 1348 1350 τοῦ
1394 1295 1706 1366 σύμπαντος

177 1390 351 1460 κόσμου
381 1387 708 1458 ἐκπύρωσις·
752 1387 837 1451 τίς
867 1387 922 1441 δὲ
963 1389 996 1458 ἡ
1038 1388 1146 1441 τῶν
1176 1387 1344 1457 ἁγίων
1376 1388 1579 1454 ἔνδοξος
1611 1389 1705 1441 καὶ

176 1479 457 1551 ἐπουράνιος
492 1478 738 1549 βασιλεία
781 1479 890 1531 τῶν
925 1479 1424 1550 πμὸασιλευόντων
1456 1478 1534 1549 τῷ
1569 1480 1702 1550 Χρι-

175 1569 280 1640 στῷ·
313 1569 398 1622 καὶ
429 1569 510 1632 τίς
541 1569 574 1639 ἡ
615 1567 721 1620 τῶν
745 1568 958 1638 ἀνόμων
986 1568 1074 1621 διὰ
1097 1568 1266 1640 πυρὸς
1286 1567 1528 1630 κόλασις.

234 1661 325 1714 Τοῦ
355 1660 448 1731 μὲν
483 1656 578 1713 οῦν
608 1659 812 1731 Κυρίου
851 1658 1022 1731 Ἰησοῦ
1063 1660 1296 1730 Χριστοῦ
1327 1658 1419 1713 τοῦ
1451 1657 1584 1712 Θεοῦ
1617 1657 1705 1712 διὰ

171 1751 220 1804 τὺ
243 1749 497 1820 βασιλικὸν
536 1750 629 1803 καὶ
661 1749 866 1813 ἔνδοξον
897 1750 972 1813 ὼς
1010 1749 1220 1813 λέοντος
1247 1748 1700 1820 προκεκηρυγμέι

172 1858 262 1894 νου·
292 1842 362 1913 τῷ
409 1841 556 1911 αὐτῷ
609 1839 792 1912 τρόπῳ
837 1840 928 1893 καὶ
968 1840 1058 1893 τὸν
1097 1840 1457 1912 Ἀντίχριστον
1501 1838 1700 1909 ὁμοίως

170 1930 328 1987 λέοντα
371 1932 844 2005 προανηγόρευσαν
870 1932 980 2002 (25)
1019 1933 1074 1985 αί
1118 1931 1331 2002 Γραφαὶ
1372 1930 1458 1984 διὰ
1501 1930 1564 1983 τὸ
1602 1948 1698 1983 τυ-

173 2025 388 2095 ραννικὸν
408 2024 570 2078 αὐτοῦ
605 2025 701 2078 καὶ
735 2024 921 2094 βίαιον.
948 2023 1105 2077 Κατὰ
1133 2024 1311 2077 πάντα
1350 2021 1458 2094 γὰρ
1495 2023 1702 2093 ἐξομοι-

170 2109 325 2162 οῦσθαι
365 2109 605 2179 βούλεται
647 2112 677 2164 6
719 2110 920 2174 πλάνος
965 2110 1042 2181 τῷ
1080 2110 1194 2181 Iit?)
1227 2109 1321 2164 τοῦ
1362 2110 1516 2164 Θεοῦ.
1548 2110 1700 2164 Λέων

174 2201 254 2271 μὲν
278 2202 302 2253 6
328 2201 573 2272 Χριστὸς,
605 2201 702 2255 καὶ
732 2201 869 2255 λέων
909 2205 939 2256 6
981 2202 1363 2274 Ἀντίχριστος·
1396 2202 1644 2273 βασιλεὺς
1671 2205 1700 2256 6

171 2289 395 2360 Χριστὸς,
435 2290 528 2342 καὶ
571 2289 826 2360 βασιλεὺς
874 2291 904 2343 6
950 2289 1328 2362 Ἀντίχριστος.
1384 2288 1622 2360 Ἐδείχθη
1672 2291 1702 2342 6

171 2379 326 2451 Σωτὴρ
362 2380 435 2444 ὡς
473 2381 682 2453 ἀρνίον,
727 2383 821 2436 καὶ
862 2382 1022 2445 αὐτὸς
1061 2381 1260 2452 ὁμοίως
1299 2371 1596 2453 φανήσεται
1625 2381 1700 2446 ὡς

170 2470 340 2541 ἀρνίον,
389 2470 593 2525 ἔνδοθεν
647 2472 806 2537 λύκος
849 2471 942 2525 ὧν.
991 2474 1080 2526 Ἐν
1131 2474 1395 2544 περιτομῇ
1443 2474 1471 2525 6
1512 2472 1700 2543 Σωτὴρ

171 2557 303 2633 ἦλθεν
331 2564 404 2626 εἰς
443 2563 534 2618 τὸν
579 2565 804 2636 κόσμον,
837 2565 931 2618 καὶ
962 2565 1122 2628 αὐτὸς
1161 2563 1360 2635 ὁμοίως
1402 2563 1696 2618 ἐλεύσεται.

180 2653 481 2708 Ἀπέστειλεν
505 2657 533 2709 6
555 2656 1112 2728 Κύριοςάποστόλους
1143 2657 1223 2720 είς
1255 2657 1430 2709 πάντα
1452 2655 1521 2709 τὰ
1549 2655 1697 2725 ἔθνη,

171 2743 246 2796 καὶ
265 2743 412 2807 αὐτὸς
440 2744 642 2814 ὁμοίως
677 2745 881 2815 πέμψει
918 2744 1394 2814 ψευδαποστόλους.
1422 2746 1700 2816 Συνήγαγε

171 2833 225 2884 τὰ
267 2833 711 2907 διεσκορπισμένα
763 2836 1010 2909 πρόϐατα
1051 2837 1080 2889 6
1125 2837 1352 2908 Σωτὴρ,
1403 2838 1496 2890 καὶ
1540 2837 1701 2900 αὐτὸς

171 2921 335 2991 ὁμοίως
377 2926 689 2991 ἐπισυνάξει
724 2927 813 2980 τὸν
840 2927 1318 2999 διεσκορπισμένον
1353 2928 1498 2982 λαόν.
1534 2928 1701 2982 Ἔδω-

173 3030 246 3066 κεν
281 3018 526 3091 ὁΚύριος
567 3018 843 3092 σφραγῖδα
875 3025 986 3086 τοῖς
1033 3023 1114 3087 είς
1155 3024 1317 3077 αὐτὸν
1365 3023 1697 3088 πιστεύουσι,

172 3105 248 3158 καὶ
286 3109 432 3174 αὐτὸς
487 3110 652 3165 δώσει
701 3113 917 3182 ὁμοίως.
980 3114 1067 3168 Ἐν
1127 3117 1363 3186 σχήματι
1412 3114 1698 3186 ἀνθρώπου

173 3197 314 3268 ἐφάνη
356 3202 383 3253 6
424 3202 657 3274 Σωτὴρ,
702 3202 796 3256 καὶ
841 3204 1003 3268 αὐτὸς
1043 3206 1100 3257 ἐν
1138 3207 1375 3276 σχήματι
1413 3205 1697 3277 ἀνθρώπου

173 3289 430 3348 ἐλεύσεται.
470 3295 792 3366 ’Δνὲστησεν
815 3299 844 3350 6
868 3296 1058 3369 Σωτὴρ
1088 3299 1181 3352 καὶ
1213 3298 1379 3363 ἔδειξε
1407 3300 1506 3370 τὴν
1539 3299 1700 3368 ἁγίαν

174 3382 317 3451 σάρκα
344 3384 413 3448 ὡς
447 3387 597 3451 ναὸν,
645 3389 738 3441 καὶ
781 3388 940 3453 αὐτὸς
976 3390 1268 3461 ἀναστήσει
1301 3394 1359 3444 ἐν
1403 3392 1697 3464 Ἱεροσολύ-

177 3490 273 3542 μοις
297 3477 379 3530 τὸν
415 3478 614 3533 λίθινον
645 3481 791 3534 ναόν.
831 3482 940 3534 Καὶ
968 3481 1034 3534 τὰ
1079 3482 1176 3552 μὲν
1204 3483 1378 3536 πλάνα
1419 3483 1582 3538 αὑτοῦ
1613 3501 1700 3537 τε-

174 3568 384 3637 χνήματα
429 3573 484 3623 ὲν
529 3575 646 3635 τοῖς
691 3570 818 3641 ἑξῆς
859 3572 1194 3644 δηλώσομεν·
1244 3576 1357 3628 νυνὶ
1387 3575 1442 3628 δὲ
1474 3577 1608 3646 πρὸς
1639 3575 1699 3628 τὸ

176 3661 490 3731 προκείμενον
514 3661 833 3735 τραπῶμεν.

229 3750 366 3818 Λέγει
406 3749 497 3808 οῦν
539 3757 570 3807 6
627 3755 893 3825 μακάριος
948 3754 1140 3808 Ἰακὼὸ
1173 3759 1230 3809 ὲν
1280 3758 1398 3820 ταῖς
1428 3757 1696 3824 εὐλογίαις

1723 3172 1767 3231 ε

177 3845 535 3914 προαναφωνιῖΝ
595 3845 665 3899 τά
720 3845 848 3916 περὶ
900 3844 994 3898 τοῦ
1048 3847 1250 3918 Κυρίου
1305 3847 1399 3900 καὶ
1450 3849 1700 3918 Σωτῆρος

175 3932 318 4001 ἡμῶν,
360 3935 541 4000 οὕτως·
587 3955 606 3987 ι
656 3936 844 4000 Ἰούδα,
896 3937 955 3990 σὲ
999 3937 1367 3990 αἰνεσάτωσαν
1405 3941 1452 3990 οἱ
1481 3938 1697 4006 ἀδελφοί

177 4039 268 4078 σου.
293 4028 347 4080 Ai
379 4031 554 4100 χεῖρές
586 4045 678 4081 σου
722 4029 814 4081 ἐπὶ
841 4029 1008 4081 νώτου
1050 4029 1157 4081 τῶν
1197 4029 1426 4101 ἐχθρῶν,
1463 4047 1700 4101 προσκυ-

75 4179 82 4189 ι
177 4117 359 4185 νήσουσί
402 4137 478 4173 σοι
525 4121 576 4173 οί
625 4121 730 4173 υίοὶ
772 4118 864 4172 τοῦ
895 4119 1100 4191 πατρός
1131 4137 1242 4173 σου.
1281 4120 1524 4192 Σκύμνος
1553 4121 1699 4174 λέον-

175 4223 246 4271 τος
276 4212 442 4266 Ἰούδα·
476 4216 542 4268 ὲκ
578 4211 829 4283 βλαστοῦ,
875 4212 958 4264 υἱέ
994 4229 1117 4282 μου,
1155 4212 1374 4284 ἀνέὅης,
1410 4213 1695 4268 ἀναπεσὼν

179 4297 433 4374 ἐκοιμήθης
460 4303 531 4367 ὡς
559 4303 697 4356 λέων
736 4302 831 4354 καὶ
860 4300 935 4364 ὡς
980 4302 1242 4372 σκύμνος·
1279 4303 1362 4366 τίς
1393 4305 1572 4375 ὲγερεί
1600 4304 1699 4357 αύ-

176 4389 272 4455 τόν;
317 4394 419 4447 Ούκ
449 4395 689 4464 ἐκλείψει
735 4394 917 4466 ἄρχων
958 4392 1014 4461 ἐξ
1073 4393 1239 4447 ’ἰούδα
1269 4395 1360 4448 καὶ
1402 4396 1700 4467 ἡγούμενος

178 4479 229 4531 ὲκ
248 4480 338 4535 τῶν
366 4485 548 4556 μηρῶν
578 4482 763 4548 αὑτοῦ,
794 4483 898 4546 ἕως
931 4481 996 4536 ἂν
1018 4481 1164 4553 ἔλθῃ,
1188 4477 1232 4551 ᾧ
1263 4483 1563 4538 ἀπόκειται.
1590 4487 1700 4539 Καὶ
1731 4522 1774 4576 D

178 4570 309 4635 αὐτὸς
350 4574 494 4628 ἔσται
541 4573 841 4647 προσδοκία
882 4572 1072 4627 ὲθνῶν.
1116 4574 1401 4644 Δεσμεύων
1427 4577 1561 4647 πρὸς
1591 4578 1698 4648 ἅμα

179 4660 307 4714 πελον
352 4667 443 4737 τὴν
483 4667 604 4721 δνον
639 4665 824 4730 αὑτοῦ,
856 4666 949 4720 καὶ
989 4669 1054 4737 τῇ
1089 4665 1229 4718 ἕλικι
1261 4666 1352 4718 τὸν
1394 4666 1570 4720 πῶλον
1599 4669 1700 4739 τῆς

177 4747 273 4803 δνου
300 4753 468 4810 αὑτοῦ.
497 4755 694 4809 Πλυνεί
725 4757 781 4807 ὲν
809 4753 936 4824 οἴνῳ
958 4753 1056 4825 τὴν
1085 4753 1277 4824 στολὴν
1309 4753 1499 4817 αὑτοῦ,
1522 4758 1615 4810 καὶ
1640 4759 1699 4810 ἐν

179 4841 334 4911 αἵματι
374 4847 643 4918 σταφυλῆς
689 4845 789 4917 τὴν
833 4845 1122 4916 περιϐολὴν
1157 4844 1350 4899 αὑτοῦ.
1379 4847 1620 4918 Χαροποὶ
1651 4850 1698 4901 οί

178 4929 401 5007 ὀφθαλμοὶ
439 4937 600 4992 αὐτοῦ
631 4937 706 5000 ὡς
751 4937 857 4989 άπὸ
887 4936 1050 5000 οῐνου,
1085 4937 1178 4988 καὶ
1210 4936 1391 4988 λευκοὶ
1418 4940 1466 4990 oi
1491 4938 1699 5003 ὀδόντες

181 5023 312 5080 αὐτοῦ
341 5029 370 5099 ἢ
400 5030 550 5099 γάλα.
591 5048 608 5082 ι
1261 5089 1266 5096 ,

236 5117 395 5174 Ταῦτα
447 5123 540 5193 μὲν
583 5116 675 5175 οῦν
732 5119 1108 5191 παραφράξειν
1167 5105 1522 5190 ἐπιστάμενός
1582 5138 1695 5181 σοι,

183 5208 294 5263 αὐτὰ
333 5212 467 5267 δοκεῖ
495 5214 604 5286 (26)
647 5213 812 5266 τανῦν
857 5210 1266 5284 παρατίθεσθαι.
1331 5213 1465 5264 Ἀλλ’
1518 5214 1704 5283 ἐπειδὴ

183 5301 296 5354 αὐτὰ
320 5306 381 5358 τὰ
414 5309 631 5378 ῥήματα
673 5303 966 5377 προτρέπει
999 5301 1094 5355 τοῦ
1138 5302 1337 5370 λέγειν,
1390 5304 1508 5356 οὐδὲ
1551 5303 1707 5356 τοῦτο

185 5397 557 5469 παραλείψομαι·
607 5399 722 5452 ἐστι
755 5396 862 5466 γάρ
907 5397 1072 5458 ὅντως
1110 5393 1228 5448 θεῖα
1253 5396 1345 5448 καὶ
1377 5393 1579 5459 ἔνδοξα,
1613 5394 1704 5448 δυ-

238 5553 258 5584 ⁸
281 5557 426 5622 Apoc.
453 5576 505 5625 v,
537 5561 588 5615 5.
656 5561 684 5591 "
715 5558 872 5614 Joan.
920 5558 1180 5626 xvttt,37.
1264 5558 1304 5589 ¹⁰
1331 5556 1486 5610 Joan.
1519 5573 1558 5622 ι,
1581 5557 1670 5611 ‘29.

1825 5557 1980 5613 Joan.
2013 5575 2090 5628 xu,
2125 5558 2212 5613 52.
2281 5561 2321 5591 ¹²
2355 5557 2511 5614 Joan.
2544 5574 2606 5623 ιι,
2641 5556 2728 5612 19.

1805 579 1912 632 qua
1968 571 2124 617 aatate
2170 575 2234 614 ac
2283 569 2522 628 tempore
2576 555 2899 611 revelabitur
2955 554 3176 623 iniquus
3241 553 3359 619 ille;

1806 652 2079 707 undenam
2105 661 2162 705 et.
2189 666 2253 704 ex
2281 665 2387 718 qua
2421 647 2585 713 tribu,
2620 647 2832 716 quodve
2855 646 2932 700 illi
2963 659 3182 709 nomen,
3205 639 3360 712 ’quod

1803 758 1901 814 per
1945 758 2234 798 numerum
2268 742 2320 795 in
2368 739 2643 809 Scriptura
2685 739 3044 809 signiﬁcatur;
3089 734 3364 805 quomodo

1805 837 2062 905 populum
2100 837 2152 890 in
2180 849 2421 890 errorem
2464 833 2700 896 inducet,
2736 845 3068 900 congregans
3098 845 3128 883 a
3163 828 3361 883 ﬁnibus

1806 936 1991 992 terrae;
2019 941 2181 994 quam
2215 926 2338 980 item
2392 924 2595 979 sanctis
2637 922 3040 976 tribulationem
3081 920 3275 975 inferet
3304 927 3360 974 et

1804 1018 2263 1088 persecutionem;
2291 1026 2344 1071 et
2373 1016 2646 1085 quomodo
2675 1016 2789 1083 ipse
2816 1029 2874 1070 se
2911 1022 2972 1068 ut
3003 1013 3169 1068 Deum
3199 1013 3358 1066 clari-

1805 1108 2020 1173 ﬁcabit;
2051 1109 2175 1178 quis
2208 1107 2326 1177 ejus
2355 1107 2634 1169 interitus;
2674 1104 2946 1174 quomodo
2973 1102 3259 1159 revelanda
3289 1100 3359 1158 de

1805 1200 1958 1255 caelis
1991 1198 2208 1253 Domini
2237 1199 2523 1268 apparitio,
2553 1213 2617 1252 ac
2640 1213 2759 1267 qua:
2787 1196 3026 1250 universi
3054 1196 3200 1250 orbis
3228 1209 3359 1248 con-

1804 1290 2079 1361 ﬂagratio;
2129 1290 2273 1361 quod
2311 1288 2634 1344 Sanctorum
2686 1289 2978 1358 gloriosum
3027 1303 3092 1343 ac.
3140 1288 3362 1343 etcleste

1805 1397 2032 1447 regnum
2062 1397 2184 1436 cum
2217 1380 2437 1437 Christo
2470 1381 2843 1446 regnantium;
2873 1395 2937 1435 ac
2969 1381 3113 1450 quod
3147 1380 3362 1450 iniquo-

1806 1490 1930 1528 rum
1957 1487 2054 1544 per
2079 1474 2258 1544 ignem
2290 1474 2632 1544 supplicium.

1875 1651 1962 1706 Vl.
1995 1650 2130 1707 Nam
2163 1667 2287 1708 cum
2316 1651 2583 1708 Dominus
2625 1662 2810 1707 noster
2835 1649 2994 1707 Jesus
3019 1651 3270 1708 Christus
3297 1667 3363 1707 ac

1807 1742 1972 1806 Deus,
2003 1743 2148 1814 regia
2192 1745 2435 1799 celsitate
2479 1754 2642 1813 atque
2679 1745 2864 1815 gloria:
2901 1743 3162 1808 claritate,
3190 1754 3250 1798 ut
3278 1743 3363 1798 leo

1731 1821 1774 1876 Β
1801 1832 2124 1902 praedicatus
2156 1833 2227 1888 sit
2252 1833 2308 1899 ⁸;
2343 1833 2533 1888 eodem
2567 1835 2726 1887 modo
2754 1843 2809 1887 et
2843 1833 3232 1886 Antichristum
3263 1847 3360 1901 pa»

1799 1924 1932 1978 riter
1965 1923 2177 1979 leonem
2221 1923 2512 1994 Scriptura:
2549 1926 2885 1988 vocitarunt,
2915 1940 3009 1994 pro
3033 1925 3152 1993 ejus
3181 1933 3363 1995 tyran-

1798 2016 1922 2070 nide
1946 2016 2331 2082 violentiaque.
2363 2015 2626 2072 Seductor
2657 2018 2800 2070 enim
2832 2033 2927 2086 per
2959 2017 3140 2070 omnia
3168 2017 3362 2072 similis

1798 2108 1969 2163 videri
2000 2109 2113 2164 vult
2155 2108 2250 2164 Dei
2294 2108 2452 2164 Filio.
2486 2109 2594 2164 Leo
2629 2111 2846 2179 quidem
2874 2110 3147 2175 Christus,
3181 2121 3235 2164 et
3274 2109 3362 2164 leo

1798 2200 2204 2265 Antichristus;
2249 2218 2342 2257 rex
2389 2202 2642 2258 Christus
2665 2203 2707 2268 ',
2737 2218 2801 2256 ac
2843 2219 2940 2258 rex
2971 2203 3358 2258 Antichristus.

1799 2291 2083 2348 Exhibitus
2127 2302 2212 2348 est
2258 2292 2510 2348 Salvator
2555 2302 2615 2348 ut
2662 2310 2834 2364 agnus
2884 2297 2960 2360 ¹⁰;
2992 2295 3107 2364 ipse
3143 2309 3362 2366 quoque

1797 2384 1999 2453 pariter
2025 2394 2083 2460 ut
2111 2400 2284 2456 agnus
2314 2386 2612 2455 apparebit,
2639 2401 2762 2441 eum
2793 2387 3022 2444 interius
3063 2389 3133 2442 sit
3176 2388 3357 2457 lupus.

1800 2476 1957 2532 Venit
1985 2475 2229 2534 Salvator
2256 2478 2310 2532 in
2343 2479 2757 2535 circumcisione
2783 2482 2835 2535 in
2873 2482 3158 2549 mundum,
3181 2483 3363 2536 veniet

1798 2575 1854 2622 et
1885 2567 1972 2622 ille
2001 2568 2275 2624 similiter.
2309 2568 2455 2624 Misit
2483 2569 2745 2626 Dominus
2770 2572 3045 2642 apostolos
3077 2571 3132 2626 in
3168 2587 3359 2628 omnes

1796 2667 2016 2729 gentes;
2062 2658 2239 2713 mittet
2291 2669 2345 2715 et
2404 2661 2518 2730 ipse
2566 2662 2789 2731 perinde
2846 2661 3355 2732 pseudoapostolos.

1797 2748 2156 2819 Congregavit
2185 2748 2431 2804 Salvator
2467 2766 2594 2808 oves
2615 2791 2632 2816 ,
2659 2766 2780 2821 quae
2812 2751 3072 2822 dispersae
3098 2763 3252 2808 erant
3281 2754 3356 2819 “;

1799 2839 1914 2909 ipse
1940 2855 2159 2909 quoque
2203 2842 2404 2910 pariter
2447 2843 2703 2912 populum
2749 2844 3125 2913 congregabit,
3153 2845 3246 2914 qui
3277 2845 3361 2900 di-

1799 2946 2020 2999 spersus
2053 2941 2154 2987 est.
2189 2931 2345 2988 Dedit
2372 2931 2634 2989 Dominus
2680 2934 2927 2989 ﬁdelibus
2957 2935 3072 2990 suis
3104 2936 3360 3005 signacu-

1799 3023 1946 3089 lum;
1991 3024 2107 3093 ipse
2142 3039 2358 3094 quoque
2403 3024 2652 3080 similiter
2681 3025 2848 3080 dabit.
2877 3025 3139 3095 Apparuit
3175 3024 3362 3080 Salva-

1803 3123 1890 3169 tor
1920 3116 2154 3171 hominis
2182 3117 2400 3182 habitu;
2437 3116 2552 3186 ipse
2582 3133 2799 3187 quoque
2826 3118 2882 3171 in
2912 3117 3150 3172 hominis
3172 3118 3359 3172 habitu

1801 3205 2002 3260 veniet.
2057 3206 2326 3261 Excitavit
2374 3205 2659 3273 Salvator,
2714 3222 2778 3261 ac
2839 3215 3081 3263 sanctam
3143 3222 3361 3262 carnem

1801 3311 1958 3351 suam
2005 3305 2065 3351 ut
2108 3298 2368 3367 templum
2411 3296 2539 3354 fecit
2593 3300 2665 3366 ης
2713 3300 2828 3369 ipse
2867 3300 3049 3355 itidem
3102 3301 3359 3369 templum

1801 3386 2070 3456 lapidibus
2115 3396 2487 3442 constructum
2538 3387 2928 3461 Hierosolymis
2970 3391 3244 3446 excitabit.
3285 3390 3362 3446 Ac

1801 3475 2018 3545 quidem
2062 3475 2180 3545 ejus
2208 3477 2500 3531 seducendi
2535 3478 2764 3532 artiﬁcia
2799 3480 3151 3548 sequentibus
3177 3480 3359 3536 decla-

1800 3565 2079 3630 rahimns;
2130 3580 2274 3620 nunc
2326 3581 2457 3622 vero
2506 3567 2574 3621 ad
2628 3567 2934 3637 subjectum
2984 3584 3359 3639 argumentum

1799 3663 2095 3708 venamur.

1872 3744 1982 3800 νη.
2012 3745 2152 3800 Dicit
2176 3746 2358 3815 itaque
2388 3747 2579 3803 beatus
2604 3745 2770 3804 Jacol)
2792 3749 2848 3803 in
2875 3749 3358 3817 benedictionibus,

1799 3837 2332 3908 praenuntianmqua:
2369 3839 2434 3894 ad
2466 3839 2754 3894 Dominum
2795 3857 2858 3895 ac
2892 3839 3220 3895 Salvatorem
3257 3859 3358 3896 no-

1801 3937 1972 3982 strum
2024 3937 2290 3996 spectant,
2345 3929 2420 3983 ita
2454 3930 2681 3999 loquens
2720 3949 2732 3984 :
2766 3949 2784 3982 ι
2831 3929 3004 3997 Juda,
3039 3933 3257 3987 laudent
3307 3942 3361 3988 te

1801 4020 1995 4075 fratres
2027 4020 2128 4078 tui.
2163 4021 2356 4076 Manus
2396 4032 2500 4076 tua:
2524 4023 2580 4077 in
2610 4022 2774 4079 dorso
2819 4023 3192 4088 inimicorum;
3229 4025 3361 4080 ado-

1799 4113 1998 4167 rabunt
2039 4123 2089 4168 te
2123 4113 2215 4166 ﬁlii
2260 4115 2427 4183 patris
2473 4115 2571 4168 tui.
2621 4114 2846 4170 Catulus
2879 4116 3052 4172 leonis
3084 4115 3220 4171 Juda
3247 4135 3260 4182 ;
3292 4134 3358 4171 ex

1799 4208 2059 4276 germine,
2107 4206 2180 4261 ﬁli
2227 4209 2320 4273 mi,
2368 4207 2682 4262 ascendisti.
2727 4207 3066 4263 Recumbens
3111 4209 3358 4264 dormisti

1763 4323 1766 4326 ~
1802 4308 1860 4352 ut
1893 4298 1995 4360 leo,
2031 4307 2087 4354 et
2118 4308 2180 4353 ut
2219 4300 2432 4354 catulus
2477 4299 2690 4354 leonis:
2724 4301 2848 4369 quis
2885 4299 3167 4355 suscitahit
3193 4300 3362 4355 eum?

1801 4387 1918 4442 Non
1949 4388 2162 4445 deﬁciet
2193 4390 2440 4460 princeps
2471 4405 2536 4445 ex
2566 4387 2701 4444 Juda
2739 4398 2793 4444 et
2833 4390 2941 4444 dux
2971 4406 3036 4444 ex
3065 4390 3361 4448 femoribus

1802 4477 1940 4545 ejus,
1975 4478 2148 4533 donec
2193 4479 2371 4534 veniat
2400 4478 2487 4533 cui
2531 4480 2826 4548 repositum
2854 4477 2968 4546 est';
3004 4489 3058 4534 et
3102 4480 3217 4550 ipse
3259 4481 3364 4535 erit

1802 4570 2136 4638 exspectatio
2190 4569 2449 4639 gentium.
2512 4569 2754 4640 Alligans
2807 4570 2874 4623 ad
2932 4571 3092 4625 vitem
3149 4571 3359 4624 asinam

1804 4674 1981 4726 suam,
2009 4669 2063 4714 et
2089 4660 2156 4715 ad
2190 4662 2414 4717 heli-cem
2448 4663 2650 4731 pullum
2685 4662 2850 4716 asina:
2892 4678 3022 4717 suae.
3051 4662 3275 4717 Lavabit
3306 4664 3360 4718 in

1805 4749 1930 4803 vino
1983 4748 2177 4803 stolam
2229 4765 2422 4814 suam,
2466 4761 2519 4805 et
2569 4751 2620 4803 in
2675 4753 2937 4819 sanguine
2984 4767 3100 4806 uvae
3141 4753 3362 4822 pallium

1805 4859 1986 4898 suum.
2038 4841 2250 4897 l-lilares
2298 4843 2440 4898 oculi
2497 4843 2617 4912 ejus
2656 4859 2687 4896 a
2739 4843 2886 4908 vino,
2932 4853 2985 4898 et
3029 4843 3218 4900 dentes
3243 4845 3364 4914 ejus

1801 4937 1938 4990 lacte
1966 4935 2306 4990 candidiores
2337 4935 2397 4989 ⁸⁸.
2434 4953 2452 4986 ι

1879 5119 2011 5178 Vlll.
2049 5121 2172 5179 ιιωε
2207 5138 2329 5176 cum
2359 5122 2602 5191 pluribus
2640 5137 2704 5176 ac
2727 5121 2958 5177 circuitu
2991 5121 3171 5192 eloqui
3201 5136 3364 5175 nove-

1807 5215 1934 5278 rim,
1961 5215 2134 5282 ipsum
2169 5214 2329 5268 modo
2367 5225 2574 5269 textum
2605 5229 2874 5284 apponere
2904 5213 3082 5267 libuit.
3114 5213 3249 5277 Quia
3278 5222 3363 5265 ta-

1809 5322 1929 5359 men
1961 5307 2076 5377 ipsa
2100 5308 2280 5363 divina
2319 5307 2479 5360 verba
2508 5308 2738 5360 suadent
2775 5306 2944 5376 loqui,
2975 5320 3040 5359 ne
3070 5305 3120 5358 id
3146 5303 3361 5372 quidem

1810 5397 2080 5454 omittam.
2130 5397 2295 5454 Plane
2338 5398 2481 5453 enim
2529 5399 2710 5452 divina
2741 5408 2870 5452 sunt
2907 5408 2961 5451 ct
3007 5395 3254 5457 illustria,
3299 5408 3364 5448 ac

2810 5556 2851 5587 ”
2875 5554 3008 5609 Gen.
3037 5567 3180 5617 nix,
3211 5549 3360 5606 8-13.

359 5717 894 5788 Προανητόρευσαιυ.
922 5714 1241 5788 Comlgaﬁs.,
1271 5713 1702 5788 προηγόρευσαν.
1741 5713 1956 5770 ΡΑιιιιισ.

244 5776 338 5849 (Ἡ)
373 5776 539 5840 Ioui.
564 5776 698 5856 'Le'g.
731 5787 886 5842 δοκῶ.
919 5784 1048 5840 Tm.
1081 5784 1207 5840 Fu.
