3876 6340
565 323 667 380 739
1183 317 1239 373 9-
1283 316 1641 373 HIPPOLYTI
1680 315 1828 371 OPP.
1865 314 2046 370 PARS
2086 313 2149 368 Il.
2192 345 2260 354 —
2320 311 2627 368 DOGMAT.
2670 313 2758 368 ET
2819 313 3162 370 HISTORIC.
3612 327 3692 381 uo

563 449 617 494 et
668 443 929 494 Jcrcmtas
985 436 1064 492 sic
1111 435 1233 489 ait:
1277 453 1295 486 ι
1353 434 1395 488 Ε
1440 434 1553 489 Dan
1604 434 1890 490 audiemus
1933 448 2094 487 vooen

2160 441 2197 496 Α
2238 430 2600 502 Ἀντίχριστον
2629 431 2762 502 (57).
2797 431 2956 500 Λέγει
2996 431 3105 501 γάρ
3145 433 3235 486 καὶ
3272 435 3508 509 Ἱερεμίας
3537 442 3691 510 οὕτως·

563 528 857 585 celeritatis
891 542 1156 597 equorum
1186 529 1326 597 ejus,
1354 541 1385 580 a
1413 539 1546 580 voce
1574 525 1816 579 hinnitus
1844 526 2094 595 equitatu:

2230 543 2249 573 ι
2287 524 2472 594 Φωνὴν
2519 526 2582 576 ἐκ
2623 523 2729 576 Δάν
2775 524 3133 594 ἀκουσώμεθα
3161 525 3396 597 ὀξύτητος
3425 531 3578 586 ἵππων
3611 536 3696 610 (58)

562 635 825 690 equorum
874 619 993 689 ejus
1044 627 1316 674 commota
1365 628 1452 673 est
1493 619 1746 672 universa
1794 627 1936 672 terra
1981 617 2047 670 ’³.

2223 616 2409 677 αὐτοῦ,
2438 614 2569 685 [ἀπὸ
2588 616 2770 686 φωνῆς
2801 614 3168 686 χρεμετισμοῦ
3194 619 3432 684 ἱππασίας
3462 623 3610 678 ἵππων
3631 630 3701 681 αὑ-

562 714 654 767 Ait
673 725 804 765 vero
847 718 901 765 et
926 710 1064 766 alius
1090 709 1353 779 prepheta
1389 728 1402 764 :
1441 728 1460 760 ι
1509 709 1870 779 Congregahit
1900 721 2093 761 omnen

2221 705 2339 776 τοῦ]
2363 706 2577 776 ἐσείσθη
2623 708 2774 760 πᾶσα
2799 709 2831 776 ὴ
2863 706 2955 776 γῆ.
3003 727 3021 757 ι
3048 707 3208 775 Λέγει
3229 708 3281 760 δὲ
3317 712 3401 763 καὶ
3429 713 3584 783 ἕτερος
3605 735 3703 789 προ-

562 807 813 859 virtutem
865 819 1020 858 suam
1071 819 1101 857 a
1149 803 1280 857 solis
1321 811 1446 857 ortu
1501 817 1675 871 usque
1724 801 1793 855 ad
1837 815 2091 856 occasum

2222 795 2424 865 φήτηςσ
2481 814 2497 845 ι
2535 795 2760 860 Ξυνάξει
2805 797 2981 849 πᾶσαν
3029 795 3253 868 δύναμιν
3298 801 3448 854 αὐτοῦ
3489 805 3565 872 ἀφ’
3591 807 3702 877 ἡλίου

562 896 710 962 Quos
754 893 1048 959 vocaverit,
1097 900 1151 948 et
1195 907 1333 962 quos
1372 907 1482 947 non
1526 891 1817 955 vocaverit,
1853 905 1976 944 cum
2026 890 2093 943 illi

2222 888 2493 943 ἀνατολῶν
2525 888 2681 960 ἄχρις
2708 889 2856 960 ἡλίου
2888 892 3105 962 δυσμῶν
3129 910 3142 922 ·
3171 893 3262 957 οὓς
3289 895 3518 967 κεκλήκοι
3542 901 3618 952 καὶ
3636 901 3704 964 οὓς

563 989 736 1043 ibunt.
767 985 1102 1041 Candescere
1131 999 1279 1040 mare
1305 984 1468 1040 faciet
1501 998 1610 1053 pra:
1653 982 2003 1037 multitudine
2029 998 2091 1036 ve

2223 981 2283 1033 οὐ
2309 980 2563 1053 κεκλήκοι
2598 982 3021 1053 πορευθήσονται
3043 985 3160 1055 ’μετ’
3190 986 3364 1040 αὐτοῦ.
3391 990 3705 1064 Λευκανεῖτὴν

564 1080 741 1133 lorum
770 1077 1011 1140 navium,
1042 1085 1096 1130 et
1121 1075 1427 1146 nigrescere
1450 1088 1702 1142 campum
1732 1088 1844 1142 pra:
1875 1072 2090 1127 multitu

2224 1070 2494 1125 θάλασσαν
2519 1072 2624 1126 ἀπὸ
2644 1073 2751 1126 τῶν
2779 1074 2959 1128 ἱστίων
2975 1075 3081 1128 τῶν
3121 1077 3334 1142 πλοίων,
3356 1079 3441 1132 καὶ
3473 1081 3708 1150 μελανείτδ

563 1171 688 1225 (line
718 1179 1019 1224 scutorum.
1045 1169 1142 1232 Ac,
1173 1168 1219 1221 si
1248 1166 1374 1236 quis
1411 1165 1462 1220 ei
1495 1165 1551 1219 in
1579 1165 1770 1234 prtelio
1797 1165 2094 1220 occurrerit

2225 1166 2401 1218 πεδίον
2445 1165 2551 1220 ἀπὸ
2580 1166 2685 1218 τῶν
2714 1166 2919 1238 θυρεῶν
2967 1166 3073 1220 τῶν
3102 1168 3275 1220 ὅπλων
3297 1185 3310 1198 ·
3341 1170 3426 1222 καὶ
3469 1173 3562 1236 πᾶς
3597 1174 3642 1237 ὃς
3663 1173 3709 1228 ἂν

562 1260 740 1330 gladio
789 1267 1006 1314 corruet
1027 1257 1093 1311 “.
1130 1256 1330 1322 pQuod
1367 1257 1512 1312 enim
1567 1257 1682 1310 haec
1743 1270 1850 1309 non
1898 1255 1966 1310 de
2007 1255 2093 1308 υ11‹

2225 1259 2528 1328 συναντήσῃ
2554 1257 2700 1329 αὐτῷ
2726 1261 2784 1312 ὲν
2805 1259 3043 1330 πολέμῳ,
3071 1261 3309 1332 μαχαίρᾳ
3332 1266 3564 1316 πεσεῖται.
3588 1285 3603 1315 ι
3623 1268 3711 1320 Ὅτι

565 1349 671 1404 alio
715 1349 856 1403 dicta
905 1348 1031 1413 sint,
1062 1363 1223 1417 quam
1269 1349 1336 1401 de
1382 1356 1613 1416 tyranno
1652 1344 1743 1398 illo
1793 1353 1904 1398 tum
1941 1343 2096 1412 impul

2228 1349 2324 1419 μὲν
2351 1344 2444 1402 οὖν
2475 1349 2647 1402 ταῦτα
2687 1349 2786 1402 οὐκ
2819 1351 2906 1402 ἐπ’
2935 1350 3090 1404 ἄλλον
3121 1350 3241 1404 τινὰ
3282 1352 3499 1423 εἴρηται,
3525 1355 3618 1408 ἀλλ’
3645 1354 3713 1409 ἐπὶ

563 1444 740 1507 dente,
768 1451 879 1496 tum
914 1440 1006 1496 Dei
1045 1439 1374 1506 adversario,
1400 1440 1456 1493 in
1484 1439 1834 1508 sequentibus
1868 1437 2094 1493 ostende

2223 1439 2314 1492 τὸν
2349 1440 2606 1511 τύραννον
2639 1441 2732 1494 καὶ
2763 1441 2954 1512 ἀναιδῆ
2987 1442 3080 1495 καὶ
3113 1441 3393 1514 θεομάχον,
3423 1443 3629 1515 δείξομεν
3647 1446 3713 1502 διὰ

566 1550 706 1589 mus.

2224 1531 2332 1586 τῶν
2360 1531 2503 1602 ἑξῆς.

635 1624 772 1680 XVI.
823 1623 927 1678 Sed
975 1632 1028 1678 et
1066 1621 1233 1678 Isaias
1259 1622 1342 1677 sic
1371 1621 1446 1676 ait
1478 1640 1492 1676 :
1545 1639 1564 1672 ι
1598 1619 1664 1674 Ει
1694 1621 1799 1676 erit
1833 1635 1958 1675 cum
1988 1633 2120 1674 con-

2293 1624 2454 1694 Λέγει
2486 1625 2579 1678 καὶ
2614 1625 2839 1688 Ἡσαΐας
2866 1625 3036 1689 οὕτως
3055 1643 3067 1656 ·
3117 1645 3136 1677 ι
3177 1628 3285 1680 Kal
3313 1627 3453 1682 ἔσται
3493 1629 3600 1680 ὅταν
3625 1644 3715 1680 συν-

565 1717 914 1772 summaverit
945 1714 1206 1770 Dominus
1239 1714 1422 1769 omnia
1456 1713 1664 1768 faciens
1690 1713 1746 1766 in
1775 1721 1958 1768 monte
1988 1712 2096 1766 Sion

2225 1715 2416 1788 τελέσῃ
2445 1716 2645 1787 Κύριος
2678 1717 2853 1770 πάντα
2879 1716 3044 1770 ποιῶν
3072 1718 3163 1770 ἐπὶ
3184 1718 3262 1787 τῷ
3289 1718 3399 1788 ὄρει
3419 1717 3488 1788 τῷ
3512 1717 3626 1771 Σιὼν
3647 1719 3715 1770 καὶ

562 1819 617 1865 et
650 1808 977 1874 Jerusalem;
1013 1807 1229 1860 inducet
1253 1821 1416 1875 super
1445 1813 1676 1860 mentem
1719 1819 1992 1873 magnam,
2027 1820 2089 1858 su

2184 1803 2195 1851 ι
2233 1806 2600 1879 Ἰερουσαλήμ,
2635 1807 2822 1872 ἐπάξει
2869 1808 2963 1860 ἐπὶ
3009 1808 3104 1860 τὸν
3148 1807 3272 1861 νοῦν
3317 1809 3402 1862 τὸν
3452 1809 3618 1879 μέγαν,
3651 1810 3715 1860 ἐπὶ

564 1916 657 1972 per
699 1899 994 1970 principem
1041 1897 1422 1968 Assyriorum,
1473 1902 1528 1949 et
1573 1909 1733 1963 super
1785 1894 2095 1948 altitudinen

2221 1899 2312 1951 τὸν
2358 1899 2590 1971 ἄρχοντα
2632 1899 2739 1952 τῶν
2795 1899 3109 1970 Ἀσσυρίων,
3141 1901 3236 1952 καὶ
3283 1901 3372 1953 ἐπὶ
3415 1899 3470 1952 τὸ
3511 1899 3620 1969 ὕψος
3643 1901 3713 1969 τῆς

567 1991 752 2062 gloria:
785 1990 1064 2045 oculorum
1102 1988 1243 2057 ejus.
1292 1986 1438 2040 Dixit
1467 1985 1612 2040 enim
1649 2003 1661 2037 :
1702 1983 1760 2038 In
1808 1983 2098 2039 fortitudini

2221 1990 2376 2061 δόξης
2424 1990 2531 2042 τῶν
2576 1987 2866 2061 ὀφθαλμῶν
2913 1990 3095 2045 αὐτοῦ.
3143 1987 3280 2044 Eine
3330 1991 3463 2064 γάρ·
3511 1992 3578 2061 Τῇ
3615 1992 3718 2061 ἰσχύϊ

569 2082 786 2145 faciam,
825 2090 879 2134 et
923 2079 1184 2148 sapientia
1229 2075 1530 2131 intellectus
1584 2071 1824 2128 auferam
1866 2073 2100 2127 termino:

2223 2083 2451 2153 ποιήσω,
2485 2082 2578 2134 καὶ
2603 2085 2669 2152 τῇ
2703 2082 2867 2152 σοφίᾳ
2898 2083 2994 2153 τῆς
3013 2083 3293 2151 ,συνέσεως
3340 2084 3508 2152 ἁφελῶ
3535 2085 3634 2158 ὅρια
3656 2083 3718 2136 ἐϐ-

568 2174 830 2245 gentium,
874 2180 931 2226 et
978 2168 1348 2224 fortitudinem
1396 2181 1583 2221 eorum
1636 2164 2015 2235 deprzedabor;
2071 2180 2099 2218 e

2223 2173 2348 2240 νῶν,
2380 2175 2474 2228 καὶ
2503 2174 2602 2245 τὴν
2646 2175 2796 2244 ἰσχὺν
2843 2175 3018 2228 αὐτῶν
3062 2176 3436 2247 προνομεύσω,
3476 2176 3558 2229 καὶ
3597 2177 3719 2229 σείσω

566 2266 872 2322 concutiam
897 2264 1144 2320 civitates
1173 2262 1458 2325 habitatas,
1483 2269 1534 2314 et
1557 2259 1741 2313 orbem
1773 2267 1944 2312 totum
1973 2273 2092 2311 com

2223 2265 2402 2328 πόλεις
2447 2265 2895 2336 κατοικουμένας,
2928 2267 3019 2320 καὶ
3047 2266 3141 2338 τὴν
3182 2268 3492 2340 οἰκουμένην
3518 2268 3622 2339 ὅλην
3652 2286 3720 2321 κα-

569 2358 901 2431 prehendam
952 2371 1117 2410 manu
1164 2369 1282 2409 mea
1309 2354 1463 2424 quasi
1495 2351 1704 2412 nidum,
1734 2359 1788 2405 et
1833 2351 1990 2420 quasi
2021 2365 2100 2404 ov:

2222 2355 2528 2426 ταλήψομαι
2558 2359 2623 2427 τῇ
2655 2357 2795 2428 χειρί
2830 2374 2950 2427 μου,
2981 2358 3055 2421 ὡς
3097 2358 3339 2422 νοσσιὰν,
3377 2359 3466 2412 καὶ
3507 2360 3572 2422 ὼς
3598 2376 3721 2412 κατα-

566 2450 820 2507 derelicta
856 2449 1041 2505 tollam
1074 2456 1188 2507 net
1224 2460 1332 2500 non
1364 2454 1446 2500 est
1475 2444 1569 2513 qui
1601 2442 1819 2512 effugiat
1856 2453 1959 2498 aut.
1991 2458 2090 2497 con

2222 2447 2546 2518 λελειμμένα
2588 2449 2671 2500 ὼά
2702 2448 2850 2520 ἀρῶ·
2887 2450 2982 2502 καὶ
3012 2450 3112 2504 οὐκ
3159 2450 3328 2513 ἔστιν,
3355 2452 3411 2514 ὃς
3447 2451 3720 2519 διαφεύξεται

569 2543 801 2598 tradicat
824 2542 953 2596 mihi
977 2560 992 2609 ;
1021 2550 1072 2596 et
1097 2539 1189 2609 qui
1215 2537 1419 2608 aperiat
1445 2552 1506 2592 os
1528 2553 1580 2590 et
1605 2535 1824 2605 garriat.
1856 2533 2100 2603 Numqui:

2222 2540 2255 2610 ἦ
2284 2539 2508 2610 ἀντείπῃ
2559 2557 2667 2611 μοι,
2698 2540 2817 2612 [καὶ
2858 2541 3083 2609 ἀνοίγων
3118 2543 3179 2596 τὸ
3217 2543 3391 2614 στόμα
3424 2545 3511 2597 καὶ
3538 2541 3725 2613 στρουθί-

566 2636 954 2707 glorificabitur
985 2631 1192 2688 securis
1221 2632 1337 2685 sine
1357 2645 1422 2684 eo
1455 2631 1547 2698 qui
1581 2628 1736 2682 caedit
1769 2629 1820 2680 in
1856 2627 2006 2694 ipsa?
2032 2641 2097 2679 an

2225 2631 2349 2694 ζων.
2383 2631 2478 2700 Μὴ
2517 2630 2902 2702 δοξασθήσεται
2944 2632 3099 2702 ἀξίνη
3126 2633 3257 2687 ἄνευ
3289 2634 3382 2687 τοῦ
3409 2635 3657 2696 κόπτοντος
3683 2634 3723 2684 ὲν

567 2729 889 2784 exaltabitur
909 2741 1060 2782 serra
1091 2725 1208 2779 sine
1233 2738 1298 2778 eo
1325 2725 1418 2792 qui
1454 2722 1600 2774 illam
1635 2719 1838 2774 trahit?
1866 2717 2094 2772 Similite

2223 2723 2365 2793 αὐτῇ
2387 2740 2401 2786 ;
2427 2723 2459 2793 ἢ
2485 2721 2827 2793 ὑψωθήσεται
2857 2723 3028 2795 πρίων
3059 2724 3188 2778 ἄνευ
3219 2725 3312 2779 τοῦ
3337 2726 3563 2789 ἕλκοντος
3582 2723 3725 2786 am;

568 2821 614 2875 si
658 2820 781 2890 quis
814 2817 1094 2874 sustulerit
1142 2815 1346 2884 virgam
1393 2821 1489 2866 aut
1533 2812 1759 2881 lignum,
1799 2809 2093 2864 exaltabitu

2236 2807 2524 2872 Ὡσαύτως,
2559 2808 2652 2862 ἐάν
2693 2826 2777 2873 τις
2805 2810 2912 2883 ἄρῃ
2947 2811 3140 2882 ῥάϐδον
3173 2814 3209 2884 ἢ
3247 2813 3418 2879 ξύλον,
3447 2814 3725 2884 ὑψωθήσεται

569 2913 794 2982 lignum.
845 2910 911 2965 Et
955 2923 1063 2963 non
1103 2907 1202 2962 sic.
1249 2905 1354 2959 Sed
1405 2905 1578 2958 mittet
1621 2903 1821 2958 Adonai
1863 2901 2092 2956 Domino

2226 2897 2433 2973 ξύλονο]
2467 2899 2560 2952 καὶ
2587 2902 2684 2971 οὐχ
2727 2901 2917 2966 οὕτως.
2960 2902 3118 2956 Ἀλλά
3145 2905 3432 2958 ἀποστελεῖ
3464 2904 3653 2959 Ἀδωναῒ
3673 2905 3726 2965 είς

570 3003 805 3059 Sabaoth
836 3003 890 3055 in
922 3003 1184 3056 honorem
1229 3006 1380 3052 tuum
1409 2994 1760 3065 ignominiam
1800 3014 1815 3050 :
1847 3003 1901 3048 et
1930 2995 1982 3048 in
2011 2995 2098 3065 glo

2225 2992 2327 3064 τὴν
2359 2993 2456 3064 σὴν
2478 2992 2640 3065 τιμὴν
2679 2994 2920 3065 ἀτιμίαν,
2956 2997 3048 3048 καὶ
3075 2997 3154 3060 είς
3192 2997 3292 3068 τὴν
3339 2999 3435 3070 σὴν
3475 2997 3611 3061 δόξαν
3651 2995 3727 3064 πῦρ

570 3094 706 3148 riam
739 3103 884 3146 tuam
925 3090 1066 3160 ignis
1099 3089 1294 3142 ardens
1341 3085 1672 3142 exardescet.
1709 3083 1771 3139 Et
1803 3085 1907 3139 erit
1946 3085 2101 3139 lumen

2225 3084 2512 3154 καιόμενον
2541 3086 2890 3156 καυθήσεται.
2918 3087 3028 3139 Καὶ
3059 3088 3120 3140 τὸ
3151 3090 3270 3156 φῶς
3301 3089 3393 3143 τοῦ
3422 3087 3612 3161 Ἰσραὴλ
3634 3086 3728 3156 πῦρ,

570 3185 735 3240 Israel
761 3185 813 3238 in
837 3183 961 3253 igne
991 3200 1006 3236 :
1040 3190 1094 3236 et
1131 3179 1488 3235 sanctilicabit
1513 3178 1567 3232 in
1599 3176 1835 3244 llamma,
1863 3185 1918 3231 et
1941 3192 2101 3231 come-

2225 3175 2320 3228 καὶ
2347 3177 2561 3244 ἁγιάσει
2597 3178 2756 3230 αὑτὸν
2794 3180 2852 3233 ὲν
2885 3178 3064 3249 φλογὶ,
3097 3181 3190 3234 καὶ
3237 3181 3466 3252 φάγεται
3494 3182 3561 3245 ὡς
3587 3179 3728 3250 χόρτον

569 3278 660 3332 det
686 3276 825 3330 sicut
877 3273 1086 3337 fenum,
1116 3273 1305 3326 silvam
1337 3271 1405 3326 ³⁸.
1443 3288 1462 3321 ›

975 3289 1086 3337 um,
1116 3273 1305 3326 silvam
1337 3271 1405 3326 ³⁸.
1443 3288 1462 3321 ›
2225 3269 2324 3340 τὴν
2355 3269 2506 3340 ὓλην.

638 3367 806 3422 XVII.
834 3365 962 3420 Item
988 3365 1094 3419 alio
1113 3377 1328 3434 quoque
1354 3363 1508 3417 loco:
1546 3379 1566 3412 ι
1595 3359 1878 3427 Quomodo
1898 3359 2128 3414 cessavit

2298 3362 2407 3414 Καὶ
2440 3361 2599 3415 πάλιν
2621 3362 2679 3413 ἐν
2705 3361 2874 3433 ἑτέρῳ
2908 3359 3088 3430 λέγει·
3143 3385 3162 3416 ε
3207 3366 3333 3431 Πῶς
3366 3361 3731 3420 ἀναπέπαυταιό

569 3459 819 3515 exactor?
840 3472 1012 3528 quave
1039 3455 1250 3510 ratione
1278 3453 1514 3509 cessavit
1533 3449 1889 3507 sollicitator?
1912 3449 2095 3504 Contri

2234 3452 2500 3516 ἀπαιτῶν,
2522 3452 2744 3516 καὶπῶς
2761 3454 3134 3509 ἀναπέπαυται
3145 3459 3179 3510 ¹ὀ
3193 3457 3602 3528 ὲπισπουδαστής
3620 3453 3732 3520 ﬂuv-

569 3551 646 3605 vit
672 3549 812 3604 Deus
852 3549 1040 3619 jugum
1066 3546 1369 3616 principum
1406 3553 1772 3612 peccatorum,
1821 3541 2094 3612 percutien

2229 3543 2444 3615 έτριψεν
2478 3547 2507 3597 ὁ
2538 3545 2668 3608 Θεὸς
2716 3546 2808 3598 τὸν
2840 3545 3001 3614 ζυγὸν
3033 3548 3140 3601 τῶν
3186 3549 3461 3620 ἀρχόντων
3485 3548 3580 3600 τῶν
3601 3547 3734 3613 ἀμαρ-

571 3653 780 3717 gentem
815 3641 996 3696 furore
1012 3652 1065 3694 et
1083 3640 1235 3709 plaga
1264 3634 1892 3704 insanabili,percutiens
1916 3639 2102 3700 genteri

2227 3631 2411 3684 τωλῶν
2431 3649 2445 3662 ·
2479 3632 2722 3696 πατάξας
2740 3632 2888 3698 ἔθνος
2913 3637 2969 3687 ἐν
2993 3635 3149 3708 θυμῷ
3167 3638 3266 3690 καὶ
3294 3641 3352 3692 ὲν
3369 3638 3541 3708 πληγῇ
3554 3634 3729 3701 ἀνιὰτῳ·

571 3737 725 3806 plaga
773 3731 1060 3788 insanabili
1088 3745 1196 3800 qua
1226 3743 1334 3782 non
1362 3728 1617 3798 pepercit.
1654 3725 1932 3795 Requievit
1959 3725 2097 3780 conti

2228 3723 2402 3776 παίων
2436 3723 2585 3787 ἔθνος
2616 3723 2792 3795 πληγῇ
2828 3727 3046 3798 ἀνιάτῳ,
3180 3731 3283 3784 οὐκ
3334 3731 3588 3799 ἐφείσατο.
3629 3726 3734 3777 Ἄνε-

571 3831 790 3882 denter:
819 3824 995 3879 omnis
1039 3832 1181 3878 terra
1205 3821 1405 3876 clamat
1440 3834 1566 3874 cum
1602 3817 1802 3872 laetitia.
1845 3815 2009 3886 Ligna
2042 3814 2099 3867 Li

2231 3817 2476 3870 παύσατο
2509 3817 2795 3883 πεποιθὼς,
2819 3821 2966 3872 πᾶσα
3001 3823 3034 3891 ἡ
3061 3821 3132 3892 γῆ
3173 3822 3274 3894 βοᾷ
3299 3825 3413 3893 μετ’
3444 3817 3733 3892 εὐφροσύνης.

571 3917 699 3974 bani
736 3918 910 3971 laetata
934 3922 1063 3971 sunt
1113 3927 1276 3983 super
1321 3919 1394 3976 te,
1445 3918 1502 3964 et
1547 3909 1742 3964 cedrus
1804 3906 2014 3960 Libani.
2051 3905 2102 3959 E1

2230 3909 2310 3963 Τὰ
2338 3909 2470 3975 ξύλα
2492 3907 2585 3962 τοῦ
2613 3908 2840 3962 Λιϐάνου
2874 3911 3264 3982 ηὑφράνθησαν
3291 3912 3387 3966 ἐπὶ
3413 3912 3512 3974 σοὶ,
3535 3910 3653 3977 καὶὴ
3672 3904 3736 3957 κέ-

571 4025 682 4080 quo
710 4019 767 4063 tu
792 4005 1152 4067 obdormiisti,
1178 4018 1285 4058 non
1311 4001 1574 4067 ascendit,
1599 4001 1692 4069 qui
1710 4015 1808 4054 nos
1825 3999 2011 4053 caedat.
2045 3997 2100 4051 ln

2229 3997 2353 4068 δρος
2379 3997 2470 4050 τοῦ
2505 3997 2756 4052 Λιϐάνου.
2808 3998 2922 4067 Ἀφ’
2955 3994 3015 4053 οὗ
3047 4000 3111 4052 σὺ
3129 4001 3480 4072 κεκοίμησαι,
3502 4000 3589 4052 οὐκ
3614 3992 3738 4060 ἀνίετε

574 4101 760 4156 fernus
792 4099 976 4153 subter
1020 4095 1374 4150 exacerbatus
1397 4103 1498 4156 est,
1521 4081 1812 4146 occurrens
1846 4091 1959 4145 tibi.
1989 4089 2101 4144 Con

2233 4091 2261 4141 ὁ
2287 4089 2496 4140 κόπτων
2525 4090 2687 4158 ἡμᾶς.
2728 4087 2785 4141 Ὁ
2825 4087 2955 4159 ᾅδης
2986 4090 3133 4143 κάτω
3179 4091 3484 4164 ἐπικράνθη
3532 4087 3737 4152 συναντή-

575 4198 937 4246 surrexerunt
965 4202 1156 4242 omnes
1187 4187 1428 4255 gigantes
1455 4183 1664 4252 judices
1694 4193 1870 4248 terrai,
1931 4182 2103 4251 princi

2233 4197 2330 4243 σας
2366 4197 2478 4232 σοι·
2537 4180 2944 4250 συνηγέρθησαν
2996 4182 3196 4245 πάντες
3251 4185 3302 4236 οἱ
3340 4184 3577 4252 γίγαντες
3600 4179 3640 4230 οἱ
3669 4175 3738 4244 ἆρ-

576 4299 670 4354 pes
701 4299 766 4338 ex
802 4281 952 4337 soliis
1002 4282 1138 4334 suis.
1177 4277 1379 4332 Omnes
1432 4291 1586 4345 rcges
1626 4277 1886 4346 gentium,
1941 4289 2107 4328 omne:

2234 4271 2418 4337 ξαντες
2453 4273 2550 4343 τῆς
2577 4273 2699 4344 γῆςν
2733 4277 2781 4327 οἱ
2807 4276 3043 4344 κοίρανοι
3077 4276 3188 4345 (59)
3225 4278 3291 4329 ἐκ
3319 4277 3427 4330 τῶν
3469 4275 3646 4346 θρόνων
3669 4268 3735 4322 uir

575 4336 738 4427 simul
766 4370 1185 4439 respondebunt,
1209 4376 1262 4421 et
1287 4366 1464 4421 dicent
1487 4384 1499 4418 :
1545 4336 1713 4418 Etvtu
1751 4373 1941 4434 captus
1965 4379 2023 4419 es
2049 4365 2106 4417 si-

2232 4363 2361 4416 τῶν,
2413 4364 2616 4427 Πάντες
2678 4364 2908 4434 βασιλεῖς
2959 4366 3147 4428 ἐθνῶν,
3196 4367 3314 4438 ἅμα
3345 4368 3534 4431 πάντες
3561 4366 3738 4430 ἀποκριν

574 4472 667 4518 cut
694 4472 747 4516 et
793 4477 916 4527 nos;
962 4461 1100 4514 inter
1149 4474 1249 4513 nos
1294 4467 1575 4527 reputatus
1626 4473 1706 4511 es.
1758 4454 2042 4510 Descendit
2074 4456 2105 4508 il

2234 4453 2487 4523 θήσονται
2512 4455 2602 4506 καὶ
2624 4454 2805 4525 ἐροῦσι
2820 4472 2832 4484 ο
2871 4457 2978 4509 Καὶ
3000 4456 3064 4508 σὺ
3088 4456 3260 4521 ἑάλως
3274 4458 3423 4512 ὥσπε
3432 4475 3461 4530 ρ
3483 4456 3566 4510 καί
3595 4453 3737 4525 ἡμεῖς·

642 4668 688 4699 ⁸³
709 4665 907 4723 Jerem.
937 4683 1055 4724 νιιι.
1081 4666 1164 4719 16.
1241 4666 1284 4698 ""
1307 4665 1464 4720 Forte
1490 4683 1552 4720 ex
1588 4664 1912 4734 apocrypho,
1950 4673 2006 4715 ut
2033 4662 2168 4716 infra
2199 4676 2318 4729 cap.
2351 4660 2438 4714 54.
2516 4661 2558 4691 ⁸⁵
2579 4661 2683 4736 Isa.
2716 4677 2768 4727 x,
2799 4660 2985 4716 12-17.

647 4897 932 5021 EZZAU:E:rl
959 4901 1062 4953 τὸν·
1111 4899 1524 4967 Ἀντίχριστον.
1559 4899 1635 4955 Id.
1670 4902 1763 4954 ἐπὶ
1809 4899 1902 4954 τοῦ
1957 4903 2124 4955 Ἀντι-

2230 4919 2374 4968 mus,
2426 4906 2784 4974 umiecnnque
2806 4905 2896 4960 ille
2925 4905 3216 4960 habuerit:
3263 4922 3329 4962 ac
3354 4914 3529 4976 putem
3553 4916 3611 4954 ex
3643 4909 3743 4966 apo-

2227 4977 2467 5021 crvnhis-
2499 4991 2637 5021 mms
2667 4976 2822 5021 mtasi
2882 4977 3224 5021 nrnnlmtinns
3257 4979 3428 5021 lilirns
3467 4974 3633 5021 citare.
3662 4979 3743 5021 ηοω

577 4974 825 5046 χρίςξσεου.⁸
851 5037 908 5046 μ
1110 5041 1132 5046 _
1342 5039 1387 5046 __
1426 5041 1438 5046 _
1810 5038 1851 5046 ῃ
1900 5041 1910 5046 _
2033 5041 2048 5046 _
2227 4977 2468 5046 cryphis,
2499 4991 2637 5044 quos
2667 4976 2836 5046 quasi
2882 4977 3224 5044 propheticos
3256 4974 3428 5030 libr—os
3467 4974 3633 5033 citare.
3662 4979 3744 5021 ηοη

650 5038 760 5111 (58)
778 5037 1324 5111 ’OEormoannw.
1342 5039 1610 5100 Nobilius,
1643 5049 1702 5094 ut
1727 5050 1779 5093 et
1810 5038 1992 5107 Vulg.,
2021 5041 2124 5111 fre-
2227 5037 2498 5098 insuetum
2518 5037 2654 5110 'ejus
2686 5037 3237 5102 'zetatis'hoininihus.
3263 5047 3500 5100 ϐοηθεῖ.

577 5106 1055 5182 ιηίιιιηιεᾳιιονιιηι.
1078 5110 1152 5182 _Et
1183 5120 1482 5182 saperecte
1526 5111 1703 5179 Vulg.,
1742 5112 1889 5182 quod
1921 5106 1995 5166 ita
2022 5106 2108 5164 He-

2300 5116 2408 5182 (59)
2441 5119 2501 5168 Ol
2525 5106 2805 5180 κοίρανοι.
2839 5114 2951 5170 Vox
2980 5125 3064 5169 est
3093 5115 3385 5170 Homerica
3425 5111 3604 5182 Ἰλιάδι
3633 5106 3683 5162 Βν
3704 5109 3744 5156 εί

579 5181 722 5236 brzea
773 5181 978 5254 haben_t_
1018 5179 1188 5254 gulan
1234 5179 1392 5254 Juda‘,
1439 5182 1660 5234 mulius
1682 5181 1912 5254 _audilus
1944 5198 1962 5234 :
1992 5181 2126 5235 nihil
2232 5179 2406 5252 magis
2441 5179 2664 5254 poetica.
2720 5185 2890 5239 Aliter
2923 5184 3109 5240 Grazca
3165 5184 3354 5254 Vulg.,
3409 5181 3746 5254 oi_é_ysipa.v§£€

580 5259 913 5326 verorccte
934 5247 1213 5326 Nohilins,_
1233 5251 1323 5317 qui
1364 5251 1596 5304 litteram
1611 5251 1745 5326 *τῶν
1775 5248 2111 5326 septuaginta

2230 5254 2294 5305 ἐκ
2326 5247 2666 5326 τῶν’θρόνων
2695 5255 3124 5326 αὑτῶν-πάντας
3174 5247 3429 5326 βασῖλεῐς.
3472 5247 3629 5326 velut
3647 5247 3746 5300 olim

579 5319 763 5392 debuit
789 5319 1045 5392 reddere;
1078 5322 1216 5392 apud
1249 5335 1571 5392 quosnemo
1603 5319 1786 5374 Grtece
1812 5318 2006 5375 doctus
2026 5321 2124 5392 τὴν
2228 5325 2437 5392 tyranni
2467 5318 2520 5378 et
2543 5325 2795 5377 violentia
2821 5323 3080 5387 celebres,
3108 5318 3291 5392 ct'qui
3326 5325 3522 5378 multos
3542 5318 3747 5392 solioex-

579 5389 823 5465 ilionea
856 5389 939 5465 ad_
966 5391 1230 5465 ronchum
1272 5390 1354 5465 vel
1383 5389 1653 5465 fremitum
1683 5404 1949 5465 equorum
1985 5389 2125 5444 refe-
2230 5389 2531 5465 c'usserant,
2566 5395 2787 5465 perinde
2811 5410 2875 5448 ac
2896 5410 2988 5448 rex
3031 5389 3410 5465 Assyriorum,
3442 5394 3487 5447 ei
3515 5389 3748 5445 insultent.

581 5469 686 5523 rat,
734 5459 849 5532 sed
877 5460 943 5532 ad
1004 5459 1217 5532 illorum
1257 5460 1594 5532 celeritatem
1619 5531 1625 5532 γ
1651 5475 1722 5532 ac
1764 5460 2123 5532 velocitatem,
2228 5462 2372 5529 quod
2398 5464 2511 5531 pari
2541 5459 2594 5518 et
2616 5464 2729 5532 ipse
2752 5464 2857 5519 illis
2901 5474 3047 5518 sorte
3075 5459 3252 5520 factus
3277 5465 3369 5519 sit.
3399 5461 3651 5532 Allegoria
3668 5463 3749 5530 est.

583 5545 691 5604 qua
724 5530 959 5604 perinde
997 5545 1065 5604 ac
1114 5528 1328 5604 fremitu
1368 5540 1528 5599 atque
1579 5530 1810 5604 hinnitu,
1857 5531 2125 5600 equestris
2229 5528 2373 5604 quod
2398 5528 2616 5588 haecad
2639 5528 2920 5604 diabolum
2958 5535 3270 5596 trahuntur,
3301 5546 3356 5589 et
3384 5528 3604 5604 quod'ad
3631 5528 3750 5604 Atili-

585 5599 770 5671 militia
819 5601 1011 5671 terrori
1058 5608 1160 5671 est.
1203 5601 1445 5667 Sequens
1483 5601 1777 5654 auctoritas
1807 5617 1969 5669 quant
2003 5615 2125 5671 pro-
2232 5601 2516 5667 christum,
2554 5617 2714 5671 quem
2744 5604 2821 5657 ait
2868 5602 3071 5671 Paulus
3117 5599 3464 5661 interfectum
3492 5605 3552 5656 iri
3593 5599 3751 5667 spiritu

583 5667 1070 5740 pheticamﬂhahet
1120 5669 1459 5740 Hippolytus,
1497 5686 1761 5739 nusquam
1793 5667 2123 5726 e'xstare’vi-
2232 5673 2342 5726 oris
2359 5671 2508 5728 Jesu.
2542 5667 2790 5731 Coussr.
2902 5669 2940 5678 ”“

584 5738 738 5790 detur
782 5738 837 5791 in
867 5739 1018 5794 libris
1054 5741 1251 5794 nostris
1315 5738 1453 5794 nuos
1502 5740 1568 5794 de
1621 5738 1833 5796 canone
1877 5740 2126 5802 agnosci-
2498 5752 2503 5757 ·
