3876 6340
166 355 240 410 711

1152 350 1237 442 Dii
1273 347 1570 404 CIIBISTO
1607 347 1695 402 ET
1742 343 2220 401 ANTICHRISTO.

3201 342 3306 395 7.59.

163 470 208 520 tv
230 464 339 535 ἡμῖν
362 460 414 516 δὲ
431 459 827 530 κατελογίσθης·
862 457 1062 530 κατέϐη
1083 461 1161 524 είς
1187 462 1289 532 γῆν
1316 463 1351 532 ἡ
1383 460 1507 527 δόξα
1535 476 1650 523 σου,

1761 468 1950 514 terram
1985 459 2152 529 gloria
2177 466 2288 521 tua,
2325 457 2492 512 multa
2509 456 2691 512 latitia
2725 465 2852 523 tua;
2881 455 3066 512 subter
3094 465 3146 510 te
3171 466 3310 511 ster-

163 561 188 630 ἡ
228 554 370 625 πολλὴ
397 551 684 624 εὐφροσύνη
738 567 864 604 σου·
914 551 1166 606 ὑποκάτω
1215 569 1306 606 σου
1357 551 1653 623 στρώσουσι

161 647 315 718 σῆψιν·
351 645 406 697 τὸ
448 643 502 696 δὲ
531 641 930 713 κατακάλυμμά
974 643 1085 714 (40)
1139 660 1232 696 σου
1267 643 1498 714 σκώληξ.
1531 642 1656 705 Πῶς

159 738 312 790 ἔπεσεν
359 737 418 788 ἐκ
453 733 541 786 τοῦ
570 733 834 804 ούρανοῦό
853 734 1177 807 Ἐωσφόρος,
1207 737 1237 788 6
1268 734 1407 806 πρωῒ
1437 733 1656 788 ἀνατέλ-

157 830 266 892 λων;
297 825 565 896 Συνετρίϐη
595 827 672 889 είς
693 825 792 898 τὴν
811 825 918 896 γῆν
948 828 977 879 6
1007 825 1344 880 ἀποστέλλων
1369 828 1448 890 είς
1479 827 1656 880 πάντα

158 920 211 972 τὰ
235 919 356 988 ἔθνη.
393 917 460 970 Σὺ
488 915 541 968 δὲ
579 912 734 980 εἶπας
781 919 840 970 ἐν
892 919 960 988 τῇ
1005 917 1210 988 διανοίᾳ
1269 933 1389 970 σου·
1425 917 1518 980 Εἰς
1565 915 1655 968 τὸν

156 1010 336 1083 οὐρανὸν
373 1010 728 1081 ἀναδήσομαι,
779 1009 961 1064 ἐπάνω
1003 1008 1112 1062 τῶν
1155 1011 1366 1080 ἄστρων
1417 1007 1655 1078 (11)τοῦ

157 1099 340 1171 οὐρανςῦ
368 1099 508 1170 Θήσω
533 1099 622 1152 τὸν
653 1099 838 1171 Θρόνον
874 1117 996 1170 μου,
1029 1100 1201 1153 καθιῶ
1223 1102 1279 1152 ἐν
1314 1099 1494 1170 ὄρεσιν
1521 1099 1656 1170 ὑψη-

155 1192 240 1254 λοῖς
259 1193 354 1254 τοῖς
381 1190 508 1263 πρὸς
538 1189 762 1262 βορρᾶν·
791 1190 1135 1262 ἀναϐήσομαι
1187 1191 1371 1244 ἐπάνω
1413 1191 1520 1245 τῶν
1566 1208 1654 1244 νε-

155 1281 309 1350 φελῶν,
340 1281 518 1352 ἔσομαι
547 1282 726 1352 ὅμοιος
771 1282 850 1352 τῷ
885 1282 1138 1354 Ύψίστῳ.
1173 1284 1306 1336 Νυνὶ
1332 1285 1387 1338 δὲ
1417 1285 1496 1347 είς
1525 1284 1655 1354 ᾅδην

153 1374 385 1446 ωταὸήσῃ
424 1374 554 1445 (42),
589 1376 682 1429 καὶ
719 1377 796 1439 εἰς
829 1375 894 1429 τὰ
923 1375 1146 1448 θεμέλια
1171 1377 1269 1447 τῆς
1286 1376 1406 1446 γῆς.
1427 1376 1490 1428 Ut
1519 1375 1654 1428 ἰδόν-

153 1483 220 1528 τες
247 1483 294 1518 σε
322 1465 674 1537 θαυμάσουσιν
733 1467 825 1521 ἐπὶ
861 1469 943 1522 σο)⁵
995 1469 1090 1522 καὶ
1145 1468 1385 1538 ἐροῦσιν
1430 1460 1597 1528 Οὗτος
1627 1468 1656 1519 6

151 1557 384 1628 ἄνθρωπος
416 1560 442 1611 6
463 1558 775 1630 παροξύνων
800 1559 899 1630 τὴν
935 1559 1058 1630 γῆν,
1083 1560 1112 1611 6
1141 1558 1298 1611 σείων
1340 1557 1593 1628 βασιλεῖς,
1627 1559 1656 1610 ὁ

149 1650 234 1713 θεὶς
244 1651 324 1721 τὴν
339 1651 644 1722 οἰκουμένην
669 1651 795 1722 ὃλην
816 1651 1038 1722 ἔρημον,
1073 1651 1167 1704 καὶ
1188 1650 1288 1713 τὰς
1312 1649 1493 1713 πόλεις
1524 1648 1652 1702 καθ-

149 1743 246 1808 εῖλε,
275 1744 383 1807 τοὺς
428 1745 482 1796 ἐν
526 1745 787 1813 ἐπαγωγῇ
857 1743 964 1814 (45)
991 1743 1091 1796 οὐκ
1147 1741 1318 1794 ἔλυσε.
1350 1742 1555 1805 Πάντες
1605 1743 1654 1794 oi

149 1836 339 1904 βασιλεῖς
376 1837 470 1906 τῆς
506 1836 613 1904 γῆς
649 1808 1028 1906 ’ἐκοιμήθησαν
1061 1835 1118 1888 tv
1164 1836 1319 1906 τιμῇ,
1370 1834 1652 1905 ἄνθρωπος
1688 1808 1728 1863 Β

147 1929 190 1978 ὲν
213 1925 278 1996 τῷ
294 1925 413 1996 οἴκῳ
437 1926 596 1978 αὑτοῦ
623 1943 638 1956 ο
687 1926 750 1978 σὺ
783 1925 839 1978 δέ
875 1924 1108 1996 ριιρθήσῃ
1137 1923 1194 1978 ἐν
1217 1927 1327 1987 τοῖς
1359 1923 1558 1994 ὄρεσιν,
1577 1923 1652 1987 ὡς

145 2015 295 2085 ma;
323 2016 719 2086 ἐδδελυγμένος,
766 2016 899 2086 μετά
929 2015 1134 2068 πολλῶν
1164 2016 1520 2068 πεπτωκότων
1564 2017 1653 2068 ἐκ·

146 2123 326 2177 κεκεντη
335 2106 496 2176 μένων
524 2105 786 2176 μαχαίρᾳ,
815 2104 1248 2159 καταϐαινόντων
1280 2106 1356 2166 είς
1379 2103 1528 2175 ᾅδην.
1557 2104 1652 2156 ’ον

143 2201 300 2271 τρόπον
320 2199 516 2268 ἱμάτιον
551 2199 612 2251 ἐν
640 2197 828 2268 αἵματι
863 2195 1204 2267 πεφυρμένον
1233 2196 1332 2248 ούκ
1359 2195 1472 2249 ἐστι
1495 2196 1654 2250 καθα-

144 2291 231 2360 ρὸν,
253 2287 405 2351 οὕτως
421 2287 539 2340 οὐδὲ
561 2288 628 2340 σὺ
657 2286 754 2357 ἐσῃ
784 2284 990 2355 κομψός
1023 2286 1130 2355 (44)
1152 2301 1166 2315 ⁸
1196 2285 1277 2338 ὅτι
1307 2284 1404 2355 τὴν
1423 2285 1525 2356 γῆν
1551 2302 1651 2356 μου

144 2380 397 2444 ἀπώλεσας,
430 2379 638 2432 καὶτὸν
668 2375 795 2430 λαόν
829 2394 926 2447 μου
965 2376 1304 2438 ἀπέκτεινας.
1324 2377 1398 2429 Ού
1435 2375 1510 2447 μὴ
1545 2376 1655 2446 μεί-

142 2489 215 2547 νῃς
255 2475 323 2536 είς
351 2471 438 2524 τὸν
467 2470 642 2524 αίῶνα
667 2468 896 2547 χρόνιος,
931 2467 1148 2539 σπέρμα
1173 2465 1425 2538 πονηρόν,
1484 2466 1652 2519 Ἑτοί..

145 2545 278 2634 ρασον
300 2563 363 2617 τὰ
381 2564 543 2616 τέκνα
571 2579 670 2615 σου
705 2545 784 2624 είς
831 2559 1044 2631 σφαγὴν
1075 2561 1192 2623 ταῖς
1240 2558 1533 2630 ἁμαρτίαις
1558 2557 1653 2612 τοῦ

143 2656 305 2726 πατρός
329 2672 438 2720 σου,
470 2655 556 2708 ἵνα
591 2653 671 2726 μὴ
725 2650 1017 2714 ἀναστῶσι,
1064 2650 1159 2705 καὶ
1205 2649 1300 2720 τὴν
1330 2648 1432 2718 γῆν
1463 2665 1562 2719 μου
1592 2648 1652 2702 οὑ

141 2747 606 2819 κληρονομήσουσιν.

201 2839 428 2904 Ἱεζεκιὴλ
488 2838 547 2891 δέ
598 2837 798 2907 ὁμοίως
855 2836 1002 2902 λέγει
1056 2834 1181 2905 περὶ
1232 2830 1393 2885 αὐτοῦ
1444 2828 1650 2892 οὕτως’

144 2932 303 2985 ιτάδε
332 2931 468 3000 λέγει
528 2929 733 3000 Κύριος
780 2930 808 2981 ό
854 2925 1016 2990 Θεός⁶
1073 2925 1212 2978 Ἀνθ’
1267 2919 1340 2978 ὧν
1381 2922 1565 2992 ὑψώθη
1618 2923 1652 2992 ἡ

141 3022 297 3091 καρδία
347 3039 474 3087 σου,
535 3021 634 3074 καὶ
688 3013 846 3081 εἴπας
869 3057 883 3081 ,
935 3016 1065 3081 Θεός
1122 3017 1236 3086 είμι
1288 3012 1433 3082 ἐγὼ,
1483 3028 1658 3065 κατοι-

140 3115 237 3167 κίαν
277 3113 398 3167 Θεοῦ
432 3111 687 3185 ἐνῴκησα
715 3113 772 3164 ἐν
823 3108 1019 3180 καρδίᾳ
1051 3107 1346 3178 Θαλάσσηςσ
1385 3107 1449 3159 σὺ
1480 3105 1536 3158 δὲ
1564 3103 1656 3157 ἄν·
1679 3147 1722 3205 C

138 3203 313 3274 ορωπος
342 3206 502 3258 καὶού
525 3204 681 3267 Θεὸς,
703 3203 907 3267 ἔδωκας
922 3203 1020 3272 τὴν
1036 3199 1261 3270 καρδίαν
1295 3215 1384 3251 σου
1413 3197 1488 3260 ὡς
1520 3213 1654 3268 καρ-

137 3296 226 3350 δίαν
250 3296 385 3350 Θεοῦ.
426 3298 518 3368 Μὴ
548 3295 856 3368 σοφώτερος
888 3289 939 3347 εἷ
964 3291 1057 3348 τοῦ
1104 3291 1327 3361 Δανιήλ;
1373 3287 1532 3357 Σοφοὶ
1554 3289 1654 3342 οὐκ

137 3389 408 3444 ἐπαίδευσάν
451 3407 512 3443 σε
543 3391 616 3460 τῇ
664 3389 936 3459 ἐπιστήμῃ
965 3383 1175 3446 αὐτῶνς
1231 3381 1304 3453 μὴ
1345 3384 1402 3435 tv
1427 3383 1492 3451 τῇ
1537 3382 1654 3432 ἐπι-

139 3475 284 3550 στήμῃ
311 3494 415 3544 σου,
453 3478 487 3550 ἦ
545 3479 606 3530 tv
642 3479 708 3547 τῇ
733 3477 990 3547 φρονήσει
1024 3489 1118 3526 σου
1160 3471 1417 3541 ἐποίησας
1449 3468 1654 3539 σεαυτῷ

136 3567 316 3640 δύναμιν
333 3571 422 3624 κα)⁹
452 3569 678 3641 χρυσίον
710 3567 804 3620 καὶ
836 3564 1094 3637 ἀργύριον
1125 3565 1181 3616 ἐν
1212 3565 1324 3626 τοῖς
1365 3561 1653 3634 Θησαυροῖς

138 3673 238 3722 σου;
266 3661 346 3729 Μὴ
378 3661 432 3712 ἐν
465 3663 531 3730 τῇ
586 3657 754 3727 πολλῇ
786 3655 1061 3724 ἐπιστήμῃ
1093 3670 1206 3714 σου,
1240 3653 1333 3704 καὶ
1360 3652 1416 3704 tv
1454 3654 1520 3723 τῇ
1557 3652 1653 3723 ἐμ-

137 3749 411 3821 τιειρίᾳ(45)
445 3767 538 3803 σου
591 3746 890 3818 ἐπλήθυνας
937 3743 1162 3814 δύναμίν
1192 3753 1324 3806 ceu;
1369 3740 1582 3812 Ὑψώθη
1617 3743 1652 3812 ἡ

137 3840 292 3911 καρδία
320 3858 408 3894 σου
437 3844 494 3896 tv
526 3842 598 3911 τῇ
628 3837 852 3906 δυνάμει
883 3853 994 3888 σου.
1031 3833 1130 3887 Διά
1178 3833 1334 3886 τοῦτο
1361 3832 1483 3886 τάδε
1510 3831 1654 3901 λέγει

137 3931 302 4003 Κύριος
327 3936 354 3986 6
375 3933 504 3996 Θεός
525 3949 540 3962 ⁸
592 3929 808 4000 Ἐπειδὴ
852 3927 1056 3989 ἔδωκας
1081 3925 1180 3996 τὴν
1213 3923 1439 3995 καρδίαν
1471 3940 1560 3975 σου
1582 3923 1656 3986 ὡς

137 4023 321 4094 καρδίαν
353 4024 506 4088 Θεοῦ,
540 4023 666 4078 ἀντὶ
705 4021 916 4084 τούτου,
959 4019 1068 4072 ίδοὺ
1111 4017 1220 4086 ἐγὼ
1252 4015 1441 4084 ἐπάγω
1480 4017 1568 4068 ἐπὶ
1597 4017 1656 4068 σὲ

137 4112 398 4185 ἀλλοτρίους
420 4113 646 4186 λοιμοὺς
668 4110 776 4165 ἀπὸ
799 4110 967 4163 ἐθνῶν
1000 4109 1134 4178 (46),
1180 4107 1274 4160 καὶ
1301 4105 1656 4158 ἐκκενὼσουσι

137 4203 210 4269 τὰς
238 4208 492 4279 μαχαίρας
538 4204 720 4260 αὐτῶν
749 4205 846 4259 ἐπὶ
880 4203 938 4256 σὲ
969 4201 1064 4255 καὶ
1113 4200 1205 4252 ἐπὶ
1253 4198 1312 4250 τὸ
1347 4196 1537 4259 κάλλος
1562 4196 1658 4266 τῆς

137 4297 401 4369 ἐπιστήμης
447 4315 562 4361 σου,
612 4297 704 4350 καὶ
755 4294 1052 4366 στρώσουσι
1102 4289 1163 4344 τὸ
1211 4289 1402 4352 κάλλος
1440 4304 1533 4340 σου
1581 4289 1658 4350 είς

137 4387 384 4456 ἀπώλειαν,
406 4392 500 4444 καὶ
553 4385 978 4443 καταϐιϐἀσουσί
1020 4400 1097 4448 σε,
1152 4381 1244 4437 καὶ
1287 4380 1529 4448 ἀποθανῇ
1562 4376 1658 4430 θα-

1757 559 1888 606 nent
1913 552 2144 616 saniem,
2172 559 2229 606 et
2254 550 2648 620 operimentum
2702 557 2854 606 tuum
2903 549 3123 604 vermis.
3161 545 3311 614 Quo-

1755 645 1914 699 modo
1935 643 2130 699 cecidit
2165 643 2232 698 de
2258 643 2395 698 caelo
2411 640 2648 708 Lucifer,
2680 642 2772 711 qui
2805 656 2962 696 mane
2995 640 3314 696 oriebatur?

1753 735 2032 791 Contritus
2076 744 2158 790 est
2207 735 2274 790 ad
2315 744 2538 798 terram,
2588 735 2680 804 qui
2730 735 2974 788 mittebat
3011 734 3078 788 ad
3123 749 3313 790 omnes

1755 837 1960 898 gentes.
2001 826 2082 881 Tu
2125 836 2305 882 autem
2335 827 2552 882 dixeras
2585 827 2638 880 in
2662 835 2842 880 mente
2876 835 3001 881 tua:
3035 826 3092 880 in
3113 827 3312 880 cmlum

1753 919 2148 984 conscendam;
2202 933 2363 986 supra
2410 919 2592 973 stellas
2645 919 2765 972 coeli
2815 933 3009 986 ponam
3058 909 3312 971 thronum

1754 1026 1969 1076 meum;
2005 1012 2201 1066 sedebo
2251 1011 2304 1064 in
2347 1011 2624 1066 montibus
2656 1011 2888 1064 excelsis
2940 1011 3032 1080 qui
3082 1018 3209 1064 sunt
3243 1010 3312 1062 ad

1754 1102 2091 1172 aquilonem;
2118 1102 2404 1158 ascendam
2424 1117 2586 1172 super
2607 1103 2794 1167 nubes;
2823 1117 2918 1157 ero
2937 1102 3130 1156 similis
3151 1102 3315 1154 Altis-

1754 1196 1916 1250 simo.
1953 1193 2110 1249 Nunc
2171 1204 2349 1248 autem
2389 1193 2444 1248 in
2498 1193 2768 1247 infernum
2791 1193 3106 1257 descendes,
3157 1202 3211 1247 et
3242 1193 3310 1246 ad

1754 1285 2102 1341 fundamenta
2127 1296 2302 1340 terrae.
2336 1283 2438 1350 Qui
2466 1285 2695 1339 viderint
2725 1293 2796 1347 te,
2848 1284 3188 1338 mirabuntur
3218 1300 3312 1338 su-

1753 1392 1849 1446 per
1898 1386 1972 1442 te,
1994 1387 2048 1430 et
2092 1377 2303 1433 dicent:
2346 1377 2444 1433 Hic
2477 1378 2640 1431 homo
2674 1377 2766 1446 qui
2805 1376 3050 1431 irritabat
3088 1386 3309 1442 terram,

1753 1468 1843 1539 qui
1873 1470 2216 1524 concutiebat
2246 1485 2419 1540 reges,
2463 1469 2554 1538 qui
2607 1467 2868 1522 desolavit
2904 1478 3074 1521 totum
3099 1469 3308 1532 orbem,

1753 1558 1978 1628 ejusque
2011 1559 2172 1612 urhes
2187 1560 2471 1620 destruxit,
2505 1558 2717 1612 vinctos
2741 1572 2959 1611 carcere
2991 1572 3098 1610 non
3125 1555 3306 1612 solvit.

1752 1648 1954 1706 Omnes
1981 1666 2134 1720 reges
2160 1660 2316 1705 terrae
2337 1649 2674 1705 dormierunt
2714 1649 2768 1703 in
2803 1649 3027 1713 honore,
3060 1649 3224 1703 homo
3253 1649 3309 1703 in

1754 1743 1914 1798 domo
1954 1758 2087 1805 sua;
2119 1755 2174 1798 tu
2202 1757 2331 1796 vero
2352 1742 2624 1812 projectus
2649 1743 2758 1796 eris
2781 1742 2834 1796 in
2864 1741 3136 1795 montibus
3168 1742 3311 1796 velut

1754 1837 1983 1889 cadaver
2030 1834 2412 1899 abominabile,
2438 1849 2560 1887 cum
2591 1833 2777 1888 multis
2822 1833 3053 1886 mortuis
3091 1831 3312 1886 confos:

1753 1927 1830 1982 sis
1861 1926 2058 1996 gladio,
2107 1925 2553 1982 descendentibus
2605 1925 2658 1978 in
2692 1924 2986 1978 infernum.
3035 1922 3307 1990 Quemad-

1753 2019 1972 2073 modum
2011 2019 2391 2071 vestimentum
2442 2018 2494 2072 in
2532 2016 2794 2085 sanguine
2817 2029 3168 2084 conspersum
3199 2030 3308 2088 non

1751 2121 1833 2165 est
1856 2109 2140 2173 mundum,
2175 2109 2256 2162 sic
2281 2123 2456 2178 neque
2495 2117 2551 2162 tu
2592 2108 2701 2162 eris
2748 2108 3019 2170 mundus;
3049 2107 3308 2176 quoniam

1753 2211 1950 2257 terram
1972 2216 2147 2256 meam
2172 2201 2472 2270 perdidisti,
2505 2211 2559 2255 et
2586 2200 2843 2270 populum
2876 2215 3056 2254 meum
3086 2199 3308 2252 interfe-

1751 2295 1898 2349 cisti.
1953 2292 2071 2349 Non
2116 2293 2360 2348 manebis
2407 2293 2463 2346 in
2509 2301 2769 2346 aeternum
2797 2291 3090 2362 longazvus,
3126 2307 3309 2346 semen

1753 2400 2006 2454 nequam.
2020 2382 2267 2452 Prapara
2282 2383 2421 2438 filios
2433 2396 2554 2437 tuos
2571 2381 2952 2454 utjugulentur
2966 2397 3062 2452 pro
3078 2384 3312 2452 peccatis

1752 2478 1923 2548 patris
1948 2478 2049 2541 tui,
2073 2492 2140 2531 ue
2166 2486 2498 2547 consurgant
2527 2485 2582 2532 et
2609 2489 2808 2532 terram
2851 2491 3029 2532 meam
3085 2476 3313 2531 haeredi-

1755 2577 1862 2625 tate
1904 2569 2174 2640 accipiant
2194 2570 2260 2624 “.
2290 2587 2310 2621 ι

1824 2814 2008 2870 XVIII.
2068 2813 2315 2869 Ezechiel
2373 2827 2591 2883 quoque
2650 2809 2900 2866 similiter
2954 2810 3198 2880 loquitur
3256 2811 3310 2865 in

1754 2907 1896 2962 hunc
1928 2905 2177 2960 modum:
2212 2924 2232 2957 ι
2275 2903 2398 2959 Ηαεο
2434 2904 2565 2958 dicit
2593 2901 2854 2957 Dominus
2896 2900 3065 2958 Deus:
3110 2901 3216 2957 Pro
3248 2919 3313 2958 eo

1753 2995 1896 3066 quod
1946 2995 2236 3050 exaltatum
2284 3004 2366 3049 est
2417 3009 2512 3049 cor
2563 3003 2756 3060 tuum,
2802 3003 2855 3048 et
2887 2993 3105 3048 dixisti:
3169 2992 3314 3049 Deus

1755 3101 1855 3159 ego
1899 3082 2026 3141 'sum
2069 3105 2084 3154 ;
2139 3085 2525 3142 habitationem
2591 3085 2683 3140 Dei
2745 3086 2982 3140 habitavi
3035 3085 3090 3140 iu
3150 3086 3314 3141 corde

1754 3178 1960 3244 maris;
2002 3187 2056 3232 tu
2085 3190 2264 3232 autem
2298 3179 2482 3239 homo,
2514 3187 2568 3232 et
2597 3193 2704 3231 non
2742 3176 2885 3233 Deus
2910 3218 2924 3242 ,
2983 3177 3173 3233 dedisti
3217 3193 3314 3233 cor

1755 3281 1906 3326 tuum
1933 3269 2087 3339 quasi
2111 3284 2206 3324 cor
2227 3267 2341 3323 Dei.
2381 3267 2634 3339 Nunquid
2669 3269 2965 3339 sapientior
2995 3285 3054 3323 es
3103 3279 3161 3323 tu
3210 3270 3316 3323 Dav

1753 3362 1926 3418 niele?
1965 3362 2246 3430 Sapientes
2278 3377 2386 3416 non
2419 3363 2733 3416 erudierunt
2757 3373 2808 3416 te
2852 3360 3139 3430 disciplina
3179 3361 3316 3415 sua?

1753 3453 2006 3524 Nunquid
2035 3454 2089 3507 in
2113 3453 2421 3509 eruditione
2445 3463 2558 3517 tua,
2589 3460 2684 3505 aut
2730 3452 2782 3506 in
2829 3452 3112 3520 prudentia
3142 3452 3314 3506 fecisti

1753 3545 1850 3600 tibi
1879 3544 2270 3606 fortitudinem,
2303 3551 2570 3597 etaurum
2609 3552 2662 3597 et
2696 3556 2976 3612 argentum
3011 3543 3065 3597 in
3098 3544 3316 3598 thesau-

1755 3637 1832 3690 ris
1861 3633 2008 3690 tuis?
2049 3633 2303 3704 Nunquid
2351 3634 2406 3688 in
2468 3635 2637 3688 multa
2687 3633 2990 3688 eruditione
3034 3643 3125 3686 tua
3162 3633 3217 3688 et
3260 3633 3314 3686 in

1756 3725 2119 3794 negotiatione
2141 3734 2229 3778 tua
2281 3722 2652 3794 multiplicasti
2709 3721 3081 3777 fortitudinem
3131 3722 3319 3776 tuam?

1758 3816 1971 3870 Elatu-m
1994 3826 2076 3871 est
2121 3831 2217 3871 cor
2243 3825 2395 3870 tuum
2447 3816 2501 3869 in
2537 3815 2854 3870 fortitudine
2889 3824 2998 3868 tua.
3026 3813 3315 3884 PrOpIerea

1755 3910 1870 3964 haec
1896 3909 2026 3963 dicit
2068 3908 2332 3962 Dominus
2379 3907 2556 3962 Deus:
2609 3905 2746 3972 Quia
2799 3906 2993 3960 dedisti
3024 3921 3116 3959 cor
3161 3913 3313 3958 tuum

1755 4001 1911 4069 quasi
1943 4015 2036 4056 cor
2071 3999 2198 4066 Dei;
2225 4014 2351 4054 ecce
2375 4014 2474 4069 ego
2496 3999 2706 4053 adduco
2740 4013 2902 4067 super
2922 4006 2972 4051 te
3002 3997 3207 4051 alienos
3232 4012 3319 4065 pe-

1757 4093 2018 4158 stilentes,
2052 4103 2104 4148 et
2144 4093 2503 4163 evaginabunt
2556 4090 2764 4161 gladios
2826 4107 2952 4146 suos
2975 4107 3136 4160 super
3183 4100 3233 4146 te
3264 4101 3319 4146 et

1757 4200 1919 4254 super
1943 4185 2392 4254 pulchritudinem
2420 4183 2678 4239 doctrina:
2706 4196 2828 4246 tuae,
2856 4191 2909 4236 et
2931 4192 3173 4237 sternent
3195 4185 3318 4253 pul-

1759 4275 2120 4330 chritudinem
2155 4284 2303 4328 tuam
2358 4275 2411 4328 in
2468 4273 2858 4344 perditionem;
2891 4281 2944 4326 et
2993 4272 3319 4328 descendere

1760 4366 1959 4421 facient
1979 4375 2053 4432 te,
2088 4374 2143 4420 et
2169 4365 2417 4420 morieris
2451 4374 2624 4420 morte
2651 4364 3054 4418 vulneratorum
3080 4363 3132 4416 in
3158 4363 3319 4419 corde

137 4479 250 4551 νάτῳ
286 4454 627 4555 τραυματιῶν
671 4482 730 4534 ἐν
789 4478 983 4548 καρδίᾳ
1037 4473 1328 4544 Θαλάσσης.
1370 4471 1462 4540 Μὴ
1482 4469 1655 4538 λέγων

1761 4459 1945 4513 maris.
1987 4455 2242 4526 Nunquid
2298 4457 2528 4526 ioquens
2581 4457 2827 4511 dicturus
2879 4471 2968 4510 es:
3010 4454 3153 4510 Deus
3198 4470 3316 4510 sum

137 4569 277 4638 ἐρεῖς·
303 4571 428 4636 Θεός
460 4573 578 4643 είμι
611 4570 744 4638 ἐγω,
766 4567 992 4620 ἐνώπιον
1021 4563 1150 4636 [τῶν
1178 4558 1538 4632 ἀναιρούντων
1571 4575 1662 4624 σε;

136 4660 187 4712 σὺ
205 4660 252 4714 δὲ
276 4657 322 4715 εἴ
342 4663 648 4736 ἄνθρωπος,
679 4659 774 4714 καὶ
797 4659 858 4712 ού
895 4656 1044 4718 Θεὸς,
1087 4657 1146 4707 tv
1170 4654 1311 4724 χειρὶ
1343 4651 1668 4722 τιτρωσκόνο

136 4762 222 4801 των
260 4767 330 4805 σε.
383 4753 648 4815 Θανάτοις
694 4747 1079 4820 ἀπεριτμήτων
1129 4743 1302 4814 ἀπολῇ
1349 4745 1407 4795 tv
1436 4740 1662 4812 χερσὶν]

135 4839 415 4914 ἀλλοτρίων*
464 4845 546 4898 ὅτι
574 4841 684 4912 ἐγὼ
711 4839 965 4910 ἐλάλησα,
997 4837 1144 4904 λέγει
1181 4835 1400 4906 Κύριος.
1445 4853 1463 4885 ι

191 4933 381 4989 Τούτων
391 4936 496 4990 τῶν
508 4932 602 4990 οὖν
621 4933 876 5004 ῥημάτων
887 4928 1256 5000 δεδειγμένων,
1276 4926 1369 4978 ἴδω
1375 4942 1471 4996 μεν
1486 4925 1671 4977 λεπτο-

193 5115 349 5174 Msa.
373 5135 486 5185 xiv,
523 5117 670 5174 4-21.
741 5120 782 5150 "
816 5117 1008 5174 Ezech.
1036 5133 1225 5179 xxviii,
1257 5115 1416 5168 2-10.

193 5283 288 5355 (40)
315 5286 379 5340 Τὸ
411 5284 478 5339 δὲ
499 5284 946 5355 κατακάλυμμα.
975 5283 1101 5355 Erat
1129 5281 1497 5355 κατάλειμμα,
1514 5279 1660 5355 quod

137 5349 331 5427 cadauer
352 5357 606 5427 reliquie,
637 5349 1017 5427 reddi'pbsset.
1052 5354 1155 5427 Sed
1185 5369 1308 5406 cum
1341 5349 1421 5407 sic
1451 5351 1519 5405 ab
1535 5349 1657 5427 ﬁe-

138 5421 560 5496 bneoabborreat
586 5421 640 5482 et
667 5421 898 5496 vulgatis
943 5423 1174 5496 Grzecis,
1219 5432 1437 5496 mutare
1471 5421 1662 5496 religio

137 5493 368 5567 nonfuit.
402 5495 655 5567 Ejusdem
681 5491 893 5567 generis
911 5504 1011 5567 est.
1036 5493 1178 5567 quod
1216 5493 1370 5567 ³91191,
1398 5491 1662 5567 Cyrum"!

136 5563 390 5636 κατάλυμᾳ
406 5560 616 5638 legitur,
633 5560 786 5638 quasi
803 5560 1106 5638 hospitium,
1139 5560 1500 5638 domicilium,
1515 5560 1662 5638 quod

136 5644 179 5684 et
217 5630 528 5692 remotius'e
555 5630 869 5706 metaphora
897 5630 1000 5690 est.
1040 5633 1275 5688 Couser.
1301 5662 1364 5671 —-
1397 5630 1505 5687 Sed
1528 5630 1661 5694 nihil

138 5707 446 5759 mutandum.
481 5706 696 5759 FABMC.

336 5723 446 5760 um.
481 5722 696 5760 I‘ABDIC.

196 5773 291 5846 tu)
320 5776 603 5845 Ἀστρων.
634 5774 906 5840 Combef.,
937 5773 1196 5844 ἀστέρων.

1761 4568 1881 4624 ego,
1897 4553 1951 4607 in
1973 4562 2263 4622 conspectu
2282 4550 2716 4606 interficientium
2743 4550 2832 4604 te?
2853 4548 2930 4604 Tu
2953 4557 3131 4603 autem
3158 4548 3321 4604 homo

1761 4661 1840 4711 es,
1875 4653 2065 4699 etnon
2108 4643 2270 4707 Deus,
2308 4642 2362 4696 in
2394 4658 2557 4696 manu
2588 4643 2986 4697 vulnerantium
3021 4648 3092 4695 te.
3136 4639 3323 4696 Morti-

1766 4738 2396 4792 busincircumcisorum
2425 4735 2669 4790 interibis
2729 4734 2782 4788 iu
2836 4734 3088 4789 manibus
3116 4735 3322 4789 alieno-

1765 4844 1923 4892 rum;
1952 4829 2076 4900 quia
2103 4841 2204 4898 ego
2237 4827 2448 4881 locutus
2475 4840 2618 4891 sum,
2645 4823 2777 4880 dicit
2809 4823 3070 4880 Dominus
3093 4825 3159 4878 "’.
3193 4841 3214 4876 ι

1835 4920 1979 4975 XIX.
2008 4919 2168 4977 Hisce
2205 4921 2278 4974 ita
2319 4919 2554 4974 ostensis
2586 4917 2784 4983 verbis,
2841 4917 3122 4973 videamus
3151 4917 3323 4972 subti-

1981 5276 2322 5351 Καταϐήσῃ.
2345 5277 2459 5351 Δ1-(1.,
2489 5275 2812 5351 καταθήσῃᾏ
3050 5341 3082 5351 __
3141 5341 3155 5351 .
3231 5339 3261 5351 Α

1834 5341 1946 5418 (45)
1986 5341 2305 5418 Ἐπαγωγῇ.
2343 5347 2521 5402 Malim
2549 5341 2840 5416 ἀπαγωγῇ,
2866 5358 2984 5414 qute
3015 5341 3119 5396 alia
3141 5341 3321 5396 lectio.

1763 5417 2251 5560 ϐοᾶιὶῗῖίίομψόςο,
2269 5486 2368 5549 [du
2388 5485 2663 5560 καθαρός.
2687 5516 2755 5528 -
2789 5485 2878 5560 Sic
2901 5492 2955 5538 et
2981 5480 3143 5560 LX_X.

1836 5549 2311 5636 (ἂεῖχ-Ὲσὶιὶεειρίᾳ.
2359 5549 2604 5613 Combéf.
2652 5555 2907 5627 ἐμπορίᾳ.
2953 5582 3023 5597 σ-
3063 5549 3140 5605 lla
3190 5564 3326 5620 quo-

1766 5629 2232 5771 quftigixAxoiyobc
2261 5699 2376 5754 ἀπὸ
2403 5695 2611 5753 ἐθνῶν.
2649 5693 2750 5763 ld.,
2776 5693 2963 5764 λιμοὺς
3002 5690 3109 5744 τῶν
3136 5686 3322 5742 ἐθνῶν.
3353 5691 3357 5694 ’
