3876 6340
175 362 264 418 7ιό
1186 341 1272 398 DE
1309 339 1608 398 CIIRISTO
1647 338 1734 395 ET
1777 337 2266 395 AN'I‘ICHRISTO.

3274 343 3376 400 746

174 479 265 549 πῦρ
287 473 482 545 φλέγον.
509 468 751 542 Ποταμὺς
965 461 1146 519 εἷλκεν
1171 463 1483 537 ἔμπροσθεν
1505 461 1680 518 αὑτοῦ

1799 460 1942 532 ignis
1969 460 2190 516 ardens.
2216 457 2440 514 Fluvius
2473 457 2664 530 igneus
2699 458 2949 516 trahebat
2988 468 3114 517 ante
3151 475 3381 533 conspe-

169 567 328 624 Χίλιαι
350 561 569 634 χιλιάδες
590 557 957 630 ἐλειτούργουν
975 554 1146 626 αύτῷ,
1161 555 1256 608 καὶ
1279 554 1470 626 μύριαι
1498 551 1696 625 μυριά-

167 660 241 723 δες
277 654 698 727 περιεστήκεισαν
743 648 912 720 αὐτῷ.
955 649 1256 720 Κριτήριον
1306 645 1550 710 ἐκάθισε,
1601 645 1698 727 καλ

170 749 310 820 βίϐλοι
337 726 690 818 ἠνεῴχθησαν.
750 741 1052 815 Ἐθεώρουν
1079 741 1197 794 τότε
1242 740 1350 794 ἀπὸ
1380 741 1562 810 φωνῆς
1589 726 1697 793 τῶν

167 842 310 909 λόγων
329 838 427 891 τῶν
464 837 726 908 μεγάλων,
749 828 823 889 ὧν
842 834 904 888 τὸ
927 834 1095 906 κέρας
1115 832 1312 896 ἐλάλει,
1337 832 1442 897 ἕως
1459 831 1696 904 ἀνῃρέθη

165 930 391 1003 τὺθηρίον
417 929 507 984 καὶ
529 927 794 991 ἀπώλετο,
829 927 927 981 καὶ
955 927 1016 980 τὸ
1045 927 1205 996 σῶμα
1245 925 1408 980 αὑτοῦ
1431 924 1585 996 ἐδόθη
1617 927 1697 988 είς

166 1025 325 1078 καῦσιν
347 1023 528 1095 πυρός.
563 1022 672 1077 Καὶ
695 1021 803 1075 τῶν
834 1019 1035 1074 λοιπῶν
1059 1019 1264 1092 θηρίων
1292 1021 1324 1090 ἠ
1373 1017 1514 1091 ἀρχὴ
1540 1035 1698 1090 μετε-

167 1118 323 1188 στάθη.

222 1228 238 1261 ι
273 1204 546 1278 Ἐθεώρουν
572 1207 629 1260 ἐν
655 1205 893 1278 ὁράματι
913 1204 1013 1276 τῆς
1041 1204 1254 1270 νυκτὸς,
1275 1207 1370 1260 καὶ
1405 1206 1515 1260 ἰδοὺ
1548 1206 1690 1278 μετὰ

162 1301 248 1354 τῶν
267 1299 483 1368 νεφελῶν
517 1297 610 1352 τοῦ
640 1298 904 1371 ούρανοῦ,
931 1298 1008 1363 ὡς
1040 1298 1166 1362 Υἱὸς
1212 1296 1502 1368 ανθρώπου
1538 1298 1697 1369 ἐρχό-

164 1412 293 1466 μενος
319 1389 380 1464 ἧν
403 1411 416 1424 ·
439 1393 531 1446 καὶ
563 1392 666 1457 ἕως
695 1391 790 1446 τοῦ
815 1390 1054 1446 Παλαιοῢ
1080 1391 1188 1444 τῶν
1219 1391 1440 1462 ἡμερῶν
1470 1390 1692 1461 ἔφθασε,

163 1487 235 1540 καὶ
273 1484 595 1557 προσηνέχθη
627 1484 795 1556 αὐτῷ.
835 1484 946 1538 Καὶ
973 1483 1123 1554 αὐτῷ
1171 1482 1325 1555 ἐδόθη
1361 1485 1395 1554 ἡ
1423 1484 1566 1556 ἀρχὴ
1601 1485 1694 1537 καὶ

159 1579 184 1648 ἡ
211 1577 355 1648 τιμὴ,
387 1577 478 1630 καὶ
503 1580 536 1648 ὴ
569 1576 848 1648 βασιλείαο
881 1577 976 1631 καὶ
1010 1577 1210 1640 πάντες
1250 1577 1299 1630 οἱ
1332 1575 1484 1641 λαοὶ,
1529 1575 1694 1646 φυλαὶ

159 1669 233 1722 καὶ
258 1667 480 1736 γλῶσσαι
504 1669 881 1725 δουλεύσουσιν
913 1667 1082 1740 αὐτῷ.
1129 1669 1195 1722 'H
1229 1667 1444 1734 ἐξουσία
1491 1667 1690 1734 αὑτοῦ,

156 1760 332 1827 ἐξουσία
357 1762 564 1827 αἰώνιος
583 1802 598 1827 ,
635 1765 756 1834 ἥτις
787 1764 847 1817 ού
880 1761 1308 1835 παρελεύσεται,
1338 1761 1434 1815 καὶ
1463 1763 1496 1833 η
1532 1761 1687 1833 βασι-

156 1853 249 1906 λεία
270 1853 418 1907 αὑτοῦ
446 1855 505 1908 οὺ
536 1855 989 1928 διαφθαρήσεται.
1026 1873 1045 1906 ι

217 1948 348 2001 Ἐπεὶ
369 1942 460 2002 οὖν
480 1946 748 2019 δυσνόητά
775 1965 885 2002 τισι
920 1947 1070 2001 δοκεῖ
1096 1943 1232 2003 εἶναι
1265 1945 1440 2002 ταῦτα
1477 1946 1546 2001 τὰ
1583 1965 1687 2019 μυ-

154 2038 318 2102 στικῶς
355 2038 623 2110 εἰρημένα
643 2078 657 2105 ,
704 2038 859 2094 οὐδὲν
891 2039 1096 2094 τούτων
1130 2039 1520 2112 ἀποκρύψομεν
1551 2041 1687 2113 πρὸς

153 2131 404 2198 ἐπίγνωσιν
433 2133 543 2194 τοῖς
577 2131 710 2201 ὑγιῆ
743 2131 868 2184 νοῦν
902 2130 1280 2202 κεκτημένοις.
1316 2132 1550 2186 Λέαιναν
1578 2132 1688 2206 γὰρ

152 2221 274 2277 εἶπεν
300 2223 682 2279 ἁναὸαίνουσαν
728 2225 793 2278 ἐκ
839 2224 939 2290 τῆς
971 2223 1275 2295 θαλάσσης’
1313 2224 1409 2296 τὴν
1449 2223 1557 2278 τῶν
1591 2225 1690 2277 Βα-

153 2315 384 2370 ϐυλωνίων
426 2315 704 2387 βασιλείαν
747 2317 806 2368 ἐν
837 2315 915 2386 τῷ
960 2315 1150 2386 κόσμῳ
1181 2315 1452 2386 ὲσήμανε,
1487 2315 1686 2386 ταύτης

150 2401 281 2458 οὖσαν
302 2407 392 2477 τῆς
413 2408 623 2471 εἰκόνος
646 2406 851 2478 χρυσῆν
882 2406 1144 2478 κεφαλήν.
1165 2407 1238 2463 Τὸ
1262 2407 1318 2461 δὲ
1342 2407 1452 2479 (51)
1484 2407 1682 2476 λέγειν·

154 2514 170 2546 ι
195 2496 350 2569 Πτερὰ
391 2496 525 2568 αὐτῇ
575 2496 940 2560 ὡσεὶοάετοῦ,
975 2515 993 2547 ι
1036 2497 1119 2549 ὅτι
1153 2495 1340 2569 ὑψώθη
1374 2499 1404 2550 ό
1436 2496 1688 2568 βασιλεὺς

149 2586 596 2661 Ναϐουχοδονόσορ,
623 2588 716 2642 καὶ
741 2590 882 2643 κατὰ
905 2587 1000 2642 τοῦ
1021 2588 1155 2642 Θεοῦ
1181 2589 1414 2662 ἐπήρθη.
1429 2585 1563 2644 Εἶτά
1584 2607 1688 2662 φη-

151 2695 244 2732 σιν·
280 2699 297 2732 ι
325 2682 558 2754 Ἐξετίλη
610 2682 681 2738 τὰ
735 2682 913 2756 πτερὰ
966 2683 1173 2754 αὐτῆς,
1217 2701 1236 2734 ι
1273 2683 1357 2737 ὅτι
1403 2682 1684 2757 καθῃρέθη

147 2772 276 2826 αὐτοῦ
295 2775 325 2844 ἡ
346 2773 467 2838 δόξα
484 2790 497 2805 ⁸
519 2772 815 2846 ἐξεδιώχθη
840 2773 950 2846 γὰρ
978 2775 1042 2828 ἐκ
1063 2775 1160 2845 τῆς
1194 2772 1470 2844 βασιλείας
1494 2772 1682 2828 αὑτοῦ.

147 2864 204 2918 Τὸ
234 2866 283 2918 δὲ
322 2869 523 2920 εἰπεῖν’
572 2885 593 2918 α
627 2867 841 2938 Καρδία
877 2864 1163 2938 ἀνθρώπου
1199 2865 1352 2938 ἐδόθη
1386 2867 1556 2939 αὐτῇ,
1593 2867 1687 2921 καὶ

149 2957 222 3010 ἐπὶ
243 2959 400 3013 ποδῶν
426 2959 717 3030 ἀνθρώπου
745 2957 947 3030 ἐστάθη
967 2973 982 2988 ·
1012 2976 1030 3009 ι
1057 2960 1140 3012 ὅτι
1181 2959 1504 3030 μετενόησεν
1523 3000 1538 3025 ,
1567 2962 1686 3013 ἐπι·

145 3051 274 3118 γνοὺς
291 3053 491 3119 ἑαυτὸν,
507 3055 593 3109 ὅτι
615 3051 900 3124 ἄνθρωπός
915 3055 1062 3106 ἐστι’
1093 3053 1188 3106 καὶ
1212 3052 1379 3106 ἐδωκε
1404 3053 1502 3125 τὴν
1529 3053 1686 3119 δόξαν

143 3142 204 3213 τῷ
232 3143 355 3215 θεῷ.

197 3235 330 3288 Μετὰ
375 3235 502 3305 γοῦν
556 3237 664 3309 τὴν
717 3235 976 3300 λέαιναν,
1030 3235 1282 3309 δεύτερον
1333 3235 1522 3309 θηρίον
1581 3239 1684 3311 δρᾷ

143 3324 291 3394 ὅμοιον
315 3330 514 3401 ἄρκτῳ,
545 3331 688 3400 ὅπερ
708 3324 848 3400 ἦσαν
871 3331 919 3382 οἱ
948 3328 1174 3402 Πέρσαι.
1200 3329 1355 3384 Μετὰ
1374 3331 1482 3403 γὰρ
1507 3331 1682 3384 Βαϐυ-

144 3416 328 3484 λωνίους
360 3421 566 3494 Πέρσαι
601 3421 983 3492 διεκράτησαν.
1029 3421 1101 3474 Τὸ
1132 3421 1187 3474 δὲ
1221 3420 1432 3491 λέγειν’
1483 3440 1501 3473 ι
1545 3423 1684 3492 Τρία

146 3506 315 3579 πλευρὰ
359 3512 414 3564 ἐν
445 3512 522 3583 τῷ
573 3512 804 3583 στόματι
845 3511 1048 3581 αὐτῆς,
1083 3530 1101 3562 ι
1137 3511 1265 3584 τρία
1307 3511 1434 3583 ἔθνη
1481 3511 1680 3578 ἔδειξε,

144 3595 350 3669 Πέρσας,
396 3603 488 3656 καὶ
532 3603 790 3674 Μήδους,
838 3605 931 3657 καὶ
975 3603 1382 3670 Βαϐυλωνίους,
1425 3605 1564 3678 ὅπερ
1595 3604 1681 3658 δέ-

141 3687 309 3746 δεικται
355 3696 488 3765 μετὰ
534 3696 633 3750 τὸν
665 3697 866 3769 χρυσὸν
907 3698 936 3750 ό
976 3697 1216 3769 ἄργυρος
1265 3699 1323 3751 ἐν
1365 3701 1432 3770 τῇ
1490 3699 1677 3752 εἰκόνι.

145 3781 335 3839 Ἔπειτα
361 3787 418 3840 τὸ
447 3789 635 3860 τρίτον
665 3788 853 3860 θηρίον
893 3788 1159 3861 πάρδαλις
1180 3831 1194 3855 ,
1229 3771 1427 3854 οἵτινες
1464 3787 1602 3862 ἦσαν
1633 3793 1680 3844 οἱ

145 3872 380 3948 Ἕλληνες.
410 3880 569 3934 Μετὰ
609 3881 718 3952 γὰρ
756 3883 970 3954 Πέρσας
1004 3882 1350 3954 Ἀλέξανδρος
1376 3885 1681 3956 ἐκράτησεν

141 3966 451 4039 ὀΜακεδὼν,
491 3973 740 4028 καθελὼν
783 3976 1036 4046 Δαρεῖον,
1067 3975 1140 4041 ὡς
1172 3975 1438 4031 δέδεικται
1480 3976 1590 4048 (52)
1621 3979 1680 4032 ἐν

141 4062 190 4130 τῇ
233 4064 382 4118 εἰκόνι
413 4067 440 4118 ὁ
472 4066 695 4136 χαλκός.
730 4066 802 4120 Τὸ
836 4068 892 4120 δὲ
923 4067 1101 4137 λέγειν
1126 4085 1139 4098 ·
1175 4088 1193 4120 ι
1223 4069 1407 4140 Πτερὰ
1437 4069 1680 4143 τέσσαρα

143 4155 368 4223 πετεινοῦ,
396 4178 413 4209 ι
446 4159 759 4230 σαφέστατα
788 4159 1015 4227 ἐδίδαξε,
1036 4160 1151 4225 πῶς
1176 4161 1492 4234 διεμερίσθη
1527 4163 1560 4234 ἡ
1591 4162 1681 4233 βα-

143 4243 283 4300 σιλεία
323 4251 669 4324 Ἀλεξάνδρου
693 4269 707 4283 ο
755 4272 772 4304 ι
805 4254 1076 4328 τέσσαρας
1108 4254 1216 4326 γὰρ
1259 4255 1501 4324 κεφαλὰς
1537 4275 1555 4308 ι
1599 4258 1678 4310 εί-

143 4335 251 4403 πὼν,
277 4344 392 4407 τοὺς
419 4345 694 4416 τέσσαρας
730 4345 963 4416 βασιλεῖς
988 4386 1002 4410 ,
1049 4348 1175 4411 τοὺς
1223 4347 1281 4414 ἐξ
1331 4348 1502 4419 αὐτῆς
1547 4350 1678 4404 ἀνα-

142 4425 332 4496 στάντας
350 4434 743 4507 ἐμνημόνευσε.
765 4435 1042 4490 Τελευτῶν
1065 4437 1172 4510 γὰρ
1196 4438 1540 4513 Ἀλέξανδρος

139 4514 268 4574 διεῖλε
289 4523 380 4596 τὴν
406 4527 685 4596 βασιλείαν
718 4528 884 4582 αὑτοῦ
915 4531 994 4594 είς
1017 4528 1261 4603 τέσσαρα
1293 4532 1456 4605 μέρη.

195 4649 232 4681 ³⁸
259 4650 382 4711 Dan.
410 4673 506 4726 vlt,
548 4659 704 4716 9-I2.
781 4659 820 4691 ³¹
851 4659 987 4716 Ibid.
1021 4676 1131 4725 vn,
1161 4661 1342 4717 IB-H.

329 4768 395 4843 Τὸ
428 4771 514 4843 δέ.
547 4770 696 4843 Lege
723 4771 798 4843 τῷ
823 4772 904 4828 δέ.
952 4772 1043 4843 Sic
1069 4781 1122 4827 et
1163 4788 1288 4827 mox
1333 4771 1494 4828 infra.
1526 4773 1662 4829 Gen.

337 4834 782 4920 ’ρςΑδέὄευῖταιί
807 4841 1075 4920 ϐριῃιξιξῐη
1105 4843 1167 4920 ﬁ;
1203 4843 1490 4920 δέδεικται.

195 4907 289 4978 (55)
323 4913 643 4984 *Τελευτῶν
687 4913 796 4984 γὰρ
849 4912 1252 4981 Ἀλέξανδρος.
1312 4913 1488 4969 Varia:
1538 4924 1668 4970 sunt

141 4980 383 5034 sententiae
421 4985 486 5038 de
525 4986 625 5039 hac
661 4980 950 5040 Alexandri
1000 4980 1245 5039 instituta
1297 4986 1662 5040 successione.

137 5043 560 5125 Auﬁdaciusculum
587 5064 690 5125 est,
710 5055 854 5125 quod
881 5053 1089 5109 Gudius
1115 5055 1340 5125 margini
1373 5055 1661 5124 ascripsit:

143 5114 439 5198 "_.S§(Z_||El_lm_
466 5125 555 5198 hic
602 5114 944 5197 Hippolytum
993 5114 1399 5198 dmo'copq’oiau
1425 5114 1666 5198 auctoris

138 5181 281 5268 “illi!
310 5181 833 5268 Machabzeoriiiiifi
869 5211 978 5266 quo
1026 5181 1318 5267 supercilio
1359 5196 1439 5252 sic
1484 5197 1665 5268 brevis

137 5263 488 5339 'ftlali§__|_iomo,
515 5268 737 5339 nedum
763 5263 1025 5332 divinam,
1072 5263 1246 5339 sedet
1280 5268 1572 5339 humanam
1606 5267 1668 5321 Ii-

136 5325 234 5409 dem
261 5331 329 5409 ill_i
355 5325 610 5409 detrahit.
640 5337 914 5407 Quidquid
944 5325 1023 5392 sit,
1045 5339 1111 5392 de
1147 5336 1451 5409 Hippolyto,
1484 5338 1577 5406 qui
1609 5348 1668 5392 ut

140 5392 276 5478 [Ionio
300 5400 407 5456 falli
431 5408 625 5475 potuit,
650 5392 752 5462 nec
781 5392 885 5462 illis
914 5410 1074 5463 rebus
1094 5392 1317 5478 aequalis
1343 5392 1449 5462 aut.
1468 5392 1669 5478 suppar

137 5462 243 5547 fui};
283 5462 518 5547 auctoris
548 5462 664 5532 libri
713 5481 730 5531 l
778 5462 1205 5534 Machabworum
1284 5462 1419 5532 nihil
1453 5462 1668 5534 est'cur

138 5536 264 5620 nobis
299 5543 425 5620 l‘ides
465 5556 560 5620 aut
599 5549 876 5620 diligentia
926 5560 1107 5614 nutet;
1151 5536 1275 5605 eum
1322 5550 1406 5604 vel
1453 5549 1498 5604 si
1551 5549 1668 5618 ipse

135 5617 263 5685 vivus
292 5614 588 5672 Alexander
617 5614 722 5674 non
766 5620 978 5685 divisit,
1012 5621 1264 5676 divisisse
1294 5620 1487 5675 merito
1517 5614 1669 5674 dica~

137 5684 224 5760 μιτ,
245 5685 383 5749 quod
421 5687 608 5760 saltem
645 5691 871 5759 imperio
897 5684 1243 5744 dividendum
1277 5691 1514 5760 reliquit,
1536 5691 1665 5745 dato

138 5759 178 5830 In
203 5762 308 5830 eam
326 5770 449 5830 rem
482 5755 747 5814 Perdiccae
771 5762 974 5815 annulo
1005 5762 1304 5830 signatorio
1328 5804 1342 5826 ,
1389 5755 1511 5816 cum
1537 5776 1662 5815 eum

136 5829 221 5871 vox
252 5823 526 5892 deﬁceret,
559 5839 614 5884 ut
645 5840 833 5886 auctor
863 5842 944 5886 est
965 5823 1213 5888 Justinus
1235 5823 1338 5888 lib.
1358 5847 1416 5886 ιι.
1443 5831 1663 5903 Aliquid

381 5920 648 5983 Pnaon.
693 5925 810 5984 Gn.
851 5925 934 5988 Χ.

1715 1821 1762 1882 Β

1799 564 1950 608 clum
1997 551 2140 623 ejus.
2186 549 2331 605 Mille
2374 549 2542 604 millia
2586 551 2972 606 ministrabant
2997 551 3071 618 ei,
3105 559 3160 606 et
3197 552 3380 608 decies

1798 654 2027 702 centena
2051 644 2220 699 millia
2243 642 2575 699 assistebant
2598 643 2669 698 ei.
2686 641 2959 700 Iudicium
2985 643 3148 710 sedit,
3170 653 3225 700 et
3253 643 3376 698 libri

1799 740 1972 812 aperti
1995 749 2142 796 sunt.
2162 738 2512 810 Aspieiebant
2530 749 2657 794 tunc
2681 755 2710 793 a
2733 755 2867 796 voce
2881 755 3195 796 sermonum
3220 755 3380 812 gran-

1798 833 1974 896 dium,
2008 847 2148 902 quos
2169 846 2341 908 cornu
2376 830 2507 885 illud
2536 830 2880 900 loquebatur,
2909 831 3270 902 quoadusque
3298 831 3380 886 in-

1797 925 2022 981 terfecta
2059 933 2145 980 est
2177 923 2350 978 bestia
2380 932 2435 978 et
2457 923 2648 993 periit;
2687 933 2740 978 et
2800 939 3002 994 corpus
3031 927 3151 995 ejus
3181 926 3370 980 datum

1795 1026 1880 1073 est
1910 1018 1964 1072 in
1995 1017 2431 1073 combustionem
2470 1015 2632 1086 ignis.
2673 1014 2737 1069 Et
2793 1027 3112 1073 exterarum
3171 1017 3372 1072 bestia-

1796 1123 1919 1164 rum
1948 1109 2246 1163 translatus
2273 1115 2357 1162 est
2385 1105 2727 1176 principatus
2753 1107 2844 1167 '°.,

1762 1187 1783 1205 ⁶
1865 1197 2031 1254 XXII.
2063 1219 2082 1252 ι
2105 1198 2445 1269 Aspiciebam
2474 1197 2528 1251 in
2561 1198 2769 1252 visione
2803 1199 3007 1252 noctis:
3027 1206 3082 1252 et
3103 1214 3229 1255 ecce
3244 1216 3368 1254 eum

1797 1293 2034 1348 nubibus
2079 1293 2201 1348 cadi
2237 1291 2395 1362 quasi
2445 1289 2618 1346 Filius
2665 1291 2904 1345 hominis
2948 1309 2963 1346 :
3005 1300 3060 1346 et
3092 1307 3264 1362 usque
3301 1294 3368 1347 ad

1793 1384 2091 1454 Antiquum
2125 1385 2337 1440 dierum
2380 1383 2659 1454 pervenit,
2705 1394 2760 1438 et
2801 1384 3017 1439 oblatus
3059 1393 3144 1439 est
3190 1385 3262 1439 ei.
3307 1385 3372 1439 Et

1793 1479 1980 1534 datum
2025 1486 2110 1534 est
2153 1477 2205 1532 ei
2255 1477 2546 1548 imperium
2589 1485 2644 1531 et
2691 1476 2866 1532 honor
2906 1487 2961 1532 et
3007 1492 3270 1549 regnum;
3317 1487 3371 1533 ιιι

1794 1585 1987 1625 omnes
2017 1569 2201 1640 populi
2222 1608 2237 1634 ,
2263 1569 2436 1624 tribus
2458 1577 2513 1624 et
2531 1568 2730 1639 linguae
2757 1567 2998 1624 sI-rvient
3018 1569 3088 1623 ei.
3121 1567 3371 1624 Potestas

1792 1664 1948 1735 ejus,
1999 1672 2239 1734 potestas
2283 1671 2524 1726 aeterna,
2575 1677 2698 1732 qua:
2749 1676 2858 1716 non
2893 1663 3276 1733 pcrtransibit,
3315 1673 3371 1719 et

1795 1772 2022 1828 regnum
2053 1756 2174 1827 ejus
2207 1770 2317 1811 non
2349 1754 2589 1811 interibit
2610 1754 2674 1807 “.
2713 1771 2732 1806 ι

1859 1936 2050 1994 XXIII.
2091 1935 2228 2002 Quia
2273 1934 2440 2006 igitur
2479 1949 2602 2004 quae
2646 1933 2727 1990 sic
2767 1948 2970 1988 arcano
3011 1948 3174 1990 sensu
3222 1934 3364 1990 dicta

1788 2041 1949 2097 sunt,
2000 2029 2278 2086 nonnullis
2334 2028 2586 2083 videntur
2635 2037 2795 2096 captu
2846 2027 3112 2093 dimcilia;
3173 2043 3364 2082 eorum

1789 2121 1925 2178 nihil
1962 2119 2396 2183 abscondemus,
2438 2129 2499 2173 ut
2530 2117 2834 2189 intelligant
2871 2118 2964 2187 qui
3002 2133 3136 2174 sana
3185 2129 3366 2173 mente

1787 2213 1996 2286 pmditi
2029 2220 2177 2268 sunt.
2207 2210 2456 2267 Lemnam
2486 2210 2632 2265 enim
2663 2210 2896 2265 dicendo
2917 2211 3299 2265 ascendentem
3334 2226 3366 2264 e

1787 2307 1950 2373 mari,
1977 2304 2402 2377 Babyloniorum
2433 2318 2661 2371 regnum
2693 2304 2747 2356 in
2775 2301 2980 2357 mundo
3011 2302 3362 2373 signiﬁcavit,

1787 2398 1935 2470 quod
1966 2397 2134 2469 hujus
2163 2396 2442 2452 simulacri
2467 2404 2586 2451 erat
2611 2404 2774 2464 caput
2804 2410 3055 2450 aureum.
3087 2393 3243 2461 Quod
3267 2409 3364 2448 au-

1789 2503 1896 2551 tem
1930 2494 2102 2551 dicit:
2141 2511 2161 2545 ι
2188 2492 2302 2548 Ala:
2333 2491 2453 2562 ejus
2493 2489 2654 2561 quasi
2685 2489 2912 2561 aquilae;
2950 2507 2970 2540 ι
3003 2489 3131 2560 quia
3157 2492 3366 2548 exalta-

1789 2599 1878 2647 tus
1907 2599 1990 2646 est
2017 2604 2110 2644 rex
2145 2587 2649 2643 Nabuchodonosor
2677 2594 2730 2639 et
2755 2585 3016 2640 adversus
3047 2583 3216 2640 Deum
3247 2585 3363 2640 ela-

1789 2691 1897 2739 tus.
1929 2681 2069 2737 Tum
2102 2682 2180 2736 ait
2209 2697 2223 2734 :
2265 2699 2283 2733 ι
2315 2679 2529 2736 Evulsa:
2562 2687 2693 2734 sunt
2722 2679 2819 2734 ala:
2852 2678 3002 2748 ejus;
3035 2697 3054 2731 ι
3083 2679 3211 2748 quia
3243 2680 3364 2748 ejus

1788 2776 1968 2831 ablata
2006 2774 2175 2847 gloria
2208 2782 2293 2830 est
2326 2790 2340 2829 :
2379 2772 2480 2828 fuit
2517 2773 2662 2829 enim
2715 2769 2921 2840 ejectus
2971 2787 3000 2826 e
3039 2786 3208 2842 regno
3238 2787 3360 2827 suo.

1788 2867 2028 2923 Dicendo
2077 2875 2260 2922 autem
2297 2884 2310 2920 :
2352 2881 2370 2916 ι
2398 2864 2506 2920 Cor
2545 2861 2787 2918 hominis
2825 2862 3030 2916 'datum
3072 2870 3156 2916 est
3187 2861 3270 2928 ei,
3310 2872 3365 2917 et

1788 2976 1953 3030 super
1980 2960 2145 3030 pedes
2179 2957 2418 3014 hominis
2443 2955 2626 3023 stetit;
2669 2973 2688 3007 ›
2714 2954 2840 3024 quia
2873 2954 3070 3009 ductus
3093 2953 3364 3024 pinuiten-

1790 3052 1863 3106 tia
1893 3061 1997 3116 est,
2029 3051 2145 3122 ipse
2177 3066 2236 3106 se
2263 3054 2444 3121 ipsum
2469 3062 2796 3119 agnoscens,
2819 3046 2966 3116 quod
2993 3047 3155 3102 homo
3179 3057 3360 3110 esset;

1711 3168 1754 3226 ο
1788 3155 1842 3200 et
1868 3144 2016 3199 dedit
2044 3143 2271 3215 gloriam
2310 3141 2440 3198 Deo.

1859 3235 2046 3294 XXIV.
2088 3236 2220 3292 Post
2242 3237 2466 3291 leaenam
2491 3250 2642 3307 ergo,
2663 3235 2961 3291 secundum
2985 3234 3184 3290 animal
3217 3233 3363 3288 videt

1783 3348 1916 3388 urso
1937 3331 2136 3398 simile,
2163 3329 2307 3401 quod
2337 3338 2464 3384 sunt
2489 3329 2687 3384 Persae.
2716 3327 2847 3384 Post
2869 3328 3190 3401 Babylonios
3210 3328 3353 3380 enim

1781 3423 1962 3479 Persae
2007 3438 2190 3477 rerum
2240 3423 2394 3492 potiti
2445 3431 2592 3476 sunt.
2638 3420 2876 3477 Dicendo
2914 3429 3132 3476 autem:
3165 3440 3183 3472 ι
3224 3418 3360 3474 Tres

1782 3525 1949 3571 costa:
1981 3515 2117 3583 (sive
2143 3514 2385 3582 ordines)
2412 3513 2464 3566 in
2495 3529 2590 3566 ore
2619 3513 2758 3582 ejus,
2794 3531 2812 3564 ι
2843 3522 2950 3567 tres
2978 3523 3164 3583 gentes
3189 3513 3359 3584 signi-

1783 3602 1979 3664 licavit,
2000 3599 2217 3664 Persas,
2243 3600 2428 3655 Medos
2455 3609 2509 3655 et
2530 3601 2854 3672 Babylonios
2883 3618 2898 3656 :
2931 3602 3090 3672 idque
3118 3604 3357 3657 ostendit

1782 3704 2068 3766 argentum
2102 3693 2422 3764 adjunctum
2453 3708 2591 3747 auro
2638 3693 2692 3746 in
2735 3693 3049 3749 simulacro.
3099 3694 3356 3764 Sequitur

1783 3786 1938 3839 tertia
1989 3785 2190 3850 bestia,
2243 3785 2480 3854 pardus,
2521 3800 2716 3856 nempe
2757 3783 2954 3843 Graeci.
3000 3784 3130 3840 Post
3159 3784 3354 3839 Persas

1781 3881 1926 3934 enim
1949 3880 2254 3934 Alexander
2277 3877 2497 3934 Macedo
2518 3894 2698 3933 rerum
2732 3877 2936 3948 potitus
2965 3887 3066 3944 est,
3089 3876 3356 3932 debellato

1783 3973 1948 4028 Dario
1969 4013 1984 4037 ,
2017 3973 2112 4044 qui
2145 3973 2198 4026 in
2243 3973 2542 4029 simulacro
2583 3973 2708 4028 mris
2741 3973 2920 4043 specie
2963 3980 3218 4028 ostensus
3247 3983 3350 4026 est.

1782 4065 2022 4121 Dicendo
2075 4073 2254 4120 autem
2289 4081 2303 4120 :
2343 4082 2361 4116 ι
2393 4067 2638 4131 Quatuor
2681 4064 2798 4120 alas
2826 4064 3096 4128 volucris,
3129 4081 3148 4113 ι
3198 4077 3357 4132 aper-

1781 4159 1994 4214 tissime
2035 4159 2220 4214 doeuit
2251 4159 2528 4229 quomodo
2570 4157 2861 4212 Alexandri
2895 4156 3184 4226 imperium
3215 4156 3356 4211 divi-

1781 4266 1902 4307 sum
1963 4250 2085 4307 fuit.
2132 4250 2371 4307 Dicendo
2402 4251 2547 4306 enim
2599 4269 2617 4303 ι
2647 4258 2885 4320 quatuor
2918 4249 3119 4318 capita,
3163 4268 3182 4299 ι
3216 4264 3353 4318 qua-

1780 4355 1905 4401 tuor
1949 4345 2041 4417 qui
2089 4361 2156 4400 ex
2205 4345 2300 4400 illo
2350 4352 2738 4410 surrexerunt,
2802 4358 2957 4414 reges
3007 4343 3351 4397 memoravit.

1779 4440 2084 4495 Alexander
2123 4438 2268 4493 enim
2337 4437 2617 4503 moriens,
2663 4434 2951 4506 imperium
3003 4435 3240 4489 solidum
3295 4434 3351 4488 in

1703 4532 1747 4586 D
1777 4542 2013 4604 quatuor
2039 4542 2223 4603 partes
2243 4530 2445 4586 divisit.

1775 4784 1932 4849 certe
1945 4772 2064 4842 ejus
2093 4775 2679 4849 nutus‘intercessisse,
2705 4786 2765 4831 ut
2791 4777 2842 4832 in
2868 4789 3069 4844 tantos,
3095 4776 3251 4849 quasi
3281 4792 3349 4832 ex

1773 4845 2028 4900 condicto
2048 4883 2062 4906 .
2092 4855 2240 4899 tanta
2271 4845 2384 4898 haec
2416 4845 2626 4914 imperii
2677 4849 2850 4904 moles
2873 4845 3225 4913 divideretur,
3259 4849 3348 4903 cui

1775 4930 1936 4988 nemo
1979 4931 2121 4970 unus
2147 4925 2341 4988 praeter
2373 4915 2740 4988 Alexandrum
2767 4935 2864 4988 par
2901 4918 3017 4974 fore
3047 4919 3346 4977 videretur.

1777 4985 1977 5040 indicio
2001 4994 2105 5049 est,
2148 4987 2294 5056 quod
2329 4987 2477 5040 nullo
2503 4988 2602 5042 sibi
2632 4985 3003 5044 monarcliiam
3035 4991 3347 5044 universam

1773 5065 2095 5126 usurpante,
2125 5057 2358 5127 quisque
2389 5068 2540 5126 parte
2568 5068 2879 5126 contentus,
2926 5061 3123 5115 ieiunio
3154 5059 3350 5114 cedere

1772 5127 1922 5182 visus
1964 5137 2049 5180 est
2077 5144 2089 5179 :
2118 5127 2371 5202 etsi__h;ec
2421 5128 2842 5202 πολυκοιρανίη,
2880 5134 3018 5186 inter
3057 5130 3350 5202 Alexandri

1772 5212 2120 5254 successores
2147 5197 2409 5254 bellorum
2443 5197 2805 5256 seminarium
2833 5201 2953 5257 fuit.
2981 5201 3203 5257 Curtius
3230 5201 3264 5253 l.
3292 5215 3346 5262 ις,

1773 5283 1834 5342 c._
1867 5267 1970 5322 10:
2001 5287 2023 5342 ε
2052 5269 2444 5342 Crediderunt,
2497 5271 2703 5340 inquit,
2751 5274 2974 5342 quidam
3025 5281 3347 5326 testamento

1773 5338 2063 5412 Alexandri
2094 5339 2414 5412 distributas
2443 5338 2932 5412 esse—provincias;
2964 5362 2982 5395 ι
3013 5344 3174 5412 idque
3199 5355 3228 5393 a
3255 5356 3348 5392 va-

1773 5410 1870 5482 riis
1903 5411 2233 5482 auctoribus,
2253 5413 2510 5466 traditum
2544 5410 2778 5479 asserit,
2819 5415 2943 5468 licet
2979 5410 3098 5482 ipse
3122 5420 3345 5466 contra-

1775 5480 1916 5534 rium
1952 5482 2169 5536 sentiat.
2203 5481 2361 5548 Quod
2389 5485 2472 5536 vel
2501 5484 2545 5538 si
2583 5485 2652 5537 ita
2687 5485 2917 5540 dixisset
2951 5480 3105 5539 sacer
3134 5493 3347 5543 auctor,

1773 5553 1950 5623 major
1975 5552 2133 5606 nobis
2156 5553 2288 5607 lides
2312 5566 2477 5616 esset,
2507 5570 2670 5621 quam
2693 5572 2885 5610 eorum
2915 5556 3006 5623 qui
3032 5572 3061 5608 ει
3085 5552 3348 5606 Perdicca

1773 5619 1970 5692 factam
2007 5623 2196 5677 volunt
2225 5639 2345 5677 eam
2381 5619 2738 5692 divisionem,
2776 5619 2945 5680 modo
2985 5627 3076 5678 illo
3109 5639 3139 5677 a
3187 5624 3351 5676 nobis

1772 5707 1836 5746 ex
1861 5691 2078 5748 Justino
2114 5693 2385 5766 indicato,
2410 5709 2463 5751 et
2497 5699 2565 5750 ah
2599 5697 2691 5750 illo
2721 5691 2968 5766 pluribus
3010 5694 3258 5766 tradito;
3298 5696 3348 5744 in

1771 5779 1934 5832 quam
1981 5765 2302 5818 sententiam
2347 5766 2525 5820 ierunt
2573 5763 2874 5831 Diodorus,
2920 5767 3179 5830 Cui-tius,
3213 5763 3345 5818 0ro~

1772 5837 1924 5903 sius,
1949 5846 2054 5891 etc.
2089 5834 2270 5906 Ipsum
2301 5835 2670 5894 Alexandrqu
2705 5855 2930 5908 regnum
2959 5839 3220 5894 divisisse
3261 5851 3351 5889 as—

2908 5935 2985 5995 2!.
