3876 6340
512 325 618 386 747
902 376 909 383 .
1147 324 1204 379 S.
1246 323 1609 381 HIPPOLYTI
1648 322 1799 383 OPP.
1842 327 2020 385 PARS
2060 328 2126 386 ll.
2165 360 2236 372 —
2273 326 2574 386 DOGMAT.
2617 327 2707 386 ET
2747 328 3088 390 HISTORIC.
3604 343 3685 402 ἠε

570 446 753 503 XXV.
793 443 1001 502 Deinde
1049 444 1167 500 ait:
1205 463 1225 498 ι
1261 444 1439 502 Bestia
1483 456 1681 518 quarta
1726 448 1987 505 terribilis
2020 463 2083 504 ac

2266 448 2499 504 Ἔπειτά
2526 465 2658 520 φησι
2679 465 2694 480 ’
2729 467 2748 501 ι
2774 448 2977 523 Θηρίον
2997 449 3249 524 τέταρτον
3275 454 3486 529 φοϐερὸν
3515 459 3596 514 καὶ
3621 464 3692 518 εκ.

514 539 781 613 stupenda
808 557 823 595 :
849 537 1042 594 dentes
1061 536 1183 607 erS
1206 535 1389 604 ferrei,
1416 546 1471 593 et
1490 553 1701 610 ungues
1730 539 1851 609 ejus
1878 540 2031 596 :enei.
2058 558 2078 593 ι

2198 540 2396 612 Βαμδον
2413 557 2426 571 ·
2446 541 2496 593 οἱ
2521 540 2730 605 ὀδόντες
2754 540 2920 596 αὐτοῦ
2954 541 3181 615 σιδηροῖ,
3201 545 3294 598 καὶ
3309 548 3355 600 οἱ
3368 546 3539 620 όνυχες
3561 552 3692 610 αύτοῦ

421 705 425 709 ί
514 633 751 701 Quinam
786 630 878 686 isti
909 630 1017 686 nisi
1063 628 1331 685 Romani?
1358 630 1505 701 quod
1548 639 1633 687 est
1666 630 1870 686 ferrum
1891 671 1907 696 ,
1938 632 2083 703 quod

2198 633 2393 703 χαλκοῖ.
2419 651 2439 685 ι
2469 632 2626 696 Τίνες
2651 624 2798 685 οὗτοι
2828 630 2945 687 ἀλλ’
2974 632 3007 703 ἦ
3048 633 3336 706 Ῥωμαϊοι;
3365 637 3491 710 ὅπερ
3526 641 3649 694 ἐστὶν
3672 646 3696 698 ὸ

513 740 661 781 nunc
680 732 792 780 stat
814 730 1108 793 manetque
1132 723 1423 792 imperium
1447 736 1462 777 :
1485 738 1647 779 crura
1668 724 1814 779 enim
1838 725 1958 794 ejus
1982 723 2083 780 ier-

2198 726 2401 797 σίδηρος
2418 766 2433 790 ,
2465 728 2500 797 ή
2527 724 2621 779 νῦν
2647 723 2862 778 ἑστῶσα
2890 723 3167 795 βασιλείαο
3197 728 3253 781 αἱ
3284 729 3475 801 κνῆμαι
3501 732 3595 806 γὰρ
3619 736 3696 788 αὑ.

511 832 625 871 rea.
655 815 788 889 Post
812 816 929 871 haec
952 814 1118 880 enim,
1139 813 1271 885 quid
1301 814 1449 870 aliud
1481 826 1719 886 superat,
1743 817 2083 886 charissime,

2198 816 2284 888 τῆς
2318 817 2550 890 σιδηραῖ.
2590 817 2745 871 Μετὰ
2779 817 2889 889 γὰρ
2916 816 3076 871 τοῦτο
3114 817 3168 871 τί
3198 820 3552 891 παρείλειπται
3582 825 3696 898 (54),

511 918 706 981 praeter
738 908 965 979 vestigia
999 906 1197 978 pedum
1248 907 1564 975 simulacri,
1610 909 1666 963 in
1704 911 1905 981 quibus
1959 927 2083 981 pars

2198 909 2437 979 ὶγαπητὲ
2456 948 2471 974 ,
2497 908 2612 964 ἀλλ’
2651 909 2685 981 ἢ
2718 909 2786 964 τὰ
2810 909 2933 981 ῐχνη
2964 908 3073 964 τῶν
3104 909 3282 964 ποδῶν
3306 912 3400 983 τῆς
3425 914 3628 980 εἰκόνος,
3653 919 3698 971 ἐν

511 1002 759 1072 quaedam
785 998 982 1065 ferrea,
1014 1013 1144 1069 pars
1167 1013 1300 1055 vero
1326 1008 1495 1056 testea
1527 1009 1632 1065 est,
1662 1003 1969 1059 commistis
2001 1004 2083 1058 in-

2198 994 2265 1064 ιῗς
2312 998 2477 1070 μέρος
2527 998 2710 1070 μέντοι
2915 998 3033 1052 ἐστ)⁸
3066 998 3349 1070 σιδηροῦν,
3399 1001 3547 1074 μέρος
3587 1004 3635 1058 δέ
3660 1023 3702 1061 τι

512 1100 595 1148 ter
620 1107 680 1148 se
709 1091 1035 1163 speciebus?
1072 1089 1177 1147 Per
1217 1106 1430 1163 ungues
1455 1092 1653 1163 pedum
1681 1108 1885 1149 arcano
1912 1104 2083 1152 sensu

2198 1092 2502 1164 5στράκινον
2522 1132 2537 1156 ,
2563 1091 3009 1163 ἀναμεμιγμένον
3041 1090 3152 1164 (56)
3184 1093 3262 1156 είς
3287 1092 3507 1165 illum;
3533 1097 3701 1151 Μυστιε

509 1200 670 1256 reges
694 1200 760 1240 ex
787 1184 882 1239 illo
909 1193 1093 1239 ortum
1126 1183 1412 1239 habituros
1440 1183 1767 1256 designavit,
1793 1186 1872 1243 uti
1896 1186 2083 1243 Daniel

2198 1184 2298 1248 ιῶς
2326 1183 2559 1255 ἐδήλωσε
2590 1183 2678 1238 διὰ
2708 1183 2819 1238 τῶν
2847 1182 3127 1239 δακτύλων
3150 1183 3261 1238 τῶν
3286 1184 3453 1241 ποδῶν
3490 1187 3599 1252 τοὺς
3627 1188 3702 1258 βαι

510 1276 630 1331 ait:
673 1295 692 1327 ‹
722 1273 1043 1346 Cogitabam
1086 1273 1354 1341 bestiam;
1395 1283 1451 1328 et
1488 1288 1618 1331 ecce
1648 1275 1835 1332 decem
1877 1290 2083 1332 cornua

2198 1276 2351 1340 σιλείς
2370 1317 2385 1341 ,
2420 1277 2547 1340 τοὺς
2579 1274 2640 1341 ἐξ
2665 1275 2845 1330 αὐτῶν
2866 1276 3248 1348 ἐγειρομένους
3264 1318 3280 1342 ,
3317 1276 3453 1349 ἅπερ
3474 1279 3603 1349 λέγει
3625 1283 3704 1334 Δα-

507 1379 658 1425 retro
683 1383 803 1423 eam
831 1384 844 1420 ;
866 1368 1008 1423 inter
1028 1382 1152 1438 qua:
1177 1376 1364 1438 surget
1389 1367 1735 1424 minusculus
1756 1368 1899 1425 stolo
1921 1367 2083 1436 alius,

2198 1367 2307 1439 νιήλ
2326 1384 2341 1397 ο
2376 1386 2395 1420 ι
2423 1366 2760 1439 Προσενόουν
2790 1366 2857 1433 τὸ,
2882 1366 3070 1438 θηρίον
3090 1406 3105 1431 ,
3137 1367 3234 1420 καὶ
3261 1349 3368 1422 ἰδού
3389 1367 3511 1422 δέκα
3533 1368 3705 1442 κέρατα

508 1470 563 1517 et
605 1461 710 1515 tria
741 1474 865 1531 quae
911 1471 1037 1515 ante
1093 1459 1274 1530 ipsum
1319 1466 1515 1527 erant,
1554 1476 1764 1516 cornua
1812 1461 2025 1517 evellet.
2060 1480 2079 1513 ι

2198 1458 2358 1515 Βπίσω
2386 1457 2646 1523 αὐτοῠ,ἐν
2677 1451 2759 1520 οἷς
2783 1456 3118 1528 ἀναϐήσεται
3149 1458 3335 1531 ἓτερον
3364 1460 3702 1530 παραφυάδιον,

509 1555 634 1622 Quo
659 1570 768 1610 non
800 1553 946 1609 aliud
980 1546 1145 1623 quam
1180 1553 1549 1608 Antichristus
1596 1563 1935 1610 monstratus
1965 1563 2083 1620 est,

2198 1550 2281 1603 καὶ
2326 1548 2457 1620 τρία
2495 1548 2605 1613 τῶν
2659 1548 2766 1619 πρὸ
2814 1548 2980 1603 αὐτοῦ
3031 1548 3357 1620 ἐκριζώσεν
3406 1569 3425 1601 ι
3468 1552 3593 1622 ὅπερ
3640 1551 3707 1604 δέ-

512 1647 684 1717 quiet
714 1646 830 1716 ipse
853 1643 1166 1700 Judaeorum
1193 1661 1421 1716 regnum
1445 1647 1809 1702 suscitaturus
1833 1655 1937 1704 est.
1959 1646 2083 1702 Tria

2198 1638 2394 1693 Βεικται
2439 1638 2549 1710 (57)
2585 1638 2683 1710 οὐχ
2708 1638 2931 1711 ἕτερον,
2978 1639 3091 1695 ἀλλ’
3134 1642 3167 1713 ἦ
3209 1642 3238 1694 ὁ
3279 1642 3637 1713 Ἀντίχριστος,
3662 1643 3705 1705 ὃς

510 1754 716 1795 cornua
759 1754 857 1809 per
886 1754 1011 1793 eum
1044 1739 1255 1803 evulsa,
1291 1747 1404 1794 tres
1434 1753 1591 1808 reges
1618 1747 1799 1804 vocat,
1835 1738 2083 1811 Egypti,

2198 1732 2283 1787 mi.
2314 1732 2478 1796 αὐτὸς
2506 1731 2604 1805 τὴν
2656 1730 2922 1787 Ἰουδαίων
2955 1731 3230 1803 βασιλείαν
3264 1735 3562 1806 ἀναστήσει.
3599 1735 3709 1806 Τρία

512 1829 695 1904 Libyae
733 1840 788 1885 et
833 1828 1131 1900 IEthiopiae
1152 1871 1168 1895 ,
1210 1845 1351 1901 quos
1381 1831 1670 1887 inter-tlciet
1700 1832 1753 1887 in
1786 1831 1911 1887 belli
1946 1835 2083 1889 acie.

2198 1824 2396 1896 κέρατα
2425 1823 2571 1893 λέγει
2598 1823 2691 1877 ὑπ’
2723 1824 2883 1878 αὑτοῦ
2920 1826 3293 1897 ἐκριςοῦσθαι,
3326 1828 3447 1892 τοὺς
3475 1830 3606 1900 τρεῖς
3632 1827 3707 1898 βα-

510 1919 615 1977 llic
663 1919 927 1976 nimirum
968 1919 1215 1975 omnium
1249 1919 1404 1990 gravi
1445 1919 1675 1990 imperio
1704 1921 1910 1992 potitus
1936 1959 1951 1987 ,
1992 1921 2083 1992 qui

2198 1914 2357 1978 σιλεῖς
2380 1912 2677 1983 Αἰγύπτου,
2707 1912 2922 1969 Λιϐύων
2953 1932 3013 1968 τε
3045 1916 3137 1968 καὶ
3167 1916 3452 1982 Αἰθιόπων,
3476 1917 3559 1981 οὖς
3586 1918 3706 1971 ἀναι-

509 2025 689 2067 εωνυε
732 2019 1001 2083 tyrannus
1052 2012 1155 2076 sit,
1197 2010 1603 2066 tribulationem
1639 2026 1705 2067 ac
1752 2012 2083 2083 persecutio-

2198 2009 2275 2081 ρεῖ
2324 2009 2382 2060 ἐν
2430 2005 2731 2079 παρατάξει
2778 2006 3014 2079 πολέμου
3032 2025 3046 2038 ·
3097 2008 3157 2074 ὃς
3212 2010 3485 2082 κρατήσας
3532 2011 3707 2065 πάντων

507 2118 633 2159 nem
667 2103 724 2159 in
753 2102 1005 2160 homines
1030 2103 1308 2168 movebit,
1343 2102 1608 2159 adversus
1635 2118 1776 2174 quos
1805 2101 2083 2163 ederetur.

2198 2100 2375 2164 δεινῶς
2393 2141 2410 2167 ,
2443 2101 2593 2172 ὅμως
2625 2099 2737 2172 (58)
2768 2100 3029 2173 τύραννος
3060 2102 3155 2167 ὢν,
3184 2101 3367 2172 θλίψιν
3398 2103 3487 2157 καὶ
3512 2102 3708 2174 διωγμὸν

506 2190 598 2246 Ait
653 2190 802 2246 enim
864 2190 1054 2246 Daniel
1103 2208 1118 2248 :
1180 2207 1202 2244 ι
1241 2190 1626 2263 Attentiusque
1672 2192 2083 2251 considerabam

2198 2191 2280 2245 ἐπὶ
2308 2191 2434 2256 τοὺς
2464 2188 2785 2262 ἀνθρώπους
2818 2192 3033 2264 ποιήσει
3059 2231 3074 2256 ,
3110 2194 3469 2266 ἐπαιρόμενος
3500 2195 3605 2248 κατ’
3636 2194 3710 2248 αύ-

507 2297 716 2349 cornu;
761 2291 817 2339 et
859 2297 988 2340 ecce
1032 2296 1207 2340 cornu
1250 2283 1385 2340 illud
1432 2283 1666 2340 faciebat
1708 2284 1907 2342 bellum
1959 2303 2083 2343 cum

2198 2279 2313 2336 τῶν.
2347 2279 2512 2350 Λέγει
2543 2279 2653 2352 γὰρ
2693 2280 2928 2352 Δανιήλ’
2971 2300 2989 2333 ι
3031 2282 3368 2354 Προσενόουν
3419 2284 3492 2356 τῷ
3528 2284 3707 2355 κέρατι,

507 2379 748 2447 sanctis,
775 2387 831 2434 et
875 2378 1204 2451 praevalebat
1244 2379 1509 2436 adversus
1538 2395 1665 2448 eos;
1696 2380 1872 2438 donec
1914 2382 2083 2439 inter-

2198 2372 2283 2425 καὶ
2329 2370 2438 2426 ἰδοὺ
2481 2369 2543 2425 τὸ
2582 2370 2750 2444 κέρας
2780 2373 2957 2426 ἐκεῖνο
3002 2373 3174 2427 ἐποίει
3221 2374 3454 2446 πόλεμον
3484 2376 3604 2447 μετά
3627 2375 3709 2429 τῶν

509 2480 655 2557 tecta
680 2489 765 2536 est
786 2480 962 2536 bestia
990 2487 1046 2536 et
1075 2478 1302 2546 interiit,
1333 2487 1389 2537 et
1412 2495 1613 2553 corpus
1641 2479 1763 2552 ejus
1786 2481 1975 2538 datum
2000 2492 2083 2540 est

2198 2465 2378 2535 ὶγίων,
2411 2466 2506 2518 καὶ
2537 2463 2691 2536 ῐσχυε
2724 2464 2859 2539 πρὸς
2891 2466 3122 2531 αὐτοὺς,
3160 2466 3270 2533 ἕως
3300 2468 3527 2542 ἀνῃρέθη
3555 2469 3607 2522 τὸ
3632 2471 3707 2541 0r,-

509 2576 565 2631 in
593 2573 1028 2631 combustionem
1058 2571 1200 2644 ignis
1223 2572 1288 2629 ³⁸.
1323 2591 1342 2627 ι

579 2752 773 2834 XXVI.
803 2753 960 2810 Brevi
986 2762 1108 2824 post
1132 2752 1314 2807 veniet
1329 2750 1397 2808 de
1420 2752 1574 2810 cadis
1603 2752 1743 2824 lapis
1767 2752 1813 2786 ³³
1835 2753 1932 2824 qui
1954 2768 2083 2824 per-

508 2848 683 2906 cussit
720 2847 1080 2905 simulacrum
1125 2854 1181 2902 et
1215 2845 1347 2901 illud
1389 2846 1678 2912 contrivit,
1722 2856 1887 2918 atque
1916 2862 2084 2919 regna

508 2940 821 3005 transtulit,
863 2949 918 2996 et
941 2939 1148 2996 sanctis
1198 2937 1463 2994 Altissimi
1494 2955 1724 3010 regnum
1765 2941 1934 2996 dedit.
1983 2939 2085 2997 Hic

507 3041 593 3091 est
617 3032 709 3104 qui
741 3031 920 3087 factus
960 3039 1046 3087 est
1078 3030 1132 3086 in
1182 3039 1421 3086 montem
1468 3046 1726 3102 maguum
1756 3042 1812 3088 et
1841 3033 2085 3103 implevit

2185 2557 2301 2631 ρίον
2351 2558 2446 2613 καὶ
2486 2556 2764 2625 ἀπώλετο,
2818 2559 2913 2613 καὶ
2954 2558 3014 2613 τὸ
3060 2558 3219 2632 σῶμα
3263 2561 3423 2616 αὐτοῦ
3471 2561 3608 2635 ἐδόθη
3650 2564 3711 2625 εἰς

2184 2645 2380 2702 καῦσιν
2414 2648 2605 2720 πυρός.
2642 2667 2662 2700 ι

2254 2740 2392 2794 Μετ’
2419 2739 2597 2810 ὀλίγον
2628 2740 2747 2812 ἥξει
2778 2741 2875 2795 ἀπ’
2916 2741 3162 2813 οὐρανῶν
3192 2745 3223 2797 ό
3256 2741 3407 2808 λίθος
3442 2742 3470 2796 ὁ
3512 2740 3713 2807 πατάξας

2184 2831 2284 2904 τὴν
2312 2831 2492 2886 είχόνα
2513 2872 2529 2898 ,
2570 2834 2665 2886 καὶ
2698 2832 2988 2906 συντρίψας
3031 2835 3236 2907 αὐτὴν,
3276 2835 3373 2890 καὶ
3417 2836 3713 2908 μεταστήσας

2185 2924 2367 2990 πάσας
2400 2924 2497 2989 τάς
2530 2924 2838 2996 βασιλείας,
2870 2926 2966 2980 καὶ
2996 2926 3119 2991 δοὺς
3150 2927 3252 3000 τὴν
3287 2926 3550 2999 βασιλείαν
3575 2926 3715 2995 ἁγίοις

2197 3018 2472 3088 Ὑψίστου.
2514 3010 2680 3082 Οὗτος
2708 3020 2736 3072 ὁ
2765 3017 3014 3091 γενηθεὶς
3042 3020 3123 3084 είς
3149 3019 3279 3093 ὅρος
3309 3020 3471 3091 μέγα,
3503 3019 3586 3073 καὶ
3610 3018 3716 3087 πλη·

508 3125 825 3182 universam
855 3130 1078 3189 terram,
1105 3123 1173 3180 de
1193 3139 1304 3195 quo
1331 3122 1521 3179 Daniel
1545 3124 1658 3179 ait:
1699 3144 1718 3178 ι
1738 3126 2079 3197 Aspiciebam

2198 3107 2369 3181 ρώσας
2392 3109 2570 3164 πᾶσαν
2596 3107 2694 3180 τὴν
2714 3109 2838 3181 γῆν,
2858 3126 2924 3162 πε
2933 3110 2985 3182 pi.
3004 3105 3065 3165 οὗ
3089 3110 3290 3183 Δανιὴλ
3322 3110 3468 3180 λέγει
3484 3127 3498 3141 ·
3520 3129 3538 3163 ι
3557 3107 3715 3163 Ἐθεώ-

509 3217 565 3272 in
596 3216 809 3272 visione
839 3217 1020 3272 noctis
1049 3234 1063 3271 :
1095 3225 1150 3271 et
1180 3230 1310 3272 ecce
1337 3230 1464 3272 cum
1493 3216 1733 3273 nubibus
1763 3218 1886 3275 caeli
1919 3219 2082 3290 quasi

2198 3218 2316 3274 ρουν
2349 3203 2408 3255 ἐν
2438 3200 2674 3275 ὁράματι
2705 3200 2805 3272 τῆς
2836 3201 3059 3266 νυκτὸς,
3089 3203 3185 3256 καὶ
3221 3202 3335 3257 ἰδοὺ
3370 3202 3505 3274 μετά
3533 3200 3628 3254 τῶν
3651 3216 3718 3253 νε-

513 3311 685 3367 Filius
714 3308 954 3367 hominis
980 3310 1238 3377 veniens;
1262 3317 1319 3364 et
1349 3323 1522 3379 usque
1549 3309 1616 3364 ad
1640 3308 1939 3381 Antiquom
1967 3309 2084 3367 die-

516 3418 639 3459 rum
669 3402 954 3475 pervenit,
988 3409 1043 3456 et
1080 3400 1295 3469 oblatus
1323 3410 1413 3458 est
1454 3402 1525 3457 ei.
1573 3400 1641 3456 Et
1685 3401 1873 3458 datum
1899 3412 1983 3460 est
2033 3402 2084 3460 ei

514 3495 805 3566 imperium
850 3502 907 3550 et
952 3495 1130 3549 honor
1169 3501 1224 3549 et
1250 3507 1513 3565 regnum;
1545 3501 1600 3549 et
1631 3508 1824 3550 omnes
1854 3492 2040 3565 populi
2066 3534 2082 3560 ,

511 3586 692 3643 tribus
712 3594 769 3641 et
794 3585 994 3656 lingua:
1014 3583 1255 3641 servient
1273 3583 1373 3638 illi.
1404 3581 1654 3638 Potestas
1680 3581 1818 3652 ejus,
1842 3589 2086 3653 potestas

510 3687 735 3746 aeterna,
771 3691 895 3748 qua:
923 3691 1032 3733 non
1065 3673 1452 3746 pertransibit;
1481 3681 1537 3729 et
1568 3687 1794 3743 regnum
1822 3672 1942 3744 ejus
1974 3687 2083 3728 non

509 3771 757 3828 interibit
780 3769 851 3825 “.
893 3788 913 3821 ι
950 3768 1181 3825 Omnem
1226 3775 1550 3840 potestatem
1593 3765 1864 3834 ostendit,
1897 3780 2021 3836 qua:
2051 3778 2085 3821 a

512 3863 670 3919 Patre
699 3862 826 3918 data
854 3860 995 3916 Filio
1024 3868 1108 3916 est
1123 3860 1167 3892 ⁸⁸
1186 3901 1200 3928 ,
1230 3861 1325 3930 qui
1351 3858 1656 3916 caelestium
1681 3900 1697 3925 ,
1740 3858 2083 3915 terrestrium

508 3967 565 4014 et
600 3956 944 4012 int’ernorum
968 3968 1061 4009 rex
1082 3954 1150 4020 “,
1179 3953 1536 4022 omniumque
1563 3951 1731 4021 judex
1754 3951 2084 4006 constitutus

507 4057 593 4105 est
620 4063 634 4101 :
657 4045 966 4104 cmicstium
1001 4044 1220 4116 quidem
1241 4084 1257 4111 ,
1299 4042 1447 4114 quod
1474 4040 1711 4098 Verbum
1744 4040 1924 4098 Patris
1958 4050 2085 4098 ante

508 4140 707 4196 saecula
737 4139 1039 4202 exstiterit;
1065 4136 1405 4193 terrestrium
1432 4150 1585 4201 vero,
1622 4135 1769 4205 quod
1796 4134 1962 4190 homo
1998 4133 2085 4188 in-

509 4243 594 4288 ter
623 4232 875 4289 homines
899 4239 1063 4285 natus
1086 4237 1173 4284 est
1191 4266 1207 4293 ,
1238 4237 1349 4282 uta
1378 4242 1438 4282 se
1463 4226 1578 4297 ipse
1603 4225 1875 4281 Adamum
1894 4223 2084 4281 refor-

510 4332 716 4389 maret;
748 4319 1090 4376 infernarum
1124 4326 1308 4372 autem
1334 4356 1351 4384 ,
1377 4316 1522 4386 quod
1546 4315 1684 4369 inter
1714 4322 1960 4368 mortuos
1992 4327 2083 4368 re—

508 4426 762 4490 putatus,
789 4424 1108 4473 sanctorum
1137 4412 1429 4468 animabus
1466 4410 1855 4483 praedicans",
1907 4419 2082 4466 morte

510 4511 686 4567 victor
717 4510 911 4566 mortis
938 4508 1166 4564 exstitit.

581 4669 795 4727 XXVII.
838 4669 976 4726 Cum
1020 4668 1135 4725 haec
1173 4668 1355 4739 itaque
1391 4664 1573 4723 futura
1607 4665 1752 4732 sint,
1784 4663 2083 4736 decemque

2186 3292 2363 3364 φελῶν
2387 3294 2482 3349 τοῦ
2507 3294 2737 3367 ούρανοῦ
2760 3295 2836 3359 ὡς
2860 3294 2994 3360 Υἱὸς
3017 3294 3310 3369 ἀνθρώπου
3341 3294 3631 3368 ἐρχόμενος,
3644 3288 3718 3346 καὶ

2185 3385 2389 3456 ἔφθασε
2417 3386 2523 3452 ἐως
2556 3386 2649 3440 τοῦ
2683 3386 2923 3441 Παλαιοῦ
2956 3386 3062 3441 τῶν
3095 3386 3353 3460 ἡμερῶν,
3375 3388 3468 3441 καὶ
3494 3381 3717 3458 προσηνέ-

2186 3478 2288 3552 χθη
2309 3496 2324 3511 ’
2357 3482 2452 3535 καὶ
2477 3479 2626 3552 αύτῷ
2654 3479 2810 3552 ἐδόθη
2850 3481 2884 3552 ἡ
2928 3479 3068 3553 ἁρχὴ
3096 3480 3208 3551 (59)
3249 3479 3348 3532 καὶ
3374 3480 3409 3548 ἡ
3438 3475 3563 3548 τιμὴ
3590 3472 3668 3528 καὶ
3691 3471 3717 3542 ἡ

2187 3571 2461 3644 βασιλεία,
2513 3571 2609 3626 καὶ
2660 3571 2862 3635 πάντες
2891 3572 2942 3625 οἱ
2974 3571 3127 3636 λαοὶ,
3171 3572 3343 3641 φυλαὶ
3384 3572 3477 3626 καὶ
3520 3569 3717 3640 γλῶσσαι

2184 3664 2557 3720 δουλεύσουσιν
2608 3663 2787 3736 αὐτῷ’
2838 3664 2933 3718 καὶ
2973 3667 3006 3736 ἡ
3042 3663 3265 3729 ἐξουσία
3296 3664 3461 3718 αὐτοῦ
3483 3703 3499 3730 ,
3542 3657 3717 3727 ἐξουσία

2185 3756 2404 3820 αἰώνιος
2424 3796 2439 3822 ,
2473 3756 2596 3827 ἣτις
2620 3757 2679 3810 ού
2720 3755 3146 3828 παρελεύσεται,
3175 3758 3273 3809 καὶ¹
3304 3759 3339 3829 ἡ
3385 3754 3613 3827 βασιλεία
3644 3751 3718 3805 αύ-

2184 3845 2279 3900 τοῦ
2305 3847 2364 3899 ού
2386 3845 2834 3919 διαερθαρήσεται.
2868 3866 2887 3896 ι
2920 3846 3030 3918 Τὴν
3065 3845 3320 3911 ἐξουσίαν
3353 3848 3529 3900 πᾶσαν
3557 3842 3641 3916 τὴν
3656 3841 3719 3896 δε-

2183 3936 2414 4009 δομένην
2462 3937 2614 4009 παρά
2660 3936 2752 3991 τοῦ
2808 3938 3023 4009 Πατρὸς
3065 3936 3143 4009 τῷ
3188 3938 3309 4010 Υἱῷ
3346 3938 3635 4005 ὑπέδειξεν,
3674 3935 3719 3999 ὃς

2184 4028 2521 4100 ἐπουρανίων
2542 4069 2555 4094 ,
2585 4028 2681 4082 καὶ
2712 4028 3002 4097 ἐπιγείων,
3041 4028 3139 4082 καὶ
3179 4029 3551 4101 καταχθονίων
3595 4028 3718 4099 βασι·

2184 4118 2311 4182 λεὺς
2341 4119 2437 4172 καὶ
2484 4118 2676 4190 κριτὴς
2716 4119 2934 4173 πάντων
2968 4119 3387 4175 ἀποδέδεικταιο
3427 4116 3721 4191 ἐπουρανίων

2188 4209 2307 4281 μὲν,
2346 4209 2426 4263 ὅτι
2453 4209 2627 4278 Λόγος
2655 4207 2749 4264 τοῦ
2778 4209 2992 4280 Πατρὸς
3020 4209 3124 4282 πρὸ
3150 4210 3376 4265 πάντων
3401 4206 3721 4281 γεγενημένος

2181 4298 2250 4375 ἦν
2268 4319 2281 4333 ⁸
2302 4301 2556 4372 ἐπιγείων
2570 4302 2646 4368 δὲ,
2661 4303 2743 4356 ὅτι
2762 4301 2858 4356 ἆνθ
2867 4319 3044 4374 ρωπος
3067 4304 3124 4355 ἐν
3146 4301 3458 4372 ἀνθρώποις
3475 4299 3719 4373 ἐγεννήθη,

2184 4394 2544 4449 ἁναπλάσσων
2568 4394 2634 4448 δι’
2660 4393 2853 4448 ἑαυτοῦ
2885 4394 2978 4448 τὸν
3018 4394 3187 4466 Ἀδάμ
3206 4413 3218 4425 ·
3264 4394 3620 4467 καταχθονίων
3646 4390 3719 4450 δὲ.

2112 4507 2159 4563 D
2185 4487 2268 4542 ὅτι
2296 4487 2389 4541 καὶ
2418 4488 2715 4561 ἐνονεκροῖς
2743 4487 3121 4559 κατελογίσθη,
3147 4488 3625 4561 εὐαγγελιζόμενος
3643 4485 3722 4545 τὰς

2188 4580 2298 4634 τῶν
2344 4580 2515 4650 ἁγίων
2546 4579 2723 4651 ψυχὰς
2743 4621 2757 4646 ,
2798 4579 2886 4633 διὰ
2917 4579 3146 4634 θανάτου
3184 4580 3280 4634 τὸν
3320 4580 3544 4634 θάνατον
3569 4574 3718 4631 νικῶν.

2259 4672 2474 4728 Τούτων
2498 4669 2591 4728 οὖν
2615 4673 2910 4745 ἐσομένων,
2939 4673 3159 4728 καὶτῶν
3183 4672 3320 4728 δέκα
3345 4673 3610 4729 δακτύλων
3634 4668 3720 4741 (60)

583 4810 792 4886 f'_Dan.
825 4810 1029 4886 vn,_2_l
1064 4820 1118 4867 et
1142 4810 1227 4865 ll.
1308 4810 1353 4843 ³³
1369 4808 1505 4863 Dan.
1534 4823 1595 4873 ιι,
1621 4807 1689 4863 54
1714 4815 1768 4863 et
1795 4807 1887 4863 45.
1963 4807 2083 4866 "D:

2198 4829 2288 4880 vn,
2324 4814 2413 4884 15,
2439 4815 2527 4870 14.
2605 4816 2650 4848 ³⁸
2672 4814 2865 4870 Matth.
2895 4830 3088 4882 xxvm,
3115 4813 3205 4870 18.
3283 4816 3332 4848 ³⁸
3354 4814 3549 4886 Philip.
3577 4828 3628 4878 ιι,
3651 4805 3720 4864 ιθ.

515 4885 557 4917 ³⁷
588 4881 783 4938 chtr.
817 4896 910 4948 tu,
941 4881 1028 4937 19.

510 5003 647 5058 serit
676 4999 949 5071 Iosephus
978 5001 1302 5057 Gorionidcs
1335 5000 1427 5072 lib.
1484 5017 1544 5057 ιιι
1569 5044 1586 5070 ,
1627 5000 1863 5072 Cyrillus
1885 4998 2081 5057 Hiero-

514 5075 706 5145 solym.
733 5070 945 5129 entech.
970 5073 1022 5136 4,
1050 5078 1114 5145 {le
1140 5070 1706 5145 sacra_Scriptura,‘c't
1730 5072 1855 5145 alii;
1882 5074 2081 5145 quibus

514 5141 675 5200 (Suilii
710 5144 862 5208 dica,
897 5158 1004 5197 non
1050 5142 1207 5198 facile
1253 5143 1389 5197 adeo
1430 5141 1843 5214 praescripserit.
1898 5141 2082 5214 Longe

514 5230 648 5271 sane
679 5223 796 5279 est,
830 5224 889 5268 ut
920 5216 1081 5269 rebus
1115 5213 1461 5268 interfuerit:
1488 5213 1570 5269 vel
1612 5224 1887 5268 auctorem
1921 5213 2080 5271 nobis

509 5287 596 5342 sic
619 5287 976 5359 ἱστορήσαντα
1000 5285 1169 5352 possit
1195 5286 1524 5359 producere;
1550 5283 1638 5339 cui
1670 5285 1761 5359 qui
1789 5285 2081 5359 ad_versen-_

513 5368 604 5411 tur
627 5398 642 5423 ,
684 5353 876 5411 omnes
915 5354 1299 5426 ἀνιστορησίας
1345 5354 1449 5408 hoc
1484 5353 1540 5409 in
1576 5355 1800 5426 negotio
1831 5356 2082 5410 damnari

514 5422 712 5482 merito
736 5427 907 5497 ipsius
935 5422 1271 5497 πολυμαθείᾳ
1301 5422 1800 5497 ροεείηιελςιοιιιιειιπ⁹

582 5497 697 5564 (54)
743 5494 942 5559 Τοῦτο,
976 5495 1032 5550 τί
1060 5494 1489 5564 παρείληπται.
1520 5494 1792 5562 Combeﬁ,
1815 5494 2006 5562 ταῦτα,
2032 5495 2086 5550 τί

515 5584 593 5620 πα
601 5584 907 5639 ρειληπται.

587 5633 698 5708 (⁷55)
735 5633 976 5699 Μέντοι.
1006 5633 1109 5701 1‹1.,
1144 5635 1243 5708 μέν
1270 5653 1343 5693 τι.

515 5706 704 5831 Gl’(Isiti)
770 5706 1278 5781 Ἀναμεμιγμέγον.
1335 5706 1497 5765 Forte
1515 5747 1531 5775 ,
1599 5708 2082 5782 ἀναμεμιγμένων.

560 5792 651 5832 DD.

2262 5003 2372 5077 (57)
2416 5006 2591 5074 Ὅπερ
2615 5003 2924 5058 δέδεικται.
2953 5001 3059 5058 Ista
3087 5001 3272 5077 omnia
3293 5044 3308 5068 ,
3338 5002 3429 5072 pia
3467 5010 3587 5077 tunc
3610 5011 3720 5077 eon-

2184 5068 2395 5146 jectura
2427 5068 2598 5138 dicta.
2639 5084 2835 5130 eventu
2867 5088 2974 5128 non
3006 5074 3233 5143 probata
3254 5113 3270 5141 ,
3317 5068 3584 5143 quomodo
3607 5068 3722 5122 Deus

2187 5145 2358 5210 novit,
2391 5146 2678 5216 implenda.
2710 5145 2948 5216 Counsr.

2256 5216 2370 5288 (58)
2412 5212 2616 5287 Ὅμως.
2649 5216 2828 5288 orte,
2859 5214 3026 5288 ὠμός.
3057 5212 3194 5288 ΟΨ),

2259 5275 2386 5370 (59).
2408 5275 2870 5370 Προσὴγξχςξηξπ
2975 5275 3725 5370 ἆρχτξειϐοφδςίῖηρπρορηγέ.

2527 5347 2814 5483 ,ξοὲὶυξὲᾐθιή
2847 5357 2880 5428 ή
2917 5347 3089 5427 ἀρχήξ
3118 5347 3215 5409 Sic
3246 5368 3383 5409 sane
3414 5347 3550 5407 infra
3576 5347 3724 5410 uti,

2262 5498 2373 5571 (60)
2409 5498 2530 5553 Τῶν
2558 5497 2704 5554 δέκα
2731 5490 3610 5571 δακτύλων.-Ναιιυοιιοὰοηοεοιί.
3629 5486 3722 5571 visa

2187 5561 2367 5626 statua
2409 5578 2465 5624 et
2508 5570 2899 5636 simulacrum,
2931 5582 3029 5623 seu
3063 5566 3273 5636 imago,
3321 5579 3447 5619 cum
3480 5561 3722 5636 hominem

2185 5638 2450 5705 referret,
2481 5639 2697 5695 duobus
2725 5629 2954 5710 pedibus
2987 5629 3304 5710 constabat,
3359 5645 3521 5710 atque
3554 5634 3601 5710 in
3635 5629 3725 5681 illis

2186 5711 2241 5766 in
2271 5700 2466 5779 digitos
2483 5710 2668 5765 decem
2698 5700 3000 5773 desinebat,
3020 5721 3157 5777 quos
3180 5707 3257 5760 sic
3274 5718 3342 5779 est
3366 5700 3549 5779 argilla
3572 5700 3723 5779 ferro.

2186 5795 2292 5854 quc
2321 5775 2672 5851 compositos,
2695 5795 2815 5851 qua:
2838 5796 2944 5836 non
2969 5775 3295 5840 cohaereant,
3323 5775 3555 5845 hincque
3573 5775 3723 5827 ruina.-
