3876 6340
192 339 296 398 749

1252 333 1338 390 DE
1376 332 1675 390 ΕΗΒιὸΤο
1712 332 1799 387 ΕΤ
1838 329 2322 388 ANTICHRISTO.

3327 333 3433 389 750

189 459 294 528 τῆς
321 457 528 518 εἰκόνος
565 456 648 520 εἰς
692 455 1062 528 δημοκρατίας
1099 458 1496 529 χωρησάντων,
1533 457 1628 510 καὶ
1660 455 1768 509 τῶν

1883 453 2024 525 Iigiti
2057 449 2336 508 simulacri
2362 458 2433 506 ‘et
2473 456 2666 505 statua:
2715 464 2809 504 seu
2843 447 3128 520 imaginis.
3158 449 3212 502 in
3245 447 3433 504 demo-

183 550 326 605 δέκα
355 547 604 620 κεράτων
631 547 724 602 τοῦ
743 549 1001 621 τετάρτου
1027 546 1217 620 θηρίου
1241 551 1323 613 εἰς
1342 547 1474 602 δέκα
1491 547 1766 620 βασιλείας

187 638 586 710 μερισθέντων,
615 637 814 710 ἴδωμεν
843 637 1174 710 σαφέστερον
1195 639 1266 693 τά
1286 639 1642 712 προκείμενα,
1671 641 1767 694 καὶ

183 733 624 803 κατανοήσωμεν
653 731 794 786 αὐτὰ
819 729 1267 804 όφθαλμοφανῶς.

255 908 494 981 Κεφαλὴ
521 910 624 980 τῆς
651 911 856 976 εἰκόνος
885 911 1059 982 χρυσῆ
1083 953 1097 977 ,
1137 911 1170 982 ἡ
1202 911 1406 973 λέαινα,
1441 907 1768 964 Βαϐυλώνιοι

182 997 331 1072 ἦσαν
353 1020 366 1032 ·
391 997 538 1074 ὦμοι
565 1005 659 1058 καὶ
688 1004 967 1076 βραχίονες
991 1004 1238 1076 ἀργυροῖ,
1263 1005 1296 1074 ἡ
1323 1003 1541 1074 ἄρκτος,
1559 1002 1768 1074 Πέρσαι

183 1095 279 1146 καὶ
308 1096 523 1166 Μῆδοι·
568 1098 740 1151 κοιλία
769 1099 862 1151 καὶ
903 1096 1076 1168 μηρὸς
1107 1095 1372 1167 χαλκοῦς,
1406 1097 1440 1165 ἠ
1474 1095 1764 1168 πάρδαλις,

180 1193 228 1244 οἱ
261 1192 381 1245 ἀπὸ
429 1191 779 1265 Ἀλεξάνδρου
819 1193 1190 1263 κρατήσαντες
1227 1191 1516 1264 ’Ἐλληνες’
1562 1190 1768 1262 κνῆμαι

185 1281 443 1353 σιδηραῖ,
481 1283 668 1355 θηρίον
705 1283 978 1354 ἐκθαμϐον
1013 1283 1106 1337 καὶ
1134 1283 1396 1356 φοϐερὸν,
1425 1283 1681 1354 Ῥωμαῖοι
1719 1283 1768 1335 οἱ

181 1371 279 1426 νῦν
321 1375 682 1445 κρατοῦντες·
720 1375 838 1446 ἴχνη
866 1373 1043 1427 ποδῶν
1063 1415 1078 1440 ,
1105 1373 1366 1446 δστρακον
1403 1375 1495 1429 καὶ
1521 1374 1767 1446 σίδηρος,

179 1464 276 1516 καὶ
315 1467 391 1520 τά
436 1467 572 1521 δέκα
615 1467 854 1538 κέρατα,
887 1467 958 1520 τὰ
1005 1466 1268 1537 μέλλοντα
1303 1465 1554 1520 ἔσεσθαι·
1603 1465 1768 1536 κέρας

179 1560 384 1632 ἕτερον
405 1563 607 1632 μικρὸν
628 1561 1060 1632 ἀναφυόμενον,ὁ
1087 1561 1145 1613 ὲν
1167 1561 1348 1624 αὐτοῖς
1371 1563 1732 1634 Ἀντίχριστος
1753 1581 1766 1593 ’

175 1650 335 1716 λίθος
372 1655 672 1710 πατάσσων
699 1654 796 1726 τὴν
819 1655 921 1726 γῆν
939 1693 954 1720 ,
985 1654 1080 1706 καὶ
1104 1655 1326 1722 ἐπάγων
1347 1655 1423 1726 τῷ
1451 1656 1640 1728 κόσμῳ
1673 1655 1770 1728 τὴν

175 1751 397 1825 κρίσιν,
431 1748 688 1820 Χριστός.

1867 545 2068 602 cratias
2095 544 2395 607 cesserint;
2440 543 2627 598 decem
2652 556 2781 597 vero
2813 543 2987 612 capita
3015 551 3222 612 quarta:
3245 541 3432 596 bestia:

1868 637 1922 692 in
1951 636 2139 692 decem
2170 650 2336 707 regna
2363 635 2536 689 divisa
2567 633 2678 689 sint
2705 653 2718 688 :
2748 633 3030 689 videamus
3067 635 3268 690 clarius
3311 649 3432 704 quae

1868 736 2188 800 argumento
2225 725 2502 796 proposita
2533 732 2694 791 sunt,
2735 739 2910 794 eaque
2952 724 3111 794 quasi
3138 724 3210 781 ob
3242 724 3434 780 oculos

1867 817 2041 887 posita
2073 817 2156 872 sic
2188 831 2372 871 coram
2403 815 2830 871 consideremus.

1938 905 2172 963 XXVIII.
2215 907 2453 960 Aureum
2479 913 2640 974 caput
2680 905 2995 970 simulacri,
3028 905 3225 973 leaena,
3254 903 3434 974 Baby-

1868 997 1996 1052 lonii
2027 1007 2216 1063 erant;
2268 995 2482 1051 humeri
2533 1003 2588 1050 et
2634 993 2853 1050 brachia
2895 1005 3182 1066 argentea,
3231 1011 3431 1060 ursus,

1867 1085 2047 1142 Persae
2080 1095 2134 1142 et
2160 1085 2334 1152 Medi;
2367 1093 2557 1139 venter
2599 1083 2882 1154 femurque
2912 1100 3152 1150 ameum.
3197 1085 3432 1154 pardus,

1867 1178 1963 1248 qui
2003 1179 2072 1233 ab
2098 1176 2406 1233 Alexandro
2435 1174 2607 1230 Graeci
2653 1191 2834 1230 rerum
2883 1177 3038 1246 potiti
3073 1186 3234 1243 sunt;
3273 1192 3432 1232 crura

1869 1272 2042 1326 ferrea
2063 1312 2077 1337 ,
2107 1269 2374 1341 stupenda
2409 1268 2588 1324 bellua
2616 1284 2680 1324 ac
2709 1270 2997 1334 terribilis,
3041 1269 3304 1335 Romani,
3339 1271 3433 1339 qui

1868 1379 2017 1421 nunc
2051 1380 2230 1420 rerum
2261 1364 2568 1433 potiuntur;
2615 1363 2841 1435 vestigia
2877 1363 3110 1432 pedum,
3156 1370 3296 1417 testa
3325 1361 3433 1415 l‘er-

1868 1473 2132 1528 rumque,
2165 1473 2228 1512 ac
2256 1459 2440 1511 decem
2473 1471 2704 1520 cornua,
2741 1471 2864 1526 quae
2894 1455 3080 1510 futura
3109 1463 3239 1510 sunt
3270 1470 3431 1524 regna

1869 1558 1924 1604 et
1948 1549 2208 1619 imperia;
2251 1563 2423 1603 cornu
2453 1549 2600 1602 aliud
2646 1563 2877 1618 parvum
2927 1561 3314 1612 succrescens,
3339 1547 3434 1616 qui

1871 1643 2013 1699 inter
2045 1642 2136 1697 illa
2163 1651 2500 1706 numeratur,
2530 1641 2928 1706 Antichristus;
2964 1642 3102 1712 lapis
3127 1643 3436 1712 percutiens

1873 1745 2266 1806 conterensque
2311 1734 2703 1800 simulacrum,
2733 1733 2828 1805 qui
2860 1743 3057 1790 terram
3087 1735 3437 1808 adimplevit,

1800 1811 1843 1865 Β
1869 1837 1925 1885 et
1954 1828 2222 1899 judicium
2254 1827 2461 1882 mundo
2490 1825 2687 1894 infert,
2720 1826 2991 1884 Christus.

1939 1919 2132 1974 XXIX.
2149 1917 2275 1974 Haec
2299 1918 2418 1986 tibi,
2441 1919 2781 1986 charissime,
2797 1934 2904 1974 non
2927 1920 3046 1976 sine
3065 1920 3257 1976 timore
3283 1937 3438 1977 coni-

1871 2011 2124 2078 munico,
2145 2025 2415 2080 propensa
2445 2019 2622 2065 tamen
2653 2011 2949 2078 voluntate,
2979 2011 3050 2066 ob
3085 2011 3432 2068 excellentem

1873 2104 2190 2160 cbaritatem
2223 2101 2446 2158 Christi.
2480 2101 2615 2156 Nam
2644 2103 2690 2158 si
2733 2103 3050 2159 decessores
3093 2104 3266 2159 nostri
3293 2106 3432 2161 beati

1885 2195 2162 2265 prophetas
2210 2195 2304 2265 qui
2349 2195 2466 2251 hac
2519 2195 2796 2264 explorata
2838 2195 3118 2262 haberent,
3146 2197 3436 2252 noluerunt

1871 2287 2049 2359 palam
2081 2289 2404 2358 pradicare,
2444 2304 2512 2344 ne
2554 2289 2833 2344 hominum
2861 2291 3074 2346 animos
3125 2291 3434 2356 turbarent,

1874 2381 1968 2436 sed
1996 2395 2195 2436 arcana
2224 2381 2431 2436 ratione
2457 2381 2834 2451 parabolarum
2861 2389 3001 2438 tecta
3032 2383 3348 2448 involucris,
3382 2395 3437 2438 et

1871 2473 2147 2545 perplexis
2197 2473 2553 2542 obscurisque
2597 2473 2943 2529 sermonibus
2981 2483 3311 2530 cnarrarunt
3354 2475 3440 2530 di-

1871 2575 2057 2622 centes
2088 2583 2100 2618 :
2137 2584 2155 2617 ι
2192 2563 2395 2622 Praesto
2423 2565 2494 2620 sit
2523 2566 2739 2622 animus
2765 2567 3027 2636 sapientia
3055 2567 3432 2636 praiditus”;o

1871 2665 2080 2725 quanto
2110 2655 2267 2733 nobis
2313 2655 2492 2726 potius
2532 2671 2642 2710 non
2674 2656 2887 2712 vacabit
2933 2657 3194 2727 periculo,
3230 2659 3325 2729 qui
3368 2661 3439 2714 ab

1872 2747 1981 2803 illis
2019 2747 2231 2802 occulte
2270 2747 2412 2802 dicta
2441 2756 2604 2818 atque
2635 2748 2866 2816 obtecta,
2899 2749 2955 2803 iu
2995 2759 3242 2818 apertum
3289 2750 3439 2806 diea-

243 1926 458 1980 Ταῦτά
503 1942 614 1988 σοι,
660 1922 936 1993 άγαπητὲ,
993 1924 1130 1994 μετὰ
1179 1924 1344 1995 φόϐου
1398 1926 1768 1999 μεταδίδομεν,

171 2019 434 2082 εὐκόλως
479 2016 568 2070 διά
609 2015 708 2088 τὴν
753 2015 1190 2085 ὑπερϐάλλουσαν
1240 2016 1474 2089 Χριστοῦ
1525 2019 1767 2091 ἀγάπην.

170 2113 234 2165 EI
257 2112 388 2182 γὰρ
412 2110 468 2162 οἱ
497 2108 603 2180 πρὸ
625 2107 780 2178 ὴμῶν
808 2110 1065 2180 μακάριοι
1091 2108 1364 2180 προφῆται
1394 2111 1768 2181 γεγενημένοι,

170 2204 397 2267 εἰδότες
423 2202 567 2256 αὐτὰ
589 2201 689 2254 οὐκ
715 2199 982 2272 ἠθέλησαν
1011 2202 1148 2273 μετὰ
1179 2202 1488 2272 παρρησίας
1516 2201 1770 2273 κηρύξαι,

171 2295 261 2348 ἴνα
292 2293 382 2365 μὴ
405 2294 645 2366 τάραχον
673 2295 938 2365 ποιήσωσι
961 2297 1079 2358 ταῖς
1102 2293 1206 2347 τῶν
1231 2291 1529 2365 ἀνθρώπων
1553 2295 1770 2366 ψυχαῖς,

169 2387 321 2440 ἀλλὰ
370 2385 651 2457 μυστικῶς
697 2385 1025 2456 διηγήσαντο
1061 2385 1149 2439 διὰ
1195 2384 1517 2457 παραϐολῶν
1563 2387 1656 2440 καὶ
1687 2387 1773 2440 ai—

170 2479 481 2549 νιγμάτων
524 2477 768 2545 λέγοντες
790 2494 804 2507 ·
843 2497 863 2529 ι
888 2473 1017 2530 ’Ὧδε
1063 2479 1092 2532 ὁ
1123 2477 1246 2542 νοῦς
1276 2479 1304 2530 ὁ
1325 2476 1463 2548 ἔχων
1499 2477 1716 2546 σοφίαν·
1747 2499 1767 2532 ι

171 2573 347 2641 πόσῳ
412 2568 613 2639 μᾶλλον
663 2569 822 2639 ἡμεῖς
875 2567 1292 2640 κινδυνεύσομεν
1349 2568 1654 2640 τολμῶντες
1705 2571 1774 2625 τά

171 2663 268 2716 ὑπ’
299 2661 544 2715 ἐκείνων
568 2658 899 2730 άποκρύςρως
923 2661 1044 2732 είρη
1053 2661 1188 2732 μένα
1213 2663 1292 2725 είς
1314 2661 1541 2733 φανερὸν
1565 2661 1770 2731 λέγειν;

176 2755 433 2823 Ἷδωμεν
463 2751 638 2805 τοίνυν
662 2751 729 2804 τά
765 2751 1148 2822 συμϐησόμενα
1175 2753 1261 2806 ἐπ’
1285 2753 1524 2824 ἐσχάτων
1553 2753 1645 2807 ἐπὶ
1676 2753 1772 2826 τὴν

170 2847 407 2919 πόρνην
439 2843 539 2915 τὴν
566 2842 871 2912 ἀκάθαρτον
897 2842 1124 2914 ταύτην·
1159 2844 1317 2899 ὁποία
1343 2845 1400 2899 δὲ
1432 2846 1526 2900 καὶ
1557 2846 1772 2917 ποταπὴ

171 2943 205 3010 ὴ
231 2939 396 2992 κατὰ
423 2937 579 3007 χόλον
599 2934 734 2989 Θεοῦ
761 2935 1105 2990 ἐπελεύσεται
1132 2937 1270 3009 αὐτῇ
1294 2937 1398 3010 πρὸ
1422 2937 1520 3009 τῆς
1541 2937 1772 3010 κρίσεως

174 3030 401 3106 μερικὴ
441 3030 692 3100 βάσανος.

1873 2940 2002 2986 sunt
2027 2946 2190 3002 super
2233 2931 2516 2986 immunda
2548 2933 2650 2988 hac
2680 2933 2963 2989 meretrice
2991 2949 3007 2988 :
3052 2934 3340 3004 qualisque
3371 2951 3436 2990 ac

1873 3032 2114 3094 quantus
2155 3023 2452 3088 cruciatus,
2479 3022 2572 3078 Dei
2604 3025 2973 3096 indignatione
3022 3035 3147 3081 ante
3176 3026 3319 3082 diem
3346 3027 3436 3098 ju-

1802 3146 1844 3203 ε
1876 3113 2003 3168 dicii
2046 3123 2346 3184 praerogata
2383 3113 2438 3167 in
2469 3124 2812 3172 antecessum
2839 3131 3123 3187 pinnarum
3161 3129 3332 3188 parte,
3361 3121 3437 3174 illi

1877 3212 2326 3272 superventurus.

245 3303 441 3376 Δεῦρο
493 3302 603 3374 (61)
652 3299 765 3368 οὖν,
809 3296 854 3356 ὦ
891 3301 1125 3375 μακάριε
1165 3302 1382 3365 Ἦσαῖα,
1433 3300 1768 3375 ὲξεγέρθητι,

1947 3295 2117 3352 ΧΧΧ.
2156 3296 2302 3352 Ades
2354 3295 2536 3365 igitur,
2585 3313 2618 3352 ο
2652 3297 2805 3354 beate
2832 3298 3306 3374 Isaia;‘exsurge,
3351 3305 3440 3361 dic

172 3395 310 3448 εἰπὲ
353 3392 545 3462 σαφῶς
574 3392 627 3446 τί
659 3393 1071 3464 προεφήτευσας
1100 3391 1211 3462 (62)
1243 3391 1371 3464 περὶ
1397 3392 1495 3463 τῆς
1531 3391 1768 3464 μεγάλης

1883 3388 2057 3457 palam
2097 3403 2219 3459 quae
2260 3389 2588 3445 vaticinatus
2634 3405 2695 3444 es
2734 3391 2802 3445 de
2846 3393 3062 3448 civitate
3098 3409 3293 3463 magna
3334 3393 3441 3449 Ba-

175 3481 539 3546 Βαϐυλῶνος.
591 3477 763 3546 Εἷπας
809 3481 917 3554 γάρ
968 3483 1062 3536 καὶ
1112 3500 1178 3536 πε
1189 3481 1242 3554 ρ).
1294 3482 1646 3554 Ἰερουσαλὴμ
1677 3484 1768 3536 καὶ

1883 3482 2098 3552 bylone.
2167 3479 2304 3536 Nam
2365 3481 2526 3537 etiam
2581 3482 2650 3537 de
2696 3483 3030 3540 Hierusalem
3091 3485 3308 3543 locutus
3360 3502 3440 3554 es,

172 3572 533 3627 τετέλεσται.
581 3573 653 3626 Σὺ
683 3573 792 3644 γάρ
823 3568 981 3637 εἶπας
1022 3572 1160 3643 μετὰ
1206 3572 1536 3644 παρρησίαςο
1587 3575 1768 3627 «Ἔστι

1883 3575 2067 3643 sicque
2122 3572 2324 3629 factum
2372 3585 2473 3630 est.
2503 3573 2582 3628 Tu
2613 3575 2758 3630 enim
2787 3586 2968 3644 aperte
2991 3577 3212 3634 dixisti:
3243 3579 3441 3637 «Terra

175 3666 212 3735 ὴ
249 3665 336 3736 ﬂ
384 3664 543 3735 ὑμῶν
583 3665 815 3736 ἕρημος,
859 3665 916 3716 αἱ
965 3664 1146 3728 πόλεις
1180 3665 1331 3736 ὑμῶν
1378 3664 1768 3735 πυρίκαυστον

1883 3673 2063 3719 vestra
2122 3665 2370 3732 deserta;
2422 3666 2669 3721 civitates
2715 3675 2911 3720 vestrae
2968 3667 3089 3738 igne
3143 3684 3440 3728 succensae.

175 3759 285 3829 τὴν
315 3755 513 3827 χώραν
541 3756 694 3827 ὑμῶν
725 3757 991 3829 ἀλλότριοι
1040 3756 1410 3810 κατεσθίουσιν
1441 3755 1606 3828 αὐτὴν
1638 3757 1768 3812 ἐνώ-

1883 3756 2177 3826 Regionem
2233 3766 2474 3812 vestram
2523 3757 2682 3812 alieni
2739 3758 3000 3814 dev0rant
3047 3760 3101 3814 iu
3149 3774 3442 3833 conspectu

178 3866 317 3902 πιον
353 3846 534 3917 ὑμῶν,
570 3849 663 3900 καὶ
693 3850 982 3920 ἠρήμωται
1015 3847 1468 3920 κατεστραμμένη
1503 3848 1607 3902 ὑπὸ
1641 3848 1768 3902 πολκ

1883 3856 2083 3912 vestro,
2113 3856 2166 3903 et
2195 3848 2437 3904 desolata
2470 3858 2572 3914 est.
2609 3849 2868 3905 subversa
2909 3867 2941 3906 a
2980 3852 3192 3922 populis
3229 3853 3441 3910 alienis.

176 3939 297 3993 λῶν
339 3938 458 4009 (63)
491 3938 802 4011 ἀλλοτρίων.
847 3939 1429 4011 Ἐγκαταλειφθήσεται
1462 3941 1496 4011 ἡ
1530 3938 1768 4012 θυγάτηρ

1883 3941 2304 4011 Derelinquetur
2367 3941 2477 3995 ﬁlia
2523 3941 2652 3996 Sion
2698 3942 2856 4011 quasi
2921 3943 3327 3998 tabernaculum
3386 3943 3442 3998 in

178 4032 360 4094 Σιὼν,
386 4031 468 4093 ὠς
495 4030 666 4102 σκηνὴ
695 4033 752 4084 ὲν
775 4029 1076 4100 ἀμπελῶνι,
1112 4031 1206 4084 καὶ
1233 4031 1308 4093 ὡς
1332 4029 1768 4102 όπωροφυλάκιον

1883 4035 2058 4102 vinea,
2095 4043 2149 4089 et
2177 4034 2320 4090 sicut
2349 4050 2636 4108 pomorum
2670 4034 2914 4090 custodia
2945 4035 3000 4089 in
3032 4035 3439 4094 cucumerario.

182 4127 244 4179 ὲν
276 4123 608 4194 σικυηράτῳ
658 4122 789 4193 (64),
833 4123 908 4186 ὼς
952 4120 1104 4186 πόλις
1143 4120 1592 4194 πολιορκουμένη.
1629 4141 1648 4175 ι
1710 4123 1768 4175 Τί

1883 4127 2024 4182 sicut
2072 4126 2264 4182 civitas
2308 4136 2614 4200 expugnata
2652 4127 2716 4181 ”.
2755 4145 2773 4178 ι
2847 4125 2988 4192 Quid
3040 4125 3248 4197 igitur?
3300 4124 3441 4180 Num

181 4213 326 4282 05v;
367 4215 446 4268 υὺ
494 4214 783 4285 γεγένηται
829 4214 928 4286 ἤδη
957 4212 1162 4278 ταῦτάς
1208 4213 1282 4266 Οὐ
1313 4212 1666 4285 πεπλήρωται
1707 4213 1768 4267 τά

1883 4219 1996 4274 haec
2039 4217 2154 4289 jam
2205 4235 2313 4276 non
2363 4222 2738 4278 exstiterunt?
2781 4218 2970 4275 Nonne
3022 4220 3239 4290 impleta
3291 4231 3441 4284 sunt,

261 4405 312 4437 ⁸³
337 4404 517 4474 Apoc.
541 4420 675 4469 xvii,
706 4401 760 4458 9.
835 4403 880 4433 "
903 4403 1007 4458 Isa.
1034 4418 1072 4464 ι,
1097 4399 1149 4465 7,
1175 4399 1230 4454 8.

183 4500 502 4571 obnoxium
532 4497 1554 4571 corpusquodsustentant,reddant,
1577 4495 1770 4571 merito
1804 4500 1848 4554 D
1876 4498 2174 4571 piendum?
2235 4500 2451 4567 Quanta
2507 4501 2765 4556 nimirum
2828 4515 2926 4571 per
2971 4514 3094 4554 eum
3120 4499 3442 4571 discessio?

186 4570 505 4644 assumpsit
555 4567 875 4644 Hippolytus
916 4569 970 4622 in
1003 4568 1347 4644 democratiae
1373 4567 1648 4636 popularis
1683 4581 1768 4644 τε·
1873 4570 2094 4644 quantis
2127 4572 2423 4644 provinciis
2453 4587 2518 4626 ac
2548 4573 2726 4644 regnis
2753 4567 3080 4644 exstinctum
3108 4570 3438 4644 jugesacri-

185 4637 423 4711 giminis
457 4637 846 4711 typum,gquod
883 4653 1006 4711 raro
1035 4638 1386 4711 tranquillum
1413 4637 1768 4711 est,_popu|is
1870 4637 2074 4711 licium,
2097 4637 2160 4695 ac
2197 4641 2576 4711 Christianum
2609 4637 2860 4704 'nomen.
2913 4641 3040 4711 dum
3096 4637 3298 4695 nostris
3340 4643 3440 4711 ipsi

187 4707 292 4780 per
320 4707 599 4763 licentiam
631 4709 752 4763 aliis
782 4710 836 4762 in
865 4709 1011 4781 alios
1030 4708 1348 4781 plerumque
1387 4707 1767 4781 tumultuanti-
1870 4709 2112 4765 dissidiis
2143 4710 2211 4764 ad
2237 4711 2443 4781 reliqua
2473 4712 2766 4768 sternimus
2800 4712 2962 4775 viam,
2998 4710 3222 4780 ejusque
3253 4707 3431 4765 acina-

189 4776 300 4834 bus
322 4819 354 4851 ,γ
381 4781 650 4851 malisque
679 4781 731 4851 in
763 4795 888 4851 eos,
923 4779 1016 4847 qui
1055 4786 1181 4851 sunt
1209 4776 1498 4840 meliores,
1541 4776 1770 4851 illosque
1831 4791 1833 4794 ‘
1871 4794 1988 4851 cem
2023 4781 2179 4848 quasi
2213 4776 2404 4851 sponte
2449 4782 2502 4836 in
2555 4783 2793 4838 cervices
2832 4776 3049 4834 nostras
3083 4776 3437 4835 accersiuius.

191 4845 863 4921 opprimentibusaouod
911 4845 1236 4921 sequebatur
1268 4855 1538 4921 _moustro
1571 4845 1766 4921 simile,
1869 4845 2073 4904 Altaris
2133 4845 2342 4905 cornua
2410 4853 2640 4914 decem.
2700 4851 3036 4911 inauditum,
3117 4851 3209 4905 sed
3269 4853 3442 4921 magis

192 4915 702 4988 fugeraulueGudii
729 4915 1084 4989 diligentiam,
1104 4917 1198 4970 καὶ
1225 4919 1332 4970 τῶν
1363 4917 1492 4970 δέκα
1523 4915 1769 4988 κεράτων
1870 4929 2107 4989 quatuor
2143 4937 2154 4970 :
2187 4931 2240 4974 et
2266 4921 2392 4976 licet
2419 4931 2599 4977 essent
2628 4931 2682 4976 ct
2709 4923 2798 4977 illa
2837 4923 3053 4986 decem,
3089 4921 3223 4974 nihil
3259 4915 3436 4974 taui'eu

191 4989 291 5044 τοῦ
345 4989 773 5062 θυσιαστηρίου,
827 4988 969 5062 haud
1027 4989 1340 5062 pmnitendo
1392 4996 1768 5062 putoconatu
1871 4989 1941 5062 ad
2005 4988 2315 5061 Hippolyti,
2372 4992 2733 5062 explicatione
2801 4990 3066 5058 Danielis,
3147 4990 3437 5045 intentum.

193 5059 491 5114 emendavi
529 5054 689 5129 atque
717 5061 950 5124 mutavi,
984 5054 1074 5112 τοῦ
1107 5058 1366 5128 τετάρτου
1388 5054 1622 5129 ξθηρίου.
1657 5054 1769 5108 Hu-

188 5133 287 5199 jus
316 5130 470 5183 enim
500 5127 628 5185 sunt
659 5131 844 5184 decem
880 5145 1082 5184 cornua
1103 5169 1117 5193 ,
1160 5138 1212 5184 et
1245 5127 1310 5199 ip
1345 5127 1768 5196 illis’designata

194 5197 392 5271 decem
439 5215 602 5271 regna
623 5215 746 5271 ,gac
779 5200 985 5268 reliqua
1020 5215 1051 5254 a
1075 5214 1240 5269 regno
1263 5197 1638 5271 Homanorum
1670 5212 1768 5271 seu

196 5270 436 5340 imperio
464 5285 476 5320 :
505 5267 667 5339 quasi
698 5280 846 5325 certo
879 5267 1107 5325 numero
1135 5267 1232 5338 pro
1261 5269 1468 5323 incerto
1501 5285 1512 5319 :
1561 5267 1614 5340 in
1641 5267 1768 5340 qui-

196 5337 324 5403 bus,
381 5337 729 5394 nurn‘cornu
780 5340 909 5394 illud
941 5337 1148 5394 novum
1173 5348 1227 5393 et
1265 5353 1490 5408 parvum
1534 5337 1767 5408 origine,

197 5421 351 5465 tanta
374 5412 717 5465 immanitate
738 5420 1072 5480 provectum,
1099 5409 1312 5478 aliaque
1333 5409 1567 5480 evellens
1590 5407 1769 5480 capita
1876 5425 1943 5461 σα

199 5483 367 5550 inque
402 5481 513 5535 illis
542 5478 914 5543 succrescens,
948 5479 1298 5544 Mahometes,
1332 5487 1411 5532 tot
1435 5479 1546 5550 j_am
1584 5478 1769 5550 regnis

200 5547 409 5620 potitus
463 5553 698 5620 primum
750 5551 804 5604 in
859 5550 974 5605 suis
1019 5551 1298 5620 Arabibus
1347 5561 1402 5604 et
1445 5547 1766 5610 Saracenis,

202 5619 548 5690 postmodum
586 5623 639 5675 in
669 5619 863 5676 Turcis
901 5632 954 5676 et
995 5619 1413 5675 Osmanidarum
1469 5627 1656 5688 gente;
1705 5631 1769 5671 ac

203 5708 329 5745 num
360 5707 489 5746 vere
530 5691 931 5758 Antichristus,
975 5692 1088 5746 sive
1133 5690 1279 5744 illius
1303 5704 1536 5758 operans
1567 5697 1768 5758 myste—

203 5778 342 5816 rium
363 5802 383 5831 ,
414 5762 469 5816 in
501 5771 655 5818 certo
688 5778 796 5819 uno
837 5762 1013 5834 (haud
1041 5759 1180 5816 forte
1223 5759 1294 5815 ita
1329 5760 1569 5829 remoto)

1870 5057 2107 5113 Count-2r.

1947 5129 2061 5200 (61)
2093 5129 2299 5197 Δεῦρο,
2325 5148 2378 5185 κ.
2403 5148 2454 5186 τ.
2477 5130 2526 5182 λ.
2552 5129 2676 5186 Haac
2707 5140 2761 5186 et
2789 5132 3067 5200 sequentia
3102 5132 3442 5186 illustrantur

1873 5214 1902 5273 a
1933 5215 2130 5273 magno
2151 5200 2438 5273 Bossuetio
2470 5201 2727 5257 Meldensi
2760 5203 3016 5273 episcopo
3048 5203 3102 5257 in
3132 5200 3341 5273 praefat.
3375 5202 3439 5254 ad

1872 5269 2253 5341 Apocalypsin.
2285 5270 2312 5341 ς
2341 5272 2428 5325 35.

1944 5339 2057 5411 (62)
2080 5339 2164 5396 VT!
2199 5339 2674 5412 πρὸεφήτευσας.
2727 5340 2997 5409 Combef.,
3031 5343 3067 5396 ἃ
3101 5343 3443 5414 προεφήτευ-

1946 5447 2056 5550 ῖϐὅ)
2097 5478 2596 5551 Κατεστραμμένη
2658 5483 2776 5538 ὑπὸ
2825 5481 3092 5539 πολλῶν.
3165 5481 3436 5546 ϐοωῑιεί..

1877 5551 2330 5622 μετεστραμμένη
2370 5554 2474 5605 ὑπὸ
2505 5553 2667 5607 λαῶν.

1877 5621 2057 5745 ϐέξά)
2083 5621 2188 5676 Ἔν
2210 5621 2570 5692 σικυηράτῳ.
2605 5625 2819 5680 Ιείὺτοὶε.
2857 5639 2981 5692 ms.,
3011 5625 3068 5677 ἐν
3103 5621 3436 5696 σικυηλάτῳ.

1620 5772 1770 5812 com-

1872 2839 2036 2894 mus?
2081 2838 2375 2894 Videamus
2431 2839 2597 2910 igitur
2637 2855 2760 2910 qua:
2804 2840 2860 2895 in
2893 2841 3147 2897 extremis
3179 2850 3434 2896 eventura
3549 2859 3555 2864 λ
