3876 6340
524 302 625 358 751

1154 299 1213 357 S.
1252 298 1613 357 HIPPOLYTI
1646 300 1799 359 OPP.
1839 300 2019 361 PARS
2057 299 2122 357 11.
2164 334 2232 347 -
2268 300 2574 361 DOGHAT.
2615 305 2705 363 ET
2742 304 3083 366 HISTORIC.
3600 327 3680 386 752

524 436 648 494 qua:
697 435 728 477 a
769 431 824 477 te
853 418 999 477 dicta
1051 420 1216 476 sunt?
1260 417 1454 477 Nonne
1502 436 1695 479 eorum
1747 431 1887 481 terra
1912 421 2074 481 ludas

2205 421 2309 479 ὑπὸ
2337 422 2432 479 σοῦ
2465 424 2764 498 εἰρημένας
2798 428 2914 482 Οὐκ
2943 428 3234 501 ἠρήμωται
3258 430 3419 489 αὐτῶν
3448 438 3478 508 ἡ
3508 439 3685 500 Ἰουδαία

525 515 769 573 desolata
815 515 943 571 est?
1017 511 1212 571 Nonne
1283 531 1607 574 succensum
1687 516 2098 574 sanctuarium?

522 608 717 666 Nonne
745 624 934 666 eorum
965 611 1140 666 eversi
1178 596 1364 667 muri?
1391 610 1582 667 Nonne
1607 610 1856 679 civitates
1879 611 2098 668 destru-

525 703 662 760 ctas?
692 701 884 758 Nonne
914 702 1190 773 regionem
1227 703 1388 760 alieni
1420 702 1722 759 devorant?
1756 701 1949 758 Nonne
1975 701 2096 773 ejus

523 795 748 853 ditionis
790 793 1018 851 Romani
1070 792 1398 865 potiuntur?
1452 791 1588 849 Nam
1642 808 1753 865 quo
1784 792 1910 849 odio
1951 792 2009 847 in
2042 801 2096 849 te

523 896 872 955 exarserant,
945 901 1096 942 serra
1161 885 1528 954 disciderunt,
1597 900 1663 941 ac
1707 884 1983 943 Christum
2037 886 2094 941 in

522 995 743 1037 crucem
769 961 1015 1053 egerunt.
1045 976 1105 1033 ln
1133 978 1339 1035 mundo
1360 986 1612 1036 mortuus
1638 992 1719 1047 es,
1747 978 1842 1034 sed
1864 977 2006 1035 vivis
2037 977 2094 1034 in

523 1071 764 1129 Christo.
1707 1080 1711 1085 '

596 1163 788 1220 XXXI.
838 1161 1009 1231 Quem
1053 1170 1294 1219 vestrum
1346 1163 1522 1233 magis
1567 1164 1810 1236 diligam,
1845 1171 1991 1234 tene,
2021 1180 2091 1222 an

519 1255 847 1313 Jeremiam?
891 1253 996 1311 Sed
1040 1262 1096 1311 et
1118 1252 1383 1310 Jeremias
1417 1254 1704 1325 lapidatur.
1761 1255 1932 1329 Magis
1961 1271 2091 1313 vero

519 1349 806 1414 Jeremias,
841 1349 933 1404 sed
959 1355 1014 1403 et
1036 1346 1224 1403 Daniel
1252 1354 1501 1403 testatur.
1534 1345 1742 1408 Daniel.
1770 1363 1882 1418 prae
1912 1348 2092 1404 omni-

520 1441 626 1497 bus
663 1440 718 1495 in
750 1449 872 1495 tuas
910 1439 1099 1495 laudes
1133 1437 1402 1496 cﬂ‘undor.
1436 1438 1577 1506 Quin
1609 1437 1847 1496 Joannes
1874 1450 2092 1512 quoque

519 1534 659 1589 nihil
706 1532 828 1589 falsi
873 1532 1136 1603 loquitur.
1183 1530 1415 1598 Quantis
1440 1547 1538 1588 vos
1567 1532 1727 1589 labiis
1781 1534 2091 1606 linguisque

522 1626 859 1700 gloriticabo,
899 1625 1144 1696 quinimo
1173 1625 1320 1696 quod
1358 1625 1413 1680 in
1447 1626 1604 1682 vobis
1632 1624 1871 1681 Verbum
1912 1626 2092 1698 loqui-

2198 514 2303 587 γῆ;
2351 515 2467 569 Οὐκ
2507 516 2895 590 ὲμπέπρησται
2936 518 2999 572 τὸ
3035 521 3306 593 aviaeum;
3346 525 3412 578 Οὐ
3448 530 3686 604 κατέστρα-

2198 622 2331 661 πται
2377 607 2556 662 αὐτῶν
2586 608 2657 663 τὰ
2690 610 2880 682 τείχη;
2926 611 3041 667 Οὐκ
3085 613 3406 686 ἀνῃρέθησαν
3433 621 3482 672 αἱ
3517 626 3686 695 «diem;

2299 698 2397 771 τὴν
2424 698 2609 772 χώραν
2653 701 2926 775 ἀλλότριοι
2970 705 3368 773 κατεσθίουσιν;
3405 712 3472 765 Οὐ
3504 714 3586 785 τὴν
3610 718 3686 789 γῆν

2208 787 2470 860 Ῥωμαῖοι
2519 790 2819 861 κρατοῦσις
2882 793 2993 847 Καὶ
3045 793 3153 868 γάρ
3217 798 3515 869 μισήσαντες
3565 820 3613 856 σε
3653 787 3691 858 οἱ

2194 877 2387 951 άνομοι
2441 877 2676 953 ἔπρισαν
2740 883 2882 956 (65),
2946 884 3044 939 καὶ
3101 886 3327 959 Χριστὸν
3381 890 3687 963 ἐσταύρωσαν.

2208 966 2504 1034 Ἀπέθανες
2536 972 2595 1026 ὲν
2622 970 2832 1045 κόσμῳ,
2864 972 2979 1028 ἀλλ’
3020 970 3116 1029 οὖν
3156 976 3214 1031 ὲν
3240 978 3445 1051 Χριστῷ
3476 981 3560 1052 ζῇς
3589 983 3689 1056 (66).

2265 1166 2402 1221 Τίνα
2442 1162 2535 1222 οὖν
2579 1168 2732 1241 ὑμῶν
2784 1171 2965 1225 πλεῖον
2994 1173 3264 1245 ἀγαπήσω
3302 1174 3334 1247 ἢ
3370 1176 3696 1248 cumnam

2192 1255 2287 1310 καὶ
2322 1257 2592 1330 Ἱερεμίας
2635 1257 2933 1325 λιθάζεται.
2975 1264 3041 1317 Εἰ
3077 1264 3339 1337 Ἱερεμίας
3370 1268 3470 1338 (68)
3512 1270 3560 1323 δὲ
3591 1272 3695 1342 μάλ-

2189 1348 2302 1441 λον,
2357 1349 2496 1404 ἀλλά
2559 1353 2656 1406 καὶ
2706 1355 2906 1428 Δανιὴλ
2963 1362 3248 1431 μαρτυρεῖ.
3323 1363 3504 1436 Δανιὴλ
3521 1406 3535 1432 ,
3586 1367 3697 1441 ὑπὲρ

2190 1439 2401 1519 πάντας
2445 1441 2652 1496 ἔπαινῶ
2681 1461 2742 1498 σε
2757 1484 2771 1510 ,
2805 1445 2943 1501 ἀλλά
2981 1449 3075 1502 καὶ
3119 1449 3366 1522 Ἰωάννης
3398 1453 3451 1505 οὐ
3473 1439 3694 1524 ψεύδεται.

2187 1532 2384 1597 Πόσοις
2415 1532 2559 1604 ὑμᾶς
2604 1534 2838 1607 στόμασι
2866 1537 2961 1591 καὶ
2989 1538 3263 1607 γλώσσαις
3300 1541 3510 1607 δοξάσω,
3540 1545 3697 1615 μᾶλλον

2187 1623 2247 1678 δὲ
2283 1624 2374 1679 τὸν
2415 1626 2473 1679 ὲν
2515 1626 2645 1698 ὑμῖν
2693 1626 3001 1701 λαλήσαντα
3041 1631 3251 1702 Λόγον;
3298 1633 3589 1690 ’Δπεθάνετε
3622 1638 3698 1691 σὺν

516 1718 647 1774 tur?
697 1715 899 1772 Μοιιυί
943 1714 1078 1771 estis
1120 1729 1249 1771 cum
1291 1713 1534 1783 Christo,
1586 1715 1680 1772 sed
1724 1715 1916 1773 vivetis
1964 1730 2074 1772 cun

2190 1712 2442 1785 Χριστῷο
2495 1712 2726 1785 ζήσεσθε
2775 1716 2832 1770 δὲ
2879 1717 2979 1774 σὺν
3030 1720 3280 1792 Χριστῷ·
3335 1722 3578 1777 ἀκούσατε
3625 1728 3698 1780 καὶ

514 1814 755 1871 Christo.
814 1810 1013 1868 Audite
1050 1819 1107 1867 et
1150 1809 1431 1866 laetamini.
1486 1810 1626 1868 Ecce
1659 1811 1805 1867 enim
1835 1825 1958 1882 quae
2000 1810 2074 1866 lo-

2188 1803 2406 1877 χαίρετε
2430 1803 2575 1877 (69)·
2615 1807 2725 1862 ίδοὺ
2768 1809 2839 1864 τὰ
2879 1810 2973 1880 ἀφ’
3005 1788 3159 1884 ὑμίῖιν
3202 1788 3551 1887 λελαλημένα,
3591 1818 3698 1872 κατὰ

513 1908 626 1964 cuti
652 1906 806 1975 estis,
853 1920 951 1976 per
990 1912 1206 1976 tempus
1250 1905 1471 1975 impleta
1507 1911 1655 1960 sunt.
1687 1903 1916 1960 Vidistis
1937 1904 2084 1960 enim

512 2015 576 2057 ea
618 2000 857 2073 primum
878 2038 896 2067 ,
928 1998 1131 2068 sicque
1165 1995 1361 2053 deinde
1407 1996 1620 2052 cunctis
1670 1996 1923 2052 aetatibus
1948 2010 2088 2066 prae-

512 2093 757 2152 dicastis.
798 2091 1025 2147 Cunctis
1062 2088 1316 2145 aetatibus
1338 2087 1691 2144 ministrastis
1718 2087 1808 2144 Dei
1839 2088 2082 2144 oracula.

518 2185 706 2242 Vocati
729 2183 862 2241 estis
892 2182 1189 2254 propheta,
1218 2190 1279 2238 ut
1305 2181 1532 2238 salutem
1567 2180 1824 2237 omnibus
1851 2180 2085 2251 possetis

511 2289 796 2351 pmstare.
855 2274 1013 2332 Tunc
1083 2274 1231 2331 enim
1280 2288 1408 2330 vere
1462 2272 1724 2344 propheta
1779 2279 1897 2339 est,
1937 2286 2083 2337 cum,

509 2367 890 2442 praenuntiatis
931 2381 1056 2438 quae
1099 2365 1280 2423 futura
1321 2373 1468 2432 sunt,
1507 2378 1573 2421 ea
1615 2375 1804 2436 postea
1839 2364 2085 2421 evenisse

508 2462 828 2521 ostenderit.
895 2460 1034 2517 Boni
1086 2459 1333 2533 magistri
1383 2458 1639 2530 discipuli
1700 2456 1901 2514 fuistis.
1954 2456 2084 2514 Haec

509 2558 702 2628 vobis;
717 2556 917 2613 merito
961 2554 1121 2626 quasi
1164 2552 1476 2610 viventibus
1531 2550 1795 2608 acclamo.
1860 2550 2081 2606 Habetis

508 2648 655 2705 enim
683 2648 839 2705 vobis
875 2646 986 2719 jam
1033 2645 1089 2703 in
1121 2645 1276 2702 caelis
1314 2642 1613 2715 repositam
1639 2643 1765 2698 vitae
1791 2656 1856 2697 ac
1896 2642 2080 2698 incor-

506 2741 778 2813 ruptionis
814 2753 1073 2796 coronam
1098 2738 1165 2793 ⁸⁸.

575 2836 794 2891 XXXII.
840 2835 954 2900 Dic,
985 2848 1194 2903 quaeso,
1240 2831 1396 2886 beate
1425 2828 1632 2884 Daniel.
1678 2827 1896 2884 Certam
1941 2827 2078 2883 mihi

503 2929 670 2986 facito
715 2929 897 2993 Iidem,
949 2927 1197 2983 obsecro.
1234 2922 1564 2979 Vaticinaris
1594 2920 1661 2977 de
1707 2922 1873 2977 leaena
1904 2919 2081 2993 Baby-

505 3023 634 3080 lone
651 3021 728 3076 “z
753 3021 828 3077 ibi
858 3020 1005 3077 enim
1043 3018 1290 3089 captivus
1317 3015 1650 3073 versaberis.
1684 3013 1929 3071 Narrasti
1955 3029 2079 3087 qua;

2187 1897 2381 1970 καιρὸν
2422 1898 2800 1973 πεπλήριιηαι.
2845 1903 3029 1958 Εῐδετε
3071 1905 3182 1978 γὰρ
3212 1907 3350 1962 αὑτά
3390 1909 3601 1981 πρῶτον,
3623 1905 3697 1965 εἷθ’

2185 1985 2357 2052 οὕτως
2386 1987 2691 2061 ὲκηρύξατε
2714 1992 2920 2057 πάσαις
2945 1998 3182 2060 γενεαῖς.
3212 1997 3294 2051 Τὰ
3319 1997 3408 2052 τοῦ
3432 1999 3553 2053 Θεοῦ
3580 1999 3702 2069 λόγια

2184 2076 2540 2152 διηκονήσατε
2586 2082 2790 2149 πάσαις
2843 2089 3080 2154 γενεαῖς.
3135 2089 3416 2162 Προφῆται
3458 2091 3701 2163 ἐκλήθητε,

2185 2170 2272 2226 ἴνα
2311 2172 2520 2239 πάντας
2549 2173 2721 2230 σῶσαι
2759 2176 3041 2250 δυνηθῆτε.
3075 2180 3208 2234 Τότε
3233 2181 3343 2254 γάρ
3366 2182 3523 2247 ὅντως
3550 2184 3576 2236 ὁ
3600 2200 3704 2256 προ-

2185 2265 2364 2338 φήτης
2380 2307 2396 2332 ,
2447 2266 2577 2322 ὅταν
2624 2267 2694 2323 τὰ
2748 2268 3010 2340 μέλλοντα
3064 2272 3315 2341 γενέσθαι
3376 2275 3700 2347 προκηρύξας,

2184 2354 2408 2429 ὕστερον
2438 2360 2723 2432 συμϐάντα
2745 2362 2885 2417 αὐτὰ
2911 2362 3190 2439 ἀποδείξῃ.
3221 2365 3403 2421 Καλοῦ
3434 2367 3702 2422 διδασκάλω

2183 2449 2436 2519 ἐγένεσθε
2473 2452 2728 2525 μαθηταί.
2762 2454 2949 2511 Ταῦτα
2986 2456 3115 2529 ὑμῖν
3145 2458 3315 2524 ἀξίως
3342 2459 3416 2525 ὡς
3446 2459 3591 2525 ζῶσιν
3611 2461 3703 2512 ὲπι-

2183 2543 2364 2612 φωνῶ.
2396 2543 2589 2616 Ἔχετε
2620 2547 2729 2620 γὰρ
2757 2548 2857 2620 ἥδη
2885 2548 2977 2602 τὸν
3002 2551 3104 2622 τῆς
3145 2549 3298 2621 ζωῆς
3332 2554 3426 2607 καὶ
3449 2551 3704 2624 ἀφθαρσίας

2180 2634 2541 2709 ἀποκείμενον
2570 2638 2697 2711 ὑμῖν
2723 2641 2781 2695 ὲν
2805 2641 2921 2706 τοῖς
2948 2641 3203 2714 οὐρανοῖς
3231 2644 3506 2714 στέφανον.

2250 2832 2391 2904 Λέγε
2421 2852 2510 2907 μοι
2571 2829 2618 2891 ὦ
2648 2837 2885 2911 μακάριε
2918 2841 3132 2915 Δανιήλ.
3168 2843 3577 2917 Πληροφόρησόν
3608 2861 3703 2915 μοι,

2179 2927 2500 2999 παρακαλῶ.
2531 2928 2898 3001 Προφητεύεις
2941 2934 3070 3007 περὶ
3110 2936 3212 3008 τῆς
3250 2936 3464 3008 λεαίνης
3488 2940 3541 2992 ὲν
3565 2937 3706 2991 Βαὸυο

2177 3017 2341 3075 λῶνιο
2381 3022 2725 3093 αἰχμάλωτος
2765 3023 2875 3098 γάρ
2910 3022 2979 3098 ἧς
3026 3030 3161 3082 ἐκεῖ.
3207 3031 3476 3103 Διήγησαι
3519 3031 3579 3085 τά
3604 3030 3703 3106 μέλι

502 3123 660 3173 erant
704 3113 887 3169 futura
934 3112 1002 3167 de
1023 3125 1153 3166 urso
1183 3128 1198 3167 :
1242 3109 1421 3165 adhuc
1452 3108 1596 3164 enim
1629 3108 1755 3163 vita
1797 3110 2074 3178 superstes

2178 3110 2335 3205 λοντα
2371 3113 2501 3205 περὶ
2533 3114 2634 3185 τῆς
2675 3115 2911 3189 ἄρκτου·
2971 3118 3050 3172 ἐτι
3088 3120 3199 3192 γὰρ
3238 3122 3300 3175 ὲν
3331 3123 3515 3193 κόσμῳ
3550 3119 3608 3194 ἧς
3635 3122 3707 3175 καὶ

500 3222 644 3274 eras,
678 3221 850 3276 eaque
877 3204 1021 3259 facta
1052 3202 1256 3258 vidisti.
1297 3200 1499 3257 Deinde
1542 3200 1772 3272 pardum
1809 3199 1945 3255 mihi
1989 3199 2073 3256 lo-

2178 3196 2315 3266 εῐδες
2348 3202 2486 3257 αὑτά
2518 3206 2878 3277 γεγενημένα.
2929 3209 3161 3263 Ἔπειτα
3193 3210 3375 3280 λέγεις
3416 3230 3500 3283 μοι
3538 3209 3706 3281 πάρδα-

500 3298 719 3371 queris;
771 3296 1043 3352 undenam
1071 3309 1203 3350 vero
1242 3301 1304 3348 ut
1344 3292 1458 3349 haec
1494 3293 1757 3349 sciveris?
1783 3292 1894 3365 jam
1923 3292 2071 3349 enim

2178 3290 2291 3346 λιν·
2346 3293 2441 3346 καὶ
2489 3294 2652 3350 πόθεν
2693 3312 2775 3350 σοι
2802 3296 2972 3352 ταῦτα
3016 3299 3254 3367 είδέναι;
3295 3300 3396 3373 ήδη
3432 3301 3533 3375 γὰρ
3565 3297 3709 3354 κεκοί-

501 3391 794 3449 defunctus
824 3404 968 3445 eras.
1001 3386 1136 3454 Quis
1167 3387 1282 3442 hanc
1312 3385 1460 3457 loqui
1494 3386 1700 3453 docuit,
1736 3385 1843 3442 nisi
1875 3387 1969 3457 qui
2002 3401 2072 3443 ex

2178 3400 2369 3455 μησαι.
2406 3384 2501 3450 Τίς
2540 3402 2601 3439 σε
2643 3386 2818 3443 ταῦτα
2861 3389 3068 3456 ἐδίδαξε
3100 3390 3309 3459 λαλεῖν,
3338 3392 3511 3466 ἀλλ’ἢ
3548 3392 3575 3445 ὁ
3597 3389 3705 3444 πλά-

392 3500 401 3509 ·
497 3492 658 3539 utero
715 3480 906 3536 matris
952 3487 1004 3535 te
1049 3478 1303 3534 formavit
1323 3479 1412 3533 ⁸³2
1482 3476 1658 3546 Deus,
1710 3478 1814 3534 ais.
1872 3477 2069 3534 Dixisti

2178 3495 2276 3542 σας
2305 3478 2416 3551 (70)
2458 3497 2517 3533 σε
2560 3481 2624 3534 ὲκ
2666 3480 2873 3547 κοιλίας
2912 3482 3022 3555 (71)
3073 3484 3323 3556 μητρός;
3357 3484 3506 3549 Θεὸς,
3543 3483 3705 3552 λὲγεις.

497 3574 644 3632 enim
667 3573 737 3642 ⁸⁸,
778 3588 881 3629 nec
916 3571 1112 3628 falsum
1156 3570 1373 3628 loculus
1403 3586 1508 3628 es:
1548 3570 1789 3627 surrexit
1831 3571 2065 3642 pardus:

496 3667 647 3724 venit
678 3664 875 3722 haedus
907 3680 1226 3735 caprarum;
1261 3662 1531 3735 percussit
1562 3663 1823 3730 arietem;
1861 3660 2069 3718 contri-

496 3759 579 3817 vit
619 3773 826 3817 cornua
863 3758 1012 3829 ejus;
1055 3756 1396 3814 conculcavit
1445 3771 1571 3812 eum
1622 3753 1879 3826 pedibus;
1924 3753 2070 3810 illius

495 3850 705 3925 potitus
748 3856 852 3906 est.
889 3847 1171 3904 Exaltatus
1213 3856 1296 3904 est
1340 3847 1394 3902 in
1427 3847 1583 3902 ruina
1617 3845 1769 3917 ejus;
1810 3859 2067 3900 surrexe-

496 3953 627 4000 runt
653 3942 755 3999 sub
784 3942 877 3999 illo
905 3951 1140 4015 quatuor
1170 3938 1640 4006 cornua.La3tare,
1672 3940 1830 3995 beate
1856 3936 2064 4007 Daniel;

496 4051 609 4093 non
642 4050 703 4092 es
725 4035 1017 4106 deceptus;
1050 4041 1247 4091 cuncta
1279 4033 1394 4088 haec
1421 4046 1669 4089 evenere.

562 4208 804 4266 XXXIII.
844 4208 974 4265 Post
998 4209 1115 4264 haec
1136 4207 1268 4262 mihi
1292 4220 1485 4261 rursus
1515 4207 1786 4263 enarrasti
1811 4215 2063 4279 quartam

491 4304 744 4368 bestiam,
777 4300 1114 4357 tremendam
1139 4299 1284 4354 illam
1306 4307 1468 4367 atque
1495 4298 1853 4367 stupendam:
1881 4318 1901 4351 ι
1924 4298 2065 4355 Den-

490 4405 575 4452 tes
615 4395 737 4467 ejus
784 4393 969 4460 l‘errei,
999 4401 1054 4446 et
1085 4405 1294 4461 ungues
1340 4389 1460 4460 ejus
1498 4389 1656 4457 aenei,
1687 4390 1978 4447 comedens
2008 4398 2064 4447 et
2094 4431 2137 4487 Β

489 4485 892 4551 comminuens,
938 4498 1004 4538 ac
1060 4480 1276 4538 residua
1322 4481 1550 4551 pedibus
1602 4480 1720 4537 suis
1771 4483 2062 4539 conculca-

488 4577 604 4636 bat.
636 4594 658 4631 ι
715 4575 834 4632 Jam
880 4590 1026 4632 nunc
1066 4575 1269 4631 ferrum
1310 4574 1659 4642 dominatur;
1702 4572 1812 4644 iam
1844 4574 2064 4630 edomat

2173 3566 2348 3634 Εἶπας
2386 3569 2494 3643 γὰρ
2534 3572 2627 3626 καὶ
2672 3573 2773 3626 οὐκ
2816 3573 3060 3644 ἐψεύσω’
3110 3576 3319 3648 ἀνέστη
3374 3578 3408 3649 ἡ
3451 3575 3705 3648 πάρδαλιςο

2169 3658 2332 3736 ἦλθεν
2366 3664 2395 3718 ὁ
2427 3664 2628 3737 τράγος
2656 3666 2765 3720 τῶν
2797 3667 2969 3736 αίγῶν
2989 3685 3002 3700 ο
3044 3667 3209 3739 ἔτυψε
3242 3670 3341 3725 τὸν
3374 3670 3552 3739 κριόν·
3584 3666 3707 3722 ουνέ-

2168 3755 2358 3829 τριψεν
2401 3757 2565 3811 αὑτοῦ
2605 3757 2673 3812 τὰ
2713 3759 2954 3832 κέραταο
3006 3763 3394 3834 κατεπάτησεν
3435 3762 3585 3815 αὐτὸν
3621 3760 3708 3821 τοῖς

2169 3849 2346 3904 ποσίν.
2390 3849 2608 3924 ’Υψώθη
2638 3853 2696 3905 ὲν
2727 3851 2806 3923 τῷ
2837 3856 3021 3909 πεσεῖν
3052 3854 3218 3909 αὐτόν
3239 3873 3256 3887 ο
3292 3856 3586 3927 ἀνέστησαν
3613 3850 3710 3906 τέσ-

2171 3957 2316 4015 σαρα
2359 3942 2567 4015 κέρατα
2624 3944 2977 3999 ὑποκάτωθεν
3022 3946 3213 4004 αὐτοῦ.
3263 3947 3585 4021 Εὐφραίνου,
3629 3961 3710 4014 μα-

2167 4031 2328 4105 κάριε
2385 4034 2614 4107 Δανιήλ·
2673 4036 2775 4091 οὐκ
2831 4036 3169 4110 ὲπλανήθης·
3220 4041 3519 4113 γεγένηται
3569 4034 3711 4091 ταῦτα

2172 4125 2370 4180 πάντα.

2240 4214 2397 4269 Μετά
2434 4215 2593 4270 τοῦτο
2634 4216 2794 4273 πάλιν
2835 4236 2924 4290 μοι
2961 4220 3221 4294 διήγησαι
3264 4222 3470 4298 θηρίον¹
3490 4224 3709 4296 τέταρτον

2170 4304 2399 4378 φοϐερὸν
2436 4308 2529 4361 καὶ
2567 4307 2872 4381 ἕκθαμόον’
2906 4330 2932 4369 ,t
2958 4310 3023 4366 Οί
3061 4312 3277 4380 ὀδόντες
3319 4316 3486 4372 αὑτοῦ
3516 4314 3706 4385 σιδηροῖ,

2168 4399 2264 4452 καὶ
2308 4399 2357 4453 οἱ
2408 4400 2598 4472 ὄνυχες
2643 4403 2808 4456 αὐτοῦ
2850 4403 3070 4475 χαλκοῖ,
3113 4407 3299 4463 ἐσθίον
3333 4409 3430 4465 καὶ
3465 4406 3707 4467 λεπτύνονι

2165 4488 2259 4542 καὶ
2290 4488 2359 4544 τὰ
2388 4491 2641 4547 ἐπίλοιπα
2669 4496 2778 4558 τοῖς
2807 4496 2970 4550 ποσὶν
3008 4497 3168 4552 αὑτοῦ
3201 4502 3519 4557 συνεπάτει.
3549 4520 3565 4550 ι
3597 4496 3707 4567 Ἤδη

2166 4582 2359 4653 κρατεί
2399 4582 2494 4638 νῦν
2539 4586 2568 4638 ὁ
2606 4585 2850 4660 σίδηρος’
2899 4587 3001 4661 ἤδη
3049 4590 3286 4664 δαμάζει
3349 4596 3448 4649 καὶ
3493 4588 3708 4646 λεπτύνει

558 4714 604 4748 ⁸⁸
627 4713 673 4769 ll
695 4713 839 4772 Tim.
865 4730 939 4781 tv,
967 4715 1021 4770 8.
1098 4716 1141 4747 ⁸¹
1168 4714 1304 4771 Dan.
1331 4730 1427 4779 vu,
1455 4713 1509 4769 4.
1587 4712 1632 4747 ⁸²
1652 4713 1855 4771 Jerem.
1885 4729 1926 4783 ι,
1950 4715 2004 4771 5.

2178 4721 2284 4777 Dan.
2310 4738 2408 4787 vu,
2436 4721 2507 4787 6;
2551 4740 2672 4792 vm,
2714 4725 2833 4782 2—8.

559 4828 672 4904 (65)
732 4833 822 4905 Ol;
846 4831 1056 4905 ἄνομοι
1106 4833 1386 4905 ἕπρισαν.
1448 4832 1643 4889 Isaiam
1690 4848 1840 4889 serra
1881 4834 2060 4905 lignea

485 4902 781 4976 dissectum
806 4902 964 4972 jussu
994 4903 1266 4959 Mauassis
1286 4904 1885 4976 regis,quamplurimi
1918 4902 2060 4960 vete-

485 4989 607 5046 rum
639 4974 910 5046 _tradunt,
959 4981 1023 5046 ut
1065 4986 1245 5046 notam
1279 4975 1336 5046 in
1370 4974 1570 5030 Cadite
1612 4974 2058 5046 pseudepigrqpho

497 5042 609 5098 νει,
637 5043 798 5108 Tan.
822 5060 945 5116 pag.
967 5043 1125 5099 4088.
1168 5043 1244 5099 De
1269 5043 1505 5101 Jeremia
1534 5042 1771 5115 lapidato
1801 5042 2059 5172 iub—Egy-

497 5116 635 5172 utiis.
679 5115 840 5172 cuius
894 5117 1098 5170 mentio
1146 5116 1310 5172 paulo
1363 5125 1506 5172 post.
1554 5116 1687 5172 ibid.
1742 5118 1951 5172 nae.“
1998 5122 2051 5172 1.

525 5116 635 5190 tiis,
679 5115 840 5187 cujus
894 5115 1098 5170 mentio
1146 5116 1310 5187 paulo
1363 5125 1506 5187 post,
1554 5116 1687 5172 ibid.
1742 5131 1866 5190 pag.
1889 5115 2051 5173 illi.

530 5200 705 5241 Λιιιιιο.

556 5255 670 5327 (66)
713 5256 869 5329 Ἆμῖ
902 5251 1017 5312 οὖν
1051 5254 1373 5329 ὲν-Χριστῷ
1419 5255 1541 5327 ζῇς.
1592 5256 1748 5329 Leg.,
1782 5257 1924 5329 ἀλλά
1956 5257 2052 5313 νῦν

483 5328 582 5415 σὺν
605 5326 830 5415 xeunt}:
855 5328 987 5415 ζῇςλ,
1034 5336 1097 5415 ιιι
1128 5326 1289 5415 infra,
1308 5326 1584 5415 cam-seq.
1618 5326 1918 5415 ἀπεθάνετε
1952 5333 2051 5415 σὺν

478 5397 733 5472 ξριστῷ·
767 5397 1002 5472 ζήσεσθε
1033 5398 1090 5452 δὲ
1123 5397 1219 5452 σὺν
1244 5397 1485 5471 Χριστῷ.
1519 5397 1680 5467 Quod
1715 5401 1874 5458 toties
1904 5400 2050 5472 apud

476 5466 731 5525 Paulum.
766 5466 901 5523 Trin.
939 5468 1068 5525 Fur.

549 5538 1025 5628 ςεῑτυιταιτήςνφ-
1046 5539 1101 5628 ἢ,
1123 5536 1554 5628 (ἰξίέρηιιιεὲη
1588 5540 1859 5615 ἀγαπήσω
1895 5540 1932 5612 ἢ
1963 5539 2046 5609 σὲ»

470 5607 507 5680 ἢ
555 5607 859 5680 Ἱερεμίανς
894 5621 949 5666 et
980 5607 1105 5665 moi:
1135 5609 1339 5664 omittit
1367 5611 1436 5665 εί.
1469 5607 1690 5669 Fauste.

560 5626 859 5732 'lespeptav;
894 5626 949 5666 el
980 5626 1105 5665 mox
1135 5626 1339 5664 οωιιιιι
1367 5626 1436 5665 ει.
1469 5626 1690 5669 ιιἈΒιιια.

548 5678 660 5763 ιι)
705 5680 1007 5763 Ἱερεμίας·
1043 5680 1503 5763 μεοηίερειξέοιν-
1540 5681 1675 5763 ουρ·
1708 5752 1745 5763 ..
1983 5750 2018 5763 ..

548 5748 661 5818 (69)
715 5748 975 5819 Χαίρετε.
1044 5748 1550 5809 ιιιίεοηίικξιίείιιε.
1607 5751 1817 5810 Gudius
1876 5750 2048 5808 edidit

477 5816 702 5891 χάρητε,
734 5816 956 5891 legerim
990 5824 1226 5895 χαρεῖτε.
1255 5819 1471 5878 Fauste.

2229 4838 2341 4914 (29)
2370 4839 2638 4914 Πλάσας.
2669 4841 2797 4914 Leg.
2824 4843 3054 4912 ἁγιάσας
3072 4885 3088 4906 .
3122 4846 3205 4901 vel
3242 4848 3505 4913 καλέσας.
3530 4847 3651 4903 Gtm.

2227 4909 2342 4984 (7_l)
2386 4913 2438 4965 Ὀ
2469 4912 2713 4978 πλάσας
2744 4909 2818 4968 ἇε
2846 4909 2916 4969 ἐκ
2946 4916 3199 4984 κοιλίας.
3234 4916 3398 4975 Dicta
3431 4909 3542 4974 litae
3569 4918 3615 4970 in
3643 4912 3710 4967 Je-

2154 4981 2382 5035 remiam
2404 5024 2417 5047 ,
2463 4983 2608 5037 unde
2644 4985 2920 5042 nonnullis
2953 4987 3126 5041 visum
3151 4981 3167 5053 ,
3196 5003 3266 5043 ex
3307 4999 3469 5045 utero
3501 4984 3710 5045 sanctiﬁ-

2154 5061 2337 5131 catum
2368 5062 2591 5131 essetet
2622 5055 2938 5131 mundatum
2966 5072 2998 5110 a
3032 5068 3255 5131 peccato
3273 5060 3523 5131 originis
3548 5074 3562 5110 :
3585 5054 3707 5131 quod

2156 5121 2305 5197 illius
2353 5123 2627 5197 singulare
2646 5126 3000 5197 privilegium
3032 5121 3196 5183 'I'orct.
3252 5121 3418 5196 Quod
3450 5144 3571 5183 vero
3600 5121 3713 5197 Hip-

2156 5194 2372 5265 polytus
2386 5192 2748 5267 ad'Danielem
2781 5192 2966 5262 trahit,
2988 5192 3172 5267 illique
3202 5192 3604 5263 accommodat,
3618 5192 3710 5250 non

2160 5264 2271 5318 tam
2331 5264 2665 5335 μνημονικὸν
2717 5267 2921 5337 aliquid
2982 5264 3241 5340 peccasse
3297 5271 3572 5340 putandus
3621 5274 3711 5323 est.

2158 5348 2321 5403 quam
2354 5350 2536 5388 veram
2562 5344 2631 5407 “et
2665 5350 3006 5391 communem
3036 5339 3356 5407 opinionem
3395 5342 3712 5395 insinuasse:

2158 5419 2451 5478 commune
2497 5405 2705 5478 scilicet
2747 5416 2871 5462 esSe
2915 5405 3212 5478 prophetis.
3266 5421 3333 5465 ut
3378 5420 3436 5466 et
3474 5407 3716 5478 ministris

2156 5474 2503 5544 evangelicis,
2544 5477 2624 5531 sic
2653 5491 2719 5531 ex
2747 5486 2900 5534 utero
2917 5474 2963 5533 'a
2990 5474 3101 5533 Deo
3141 5477 3379 5535 formari
3411 5491 3465 5535 et
3497 5476 3715 5536 sanctiﬁ-

2156 5545 2292 5622 cari,
2341 5559 2437 5600 seu
2485 5548 2758 5622 segregari
2800 5549 2853 5601 in
2888 5548 3281 5622 ministerium,
3324 5560 3391 5606 ut
3415 5550 3611 5622 Paulus
3654 5546 3719 5600 lo-

2155 5618 2362 5698 quitur,
2386 5630 2505 5700 {per
2543 5618 2729 5686 gratia:
2764 5620 3242 5700 przeparationem,
3282 5637 3527 5700 n_on.per
3561 5620 3713 5689 ipsam

2154 5685 2274 5760 ejus
2307 5685 2667 5760 inlusionem
2701 5704 2715 5742 :
2763 5685 2816 5760 in
2853 5685 3034 5745 divina
3081 5685 3591 5760 praedestinat'ione,
3622 5702 3713 5743 non

2155 5755 2273 5828 ipsa
2306 5756 2361 5811 in
2389 5764 2628 5829 tempore
2648 5757 3060 5829 justiticationc.
3082 5755 3328 5821 'Couuer.
