3876 6340
189 365 274 420 753
1219 364 1306 420 DE
1341 360 1640 420 CHRISTO
1679 361 1766 419 ET
1800 355 2277 418 ANTlCllRlSTO.

3251 356 3360 414 754

185 485 363 538 πάνταο
403 478 497 552 ἥδη
540 478 829 534 ὑποτάσσει
884 479 1088 546 πάντας
1125 485 1252 548 τοὺς
1301 484 1374 556 μὴ
1409 483 1694 548 θέλοντας·

1814 488 1855 536 at
1885 478 2204 536 comminuit
2223 474 2440 539 omnia;
2468 473 2580 544 jam
2599 471 2805 528 invitos
2826 486 3015 530 omnes
3046 471 3361 542 subiugum

184 575 264 644 ἤδη
301 571 547 642 βλέπομεν
586 571 722 626 αὐτὰ
747 573 936 643 ἡμεῖς’
970 573 1068 645 ἤδη
1109 573 1400 646 δοξάζομεν
1439 574 1532 628 τὸν
1562 574 1694 628 Θεὸν

181 650 267 718 ὑπὸ
294 662 376 715 σοῦ
404 661 786 733 διδασκόμενοι.

248 753 366 806 Ἀλλ’
423 753 602 824 ἐπειδὴ
631 752 922 825 προῦκειτο
973 755 1103 826 ἡμῖν
1154 754 1282 826 περὶ
1332 754 1430 826 τῆς
1491 753 1695 827 πόρνης

182 847 343 905 είπείν,
397 845 654 915 πάρελθε,
701 840 746 899 ὦ
797 846 1034 917 μακάριε
1098 845 1312 900 Ἦσαῖα.
1370 846 1597 917 Ἴδωμεν
1643 847 1696 900 τί

181 935 328 1003 λέγεις
364 935 479 1005 περὶ
522 935 852 1002 Βαϐυλῶνος.
905 957 923 990 ι
962 939 1277 1009 Κατάϐηθι,
1337 937 1557 991 κάθισον
1603 938 1696 991 ἐπὶ

180 1026 290 1095 γῆς,
319 1025 548 1099 θυγάτηρ
580 1027 844 1098 παρθένος
874 1028 1220 1092 Βαϐυλῶνος·
1256 1027 1504 1096 κάθισον,
1526 1028 1694 1097 θυγά-

181 1133 266 1186 τηρ
308 1117 570 1170 Χαλδαίων
597 1134 610 1148 ·
704 1118 885 1172 οὐκέτι
952 1118 1218 1191 προστεθῇ
1290 1137 1371 1172 σοι
1435 1119 1696 1191 κληθῆναι

181 1205 326 1276 ἁπαλὴ
356 1207 442 1260 καὶ
473 1207 732 1280 τρυφερά.
767 1208 911 1262 Λάϐε
950 1209 1166 1280 μύλωνα
1185 1251 1198 1275 ,
1232 1209 1419 1264 άλεσον
1448 1208 1694 1280 ἄλευρον,

180 1297 482 1367 ἀποκάλυψαι
520 1297 582 1350 τὸ
619 1297 879 1370 κάλυμμά
929 1317 1044 1364 σου,
1093 1299 1416 1372 ἁναξύρισον
1453 1300 1564 1371 (72)
1600 1299 1698 1364 τὰς

181 1389 362 1453 πολιὰς,
387 1389 718 1460 ἀνακάλυψαι
744 1391 843 1455 τὰς
870 1393 1105 1463 κνήμας,
1135 1391 1350 1463 διάϐηθι
1388 1383 1662 1462 ποταμούς
1679 1408 1695 1423 ο

179 1481 642 1553 ἁνακαλυφθήσεται
683 1485 716 1554 ἡ
756 1483 1128 1555 αίσχημοσύνη
1181 1501 1309 1551 σου,
1372 1487 1699 1556 φανήσονται

178 1576 214 1628 oi
238 1573 499 1644 ὁνειδισμοί
546 1591 672 1628 σουο
717 1575 777 1629 τὸ
817 1576 1022 1630 δίκαιον
1060 1578 1124 1630 ἐκ
1163 1575 1256 1629 σοῢ
1290 1575 1526 1648 λήψομαι
1565 1576 1698 1650 (75),

175 1667 324 1720 οὐκέτι
358 1667 414 1718 οὐ
459 1666 531 1737 μὴ
572 1667 798 1738 παραδῶ
839 1685 898 1720 σε
939 1667 1261 1741 ἀνθρώποις.
1311 1669 1367 1722 Ὁ
1401 1669 1701 1740 ρυσάμενός

179 1775 225 1811 σε
251 1757 430 1829 Κύριος
477 1757 739 1826 Σαϐαὼθ,
797 1759 967 1832 ὄνομα
1023 1759 1168 1830 αὐτῷ
1210 1761 1400 1829 Ἄγιος
1462 1759 1696 1832 Ἰσραήλ·

1801 571 1984 626 ιηίῑιίι.
2020 567 2144 624 Haec
2174 583 2271 622 nos
2297 566 2409 637 jam
2435 564 2714 630 videmus;
2744 564 2857 635 jam
2887 580 2919 620 a
2944 573 2996 620 te
3025 564 3168 622 docti
3190 563 3360 620 Deum

1799 665 2184 734 gloriﬁcamus.

1869 756 2110 810 XXXIV.
2168 753 2436 822 Quoniam
2467 767 2598 808 vero
2630 751 2966 823 propositum
3001 752 3156 806 nobis
3189 750 3366 806 fuerat

1803 860 1861 907 ut
1899 851 1966 906 de
2003 851 2292 906 meretrice
2338 848 2708 919 loqueremur,
2753 847 2962 912 adesto,
3004 845 3158 900 beate
3200 843 3360 900 lsaia.

1802 941 2096 998 Videamus
2145 943 2274 1012 quid
2323 942 2472 998 dicas
2521 940 2587 995 de
2633 939 2926 1010 Babylone.
2994 956 3013 990 ι
3067 936 3360 1002 Descende,

1803 1036 1930 1092 sede
1978 1035 2032 1089 in
2083 1043 2257 1099 terra,
2309 1032 2415 1087 ﬁlia
2465 1031 2615 1102 virgo
2657 1029 2982 1100 Babylonis;
3043 1028 3202 1091 sede,
3253 1027 3364 1083 ﬁlia

1801 1127 2216 1191 Chaldaeorum;
2263 1141 2372 1179 non
2412 1123 2644 1194 amplius
2688 1122 2971 1192 adjicietur
3016 1120 3111 1174 tibi
3166 1128 3225 1173 ut
3268 1133 3366 1173 vo-

1803 1217 1946 1273 ceris
1984 1216 2162 1271 mollis
2197 1223 2251 1270 ct
2289 1215 2538 1271 delicata.
2581 1213 2732 1269 Tolle
2771 1213 2971 1268 molam
3015 1227 3028 1265 :
3065 1211 3205 1266 mole
3235 1208 3368 1264 fari-

1802 1323 1950 1376 nam,
1994 1308 2169 1363 revela
2210 1308 2605 1378 operimentum
2657 1314 2833 1370 tuum,
2869 1305 2997 1359 rade
3033 1319 3221 1367 canos,
3254 1303 3368 1357 dis-

1804 1399 2021 1468 cooperi
2069 1399 2249 1461 tibias,
2295 1399 2462 1453 transi
2510 1398 2767 1464 ﬁumina;
2826 1397 3152 1452 revelabitur
3190 1395 3366 1463 turpi-

1804 1491 1935 1546 tudo
1975 1499 2099 1557 tua;
2137 1491 2469 1560 apparebunt
2503 1490 2793 1560 opprobria
2839 1498 2970 1556 tua;
3009 1489 3266 1542 ultionem
3299 1502 3368 1541 ex

1804 1590 1857 1638 te
1883 1598 2128 1648 sumam;
2165 1598 2506 1652 nequaquam
2541 1583 2682 1637 ultra
2713 1591 2764 1637 te
2792 1581 3101 1636 hominibus
3134 1581 3366 1636 tradam.

1806 1673 1909 1741 Qui
1941 1675 2082 1730 eruit
2123 1683 2175 1730 te
2201 1673 2460 1728 Dominus
2493 1673 2764 1740 Sabaoth,
2799 1689 2996 1728 nomen
3045 1673 3094 1727 ei
3135 1671 3368 1726 Sanctus

1804 1763 1989 1820 Israel.
2047 1763 2184 1820 Sede
2233 1773 2590 1836 eompuncta;
2654 1764 2936 1835 ingredere
2991 1763 3044 1817 in
3089 1764 3364 1829 tenebras,

178 1848 363 1902 κάθισον
418 1850 854 1922 κατανενυγμένη
877 1891 892 1915 ,
965 1851 1174 1905 εῐσελθε
1243 1853 1322 1916 είς
1376 1850 1436 1906 τὸ
1491 1851 1702 1917 σκότος,

1814 1855 1914 1910 lilia
1944 1853 2360 1923 Chaldaeorum;
2395 1871 2736 1927 nequaquam
2772 1855 2915 1910 ultra
2945 1854 3223 1911 vocaberis
3255 1853 3366 1910 for-

178 1941 385 2014 θυγάτηρ
430 1942 733 2012 Χαλδαίων,
788 1943 969 1997 οὐκέτι
1022 1944 1083 1997 οὐ
1139 1942 1214 2016 μὴ
1255 1943 1506 2016 κληθήσῃ
1551 1943 1702 2013 ἰσχὺς

179 2035 432 2106 βασιλείας.
619 2050 626 2058 ’

235 2146 252 2178 ι
278 2126 626 2200 Παρωξύνθην
659 2129 752 2183 ἐπί
781 2128 871 2182 τὸν
899 2129 1025 2184 λαόν
1055 2145 1155 2201 μου
1177 2146 1190 2160 ’
1229 2129 1427 2201 ἐμίανα
1464 2130 1573 2203 (74)
1605 2131 1704 2204 τὴν

176 2219 496 2290 κληρονομίαν
543 2237 668 2291 μου.
726 2219 868 2290 Ἐγὼ
917 2220 1090 2274 ἔδωκα
1131 2223 1211 2286 είς
1252 2222 1351 2293 τὴν
1393 2224 1550 2295 χεῖρά
1585 2241 1700 2276 σου·

177 2311 228 2364 σὺ
264 2311 312 2364 δὲ
353 2314 445 2365 οὐκ
490 2312 699 2377 ἔδωκας
753 2313 936 2378 αὐτοῖς
986 2314 1133 2369 ἔλεον
1153 2332 1168 2346 ·
1227 2315 1292 2369 σὺ
1341 2315 1398 2368 δέ
1443 2316 1536 2368 ἐπὶ
1580 2316 1706 2380 τοὺς

176 2402 533 2476 πρεσϐυτέρους
573 2403 843 2477 ἐϐάρυνας
885 2405 975 2459 τὸν
1018 2403 1199 2474 ζυγὸν,
1249 2406 1344 2460 καὶ
1385 2401 1578 2474 εἴπας,
1610 2408 1706 2472 Είς

173 2493 246 2546 τὸν
280 2493 436 2546 αἰῶνα
483 2494 680 2566 ἔσομαι
721 2496 982 2567 ἄρχουσα.
1025 2497 1138 2550 Οὐκ
1179 2496 1406 2568 ἐνόησας
1444 2498 1614 2551 ταῦτα
1647 2499 1706 2553 ἐν

174 2586 226 2655 τῇ
251 2583 428 2656 καρδίᾳ
468 2602 586 2650 σου,
624 2583 746 2639 οὐδὲ
788 2585 1065 2658 ἐμνήσθης
1089 2586 1161 2640 τὰ
1197 2587 1399 2658 ἔσχατά
1437 2605 1550 2644 σου.
1591 2588 1706 2643 Νῦν

174 2673 218 2728 δὲ
248 2676 394 2729 ἄκουε
429 2674 623 2744 ταῦτα,
659 2679 692 2749 ἡ
721 2678 987 2750 τρυφερά,
1034 2679 1067 2749 ἡ
1101 2679 1416 2752 καθημένη,
1455 2683 1487 2752 ἡ
1517 2698 1707 2735 πεποι-

176 2764 305 2834 θυῖα,
336 2770 366 2839 ἡ
404 2767 638 2838 λέγουσα
668 2773 724 2824 ἐν
757 2772 821 2841 τῇ
861 2769 1090 2842 καρδίᾳο
1135 2771 1274 2840 Ἐγώ
1309 2775 1444 2845 εῑμι,
1479 2773 1574 2828 καὶ
1605 2773 1706 2828 οὐκ

175 2855 294 2909 ἐστιν
336 2858 518 2930 ἑτέρα·
590 2860 650 2913 οὑ
708 2858 884 2926 καθιῷ
923 2861 1088 2932 χήρα,
1131 2861 1252 2917 οὑδέ
1283 2862 1560 2935 γνώσομαι
1610 2864 1706 2938 ὁρ-

176 2951 290 3020 φανή
333 2951 459 3021 (75).
514 2953 655 3005 Νυνὶ
695 2953 752 3006 δὲ
794 2951 913 3023 ἥξει
952 2953 1046 3007 ἐπὶ
1094 2953 1154 3007 σέ
1200 2955 1268 3008 τά
1302 2954 1395 3010 δύο
1433 2955 1607 3011 ταῦτα
1649 2959 1706 3011 ἐν

177 3041 324 3113 ἡμέρᾳ
353 3045 463 3114 μιᾷ,
496 3044 696 3116 χηρεία
733 3045 828 3099 καὶ
865 3044 1107 3100 άτεκνία.
1137 3045 1293 3112 ’Ἥξει
1331 3047 1587 3121 ἐξαίφνης
1615 3050 1707 3104 ἐπὶ

176 3131 225 3184 σὲ
245 3134 298 3184 ἐν
323 3137 382 3205 τῇ
429 3137 750 3207 φαρμακείᾳ
785 3152 901 3202 σου,
931 3137 988 3188 ἐν
1015 3138 1080 3207 τῇ
1113 3135 1255 3207 ίσχύῖ
1293 3137 1398 3192 τῶν
1441 3139 1707 3193 ἐπαοιδῶν

176 3240 251 3278 σου
284 3227 503 3300 σφόδρα,
549 3231 620 3300 τῇ
663 3228 838 3282 ἐλπίδι
883 3229 984 3299 τῆς
1023 3230 1280 3301 πορνείας
1326 3247 1440 3286 σου.
1490 3233 1563 3286 Σὺ
1603 3233 1712 3305 γὰρ

173 3310 335 3381 εἶπας,
380 3317 513 3388 Ἐγώ
553 3322 692 3389 ειμι,
732 3319 825 3372 καὶ
873 3319 972 3372 οὐκ
1012 3318 1158 3374 ἔστιν
1188 3319 1367 3391 ἐτέρα.
1417 3321 1526 3374 Καὶ
1555 3320 1708 3375 ἐσται

176 3404 203 3474 ἠ
233 3407 431 3477 πορνεία
469 3425 563 3463 σου
607 3409 688 3463 σοὶ
719 3407 978 3481 αἰσχύνη,
1021 3410 1102 3463 ὃτι
1129 3405 1290 3474 εἶπας
1327 3411 1384 3464 ἐν
1418 3414 1483 3483 τῇ
1516 3411 1713 3484 καρδίᾳ⁸

178 3513 268 3564 σου,
285 3503 413 3572 Ἐγώ
433 3506 566 3575 εἰμι.
602 3503 711 3558 Καὶ
741 3503 859 3573 ἥξει
891 3503 982 3556 ἐπὶ
1017 3502 1076 3555 σὲ
1110 3501 1384 3568 ἀπώλεια,
1417 3504 1512 3557 καὶ
1540 3503 1600 3556 οὐ
1636 3503 1711 3576 μὴ

179 3591 309 3663 γνῷς.
337 3593 607 3665 [Βόθυνος,
637 3595 731 3650 καὶ
757 3597 968 3666 ἐμπεσῇ
998 3595 1076 3658 είς
1103 3594 1282 3648 αὐτόν.
1324 3595 1434 3648 Καὶ
1467 3593 1587 3665 ἥξει
1617 3595 1711 3648 ἐπὶ

181 3682 226 3736 σὲ
247 3685 566 3758 ταλαιπωρία
585 3725 602 3752 ,
642 3687 736 3740 καί
757 3686 819 3739 οὐ
850 3687 924 3757 μὴ
949 3685 1154 3759 δυνήσῃ
1189 3687 1403 3758 καθαρά
1432 3687 1708 3756 γενέσθαι.

180 3776 266 3830 Καὶ
301 3779 410 3849 ἡξει
466 3781 560 3834 ἐπὶ
615 3781 676 3834 σέ
731 3778 990 3851 ἐξαπίνης
1043 3779 1325 3849 ἀπώλεια,
1379 3784 1473 3836 καὶ
1521 3783 1581 3836 οὐ
1638 3784 1712 3856 μὴ

407 3871 574 3942 Στῆθι
610 3870 705 3925 νῦν
735 3873 793 3924 ἐν
831 3874 950 3935 ταῖς
978 3871 1257 3936 ἐπαοιδαῖς
1289 3889 1406 3937 σου,
1435 3873 1530 3927 καὶ
1559 3874 1617 3927 ἐν
1645 3877 1710 3946 τῇ

179 3957 316 4030 πολλῇ
345 3960 658 4032 φαρμακείᾳ
687 3978 800 4028 σου,
829 3961 864 4016 ἃ
893 3960 1192 4033 ἐμάνθανες
1223 3964 1289 4016 ἐκ
1315 3963 1564 4034 νεότητός
1593 3979 1709 4028 σου,

178 4045 217 4098 εί
245 4046 426 4123 δυνήσῃ
457 4050 826 4122 ὠφεληθῆναι.
871 4051 1224 4116 Κεκοπίακας
1251 4054 1310 4106 ἐν
1351 4055 1471 4116 ταῖς
1497 4051 1714 4123 βουλαῖς

180 4153 254 4190 σου
271 4156 283 4170 ·
315 4143 588 4213 στήτωσαν
617 4143 712 4196 καὶ
750 4143 1076 4199 σωσάτωσάν
1101 4161 1161 4198 σε
1199 4145 1249 4198 οί
1275 4143 1591 4215 ἀστρολόγοι
1619 4144 1714 4198 τοῦ

180 4231 404 4304 ὠρανοῦο
453 4238 502 4290 οί
543 4235 780 4309 δρῶντες
815 4237 942 4301 τοὺς
971 4237 1208 4310 ἀστέρας
1235 4236 1713 4306 άναγγειλάτωσάν

184 4339 267 4390 σοι,
309 4328 354 4380 τί
406 4329 588 4400 μέλλει
639 4329 733 4383 ἐπὶ
775 4328 835 4381 σὲ
880 4328 1153 4400 ἔρχεσθαι.
1215 4329 1344 4382 Ἰδοὺ
1395 4329 1594 4392 πάντες
1639 4328 1715 4392 ώς

183 4415 397 4485 φρύγανα
461 4420 669 4492 πυρὸς,
727 4418 868 4472 οὕτω
923 4419 1320 4490 καυθήσονται,
1380 4420 1473 4472 καὶ
1521 4419 1582 4472 οὐ
1641 4419 1716 4491 μὴ

183 4507 428 4574 ἐξέλωνται
479 4516 578 4585 τὴν
621 4513 798 4584 ψυχὴν
841 4513 1018 4566 αὐτῶν
1062 4514 1127 4566 ἐκ
1161 4512 1374 4582 φλογός.
1419 4513 1538 4566 Ὅτι
1572 4512 1715 4582 ἔχεις

183 4598 423 4673 ἄνθρακας
456 4605 657 4676 πυρὸς,
691 4603 911 4658 κάθισαι
957 4603 1044 4657 ἐπ’
1077 4603 1293 4667 αὐτούς.
1339 4601 1526 4668 Οὕτως
1558 4603 1710 4656 ἐσται

184 4707 258 4744 σου
288 4694 384 4766 (76)
423 4698 501 4760 εἰς
544 4695 816 4767 βοήθειαν.
865 4694 1194 4760 Ἐκοπίασας
1236 4696 1296 4749 ἐν
1333 4696 1400 4766 τῇ
1441 4693 1709 4766 μεταϐολῇ

238 4829 277 4862 ⁸⁸
295 4831 389 4888 lsa.
415 4851 580 4903 XLVII,
611 4834 748 4890 1-15.

239 4974 336 5046 (72)
367 4978 766 5046 Ἁναξύρισον.
795 4975 963 5043 Quasi
995 4995 1015 5030 ι
1038 4976 1300 5031 novacula
1329 4975 1482 5042 rade;
1510 4995 1530 5029 ι
1561 4975 1707 5046 quod

185 5045 455 5118 expressius
487 5045 589 5113 est,
624 5049 905 5118 majusque
949 5047 1225 5118 servitutis
1257 5061 1320 5118 ac
1358 5046 1550 5118 luctus
1567 5045 1708 5100 indi-

187 5116 324 5171 cium.
355 5117 562 5187 Reliqui
593 5115 770 5172 tamen
807 5115 1165 5184 ἀνακάλυψαι,
1203 5133 1220 5166 ι
1255 5116 1490 5187 denuda,
1523 5117 1708 5187 detege

186 5198 364 5240 comam
409 5185 590 5252 tuam;
632 5207 650 5239 ι
709 5203 809 5243 nec
859 5189 1014 5242 aliter
1045 5188 1294 5249 Hebraea;
1352 5194 1412 5240 ut
1451 5186 1523 5240 sit
1565 5185 1708 5240 iswd

188 5252 422 5328 llippolyti
455 5259 642 5312 scriba:
675 5259 948 5312 mendum.
984 5255 1288 5328 Hpoarsoﬁ
1323 5271 1441 5311 σοι.
1472 5255 1634 5328 Forte
1655 5263 1710 5310 et

188 5325 369 5400 ipsum’
408 5329 749 5396 expressius,
813 5344 976 5398 quam
1030 5325 1376 5400 προστεθήσῃ
1453 5325 1726 5388 aliorum._

183 5395 444 5530 magis
474 5465 704 5522 δίκαιον
725 5466 794 5520 ἐκ
816 5467 932 5522 σσῦ
953 5466 1238 5536 λήψομαι.
1273 5465 1438 5520 Plana
1472 5463 1706 5537 phrasis.

185 5548 341 5608 quam
374 5538 452 5592 sic
509 5553 821 5608 expressere
879 5533 1070 5608 omnes
1108 5533 1487 5608 ginterpretesf
1514 5533 1702 5608 _Vulg.

189 5621 204 5651 ι
231 5604 433 5679 Capiam
473 5603 752 5663 ultionem.
782 5628 801 5660 ι
861 5607 1081 5679 Targ._¢
1106 5603 1378 5679 Ultionem
1410 5603 1705 5679 perfectam

186 5675 368 5742 capiam
418 5692 482 5730 ex
517 5687 582 5748 te.
618 5697 637 5730 ι
701 5679 909 5747 Syriae.
973 5675 1359 5748 iSupplicium
1389 5675 1470 5748 (de
1519 5685 1570 5729 te
1613 5691 1709 5728 su-
1813 5677 1854 5732 L

190 5757 329 5809 mam,
362 5764 379 5797 ι
415 5758 519 5802 etc.
536 5747 642 5804 ‘Sic
671 5746 806 5804 belle
834 5746 1118 5804 Nobiliusi
1150 5767 1167 5799 ι
1199 5746 1354 5812 Quod
1381 5746 1588 5817 justum
1625 5753 1711 5800 est

189 5817 243 5868 de
273 5824 326 5883 te
365 5817 620 5874 auferam.
651 5837 670 5872 ι
731 5817 1009 5889 Significat
1059 5818 1319 5890 propheta
1343 5857 1358 5886 ,
1418 5817 1709 5885 ipsummet

1802 1941 1977 1997 titudo
2005 1942 2176 2012 regni.

1873 2115 2090 2172 XXXV.
2153 2135 2172 2169 ι
2212 2120 2390 2174 Iratus
2453 2133 2575 2174 sum
2637 2134 2800 2190 super
2850 2119 3107 2190 populum
3151 2135 3364 2185 meum;

1804 2205 2170 2260 eontaminavi
2213 2205 2583 2262 haereditatem
2631 2223 2827 2263 meam.
2877 2207 2989 2280 Ego
3031 2209 3152 2264 dedi
3184 2224 3278 2264 eos
3309 2209 3366 2264 in

1805 2308 1971 2348 manu
2005 2303 2128 2363 tua;
2164 2305 2221 2351 tu
2250 2313 2379 2353 vero
2417 2314 2524 2354 non
2551 2299 2744 2356 dedisti
2775 2300 2854 2355 eis
2897 2300 3360 2369 misericordiam;

1807 2396 1863 2440 tu
1889 2402 2018 2442 vero
2043 2404 2206 2459 super
2229 2390 2473 2447 seniores
2501 2394 2802 2463 aggravasti
2822 2393 3037 2465 jugum,
3065 2404 3118 2450 et
3143 2395 3356 2454 dixisti:

1806 2477 1863 2534 In
1915 2488 2174 2534 aeternum
2225 2497 2322 2538 ero
2365 2483 2604 2541 domina.
2655 2483 2772 2542 Non
2824 2487 3071 2557 cogitasti
3133 2489 3247 2544 haec
3311 2490 3366 2544 in

1806 2573 1972 2627 corde
2011 2580 2128 2639 tuo,
2159 2590 2260 2630 nec
2299 2577 2721 2633 novissimorum
2774 2579 3054 2635 recordata
3084 2596 3164 2637 es.
3218 2580 3376 2638 Nunc

1807 2675 1986 2722 autem
2015 2669 2141 2724 audi
2167 2671 2302 2736 haec,
2331 2669 2581 2736 delicata,
2614 2690 2734 2744 quae
2765 2675 2942 2740 sedes,
2971 2693 3093 2746 quae
3120 2676 3371 2743 conﬁdis,

1807 2775 1928 2830 qua:
1952 2760 2090 2816 dicis
2119 2761 2172 2815 in
2202 2763 2363 2817 corde
2388 2774 2480 2819 tuo
2503 2784 2516 2820 :
2539 2764 2648 2836 Ego
2671 2782 2813 2831 sum,
2841 2775 2896 2822 et
2925 2783 3034 2823 non
3065 2777 3148 2824 est
3171 2771 3371 2837 altera;

1807 2863 1860 2906 et
1894 2866 2000 2906 non
2028 2853 2226 2909 sedebo
2256 2855 2436 2921 vidua,
2465 2872 2638 2928 neque
2667 2859 2832 2913 sciam
2859 2859 3167 2916 orbitatem.
3218 2859 3375 2916 Nunc

1807 2952 1989 2998 autem
2033 2944 2255 3000 venient
2283 2961 2450 3016 super
2489 2956 2541 3002 te
2570 2949 2684 3003 haec
2711 2948 2820 3005 duo
2853 2951 2908 3006 in
2950 2967 3054 3006 una
3082 2951 3189 3015 die,
3226 2953 3375 3022 quod

1807 3034 1970 3089 vidua
1996 3035 2074 3091 sis
2111 3051 2176 3091 ac
2206 3037 2337 3092 orba
2373 3037 2578 3094 liberis.
2607 3037 2834 3095 Venient
2874 3050 3094 3112 repente
3127 3043 3179 3097 in
3212 3057 3376 3098 vene-

1810 3125 1934 3182 ﬁcio
1985 3135 2117 3190 tuo.
2176 3128 2231 3183 in
2281 3127 2598 3186 fortitudine
2663 3131 3090 3189 incantationum
3155 3144 3374 3189 tuarum

1812 3217 1986 3284 valde,
2021 3233 2116 3288 spe
2142 3217 2518 3276 fornicationis
2548 3229 2672 3276 tuae.
2707 3221 2785 3277 Tu
2821 3225 2965 3278 enim
2997 3224 3180 3280 dixisti
3215 3243 3228 3279 :
3262 3225 3375 3296 Ego

1812 3321 1956 3373 sum,
2003 3318 2058 3364 et
2095 3324 2204 3365 non
2248 3320 2333 3366 est
2379 3311 2568 3367 altera.
2613 3311 2679 3367 Et
2707 3313 2810 3368 erit
2838 3313 3126 3371 fornicatio
3153 3324 3245 3371 tua
3279 3317 3376 3370 tibi

1811 3399 2080 3465 confusio,
2137 3403 2281 3471 quod
2327 3403 2514 3458 dixisti
2571 3404 2627 3458 in
2675 3408 2838 3461 corde
2885 3415 2979 3462 tuo
3019 3424 3033 3460 :
3079 3407 3190 3477 Ego
3229 3425 3370 3464 sum.

1811 3487 1878 3543 Et
1911 3491 2093 3545 veniet
2136 3506 2301 3562 super
2345 3502 2396 3548 te
2441 3495 2692 3564 perditio,
2725 3504 2780 3551 et
2808 3498 3052 3566 nescies;
3097 3508 3150 3554 et
3194 3499 3370 3566 fovea,

1811 3593 1866 3639 et
1893 3585 2096 3639 incides
2150 3586 2204 3640 in
2251 3602 2390 3642 eam.
2441 3587 2508 3643 Et
2553 3590 2729 3644 veniet
2775 3605 2937 3660 super
2967 3599 3017 3646 te
3047 3593 3287 3657 miseria,
3321 3602 3376 3648 et

1813 3688 1922 3728 non
1945 3676 2149 3744 poteris
2179 3679 2381 3733 munda
2409 3679 2545 3734 ﬁeri.
2573 3678 2638 3734 Et
2661 3681 2840 3736 veniet
2869 3697 3034 3752 super
3069 3691 3120 3738 te
3153 3693 3375 3754 repente
3407 3727 3418 3743 .

1813 3764 2096 3833 interitus,
2131 3777 2184 3823 et
2217 3785 2324 3824 non
2358 3771 2643 3842 intelliges.
2670 3771 2764 3827 Sta
2790 3789 2933 3829 nunc
2964 3775 3016 3828 in
3047 3775 3372 3831 incantatio-

1813 3856 1974 3912 nibus
2007 3859 2135 3923 tuis,
2168 3868 2222 3914 et
2261 3861 2313 3914 in
2351 3861 2536 3917 multis
2565 3864 2841 3920 veneﬁciis
2883 3865 3012 3932 tuis,
3042 3882 3163 3936 qua:
3197 3868 3372 3922 disce-

1814 3949 1912 4004 bas
1951 3965 1982 4004 a
2004 3951 2287 4020 juventute
2311 3962 2435 4020 tua,
2473 3954 2520 4008 si
2549 3955 2752 4025 poteris
2784 3955 3049 4026 adjuvari.
3085 3957 3375 4015 Laborasti

1815 4041 1869 4096 in
1899 4043 2140 4100 consiliis
2171 4045 2279 4101 tuis
2306 4064 2318 4100 :
2348 4054 2493 4102 stent
2534 4055 2589 4103 et
2625 4047 2829 4103 salvam
2864 4057 2914 4104 te
2943 4048 3145 4106 faciant
3187 4060 3373 4106 astro-

1814 4136 1920 4207 logi
1969 4138 2092 4193 caeli
2137 4155 2150 4192 :
2195 4139 2286 4209 qui
2332 4140 2769 4210 eontemplantur
2810 4143 3014 4209 stellas,
3051 4147 3378 4202 annuntient

1815 4230 1912 4285 tibi
1955 4231 2085 4300 quid
2125 4230 2365 4286 futurum
2408 4233 2478 4288 sit
2516 4233 2679 4304 super
2722 4243 2794 4290 te.
2836 4235 2976 4292 Ecce
3020 4251 3209 4295 omnes
3257 4247 3378 4293 tan-

1814 4340 1977 4394 quam
2008 4325 2205 4396 stipula
2237 4326 2397 4396 ignis,
2425 4326 2505 4383 sic
2537 4328 2944 4396 comburentur,
2969 4340 3023 4385 et
3047 4346 3154 4385 non
3183 4342 3379 4388 eruent

1815 4419 2053 4474 animam
2103 4435 2256 4475 suam
2310 4421 2377 4474 de
2420 4419 2656 4476 ﬂamma.
2711 4421 3160 4492 Quandoquidem
3208 4422 3378 4478 habes

1748 4530 1789 4584 ο
1817 4512 2081 4568 carbones
2113 4513 2271 4582 ignis,
2302 4514 2430 4569 sede
2456 4528 2620 4585 super
2643 4530 2736 4572 eos
2762 4532 2776 4568 :
2816 4516 2895 4570 sic
2933 4516 3058 4570 inde
3078 4515 3376 4585 juvaberis.

1817 4601 2100 4659 Laborasti
2146 4605 2202 4660 in
2235 4605 2539 4661 mutatione
2590 4614 2682 4661 tua
2729 4621 2759 4662 a
2783 4606 3085 4677 juventute.
3123 4605 3298 4661 Homo
3322 4605 3381 4660 in

1818 4694 2110 4766 semetipso
2149 4698 2350 4754 erravit
2385 4716 2400 4754 :
2435 4699 2532 4754 tibi
2567 4707 2746 4754 autem
2798 4714 2908 4754 non
2938 4699 3042 4754 erit
3081 4698 3232 4754 salus
3251 4697 3316 4752 “.
3350 4713 3375 4750 ι

1814 4975 1983 5031 Deum
2039 4977 2268 5030 ultorem
2323 4971 2458 5039 fore,
2490 4989 2591 5029 nec
2625 4975 2748 5030 aliis
2788 4976 3049 5030 tradendo
3100 4975 3381 5031 ulturum:

1813 5046 1958 5117 quod
1987 5045 2203 5117 gravius
2236 5044 2302 5098 ad
2337 5053 2639 5117 terrorem.
2659 5045 2746 5099 Sic
2769 5045 2972 5117 Paulus
2997 5045 3160 5117 Hebr.
3198 5063 3252 5110 ι,
3273 5045 3335 5099 21
3362 5063 3379 5100 :

1813 5114 1844 5240 li
1869 5114 2209 5170 Horrendum
2244 5121 2328 5170 est
2361 5115 2597 5170 incidere
2630 5116 2682 5169 in
2718 5133 2910 5172 manus
2946 5116 3038 5172 Dei
3067 5116 3317 5171 viventis.
3353 5133 3375 5167 ι

1836 5202 1964 5240 neu.
2763 5199 2770 5207 -

1836 5202 1964 5240 DEI.
2763 5199 2770 5207 '

1885 5255 1996 5326 (74)
2033 5255 2289 5325 Ἐμίανα.
2322 5252 2412 5310 Sic
2440 5255 2616 5324 palam
2645 5252 2866 5310 Ilehraaa
2895 5271 2958 5311 ac
2987 5255 3178 5326 reliqui
3208 5257 3387 5326 Interf

1816 5323 2192 5396 pretes;!_‘nec
2244 5326 2348 5396 nisi
2398 5323 2583 5396 errore
2643 5326 2901 5394 scriptum
2951 5323 3200 5396 ἐμίανας,
3235 5323 3380 5393 quod

1815 5393 2002 5452 Graeca
2030 5394 2188 5466 Vulg.
2206 5395 2439 5466 habent.
2487 5393 2697 5450 Passim
2728 5393 2964 5451 occurrit
2985 5393 2995 5396 ⁷
3015 5398 3067 5449 in
3098 5395 3380 5466 Scriptura

1812 5467 1866 5521 in
1908 5465 2155 5536 persona
2200 5465 2294 5536 Dei
2362 5466 2801 5536 sic_ulciscentis
2829 5508 2845 5534 ,
2913 5476 2967 5521 et
3014 5465 3376 5535 permittentis

1812 5533 2000 5592 sancta
2031 5535 2411 5591 contaminari.
2455 5533 2604 5590 lnam.

1858 5607 1994 5731 ἐξ)
2040 5603 2314 5676 ’ορφανή.
2364 5606 2636 5674 Combef.,
2669 5603 2950 5678 ὀρφανίαν.
3009 5602 3100 5660 Sic
3129 5611 3184 5658 et
3233 5603 3371 5672 apu'l

2025 5749 2228 5805 Ἔσται
2271 5763 2410 5804 σου.
2434 5745 2536 5816 ld.,
2560 5745 2709 5800 ἐσται
2741 5761 2842 5798 σοι.
