3830 7152
509 343 608 398 ,55

1135 341 1193 398 S.
1237 338 1594 395 HIPPOLYTI
1634 339 1784 395 OPP.
1827 335 2005 393 PARS
2043 333 2106 389 II.
2147 346 2216 375 —'
2255 333 2558 392 DOGMAT.
2598 331 2688 388 ΕΤ
2727 328 3070 388 HISTORIC.
3597 327 3677 384 756

505 461 628 516 llaec
661 461 877 533 quidem
911 460 1006 515 tibi
1039 458 1209 517 Isaias
1238 461 1601 516 vaticinatur:
1627 461 1905 517 videamus
1937 474 2057 514 num

2172 475 2263 512 σου
2279 457 2342 512 ἐκ
2357 457 2624 528 νεότητος.
2647 454 2963 528 Ἀνθρωπος
2976 450 3096 506 καθ’
3112 447 3299 504 ἑαυτὸν
3311 445 3564 518 ἐπλάγχθη
3577 449 3678 519 (π)-

401 591 425 613 .
502 565 557 610 et
582 553 820 611 Joannes
845 553 1042 611 similia
1070 553 1285 611 locutus
1311 555 1400 611 sit.

580 829 819 890 XXXVI.
851 832 952 890 Hic
982 835 1133 890 enim
1165 851 1291 894 cum
1323 836 1379 892 in
1406 836 1600 893 Patmo
1627 838 1802 894 insula
1825 852 2069 894 versare-

506 930 615 986 tur,
651 925 796 981 videt
827 929 1192 1000 apocalypsim
1241 945 1349 999 qua
1384 929 1595 985 detecta
1629 930 1897 984 horrenda
1949 945 2068 1001 my-

503 1014 687 1080 SIeria,
738 1031 910 1086 eaque
948 1033 1198 1084 narrans,
1244 1019 1408 1074 etiam
1463 1019 1600 1076 alios
1633 1019 1837 1076 aﬂ‘atim
1886 1019 2065 1078 docet.

504 1105 625 1171 Dic,
655 1121 860 1177 quaeso,
877 1111 1032 1167 beate
1052 1111 1287 1169 Joannes
1309 1113 1555 1184 apostolc
1583 1123 1637 1169 et
1673 1113 1886 1169 Domini
1911 1115 2069 1170 disci—

503 1200 646 1268 pule,
680 1202 937 1270 quidnam
965 1204 1162 1260 audisti
1191 1214 1242 1261 et
1282 1205 1466 1263 vidisti
1505 1207 1573 1262 de
1609 1205 1919 1278 Babylone?
1960 1205 2068 1261 Ex-

504 1294 813 1362 pergiscere
842 1305 896 1350 et
930 1297 1150 1368 loquere
1192 1317 1206 1353 :
1271 1314 1396 1353 nam
1427 1308 1480 1354 et
1511 1300 1626 1355 hate
1648 1308 1700 1355 te
1729 1300 1784 1354 in
1810 1299 2064 1355 exsilium

505 1383 780 1454 relegavit.
852 1405 871 1438 α
897 1386 963 1442 Ει
993 1389 1138 1444 venit
1183 1405 1326 1446 unus
1375 1390 1442 1446 de
1473 1400 1677 1461 septem
1734 1391 1940 1463 angelis
1972 1391 2067 1462 qui

505 1473 782 1532 habebant
829 1487 1035 1548 septem
1064 1481 1297 1550 phialas,
1352 1491 1407 1537 et
1433 1483 1647 1540 locutus
1669 1492 1754 1539 est
1785 1483 1942 1548 mihi,
1983 1484 2068 1539 di-

500 1579 630 1619 cens
659 1583 672 1619 :
712 1563 863 1630 Veni,
887 1568 1171 1623 ostendam
1209 1569 1307 1624 tibi
1334 1569 1737 1625 damnationem
1764 1571 2067 1628 meretricis

499 1671 732 1728 magnae,
793 1675 914 1728 quae
956 1660 1107 1716 sedet
1149 1677 1314 1732 super
1364 1679 1536 1734 aquas
1568 1665 1785 1728 multas,
1811 1680 1934 1721 cum
1958 1680 2066 1736 qua

500 1745 748 1804 fornicati
804 1759 932 1805 sunt
980 1767 1139 1822 reges
1170 1760 1347 1820 terrae,
1381 1763 1436 1809 et
1494 1754 1747 1810 inebriati
1791 1766 1920 1812 sunt
1970 1757 2065 1827 qui

2171 547 2254 601 col
2291 547 2347 601 δὲ
2386 547 2486 600 οὐκ
2529 546 2643 599 ἐστι
2685 544 2947 616 σωτηρία.
2973 562 3000 594 ι·
3041 540 3226 595 Ταῦτα
3270 538 3364 610 μὲν
3400 539 3683 608 προφητεύει

2169 657 2252 694 σοι
2289 639 2516 702 Ἡσαΐας
2533 655 2549 670 ο
2581 637 2776 708 ἴδωμεν
2799 635 2854 690 δὲ
2879 637 2926 688 εί
2951 635 3019 688 τὰ
3049 634 3210 704 ὃμοια
3235 629 3409 684 αὐτῶν
3437 627 3685 698 ἐφθέγξατο

2167 733 2196 786 6
2233 731 2504 802 Ἰωάννης.

2238 839 2405 907 Οὗτος
2432 842 2541 915 γὰρ
2562 845 2620 896 ὲν
2654 841 2861 914 Πάτμῳ
2889 841 2958 912 τῇ
3007 840 3152 912 νήσῳ
3184 838 3286 904 ὣν,
3336 838 3436 909 ὁρᾷ
3460 837 3687 892 ἀποκάλυ-

2166 933 2259 1004 ψιν
2287 935 2598 1006 μυστηρίων
2629 933 2892 1005 φρικτῶν,
2925 931 3081 985 ἅτινα
3110 929 3458 1001 διηγούμενος
3487 928 3688 998 ἀφθόνως

2167 1025 2262 1079 καὶ
2305 1023 2526 1096 ἑτέρους
2582 1024 2843 1078 διδάσκει.
2877 1023 3017 1091 Λέγε
3059 1037 3168 1092 μοι,
3207 1021 3440 1092 μακάριε
3492 1021 3688 1090 Ἰωάννη,

2167 1117 2428 1172 ἀπόστολε
2461 1117 2557 1171 καὶ
2591 1116 2806 1188 μαθητά
2831 1115 2925 1170 τοῦ
2955 1115 3180 1186 Κυρίου,
3215 1114 3270 1166 τί
3303 1109 3435 1176 εἶδες
3458 1114 3542 1165 καὶ
3561 1113 3690 1183 ἧκον·

2169 1227 2268 1274 σας
2293 1210 2421 1282 περὶ
2451 1209 2801 1275 Βαϐυλῶνος;
2828 1208 3176 1281 Γρηγόρησον
3208 1205 3303 1259 καὶ
3337 1204 3472 1257 εἰπέ·
3501 1204 3584 1257 καὶ
3607 1205 3691 1273 γὰρ

2165 1303 2302 1374 αὐτή
2333 1320 2394 1356 σε
2452 1303 2696 1374 ἐξώρισε.
2742 1321 2760 1355 ‹
2790 1303 2898 1356 Kal
2927 1297 3089 1372 ἦλθεν
3124 1293 3207 1362 εἷς
3244 1299 3310 1351 ἐκ
3337 1297 3441 1349 τῶν
3467 1295 3589 1349 ἐπτά
3615 1296 3693 1366 ἀγ-

2165 1395 2338 1464 γέλων
2363 1393 2473 1448 τῶν
2519 1392 2750 1465 ἑχόντων
2802 1391 2900 1457 τὰς
2933 1391 3072 1445 ὲπτά
3099 1391 3321 1460 φιάλας,
3364 1387 3455 1441 καὶ
3501 1387 3692 1458 ὲλάλησέ

2169 1501 2259 1556 μοι
2305 1485 2494 1554 λέγων’
2530 1485 2719 1557 Δεῦρο,
2749 1485 2905 1551 δείξω
2960 1500 3042 1537 σοι
3086 1482 3146 1535 τὸ
3175 1484 3355 1552 κρῖμα
3402 1480 3494 1550 τῆς
3527 1478 3692 1548 πόρνης

2165 1577 2264 1648 τῆς
2289 1577 2548 1648 μεγάλης,
2606 1578 2706 1648 τῆς
2757 1575 3074 1647 καθημένης
3107 1575 3201 1628 ἐπὶ
3255 1572 3459 1626 ὑδάτων
3505 1570 3689 1637 πολλῶν,

2168 1670 2288 1742 μεθ’
2316 1664 2383 1742 ἦς
2415 1670 2748 1742 ἐπόρνευσαν
2782 1670 2830 1722 οἱ
2861 1668 3097 1740 βασιλεῖς
3127 1666 3227 1738 τῆς
3255 1666 3383 1735 γῆς,
3417 1663 3508 1716 καὶ
3533 1662 3692 1733 ὲμεθὺο

2170 1763 2376 1835 σθησαν
2427 1763 2475 1816 οἱ
2506 1761 2883 1826 κατοικοῦντες
2917 1761 3016 1831 τὴν
3067 1759 3170 1830 γῆν
3203 1761 3272 1812 ὲκ
3317 1754 3412 1810 τοῦ
3464 1754 3591 1808 οἴνου
3617 1754 3693 1823 τῆς

496 1839 802 1896 inhabitant
859 1852 1087 1910 terram,
1137 1844 1205 1900 de
1231 1845 1356 1900 vino
1405 1848 1805 1916 prostitutionis
1830 1849 1967 1919 ejus.
2001 1849 2057 1904 Et

2168 1855 2422 1927 πορνείας
2466 1854 2654 1924 αὐτῆς.
2689 1855 2796 1906 Kal
2853 1852 3129 1923 ἀπήνεγκέ
3192 1867 3263 1922 με
3312 1850 3392 1913 είς
3436 1848 3615 1918 ἔρημον
3650 1848 3693 1900 ἐν

425 1973 436 1986 .
499 1929 722 1985 abstulit
752 1947 839 1987 me
868 1933 922 1987 in
965 1934 1160 2004 Spiritu
1204 1936 1257 1990 in
1300 1935 1609 1992 desertum:
1643 1949 1698 1994 et
1736 1937 1846 1994 vidi
1875 1939 2065 1995 mulie-

497 2036 612 2076 rem
665 2023 940 2079 sedentem
991 2040 1155 2096 super
1204 2026 1434 2082 bestiam
1485 2030 1818 2096 coccincam,
1849 2033 2063 2102 plenam

497 2113 814 2170 nominibus
843 2116 1213 2185 blasphemiae,
1260 2119 1546 2176 habentem
1579 2124 1756 2192 capita
1785 2136 1989 2196 septem
2013 2139 2066 2184 et

496 2220 704 2260 cornua
732 2206 940 2262 decem.
990 2208 1055 2263 Et
1089 2211 1285 2266 mulier
1343 2221 1463 2269 erat
1506 2217 1702 2271 amicta
1747 2235 1988 2290 purpura
2012 2235 2066 2278 et

496 2297 744 2364 coccino,
777 2306 830 2354 et
860 2299 1112 2358 inaurata
1143 2319 1286 2359 auro
1305 2314 1357 2361 et
1382 2307 1560 2378 lapide
1586 2312 1825 2380 pretioso
1847 2323 1898 2368 et
1920 2329 2064 2369 mar-

497 2387 709 2456 garitis,
742 2389 952 2447 habens
974 2395 1228 2463 poculum
1253 2411 1478 2453 aureum
1510 2399 1565 2454 in
1599 2416 1763 2457 manu
1804 2419 1903 2459 sua
1947 2405 2064 2474 ple-

497 2495 626 2534 num
669 2480 1178 2552 abominationibus,
1199 2495 1253 2542 et
1275 2488 1644 2551 immunditias
1682 2492 2064 2553 fornicationis

493 2581 672 2627 terra.
711 2571 766 2628 ln
795 2573 970 2630 fronte
996 2577 1115 2648 ejus
1145 2594 1340 2634 nomen
1377 2583 1637 2652 scriptum
1668 2603 1680 2638 :
1712 2584 2058 2657 Mysterium;

499 2659 741 2733 Babylon
776 2680 995 2736 magna,
1041 2675 1214 2723 mater
1268 2671 1658 2725 scortationunt
1694 2679 1750 2727 et
1778 2673 2062 2729 abomina-

491 2752 700 2809 tionum
726 2763 901 2810 terrae.

563 2868 828 2925 XXXVII.
866 2889 886 2924 ι
909 2870 975 2925 Ει
997 2872 1107 2927 vidi
1141 2875 1422 2931 mulierem
1458 2876 1662 2931 ebriam
1697 2875 1765 2931 de
1799 2876 2062 2948 sanguine

493 2969 832 3027 sanctorum,
867 2973 921 3016 et
951 2963 1017 3016 de
1047 2965 1310 3033 sanguine
1366 2976 1664 3038 martyrum
1693 2964 1845 3023 Jesu.
1871 2965 1939 3021 Et
1965 2966 2063 3021 mi-

493 3060 649 3108 ratus
696 3068 820 3109 sum
877 3054 1070 3111 videns
1101 3056 1271 3119 illam,
1324 3057 1683 3114 admiratione
1731 3075 1948 3130 magna.
1993 3057 2062 3113 Et

491 3144 628 3199 dixit
653 3144 786 3199 mihi
819 3147 1044 3216 angelus
1089 3167 1102 3202 :

492 3245 890 3291 sacramentum
921 3239 1163 3294 mulieris
1200 3247 1256 3294 et
1286 3240 1474 3297 bestiae
1519 3257 1640 3311 qua:
1681 3243 1827 3298 illam
1858 3253 2056 3314 portat,

491 3343 612 3400 qua:
635 3327 798 3382 habet
822 3329 999 3398 capita
1048 3339 1252 3400 septem
1304 3341 1358 3386 et
1393 3346 1598 3388 cornua
1637 3333 1846 3389 decem.
1880 3334 2056 3392 Bestia

491 3431 655 3486 quam
689 3417 897 3484 vidisti,
932 3428 1071 3484 erat,
1099 3429 1155 3474 et
1175 3437 1281 3475 non
1306 3431 1388 3477 est
1419 3439 1435 3478 :
1491 3422 1844 3494 futurumque
1871 3435 1954 3481 est
1998 3433 2062 3481 ut

489 3509 748 3566 ascendat
779 3509 847 3564 de
875 3511 1094 3582 abysso,
1135 3523 1190 3568 et
1227 3514 1280 3567 in
1323 3515 1599 3570 interitum
1630 3524 1738 3572 eat.
1775 3515 1844 3572 Et
1891 3516 2059 3573 mira-

490 3604 695 3658 huntur
723 3603 1095 3660 inhabitantes
1127 3614 1326 3660 terram
1357 3605 1610 3676 (quorum
1643 3624 1753 3664 non
1796 3611 2055 3681 scriptum

487 3706 570 3750 est
607 3711 806 3751 nomen
834 3697 884 3750 in
919 3697 1058 3754 libro
1088 3698 1210 3753 vitae
1249 3714 1278 3753 a
1308 3699 1694 3756 constitutione
1725 3703 1934 3774 mundi)
1972 3704 2056 3758 vi-

487 3789 677 3844 dentes
705 3788 934 3846 bestiam
983 3805 1106 3860 quae
1162 3800 1301 3858 crat,
1331 3798 1385 3846 et
1437 3807 1544 3848 non
1568 3801 1670 3857 est,
1703 3803 1758 3851 et
1785 3809 1906 3864 qua:
1935 3812 2057 3853 ven-

489 3889 609 3935 tura
643 3892 743 3936 CSI.

557 3993 842 4051 XXXVIII.
872 4016 890 4048 ι
915 3995 1014 4052 llic
1040 4012 1253 4064 sensus,
1281 3999 1375 4069 qui
1408 3999 1568 4054 habet
1589 4001 1929 4071 sapientiam.
1961 4001 2056 4059 Se-

489 4099 632 4155 ptem
665 4089 864 4158 capita,
897 4097 1103 4160 septem
1131 4100 1342 4146 montes
1379 4100 1527 4158 sunt,
1575 4108 1739 4164 super
1766 4111 1903 4165 quos
1934 4112 2056 4151 mu-

489 4179 590 4232 lier
610 4179 788 4246 sedet;
817 4189 872 4235 et
924 4196 1078 4251 reges
1127 4193 1329 4253 septem
1383 4194 1531 4240 sunt.
1568 4185 1818 4258 Quinque
1846 4191 2055 4246 cecide-

487 4277 615 4323 runt
641 4289 653 4323 :
687 4285 832 4324 unus
858 4280 1038 4326 autem
1062 4280 1165 4338 est,
1193 4274 1328 4328 alter
1358 4276 1600 4330 nondum
1632 4280 1814 4345 venit;
1845 4289 1899 4333 et
1928 4295 2052 4336 cum

484 4363 711 4428 venerit,
763 4371 978 4433 oportet
1025 4363 1176 4417 illum
1240 4365 1404 4421 breve
1443 4377 1656 4438 tempus
1709 4385 1949 4426 manere.
1989 4372 2055 4428 Et

481 4453 679 4521 bestia,
709 4469 832 4524 quae
854 4464 970 4510 erat
994 4464 1050 4510 et
1074 4471 1185 4510 non
1213 4465 1316 4521 est,
1343 4467 1396 4512 et
1418 4458 1533 4527 ipsa
1557 4471 1748 4516 octava
1774 4473 1874 4529 est,
1903 4474 1956 4519 et
1985 4465 2052 4521 de
2080 4499 2130 4558 υ

483 4553 689 4613 septem
719 4555 825 4611 est,
855 4559 908 4602 et
936 4545 990 4600 in
1021 4545 1298 4602 interitum
1324 4548 1491 4604 vadit.
1539 4548 1606 4605 Et
1631 4551 1816 4608 decem
1848 4569 2052 4610 cornua

481 4653 604 4706 quae
640 4639 844 4704 vidisti,
865 4640 1050 4695 decem
1083 4655 1239 4710 reges
1258 4649 1406 4706 sunt,
1430 4643 1526 4712 qui
1554 4658 1779 4714 regnum
1807 4647 2048 4701 nondum

481 4741 828 4801 acceperunt,
889 4733 984 4788 sed
1045 4742 1363 4803 potestatem
1419 4745 1678 4806 tanquam
1734 4753 1887 4807 reges
1943 4755 2050 4794 una

361 4857 382 4868 κ
482 4822 618 4876 hora
671 4823 938 4893 accipient
983 4839 1108 4879 cum
1159 4824 1351 4880 bestia.
1399 4826 1464 4882 Hi
1494 4845 1658 4883 unam
1713 4831 2047 4886 voluntatem

484 4913 704 4976 habent,
735 4925 786 4970 et
814 4918 1068 4975 virtutem
1105 4931 1158 4976 et
1184 4931 1504 4992 potestatem
1533 4938 1688 4978 suam
1720 4923 1909 4978 bestia:
1939 4933 2053 4978 tra-

482 5007 630 5063 dent.
659 5007 724 5062 Hi
751 5025 872 5064 cum
906 5013 1059 5081 Agno
1095 5015 1434 5084 pugnabunt,
1459 5025 1512 5071 et
1534 5015 1721 5086 Agnus
1761 5015 1940 5071 vincet
1983 5017 2050 5071 il-

481 5100 602 5168 los;
644 5102 904 5172 quoniam
948 5104 1212 5161 Dominus
1255 5107 1601 5162 dominorum
1625 5116 1728 5173 est,
1757 5116 1929 5163 etrex
1957 5123 2047 5164 re-

548 5319 660 5390 (77)
732 5319 1092 5389 'Esudrzan.
1146 5320 1246 5386 ld.,
1289 5321 1587 5393 ἐπλανήθη.
1644 5319 1708 5376 Et
1747 5337 1899 5386 mox,
1948 5322 2050 5377 οὐκ

475 5391 647 5444 ἔσται.

545 5460 656 5530 (78)
711 5461 821 5515 Kal
864 5460 938 5534 τὰ
974 5460 1294 5534 ἀκάθαρτα.
1322 5459 1557 5534 Reliqui,
1587 5462 2048 5534 ἀκαθαρτότητος,

476 5546 598 5604 «uiae
649 5547 762 5604 vos
801 5533 936 5587 satis
985 5533 1141 5587 dura.
1185 5532 1292 5588 Pro
1341 5532 1443 5601 τῆς
1492 5534 1630 5604 γῆς,
1694 5532 1892 5604 reliqui
1921 5532 2048 5604 αὐ-

476 5599 596 5670 τῆς·
645 5601 904 5672 Syriacus
958 5613 1141 5657 tamen
1192 5599 1515 5662 «terramu‘
1549 5599 1706 5672 quasi
1744 5599 1904 5658 aliam
1952 5603 2042 5658 lit-

479 5679 650 5743 teram
685 5671 825 5743 hanc
856 5673 1125 5739 habuerit,
1169 5674 1252 5727 vel
1303 5673 1526 5728 alterius
1562 5671 2036 5743 supplementum;

475 5756 536 5793 ac
570 5739 616 5793 si
649 5742 894 5812 mulieris
939 5743 1304 5808 immunditia,
1342 5743 1458 5812 ipsa
1486 5739 1646 5798 terrai
1669 5739 2040 5801 'immunditia

473 5812 616 5867 dicta
659 5810 747 5867 sit.
796 5812 888 5871 Sic
919 5815 1065 5870 enim
1106 5810 1500 5883 comparatum,
1555 5824 1611 5871 ut
1663 5815 1812 5871 labes
1835 5831 1900 5871 ex
1931 5831 2040 5872 uno

1163 3146 1274 3202 Cur
1319 3148 1581 3205 miraris?
1608 3150 1720 3222 Ego
1747 3152 1922 3207 dicam
1957 3151 2052 3207 tibi
2081 3151 2124 3208 Ο

2168 1947 2456 2018 πνεύματι·
2486 1947 2582 2000 καὶ
2614 1940 2758 1998 εἶδον
2804 1946 3038 2013 γυναῖκα
3069 1940 3392 2012 καθημένην
3424 1941 3511 1994 ἐπὶ
3544 1939 3692 2011 θηρίον

2165 2033 2438 2098 κόκκινον,
2469 2032 2638 2104 γέμον
2670 2031 2948 2103 ὀνομάτων
3005 2029 3379 2102 βλασφημίας,
3424 2029 3536 2099 ἔχον
3563 2047 3694 2096 κεφα-

2165 2121 2261 2186 λὰς
2290 2121 2430 2176 ὲπτά
2481 2121 2575 2174 καὶ
2611 2121 2815 2193 κέρατα
2853 2120 3003 2174 δέκα.
3040 2119 3151 2173 Kal
3195 2121 3230 2191 ἡ
3265 2117 3404 2190 γυνὴ
3431 2114 3496 2190 ἦν
3526 2119 3695 2190 περιϐε·

2167 2216 2412 2288 ϐλημένη
2475 2213 2786 2287 πορφυροῦν
2859 2213 2952 2266 καὶ
3019 2213 3295 2276 κόκκινον,
3352 2213 3691 2284 κεχρυσωμένη

2166 2308 2372 2381 χρυσῷ,
2400 2308 2495 2363 καὶ
2547 2307 2677 2378 λίθῳ
2727 2306 2914 2377 τιμίῳ,
2949 2307 3042 2359 καὶ
3097 2304 3489 2376 μαργαρίταις,
3535 2300 3692 2374 ἔχουσα

2166 2403 2422 2474 ποτήριον
2445 2398 2676 2473 χρυσοῦν
2705 2399 2764 2452 ὲν
2793 2400 2860 2469 τῇ
2884 2398 3026 2469 χειρλ¹
3052 2397 3225 2468 αὐτῆς
3243 2397 3413 2467 γέμον
3441 2393 3693 2466 βδελυγμά-

2164 2515 2292 2563 των,
2317 2497 2504 2552 καὶτὰ
2535 2495 2821 2568 ἀκάθαρτα
2855 2495 2964 2566 (78)
3019 2494 3114 2565 τῆς
3147 2493 3409 2565 πορνείας
3466 2492 3557 2560 τῆς
3595 2492 3675 2561 τῆς

2175 2591 2298 2644 Ἐπὶ
2325 2590 2386 2644 τὸ
2412 2590 2660 2661 μέτωπον
2693 2588 2861 2658 αὐτῆς
2887 2588 3056 2657 ὄνομα
3075 2584 3483 2657 γεγραμμένον·
3514 2583 3692 2652 Macri;-

2167 2700 2297 2755 ριον”
2331 2681 2641 2754 Βαϐυλὼνή
2683 2681 2914 2753 μεγάλη,
2947 2681 2980 2750 ἡ
3016 2679 3197 2752 μήτηρ
3260 2677 3371 2730 τῶν
3405 2673 3598 2748 πορνῶν
3620 2675 3692 2727 καὶ

2161 2773 2269 2829 τῶν
2297 2774 2677 2846 βδελυγμάτων
2705 2773 2806 2843 τῆς
2832 2771 2957 2840 γῆς.

2235 2907 2256 2942 ‹
2282 2890 2392 2942 Kal
2419 2884 2557 2943 εἶδον
2579 2888 2676 2960 τὴν
2702 2889 2933 2957 γυναῖκα
2967 2885 3272 2957 μεθύουσαν
3301 2884 3367 2937 ὲκ
3389 2881 3479 2936 τοῦ
3505 2881 3692 2951 αἵματος

2159 2979 2266 3034 τῶν
2293 2979 2486 3048 ἁγίων,
2515 2978 2610 3032 καὶ
2663 2979 2727 3031 ὲκ
2753 2975 2847 3030 τοῦ
2898 2976 3124 3047 αἵματος
3151 2974 3261 3028 τῶν
3299 2972 3576 3044 μαρτύρων
3617 2968 3688 3021 τοῦ

2173 3070 2366 3142 Ἰησοῦ’
2403 3070 2496 3124 καὶ
2545 3068 2830 3140 ἐθαύμασα
2861 3067 2983 3120 ίδὼν
3011 3067 3199 3138 αὐτὴν,
3233 3065 3423 3136 θαῦμα
3453 3059 3691 3134 μέγα.Καὶ

2158 3158 2278 3217 εἶπέ
2327 3179 2417 3235 μοι
2445 3163 2474 3214 6
2507 3161 2753 3231 ἄγγελοςο
2780 3159 2931 3212 Διατί
2965 3158 3312 3230 ὲθαύμασας;
3356 3155 3492 3224 Ἐγὼ
3516 3152 3609 3224 ἐρῶ
3627 3168 3688 3206 σοι

2160 3254 2222 3308 τὺ
2250 3256 2544 3326 μυστήριον
2573 3254 2673 3324 τῆς
2705 3250 2961 3321 γυναικὸς
2993 3250 3087 3303 καὶ
3113 3247 3206 3303 τοῦ
3243 3247 3458 3319 θηρίου,
3501 3243 3586 3297 τοῦ
3612 3242 3687 3312 βα-

2163 3345 2448 3410 στάζοντος
2478 3344 2668 3415 αὐτὴν,
2699 3341 2792 3397 τοῦ
2820 3340 3032 3412 ἔχοντος
3067 3341 3166 3404 τάς
3198 3339 3341 3392 ὲπτά
3373 3333 3597 3406 κεφαλὰς
3617 3331 3688 3386 καὶ

2158 3437 2226 3492 τά
2273 3437 2404 3491 δέκα
2455 3435 2681 3507 κέρατα.
2717 3435 2790 3488 Τὸ
2851 3433 3038 3504 θηρίον
3091 3431 3120 3484 ὃ
3173 3424 3347 3494 εἶδες,
3376 3424 3462 3500 ἦν,
3493 3424 3577 3480 καὶ
3611 3423 3686 3475 οὐκ

2159 3527 2295 3582 ἔστι·
2333 3527 2428 3581 καὶ
2463 3525 2644 3597 μέλλει
2673 3525 2982 3579 ἀναϐαίνειν
3018 3523 3084 3575 ὲκ
3112 3522 3212 3592 τῆς
3249 3519 3506 3580 ἀϐύσσου,
3525 3514 3606 3568 καὶ
3625 3511 3686 3574 είς

2159 3619 2435 3676 ἀπώλειαν
2463 3617 2714 3688 ὑπάγειν.
2763 3618 2874 3672 Καὶ
2909 3614 3279 3688 θαυμάσουσιν
3319 3613 3370 3666 οἱ
3413 3605 3685 3663 κατοικοῦν-

2156 3727 2249 3774 τες
2277 3709 2376 3780 τὴν
2405 3709 2530 3780 γῆν,
2585 3700 2660 3761 ὧν
2687 3708 2750 3761 οὐ
2805 3706 3113 3780 γέγραπται
3143 3703 3204 3756 τὸ
3232 3703 3404 3773 ὄνομα
3458 3701 3513 3752 ἐν
3553 3694 3683 3768 βίϐλῳ

2157 3801 2256 3872 τῆς
2307 3800 2453 3870 ζωῆς
2499 3799 2607 3854 ἀπὸ
2668 3797 2976 3867 καταϐολῆς
3031 3795 3260 3865 κόσμου,
3321 3792 3591 3863 βλέποντες
3636 3781 3684 3837 τὸ

2158 3891 2346 3966 θηρίον
2364 3934 2379 3959 ,
2410 3892 2439 3945 ὅ
2466 3909 2520 3946 τι
2547 3885 2636 3962 ἦν,
2670 3891 2765 3944 καὶ
2788 3889 2888 3942 οὐκ
2909 3887 3044 3952 ἔστι,
3075 3889 3167 3941 καὶ
3199 3886 3466 3957 παρέσται
3495 3880 3609 3951 (79).

2234 4025 2254 4060 ι
2297 4000 2426 4060 Ὦδε
2451 4006 2482 4058 6
2513 4004 2634 4068 νοῦς
2660 4006 2688 4058 6
2709 4003 2846 4074 ἔχων
2878 4002 3087 4072 σοφίαν.
3109 4002 3280 4055 Ἑπτά
3311 3997 3551 4068 κεφαλαὶ,
3578 3989 3686 4046 ἐπτά

2156 4101 2256 4174 ὅρη
2285 4101 2441 4164 εἰσὶν,
2472 4099 2604 4153 ὅπου
2633 4101 2667 4170 ή
2705 4097 2839 4170 γυνῆ
2883 4098 3114 4168 κάθηται
3153 4099 3242 4150 ἐπ’
3275 4096 3470 4150 αὐτῶν·
3499 4092 3582 4147 καὶ
3606 4090 3680 4160 βα-

2158 4192 2320 4258 σιλεῖς
2348 4192 2489 4245 ἑπτά
2519 4193 2676 4245 εἰσιν.
2711 4189 2777 4246 Ol
2834 4191 2991 4244 πέντε
3025 4189 3246 4253 ἔπεσαν,
3283 4191 3313 4241 ὁ
3350 4188 3406 4240 δὲ
3442 4181 3518 4248 εἷς
3544 4183 3680 4242 ἐστιν,

2155 4288 2184 4340 6
2215 4284 2371 4348 ἀλλος
2395 4283 2548 4337 οὔπω
2576 4279 2726 4355 mea
2763 4283 2856 4336 καὶ
2885 4284 3011 4336 ὅταν
3040 4281 3187 4352 ἔλθῃ,
3240 4281 3421 4349 ὀλίγον
3457 4276 3600 4331 αὐτόν
3621 4272 3684 4325 δεῖ

2157 4377 2354 4446 μεῖναι.
2387 4374 2498 4427 Kal
2553 4373 2612 4426 τὸ
2645 4371 2830 4443 θηρίον
2884 4370 2912 4423 6
2955 4370 3042 4440 ῆν,
3089 4369 3192 4422 οὐκ
3229 4367 3347 4420 ἐστι
3388 4365 3498 4437 fxal
3551 4358 3683 4419 αὐτὸς

2155 4466 2336 4536 ὄγδοός
2375 4463 2514 4536 ἐστι]
2545 4465 2638 4518 καὶ
2667 4466 2730 4517 ὲκ
2756 4462 2862 4516 τῶν
2890 4463 3027 4516 ἑπτά
3053 4463 3188 4525 ἐστι,
3219 4461 3315 4514 καὶ
3343 4461 3421 4524 είς
3451 4453 3681 4512 ἀπώλειαν

2160 4557 2379 4626 ὑπάγει.
2412 4555 2522 4609 Kal
2547 4554 2616 4608 τά
2651 4553 2782 4608 δέκα
2810 4553 3017 4625 κέρατα
3061 4552 3096 4606 ἃ
3125 4548 3285 4615 εἶδες,
3320 4552 3447 4604 δέκα
3482 4542 3680 4618 βασιλεῖς

2158 4653 2315 4715 εἰσιν,
2345 4649 2539 4712 οἵτινες
2565 4646 2841 4718 βασιλείαν
2885 4647 3037 4700 οῦπω
3070 4645 3279 4708 ἔλαϐον,
3335 4645 3446 4699 ἀλλ’
3473 4637 3680 4708 ἐξουσίαν

2155 4743 2231 4807 ώς
2262 4742 2496 4813 βασιλεῖς
2527 4740 2654 4812 μίαν
2680 4739 2828 4810 ὥραν
2859 4739 3193 4811 λαμϐάνουσι
3218 4737 3356 4808 μετά
3385 4733 3476 4789 τοῦ
3506 4729 3675 4803 θηρίου.

2156 4833 2268 4906 Τὴν
2302 4833 2430 4904 μίαν
2458 4830 2568 4902 (80)
2601 4828 2824 4901 γνώμην
2866 4829 3069 4900 ἔχουσι,
3119 4830 3212 4882 καὶ
3239 4827 3336 4898 τὴν
3360 4815 3677 4906 δύναμιν,κώ

2150 4903 2248 4997 τὴν
2303 4903 2550 4990 ἐξουσίαν
2608 4922 2787 4975 αὐτῶν
2841 4922 2919 4992 τῷ
2951 4921 3124 4994 θηρίῳ
3159 4921 3518 4974 διαδώσουσιν.
3548 4903 3675 4965 Οὗτοι

2156 5015 2296 5087 μετά
2325 5015 2421 5071 τοῦ
2451 5015 2640 5088 ἀρνίου
2670 5014 3058 5084 πολεμήσουσι,
3089 5012 3184 5065 καὶ
3207 5011 3268 5064 τὸ
3300 5009 3478 5081 ἀρνίον
3504 5002 3676 5067 νικήσει

2154 5108 2368 5174 αὐτούς·
2399 5109 2480 5163 ὅτι
2513 5107 2717 5180 Κύριος
2748 5105 2950 5178 κυρίων
2977 5103 3116 5169 ἐστὶ,
3164 5102 3256 5158 καὶ
3290 5099 3529 5174 βασιλεὺς
3550 5095 3674 5165 βασις

2157 5317 2362 5385 scorto,
2397 5321 2450 5375 in
2485 5320 2666 5391 plures
2698 5333 2762 5374 ac
2791 5317 2970 5387 ipsum
3015 5331 3168 5387 paene
3190 5314 3375 5372 orbem
3399 5311 3666 5366 diducatur.

2155 5393 2391 5448 Comum.

2227 5444 2470 5534 (—ill—iVKal
2502 5459 2818 5534 παρέσται.
2861 5458 2953 5534 Sic
2985 5457 3147 5534 etiam
3189 5456 3358 5534 codex
3393 5444 3666 5534 Alexallfl‘lh

2154 5525 2482 5607 et'vi'detur
2540 5525 2757 5607 optima
2805 5526 3195 5607 Icctio.__Vulg.
3256 5525 3668 5607 Graeanxaim‘g

2155 5604 2290 5657 ἐστί.
2342 5601 2533 5656 Latina
2577 5592 2938 5655 "desiderant.
2995 5596 3086 5668 Sic
3128 5592 3340 5668 quoque
3393 5592 3580 5664 Syriae.
3625 5592 3665 5636 ei

2147 5674 2365 5728 Arabic.
2409 5681 2679 5744 eventura
2710 5690 2728 5722 ι
2757 5667 3156 5744 habe_nt.lo_su.
3264 5737 3276 5744 _
3388 5733 3438 5744 Μ

2220 5743 2329 5814 (80.)
2389 5743 2508 5814 Τὴν
2533 5743 2701 5814 μίαν.
2747 5734 3167 5796 ϐοιῐιί)ρί.οὗτοι
3217 5737 3360 5810 μίαν.
3387 5733 3470 5790 Sic
3515 5733 3665 5783 textus

2148 5813 2384 5872 Griccus.
