3876 6340
200 361 286 418 737
1241 354 1330 411 DE
1367 351 1667 410 CIIRISTO
1707 351 1794 406 ET
1835 351 2315 410 ANTICHRISTO.

3294 360 3397 419 758

197 481 428 536 λευόντων
463 476 577 532 ἐστί
594 493 607 506 ⁸
645 474 740 529 καὶ
761 474 810 526 οἱ
847 475 962 546 μετ’
994 469 1180 537 αὐτοῦ,
1215 472 1420 546 κλητοὶ,
1456 472 1546 526 καὶ
1577 469 1720 523 ἐκλε-

1831 485 1996 538 gum;
2044 483 2097 527 et
2145 472 2237 542 qui
2291 489 2416 528 cum
2469 473 2583 543 illo,
2627 477 2836 544 vocati,
2892 479 3047 537 electi
3097 490 3151 537 et
3215 483 3398 544 lideles

195 575 313 639 κτοὶ,
341 572 427 626 καὶ
455 570 649 624 πιστοί.

257 687 274 718 ι
307 667 406 720 Kal
451 664 594 732 λέγει
627 679 740 734 μοι’
775 661 855 715 Τά
887 659 1054 715 ὕδατα
1083 659 1120 715 ἆ
1148 655 1304 727 εἶδες,
1339 652 1401 712 οὗ
1434 658 1722 731 κάθηταιή

195 763 361 833 πόρνη,
394 759 506 812 λαοὶ
558 757 648 811 καὶ
679 755 824 827 δχλοι
866 755 962 809 καὶ
1016 754 1143 826 ἔθνη
1178 753 1286 807 εἰσὶ
1329 753 1424 807 καὶ
1459 752 1722 823 γλῶσσαι.

193 856 283 907 Καὶ
305 853 367 906 τὰ
413 850 540 904 δέκα
600 849 807 921 κέρατα
838 848 875 903 ἃ
920 844 1083 913 εἶδες,
1115 847 1212 901 καὶ
1239 845 1301 900 τὺ
1345 845 1552 918 θηρίον,
1580 837 1725 898 οὗτοι

195 945 448 1017 μισήσουσι
519 940 618 1012 τὴν
671 940 916 1014 πόρνην,
975 940 1070 994 καὶ
1123 939 1495 1014 ἠρημωμένην
1553 938 1725 1009 αὐτὴν

193 1039 443 1107 ποιήσουσι
476 1035 569 1088 καὶ
622 1034 855 1106 γυμνὴν,
885 1032 980 1086 καὶ
1023 1031 1122 1096 τὰς
1167 1031 1376 1103 σάρκας
1419 1030 1590 1101 αὐτῆς
1617 1029 1724 1098 φά-

192 1145 367 1198 γονται,
399 1128 486 1180 καὶ
539 1127 706 1198 αὐτὴν
753 1124 1192 1178 κατακαύσουσιν
1227 1125 1284 1176 ὲν
1327 1121 1478 1193 πυρί.
1521 1121 1578 1174 'O
1615 1120 1725 1191 γὰρ

191 1221 298 1284 Θεὸς
324 1219 509 1272 ἔδωκεν
541 1220 618 1282 είς
645 1217 742 1290 τὴν
772 1215 994 1288 καρδίαν
1019 1214 1197 1270 αὐτῶν
1224 1214 1445 1285 ποιῆσαι
1470 1213 1568 1285 τὴν
1588 1212 1726 1281 γνώ-

194 1330 280 1384 μην
308 1311 482 1374 αὑτοῦ,
532 1311 627 1364 καὶ
683 1310 908 1380 ποιῆσαι
943 1307 1167 1380 γνώμην
1225 1307 1376 1380 μίαν,
1411 1307 1505 1360 καὶ
1543 1307 1724 1360 δοῦναι

190 1406 269 1475 τὴν
293 1402 553 1474 βασιλείαν
585 1402 766 1456 αὐτῶν
794 1401 872 1472 τῷ
905 1399 1098 1473 θηρίῳ,
1124 1399 1254 1472 ἄχρι
1305 1398 1724 1470 τελεσθήσονται

187 1497 227 1549 oi
252 1496 381 1564 λόγοι
405 1495 496 1548 τοῦ
527 1494 684 1549 Θεοῦ.
727 1495 836 1547 Kal
861 1494 895 1564 ή
923 1491 1060 1563 γυνὴ
1089 1492 1156 1563 ἢν
1182 1487 1344 1556 εἶδες,
1400 1491 1602 1561 ἐστὶνή
1631 1491 1726 1544 πό-

187 1589 308 1659 λιςή
338 1587 562 1660 μεγάλη,
595 1589 631 1658 ἡ
661 1586 860 1658 ἔχουσα
895 1585 1169 1656 βασιλείαν
1199 1583 1292 1638 ἐπὶ
1321 1583 1429 1639 τῶν
1463 1583 1725 1654 βασιλέων

157 1727 160 1736 .
185 1699 267 1752 της
297 1698 412 1752 γης.

229 1727 264 1825 Ἰ
450 1771 624 1825 ταῦτα
651 1766 787 1826 εἶδον
811 1771 968 1826 ἄλλον
990 1769 1218 1840 ἄγγελον
1243 1767 1639 1824 καταϐαίνοντα
1659 1766 1724 1820 ὲκ

182 1864 260 1918 τού
289 1862 528 1936 ούρανοῦ,
560 1862 753 1934 ἔχοντα
807 1863 1056 1929 ἐξουσίαν
1105 1859 1366 1940 μεγάλην·
1430 1859 1525 1913 καὶ
1570 1860 1605 1930 ἡ
1652 1858 1724 1929 γῆ

183 1955 420 2027 ἐφωτίσθη
451 1957 517 2009 ὲκ
573 1955 678 2027 τῆς
710 1955 868 2028 δόξης
912 1954 1098 2010 αὑτοῦ.
1145 1954 1257 2008 Καὶ
1304 1951 1531 2025 ἔκραξεν
1576 1952 1726 2021 ἰσχυ-

184 2050 238 2119 pi
266 2048 362 2118 (8ί)
396 2050 542 2120 φωνῇ
574 2048 808 2120 μεγάλῃ,
836 2047 1030 2117 λέγων·
1065 2049 1319 2112 Ἔπεσεν,
1354 2046 1516 2100 ἔπεσε
1545 2044 1724 2100 Βαϐυ-

179 2141 316 2212 λὼνή
347 2141 572 2212 μεγάλη,
609 2142 706 2195 καὶ⁸
733 2140 952 2211 ἐγένετο
990 2141 1408 2214 κατοικητήριον
1432 2137 1722 2210 δαιμόνων,

180 2234 259 2288 καὶ
278 2233 477 2304 φυλακὴ
524 2232 730 2296 παντὸς
759 2231 1067 2302 πνεύματος
1123 2230 1434 2302 ἀκαθάρτου
1479 2229 1596 2301 [καὶ
1626 2247 1726 2300 φυ-

179 2325 296 2398 λακὴ
331 2327 524 2392 παντὸς
584 2325 776 2398 ὀρνέου
810 2323 1168 2407 άκαθάρτου],
1198 2324 1292 2379 καὶ
1326 2325 1718 2396 μεμισημένουο

179 2418 244 2471 ὅτι
265 2420 324 2473 ἐκ
349 2418 440 2472 τοῦ
491 2419 640 2473 οῐνου
669 2417 762 2472 τοῦ
792 2416 965 2489 θυμοῦ
997 2418 1098 2489 τῆς
1148 2417 1403 2490 πορνείας
1429 2417 1596 2488 αὐτῆς
1624 2417 1724 2470 πέ-

181 2528 308 2564 πωκε
334 2512 504 2567 πάντα
546 2510 621 2564 τὰ
649 2511 796 2584 ἔθνη.
828 2511 942 2564 Καὶ
968 2511 1019 2565 οἱ
1063 2508 1301 2581 βασιλεῖς
1332 2511 1431 2581 τῆς
1459 2509 1562 2582 γῆς
1607 2511 1723 2581 μετ’

179 2601 328 2671 αὐτῆς
373 2602 731 2674 ἐπόρνευσαν,
765 2603 862 2656 καὶ¹
897 2603 944 2656 οί
995 2602 1230 2676 ἔμποροι
1261 2603 1359 2674 τῆς
1387 2602 1493 2673 γῆς
1535 2603 1600 2657 ἐκ
1627 2603 1725 2674 τῆς

179 2691 427 2765 δυνάμεως
479 2695 575 2749 τοῦ
647 2695 910 2767 στρήνους
966 2694 1137 2766 αὐτῆς
1200 2694 1557 2767 ἐπλούτησαν.
1613 2695 1725 2750 Kal

179 2784 358 2853 ηκουσα
383 2786 546 2859 ἄλλην
578 2787 762 2860 φωνὴν
787 2791 855 2842 ὲκ
883 2789 993 2843 τῶν
1021 2788 1264 2861 οὐρανῶν
1285 2788 1566 2858 λέγουσαν·
1609 2788 1725 2854 Ἐξ-

179 2876 336 2932 ἐλθετε
355 2879 412 2945 ἐξ
433 2880 630 2951 αὐτῆς,
660 2881 689 2935 ὁ
724 2880 852 2945 λαός
887 2898 1011 2952 μου,
1041 2881 1125 2934 ἵνα
1153 2881 1226 2954 μὴ
1255 2883 1724 2954 συγκοινωνήσητε

177 2972 278 3033 ταῖς
300 2970 590 3044 ἁμαρτίαις
617 2973 806 3044 αὐτῆς,
835 2973 929 3026 καὶ
953 2975 1018 3027 ἐκ
1051 2971 1159 3026 τῶν
1188 2971 1409 3044 πληγῶν
1437 2973 1608 3042 αὐτῆς
1638 2973 1725 3027 ἵνα

181 3061 243 3133 μή
281 3063 489 3136 λάϐητεο
521 3066 610 3119 ὅτι
639 3064 1008 3137 ἐκολλήθησαν
1041 3064 1154 3138 (82)
1211 3067 1268 3120 αἱ
1308 3066 1576 3138 ἁμαρτίαι
1613 3064 1722 3136 (85)

176 3151 266 3216 ἕως
288 3154 375 3208 τοῦ
407 3154 666 3228 ούρανοῦ,
688 3157 780 3210 καὶ
799 3156 1202 3228 ἐμνημόνευσεν
1227 3157 1256 3210 ὁ
1276 3156 1407 3221 Θεὸς
1433 3156 1503 3211 τὰ
1531 3156 1720 3229 άδική-
1748 3163 1795 3226 c

181 3261 303 3316 ματα
332 3247 517 3320 αὐτῆς.

236 3357 253 3390 ‹
281 3341 516 3396 Ἀπόδοτε
539 3341 684 3414 αὐτῇ
713 3341 789 3406 ὡς
817 3342 910 3396 καὶ
948 3341 1086 3414 αὑτὴ
1110 3342 1356 3397 ἀπέδωκε
1380 3343 1510 3416 (84),
1528 3346 1621 3398 καὶ
1641 3345 1721 3398 δι-

174 3430 384 3487 πλάσατε
410 3434 478 3489 τά
508 3435 680 3489 διπλᾶ
703 3435 843 3489 κατὰ
865 3434 936 3489 τὰ
971 3435 1108 3506 ἔργα
1132 3436 1321 3507 αὐτῆς
1357 3437 1415 3490 ὲν
1445 3435 1523 3507 τῷ
1555 3453 1722 3508 ποτη-

177 3523 260 3595 ρίῳ
280 3518 320 3594 ᾧ
343 3527 595 3600 ἐκέρασε,
625 3527 896 3600 κεράσατε
922 3527 1059 3600 αὐτῇ
1089 3527 1329 3582 διπλοῦν.
1368 3527 1509 3582 Ὅσα
1541 3527 1722 3595 ἐδόξα-

175 3631 246 3668 σεν
265 3619 467 3692 ἑαυτὴν,
509 3621 610 3675 καὶ
640 3621 982 3693 ἐστρηνίασε,
1029 3620 1282 3675 τοσοῦτον
1307 3621 1424 3675 δότε
1451 3622 1588 3694 αὐτῇ
1622 3622 1721 3693 βα-

176 3711 405 3782 σανισμὸν
435 3713 530 3766 καὶ
563 3712 779 3776 πένθος
816 3713 899 3766 ὄτι
929 3713 987 3766 ὲν
1032 3715 1099 3784 τῇ
1129 3714 1324 3786 καρδίᾳ
1352 3714 1525 3786 αὐτῆς
1550 3715 1718 3786 λέγει·

173 3800 402 3874 Κάθημαι
434 3804 724 3876 βασίλισσα
766 3803 863 3858 καὶ
893 3804 1036 3875 χήρα
1064 3806 1164 3859 οὒκ
1223 3807 1359 3877 εἰμὶ,
1401 3807 1496 3861 καὶ
1522 3808 1722 3871 πένθος

170 3892 220 3944 οὐ
247 3894 312 3966 μὴ
348 3896 454 3950 ἴδω.
482 3895 588 3949 Διὰ
633 3895 792 3949 τοῦτο
835 3897 894 3951 ἐν
927 3897 1024 3969 μιᾷ
1048 3897 1232 3970 ἡμέρᾳ
1251 3899 1472 3974 ἥξουσιν
1493 3901 1548 3954 αἱ
1584 3900 1720 3971 πλη-

171 3985 248 4052 γαὶ
275 3987 432 4058 αὐτῆς
482 3988 735 4054 θάνατος,
761 3989 856 4043 καὶ
899 3988 1115 4052 πένθος,
1171 3991 1268 4044 καὶ
1303 3989 1480 4062 λιμὸς,
1539 3993 1632 4046 καὶ
1661 3994 1718 4046 ὲν

171 4082 282 4152 πυρὶ
311 4081 818 4154 κατακαυθήσεται⁸
865 4083 946 4136 ὅτι
983 4083 1202 4154 ἰσχυρὸς
1246 4083 1452 4157 Κύριος
1482 4085 1510 4137 ὁ
1562 4085 1716 4150 Θεὸς,

169 4171 394 4243 όκρίνας
444 4175 637 4246 αὑτήν.
673 4175 784 4230 Kal
842 4174 1166 4231 κλαύσονται
1204 4177 1299 4232 καὶ
1346 4177 1604 4248 κόψονται
1629 4181 1715 4232 ἐπ’

170 4264 314 4335 αὐτὴν
343 4269 388 4320 οί
416 4266 658 4337 βασιλεῖς
679 4268 778 4339 τῆς
802 4268 924 4339 γῆς,
956 4267 1004 4320 οἱ
1049 4267 1166 4339 μετ’
1196 4267 1368 4338 αὐτῆς
1396 4269 1720 4342 πορνεύσαν-

170 4372 244 4419 τες
262 4359 348 4412 καὶ
376 4359 819 4432 στρηνιάσαντες,
848 4361 976 4414 ὃταν
1015 4359 1258 4431 βλέπωσι
1278 4361 1370 4416 τὸν
1392 4361 1596 4417 καπνὸν
1619 4363 1716 4434 τῆς

172 4448 438 4520 πυρώσεως
470 4453 665 4523 αὐτῆς,
700 4452 807 4505 ἀπὸ
841 4452 1114 4524 μακρόθεν
1143 4453 1455 4525 ἑστηκότες,
1507 4454 1597 4508 διὰ
1623 4453 1716 4508 τὸν

1827 571 1977 619 sunt.

1901 658 2143 714 XXXIX.
2184 680 2203 714 ι
2241 661 2306 716 Et
2336 663 2473 719 dixit
2500 665 2633 720 mihi
2661 682 2674 718 :
2707 667 2876 738 Aqua:
2920 684 3058 738 quas
3097 670 3280 726 vidisti
3306 671 3399 726 ubi
3470 671 3472 674 ’

1830 755 2090 809 meretrix
2121 754 2296 823 sedet,
2352 757 2537 826 populi
2571 767 2698 813 sunt
2757 771 2810 814 et
2842 762 3013 816 turba:
3039 770 3094 817 et
3131 773 3319 833 gentes
3346 773 3402 819 et

1831 846 2049 919 linguae.
2081 846 2146 900 Et
2169 848 2354 903 decem
2385 863 2590 904 cornua
2622 866 2744 920 qua:
2777 852 2983 916 vidisti,
3016 863 3072 908 et
3107 856 3312 923 bestia,
3344 855 3400 910 hi

1831 938 2020 992 odient
2051 941 2413 1004 meretricem,
2437 950 2491 996 et
2521 942 2821 997 desolatam
2849 960 2968 999 eam
2996 944 3196 1002 facient
3217 957 3269 1003 et
3297 965 3400 1002 nu-

1828 1029 1976 1095 dam,
2001 1038 2053 1084 et
2081 1045 2276 1085 carnes
2327 1030 2444 1100 ejus
2489 1033 2796 1096 comedent,
2840 1043 2895 1088 et
2929 1035 3097 1105 ipsam
3132 1038 3239 1108 igni
3269 1054 3401 1093 con-

1830 1121 2171 1180 cremabunt.
2208 1118 2349 1176 Deus
2411 1121 2556 1176 enim
2591 1122 2737 1178 dedit
2766 1123 2822 1176 in
2870 1140 2964 1180 cor
3000 1143 3186 1182 eomm
3219 1140 3274 1184 ut
3317 1128 3399 1184 fa-

1829 1212 1977 1266 ciant
2007 1213 2151 1283 quod
2183 1213 2260 1269 illi
2292 1215 2576 1286 placuerit,
2607 1223 2661 1268 et
2715 1213 2917 1272 faciant
2952 1235 3112 1274 unam
3147 1221 3400 1277 volunta-

1829 1307 1959 1373 tem;
1981 1319 2036 1362 et
2080 1307 2209 1362 dent
2236 1324 2462 1379 regnum
2491 1323 2650 1364 suum
2680 1309 2886 1376 bestiae,
2945 1311 3118 1366 donec
3142 1328 3398 1368 consum-

1831 1407 2052 1453 mentur
2101 1399 2267 1454 verba
2317 1398 2429 1455 Dei.
2484 1399 2551 1454 Et
2607 1401 2801 1455 mulier
2851 1417 3017 1471 quam
3066 1404 3268 1469 vidisti,
3316 1414 3399 1460 est

1829 1491 2024 1547 civitas
2089 1507 2322 1563 magna,
2389 1508 2510 1564 quae
2571 1493 2731 1551 habet
2780 1509 3006 1566 regnum
3043 1511 3205 1566 super
3247 1512 3399 1568 reges

1825 1592 1983 1640 terrai.
2008 1585 2097 1639 “..

1897 1765 2012 1820 XL.
2050 1783 2068 1818 ε
2091 1764 2216 1822 Post
2255 1765 2370 1821 haec
2395 1766 2502 1823 vidi
2532 1767 2760 1824 alterum
2788 1767 3036 1837 angelum
3065 1769 3400 1827 descenden-

1830 1869 1936 1915 tem
1965 1861 2032 1915 de
2085 1860 2246 1926 coelo,
2304 1860 2590 1916 habentem
2639 1873 2958 1931 potestatem
3005 1879 3294 1934 magnam;
3344 1875 3401 1922 et

1829 1961 1972 2006 terra
2009 1952 2310 2006 illuminata
2344 1962 2426 2008 est
2455 1968 2485 2007 a
2518 1953 2766 2008 claritate
2789 1954 2927 2024 ejus.
2968 1953 3032 2009 Et
3057 1955 3312 2011 clamavit
3342 1957 3399 2012 in

1825 2042 2148 2099 fortitudine
2207 2058 2342 2100 voce
2394 2060 2611 2116 magna,
2667 2047 2904 2102 dicens:
2943 2046 3172 2115 Cecidit,
3205 2049 3401 2104 cecidit

1830 2134 2070 2207 Babylon
2100 2151 2318 2204 magna,
2339 2144 2393 2193 et
2419 2135 2559 2192 facta
2583 2146 2668 2193 est
2692 2137 2951 2194 habitatio
2979 2139 3396 2196 daemoniorum:

1828 2236 1883 2283 et
1908 2227 2156 2283 custodia
2192 2229 2374 2285 omnis
2434 2229 2662 2300 spiritus
2707 2229 2995 2298 immundi,
3045 2239 3100 2286 et
3145 2231 3399 2288 custodia

1825 2319 2007 2376 omnis
2033 2319 2270 2377 volueris
2325 2321 2618 2378 immundae
2643 2331 2697 2376 et
2717 2337 2930 2388 exosae;
2991 2323 3116 2394 quia
3165 2323 3232 2379 de
3268 2324 3397 2380 vino

1824 2410 1921 2466 ira:
1949 2411 2299 2468 scortationis
2323 2413 2440 2484 ejus
2465 2413 2722 2469 biberunt
2766 2430 2956 2471 omnes
2986 2424 3192 2487 gentes.
3223 2414 3291 2471 Et
3313 2433 3399 2472 re-

1826 2517 1921 2573 ges
1944 2511 2102 2558 terrae
2160 2517 2285 2558 cum
2336 2503 2428 2558 illa
2456 2503 2710 2560 fornicati
2763 2514 2910 2573 sunt,
2957 2517 3012 2563 et
3063 2516 3398 2565 mercatores

1827 2601 1986 2649 terra:
2020 2593 2088 2648 de
2117 2593 2322 2649 virtute
2349 2595 2666 2651 deliciarum
2715 2596 2836 2668 ejus
2864 2598 3061 2654 divites
3087 2596 3217 2654 facti
3244 2609 3395 2655 sunt.

1827 2683 1894 2740 Et
1913 2683 2096 2740 audivi
2127 2685 2290 2740 aliam
2321 2702 2508 2743 vocem
2541 2688 2608 2744 de
2635 2688 2774 2745 casio
2812 2688 3081 2744 dicentem
3106 2707 3121 2744 :
3146 2689 3304 2746 Exite
3327 2689 3395 2746 de

1825 2777 1939 2842 illa,
1969 2779 2204 2850 populus
2239 2795 2414 2844 meus,
2465 2795 2534 2836 ne
2581 2781 2874 2852 participes
2910 2781 3029 2837 sitis
3070 2781 3392 2838 delictorum

1825 2870 1967 2942 ejus,
1996 2880 2051 2927 et
2077 2871 2146 2928 de
2177 2871 2349 2943 plagis
2383 2871 2502 2942 ejus
2533 2887 2601 2928 ne
2647 2872 2946 2943 accipiatis.
2999 2871 3269 2940 Quoniam
3294 2874 3394 2930 ad-

1826 2964 2102 3019 haeserunt
2130 2972 2349 3033 peccata
2402 2963 2522 3032 ejus
2565 2975 2740 3034 usque
2781 2963 2848 3018 ad
2872 2963 3094 3031 malum,
3125 2972 3179 3020 et
3206 2977 3391 3019 recor-

1827 3055 1987 3111 datus
2013 3063 2098 3111 est
2124 3053 2388 3111 Dominus
2416 3054 2763 3125 iniquitatum
2793 3054 2935 3126 ejus.

1894 3319 2030 3376 XLI.
2065 3341 2084 3374 ι
2117 3318 2342 3376 Reddite
2373 3319 2449 3374 illi
2477 3319 2618 3376 sicut
2641 3327 2696 3375 et
2719 3319 2835 3390 ipsa
2859 3319 3090 3376 reddidit
3109 3319 3267 3377 vobis
3297 3335 3313 3377 :
3341 3327 3398 3378 et

1824 3415 2100 3486 duplicate
2132 3413 2369 3484 duplicia
2398 3413 2695 3469 secundum
2740 3428 2904 3484 opera
2924 3414 3064 3486 ejus.
3096 3412 3155 3469 In
3197 3413 3394 3484 poculo

1824 3523 1935 3579 quo
1967 3507 2208 3575 miscuit,
2262 3506 2488 3561 miscete
2533 3506 2609 3560 illi
2637 3505 2882 3576 duplum.
2912 3505 3184 3572 Quantum
3227 3507 3396 3577 glori-

1826 3601 2009 3657 ficavit
2034 3616 2092 3656 se
2115 3609 2169 3656 et
2201 3599 2255 3654 in
2278 3599 2488 3655 deliciis
2517 3598 2639 3666 fuit,
2675 3608 2884 3653 tantum
2908 3600 3033 3654 date
3061 3599 3136 3652 illi
3161 3609 3397 3654 tormen-

1825 3705 1939 3751 tum
1969 3705 2024 3750 et
2050 3695 2290 3756 luctum;
2325 3692 2452 3762 quia
2483 3691 2537 3745 in
2567 3691 2731 3746 corde
2764 3705 2864 3744 suo
2891 3689 3058 3745 dicit:
3102 3687 3275 3744 Sedeo
3309 3705 3395 3745 re-

1824 3789 1972 3859 gina,
2005 3797 2060 3841 et
2091 3786 2255 3840 vidua
2315 3798 2424 3838 non
2489 3798 2641 3849 sum;
2692 3792 2746 3836 et
2787 3782 2995 3836 luctum
3027 3796 3133 3836 non
3173 3780 3390 3836 videbo.

1822 3879 1948 3935 Ideo
1970 3880 2024 3933 in
2048 3893 2156 3933 una
2214 3877 2300 3932 die
2327 3875 2549 3930 venient
2582 3874 2752 3946 plagae
2782 3873 2926 3944 ejus,
2957 3888 3106 3930 mors
3132 3882 3188 3928 et
3212 3875 3393 3930 luctus

1821 3980 1876 4025 et
1906 3969 2099 4036 fames,
2129 3979 2184 4024 et
2206 3966 2315 4039 igni
2341 3965 2721 4031 comburetur;
2755 3963 2884 4034 quia
2930 3963 3091 4019 fortis
3116 3974 3198 4018 est
3223 3961 3389 4030 Deus,

1821 4063 2197 4135 quijudicavit
2233 4075 2375 4117 eam.
2425 4058 2494 4114 Et
2542 4058 2801 4129 lugebunt
2845 4067 2899 4113 et
2933 4058 3190 4128 plangent
3229 4073 3394 4127 super

1820 4175 1939 4216 eam
1978 4172 2133 4228 reges
2163 4164 2343 4222 terrae,
2373 4153 2615 4225 quicum
2663 4152 2756 4206 illa
2798 4150 3053 4206 fornicati
3088 4159 3235 4218 sunt,
3258 4151 3390 4205 etin

1819 4251 2028 4308 deliciis
2052 4249 2325 4311 vixerunt,
2343 4263 2468 4302 eum
2490 4245 2725 4302 viderint
2749 4243 2958 4301 fumum
2983 4243 3217 4298 incendii
3249 4245 3393 4314 ejus,

1823 4349 1981 4419 longe
2029 4352 2236 4402 stantes
2274 4351 2495 4415 propter
2546 4348 2752 4396 metum
2808 4347 3207 4394 tormentorum
3246 4338 3389 4408 ejus,

1818 4439 2061 4494 dicentes
2101 4455 2114 4491 :
2146 4435 2262 4500 Vae,
2287 4449 2387 4500 ναξ,
2422 4432 2615 4489 civitas
2642 4431 2733 4485 illa
2768 4445 2983 4502 magna,
3013 4427 3277 4501 Babylon,
3308 4431 3392 4484 ci-

172 4506 312 4606 φόόον
338 4506 434 4598 τού
467 4506 804 4616 βασανίσμοιῖ
837 4506 1027 4616 αὑτής,
1058 4506 1324 4614 λέγοντές·
1360 4506 1711 4614 ήόύαὶ-,Ῠοὺαᾏ

1831 4533 1963 4588 ritas
1990 4531 2081 4585 illa
2113 4528 2292 4595 fortis,
2318 4527 2574 4598 quoniam
2622 4540 2732 4580 una
2776 4523 2912 4578 hora
2945 4523 3094 4579 venit
3121 4523 3390 4593 judicium

172 4631 416 4707 ήπόλιςή
448 4635 680 4708 μεγάλη,
738 4635 1016 4701 Βαϐυλὼν,
1053 4639 1086 4709 ἡ
1119 4637 1272 4702 πόλις
1306 4639 1340 4709 ή
1383 4640 1597 4711 ἰσχυρά·
1633 4643 1715 4696 ὃτι

175 4725 256 4795 μιᾷ
301 4726 413 4800 ὥρᾳ
441 4724 605 4799 ἦλθεν
646 4727 888 4800 ἡκρίσις
937 4745 1052 4784 σου.
1109 4729 1221 4784 Καὶ
1251 4732 1300 4784 οί
1358 4730 1589 4805 ἔμποροι
1616 4735 1715 4804 τῆς

169 4815 258 4886 γῆς
283 4819 569 4874 κλαύσουσι
593 4821 688 4874 καὶ
740 4818 1094 4892 πενθήσουσιν
1129 4821 1216 4873 ἐπ’
1242 4821 1444 4892 αὐτήν.⁹
1499 4823 1580 4876 ὅτι
1623 4824 1715 4878 τὸν

169 4907 315 4978 γόμον
338 4912 512 4966 αὐτῶν
535 4912 710 4977 οὐδεὶς
740 4911 1002 4984 ἀγοράσει
1028 4911 1234 4967 οὐκέτι⁶
1260 4912 1428 4984 γόμον
1466 4914 1712 4985 χρυσίου,

170 5002 248 5055 καὶ
275 5005 552 5079 ἀργυρίου,
583 5007 677 5060 καὶ
714 5005 860 5060 λίθου
885 5005 1088 5077 τιμίου,
1115 5006 1210 5060 κα)¹
1240 5008 1600 5078 μαργαρίτου,
1619 5009 1714 5062 καὶ

172 5088 364 5161 βύσσου,
399 5099 494 5151 καὶ
525 5096 830 5169 πορφύρας,
867 5097 962 5151 καὶ
1023 5095 1272 5169 σηρικοῦ,
1312 5097 1408 5150 καὶ
1436 5100 1710 5154 κοκκίνουο

173 5187 251 5241 καὶ
276 5193 377 5245 πᾶν
410 5191 562 5257 ξύλον
585 5192 784 5256 θύῖνον,
831 5192 926 5246 καὶ
968 5193 1078 5247 πᾶν
1113 5191 1306 5257 σκεῦος
1347 5191 1712 5263 ἐλεφάντινον,

226 5369 268 5404 ⁸⁸
300 5371 464 5445 Apoc.
486 5390 621 5440 xvu,
651 5373 803 5431 1'18.

167 5533 627 5674 mggzuzdzvpfi.
676 5540 779 5610 Id.,
822 5541 882 5598 ἐν
932 5541 1093 5614 ἰσχύϊ.
1131 5539 1224 5598 Sic
1267 5549 1452 5598 textus
1490 5542 1712 5599 Graecus

197 5671 329 5755 .(82)
364 5680 830 5755 Ἑκοτῖλήθῃσαν.
890 5703 908 5735 ι
942 5682 1351 5755 Adhaeserunt.)
1380 5671 1580 5739 Eadem
1609 5683 1710 5754 Sy-

174 5752 286 5800 riae.
311 5757 362 5803 et
387 5752 598 5808 Arabio.
629 5752 816 5809 Graeca
853 5754 1000 5876 vulg.
1030 5752 1426 5876 ηκολθύθησαν,
1462 5773 1480 5805 ι
1530 5752 1708 5809 secuta

174 5825 286 5872 sunt
327 5831 533 5876 peccata
561 5839 736 5876 usaue
773 5825 840 5876 ad
864 5839 948 5876 cm
972 5839 1116 5876 um.)
1195 5824 1305 5876 ulc.
1339 5842 1353 5876 :
1393 5843 1412 5876 ι
1441 5824 1708 5876 Pervene-

174 5825 286 5872 sunt
327 5831 533 5889 peccata
561 5839 736 5895 usque
773 5825 840 5882 ad
864 5824 1116 5881 ctenim.»
1150 5824 1305 5896 Vulg.
1339 5842 1353 5881 :
1393 5843 1412 5876 ς
1441 5824 1708 5882 Pervene-

1822 4637 1999 4684 tuum.
2052 4625 2119 4680 Et
2165 4625 2530 4696 negotiatores
2575 4629 2735 4675 terrae
2771 4616 2975 4674 ﬂebunt
3027 4627 3081 4673 et
3131 4619 3392 4691 lugebunt

1824 4735 1987 4791 super
2014 4734 2154 4782 eam,
2213 4716 2470 4787 quoniam
2528 4725 2739 4769 merces
2789 4725 2980 4765 eorum
3032 4727 3193 4766 nemo
3248 4719 3390 4767 emet

1824 4814 2060 4884 amplius
2093 4831 2106 4868 :
2133 4825 2344 4866 merces
2379 4809 2531 4874 auri,_
2564 4819 2618 4862 et
2667 4805 2898 4876 argenti,
2931 4815 2985 4861 et
3017 4804 3212 4875 lapidis
3261 4820 3388 4874 pre-

1823 4908 1974 4971 tiosi,
1999 4913 2054 4959 et
2083 4903 2408 4973 margaritae,
2437 4909 2492 4955 et
2517 4899 2687 4973 byssi,
2718 4908 2771 4955 et
2818 4915 3092 4970 purpurae,
3124 4907 3179 4953 et
3203 4897 3388 4966 serici,

1823 5014 1877 5059 et
1903 4999 2110 5056 coccini
2145 4998 2220 5068 (et
2248 5011 2408 5051 omne
2435 4996 2639 5066 lignum
2678 4993 2950 5064 thyinum,
2977 5003 3030 5047 et
3051 4993 3232 5048 omnia
3257 5007 3384 5048 vasa

1823 5093 2026 5156 eboris,
2057 5098 2112 5143 et
2137 5102 2297 5143 omne
2317 5101 2416 5142 vas
2444 5103 2509 5141 ex
2545 5088 2691 5157 ligno
2725 5086 3142 5157 pretiosissimo,
3169 5095 3221 5141 et
3246 5099 3386 5139 aera-

1821 5193 2028 5249 mento,
2054 5193 2107 5238 et
2139 5181 2305 5247 ferro,
2333 5188 2388 5236 et
2415 5194 2724 5247 marmore;
2761 5186 2816 5235 et
2863 5179 3292 5246 cinnamomum,
3334 5188 3387 5233 et

1818 5549 1964 5597 runt.
2012 5557 2030 5590 ι
2094 5534 2228 5603 Quae
2266 5547 2377 5606 non
2431 5530 2662 5606 multum
2692 5523 3402 5606 -εςηειιρξιὶξευηιηαρειβεξη

1890 5592 2001 5681 (s3)
2054 5592 2141 5663 Αἵ
2161 5603 2454 5676 ἁμαρτίαι.
2501 5600 2603 5668 1a.,
2647 5599 2816 5670 αὐτῆς
2862 5601 2917 5654 αἱ
2948 5599 3154 5671 ἁμαρτ.
3206 5592 3286 5650 Ut
3332 5594 3404 5683 in;

1817 5679 2002 5827 (Erlang?)
2043 5747 2346 5827 Ἀπςέδωκε.
2391 5741 2803 5811 Ιίιηηὰπέδωκεν
2844 5739 2995 5814 ὑμῖν.
3017 5733 3205 5808 Neque
3232 5734 3380 5793 alim

1817 5822 2029 5879 Graeca.
