3830 7152
531 288 633 347 759

1162 288 1222 346 S.
1264 288 1632 347 HIPPOLYTI
1671 290 1823 350 OPP.
1865 291 2153 363 PARSJI.
2192 324 2265 335 —
2303 291 2614 349 DOGMAT.
2655 291 2745 348 ET
2784 292 3125 352 HISTORIC.

3605 307 3680 366 760

528 424 830 477 amomum,
860 419 914 466 et
935 407 1375 479 odoramentum,
1407 419 1462 468 et
1486 421 1844 483 unguentum,
1873 423 1928 471 et
1949 414 2065 471 thus

2203 416 2297 470 καὶ
2321 421 2429 470 πᾶν
2462 415 2655 481 σκεῦος
2685 419 2751 470 ὲκ
2783 416 2939 482 ξύλου
2984 416 3327 489 τιμιωτάτω,
3382 421 3470 476 καὶ
3508 426 3680 496 χαλκοῦ,

525 512 581 559 et
615 503 826 568 vinum,
853 511 909 558 et
934 503 1140 570 oleum,
1171 510 1226 557 et
1254 505 1489 560 similam
1508 544 1525 571 ,
1558 515 1613 562 et
1640 505 1904 573 triticum,
1928 517 1982 563 et
2006 522 2102 578 pe-

524 610 676 661 cora,
708 604 763 651 et
791 610 939 663 oves,
986 604 1043 652 et
1101 596 1346 667 hados);
1379 605 1433 652 et
1484 612 1774 668 equorum,
1808 606 1863 655 et
1900 599 2098 655 rheda—

523 704 669 757 rum,
689 700 742 745 et
764 689 1183 760 mancipiorum,
1207 701 1261 748 et
1284 693 1497 750 animas
1515 694 1820 750 hominum.
1850 691 1917 749 Et
1940 708 2101 764 poma

521 780 778 837 desiderii
832 785 1031 842 animae
1076 792 1185 839 tuae
1239 796 1585 842 recesserunt
1622 802 1653 841 a
1696 795 1771 849 te,
1811 795 1867 842 et
1909 787 2097 843 omnia

521 873 745 944 pinguia
780 882 835 930 et
868 874 1016 930 clara
1049 876 1332 946 perierunt
1359 893 1391 932 a
1421 885 1494 941 te,
1526 886 1582 933 et
1600 879 1834 947 amplius
1863 878 1952 935 illa
1976 878 2091 949 jam

520 981 628 1021 non
684 966 951 1022 invenies.
996 965 1326 1026 Mercatores
1360 969 1555 1024 horum
1607 972 1703 1040 qui
1751 970 1945 1027 divites
1965 970 2096 1027 facti

518 1065 697 1124 erant,
725 1072 756 1112 a
800 1058 959 1129 longe
1004 1059 1245 1126 stabunt,
1274 1069 1496 1131 propter
1540 1072 1746 1119 metum
1795 1070 2095 1118 tormento-

518 1165 640 1203 rum
670 1150 812 1221 ejus,
841 1150 1032 1208 ﬂentes
1057 1160 1112 1207 et
1157 1152 1425 1225 lugentes,
1471 1163 1636 1225 atque
1665 1154 1903 1212 dicentes
1929 1174 1942 1211 :
1973 1153 2089 1223 Vae,

517 1260 617 1308 vae,
648 1244 843 1300 civitas
872 1244 963 1300 illa
997 1260 1214 1315 magna,
1251 1261 1372 1317 quae
1419 1247 1618 1302 amicta
1650 1256 1768 1302 erat
1803 1247 1985 1319 bysso,
2036 1257 2092 1304 et

516 1351 781 1406 purpura,
811 1346 878 1393 et.
913 1338 1158 1405 coccino,
1189 1348 1244 1394 et
1285 1338 1542 1394 deaurata
1581 1349 1699 1395 erat
1746 1355 1882 1396 auro
1915 1350 1969 1396 et
2005 1340 2089 1395 la-

513 1429 639 1499 pide
682 1429 925 1500 pretioso
953 1437 1007 1485 et
1038 1424 1377 1501 margaritis,
1412 1431 1556 1502 quod
1586 1447 1694 1487 una
1736 1431 1872 1488 hora
1916 1432 2087 1489 desti-

512 1527 643 1574 tuta:
666 1528 795 1575 sunt
841 1529 1006 1576 tantae
1050 1521 1272 1578 divitiae.
1320 1521 1387 1577 Et
1415 1523 1592 1578 omnis
1638 1523 1999 1595 gubernator,
2032 1533 2088 1579 et

408 1660 409 1663 η
511 1610 691 1666 omnis
723 1611 779 1665 in
838 1611 1070 1667 navibus
1101 1613 1439 1668 versantium
1500 1614 1661 1669 turba
1693 1624 1748 1670 et
1784 1623 1984 1680 nautae,
2030 1625 2085 1671 et

507 1702 602 1770 qui
642 1718 793 1758 mare
817 1711 1074 1759 exercent
1107 1718 1321 1772 omnes,
1352 1720 1383 1760 a
1411 1705 1571 1778 longe
1596 1713 1865 1762 steterunt
1891 1716 1945 1762 et
1969 1708 2081 1764 cla-

507 1803 795 1850 maveruut
826 1794 1072 1852 videntes
1104 1795 1316 1852 fumum
1355 1797 1591 1853 incendii
1620 1798 1760 1870 ejus,
1791 1800 2032 1857 dicentes
2060 1820 2077 1857 :

506 1885 637 1951 Quae
685 1885 881 1942 similis
939 1887 1145 1943 civitati
1193 1888 1322 1943 huic
1358 1889 1609 1960 magnae?
1678 1887 1743 1943 Et
1809 1891 2078 1946 miserunt

502 1977 778 2045 pulverem
817 1994 982 2050 super
1013 1980 1190 2051 capita
1222 1995 1342 2049 sua,
1383 1991 1437 2037 et
1479 1984 1854 2039 clamaverunt
1884 1984 2075 2040 ﬂentes

486 2065 558 2122 ἐι
584 2068 852 2138 lugentes,
878 2070 1166 2126 dicentes:
1212 2069 1328 2139 Vae,
1382 2088 1483 2141 vae,
1513 2073 1705 2130 civitas
1728 2072 1818 2127 illa
1851 2089 2070 2144 magna,

504 2158 557 2211 in
609 2173 717 2229 qua
751 2160 946 2217 divites
974 2160 1101 2216 facti
1132 2172 1263 2217 sunt
1292 2178 1483 2220 omnes
1523 2163 1618 2233 qui
1670 2164 1945 2221 habebant
1974 2181 2073 2220 na-

500 2265 593 2306 ves
619 2251 675 2305 in
711 2253 872 2320 mari,
930 2255 995 2309 de
1048 2255 1375 2327 pinguedine
1433 2257 1592 2328 ejus;
1646 2258 1910 2328 quoniam
1962 2273 2069 2314 una

496 2342 630 2397 hora
655 2344 897 2401 desolata
920 2354 1022 2401 est.

2205 508 2301 563 καὶ
2333 508 2574 581 σιδήρου,
2624 509 2718 563 καὶ
2779 510 3092 582 μαρμάρου·
3144 510 3236 565 καὶ
3275 514 3575 585 κιναμώμου·
3614 522 3684 575 καὶ

2200 599 2454 670 ἄμωμον,
2485 601 2581 654 καὶ
2616 598 2886 672 θυμίαμα,
2942 601 3037 654 καὶ
3065 598 3253 673 μύρον,
3280 603 3366 656 καὶ
3398 603 3685 672 λίϐανον,καὶ

2198 685 2360 758 οἶνον,
2417 692 2514 746 καὶ
2568 691 2778 757 ἔλαιον,
2827 692 2923 747 καὶ
2948 692 3251 764 σεμίδαλιν,
3307 694 3396 747 καὶ
3439 698 3579 763 σῖτον,
3615 701 3686 756 καὶ

2198 786 2391 857 κτήνη,
2422 783 2519 840 καὶ
2549 782 2817 856 πρόϐατα,
2853 785 2948 838 καὶ⁸
2991 783 3242 855 τράγους·
3267 784 3358 838 καί⁸
3407 785 3579 852 ἵππω,
3615 793 3687 846 καὶ

2198 876 2389 951 ῥεδῶν,
2414 878 2509 932 καὶ
2541 876 2828 949 σωμάτων,
2860 877 2956 931 καὶ
2991 875 3170 946 ψυχὰς
3221 874 3516 948 ἀνθρώπων.
3551 881 3685 955 Καὶή

2194 966 2386 1040 ὀπώρα
2419 968 2519 1039 τῆς
2566 968 2860 1039 ἐπιθυμίας
2889 968 2989 1039 τῆς
3032 967 3206 1039 ψυχῆς
3251 984 3341 1020 σου
3365 970 3573 1042 ἀπῆλθεν
3608 974 3687 1029 ἀπὺ

2195 1057 2312 1123 σοῦ,
2343 1059 2438 1112 καὶ
2464 1058 2641 1113 πάντα
2666 1058 2735 1112 τά
2766 1058 2973 1131 λιπαρά
2999 1061 3093 1113 καὶ
3142 1060 3214 1114 τὰ
3259 1059 3470 1131 λαμπρά
3494 1062 3690 1122 ἀπώλετο

2191 1149 2301 1203 ἀπὸ
2331 1148 2447 1214 σοῦ,
2481 1149 2576 1204 καὶ
2626 1148 2810 1203 οὐκέτι
2841 1150 2904 1203 οὐ
2936 1149 3009 1222 μὴ
3033 1149 3171 1204 αὐτὰ
3198 1148 3379 1224 εὕρῃς.
3404 1153 3461 1206 Οἱ
3506 1152 3690 1228 ἔμποροι

2187 1241 2393 1296 τούτων
2434 1243 2483 1295 οἱ
2533 1240 2917 1306 πλουτίσαντες
2937 1282 2952 1308 ,
2976 1315 2985 1317 _
3009 1242 3118 1296 άπὸ
3148 1243 3413 1315 μακρόθεν
3441 1246 3689 1317 στήσονται,

2186 1332 2275 1386 διὰ
2295 1332 2386 1386 τὸν
2417 1332 2580 1402 φόϐον
2607 1333 2700 1387 τοῦ
2728 1315 3062 1404 βασανισμοῦ
3092 1334 3283 1404 αὐτῆς,
3315 1315 3579 1401 κλαίοντες,
3620 1341 3692 1395 καὶ

2185 1425 2527 1492 πενθοῦντες,
2559 1426 2655 1482 καὶ
2688 1426 2952 1496 λέγοντες·
2978 1427 3122 1492 οὐαὶ,
3148 1428 3305 1493 Οὐαὶ,
3336 1430 3369 1499 ή
3397 1429 3533 1494 πόλις
3556 1434 3585 1502 ή
3618 1416 3691 1502 μελ-

2182 1516 2347 1590 γάλη,
2395 1519 2429 1589 ή
2485 1517 2920 1590 περιϐεϐλημένη
2964 1516 3234 1588 βύσσινον,
3294 1519 3385 1571 καὶ
3415 1521 3689 1592 πορφυροῦν,

2184 1611 2279 1664 καὶ
2303 1609 2574 1674 κόκκινον,
2605 1610 2700 1664 καὶ
2726 1609 3116 1681 κεχρυσωμένη
3142 1611 3200 1664 ἐν
3247 1610 3464 1682 χρυσίῳ,
3495 1614 3575 1666 καὶ
3593 1614 3692 1685 λίθῳ

2182 1701 2366 1774 τιμίῳ,
2380 1702 2474 1755 καὶ
2491 1702 2875 1775 μαργαρίταις·
2891 1703 2974 1756 ὅτι
2993 1703 3089 1773 μιᾷ
3104 1701 3224 1774 ὥρᾳ
3239 1703 3496 1776 ἠρημώθη
3510 1706 3535 1758 ὁ
3548 1706 3691 1759 τοσοῦ-

2114 1764 2157 1822 B
2181 1764 2274 1855 τος
2300 1764 2547 1856 πλοῦτος.
2573 1764 2701 1848 ’Καὶ
2722 1764 3214 1867 πᾶςκυσερνήτης,
3253 1764 3586 1860 καίπᾶςΙὲπὶ
3610 1800 3690 1853 τῶν

2182 1882 2384 1938 πλοίων
2416 1888 2445 1939 ό
2470 1884 2674 1957 ὅμιλος,
2707 1887 2800 1940 καὶ
2827 1885 3042 1952 ναῦται,
3076 1888 3170 1941 καὶ
3213 1889 3329 1942 ὅσοι
3356 1888 3448 1960 τὴν
3472 1889 3691 1944 θάλασσαν

2179 1976 2522 2049 ἐργάζονται,
2554 1978 2663 2031 άπὸ
2687 1978 2958 2051 μακρόθεν
2986 1979 3223 2051 ἔστησαν
3253 1983 3347 2035 καὶ
3370 1981 3581 2054 ἔκραξαν
3602 1981 3692 2052 βλί-

2176 2085 2370 2132 ποντες
2403 2068 2495 2122 τὸν
2541 2067 2746 2121 καπνὸν
2771 2068 2873 2139 τῆς
2910 2067 3211 2140 πυρώσεως
3259 2070 3444 2141 αὐτῆς,
3471 2068 3688 2138 λέγοντες

2175 2160 2271 2225 Τίς
2295 2161 2457 2233 ὁμοία
2508 2163 2574 2232 τῇ
2624 2160 2777 2215 πόλει
2821 2163 2887 2233 τῇ
2937 2161 3183 2235 μεγάλης
3238 2164 3350 2217 Καὶ
3403 2161 3574 2216 ἔϐαλον
3592 2161 3688 2232 χοῦν

2173 2253 2268 2308 ἐπὶ
2287 2253 2387 2318 τὰς
2415 2251 2656 2323 κεφαλάς
2687 2252 2890 2319 αὐτῶν,
2947 2256 3041 2309 καὶ
3072 2253 3313 2326 ἔκραξαν
3357 2255 3605 2317 κλαίοντες
3620 2255 3689 2307 καὶ

2170 2347 2514 2416 πενθοῦντες,
2563 2348 2831 2418 λέγοντες·
2868 2349 3024 2410 Οὐαὶ,
3053 2349 3197 2414 ούαὶ,
3254 2351 3288 2421 ή
3312 2343 3317 2349 ’
3341 2349 3488 2413 πόλις
3543 2350 3574 2420 ή
3615 2365 3688 2419 με·

489 2436 652 2509 γάλη,
697 2438 755 2492 ὲν
873 2440 1210 2515 ἐπλούτησαν
1254 2444 1453 2510 πάντες
1503 2446 1554 2499 oi
1598 2445 1813 2518 ἔχοντες
1840 2446 1909 2501 τά
1975 2447 2135 2503 πλοῖα
2172 2447 2229 2501 ὲν
2261 2449 2327 2518 τῇ
2365 2445 2609 2519 θαλάσσῃ
2641 2448 2706 2501 ἐκ
2726 2446 2827 2517 τῆς
2872 2445 3126 2516 πιότητος
3157 2445 3271 2518 (85)
3306 2446 3487 2518 αὐτῆςο
3508 2447 3578 2499 ὅτι
3617 2444 3690 2516 μιᾷ

486 2531 607 2606 ὥρᾳ
637 2533 930 2608 ἠρημώθη·

559 2628 719 2683 XLII.
767 2650 785 2681 ι
830 2631 1037 2688 Laetare
1060 2648 1224 2705 super
1254 2648 1399 2701 eam,
1433 2637 1656 2701 caelum,
1697 2647 1752 2693 et
1783 2640 1982 2710 angeli,
2008 2648 2064 2695 et

491 2722 745 2792 apostoli,
778 2732 834 2779 et
873 2725 1169 2796 prephetze,
1216 2728 1475 2798 quoniam
1504 2729 1768 2798 judicavit
1799 2728 1941 2786 Deus
1968 2730 2063 2801 ju-

489 2817 695 2872 dicium
743 2826 983 2872 vestrum
1024 2817 1092 2873 de
1127 2818 1238 2874 illa.
1294 2818 1361 2875 Et
1403 2821 1624 2876 sustulit
1669 2837 1809 2880 unus
1836 2823 2062 2892 angelus

482 2909 640 2965 fortis
671 2909 903 2980 lapidem
929 2911 1088 2980 quasi
1125 2912 1390 2968 molarem
1426 2928 1705 2981 magnum,
1745 2923 1799 2970 et
1827 2916 1976 2972 misit
2004 2915 2060 2970 in
2088 2946 2130 3003 ο

486 3014 660 3068 mare,
692 3000 881 3056 dicens
914 3019 926 3055 :
961 2999 1052 3057 Sic
1076 3001 1280 3072 impetu
1319 3003 1567 3059 mittetur
1595 3003 1833 3077 Babylon
1866 3006 2060 3062 civitas

480 3090 573 3146 illa
601 3105 822 3161 magna,
849 3099 904 3146 et
934 3092 1070 3147 ultra
1100 3092 1209 3161 iam
1241 3107 1348 3149 non
1376 3093 1702 3150 invenietur.
1743 3094 1811 3151 Et
1842 3112 1949 3152 vox
1980 3096 2059 3153 ci—

480 3182 853 3239 tharcedorum
897 3189 954 3238 et
1002 3184 1339 3239 musicorum
1378 3193 1431 3240 et
1461 3184 1595 3241 tibia
1642 3188 1956 3244 canentium
2004 3195 2058 3244 et

478 3275 631 3342 tuba,
670 3291 776 3331 non
806 3275 1058 3335 audietur
1088 3276 1144 3331 in
1181 3284 1233 3331 te
1259 3278 1529 3348 amplius;
1562 3289 1617 3334 et
1650 3279 1831 3335 omnis
1858 3279 2055 3336 artifex

473 3367 656 3425 omnis
701 3367 834 3424 artis
878 3382 987 3423 uou
1042 3368 1350 3424 invenietur
1379 3370 1435 3425 in
1470 3379 1523 3427 te
1548 3371 1816 3442 amplius,
1851 3383 1906 3429 et
1950 3388 2051 3428 vox

473 3460 633 3515 molat
675 3475 785 3515 non
834 3460 1086 3516 audietur
1117 3461 1172 3515 in
1209 3472 1261 3518 te
1290 3463 1561 3534 amplius;
1598 3472 1653 3520 et
1688 3465 1780 3519 lux
1817 3464 2053 3522 lucerna:

473 3565 582 3606 non
615 3551 818 3607 lucebit
850 3551 906 3608 in
948 3559 1000 3606 te
1030 3551 1304 3622 amplius;
1354 3562 1409 3610 et
1449 3571 1553 3610 vox
1585 3555 1772 3626 sponsi
1801 3564 1857 3611 et
1888 3572 2054 3627 spon-

468 3656 545 3697 sae
570 3657 678 3697 non
706 3641 963 3699 audietur
1016 3643 1197 3701 adhuc
1239 3645 1295 3700 in
1324 3653 1399 3714 te,
1451 3646 1580 3718 quia
1611 3656 1941 3703 mercatores
1971 3647 2052 3703 tui

470 3744 630 3790 erant
660 3734 939 3806 principes
968 3746 1160 3804 terrae;
1209 3736 1340 3807 quia
1365 3738 1419 3793 in
1450 3739 1727 3796 veneﬁciis
1760 3741 1868 3796 tuis
1898 3756 2050 3797 erra-

470 3837 665 3884 verunt
690 3842 882 3885 omnes
908 3838 1129 3900 gentes;
1149 3838 1204 3885 et
1230 3829 1283 3884 in
1309 3846 1375 3887 ea
1408 3834 1632 3905 sanguis
1659 3836 2047 3904 prophetarum

467 3926 523 3973 et
547 3926 864 3974 sanctorum
903 3919 1158 3977 inventus
1187 3928 1306 3991 est,
1351 3930 1406 3978 et
1434 3923 1676 3979 omnium
1706 3924 1801 3995 qui
1830 3924 2049 3981 interfe-

465 4008 540 4065 cti
565 4018 696 4067 sunt
720 4011 774 4065 in
807 4020 952 4066 terra
984 4010 1051 4066 “.
1090 4030 1110 4063 ι

533 4099 721 4157 XLIII.
761 4102 1120 4173 Apertissime
1166 4102 1221 4158 in
1267 4102 1354 4161 his
1398 4105 1728 4163 testimoniis
1766 4109 2043 4181 sigillatim

462 4192 799 4249 declaratum
842 4202 929 4250 est
972 4194 1040 4250 de
1088 4203 1483 4253 tormentorum
1522 4198 1751 4270 judicio,
1799 4218 1920 4272 quae
1947 4220 2044 4258 ex-

2244 2652 2265 2687 ι
2292 2631 2595 2705 Εὐφραίνου
2622 2629 2709 2685 ἐπ’
2739 2629 2901 2701 αὐτῇ,
2935 2627 3151 2701 ούρανὲ,
3184 2626 3282 2683 καὶ
3307 2628 3357 2680 οἱ
3385 2627 3601 2696 ἄγγελοι,
3619 2625 3690 2680 καὶ

2167 2731 2216 2783 oi
2250 2724 2554 2789 ἀπόστολοι,
2593 2723 2689 2777 καὶ⁵
2720 2720 2774 2776 ὀἱ
2813 2720 3117 2792 προφῆται,
3159 2721 3247 2774 ὃτι
3289 2719 3495 2792 ἔκρινεν
3538 2721 3564 2774 ό
3588 2717 3689 2781 Θεὸς

2165 2815 2226 2868 τὸ
2261 2816 2437 2887 κρῖμα
2477 2810 2632 2883 ὑμῶν
2684 2807 2746 2876 ἐξ
2795 2807 2986 2878 αὐτῆς.
3035 2808 3144 2863 Καὶ
3193 2803 3332 2881 ἦρεν
3380 2803 3459 2872 εἷς
3506 2807 3688 2875 ἄγγελος

2169 2905 2387 2979 ίσχυρδς
2415 2904 2581 2969 λίθον,
2618 2902 2694 2966 ὡς
2737 2900 2900 2973 μύλον
2932 2900 3127 2972 μέγαν,
3167 2901 3268 2957 καὶ
3309 2900 3494 2954 ἔϐαλεν
3524 2901 3593 2962 εἰς
3614 2897 3687 2970 τὴν

2162 2997 2459 3065 θάλασσαν,
2488 2994 2684 3065 λέγων’
2723 2991 2912 3056 Οὕτως
2944 2993 3229 3065 ὁρμήματι
3279 2991 3585 3063 βληθήσεται
3610 2991 3688 3042 Ba-

2158 3088 2335 3147 ϐυλὼν
2364 3090 2399 3162 ἡ
2437 3086 2647 3160 μεγάλη
2684 3084 2858 3149 πόλις,
2893 3086 2989 3141 καὶ
3030 3086 3093 3140 ού
3140 3085 3214 3157 μὴ
3246 3083 3440 3156 εὑρεθῇ
3477 3082 3569 3136 ἔτι.
3605 3083 3686 3135 Καὶ

2158 3181 2308 3253 φωνὴ
2344 3177 2681 3251 κιθαρῳδῶν,
2721 3178 2817 3231 καὶ⁸
2867 3176 3161 3249 μουσικῶν,
3199 3177 3298 3231 καὶ
3333 3175 3585 3247 αὐλητῶν,
3613 3176 3685 3227 καὶ

2158 3271 2519 3343 σαλπιγκτῶν,
2567 3270 2629 3324 ού
2684 3269 2759 3341 μὴ
2804 3269 3044 3341 ἀκουσθῇ
3099 3271 3158 3324 ὲν
3209 3270 3296 3324 σοὶ
3339 3269 3449 3324 ἐτι·
3495 3270 3578 3323 καὶ
3603 3269 3684 3330 πᾶς

2154 3365 2404 3438 τεχνίτης
2444 3362 2626 3434 πάσης
2663 3362 2888 3433 τέχνης,
2927 3362 2987 3415 οὐ
3032 3361 3107 3433 μὴ
3150 3361 3348 3435 εὑρεθῇ
3392 3363 3450 3416 ὲν
3480 3360 3557 3415 σοὶ
3597 3359 3680 3413 ἔτι*

2155 3456 2249 3511 καὶ
2280 3456 2431 3528 φωνὴ
2459 3454 2626 3528 μύλου
2654 3455 2716 3510 ού
2751 3454 2826 3528 μὴ
2857 3453 3096 3526 ἀκουσθῇ
3127 3455 3187 3509 ὲν
3218 3455 3305 3508 σοὶ
3331 3454 3413 3508 ἔτι
3431 3471 3445 3485 ’
3484 3455 3570 3508 καί
3595 3451 3683 3522 φῶς

2152 3545 2346 3619 λύχνου
2384 3548 2448 3602 ού
2491 3546 2566 3620 μὴ
2609 3548 2748 3618 φανῇ
2797 3547 2855 3600 ὲν
2898 3546 2983 3600 σοὶ
3021 3545 3130 3599 ἐπ’
3174 3546 3270 3600 καὶ
3313 3544 3461 3616 φωνὴ
3493 3563 3547 3599 νυ
3554 3542 3683 3616 μφίου

2152 3638 2248 3692 κα)⁴
2279 3637 2496 3710 νύμφης
2533 3638 2596 3692 ού
2631 3636 2706 3709 μὴ
2750 3636 2993 3708 ἀκουσθῇ
3034 3637 3091 3689 ὲν
3134 3636 3218 3689 σοὶ
3255 3635 3377 3688 ἔτιο
3420 3636 3500 3690 ὅτι
3536 3634 3580 3686 οἱ
3608 3632 3683 3704 ίμ-

2152 3731 2311 3806 ποροί
2359 3747 2453 3785 σου
2490 3726 2632 3803 ἦσαν
2677 3732 2728 3785 οί
2769 3730 3088 3802 μεγιστᾶνες
3128 3728 3229 3799 τῆς
3279 3729 3414 3800 γῆς·
3448 3730 3527 3783 ὅτι
3560 3727 3681 3797 ὲντῇ

2151 3821 2471 3896 φαρμακείᾳ
2503 3839 2597 3876 σου
2625 3822 3006 3895 ἐπλανήθησαν
3038 3821 3217 3876 πάντα
3244 3822 3321 3880 τά
3351 3823 3503 3895 ἔθνη·
3531 3821 3609 3876 καὶ
3635 3821 3678 3872 ὲν

2147 3918 2215 3988 τῇ
2247 3915 2383 3986 αὐτῇ
2412 3910 2547 3985 αἷμα
2580 3914 2691 3969 τῶν
2721 3913 3014 3986 προφητῶν
3051 3913 3144 3968 καὶ
3169 3914 3345 3982 ἁγίων
3373 3913 3578 3987 εὑρέθη,
3605 3910 3679 3966 καὶ

2147 4006 2365 4062 πάντων
2388 4005 2496 4060 τῶν
2523 4004 2886 4077 ἐσφαγμένων
2914 4004 3009 4058 ἐπὶ
3038 4004 3139 4076 τῆς
3165 4005 3290 4077 γῆς.
3321 4023 3342 4059 ι

2216 4119 2352 4192 Περὶ
2405 4118 2503 4190 μὲν
2549 4118 2649 4191 τῆς
2697 4117 2807 4172 τῶν
2857 4117 3126 4189 βασάνων,
3181 4117 3294 4173 τῶν
3339 4114 3676 4191 ἐπερχομένων

2145 4213 2282 4286 αὐτῇ
2315 4212 2404 4265 ἐπ’
2431 4211 2675 4292 ἐσχάτων
2717 4211 2824 4265 ὑπὸ
2861 4209 2973 4283 (86)
3003 4211 3113 4264 τῶν
3152 4210 3272 4264 τότε
3317 4211 3576 4281 ἐσομένων
3604 4225 3675 4260 τυ-

462 4285 652 4341 tremis
680 4285 1051 4356 temporibus,
1086 4303 1182 4358 per
1213 4298 1570 4360 tyrannorum
1596 4294 1688 4363 qui
1725 4304 1852 4350 tunc
1881 4305 2041 4352 erunt

2175 4304 2354 4358 άννων
2393 4285 2626 4375 μερικῆς
2666 4302 2929 4373 κρίσεως,
2972 4300 3283 4371 σαφέστατα
3310 4302 3369 4354 ὲν
3393 4304 3502 4365 τοῖς
3525 4300 3674 4373 ῥητοῖς

459 4377 745 4447 injuriam,
778 4379 926 4435 illam
952 4379 1236 4437 inecssura
1265 4390 1397 4468 sunt
1429 4400 1444 4438 :
1477 4398 1656 4454 opera:
1682 4388 1916 4456 pretium
1947 4405 2041 4446 ve-

2175 4394 2349 4460 ούτοις
2386 4394 2707 4468 δεδήλωται·
2741 4392 2822 4447 δεῖ
2846 4392 2904 4446 δὲ
2936 4394 3085 4465 ἡμᾶς
3120 4394 3217 4447 καὶ
3247 4394 3341 4448 τὸν
3371 4394 3551 4466 χρόνον
3575 4390 3674 4462 ἑξη-

465 4485 527 4523 ro
552 4479 658 4538 est,
709 4480 769 4527 ut
793 4480 849 4527 et
871 4479 1088 4543 tempus
1113 4473 1359 4546 diligenti
1396 4477 1649 4534 examine
1674 4494 2038 4551 exponamus,

2176 4486 2509 4561 ριϐωμένους
2557 4486 2669 4560 (87)
2719 4485 3008 4550 ἐκθέσθαι,
3055 4488 3114 4542 ὲν
3155 4480 3238 4551 οἷς
3280 4490 3489 4561 καιροῖς
3530 4483 3672 4540 ταῦτα

459 4562 679 4631 quando
706 4563 1192 4621 scilicet't‘uturum
1225 4565 1297 4622 sit
1324 4576 1382 4623 ut
1407 4569 1522 4625 haec
1542 4571 1814 4641 eveniant,
1844 4582 1898 4629 et
1916 4589 2039 4631 cor-

2175 4579 2498 4652 υμϐήσεται,
2543 4580 2639 4635 καὶ
2681 4579 2758 4644 ὡς
2792 4579 2853 4633 τὸ
2895 4578 3061 4652 κέρας
3092 4579 3154 4632 τὸ
3195 4582 3389 4653 μικρὸν
3431 4583 3486 4634 ὲν
3520 4579 3671 4641 αὐτοις

461 4667 533 4705 nu
574 4651 709 4708 illud
737 4669 967 4723 parvum
1012 4657 1155 4712 inter
1181 4673 1278 4715 eos
1306 4669 1568 4732 emergat.
1623 4660 1829 4734 Nempe
1855 4681 2034 4736 quan-

2175 4651 2558 4744 ναφανήσεται.
2605 4670 2729 4726 Τῶν
2770 4670 2880 4745 γάρ
2921 4651 3147 4743 κνημῶν
3185 4651 3308 4727 τῶν
3334 4672 3559 4745 σιδηρῶν
3583 4668 3669 4723 τῶν

452 4745 525 4802 do
552 4761 715 4803 crura
763 4747 942 4804 ferrea
987 4763 1109 4820 qua:
1152 4751 1449 4808 etiamnum
1497 4769 1679 4810 rerum
1723 4758 2026 4827 potiuntur,

2175 4762 2231 4818 ὗν
2269 4763 2349 4818 ἔτι
2394 4762 2728 4836 κρατουσῶν,
2782 4763 2876 4818 ἐπὶ
2918 4763 2987 4818 τά
3033 4763 3162 4835 ἴχνη
3213 4764 3324 4819 τῶν
3370 4764 3556 4826 ποδῶν,
3592 4756 3670 4815 καὶ

452 4838 521 4895 ad
546 4838 773 4912 vestigia
802 4839 1003 4911 pedum
1034 4842 1344 4916 digitosque
1367 4847 1660 4916 evaserint,
1682 4848 1842 4920 juxta
1861 4850 2025 4908 simu-

2175 4854 2258 4920 οὓς
2293 4854 2592 4922 δακτύλους
2629 4854 2996 4929 χωρησάντων
3034 4856 3178 4911 κατὰ
3217 4856 3318 4932 τὴν
3361 4857 3460 4930 τῆς
3492 4852 3671 4916 eum

520 5047 569 5086 “
601 5049 774 5123 Apoc.
811 5066 970 5118 xvttt,
1003 5053 1154 5112 1-24.

516 5232 1771 5329 @512”:fii-§‘€€n€°c:..8insﬂariste?
1798 5248 2014 5318 ειεοιεος

2175 5267 2293 5329 nam
2323 5263 2570 5329 nostrum
2601 5254 2732 5310 illud
2761 5254 2863 5329 rite
2892 5255 3175 5329 designat;
3221 5273 3459 5329 veraque
3486 5265 3549 5329 et
3576 5262 3664 5310 tor-

444 5315 569 5398 aptf
602 5316 787 5398 tamen
805 5312 1184 5398 calvoxtsiet
1211 5314 1302 5395 alii
1331 5312 1551 5398 codices
1572 5312 2014 5387 astipularentur,
2127 5312 2287 5398 malis
2318 5323 2456 5398 ratio
2504 5334 2586 5379 est
2631 5312 3043 5398 constituendi"
3057 5312 3288 5384 celebris
3333 5312 3572 5398 einporii,
3620 5331 3661 5377 rt

444 5390 571 5462 f’f'f.“
599 5392 790 5462 (ξωηθε
816 5378 1070 5462 habeam.
1102 5383 1168 5436 ἐκ
1209 5383 1313 5455 τῆς
1358 5378 1734 5462 τιμιότητοςξη
1757 5406 1879 5459 qua;
1910 5378 2013 5446 vox
2122 5393 2269 5462 quod
2319 5394 2391 5448 ita
2447 5378 3301 5454 mercatore—sv,villo—ditescant:
3340 5378 3595 5452 illisillis
3619 5402 3665 5448 et

443 5448 576 5525 satis
599 5448 786 5525 dura,__
814 5465 915 5506 nec
960 5450 1029 5506 ad
1057 5448 1310 5525 sensum
1360 5448 1823 5525 ex'pediiaCNain

446 5511 611 5598 Vulg:
637 5511 814 5598 reddit
847 5537 868 5574 ι
900 5523 1191 5598 capretiis
1215 5526 1353 5598 suis,
1382 5545 1400 5577 ι
1422 5511 1578 5596 (ῖιιοεί
1601 5511 2003 5598 τεηῖιῖιῖυεῖεἷξ

442 5587 541 5663 etsi
596 5587 670 5663 ita
702 5590 868 5649 etiam
924 5587 1222 5663 Ethiopic.
1274 5593 1392 5649 Non
1440 5587 1587 5652 male
1626 5599 1847 5655 Arabic.
1897 5587 2009 5656 rei

443 5651 585 5734 ίτειιι
618 5658 773 5734 ejus;
822 5679 842 5711 ι
899 5672 985 5718 εει
1027 5651 1172 5719 enim
1209 5681 1273 5720 ea
1305 5667 1446 5721 ratio
1478 5651 1652 5723 facilis
1678 5651 2009 5726 dis—tractio:

437 5730 525 5782 nis
578 5730 863 5801 mercium,
921 5734 1016 5790 scd
1072 5740 1352 5807 supposita
1409 5738 1681 5808 opulentia
1737 5740 2012 5812 civitatis,

1865 5462 2012 5531 quod
2121 5462 2319 5528 fastus,
2348 5463 2505 5532 quasi
2535 5475 2739 5521 remota
2788 5478 2840 5523 et
2874 5470 3204 5526 communis.
3237 5469 3468 5525 Couusr.

2190 5532 2301 5605 (86)
2353 5534 2483 5587 Ὑπὸ
2508 5533 2644 5587 τῶν.
2677 5536 2948 5605 Combcf.,
2974 5538 3084 5591 ἀπὸ
3106 5542 3232 5593 τῶν.

2192 5604 2304 5682 (Ψ)
2358 5604 3059 5682 Ἐξηκριϐωμένουςέωε.
3086 5609 3341 5681 Ebroie.,
3397 5606 3661 5682 ὲξακριόα-

2120 5672 2398 5746 ζομένους.
2424 5674 2561 5732 Guo.
