3876 6340
487 349 594 403 765

1119 343 1180 397 S.
1225 339 1580 396 l-lIPPOLYh
1618 339 1768 394 OPP.
1809 338 1987 393 PARS
2024 337 2086 392 ll.
2129 368 2196 378 ——
2237 335 2538 393 DOGMAT.
2584 337 2671 393 ET
2715 336 3061 394 HISTORIC.
3582 345 3664 400 764

492 476 654 538 pante
691 466 907 531 militia,
965 474 1019 520 et
1069 464 1123 518 in
1148 461 1381 518 Paterna
1408 461 1654 518 claritate
1684 461 1763 528 '°;
1818 475 2048 530 quomo-

2174 459 2353 530 Pﬂ‘mc'
2375 479 2392 510 α
2417 458 2648 513 Βασιλέα
2676 459 2814 530 μετά
2840 457 2997 531 δόξης
3026 459 3218 529 ὄψεσθε
3237 479 3248 491 ·
3273 463 3360 516 καί
3376 479 3388 492 ο
3420 463 3668 538 Ἐθεώρουν

489 559 562 613 do
601 560 676 612 ait
723 557 984 628 prOpheta
1019 573 1035 610 :
1079 573 1096 606 ‹
1134 553 1402 609 Videbitis
1444 567 1623 623 regem
1672 552 1727 607 in
1769 552 1966 608 decore
2007 563 2062 606 et

493 651 774 716 majestate
811 649 888 716 ⁸¹;
933 665 952 700 ι
1030 655 1084 704 et
1119 664 1134 700 :
1189 665 1208 698 ‹
1250 645 1594 716 Aspiciebam
1659 660 1782 699 cum
1826 644 2063 700 nubibus

491 739 614 794 coeli
641 747 902 806 tanquam
956 735 1164 792 Filium.
1199 734 1437 788 hominis
1461 733 1785 797 venientem,
1811 740 1867 786 et
1889 747 2064 801 usque

494 831 560 884 ad
589 829 888 897 Antiquum
937 828 1149 883 dierum
1199 825 1445 896 pervenit
1477 843 1489 878 :
1523 833 1578 880 et
1614 825 1829 879 oblatus
1871 832 1954 878 est
1978 823 2060 890 ei;

496 933 549 978 et
577 922 762 976 datum
791 929 877 976 est
903 920 952 976 ei
978 919 1263 990 imperium
1303 925 1358 972 et
1389 918 1565 972 honor
1614 926 1668 972 ct
1701 915 1872 986 gloria
1897 925 1951 970 et
1977 931 2064 970 re-

497 1031 684 1086 gnum,
713 1029 904 1068 omnes
935 1013 1111 1067 tribus
1138 1022 1190 1066 et
1220 1012 1416 1081 linguae
1452 1011 1691 1066 servient
1717 1010 1797 1074 ei;
1834 1025 2060 1080 regnum

494 1109 616 1178 ejus
659 1122 885 1177 regnum
931 1118 1226 1171 aeternum,
1275 1104 1419 1174 quod
1466 1119 1572 1158 non
1633 1103 1874 1158 interibit
1921 1103 1988 1157 ⁸⁸.
2038 1122 2056 1154 ι

497 1195 592 1254 Sic
635 1207 689 1252 et
731 1197 842 1251 duo
879 1211 1246 1266 przecursores
1295 1194 1579 1248 monstrati
1631 1203 1778 1249 sunt.
1845 1193 2061 1249 Primus

497 1289 600 1344 fuit
625 1287 884 1354 Joannes,
922 1287 1202 1341 Zachariae
1239 1287 1403 1353 ﬁlius,
1433 1287 1526 1355 qui
1556 1286 1609 1339 in
1634 1287 1890 1341 omnibus
1919 1302 2060 1356 prae-

497 1395 688 1436 cursor
720 1396 783 1436 ac
811 1395 988 1450 praeco
1015 1378 1314 1434 Salvatoris
1346 1378 1586 1445 exstitit;
1620 1378 1950 1448 cmlesteque
1979 1379 2062 1434 lu-

498 1490 621 1529 men
656 1473 800 1544 quod
829 1471 1031 1527 mundo
1079 1472 1349 1533 illuxerat,
1399 1472 1751 1533 annuntians,
1785 1485 1851 1524 ex
1872 1470 2064 1526 matris

497 1576 655 1622 utero
687 1564 1041 1636 praecursoris
1072 1573 1253 1633 partes
1303 1562 1546 1632 implevit
1579 1561 1808 1631 primus,
1857 1560 1926 1615 ab
1951 1554 2064 1614 Eli-

499 1659 693 1714 sabcth
738 1665 1066 1726 conceptus;
1124 1664 1184 1710 ut
1225 1664 1280 1710 et
1330 1655 1416 1710 his
1445 1654 1538 1725 qui
1571 1668 1638 1708 ex
1679 1652 1870 1708 matris
1904 1652 2065 1708 vulva

496 1748 706 1820 parvuli
739 1757 896 1803 erant
919 1789 934 1813 ,
971 1763 1164 1802 novam
1194 1762 1261 1802 ex
1289 1747 1495 1816 Spiritu
1523 1754 1712 1801 sancto
1739 1752 1794 1799 et
1819 1743 2062 1815 Virgine,

501 1856 609 1910 qua
645 1839 883 1894 donandi
912 1849 1118 1905 essent,
1150 1837 1484 1892 nativitatem
1517 1835 1843 1890 ostenderet.

573 1928 736 1984 XLV.
779 1928 879 1985 llic
907 1929 1092 1984 audita
1119 1927 1310 1982 matris
1339 1925 1682 1990 salutatione,
1717 1923 1919 1978 exsiliit
1939 1938 2069 1994 gau-

498 2022 634 2076 dens
671 2022 724 2075 in
754 2029 908 2074 utero
932 2019 978 2051 ⁸³
1004 2061 1019 2086 ,
1070 2019 1125 2072 in
1177 2013 1416 2086 Virginis
1459 2014 1662 2084 pariter
1695 2021 1847 2066 utero
1875 2027 2070 2067 conce-

497 2123 647 2184 ptum
685 2112 853 2165 Deum
887 2109 1124 2166 Verbum
1157 2109 1396 2163 intuens.
1443 2105 1645 2160 Deinde
1679 2103 2069 2174 praedicaturus

496 2200 550 2254 in
578 2201 856 2253 desertum
902 2197 1068 2262 venit,
1114 2194 1443 2250 annuntians
1489 2194 1687 2264 populo
1741 2193 2068 2263 baptismum

501 2290 870 2359 pmnitentize;
925 2301 1120 2356 nempe
1165 2285 1462 2357 gentilibus
1509 2284 1564 2338 in
1612 2283 1802 2338 mundi
1856 2283 2070 2340 deserto

497 2381 830 2445 viventibus,
863 2379 1095 2436 salutem
1131 2377 1524 2448 praenuntiatus.
1586 2375 1725 2430 Tum
1756 2375 1810 2431 in
1834 2374 2071 2432 Jordane

497 2473 674 2543 ipsum
716 2487 900 2528 coram
933 2471 1271 2526 Salvatorem
1306 2468 1564 2533 ostendit,
1604 2467 1831 2523 dicens:
1877 2487 1895 2518 ι
1931 2467 2071 2522 Ecce

498 2567 686 2637 Agnus
727 2564 860 2633 Dei,
913 2565 1008 2636 qui
1053 2564 1195 2620 tollit
1247 2571 1529 2632 peccatum
1575 2561 1763 2619 mundi
1793 2561 1858 2614 ".
1891 2579 1910 2612 ι
1970 2559 2070 2615 llic

498 2659 569 2714 iis
598 2658 762 2714 etiam
792 2657 885 2728 qui
914 2665 1072 2713 erant
1117 2656 1171 2710 in
1226 2653 1440 2710 inferno
1475 2653 1625 2724 prior
1655 2652 2067 2723 evangelizavit,

500 2750 749 2806 sublatus
804 2747 1036 2804 Herodis
1081 2747 1292 2820 gladio,
1347 2745 1459 2800 illic
1508 2744 1684 2799 factus
1729 2759 2070 2814 praecursor;

503 2857 694 2912 nempe
719 2842 794 2897 ibi
828 2855 1047 2912 quoque
1077 2840 1414 2894 indicaturus
1435 2835 1858 2906 exspectandum
1883 2833 2074 2889 Salva-

500 2935 636 2990 toris
667 2934 1022 2997 descensum,
1061 2931 1152 3001 qui
1185 2939 1497 2986 sanctorum
1547 2927 1758 2984 animas
1798 2927 1866 2983 de
1905 2942 2071 2982 manu

505 3027 696 3084 mortis
723 3035 867 3081 esset
896 3025 1242 3079 liberaturus.

572 3201 757 3258 XLVI.
797 3201 953 3267 Quod
986 3198 1262 3254 enimvero
1320 3191 1566 3250 Salvator
1603 3205 1920 3251 cunctorum
1968 3197 2069 3251 ho-

504 3297 713 3350 miuum
737 3291 1153 3350 resurrectionis
1179 3289 1504 3360 principium
1528 3297 1823 3358 auctorque
1851 3289 2067 3343 futurus

503 3395 642 3452 erat,
698 3401 796 3456 par
821 3392 939 3440 erat
967 3391 1028 3438 ut
1051 3398 1194 3438 unus
1229 3381 1342 3451 ipse
1368 3397 1398 3434 a
1427 3379 1658 3436 mortuis
1690 3380 2066 3447 suscitarctur,

505 3493 600 3547 per
629 3491 789 3546 quem
818 3475 1085 3546 judicium
1116 3474 1172 3528 in
1201 3488 1418 3528 omnem
1447 3473 1711 3528 mundum
1747 3473 1948 3527 intrare
1973 3472 2070 3526 de-

507 3569 695 3634 beret;
751 3575 811 3622 ut
833 3567 929 3636 qui
958 3567 1118 3636 digne
1156 3565 1325 3621 functi
1357 3564 1653 3645 certamine
1677 3574 1882 3629 essent,
1914 3564 2074 3636 digne

506 3676 725 3734 quoque
749 3661 818 3716 ab
845 3674 911 3716 eo
947 3667 1371 3726 coronarentur;
1413 3659 1672 3728 praeclaro
1699 3658 1908 3714 scilicet
1943 3673 2075 3728 ago-

507 3755 594 3810 nis
646 3754 908 3825 positore,
949 3760 1002 3807 et
1039 3751 1132 3822 qui
1173 3751 1386 3821 primus
1426 3751 1662 3807 stadium
1705 3749 2072 3805 confecisset:

507 3849 600 3920 qui
635 3848 689 3903 in
719 3847 916 3903 caelum
946 3854 1196 3916 receptus
1222 3886 1237 3912 ,
1282 3845 1338 3899 in
1384 3843 1481 3900 Dei
1528 3859 1592 3899 ac
1633 3842 1808 3898 Patris
1858 3842 2078 3897 dextera

511 3942 694 4005 sedet,
734 3955 798 3994 ac
839 3953 1032 3993 rursus
1061 3938 1116 3992 in
1149 3936 1338 3992 mundi
1361 3935 1860 4002 consummatione,
1909 3935 2077 4003 judex

511 4030 946 4087 manifestandus
987 4035 1090 4085 est.
1155 4027 1386 4083 Necesse
1428 4035 1512 4082 est
1540 4037 1599 4081 ut
1624 4026 1742 4095 ejus
1774 4039 2076 4095 praecurso-

511 4141 600 4179 res
629 4132 756 4178 ante
800 4120 1244 4186 manifestentur,
1294 4117 1751 4188 quemadmodum
1779 4131 1874 4184 per
1901 4114 2070 4168 Mala-

511 4217 692 4273 cbiam
743 4225 797 4270 ct
841 4215 1086 4284 angelum
1135 4211 1266 4266 dicit
1311 4229 1324 4264 :
1391 4229 1408 4260 ι
1440 4209 1646 4263 Mittam
1693 4207 1847 4264 vobis
1898 4205 2072 4259 Eliam

513 4299 826 4371 Thesbiten,
879 4315 1172 4373 antequam
1220 4301 1397 4355 veniat
1441 4299 1554 4354 dies
1587 4298 1801 4352 Domini
1847 4312 2076 4367 magnus

511 4411 566 4456 ct
597 4397 997 4455 manifestus”.
1048 4394 1114 4448 Et
1139 4392 1356 4448 reducet
1381 4391 1542 4445 corda
1576 4399 1790 4460 patrum
1823 4389 1891 4444 ad
1917 4388 2076 4452 ﬁlios,

583 4542 630 4571 ⁸⁸
667 4537 800 4591 Luc.
834 4552 923 4600 Ix,
954 4533 1044 4588 26.
1118 4531 1163 4564 ’ί
1201 4529 1302 4585 lsa.
1332 4543 1523 4594 xxxrtt,
1553 4527 1638 4582 l7.
1714 4528 1758 4558 δ’
1798 4525 1932 4580 Dan.
1962 4542 2059 4594 vn,
2089 4526 2174 4590 1⁸5,
2201 4530 2290 4587 14.

516 4625 590 4673 ιν,
621 4608 676 4673 5,
710 4609 762 4663 6.

2166 552 2301 622 μετά
2341 551 2448 604 τῶν
2481 552 2718 620 νεφελῶν
2761 551 2856 606 τοῦ
2907 552 3138 622 ούρανοῦ
3163 553 3237 617 ώς
3266 554 3387 607 Υίδν
3428 556 3669 629 ἀνθράηωυ

2161 642 2470 715 ἐρχόμενον,
2495 644 2588 696 καὶ
2611 643 2716 706 ἕως
2737 644 2831 696 τοῦ
2861 641 3098 698 Παλαιοῦ
3123 643 3229 697 τῶν
3253 645 3458 716 ἡμερῶν
3478 647 3668 716 έφθασευ

2161 737 2255 788 καὶ
2322 736 2670 808 προσηνέχθη
2721 736 2895 807 αὐτῷ,
2947 737 3043 791 καὶ
3091 736 3237 808 αὐτῷ
3293 738 3437 810 ἐδόθη
3479 743 3668 815 nam.

2162 829 2256 882 καὶ
2290 829 2518 901 ήτιμὴ,
2562 830 2658 884 καὶ
2703 831 2736 901 ἡ
2773 829 2922 897 δόξα,
2960 831 3054 884 καὶ
3094 832 3128 901 ή
3156 831 3419 901 βασιλεία’
3448 835 3595 886 πᾶσαι
3627 835 3673 888 ai

2163 921 2355 989 φυλαὶ,
2395 925 2489 975 καὶ
2523 921 2766 990 γλῶσσαι
2788 923 3161 977 δουλεύσουσιν
3191 923 3368 993 αὐτῷ·
3410 927 3441 994 ἠ
3476 924 3673 993 βασιλεία

2161 1010 2349 1075 αὐτοῦ,
2391 1013 2636 1083 βασιλεία
2677 1013 2914 1081 αἰώνιος,
2961 1016 3082 1085 ἥτις
3126 1015 3187 1067 ού
3233 1014 3670 1086 διαφθαρήσεται..

2162 1102 2314 1156 Ούτω
2357 1103 2451 1157 καὶ
2479 1102 2570 1158 δύο
2595 1104 2889 1176 πρόδρομοι
2940 1104 3289 1174 ἐδείχθησαν·
3324 1107 3351 1158 6
3377 1105 3466 1174 μὲν
3500 1106 3675 1176 πρῶτος

2163 1195 2449 1266 γενόμενος
2507 1196 2793 1269 Ἰωάννης,
2844 1200 2872 1251 6
2913 1197 3007 1250 τοῦ
3056 1197 3321 1268 Ζαχαρίου
3382 1197 3512 1264 υἱὸς,
3563 1199 3678 1252 κατὰ

2164 1285 2339 1340 πάντα
2385 1287 2690 1359 πρόδρομος
2750 1289 2845 1341 καὶ
2899 1287 3074 1359 κῆρυξ
3120 1288 3215 1340 τοῦ
3270 1289 3503 1358 Σωτῆρος
3551 1289 3678 1358 ἡμῶν

2162 1376 2436 1447 γενηθεὶς,
2487 1377 2966 1449 εὐαγγελιζόμενος
3011 1379 3070 1430 τὸ
3123 1380 3433 1448 ἐπουράνιον
3475 1379 3598 1447 φῶς,
3631 1379 3680 1432 τὺ

2164 1470 2222 1522 ἐν
2277 1468 2464 1540 κόσμῳ
2517 1469 2703 1539 φανὲν,
2737 1469 3079 1541 προέδραμεν
3135 1471 3201 1522 ἐκ
3254 1469 3452 1532 κοιλίας
3510 1472 3679 1542 μητρὸς

2164 1559 2410 1631 πρῶτος,
2467 1560 2790 1632 συλληφθεὶς
2835 1563 2939 1615 ὑπὸ
2988 1561 3091 1632 τῆς
3148 1561 3448 1625 Ἐλισάϐετ,
3494 1563 3570 1616 ἵνα
3605 1565 3681 1616 καὶ

2163 1655 2273 1717 τοῖς
2302 1655 2365 1706 ἐκ
2389 1652 2593 1718 κοιλίας
2625 1653 2832 1725 μητρὸς
2864 1653 3082 1725 νηπίοις
3109 1655 3456 1725 ὑπάρχουσιν,
3482 1655 3681 1726 ἐπιδείξῃ

2163 1747 2260 1816 τὴν
2290 1745 2552 1816 ἐσομένην
2593 1746 2772 1809 αὐτοῖς
2799 1745 2885 1800 διὰ
2911 1745 3225 1817 Πνεύματος
3265 1746 3415 1814 ἁγίου
3448 1747 3530 1799 καὶ
3568 1748 3682 1818 Παρ-

2169 1839 2342 1902 θένου,
2378 1838 2569 1910 καινὴν
2600 1837 2870 1909 γέννησιν.

2252 1925 2422 1994 Οὗτος
2478 1929 2716 1994 ἀκούσας
2774 1930 2868 1983 τὸν
2921 1929 3210 2001 ἀσπασμὸν
3269 1930 3367 2000 τῆς
3433 1928 3683 1990 Ἐλισάδετ.

2169 2023 2492 2095 ἐσκίρτησεν
2547 2025 2605 2076 ἐν
2655 2023 2835 2094 κοιλίᾳ
2902 2023 3108 2094 μητρὸς
3168 2022 3519 2092 ἀγαλλόμενος
3571 2021 3685 2090 (95),

2169 2112 2369 2184 ἐνορῶν
2405 2112 2494 2166 τὸν
2538 2113 2596 2166 ἐν
2637 2112 2812 2184 κοιλίᾳ
2850 2113 2948 2183 τῆς
2991 2113 3268 2186 Παρθένου
3318 2114 3689 2185 συνειλημμένον

2169 2206 2300 2260 Θεὸν
2327 2204 2517 2274 Λόγον.
2553 2205 2782 2257 Ἔπειτα
2828 2203 3116 2276 κηρύσσων
3145 2207 3204 2258 ἐν
3239 2209 3306 2278 τῇ
3337 2208 3516 2277 ἐρήμῳ
3550 2223 3687 2275 παρε-

2172 2296 2379 2366 γένετο,
2423 2293 2701 2366 βάπτισμα
2742 2295 3026 2366 μετανοίας
3067 2295 3144 2366 τῷ
3183 2295 3299 2366 λαῷ
3339 2295 3687 2364 καταγγέλλων

2173 2389 2497 2459 προμηνύων
2546 2385 2812 2456 σωτηρίαν
2849 2387 2962 2449 τοῖς
2987 2386 3044 2440 ἐν
3085 2385 3297 2458 ἐρημίᾳ
3342 2385 3534 2458 κόσμου
3573 2385 3692 2439 πολι·

2171 2479 2476 2550 τευομένοις
2538 2477 2734 2532 ἐθνεσι.
2796 2478 2954 2533 Μετά
3006 2478 3180 2532 ταῦτα
3236 2479 3298 2532 ἐν
3361 2477 3436 2548 τῷ
3490 2477 3690 2549 Ἰορδάνῃ

2173 2574 2393 2644 adt-odiet
2426 2574 2658 2629 δεικνύει
2696 2575 2786 2628 τὸν
2814 2571 3070 2644 Σωτῆρα,
3118 2572 3212 2625 καὶ
3255 2570 3434 2640 λέγει’
3485 2589 3503 2622 ι
3530 2571 3636 2636 Ἴδε,
3670 2573 3692 2624 ὁ

2184 2665 2376 2736 Ἀμνὸς
2397 2665 2488 2720 τοῦ
2509 2665 2664 2732 Θεοῦ,
2684 2666 2712 2718 6
2727 2665 2892 2736 αἴρων
2918 2664 3018 2735 τὴν
3046 2663 3321 2736 ἁμαρτίαν
3350 2661 3438 2716 τοῦ
3463 2662 3688 2732 κόσμου.»

2172 2754 2338 2822 Οὗτος
2405 2757 2714 2830 προέφθασε
2776 2757 2872 2810 καὶ
2931 2758 3043 2819 τοῖς
3101 2758 3160 2810 ἐν
3223 2755 3332 2827 ἅδῃ
3389 2753 3693 2823 εὐαγγελίσα-

2174 2851 2294 2904 σθαι
2322 2850 2462 2922 (94),
2499 2849 2804 2921 ἀναιρεθεὶς
2839 2849 2942 2902 ὑπὸ
2988 2848 3226 2920 Ἡρώδου
3249 2889 3267 2910 ,
3314 2849 3596 2922 πρόδρομος
3627 2860 3696 2912 γε-

2172 2941 2392 3012 νόμενος
2423 2943 2563 2994 ἐκεῖ·
2599 2941 2878 3012 σημαίνειν
2915 2940 3116 3012 μέλλων
3151 2941 3380 3010 κάκεῖσε
3425 2936 3697 2992 κατελεύσε-

2177 3032 2297 3086 σθαι
2327 3033 2417 3086 τὸν
2452 3033 2677 3104 Σωτῆρα
2713 3031 3068 3104 λυτρούμενον
3099 3031 3196 3095 τὰς
3225 3031 3338 3085 τῶν
3366 3030 3524 3099 ἁγίων
3557 3026 3698 3098 ψυχὰς

2095 3153 2137 3212 C
2173 3124 2236 3179 ἐκ
2262 3124 2445 3196 χειρὸς
2476 3124 2726 3179 θανάτου.

2253 3215 2391 3268 Ἀλλ’
2418 3215 2601 3284 ἐπειδὴ
2644 3212 2784 3286 ἀρχὴ
2820 3212 3165 3276 ἀναστάσεως
3197 3212 3416 3267 πάντων
3445 3208 3698 3280 ἀνθρώπων

2171 3301 2238 3377 ἦν
2277 3307 2306 3358 6
2337 3304 2545 3376 Σωτὴρ,
2592 3303 2698 3357 ἔδει
2735 3304 2827 3357 τὸν
2865 3303 3064 3374 Κύριον
3109 3303 3274 3374 μόνον
3317 3299 3612 3358 ἀνίστασθαι
3651 3299 3700 3350 ἐκ

2174 3396 2280 3451 τῶν
2301 3395 2530 3468 νεκρῶν,
2551 3395 2619 3448 δι’
2643 3391 2703 3449 οὗ
2739 3397 2772 3465 ἡ
2797 3397 2976 3468 κρίσις
3005 3395 3168 3450 παντὶ
3193 3395 3274 3466 τῷ
3301 3396 3484 3466 κόσμῳ
3508 3386 3701 3446 εἰσελεύ-

2179 3505 2359 3542 σεται·
2399 3487 2488 3541 ’ίνα
2525 3488 2574 3540 οἱ
2603 3487 2768 3553 ἀξίως
2805 3488 3226 3558 ἀγωνισάμενοι,
3271 3486 3440 3552 ἀξίως
3479 3485 3563 3539 καὶ
3599 3480 3700 3553 παρ’

2179 3578 2343 3632 αὑτοῦ
2406 3577 2854 3648 στεφανωθῶσιν·
2904 3578 3008 3632 ὑπὸ
3043 3578 3136 3632 τοῦ
3180 3578 3349 3631 καλοῦ
3388 3573 3698 3646 ἀγωνοθέτου.

2177 3669 2394 3742 πρώτου
2423 3670 2483 3724 τὸ
2513 3670 2720 3725 στάδιον
2751 3671 3082 3741 διηνυκότος,
3113 3669 3206 3723 τοῦ
3234 3669 3615 3741 ἀναληφθέντος
3637 3666 3703 3725 είς

2175 3761 2468 3832 οὐρανοὺς,
2511 3761 2606 3814 καὶ
2650 3762 2708 3814 ἐν
2742 3759 2890 3832 δεξιᾷ
2929 3759 3022 3814 τοῦ
3050 3760 3184 3814 Θεοῦ
3215 3762 3314 3814 καὶ
3354 3760 3553 3831 Πατρός
3597 3754 3700 3808 καθο

2178 3852 2454 3918 εσθέντος,
2497 3853 2592 3905 καὶ
2635 3851 2795 3906 πάλιν
2839 3852 2934 3904 ἐπὶ
2972 3855 3036 3922 τῇ
3090 3851 3372 3923 συντελείᾳ
3409 3850 3498 3904 τοῦ
3535 3849 3700 3917 κόσμου

2177 3944 2363 4016 κριτοῦ
2420 3943 3004 4016 πεφανερωθησομένου
3057 3943 3204 4015 (95).
3275 3942 3599 4012 Ἀναγκαίως
3642 3938 3704 3989 δεῖ

2179 4035 2428 4107 πρώτους
2457 4037 2580 4100 τοὺς
2622 4036 2958 4108 προδρόμους
2985 4037 3150 4090 αὑτοῦ
3185 4036 3577 4109 φανερωθῆναι,
3599 4029 3706 4084 καθ·

2177 4121 2252 4186 ὼς
2288 4124 2376 4177 διὰ
2416 4125 2693 4194 Μαλαχίου
2730 4127 2822 4178 καὶ
2863 4126 3094 4194 ἀγγέλου
3143 4126 3253 4198 (96)
3289 4128 3450 4199 φησί·
3485 4145 3502 4177 ι
3534 4121 3704 4192 Πέμψω

2179 4214 2306 4284 ύμῖν
2341 4214 2523 4267 Ἠλίαν
2553 4215 2643 4268 τὸν
2670 4216 2952 4287 Θεσϐίτην,
2985 4219 3115 4288 πρὶν
3145 4219 3178 4290 ἦ
3209 4218 3388 4272 ἐλθεῖν
3416 4217 3507 4288 τὴν
3532 4214 3704 4286 ἡμέραν

2181 4302 2518 4373 Κυρίου,τὴν
2552 4304 2792 4376 μεγάλην
2819 4307 2911 4358 καὶ
2936 4305 3193 4376 ἐπιφανῆ·
3225 4307 3284 4369 ὃς
3312 4303 3706 4372 ἀποκαταστήσει

2184 4394 2408 4467 καρδίας
2446 4396 2696 4470 πατέρων
2727 4399 2821 4451 ἐπὶ
2857 4399 3043 4466 τέκνα,
3072 4399 3166 4453 καὶ
3194 4399 3440 4462 ἀπειθεῖς
3465 4400 3520 4451 ἐν
3547 4392 3707 4468 φρονή-

2393 4532 2438 4566 ⁵³
2475 4533 2608 4590 Luc.
2641 4552 2680 4602 ι,
2712 4535 2803 4592 Ill.
2902 4536 2947 4569 ⁸⁸
2987 4535 3144 4591 Joan.
3179 4535 3221 4604 Ι,
3253 4536 3345 4592 29.
3445 4535 3488 4566 ⁸⁸
3514 4528 3706 4586 Malacb.

514 4737 705 4777 omnes
750 4719 994 4776 veritatis
1041 4716 1220 4774 studio
1261 4715 1570 4772 Christiana
1595 4715 1793 4785 pietate
1822 4727 1885 4769 ac
1913 4713 2069 4767 εὐλα-
2099 4703 2149 4776 θ’
2173 4733 2296 4771 cum
2329 4717 2433 4775 bac
2459 4718 2738 4775 Malacbiae
2762 4718 3127 4774 auctoritate?
3163 4719 3434 4787 ,Ἄγγελος
3471 4728 3590 4769 vero
3614 4720 3707 4779 ety-

515 4793 638 4861 6είᾳ
681 4793 738 4846 in
775 4791 974 4861 divinis
1023 4788 1319 4861 Scripturis
1347 4802 1567 4861 operam
1599 4800 1953 4857 poneremus,
1979 4800 2071 4861 ea-

517 4855 748 4931 rumque
776 4855 1406 4931 elucidatioueaccultu,
1438 4855 1615 4912 vitam?
1633 4867 1891 4912 aeternam
1914 4855 2073 4910 nobis

516 4929 736 5004 praemio
751 4946 1129 5004 quaereremus
1149 4931 1162 4983 !
1193 4929 1430 5004 ticum-af.

587 5002 700 5137 (93k
750 4994 1195 5070 ’Amldperoc.
1221 4999 1347 5067 ch.
1384 4996 1802 5118 ἀγαλλιώιμενος.
1838 4994 1976 5050 GUD.

588 5073 680 5137 (94
741 5070 1274 5137 Εὐαγγελίσασθαι.
1315 5067 1575 5137 Joannem
1654 5067 1907 5137 aptistam
1945 5081 1976 5134 p

588 5067 700 5140 ('94)
741 5067 1274 5139 Εὗαγγελίσασθαι.
1315 5067 1575 5140 Joannem
1611 5067 1907 5140 Baptistam
1945 5081 2077 5134 pra;-

519 5136 799 5198 cut'sorem
849 5136 1050 5195 Christi
1096 5139 1257 5193 etiam
1302 5139 1442 5208 apud
1477 5136 1680 5208 inferos
1712 5136 1904 5208 fuisse,
1928 5150 2079 5190 com-

523 5213 754 5268 muniter
801 5209 970 5265 Graeci
1028 5217 1292 5263 statuunt.
1338 5205 1484 5262 'Vide
1535 5206 1770 5262 Leonem
1825 5205 2080 5259 Allatium

526 5283 596 5336 De
646 5281 796 5334 libris
846 5279 1212 5334 ecclesiasticis
1259 5277 1580 5342 Crwcorum,
1627 5293 1746 5347 pag.
1785 5275 1909 5331 505
1964 5291 2078 5346 seq.

521 5352 740 5408 Fnumc.

593 5422 708 5492 (95)
743 5414 1418 5492 Πεφανερωθησομένου.
1439 5413 1865 5492 dlanifestandui
1883 5424 1981 5492 est.
2007 5411 2085 5469 Ita

523 5484 913 5552 Cotubeﬁsius,
967 5484 1065 5558 pro
1119 5485 1569 5558 πεφανερωμένου
1625 5484 2082 5558 apud_Gudium.

527 5561 713 5622 Lectio
760 5553 1156 5618 Combelisiana
1202 5553 1462 5626 probatur
1508 5571 1722 5626 quoque
1765 5553 2086 5629 Tanaquillo

528 5631 726 5773 “(‘33.
748 5699 1060 5771 Μειλιχίου
1086 5696 1186 5773 καί
1219 5695 1498 5773 ᾀγτέλρυ.
1543 5695 1918 5773 βίοι-(εςιιίιιιί,Δ
1959 5711 2084 5751 cum

533 5766 674 5829 [ωᾶο
693 5766 883 5829 errore
908 5766 1068 5838 esset,
1098 5769 1190 5824 καὶ
1227 5766 1496 5838 Ἀγγαίου.
1533 5766 1669 5834 Quid
1720 5770 1864 5826 enim
1893 5767 2086 5840 Aggaee

2175 4805 2326 4844 mum
2368 4798 2451 4844 est
2499 4792 2649 4845 vocis
2697 4789 3003 4854 Malachiac,
3041 4798 3101 4844 ut
3141 4790 3398 4844 omnibus
3432 4795 3604 4859 notum
3623 4787 3707 4859 ξεί.

2177 4859 2332 4928 cujus
2387 4860 2551 4915 unius
2597 4860 2796 4915 citatus
2842 4852 3034 4926 locus,
3084 4860 3200 4929 ipse
3254 4859 3500 4929 illustris,
3531 4852 3706 4929 additis

2177 4919 2362 4994 etiam,
2407 4947 2530 4999 quze
2581 4931 2649 4984 ab
2690 4930 2880 4999 angelo
2922 4919 3066 4984 dicta
3107 4919 3239 4984 sunt
3292 4919 3498 4999 Lucan,
3526 4924 3600 4999 l7,
3638 4919 3710 4999 καὶ

2177 4991 2501 5064 ἀπειθὲῖςέν
2529 4991 2790 5072 φρονήσεῖ
2807 5001 3056 5054 δικαίων·
3095 5019 3122 5072 «ί
3135 5010 3189 5055 et
3217 4997 3536 5072 incredulos,
3559 4991 3712 5047 inobe-

2179 5072 2410 5132 dientes,
2463 5069 2845 5136 contumaces,
2899 5072 2964 5123 ad
2994 5071 3333 5138 prudentiam
3365 5069 3621 5137 justorum
3649 5075 3706 5138 τ’»

2181 5156 2292 5210 quo
2316 5128 2511 5210 tamen
2544 5155 2648 5194 non
2682 5128 2894 5195 videtur
2920 5128 3240 5210 Hippolytus
3279 5128 3603 5210 respexisse,
3633 5128 3710 5210 διί-

2187 5204 2385 5280 dendo,
2414 5211 2508 5264 καὶ
2539 5209 2769 5278 ἀγγέλου
2794 5250 2808 5275 ,
2842 5204 3056 5280 alioqui
3075 5204 3419 5266 scribendum
3447 5207 3521 5280 illi
3544 5204 3710 5280 fuerat.

2188 5282 2280 5334 καὶ
2310 5279 2402 5332 τοῦ
2433 5276 2664 5349 ἀγγέλου
2685 5321 2700 5346 ,
2732 5291 2790 5334 ut
2817 5276 2998 5335 Graece
3030 5279 3174 5334 docti
3201 5288 3426 5339 norunt;
3478 5276 3714 5349 videatut-

2188 5366 2294 5419 quc
2321 5352 2433 5406 haec
2457 5343 2570 5420 ipsa
2590 5343 2715 5419 pars
2731 5351 2970 5405 vaticinii
2989 5349 3287 5413 Malachire,
3338 5364 3460 5418 quae
3498 5343 3656 5420 modo.
3669 5343 3710 5389 in

2188 5413 2308 5488 ejus
2337 5413 2866 5485 libro'des'ideretur,
2898 5430 2958 5475 ut
2993 5427 3121 5476 sunt
3147 5420 3311 5474 etiam
3342 5413 3590 5488 postremi
3618 5413 3715 5488 ejus

2190 5485 2383 5560 capitis
2411 5505 2602 5546 versus
2647 5492 2700 5546 in
2726 5491 2928 5546 Graecis
2953 5490 3152 5560 turbati
3179 5505 3195 5542 :
3231 5490 3284 5543 in
3316 5485 3510 5560 quibus
3536 5485 3636 5552 ipse
3661 5485 3714 5560 li:

2189 5543 2380 5642 tatas:
2399 5543 2698 5686 ιῖῐροεῆξτίξ
2738 5543 2990 5631 arma,“
3018 5543 3350 5642 μαλαχιᾳςξ
3376 5559 3512 5614 unde
3555 5543 3716 5628 procul

2190 5633 2356 5686 dubio
2469 5633 2773 5686 lDDOlVlllS.
2832 5631 2978 5686 auod
3031 5641 3106 5686 ita
3158 5638 3417 5686 scrmsnt.
3479 5625 3714 5682 habuerit.

2190 5625 2978 5759 ggggpﬂipbélylus,"quod
3031 5631 3106 5687 ita
3158 5625 3417 5702 scripSit,
3479 5625 3714 5682 habuerit.

2236 5719 2428 5760 OMBEF.
