3876 6340
213 343 301 401 765
1246 337 1333 396 DE
1373 335 1674 395 CHRISTO
1711 334 1798 390 ET

1837 331 2318 390 AN'I'ICHRISTO.
3303 331 3404 386 766

212 483 282 517 σει
309 458 532 524 δικαίων,
559 456 763 530 μήποτε
811 453 978 510 ἐλθὼν
1009 453 1233 522 πατάξω
1261 455 1360 527 τὴν
1383 455 1485 526 γῆν
1508 453 1692 527 ἄρδην.
1713 470 1731 503 ›

1838 460 1891 506 et
1916 448 2290 506 inobedientes
2317 445 2386 502 ad
2414 444 2758 517 prudentiam
2809 445 3085 516 iustorum
3120 461 3144 500 ι.
3166 459 3234 499 ne
3267 444 3405 501 forte

209 548 344 610 οὗτοι
385 545 472 605 οὖν
514 547 941 620 παραγενόμενοι
985 546 1278 619 κηρύξουσι
1310 546 1408 619 τὴν
1440 545 1732 618 μέλλουσαν

213 641 401 697 ἔσεσθαι
439 637 545 693 ἀπὸ
587 637 829 710 οὐρανῶν
870 636 1106 707 Χριστοῦ
1155 637 1504 707 ἐπιφάνειαν·
1545 635 1595 688 οἳ
1639 635 1732 688 καὶ

208 733 456 803 ποιήσουσι
515 730 708 799 σημεῖα
761 726 855 781 καὶ
909 725 1111 798 τέρατα
1161 727 1240 790 εἰς
1289 725 1351 778 τὸ
1400 725 1502 778 κᾶν
1562 723 1733 788 οὕτως

205 819 489 891 δυσωπῆσαι
547 818 640 871 καὶ
704 815 1025 888 ἐπιστρέψαι
1095 815 1222 879 τοὺς
1283 811 1598 885 ἀνθρώπους
1653 813 1732 875 εἰς

209 911 490 985 μετάνοιαν,
533 907 619 962 διὰ
659 907 756 980 τὴν
795 905 1238 980 ὑπερϐάλλουσαν
1279 903 1458 958 αὑτῶν
1501 902 1730 975 ἀνομίαν

205 1022 255 1058 τι
286 1002 370 1057 καὶ
399 999 668 1055 ἀσέϐειαν.

261 1093 528 1166 Λέγειγάρ
576 1091 858 1163 ’Ῑωάννηςο
902 1109 921 1142 ι
960 1089 1071 1144 Καὶ
1099 1088 1254 1144 δώσω
1287 1091 1396 1155 τοῖς
1429 1089 1549 1144 δυσὶ
1589 1089 1730 1161 μάρ-

203 1185 302 1241 τυσί
327 1201 438 1256 μου,
472 1184 566 1237 καὶ
588 1180 1055 1255 προφητεύσουσιν
1080 1180 1292 1252 ἡμέρας
1325 1179 1501 1251 χιλίας
1545 1179 1729 1234 διακο-

205 1281 304 1344 σίας
325 1278 595 1350 ἐξήκοντα,
628 1273 1076 1346 περιϐεϐλημένοι
1101 1272 1338 1337 σάκκους
1356 1289 1370 1304 ο
1397 1292 1415 1324 ι
1452 1273 1728 1337 Τουτέστι,

201 1372 251 1425 τὸ
273 1372 425 1441 ἥμισυ
453 1368 553 1439 τῆς
571 1362 879 1439 ἑϐδομάδος,
907 1361 976 1438 ἧς
1018 1366 1206 1437 εἴρηκε
1249 1364 1466 1436 Δανιήλ.
1518 1383 1537 1417 ι
1573 1359 1729 1419 Οὗτοί

201 1464 313 1514 εἰσιν
337 1463 388 1515 al
415 1458 506 1513 δύο
534 1459 711 1512 ἐλαῖαι
737 1457 830 1511 καὶ
852 1457 910 1510 αἱ
941 1455 1036 1511 δύο
1057 1455 1266 1528 λυχνίαι
1292 1457 1348 1510 al
1379 1453 1608 1508 ἐνώπιον
1637 1453 1728 1508 τοῦ

200 1553 376 1625 Κυρίου
403 1553 498 1624 τῆς
525 1552 628 1623 γῆς
653 1549 884 1604 ἑστῶσαι
901 1566 916 1580 ο
946 1550 1038 1604 καὶ
1065 1548 1120 1602 εῐ
1145 1567 1228 1612 τις
1273 1547 1468 1612 αὐτοὺς
1517 1546 1731 1618 θελήσει

197 1641 439 1711 ἀδικῆσαι,
468 1639 578 1711 πῦρ
609 1637 946 1706 ἐξελεύσεται
983 1640 1048 1692 ἐκ
1081 1636 1176 1692 τοῦ
1213 1637 1478 1709 στόματος
1524 1635 1728 1702 αὑτῶν,

197 1731 276 1785 καὶ
292 1729 552 1784 κατεσθίει
578 1729 706 1792 τοὺς
729 1728 954 1800 ἐχθροὺς
981 1726 1162 1782 αὑτῶν
1179 1743 1192 1758 ⁸
1225 1727 1318 1781 καὶ
1342 1726 1398 1780 εί
1414 1743 1495 1790 τις
1516 1724 1728 1797 θελήσει

196 1820 246 1873 ἐν
267 1821 456 1884 τούτοις
479 1795 954 1888 ἀδικῆσαι,ὀὺτως
989 1817 1070 1870 δεῖ
1107 1817 1270 1871 αὑτὸν
1308 1795 1730 1885 ἀποκτανθῆναι.
1763 1795 1806 1851 Β

196 1901 332 1966 Οὗτοι
359 1909 565 1981 ἔχουσιν
596 1908 840 1974 ἐξουσίαν
867 1908 1073 1962 κλεῖσαι
1095 1907 1188 1962 τὸν
1219 1906 1446 1979 οὐρανὸν
1464 1947 1480 1972 ,
1524 1907 1611 1959 ἵνα
1659 1905 1734 1978 μὴ

195 2003 327 2067 ὑετὸς
349 2002 507 2074 βρέξῃ
536 2000 640 2065 τάς
666 2001 878 2073 ἡμέρας
899 2001 997 2071 τῆς
1028 2000 1363 2073 προφητείας
1391 2000 1570 2054 αὑτῶν
1592 2039 1608 2065 ,
1641 2001 1736 2055 καὶ

194 2093 407 2160 ἐξουσίαν
435 2094 649 2165 ἔχουσιν
682 2093 774 2146 ἐπὶ
802 2092 909 2146 τῶν
937 2092 1144 2146 ὑδάτων
1187 2092 1438 2164 στρέφειν
1477 2091 1617 2146 αὑτά
1655 2093 1737 2156 είς

193 2183 329 2259 αἷμα,
365 2188 456 2241 καὶ¹
479 2186 718 2251 πατάξαι
747 2184 845 2257 τὴν
876 2185 980 2257 γῆν
1007 2187 1066 2239 ἐν
1099 2185 1248 2258 πάσῃ
1293 2185 1511 2257 πληγῇ,
1546 2185 1734 2250 ὁσάκις

194 2279 273 2334 ἐὰν
297 2279 614 2353 [θελήσωσι.
651 2297 670 2331 ›
694 2279 805 2333 Καὶ
831 2273 1000 2348 ὅταν]
1021 2277 1276 2332 τελέσωσι
1301 2277 1394 2332 τὸν
1419 2277 1614 2349 δρόμον
1633 2279 1734 2332 αὑ-

194 2372 282 2426 τῶν
303 2373 389 2426 καὶ
413 2373 508 2444 τὴν
539 2369 847 2443 μαρτυρίαν
873 2370 1071 2436 αὐτῶν,
1098 2371 1152 2424 τί
1177 2388 1338 2442 φησιν
1359 2372 1387 2423 ὁ
1412 2371 1696 2442 προφήτης
1717 2387 1734 2435 ;

197 2481 214 2516 ι
238 2465 300 2518 Τὸ
323 2464 500 2536 θηρίον
549 2463 617 2516 τὸ
659 2461 945 2517 ἀναϐαῖνον
973 2461 1038 2515 ἐκ
1090 2461 1192 2533 τῆς
1235 2461 1470 2515 ἀϐύσσου
1519 2464 1734 2534 ποιήσει

197 2557 293 2625 μετ’
317 2556 487 2611 αὑτῶν
528 2555 796 2627 πόλεμον,
822 2555 917 2609 καὶ
947 2557 1156 2626 νικήσει
1199 2554 1394 2618 αὐτοὺς
1418 2595 1433 2618 ,
1475 2554 1569 2608 καὶ
1603 2555 1736 2608 ἀπο-

193 2651 346 2702 κτενεῖ
366 2649 581 2716 αὑτοὺς,
604 2667 633 2714 ,ι
664 2647 754 2702 διὰ
777 2648 839 2702 τὸ
873 2647 947 2718 μὴ
977 2646 1149 2701 θέλειν
1167 2647 1363 2711 αὐτοὺς
1376 2646 1530 2712 δόξαν
1551 2645 1734 2701 δοῦναι

191 2739 256 2810 τῷ
288 2741 654 2813 Ἀντιχρίστῳ.
675 2739 954 2804 Τουτέστι,
979 2739 1040 2793 τὸ
1063 2737 1298 2808 ἀναφύον
1322 2740 1517 2812 μικρὸν
1545 2740 1732 2811 κέρας.

196 2829 276 2894 Ὃς
299 2830 544 2902 ἐπαρθεὶς
570 2831 759 2884 λοιπὸν
777 2833 844 2902 τῇ
871 2830 1086 2902 καρδίᾳ,
1108 2831 1330 2902 ἄρχεται
1356 2831 1542 2886 ἑαυτὸν
1569 2832 1736 2903 ὑψοῦν

192 2922 271 2976 καὶ
292 2923 522 2990 δοξάζειν
545 2923 629 2988 ὡς
651 2923 803 2988 Θεὸν,
831 2921 1039 2977 διώκων
1064 2923 1189 2986 τοὺς
1219 2924 1408 2993 ἁγίους
1425 2963 1440 2988 ,
1470 2925 1564 2979 καὶ
1602 2925 1734 2996 βλα-

193 3015 393 3086 σφημῶν
418 3016 508 3070 τὸν
528 3014 786 3089 Χριστὸν,
820 3013 1002 3078 καθὼς
1032 3015 1178 3084 λέγει
1207 3016 1404 3088 Δανιήλ
1426 3032 1441 3047 °
1479 3035 1497 3068 ι
1526 3018 1734 3088 Προσε-

191 3104 320 3158 νόουν
344 3106 419 3178 τῷ
446 3107 674 3178 κέρατι,
704 3105 798 3160 καὶ
826 3106 935 3160 ίδοὺ
975 3105 1241 3178 ὀφθαλμοὶ
1269 3107 1403 3161 ώσεὶ
1448 3106 1734 3180 ἀνθρώπου

192 3195 326 3268 ἐντῷ
345 3197 553 3270 κέρατι,
593 3197 690 3251 καὶ
717 3196 893 3267 στόμα
927 3196 1121 3251 λαλοῦν
1150 3197 1388 3268 μεγάλα,
1421 3199 1515 3252 καὶ
1557 3199 1734 3271 ήνοιξε

188 3286 239 3339 τὺ
264 3288 422 3359 στόμα
447 3287 620 3343 αὑτοῦ
648 3289 728 3352 εἰς
757 3287 1102 3359 βλασφημίαν
1132 3287 1267 3360 πρὸς
1303 3288 1393 3343 τὸν
1425 3289 1589 3344 Θεόν·
1644 3293 1736 3346 καὶ

190 3375 240 3430 τὸ
262 3377 416 3449 κέρας
441 3379 626 3433 ἐκεῖνο
657 3377 828 3432 ἐποίει
857 3377 1090 3450 πόλεμον
1121 3377 1259 3449 μετὰ
1281 3377 1388 3433 τῶν
1420 3379 1611 3448 ἁγίων,
1641 3381 1736 3434 καὶ

191 3469 350 3541 ἴσχυσε
376 3472 509 3545 πρὸς
527 3472 754 3536 αὐτοὺς,
780 3470 885 3534 ἕως
912 3469 978 3524 ἂν
1007 3471 1247 3543 ἀνῃρέθη
1275 3472 1337 3526 τὸ
1365 3472 1552 3546 θηρίον
1576 3514 1591 3540 ,
1643 3474 1738 3527 καὶ

192 3561 440 3631 ἀπώλετο,
468 3564 566 3619 καὶ
593 3563 658 3618 τὸ
689 3563 848 3636 σῶμα
876 3561 1039 3618 αὑτοῦ
1086 3563 1240 3634 ἐδόθη
1294 3565 1373 3629 είς
1405 3564 1602 3621 καῦσιν
1633 3583 1738 3619 πυ-

191 3652 340 3722 ρός.»

258 3743 383 3798 Ἀλλ’
413 3745 534 3799 ἐπεὶ
563 3746 648 3800 δεῖ
673 3744 1164 3818 λεπτομερέστερον
1200 3745 1326 3817 περὶ
1354 3745 1517 3800 αὑτοῦ
1549 3746 1738 3820 διηγή-

192 3835 380 3901 σασθαι,
405 3837 524 3902 πῶς
541 3854 608 3890 τε
631 3835 691 3890 τὺ
719 3836 870 3905 ἅγιον
908 3836 1131 3908 Πνεῦμα
1161 3836 1226 3891 δι’
1263 3837 1496 3909 ἀριθμοῦ
1539 3839 1633 3892 καὶ
1678 3837 1740 3891 τὸ

189 3925 337 3997 ὄνομα
355 3928 514 3982 αὑτοῦ
547 3927 828 4000 μυστικῶς
853 3927 1108 3999 ἐδήλωσε,
1142 3927 1476 4000 σαφέστερον
1518 3928 1587 3982 τὰ
1613 3929 1741 4000 περὶ

190 4019 333 4073 αὑτοῦ
349 4019 738 4093 διηγησόμεθα.
763 4020 924 4090 Λέγει
955 4020 1062 4092 γάρ
1087 4020 1337 4092 Ἰωάννης
1360 4020 1528 4085 οὑτως
1545 4037 1560 4051 ’
1587 4039 1605 4073 ι
1631 4020 1742 4074 Καὶ

191 4105 310 4163 εἶδον
333 4111 456 4166 ἄλλο
485 4111 678 4184 θηρίον
706 4111 990 4166 ἀναϐαῖνον
1019 4114 1084 4166 ἐκ
1108 4113 1205 4184 τῆς
1233 4112 1357 4184 γῆς,
1384 4113 1478 4166 καὶ
1510 4108 1622 4185 εἶχε
1649 4112 1742 4167 κέ-

194 4217 312 4271 ρατα
338 4203 426 4258 δύο
450 4245 466 4269 ,
517 4207 684 4277 ὃμοια
709 4204 898 4276 ἀρνίῳ,
931 4205 1027 4258 καὶ
1048 4204 1226 4259 ἐλάλει
1254 4205 1330 4270 ὠς
1353 4205 1588 4276 δράκων.
1631 4206 1741 4260 Καὶ

191 4293 274 4365 τὴν
291 4295 529 4362 ἐξουσίαν
555 4294 652 4349 τοῦ
670 4295 884 4366 πρώτου
907 4295 1095 4366 θηρίου
1122 4297 1300 4350 πᾶσαν
1317 4296 1489 4350 ἐποίει
1512 4293 1740 4351 ἐνώπιον

191 4383 354 4451 αὑτοῦ,
383 4388 474 4440 καὶ
501 4384 680 4439 ἐποίει
711 4387 811 4456 τὴν
841 4386 946 4456 γῆν
962 4373 1083 4439 ’καὶ
1124 4386 1250 4450 τοὺς
1287 4389 1344 4440 ἐν
1385 4389 1520 4459 αὑτῇ
1559 4405 1741 4441 κατοι-

1763 3149 1806 3208 C

1834 542 2045 597 veniam
2073 582 2090 610 ,
2147 549 2201 594 et
2233 538 2531 610 percutiam
2568 549 2764 593 terram
2795 538 3012 608 penitus
3043 536 3107 591 “.
3140 555 3159 589 ι
3216 535 3282 590 lIi
3306 538 3408 592 ila-

1833 648 1940 704 que
1969 632 2248 688 venientes
2279 630 2646 700 przedicahunt
2685 629 2923 684 futuram
2969 629 3170 684 Christi
3196 629 3402 684 e-coelis

1833 724 2260 794 apparitionem;
2310 721 2618 791 facientque
2661 721 2812 791 signa
2842 729 2895 774 et
2937 719 3202 791 prodigia,
3236 729 3296 774 ut
3319 721 3404 776 vel

1831 815 1912 870 sic
1943 813 2218 870 inﬂectant
2240 821 2402 883 atque
2439 821 2756 867 convertant
2784 811 3065 865 hominum
3088 811 3302 866 animos
3333 808 3401 863 ad

1831 905 2230 976 paenitentiam,
2258 904 2328 959 ob
2355 904 2578 958 nimiam
2616 903 3015 972 improbitatem
3058 919 3122 958 ac
3153 902 3402 974 impieta-

1831 1005 1941 1051 tem
1975 1011 2081 1065 qua
2109 996 2377 1050 laborant.

1901 1086 2110 1142 XLVII.
2139 1087 2226 1141 Ait
2253 1086 2397 1141 enim
2431 1083 2704 1139 Joannes:
2745 1101 2764 1137 ι
2797 1083 2865 1137 Et
2897 1083 3037 1139 dabo
3071 1085 3284 1140 duobus
3321 1094 3402 1139 te-

1831 1180 2007 1236 stibus
2056 1180 2222 1242 meis,
2266 1188 2319 1234 et
2367 1177 2766 1248 prophetabunt
2806 1176 2922 1231 dies
2955 1177 3100 1231 mille
3142 1177 3404 1233 ducentos

1831 1272 2142 1343 sexaginta,
2193 1270 2376 1324 amicti
2423 1269 2597 1324 saccis
2633 1269 2698 1321 ⁵⁷.
2741 1287 2758 1320 ι
2810 1267 2927 1322 Hoc
2962 1275 3077 1322 est:
3118 1268 3402 1324 dimidium

1830 1362 1974 1422 istud
2026 1360 2400 1425 hebdomadre,
2455 1360 2522 1415 de
2565 1376 2670 1430 qua
2717 1359 2905 1413 Daniel
2957 1358 3170 1414 locutus
3213 1361 3258 1398 ³⁸³
3298 1371 3403 1418 est.

1837 1473 1856 1506 ι
1890 1453 1978 1509 Isti
2022 1461 2151 1508 sunt
2176 1453 2296 1507 duae
2325 1452 2478 1506 olivae
2511 1460 2563 1505 ct
2596 1452 2704 1505 duo
2729 1449 3053 1504 candelabra
3093 1450 3145 1502 in
3179 1465 3409 1521 conspe-

1829 1556 1918 1602 ctu
1943 1545 2035 1600 Dei
2068 1554 2226 1599 teme
2253 1543 2471 1598 stantia.
2497 1541 2564 1596 Et
2593 1543 2638 1598 si
2664 1541 2786 1612 quis
2817 1541 3049 1596 voluerit
3075 1541 3155 1596 eis
3184 1557 3402 1607 nocere,

1830 1639 1971 1710 ignis
2004 1638 2145 1692 exiet
2174 1638 2238 1692 de
2271 1653 2364 1692 ore
2391 1652 2610 1700 eorum,
2645 1645 2698 1690 et
2722 1635 3000 1690 devorabit
3031 1635 3283 1690 inimicos
3310 1651 3407 1689 eo-

1831 1747 1976 1786 rum.
2009 1730 2074 1786 Et
2098 1732 2142 1787 si
2175 1730 2296 1801 quis
2316 1731 2547 1785 voluerit
2574 1746 2666 1808 eos
2696 1730 2904 1796 Izedere,
2932 1729 3012 1785 sic
3043 1738 3255 1800 Oportet
3280 1745 3404 1784 eum

1833 1820 2027 1876 occidi.
2074 1821 2138 1875 lli
2173 1821 2372 1874 habent
2406 1827 2724 1890 potestatem
2751 1819 3035 1873 claudendi
3067 1821 3264 1874 caalum
3285 1860 3300 1882 ,
3339 1835 3408 1874 ne

1831 1913 1982 1983 pluat
2010 1911 2200 1967 diebus
2230 1912 2526 1981 pr0phetize
2560 1910 2800 1980 ipsorum
2825 1928 2837 1964 :
2876 1919 2929 1964 et
2959 1919 3276 1979 potestatem
3310 1911 3408 1966 ha-

1833 2005 1962 2060 bent
1988 2019 2150 2075 super
2178 2019 2369 2075 aquas,
2397 2004 2638 2058 vertendi
2674 2019 2766 2058 eas
2800 2003 2854 2056 in
2887 2003 3227 2070 sanguinem,
3261 2011 3317 2057 et
3345 2011 3406 2056 ut

1832 2102 2034 2149 terram
2076 2093 2378 2164 percutiant
2419 2093 2564 2148 omni
2605 2093 2794 2165 plaga,
2838 2093 3268 2162 quotiescunque
3311 2107 3409 2146 vo-

1833 2189 2034 2243 Iuerint
2072 2189 2140 2243 ”.
2192 2206 2211 2240 ι
2268 2185 2370 2241 Ubi
2398 2194 2578 2240 autem
2617 2202 2835 2242 cursum
2883 2201 3041 2240 suum
3079 2184 3409 2255 perfecerint

1833 2293 2102 2349 suumque
2155 2277 2563 2343 testimonium,
2623 2277 2883 2347 quidnam
2928 2275 3058 2330 dicit
3101 2261 3408 2345 propheta?

1841 2394 1859 2428 ι
1896 2374 2076 2430 Bestia
2112 2389 2234 2445 qua:
2276 2372 2519 2428 ascendit
2559 2373 2626 2426 de
2656 2373 2873 2443 abysso,
2934 2369 3095 2426 faciet
3147 2370 3410 2426 adversus

1833 2486 1926 2526 eos
1968 2469 2190 2532 bellum,
2226 2475 2282 2521 et
2313 2466 2493 2520 vincet
2538 2466 2696 2528 illos,
2746 2474 2800 2518 et
2840 2463 3052 2519 occidet
3104 2463 3226 2518 illos
3273 2463 3351 2527 °°;
3385 2480 3403 2514 ι

1832 2562 1976 2634 quod
2007 2561 2266 2616 nimirum
2313 2560 2603 2613 noluerunt
2629 2559 2758 2613 dare
2791 2557 3018 2628 gloriam
3049 2557 3407 2612 Antichristo.

1834 2655 1948 2711 Hoc
1989 2655 2132 2710 enim
2196 2665 2281 2709 est
2336 2667 2504 2708 cornu
2558 2651 2686 2706 illud
2750 2665 2974 2720 parvum
3039 2665 3408 2705 succrescens.

1834 2743 1886 2799 Is
1933 2756 2168 2812 namque
2191 2739 2304 2810 jam
2334 2740 2508 2794 elatus
2555 2739 2746 2804 corde,
2780 2737 3019 2807 seipsum
3050 2736 3288 2791 exaltare
3323 2736 3410 2790 in-

1834 2836 1996 2906 cipiet
2021 2844 2075 2889 et
2102 2842 2157 2889 ut
2186 2833 2353 2886 Deum
2379 2831 2703 2901 glorificare,
2738 2845 3067 2900 persequens
3096 2837 3315 2884 sanctos
3347 2843 3411 2882 ac

1835 2925 2114 2982 Christum
2143 2922 2558 2992 blasphemans,
2589 2919 3044 2990 quemadmodum
3077 2918 3152 2972 ait
3185 2916 3405 2974 Daniel:

1842 3034 1860 3068 ι
1895 3015 1962 3070 Ει
2002 3013 2414 3070 considerabam
2460 3026 2666 3076 cornu;
2705 3019 2760 3065 et
2799 3024 2924 3064 ecce
2964 3008 3106 3063 oculi
3148 3016 3411 3078 tanquam

1837 3111 2074 3166 hominis
2103 3109 2156 3162 in
2191 3123 2383 3172 cornu,
2411 3114 2465 3160 et
2491 3121 2554 3160 os
2580 3105 2807 3174 loquens
2831 3103 3072 3173 grandia.
3109 3102 3172 3156 Et
3201 3103 3414 3171 aperuit

1837 3215 1900 3256 os
1931 3213 2090 3254 suum
2123 3197 2177 3250 in
2211 3194 2606 3265 blasphemiam
2639 3194 2896 3248 adversus
2928 3190 3120 3244 Deum.
3153 3189 3220 3244 Et
3242 3204 3413 3244 cornu

1837 3290 1968 3346 illud
1997 3287 2228 3344 faciebat
2256 3286 2451 3341 bellum
2483 3285 2745 3340 adversus
2773 3291 2990 3338 sanctos
3009 3323 3023 3347 ,
3054 3289 3106 3335 et
3134 3280 3415 3353 praevaluit

1837 3385 2096 3441 adversus
2139 3397 2267 3448 eos;
2300 3380 2655 3450 quoadusque
2685 3375 2966 3431 interfecta
2996 3382 3080 3430 est
3123 3373 3293 3428 bestia
3314 3413 3329 3440 ,
3355 3382 3414 3428 et

1836 3475 2015 3547 periit,
2046 3483 2100 3528 et
2139 3487 2337 3542 corpus
2359 3470 2477 3541 ejus
2502 3469 2757 3524 traditum
2780 3475 2863 3522 est
2891 3467 2945 3521 in
2978 3465 3410 3521 combustionem

1838 3567 1980 3639 ignis
2006 3568 2070 3620 “.
2107 3585 2127 3618 ι

1870 3737 2142 3817 WXLVIII.
2185 3735 2288 3793 Sed
2316 3737 2443 3808 quia
2482 3750 2703 3791 necesse
2738 3743 2823 3790 est
2857 3735 3110 3791 subtilius
3139 3733 3205 3790 de
3223 3747 3288 3789 eo
3311 3731 3415 3788 dis-

1834 3837 2024 3902 putare
2047 3868 2062 3894 ,
2143 3837 2197 3885 et
2229 3828 2499 3900 quomodo
2542 3826 2776 3896 Spiritus
2814 3835 3035 3882 sanctus
3082 3840 3147 3879 ex
3185 3839 3412 3879 numero

1839 3924 2001 3978 etiam
2041 3921 2160 3992 ejus
2210 3933 2406 3974 nomen
2456 3916 2879 3986 significaverit,
2943 3931 3065 3985 quae
3112 3914 3179 3970 ad
3234 3915 3411 3984 ipsum

1841 4016 2100 4079 attinent,
2151 4011 2351 4068 clarius
2392 4010 2775 4066 edisseremus.
2827 4008 2918 4063 Sic
2944 4009 3088 4062 enim
3125 4007 3201 4062 ait
3243 4005 3409 4061 Joan-

1840 4123 1974 4163 nes:
2014 4125 2034 4159 ι
2069 4105 2137 4160 Ει
2154 4103 2263 4159 vidi
2287 4103 2448 4157 aliam
2482 4101 2709 4155 bestiam
2740 4100 3116 4154 ascendentem
3151 4098 3218 4152 de
3247 4106 3410 4161 terra,

1841 4210 1892 4256 et
1936 4198 2167 4254 habebat
2207 4210 2409 4252 cornua
2456 4194 2564 4248 duo
2619 4191 2817 4247 similia
2859 4190 3016 4258 agni,
3059 4198 3112 4242 et
3160 4188 3412 4258 loqueba-

1841 4300 1930 4346 tur
1948 4290 2089 4345 sicut
2115 4288 2298 4342 draco.
2327 4283 2392 4340 Et
2419 4291 2733 4354 potestatem
2759 4279 2958 4352 prioris
2987 4279 3170 4334 bestiae
3195 4292 3411 4332 omnem

1841 4383 2073 4439 faciebat
2116 4381 2172 4436 in
2215 4387 2505 4449 conspectu
2549 4377 2708 4446 ejus:
2758 4382 2813 4430 et
2849 4373 3081 4428 faciebat
3121 4381 3319 4427 terram
3358 4379 3416 4424 et

191 4473 415 4541 κοῦντας,
449 4478 539 4531 ἵνα
567 4477 987 4548 προσκυνήσωσι
1014 4477 1076 4531 τὸ
1104 4476 1291 4549 θηρίον
1316 4478 1376 4532 τὸ
1404 4478 1637 4549 πρῶτον,
1676 4471 1736 4531 οῦ

1842 4475 2146 4530 habitantes
2190 4471 2244 4526 in
2292 4485 2355 4526 ea
2394 4469 2622 4523 adorare
2659 4467 2889 4537 primam
2942 4463 3207 4530 bestiam,
3256 4461 3413 4532 cujus

192 4562 503 4639 ἐθεραπεύθη
539 4568 575 4640 ή
602 4566 782 4640 πληγὴ
806 4565 898 4620 τοῦ
945 4566 1174 4621 θανάτου
1215 4567 1400 4621 αὑτοῦέ
1435 4567 1546 4622 Καὶ
1571 4567 1742 4621 ἐποίει

193 4664 370 4730 σημεῖα
395 4663 642 4733 μεγάλα,
667 4661 754 4715 ἴνα
793 4660 888 4715 καὶ
919 4659 1030 4733 πῦρ
1053 4661 1178 4731 ποιῇ
1204 4659 1506 4730 καταϐῆναι
1545 4660 1610 4714 ἐκ
1646 4659 1742 4713 τοῦ

191 4750 398 4822 ούρανοῦ
425 4756 507 4818 είς
534 4752 634 4824 τὴν
662 4753 766 4822 γῆν
792 4750 1124 4806 κατενώπιον
1152 4752 1260 4806 τῶν
1283 4750 1605 4824 ἀνθρώπων.
1635 4753 1745 4807 Kal.

195 4844 348 4918 πλανᾷ
371 4847 497 4911 τοὺς
529 4844 917 4910 κατοικοῦντας
942 4847 1035 4900 ἐπὶ
1065 4846 1163 4918 τῆς
1186 4845 1291 4916 γῆς
1305 4845 1394 4899 διὰ
1419 4846 1486 4900 τὰ
1520 4847 1740 4916 σημεῖα,

193 4934 222 4989 ἃ
247 4938 387 5012 ἐδόθη
420 4939 571 5012 αύτῷ
587 4940 809 5011 ποιῆσαι
831 4937 1060 4992 ἐνώπιον
1091 4937 1184 4992 τοῦ
1213 4937 1422 5009 θηρίου,
1453 4937 1614 5007 λέγον
1632 4940 1743 5002 τοῖς

193 5032 483 5086 κατοικοῦσι
502 5031 602 5104 τὴν
630 5032 754 5102 γῆν,
785 5031 1009 5102 ποιῆσαι
1037 5029 1221 5083 εἰκόνα
1249 5027 1325 5100 τῷ
1354 5027 1547 5100 θηρίῳ,
1576 5027 1605 5081 δ
1633 5027 1745 5099 ἔχει

192 5118 275 5190 τὴν
299 5121 507 5196 πληγὴν
539 5124 637 5195 τῆς
656 5122 926 5194 μαχαίρας
958 5121 1052 5176 καὶ
1077 5121 1256 5193 ἔζησε.
1284 5120 1396 5175 Καὶ
1420 5121 1571 5192 ἐδόθη
1597 5121 1744 5192 αὑτῷ

192 5210 390 5282 πνεῦμα
420 5212 608 5267 δοῦναι
633 5216 698 5284 τῇ
718 5213 884 5267 εἰκόνι
912 5211 1004 5266 τοῦ
1035 5210 1224 5284 θηρίου
1251 5209 1376 5284 [ἵνα
1406 5211 1502 5264 καὶ
1536 5210 1746 5284 λαλήσῃ

193 5301 392 5369 ὴείκὼν
428 5305 525 5358 τοῦ
568 5304 752 5376 θηρίου
768 5303 810 5376 ],
858 5305 954 5358 καλ⁸
989 5305 1188 5376 ποιήσῃ
1219 5342 1236 5368 ,
1276 5303 1363 5357 ἴνα
1405 5303 1517 5357 ὅσοι
1537 5302 1632 5357 ἐὰν
1664 5301 1738 5374 μὴ

194 5398 589 5467 προσκυνήσωσι
631 5400 697 5469 τῇ
747 5396 914 5450 εἰκόνι
956 5395 1052 5450 τοῦ
1077 5395 1299 5467 θηρίου,
1336 5392 1734 5448 ἀποκτανθῶσι.

194 5483 287 5538 Καὶ
315 5493 456 5543 ποιεῖ
487 5488 712 5554 πάντας,
737 5490 864 5553 τοὺς
893 5488 1117 5562 μικροὺς
1157 5489 1253 5542 καὶ
1288 5488 1414 5552 τοὺς
1453 5486 1739 5559 μεγάλους,

193 5573 415 5639 καὶτοὺς
447 5577 734 5642 πλουσίους
761 5578 998 5641 καὶτοὺς
1027 5579 1292 5647 πτωχοὺς,
1320 5577 1413 5630 καὶ
1437 5577 1563 5640 τοὺς
1592 5576 1743 5630 ἐλευ-

261 5777 451 5836 “Luc.
489 5797 529 5848 I,
569 5781 646 5836 I7.
721 5781 767 5814 "
793 5783 958 5853 Apoc.
993 5799 1067 5848 χι,
1094 5783 1144 5836 ’5.
1221 5783 1266 5813 ⁸⁸
1295 5781 1425 5837 Dan.
1458 5798 1533 5849 ‘x,
1569 5782 1633 5836 27

1837 4577 2024 4624 curata
2063 4573 2146 4622 est
2171 4563 2328 4634 plaga
2365 4562 2556 4616 mortis
2591 4561 2730 4630 ejus.
2763 4557 2830 4613 Et
2857 4556 3087 4612 faciebat
3114 4555 3267 4626 signa
3297 4569 3414 4608 ma-

1837 4677 1963 4732 gna,
2005 4668 2066 4714 ut
2094 4658 2258 4713 etiam
2289 4656 2467 4725 ignem
2506 4654 2706 4708 faceret
2733 4653 2799 4707 de
2825 4651 2964 4707 coelo
2997 4649 3328 4705 descendere
3355 4647 3413 4701 in

1836 4761 2038 4807 terram
2071 4750 2124 4803 in
2157 4754 2450 4818 conspectu
2483 4744 2788 4799 hominum.
2831 4741 2897 4795 Et
2925 4740 3132 4796 seducit
3165 4738 3417 4792 habitan-

1839 4851 1919 4897 tes
1951 4843 2004 4894 in
2037 4852 2200 4906 terra,
2233 4847 2454 4909 pr0pter
2487 4836 2647 4905 signa
2666 4848 2784 4904 quae
2823 4830 2949 4885 data
2977 4839 3102 4885 sunt
3132 4828 3209 4882 illi
3237 4825 3415 4881 facere

1828 4931 1896 4986 'in
1927 4937 2219 4999 conspectu
2259 4927 2472 4991 bestia,
2516 4925 2702 4980 dicens
2743 4921 3110 4977 habitantibus
3152 4919 3205 4973 in
3249 4927 3412 4983 terra,

1842 5032 1902 5078 ut
1929 5022 2130 5077 faciant
2159 5019 2450 5089 imaginem
2483 5016 2670 5071 bestiae
2705 5028 2827 5084 quae
2869 5011 3030 5066 habet
3058 5010 3270 5080 plagam
3301 5006 3415 5078 gla-

1840 5115 1938 5182 dii,
1967 5122 2021 5168 et
2048 5113 2200 5166 vixit.
2235 5109 2300 5164 Et
2320 5108 2506 5163 datum
2535 5114 2619 5160 est
2644 5105 2721 5160 illi
2752 5115 2811 5158 ut
2831 5104 2984 5158 daret
3003 5103 3252 5173 spiritum
3286 5101 3417 5154 ima—

1841 5204 1951 5276 gini
1981 5203 2200 5267 bestias,
2237 5208 2299 5256 ut
2333 5209 2386 5255 et
2416 5200 2670 5269 loquatur
2699 5197 2877 5265 imago
2901 5195 3112 5260 bestiae,
3146 5201 3198 5247 et
3233 5191 3413 5255 faciat,

1842 5305 1905 5352 ut
1948 5295 2262 5366 quicunque
2300 5307 2407 5346 non
2456 5288 2800 5345 adoraverint
2846 5286 3136 5356 imaginem
3190 5282 3414 5345 bestiae,

1845 5387 2182 5444 occidantur.
2227 5383 2296 5439 Et
2333 5383 2491 5438 faciet
2531 5396 2755 5448 omnes,
2790 5379 3016 5450 pusillos
3055 5385 3110 5431 et
3150 5387 3414 5442 magnos,

1846 5481 2040 5537 divites
2075 5488 2131 5533 et
2177 5492 2474 5547 pauperes,
2515 5474 2714 5529 liberos
2753 5481 2806 5527 et
2844 5485 3065 5534 servos,
3105 5473 3165 5520 ut
3206 5466 3293 5520 det
3333 5465 3416 5521 eis

1852 5575 2224 5632 characterem
2267 5571 2385 5642 ejus
2425 5570 2480 5625 in
2521 5585 2684 5625 manu
2716 5581 2903 5622 eorum
2937 5564 3191 5626 dextera,
3228 5570 3321 5616 aut
3361 5561 3418 5616 in

1734 5782 1776 5813 ’τ’
1802 5782 1964 5852 Apor.
2006 5796 2078 5850 ιι,
2111 5779 2228 5838 4-6,
2303 5781 2345 5812 5°
2378 5779 2509 5836 Ibid.
2542 5778 2591 5832 7.
2672 5776 2711 5808 ⁶¹
2744 5773 2876 5829 Dan.
2903 5787 2995 5839 vn,
3035 5769 3091 5837 8,
3119 5769 3176 5824 9.
