3876 6340
209 319 292 376 769
369 339 374 346 ·
1237 321 1325 378 DE
1362 323 1659 382 CHRISTO
1698 326 1787 383 ET

1830 328 2311 391 ANTICHRISTO.
2338 372 2339 375 η
3302 350 3408 406 77η

202 438 333 502 Θεοῦ,
363 434 666 507 βουλόμενος
690 435 955 493 ἐκθλίϐειν
990 439 1086 495 καὶ
1112 441 1387 499 ἐκδιώκειν
1432 447 1628 511 αὐτοὺς
1656 450 1709 502 ἐκ

1820 448 2005 518 perbia
2033 450 2229 538 elatus,
2260 467 2356 509 eos
2385 455 2687 526 exstirpare
2709 457 2841 514 velit
2881 473 3056 532 exque
3074 464 3279 520 mundo
3312 467 3402 521 fu-

200 530 276 584 τοῦ
292 529 497 600 κόσμου,
523 530 614 608 καὶ
635 529 724 583 διά
746 529 804 584 τὸ
831 532 904 604 μὴ
931 533 1129 587 διδόναι
1155 535 1352 601 αὐτοὺς
1373 539 1520 609 αὐτῷ
1543 539 1720 607 δόξαν,

198 623 410 677 κελεύσει
450 623 649 687 πάντας
688 625 957 696 πανταχοῦ
995 631 1195 698 πυρεῖα
1229 629 1303 700 (2)
1343 631 1602 704 τεθῆναι,
1638 634 1722 688 ἵνα

199 713 359 786 μηδεὶς
377 713 589 785 δύνηται
607 714 712 768 τῶν
734 715 903 785 ἁγίων
932 719 1065 789 μήτε
1081 720 1346 792 ἀγοράσαι
1371 723 1508 793 μήτε
1541 723 1722 794 πωλῆ-

197 824 288 870 σαι,
315 806 402 860 ἐάν
427 805 502 877 μὴ
527 807 738 878 πρῶτον
767 808 1026 883 ἐπιούσῃ·
1060 810 1216 864 τοῦτο
1250 813 1358 884 γάρ
1379 815 1494 866 ἐστι
1527 814 1588 867 τὸ
1623 815 1720 884 χά-

198 897 450 969 ραγμα,τὺ
477 917 495 950 ι
528 899 620 951 ἐπὶ
655 901 752 971 τῆς
800 902 980 973 χειρὸς
1015 903 1114 974 τῆς
1150 904 1326 970 δεξιᾶς
1362 925 1380 956 ι
1425 905 1714 978 διδόμενον.

193 992 253 1044 Τὸ
279 990 436 1044 δὲέπὶ
467 991 532 1045 τὸ
550 992 826 1061 μέτωπον
855 997 1046 1061 εἰπεῖν,
1080 998 1166 1051 ἴνα
1189 999 1386 1062 πάντες
1411 994 1542 1054 ὦσιν
1569 1003 1718 1055 ἐστε-

193 1083 484 1153 φανωμένοι,
508 1084 730 1156 πύρινον
762 1086 856 1140 καὶ
880 1089 940 1140 ού
970 1089 1136 1160 ζωῆς,
1175 1089 1310 1144 ἀλλά
1334 1091 1562 1146 θανάτου
1599 1094 1717 1147 στέ-

191 1190 328 1244 φανον
349 1173 460 1244 μεθ’
483 1176 689 1228 ἑαυτῶν
721 1178 1105 1250 περιφέροντες
1129 1182 1227 1252 (5).
1269 1182 1426 1236 Οὕτω
1456 1184 1564 1256 γὰρ
1597 1186 1715 1238 ἐτε-

189 1265 386 1335 χνάσατο
412 1267 546 1320 κατά
577 1267 684 1323 τῶν
724 1269 987 1324 Ἰουδαίων
1020 1272 1114 1326 καὶ
1183 1272 1449 1345 Ἀντίοχος
1491 1277 1519 1328 6
1562 1276 1714 1328 Ἐπι-

188 1358 348 1428 φανὴς,
378 1361 404 1412 6
434 1360 529 1432 τῆς
559 1361 757 1432 Συρίας
786 1363 1073 1434 γενόμενος
1101 1363 1373 1435 βασιλεὺς,
1396 1366 1471 1420 ὢν
1497 1366 1716 1436 ἔκγονος

195 1447 500 1520 Ἀλεξάνδρου
532 1450 627 1503 τοῦ
655 1453 980 1518 Μακεδόνος.
1009 1456 1117 1509 Καὶ
1137 1457 1297 1520 αὐτὸς
1317 1460 1429 1522 τοῖς
1456 1459 1575 1512 τότε
1596 1478 1714 1513 και-

183 1541 276 1608 ροῖς
299 1539 542 1612 ἐπαρθεὶς
583 1545 648 1613 τῇ
685 1544 880 1616 καρδίᾳ
903 1545 1106 1616 ἔγραψε
1125 1547 1402 1619 ψήφισμα,
1435 1569 1453 1600 ι
1496 1550 1712 1622 βωμοὺς

181 1630 268 1701 πρὸ
288 1631 385 1683 τῶν
424 1632 602 1704 θυρῶν
645 1634 894 1700 τιθέντας
931 1656 949 1688 ι
1000 1637 1243 1704 ἅπαντας
1265 1641 1571 1707 ἐπιθύσειν,
1619 1645 1712 1699 καὶ

184 1724 422 1787 ικισσοὺς
465 1724 540 1795 (ιι)
570 1726 1043 1798 ἐστεφανωμένους
1092 1731 1391 1802 πομπεύειν
1454 1733 1532 1804 τῷ
1595 1736 1712 1788 Διο-

177 1816 296 1887 νύσῳ
313 1834 324 1847 ·
345 1819 463 1881 τοὺς
491 1818 549 1872 δὲ
574 1819 650 1890 μὴ
668 1819 1019 1891 βουλομένους
1047 1823 1466 1888 ὑποτάσσεσθαι,
1489 1825 1710 1890 τούτους

179 1908 292 1979 μετά
315 1909 655 1980 ἀπαγχισμὸν
687 1911 761 1980 (5)
795 1911 891 1965 καὶ
921 1914 1154 1984 ἐτασμὸν
1183 1914 1429 1985 βασάνων
1472 1917 1711 1990 ἀναιρεῖ-

176 2001 296 2057 σθαι.
330 2020 348 2054 ι
385 2002 540 2057 Ἀλλά
565 2003 662 2057 καὶ
682 2004 844 2068 αὐτὸς
867 2005 934 2059 τὰ
955 2006 1181 2072 ἀντάξια
1204 2008 1351 2080 παρά
1381 2009 1474 2063 τοῦ
1503 2011 1708 2082 Κυρίου

172 2094 250 2148 καὶ
271 2095 625 2168 δικαιοκρίτου
658 2098 752 2151 καὶ
778 2099 1157 2153 παντεπόπτου
1180 2100 1313 2154 Θεοῦ
1335 2101 1492 2154 ἔλαϐε
1515 2118 1528 2132 ·
1559 2103 1711 2171 γενό-

174 2203 307 2257 μενος
329 2189 432 2260 γὰρ
458 2189 919 2262 σκωληκόϐρωτος
954 2192 1253 2263 μετήλλαξε
1303 2193 1394 2248 τὸν
1425 2194 1556 2265 βίον.
1602 2196 1710 2250 Καὶ

170 2278 316 2335 ταῦτα
345 2281 440 2352 μέν
471 2284 524 2336 ετ
559 2300 646 2346 τις
694 2283 932 2353 βούλοιτο
956 2285 1308 2359 λεπτομερῶς
1343 2289 1706 2361 ἐνιστορῆσαι,

172 2374 470 2444 σεσήμανται
504 2377 562 2430 ἐν
595 2378 710 2440 τοῖς
731 2377 1166 2442 Μακκαϐαῖκοῖς.

224 2466 343 2520 Νυνὶ
367 2468 422 2522 δὲ
451 2468 591 2540 πρὸς
618 2469 679 2523 τὸ
708 2469 1063 2541 προκείμενον
1094 2469 1348 2544 ἐροῦμεν.
1381 2472 1563 2528 Ταῦτα
1599 2473 1709 2546 γὰρ

170 2561 243 2615 καὶ
268 2563 416 2627 αὐτὸς
430 2563 769 2634 τεχνάσεται,
793 2565 934 2619 κατά
958 2565 1135 2620 πάντα
1154 2565 1356 2620 θλίϐειν
1375 2569 1500 2631 τοὺς
1523 2568 1708 2637 ἁγίους

170 2650 308 2706 θέλων
327 2670 340 2683 ⁸
363 2653 507 2723 λέγει
535 2655 647 2728 γὰρ
679 2658 707 2710 ὁ
734 2659 1018 2730 προφήτης
1050 2658 1145 2712 καὶ
1174 2657 1470 2722 ἀπόστολος
1487 2676 1500 2690 ο
1538 2677 1556 2711 ι
1579 2654 1708 2713 Ὧδε

168 2740 190 2792 ὁ
221 2740 348 2805 νοῦς.
389 2743 443 2796 '0
475 2743 618 2814 ἔχων
649 2745 839 2814 σοφίαν
870 2746 1162 2817 ψηφισάτω
1189 2747 1280 2800 τὸν
1331 2748 1564 2820 ἀριθμὸν
1614 2750 1707 2805 τοῦ

167 2828 326 2904 θηρίου
345 2851 358 2864 ·
417 2835 653 2907 ἀριθμὸς
683 2837 793 2909 γὰρ
822 2837 1110 2910 ἀνθρώπου
1132 2839 1268 2903 ἐστὶ,
1293 2840 1387 2894 καὶ
1418 2842 1445 2893 6
1475 2840 1708 2913 ἀριθμὸς

165 2921 302 2976 αὑτοῦ
343 2926 485 2978 ἐστιν
532 2925 680 2997 χξςκ
726 2946 745 2980 ι
794 2929 931 3000 Περὶ
969 2929 1065 3000 μὲν
1094 2930 1185 2983 τοῦ
1209 2931 1469 3002 ὀνόματος
1510 2932 1702 2998 αὐτοῦ,

164 3015 246 3068 οὐκ
268 3019 318 3070 ὲν
347 3021 472 3089 ἡμῖν
499 3019 758 3074 τοσοῦτον
790 3021 1013 3094 ἀκριϐὲς
1045 3024 1306 3088 ἐξειπεῖν,
1344 3025 1420 3089 ὡς
1455 3027 1705 3098 ἐνενόησε

166 3111 242 3163 καὶ
267 3112 499 3185 ἐδιδάχθη
533 3114 666 3184 περὶ
695 3115 856 3169 αὐτοῦ
888 3118 916 3169 6
950 3118 1212 3189 μακάριος
1260 3117 1513 3190 Ἰωάννης
1538 3162 1552 3184 ,
1584 3121 1706 3173 ὅσον
1733 3144 1776 3203 C

166 3201 298 3270 μόνον
335 3203 664 3275 ὑπονοῆσαιο
712 3205 1099 3274 άναφαίνοντος
1121 3206 1229 3278 γὰρ
1276 3207 1438 3260 αὑτοῦ
1478 3207 1642 3274 δείξει
1673 3210 1702 3262 ὁ

165 3293 397 3362 μακάριος
433 3294 492 3348 τὸ
525 3294 877 3365 ζητούμενον.
928 3296 1075 3369 Πλὴν
1125 3297 1248 3350 ὅσον
1279 3297 1504 3370 νοοῦμεν
1535 3300 1704 3370 ἀμφι-

164 3381 410 3450 ϐάλλοντες
455 3386 708 3458 λέγομεν.
741 3389 919 3442 Πολλά
961 3389 1058 3460 μὲν
1094 3389 1419 3462 εὑρίσκομεν
1464 3392 1705 3464 ὀνόματα

161 3473 305 3546 τούτῳ
339 3477 410 3548 τῷ
459 3479 685 3551 ἀριθμῷ
733 3480 967 3552 ῑσόψηφα
1014 3483 1375 3553 περιεχόμενα
1406 3482 1522 3554 (6),
1568 3479 1700 3550 οἷον,

161 3563 316 3639 ὥσπερ
346 3571 533 3634 εἰπεῖν,
571 3569 635 3622 τὸ
674 3570 872 3624 Τειτάν
903 3572 1069 3634 ἐστιν,
1095 3571 1320 3642 ἀρχαῖον
1359 3573 1453 3625 καὶ
1493 3572 1702 3638 ἔνδοξον

161 3655 302 3730 ὄνομα
330 3661 423 3732 (7),
457 3663 488 3734 ἢ
523 3663 592 3716 τὸ
616 3662 890 3729 Εὑὰνθας
918 3663 991 3735 (8)
1012 3681 1025 3694 ·
1058 3665 1283 3737 καὶγὰρ
1304 3665 1435 3719 αὐτὸ
1467 3668 1532 3737 τῇ
1563 3666 1698 3736 αὐτῇ

220 3775 493 3834 “Hlach.
523 3796 563 3847 ι,
603 3778 704 3846 58;
740 3777 782 3832 ll
809 3778 982 3834 Maeli.
1019 3795 1094 3847 vi,
1134 3781 1184 3836 7.
1262 3781 1308 3812 “
1343 3781 1510 3852 Apoc.
1553 3780 1795 3848 xm,18.

217 3895 282 3964 (ἓ)
313 3901 563 3974 nimia,
607 3920 626 3954 ι
665 3899 965 3968 Tripodes,
1009 3917 1260 3968 acerras,
1294 3923 1327 3974 γε
1373 3912 1427 3958 et
1474 3903 1521 3958 si
1571 3903 1701 3974 quid

160 3965 406 4044 ejusmodi
423 3983 506 4044 est
551 3965 784 4044 iniquod
817 3974 1051 4043 proclive
1098 3965 1303 4028 incensi
1346 3965 1700 4044 pulviscuium

160 4036 358 4103 mittere,
394 4043 627 4096 solemni
661 4036 1066 4098 'immolatiunis
1100 4045 1205 4096 ritu
1229 4083 1243 4108 ,
1291 4036 1358 4097 ad
1403 4047 1702 4098 testandam

161 4109 299 4184 animi
342 4111 716 4175 devotionem;
766 4115 910 4184 quod
959 4114 1193 4169 maxime
1241 4115 1491 4170 sacriﬁcii
1534 4130 1703 4184 genus

161 4177 410 4255 exigebant
439 4185 692 4254 gentiles,
727 4177 798 4238 ali
833 4185 898 4239 iis
927 4200 1160 4253 quorum
1191 4195 1495 4255 suspectam
1535 4177 1705 4239 liabe-

159 4259 257 4323 rent
276 4253 602 4323 religionem.
635 4255 935 4309 Antiochus
961 4256 1152 4308 hedera
1180 4253 1466 4310 coronatos
1494 4255 1704 4310 Baccho

160 4318 391 4397 circuire:
417 4325 677 4397 cogebat:
733 4325 1168 4397 Christianorum
1236 4327 1448 4397 tyranni
1479 4365 1493 4388 ,
1525 4327 1702 4397 thure

160 4388 321 4467 saltem
365 4388 546 4467 litare;
604 4396 834 4465 hincque
866 4397 1000 4449 adeo
1041 4388 1275 4467 πύρινον⁷
1299 4398 1398 4450 sibi
1444 4396 1703 4464 στέφανον

159 4460 390 4537 pacisceris
428 4466 567 4520 scite
595 4467 673 4520 ait
702 4460 823 4520 tn‘ox
865 4460 1208 4537 Hippolytus,
1250 4468 1341 4536 qui
1382 4467 1463 4522 sic
1508 4460 1702 4537 immo-

160 4525 252 4582 lent
274 4535 693 4608 aeAntichristo
719 4525 979 4608 pareant-5
1001 4556 1019 4588 ι
1050 4525 1493 4608 ἱξηὶεόόποηειιη.
1527 4556 1545 4588 ι
1577 4536 1706 4591 Erat

160 4606 473 4678 πειρατήρια,
505 4623 629 4676 qua:
654 4622 755 4660 vox
795 4608 881 4662 hic
911 4607 1058 4676 fungi
1079 4606 1208 4671 ’est,
1261 4609 1375 4662 sive
1411 4608 1704 4678 antiquarii

161 4670 384 4746 SiV‘tigeju's
416 4679 506 4746 qui
525 4670 833 4746 exscripsit
861 4670 1061 4732 errato.
1095 4679 1328 4733 Compar.

303 4740 756 4820 Περιεφέροντεᾴ
789 4747 1056 4820 Combel'.,
1086 4749 1452 4820 ἐπιφέροντες.

218 4813 284 4886 (4)
319 4813 599 4884 Κισσίοῦς.
652 4819 729 4878 ω.
774 4818 982 4873 κισσοῦ.
1030 4819 1100 4873 At
1144 4813 1346 4883 κισσοῖς
1375 4820 1501 4889 legit
1529 4817 1705 4874 Tana-

223 4882 330 4940 illus
358 4887 550 4940 Faber.

224 4885 330 4941 illus
358 4887 550 4943 Faber.

158 4895 330 4955 quitlus
359 4895 550 4943 Faber.

163 4956 282 5030 Δ(5)
317 4959 473 5013 Μετὰ
544 4961 946 5030 ἀπαγχισμόν.
1015 4958 1224 5030 Duplici
1293 4960 1489 5015 mendo
1542 4969 1700 5028 erat,

161 5025 528 5103 ἐπαγχονισμόν
555 5071 570 5094 ,
642 5025 918 5087 debuisset
983 5025 1389 5103 ἀπαῆχονισμόν
1444 5025 1700 5103 scribere.

160 5095 253 5166 Ego
284 5095 485 5174 minori
530 5105 856 5165 mutatione,
902 5095 1442 5174 ἀπειγχισιξιόν,’ρυπ³
1483 5117 1587 5156 vox
1629 5102 1705 5155 si-

159 5171 486 5236 gnantissima
514 5181 617 5238 est,
646 5175 712 5226 ad
749 5171 1130 5241 exprimendus
1148 5171 1374 5227 dolores
1404 5172 1701 5228 immensos

159 5244 527 5313 aecruciatus,
571 5245 766 5312 quibus
800 5259 936 5313 pene
963 5245 1087 5313 quis
1126 5255 1387 5313 enecetur
1414 5258 1478 5296 ac
1516 5252 1700 5297 stran-

159 5309 365 5386 guletur.
401 5311 540 5386 Tgb.
573 5309 654 5379 tu,
688 5315 745 5368 ll
782 5309 1096 5386 ε”Ελυτξήθη
1128 5314 1330 5386 σφόδρα
1356 5311 1497 5366 ὥστε
1523 5313 1703 5382 ἀπάγ-

159 5375 341 5442 ξασθαι.
382 5402 401 5434 ‹
443 5375 676 5439 Τνίειιιιό
707 5393 790 5439 est
816 5375 1097 5450 valde,'ut
1133 5375 1288 5453 quasi
1330 5375 1700 5454 strangulare-

160 5456 263 5516 lur;
287 5471 313 5525 Δξ
341 5456 495 5522 quasi
527 5470 816 5525 suppresso
842 5456 1035 5524 spiritu
1069 5455 1273 5509 doloris
1297 5455 1346 5508 vi
1378 5455 1698 5509 immorereo

159 5525 259 5596 tur.
277 5522 564 5596 Gumfergo
590 5522 886 5582 habeamus
907 5526 1127 5580 verbum
1154 5525 1494 5596 ἀπάγχομαι.
1527 5542 1557 5580 a
1589 5541 1700 5594 quo

158 5586 299 5666 facile
323 5586 554 5648 deriva'ri
586 5597 756 5665 possit
781 5596 863 5658 τὸ,
895 5596 1264 5666 ἀπαγχισμός,
1283 5586 1440 5650 'iin‘m
1475 5586 1699 5651 necesse

158 5661 211 5710 ad
239 5663 336 5716 alia
363 5661 648 5720 remotiora
675 5682 974 5723 recurrere.
1006 5661 1240 5721 condar.

161 5763 174 5806 -_
337 5734 624 5804 Ἰσόψηςεα
663 5738 1066 5806 περιεχόμενα.
1127 5735 1325 5790 Notum
1375 5743 1459 5791 est
1513 5735 1698 5791 vocari

164 5797 376 5873 ἰσόψὴφα
408 5797 648 5876 nomina,
677 5797 912 5880 quorum
935 5809 1125 5864 litterae
1155 5821 1518 5882 numerorum,
1546 5821 1697 5863 more

1823 553 1950 608 gare
1973 540 2042 595 ob
2075 551 2321 612 negatam
2355 542 2431 598 illi
2459 545 2718 615 gloriam;
2746 547 2958 616 jubebit
2985 565 3174 608 omnes
3202 553 3403 625 ubique

1821 646 1982 702 rogos
2003 648 2204 702 ponere
2226 651 2290 690 ac
2318 636 2612 700 thuribula,
2647 654 2714 694 ne
2734 642 2858 712 quis
2884 654 3195 700 sanctorum
3219 662 3400 701 emere

1820 725 1994 792 possit
2037 735 2128 780 aut
2174 728 2407 784 vendere
2435 771 2450 795 ,
2499 731 2630 800 quin
2667 733 2818 802 prius
2865 735 3245 792 immolaverit.
3290 737 3402 794 Hoc

1819 814 1962 868 enim
2002 814 2132 870 illud
2171 817 2508 887 signaculum
2537 831 2647 886 est,
2685 824 2829 892 quod
2867 825 3027 879 datur
3066 845 3085 878 ι
3132 827 3194 882 in
3233 845 3397 882 manu

1819 907 2060 964 dextera.
2101 929 2119 962 ι
2155 909 2308 976 Quod
2347 928 2475 968 vero
2528 932 2546 966 ι
2584 915 2634 969 in
2673 916 2848 972 fronte
2884 938 2901 970 ι
2952 921 3102 986 dicit,
3150 922 3254 976 hoc
3291 933 3395 988 est,

1818 1011 1878 1056 ut
1910 1017 2100 1057 omnes
2127 1005 2372 1058 coronati
2400 1005 2539 1070 sint,
2594 1008 2948 1079 igneumque,
2978 1027 3084 1066 non
3129 1014 3269 1079 vitae,
3298 1016 3392 1069 sed

1817 1094 2030 1161 mortis,
2061 1109 2244 1149 secum
2274 1096 2509 1152 inferant
2545 1109 2769 1153 sertum.
2825 1099 2914 1156 Sic
2955 1118 3191 1174 namque
3227 1107 3388 1160 etiam

1817 1187 2076 1242 adversus
2101 1187 2317 1244 Judaaos
2347 1190 2568 1245 molitus
2602 1201 2685 1246 est
2717 1193 3023 1250 Antiochus
3055 1195 3392 1267 Epiphanes,

1818 1275 1986 1350 Syria:
2039 1295 2164 1346 rex,
2219 1281 2509 1335 Alexandri
2560 1281 2870 1340 Macedonis
2909 1302 3098 1357 nepos.
3146 1288 3283 1344 Nam
3336 1299 3394 1347 et

1815 1369 1904 1425 ille
1931 1387 2026 1441 per
2061 1372 2175 1428 inec
2213 1381 2452 1443 tempora
2489 1376 2652 1430 corde
2675 1376 2887 1444 elatus,
2924 1379 3198 1435 decretum
3235 1382 3388 1448 tulit,

1820 1479 1838 1512 ι
1878 1463 1989 1517 aris
2019 1479 2114 1532 pro
2149 1463 2356 1520 foribus
2385 1466 2613 1535 positis,
2657 1486 2676 1520 ι
2717 1479 2942 1525 cunctos
2979 1470 3390 1544 immolaturos,

1814 1564 1976 1620 atque
2014 1573 2034 1606 ι
2071 1555 2268 1610 hedera
2299 1569 2622 1625 coronatos,
2659 1559 2870 1616 Baccho
2897 1562 3244 1622 circuituros.
3284 1567 3390 1634 Qui

1812 1648 1985 1702 nolint
2014 1663 2220 1718 parere,
2250 1648 2349 1702 hos
2375 1651 2708 1706 cruciatibus
2747 1661 2911 1722 atque
2944 1658 3227 1713 tormentis
3259 1673 3390 1713 exa-

1812 1737 2067 1801 minatos,
2099 1739 2214 1792 neci
2242 1740 2533 1796 tradendos
2556 1756 2676 1798 esse
2697 1742 2760 1797 ⁶³.
2793 1763 2810 1795 ι
2846 1743 3041 1799 Verum
3074 1747 3120 1800 is
3146 1762 3386 1818 quoque,

1811 1831 2077 1900 condigna
2114 1847 2142 1884 a
2171 1831 2416 1898 Domino,
2443 1834 2700 1905 justoque
2720 1836 2904 1906 judice
2935 1853 2998 1893 ac
3029 1842 3272 1894 omnium
3306 1842 3391 1896 in-

1812 1927 2056 1988 spectore
2089 1917 2220 1983 Deo,
2253 1923 2452 1992 recepit
2482 1925 2721 1993 prazmia.
2772 1924 2981 1982 Exesus
3008 1930 3152 1984 enim
3187 1931 3389 1984 vermi-

1810 2009 1934 2072 bus,
1968 2010 2076 2064 vita
2112 2021 2396 2081 exemptus
2437 2023 2540 2070 est.
2587 2015 2664 2069 Ac
2696 2017 2740 2072 si
2784 2019 2908 2088 quis
2949 2019 3062 2074 hazc
3106 2020 3383 2091 sigillatim

1809 2099 1987 2170 legere
2040 2101 2165 2155 velit
2204 2102 2522 2174 singulaque
2573 2106 2840 2176 lustrare,
2887 2110 2941 2164 in
2975 2110 3130 2167 libris
3165 2111 3387 2168 Macha-

1808 2191 2049 2246 baeorum
2076 2194 2371 2265 perscripta
2401 2196 2658 2254 inveniet.

1877 2465 1940 2520 L.
1983 2465 2138 2525 Nunc
2171 2483 2298 2525 vero
2339 2470 2405 2525 ad
2449 2471 2791 2543 propositum
2828 2476 2974 2545 quod
3005 2478 3194 2534 attinet
3234 2480 3382 2537 dice-

1807 2575 1951 2614 mus.
1998 2558 2111 2616 Hoc
2134 2563 2279 2616 enim
2309 2563 2422 2633 ipse
2448 2580 2663 2634 quoque
2696 2568 2964 2634 molietur,
2998 2572 3173 2628 modis
3201 2576 3381 2629 omni-

1807 2651 1910 2706 bus
1946 2663 2162 2708 sanctos
2209 2654 2444 2726 allligere
2468 2658 2676 2712 volens.
2720 2658 2811 2712 Ait
2858 2660 3002 2715 enim
3038 2663 3300 2733 propheta
3327 2675 3382 2720 et

1808 2745 2124 2814 apostolus:
2164 2764 2183 2797 ς
2229 2745 2326 2802 llic
2365 2747 2669 2804 intellectus
2698 2757 2800 2804 est.
2832 2749 2933 2817 Qui
2965 2753 3126 2807 habet
3163 2755 3377 2825 sapien-

1807 2836 1974 2901 tiam,
2027 2847 2305 2906 computet
2343 2853 2634 2892 numerum
2681 2840 2884 2895 bestiaa.
2929 2840 3203 2900 Numerus
3232 2845 3378 2900 enim

1808 2925 2043 2980 hominis
2086 2936 2202 2994 est;
2249 2937 2301 2983 et
2347 2943 2607 2984 numerus
2653 2931 2772 2999 ejus
2815 2935 3053 2988 sexcenti
3102 2937 3380 3008 sexaginta

1809 3033 1901 3073 sex
1924 3018 1989 3071 ⁸⁸.
2033 3039 2050 3070 ι
2089 3017 2230 3074 Sane
2261 3019 2328 3074 ad
2362 3019 2480 3089 ejus
2505 3036 2700 3076 nomen
2731 3024 2874 3092 quod
2911 3025 3122 3091 attinet,
3171 3043 3278 3082 non
3324 3029 3379 3084 in

1808 3107 1966 3162 nobis
1998 3117 2143 3163 tanta
2192 3111 2472 3181 sapientia:
2509 3112 2591 3168 vis
2615 3153 2630 3180 ,
2676 3121 2734 3167 ut
2764 3129 3020 3171 enarrare
3063 3118 3339 3186 possimus
3362 3161 3378 3186 ,

1809 3200 2262 3269 quemadmodum
2311 3201 2377 3256 de
2425 3201 2515 3257 illo
2563 3203 2826 3259 intellexit
2861 3206 3157 3278 didicitque
3188 3210 3380 3269 beatus

1807 3292 2066 3357 Joannes,
2100 3308 2164 3347 ac
2186 3294 2269 3347 vel
2303 3293 2478 3348 solum
2509 3296 2819 3367 conjectura
2852 3299 3081 3354 tradere.
3110 3299 3204 3355 Illo
3234 3303 3380 3357 enim

1809 3392 2132 3455 apparente,
2182 3385 2396 3440 docebit
2440 3389 2524 3442 vir
2569 3389 2758 3444 beatus
2797 3404 2907 3460 quo
2944 3390 3012 3446 de
3048 3395 3373 3462 quaerimus.

1808 3474 2076 3531 Caeterum
2102 3486 2366 3545 quantum
2402 3477 2712 3535 haesitantes
2751 3481 3041 3552 animoque
3087 3485 3234 3539 dubii
3281 3501 3376 3540 ca-

1807 3570 2020 3640 pimus,
2055 3569 2308 3625 dicimus.
2351 3569 2516 3625 Multa
2543 3573 2761 3642 quidem
2789 3577 3010 3630 nomina
3044 3577 3379 3636 inveniemus

1807 3664 1922 3734 pari
1957 3679 2185 3720 numero
2217 3673 2380 3735 atque
2401 3674 2658 3736 computo
2679 3670 3092 3738 comprehensa,
3127 3681 3204 3739 ut,
3230 3675 3376 3730 verbi

1810 3911 2154 3974 computata.
2176 3902 2426 3974 eamdem
2463 3915 2734 3974 summam
2765 3899 3085 3974 conﬁciunt.
3123 3899 3376 3958 Vocabu-

1810 3972 2326 4044 Ιιιιιι’περιεχόμενα
2377 3973 2552 4027 Gudio
2602 3972 2894 4026 tollendum
2953 3973 3264 4038 videbatur;
3321 3985 3379 4029 ct

1809 4047 2002 4099 abesse
2034 4045 2184 4098 salvo
2217 4059 2378 4098 sensu
2427 4051 2634 4112 potest.
2670 4058 2768 4097 nec
2816 4053 2995 4096 tamen
3033 4045 3187 4097 obest
3233 4045 3374 4099 idem

1811 4116 1855 4169 si
1905 4115 2077 4180 adsit,
2125 4130 2224 4170 nec
2264 4129 2484 4167 sensum
2519 4114 2852 4181 corrumpit;
2909 4114 3034 4182 quia
3085 4129 3281 4169 nomen
3321 4125 3377 4170 ct

1813 4185 2072 4258 ίσόψηφον
2101 4200 2221 4238 esse
2246 4185 2420 4247 alteri,
2441 4195 2490 4237 et
2517 4185 2796 4258 cgntinere
2819 4185 2872 4237 in
2897 4198 2955 4237 se
2986 4182 3244 4254 ἰσόψηφα,
3265 4187 3372 4240 sci-

1809 4252 1933 4328 licet
1953 4252 2272 4328 ignitum,
2305 4263 2497 4328 potest.
2516 4252 2755 4328 _quni_c.

1884 4323 2205 4397 (7)⁷ξΤείτὰν
2223 4367 2237 4381 .
2268 4364 2280 4378 .
2308 4323 2327 4378 ζ
2359 4324 2607 4394 ἀρχαῖον
2627 4325 2722 4377 καὶ
2745 4323 2996 4388 ἔνδοξον
3015 4323 3220 4393 ὄνομα.
3241 4325 3370 4397 lmi-

1809 4395 1953 4451 tatur
1977 4395 2295 4466 Hippolytus
2319 4397 2638 4466 magistrum
2667 4411 2822 4449 suum
2848 4396 3250 4466 Ireiimuquui
3272 4397 3366 4450 lib.

1809 4483 1842 4521 ν
1895 4464 2063 4522 contr.
2087 4464 2252 4532 tuen,
2274 4482 2393 4536 Cap.
2415 4464 2517 4529 ‘50,
2554 4464 2581 4536 §
2613 4467 2665 4531 5,
2702 4467 2814 4520 lucc
2843 4466 3030 4536 habet:
3066 4483 3085 4516 ι
3115 4465 3370 4523 Titan....

1809 4547 1862 4618 et
1895 4541 2206 4618 antiquum,
2231 4546 2284 4591 et
2312 4535 2679 4618 li’dedignum,
2703 4546 2756 4591 et
2787 4535 2961 4618 regale
2981 4575 3072 4618 ευ,
3096 4551 3366 4618 parnpr

1812 4606 1982 4662 Paulo
2005 4605 2128 4662 ante
2155 4605 2521 4662 dixeratideni
2548 4606 2810 4660 lrenaaus:
2843 4605 2863 4656 ι
2892 4605 2996 4660 Sed
3019 4616 3074 4661 et
3096 4605 3370 4674 TEITAN,

1808 4682 1982 4747 prima
2014 4679 2219 4749 syllaba
2257 4694 2352 4748 per
2388 4679 2524 4733 duas
2555 4677 2772 4732 Grzecas
2805 4677 3017 4749 vocales
3049 4694 3073 4729 ε
3100 4686 3200 4749 ett
3235 4679 3370 4733 scri-

1807 4759 1921 4820 pta,
1958 4747 2201 4820 omnium
2235 4747 2662 4820 hominumque;
2691 4747 2832 4816 apud
2871 4763 2971 4820 nos
3003 4747 3370 4816 inveniuntur,

1809 4817 1983 4889 inagis
2007 4820 2108 4873 [ide
2135 4819 2355 4889 dignum
2374 4828 2473 4872 est.
2501 4818 2708 4871 Etenim
2740 4817 3054 4887 przedictum
3081 4833 3368 4872 numerum

1808 4889 1972 4945 habet
2005 4890 2056 4943 in
2084 4905 2163 4951 se,
2195 4899 2248 4942 et
2279 4889 2589 4959 litterarum,
2611 4897 2694 4941 est
2717 4903 2810 4943 sex
2833 4929 2847 4954 ,
2886 4889 3116 4958 singulis
3145 4889 3369 4959 syllabis

1807 4975 1875 5014 ex
1894 4961 2062 5016 ternis
2088 4959 2283 5013 litteris
2305 4957 2704 5022 constantibus,
2725 4968 2778 5013 et
2798 4957 3043 5023 vetus,’et
3074 4957 3367 5014 semotum:

1809 5046 1984 5099 neque
2007 5031 2149 5084 enim
2177 5045 2362 5083 eorum
2382 5044 2578 5100 regum
2612 5031 2702 5098 qui
2735 5031 3033 5083 secundum
3079 5043 3180 5083 nos
3219 5036 3366 5091 sunt,

1807 5100 2006 5170 aliquis
2030 5109 2252 5155 vocatus
2273 5109 2357 5155 est
2379 5099 2566 5166 Titan;
2599 5115 2770 5170 neque
2795 5115 2983 5154 eorum
3015 5116 3135 5169 quae
3157 5100 3368 5170 publice

1807 5168 2104 5226 adorantur
2131 5170 2398 5225 idolorum
2423 5171 2563 5240 apud
2591 5168 2810 5226 Graecos
2832 5179 2884 5224 et
2912 5168 3192 5232 barbaros,
3210 5169 3364 5222 habet

1807 5242 2128 5320 vocabulum
2176 5241 2315 5295 hoc:
2358 5249 2411 5320 _et
2457 5239 2700 5320 divimLm
2745 5250 2965 5312 putatur
2995 5242 3134 5320 apud
3165 5239 3366 5320 inultos

1806 5311 1912 5368 hoc
1940 5327 2133 5367 nomen
2159 5329 2174 5377 ;
2210 5322 2268 5366 ut
2300 5312 2461 5366 etiam
2492 5313 2594 5390 sol,
2622 5309 2779 5366 Titan
2805 5309 3045 5390 vocetur?
3064 5312 3132 5363 ab
3164 5309 3363 5390 bisqui

1806 5398 1954 5458 nunc
1985 5391 2168 5458 tenent
2186 5400 2213 5458 εΔ
2242 5391 2308 5458 et
2327 5385 2758 5458 ostentationem
2781 5383 3078 5458 quamdam
3089 5450 3098 5458 _
3125 5383 3363 5458 continet

1807 5453 2030 5507 ultionis
2075 5463 2130 5507 et
2165 5453 2456 5508 vindictam
2509 5449 2828 5515 inferentis,
2869 5454 3012 5522 quod
3045 5450 3134 5504 ille
3171 5449 3364 5516 (Aliti-

1805 5524 2074 5591 cliristus)
2101 5524 2407 5600 _simulat_se
2436 5525 2578 5600 male
2617 5532 2875 5600 tractatos
2905 5522 3196 5600 vindicare.
3233 5536 3253 5571 ι

1833 5595 1952 5664 J(8)
1991 5589 2283 5661 Εὐάνθης.
2321 5593 2780 5671 ldemlrenazusl.
2809 5607 2860 5648 c.
2883 5610 2954 5671 :_¢
2985 5589 3251 5671 Quoniam
3275 5605 3365 5644 au-

1805 5671 1912 5719 tem
1948 5680 2053 5718 non
2086 5677 2302 5736 propter
2329 5665 2568 5736 inopiam
2603 5665 2884 5736 nominum
2912 5663 3222 5736 habentium
3257 5678 3365 5716 nu-

1806 5750 2015 5817 merum
2063 5734 2302 5818 tioniiiris
2351 5734 2472 5805 ejus
2515 5736 2748 5818 dicimus
2797 5735 2948 5818 bene,
3004 5734 3365 5818 stLp'rpptqr

1807 5806 2057 5862 timorem
2087 5823 2212 5880 erga
2239 5803 2406 5864 Deum
2436 5815 2490 5862 et
2511 5807 2687 5862 zelum
2719 5804 2990 5861 veritatis:
3038 5803 3357 5858 ΕΥΑΝΘΔΣ
