3830 7152
541 267 641 323 771

1186 267 1245 323 S.
1286 265 1644 324 HIPPOLYTI
1683 269 1833 325 OPP.
1871 268 2052 327 PARS
2093 269 2156 326 ll.
2194 301 2266 314 —
2301 269 2607 329 DOGMAT.
2650 271 2739 328 ET
2777 271 3118 329 HISTORIC.

3634 280 3715 336 ’Πὲ

534 389 728 460 gratia,
763 397 846 443 est
876 401 1071 442 nomen
1104 385 1282 456 Titan,
1327 386 1470 459 quod
1501 405 1694 446 nomen
1722 392 2006 462 antiquum
2045 409 2087 447 at

2208 393 2370 466 ψήφῳ
2411 394 2799 466 ἐμπεριέχεται
2824 431 2840 457 ,
2885 392 2979 446 καὶ
3019 391 3182 464 ἕτερα
3223 389 3441 447 πλείονα
3480 391 3717 467 εὑρεθῆναι

533 480 743 535 illustre
774 489 885 546 est;
937 480 1021 534 vel
1055 479 1359 546 Evanthas;
1405 497 1532 535 nam
1583 483 1686 538 hoc
1725 499 1940 554 quoque
1987 483 2102 554 pari

532 571 1009 640 comprehenditur
1049 580 1340 641 computo,
1387 572 1602 642 aliaque
1636 588 1744 628 non
1784 590 1957 645 pauca
1984 590 2105 644 quae

536 664 662 719 licet
704 665 965 719 invenire.
1000 664 1138 730 Quia
1183 674 1366 720 tamen
1419 665 1530 735 jam
1574 665 1854 732 diximus,
1905 667 2104 737 prioris

537 757 722 811 bestia:
749 753 960 827 pl‘agam
995 764 1238 811 curatam
1263 772 1404 821 esse,
1439 773 1503 812 ac
1527 758 1674 827 loqui
1705 757 1994 828 imaginem
2023 756 2104 813 l‘e-

535 848 709 912 cisse,
743 847 888 917 quod
919 857 1001 903 est
1030 849 1197 902 robur
1229 848 1306 902 illi
1335 849 1584 918 viresque
1608 849 1892 904 tribuisse:
1922 849 2103 920 palam

531 937 785 992 omnibus
803 945 904 1001 est,
929 938 1023 1008 qui
1046 938 1345 992 etiamnum
1375 953 1552 993 rerum
1576 940 1868 1008 potiantur,
1886 939 2106 996 Latinos

528 1043 672 1085 esse.
713 1027 771 1083 Si
819 1029 984 1100 igitur
1015 1039 1071 1083 ut
1101 1030 1263 1084 unius
1300 1030 1535 1088 hominis
1578 1047 1777 1086 nomen
1813 1033 2105 1086 transfera-

529 1131 650 1189 tur,
685 1121 909 1177 Latinus
953 1122 1230 1178 ellicietur.
1284 1121 1463 1188 Quare
1510 1138 1611 1177 nec
1661 1123 2059 1193 pradicandum
2085 1163 2101 1188 ,

530 1216 690 1286 quasi
715 1216 820 1270 hoc
847 1217 917 1270 sit
950 1215 1095 1271 illius
1127 1231 1346 1280 nomen,
1377 1230 1474 1270 nec
1507 1233 1698 1273 rursus
1728 1217 2101 1286 nesciendum,

528 1321 691 1376 posse
713 1321 836 1360 eum
862 1306 1017 1361 aliter
1038 1308 1370 1378 nuncupari:
1402 1308 1495 1363 sed
1517 1323 1641 1363 cum
1667 1307 1760 1362 Dei
1787 1309 2100 1379 mysterium

529 1395 586 1450 in
615 1395 779 1450 corde
803 1396 1120 1463 habeamus,
1155 1414 1278 1461 eum
1307 1398 1502 1452 timore
1538 1399 1639 1453 ﬁde
1666 1401 1950 1468 servanda,
1985 1415 2105 1472 quae

528 1502 561 1542 a
599 1487 770 1542 beatis
801 1489 1079 1558 prophetis
1103 1491 1357 1560 praztlieta
1389 1499 1548 1558 sunt;
1583 1499 1642 1545 ut
1670 1507 1794 1546 cum
1835 1495 1922 1548 illa
1952 1496 2101 1564 ﬁent,

527 1579 910 1649 prospiciendo
934 1581 1159 1635 solerter
1188 1597 1294 1635 non
1327 1581 1682 1651 decipiamur.
1715 1581 2106 1654 Supervenien-

528 1670 602 1724 tia
642 1670 786 1725 enim
833 1680 1112 1740 tempora,
1163 1671 1327 1727 etiam
1379 1672 1524 1727 hunc
1561 1673 1628 1728 de
1670 1689 1778 1744 quo
1809 1675 1923 1731 haec
1959 1677 2102 1732 dicta

526 1774 674 1826 sunt,
704 1762 1148 1818 manifestabunt.

598 1852 683 1907 LI.
723 1854 828 1908 Sed
857 1870 924 1910 ne
955 1855 1039 1909 his
1069 1854 1333 1910 duntaxat
1368 1858 1649 1913 sententiis
1675 1859 1942 1931 dictisque
1982 1862 2102 1919 illos

525 1943 886 2008 inducamus,
922 1946 1014 2015 qui
1060 1945 1371 2002 divinorum
1401 1949 1740 2018 eloquiorum
1781 1953 1928 2006 cultu
1959 1955 2103 2010 dele-

527 2042 766 2100 ctantur,
813 2037 932 2090 aliis
977 2037 1224 2105 pluribus
1253 2038 1811 2096 demonstrationibus
1852 2046 2101 2099 ostende-

526 2139 671 2177 mus.
721 2124 811 2178 Ait
854 2125 998 2178 enim
1049 2125 1266 2179 Daniel:
1319 2143 1338 2178 ι
1388 2125 1454 2180 Ει
1501 2127 1590 2180 isti
1636 2127 1990 2184 salvabuntur
2034 2131 2101 2185 de

525 2229 693 2268 manu
721 2215 874 2285 ejus,
911 2215 1080 2270 Edom
1108 2227 1161 2270 et
1195 2215 1350 2271 Moab
1370 2257 1385 2282 ,
1427 2227 1480 2272 et
1507 2219 1831 2290 principium
1863 2221 2098 2277 ﬁliorum

523 2308 758 2363 Ammon
797 2309 862 2362 “.
914 2327 932 2360 ι
965 2314 1194 2363 Ammon
1235 2319 1288 2364 et
1323 2309 1480 2365 Moab
1520 2311 1616 2365 ﬁlii
1647 2311 1751 2366 Lot
1785 2328 1849 2367 ex
1886 2314 2099 2372 ﬁliabus

523 2399 792 2468 progeniti
840 2399 884 2430 “
910 2441 925 2466 ,
969 2415 1201 2469 quorum
1237 2401 1536 2456 etiamnum
1569 2419 1738 2474 genus
1765 2417 2095 2474 perseverat.

523 2491 616 2545 Ait
661 2493 807 2546 enim
848 2492 1052 2548 Isaias:
1089 2511 1107 2543 ‹
1149 2491 1212 2546 Ει
1243 2493 1502 2549 volabunt
1535 2494 1590 2549 in
1636 2497 1866 2552 navibus
1903 2500 2094 2552 alieni-

525 2600 818 2654 genarum;
855 2599 1004 2640 mare
1049 2584 1211 2639 simul
1255 2585 1678 2654 praedabuntur,
1721 2597 1774 2642 et
1809 2604 1903 2643 eos
1933 2591 2025 2659 qui
2062 2606 2091 2646 a

522 2675 657 2729 solis
701 2685 846 2730 ortu.
889 2674 954 2729 Et
1001 2676 1056 2729 in
1102 2675 1258 2730 Moab
1297 2677 1534 2746 primum
1579 2693 1772 2734 manus
1813 2680 2090 2752 injicient;

522 2767 618 2820 lilii
667 2777 846 2822 autem
877 2767 1108 2823 Ammon
1141 2769 1298 2838 primi
1324 2769 1579 2824 obedient
1605 2771 1669 2825 ⁸⁷.
1697 2790 1716 2823 ι

591 2859 701 2913 Lll.
748 2859 848 2914 Hie
891 2861 1054 2930 igitur
1092 2862 1199 2916 illis
1231 2864 1566 2931 temporibus
1592 2879 1872 2936 emergens
1901 2881 2093 2923 oecur-

520 2961 631 3006 ret:
672 2953 948 3022 triumque
990 2969 1255 3009 cornuum
1287 2970 1352 3009 ex
1378 2955 1564 3010 decem
1595 2971 1789 3028 pugnae
1833 2959 1950 3015 acie
1991 2977 2091 3031 po-

521 3045 690 3112 titus,
731 3046 944 3114 illisque
985 3047 1244 3102 radicitus
1281 3048 1518 3115 evulsis,
1566 3049 1800 3122 Egypto
1843 3053 2086 3119 scilicet,

519 3137 686 3207 Libya
716 3147 770 3192 et
807 3136 1104 3208 AilthiOpia,
1153 3140 1387 3209 acceptis
1431 3156 1620 3196 eorum
1651 3143 1834 3213 spoliis
1871 3160 1935 3200 ac
1972 3161 2091 3200 ma-

518 3229 724 3292 nubiis,
753 3229 977 3299 reliquis
1000 3231 1164 3285 etiam
1193 3233 1451 3288 cornibus
1482 3249 1602 3302 qua
1633 3250 1732 3290 nec
1757 3236 1872 3306 ipsa
1901 3238 2096 3293 immu-

519 3321 608 3376 nia
635 3323 917 3386 exsistant,
941 3323 1260 3394 oblaasisque
1283 3323 1481 3380 ﬁnibus
1499 3325 1599 3395 (δ’)
1623 3342 1680 3381 se
1708 3326 1785 3380 illi
1807 3328 2094 3398 subjicien-

517 3415 701 3482 tibus,
748 3416 978 3471 exaltari
1023 3417 1206 3472 animo
1259 3418 1481 3489 incipiet
1526 3430 1579 3476 et
1611 3421 1872 3476 adversus
1919 3420 2088 3476 Deum

514 3504 724 3572 ell'erri,
776 3507 870 3575 qui
921 3508 1083 3562 totius
1135 3507 1282 3563 orbis
1332 3516 1601 3564 terrarum
1650 3511 1905 3580 potiatur.
1958 3510 2089 3582 Ejus

514 3597 689 3665 prima
722 3598 997 3668 aggressio
1033 3598 1136 3652 erit
1181 3599 1438 3655 adversus
1467 3599 1670 3671 Tyrum
1702 3609 1756 3656 et
1797 3600 2046 3673 Berytum
2069 3645 2084 3671 ,

514 3704 581 3743 ac
606 3688 1050 3744 circumvieinam
1092 3689 1389 3760 regionem.
1423 3691 1519 3747 His
1545 3693 1690 3747 enim
1721 3692 1948 3748 urbibus
1975 3694 2088 3764 pri-

517 3796 668 3834 mum
714 3782 1060 3852 expugnatis,
1098 3782 1218 3836 aliis
1263 3791 1524 3837 terrorem
1571 3784 1796 3853 injiciet,
1825 3785 2088 3854 quemad-

514 3874 735 3927 modum
766 3874 932 3929 Isaias
966 3875 1070 3929 ait:
1127 3893 1146 3926 (
1194 3873 1496 3942 Erubesce,
1536 3874 1723 3942 Sidon,
1749 3876 1886 3932 dixit
1914 3892 2082 3933 mare.

511 3962 792 4018 Fortitudo
826 3980 956 4021 vero
985 3967 1151 4021 maris
1187 3966 1356 4020 dixit:
1404 3965 1522 4022 Non
1563 3969 1858 4036 parturivi,
1909 3984 2084 4039 neque

512 4056 732 4126 peperi,
768 4072 868 4111 nec
894 4057 1115 4112 educavi
1143 4057 1402 4128 juvenes,
1435 4074 1534 4112 nec
1569 4060 1798 4115 exaltavi
1824 4059 2081 4132 virgines.

512 4146 744 4213 Quando
771 4156 950 4200 autem
982 4147 1225 4201 auditum
1260 4147 1420 4202 fuerit
1451 4146 1684 4219 Egypto
1705 4187 1719 4212 ,
1765 4149 1938 4218 capiet
1986 4163 2085 4202 eos

509 4236 666 4292 dolor
701 4251 800 4306 pro
831 4235 974 4307 Tyro
1005 4236 1068 4289 ⁶⁸.
1109 4255 1127 4287 ι

580 4327 716 4382 LIII.
745 4326 841 4382 llis
872 4328 946 4381 ita
976 4325 1204 4391 futuris,
1232 4325 1581 4381 dilectissime
1601 4364 1617 4391 ,
1650 4341 1714 4380 ac
1749 4325 1923 4380 tribus
1952 4339 2077 4380 eor-

2202 483 2494 557 δυνάμενα.
2575 486 2713 539 Ἀλλ’
2754 486 2940 558 ἐπειδὴ
2990 486 3341 558 προέφθημεν
3371 485 3444 555 (9)
3481 484 3718 554 λέγοντες,

2202 575 2284 629 ὅτι
2311 575 2703 649 ἐθεραπεύθηή
2735 575 2916 647 πληγὴ
2936 578 3030 630 τοῦ
3057 577 3245 649 θηρίου
3281 575 3372 629 τοῦ
3406 576 3622 648 πρῶτον,
3647 583 3721 634 καὶ

2204 667 2419 738 ποιήσει
2436 667 2545 738 (10)
2572 667 2750 721 λαλεῖν
2771 668 2870 739 τὴν
2897 668 3411 732 εἰκόνα,τουτέστιν,
3432 668 3599 738 ἴσχυσε
3617 669 3719 740 (llr

2204 758 2436 829 φανερὸν
2461 758 2505 811 δ’
2539 760 2656 813 ἐστὶ
2687 761 2874 824 πᾶσιν,
2901 761 2982 813 ὅτι
3011 760 3061 812 οῖ
3089 760 3413 830 κρατοῦντες
3439 760 3514 813 ἔτι
3536 761 3618 814 νύν
3643 765 3723 819 είσι

2205 852 2420 905 Λατῖνοι
2440 866 2454 882 °
2483 852 2570 914 είς
2597 851 2715 916 ἐνὸς
2739 847 2831 905 οὖν
2853 851 3139 924 ἀνθρώπου
3179 852 3352 924 ὄνομα
3391 856 3723 924 μεταγόμενον,

2202 942 2412 1012 γίνεται
2446 942 2745 1010 Λατεῖνος.
2794 944 2954 996 Ὥστε
2994 941 3116 996 οὔτε
3163 944 3556 1017 προκηρύσσειν
3583 946 3725 1011 acidi;

2201 1033 2353 1098 ὄντος
2395 1035 2584 1088 τούτου
2625 1035 2885 1106 ὀνόματος
2905 1075 2919 1099 ,
2952 1034 3074 1088 οὔτε
3103 1035 3265 1090 πάλιν
3305 1037 3512 1105 ἀγνοεῖν
3532 1077 3546 1101 ,
3571 1039 3643 1090 ὅτι
3671 1040 3726 1110 μὴ

2203 1127 2375 1191 ἄλλως
2405 1128 2624 1182 δύναται
2645 1128 2896 1196 λέγεσθαι
2917 1145 2932 1158 ο
2968 1128 3184 1200 ἔχοντες
3211 1129 3270 1183 δέ
3289 1129 3350 1182 τὸ
3373 1129 3640 1202 μυστήριον
3656 1131 3727 1185 τοῦ

2201 1219 2336 1272 Θεοῦ
2367 1223 2424 1274 ἐν
2446 1221 2511 1292 τῇ
2545 1221 2758 1292 καρδία,
2795 1223 2933 1292 μετὰ
2959 1221 3122 1292 φόϐου
3154 1221 3450 1292 φυλάσσειν
3475 1223 3656 1286 πιστῶς
3674 1224 3728 1276 τὰ

2204 1312 2307 1364 ὑπὸ
2333 1313 2440 1365 τῶν
2474 1313 2755 1385 μακαρίων
2785 1314 3074 1385 προφητῶν
3091 1314 3483 1386 προειρημένα,
3513 1315 3590 1367 ἴνα
3613 1331 3728 1383 γινο-

2206 1404 2382 1474 μένων
2414 1404 2610 1466 αύτῶν,
2648 1405 2958 1475 προϊδόντες
2993 1405 3066 1476 μὴ
3099 1404 3481 1476 σφαλλώμεθα.
3509 1405 3614 1457 Τῶν
3641 1408 3728 1476 γὰρ

2203 1495 2408 1568 καιρῶν
2437 1496 2848 1564 ἐπιγινομένων,
2881 1497 2973 1550 καὶ
2995 1496 3158 1559 αὐτὸς
3180 1496 3312 1567 περὶ
3337 1488 3398 1548 οὗ
3421 1495 3580 1548 ταῦτα
3607 1495 3729 1566 εἰρη-

2201 1606 2309 1653 ται,
2339 1587 2794 1659 φανερωθήσεται.

2287 1845 2425 1898 Ἀλλ’
2458 1846 2543 1898 ἵνα
2583 1845 2655 1917 μὴ
2695 1845 2874 1916 μόνοις
2908 1846 3018 1909 τοῖς
3047 1846 3231 1916 ῥητοῖς
3261 1843 3470 1907 τούτοις
3500 1842 3728 1912 πείσωμεν

2200 1940 2326 2002 τοὺς
2368 1939 2436 1992 τὰ
2476 1938 2569 1991 τοῦ
2603 1939 2735 1991 Θεοῦ
2768 1938 2922 2007 λόγια
2952 1935 3406 2008 φιλοπονοῦντας,
3433 1937 3652 2007 δείξομεν
3676 1936 3726 1988 δι’

2200 2033 2402 2103 ἐτέρων
2441 2031 2764 2098 ἀποδείξεων
2815 2032 3096 2084 πλειόνων.
3155 2031 3321 2099 Λέγει
3387 2030 3495 2101 γὰρ
3537 2029 3724 2100 Δανιήλ·

2205 2145 2224 2176 ι
2267 2125 2376 2179 Καὶ
2401 2117 2544 2178 οὗτοι
2571 2123 2903 2194 σωθήσονται
2931 2126 2995 2176 ἐκ
3018 2121 3199 2192 χειρὸς
3235 2120 3426 2185 αὑτοῦ,
3464 2119 3626 2191 Ἑδὼμ
3654 2121 3725 2173 καὶ

2198 2217 2391 2283 Μωὰϐ,
2417 2217 2511 2270 καὶ
2540 2216 2681 2288 ἀρχὴ
2699 2215 2830 2269 υἱῶν
2871 2214 3112 2286 Ἀμμών.
3140 2233 3157 2266 ι
3197 2213 3426 2285 ’Δμμὼν
3455 2213 3544 2268 καλ⁸
3568 2213 3724 2275 Μωὰϐ.

2197 2311 2245 2363 οἱ
2278 2311 2342 2364 ἐκ
2367 2308 2474 2361 τῶν
2517 2307 2828 2379 θυγατέρων
2861 2307 2953 2360 τοῦ
2984 2305 3105 2359 Λὼτ
3128 2307 3248 2359 ,υἱοὶ
3293 2304 3656 2377 γεγενημένοιν
3683 2303 3724 2370 ἐξ

2197 2392 2271 2452 ὦν
2301 2398 2361 2450 τὸ
2387 2398 2542 2466 γένος
2565 2398 2665 2460 ’έως
2679 2397 2772 2450 τοῦ
2802 2395 2896 2450 νῦν
2918 2396 3180 2467 διαμένει.
3199 2397 3364 2464 Λέγει
3384 2397 3493 2469 γὰρ
3525 2395 3721 2457 Ἡσαΐας·

2202 2510 2221 2543 ι
2261 2491 2369 2543 Καὶ
2398 2490 2827 2560 πετασθήσονται
2861 2491 2919 2542 ἐν
2950 2489 3153 2552 πλοίοις
3186 2488 3501 2557 ἀλλοφύλων
3525 2527 3538 2552 ,
3569 2486 3724 2540 θάλασ-

2195 2599 2294 2636 σαν
2327 2582 2442 2654 ἅμα
2467 2581 2924 2652 προνομεύοντες,
2972 2582 3067 2635 καὶ
3097 2581 3221 2645 τοὺς
3247 2582 3347 2650 ἀφ’
3383 2580 3528 2651 ήλίου
3569 2582 3722 2633 ἀνατο-

2194 2674 2320 2741 λῶν,
2355 2675 2450 2730 καὶ
2475 2675 2568 2726 ἐπὶ
2599 2673 2771 2728 Μωάϐ
2804 2674 3018 2746 πρῶτον
3037 2674 3138 2738 τὰς
3173 2676 3368 2744 χεῖρας
3401 2671 3720 2727 ἐπιϐαλοῦσιν

2192 2768 2242 2823 oi
2273 2768 2329 2821 δὲ
2361 2768 2465 2821 utet
2507 2765 2734 2837 Ἀμμὼν
2766 2766 2969 2838 πρῶτοι
2999 2767 3422 2820 ὑπακούσονται.
3465 2785 3484 2818 ›
3557 2802 3563 2810 η

2263 2853 2431 2924 Οὗτος
2485 2855 2579 2914 οὖν
2633 2863 2744 2923 τοῖς
2794 2861 2914 2913 τότε
2959 2862 3168 2930 καιροῖς
3215 2858 3551 2929 ἀναδειχθεὶς
3591 2858 3724 2911 ὑπαν-

2190 2953 2274 3004 τεῖ
2306 2951 2453 3022 (12)·
2502 2952 2595 3004 καὶ
2636 2952 2916 3021 κρατήσας
2960 2951 3017 3004 ὲν
3045 2949 3351 3021 παρατάξει
3395 2950 3613 3020 πολέμου
3639 2948 3720 3001 τῶν

2190 3042 2356 3113 τριῶν
2399 3044 2644 3114 κεράτων
2671 3045 2736 3095 ἐκ
2772 3041 2880 3095 τῶν
2911 3041 3041 3095 δέκα
3062 3083 3076 3108 ,
3113 3042 3209 3097 καὶ
3255 3041 3560 3114 ἐκριζώσας
3593 3039 3721 3099 αὐτὰ,

2192 3134 2327 3204 ὅπερ
2358 3134 2504 3187 ἐστὶν
2532 3133 2807 3202 Αἰγύπτου
2830 3173 2846 3198 ,
2889 3133 2984 3187 καὶ
3027 3133 3238 3188 Λιϐύων
3265 3175 3281 3200 ,
3337 3135 3432 3188 καὶ
3470 3132 3716 3188 Αἰθιόπων.

2191 3222 2370 3278 λαϐὼν
2403 3222 2470 3276 τὰ
2499 3222 2670 3276 σκύλα
2700 3223 2793 3276 καὶ
2820 3222 2888 3277 τά
2914 3223 3131 3295 λάφυρα
3151 3264 3166 3289 ,
3202 3224 3578 3292 ὑποταγέντων
3605 3221 3718 3290 αὐτῷ

2191 3316 2285 3370 καὶ
2314 3314 2422 3368 τῶν
2450 3313 2649 3368 λοιπῶν
2678 3315 2922 3386 κεράτων
2947 3315 3054 3369 τῶν
3081 3315 3589 3386 περιϐλαπτομένων
3607 3354 3620 3378 ,
3644 3314 3718 3385 ip-

2191 3408 2271 3475 ξει
2312 3407 2574 3479 ὑψοῦσθαι
2611 3410 2676 3478 τῇ
2721 3408 2952 3480 καρδίᾳ,
2995 3409 3090 3463 καί
3128 3409 3450 3483 ἐπαίρεσθαι
3490 3407 3614 3460 κατὰ
3644 3403 3715 3456 τοῦ

2189 3501 2346 3565 θεοῦ,
2381 3501 2559 3570 πάσης
2585 3501 2682 3572 τῆς
2713 3501 3036 3572 οἰκουμένης
3067 3500 3285 3573 κρατῶν
3305 3517 3321 3531 ο
3353 3501 3412 3553 τὸ
3441 3499 3495 3553 δὲ
3531 3501 3714 3570 ὅρμημα

2188 3592 2349 3647 αὑτοῦ
2371 3593 2584 3664 πρῶτον
2611 3591 2760 3646 ἔσται
2793 3593 2886 3646 ἐπὶ
2917 3593 3090 3663 Τύρον
3123 3594 3218 3645 καὶ
3249 3593 3513 3666 Βήρυτον,
3532 3590 3613 3643 καὶ
3639 3587 3714 3656 τὴν

2187 3684 2345 3756 πέριξ
2375 3684 2576 3756 χώραν.
2613 3684 2827 3747 Ταύτας
2856 3683 2963 3754 γὰρ
2983 3684 3197 3756 πρῶτον
3229 3683 3332 3748 τὰς
3357 3683 3532 3747 πόλεις
3554 3683 3714 3751 ἐκπορ-

2187 3776 2379 3848 θήσας,
2415 3779 2536 3840 ταῖς
2568 3776 2780 3849 ἑτέραις
2806 3777 2968 3846 φόϐον
2990 3777 3336 3848 ἐγγεννήσει,
3373 3777 3547 3841 καθώς
3585 3791 3712 3845 φησιν

2197 3869 2454 3933 Ἡσαΐαςο
2488 3888 2507 3921 ι
2535 3867 2878 3940 Αίσχύνθητι,
2907 3867 3100 3933 Σιδὼν,
3135 3865 3291 3922 εἶπεν
3340 3871 3374 3941 ή
3409 3869 3630 3922 θάλασσα
3649 3882 3660 3895 ·
3687 3865 3711 3934 ἡ

2183 3959 2240 4012 δὲ
2275 3960 2425 4031 ἰσχὺς
2450 3959 2550 4030 τῆς
2581 3959 2854 4030 θαλάσσης
2886 3953 3067 4012 εἶπεν·
3102 3959 3214 4012 Ούκ
3243 3958 3431 4012 ῶδινον
3455 3997 3469 4022 ,
3504 3957 3600 4012 οὐδ’
3625 3955 3712 4007 ἔτε-

2183 4068 2277 4104 κον
2299 4093 2314 4118 ,
2365 4051 2472 4104 οὐδ’
2502 4051 2762 4122 ἐξέθρεψα
2785 4050 3116 4116 νεανίσκους,
3149 4049 3270 4104 οὐδὲ
3310 4049 3499 4120 ὒψωσα
3543 4044 3709 4117 παρθέ-

2181 4158 2322 4206 νους.
2375 4141 2540 4194 Ὅταν
2571 4140 2629 4194 δέ
2664 4142 2925 4195 ἀκουστὸν
2959 4140 3460 4212 γένηταιΛίγύπτῳ
3481 4178 3495 4202 ,
3523 4138 3708 4210 λήψεται

2180 4233 2378 4296 αὐτοὺς
2410 4233 2569 4304 ὀδύνη
2601 4233 2730 4304 περὶ
2759 4232 2954 4302 Τύρου.
2997 4251 3016 4285 ι

2251 4326 2468 4380 Τούτων
2488 4323 2660 4387 οὕτως
2688 4325 2981 4396 ἐσομένων,
3014 4323 3284 4395 ἀγαπητὴ
3322 4324 3416 4378 καὶ
3445 4322 3546 4376 τῶν
3573 4315 3706 4391 τριῶν

509 4419 672 4475 nibus
699 4420 766 4475 ab
795 4435 860 4474 eo
892 4420 1088 4475 excisis
1110 4461 1124 4487 ,
1169 4429 1290 4488 post
1315 4419 1429 4473 hate
1462 4433 1520 4473 se
1554 4429 1612 4472 ut
1638 4417 1800 4472 Deum
1827 4417 2082 4473 exhibere

2200 4420 2429 4490 ιεράτων
2461 4417 2552 4469 ὑπ’
2581 4415 2746 4471 αὑτοῦ
2775 4417 3136 4482 ὲκκοπέντων,
3164 4415 3301 4490 μετά
3328 4416 3497 4470 ταῦτα
3522 4411 3704 4484 ἄρξεται

509 4511 767 4580 incipiet,
813 4511 1270 4582 quemadmodum
1314 4510 1561 4582 praedixit
1595 4510 1872 4567 Ezechiel:
1918 4529 1936 4562 ι
1973 4510 2080 4566 Pro

507 4615 574 4656 eo
601 4603 746 4672 quod
773 4603 1069 4657 exaltatum
1101 4611 1184 4658 est
1214 4617 1306 4658 cor
1337 4611 1489 4658 tuum
1516 4646 1531 4669 ,
1581 4612 1636 4658 et
1665 4603 1888 4658 dixisti:
1934 4602 2077 4660 Deus

508 4708 628 4748 sum
659 4707 757 4763 ego
781 4693 845 4746 ⁸³.
886 4711 905 4745 ι
941 4692 1202 4749 Similiter
1237 4710 1453 4765 quoque
1483 4696 1679 4750 Isaias:
1719 4713 1737 4746 ι
1774 4694 1855 4749 Tu
1895 4705 2076 4751 autem

2184 4509 2260 4574 ὡς
2286 4509 2416 4562 Θεὸν
2446 4509 2638 4563 ἑαυτὸν
2663 4508 3044 4576 ἐπιδεικνύναι,
3069 4510 3143 4574 ὡς
3169 4512 3430 4582 προεῖπεν
3466 4501 3699 4573 Ἰεζεκιήλ·

2189 4620 2207 4654 ι
2255 4601 2394 4656 ’Δνθ’
2415 4594 2489 4655 ὧν
2522 4600 2708 4672 ὑψώθη
2733 4603 2766 4673 ἡ
2795 4603 2989 4672 καρδία
3008 4621 3122 4667 σου,
3157 4603 3246 4656 καὶ
3267 4598 3447 4666 εἶπας,
3480 4598 3599 4661 Θεός
3614 4597 3700 4662 είμι

2181 4693 2316 4764 ἐγώ.
2355 4694 2508 4748 »Καὶ
2564 4694 2788 4760 Ἡσαΐας
2829 4695 3058 4768 ὁμοίως·
3108 4714 3126 4748 ι
3162 4697 3233 4749 Σὺ
3263 4695 3320 4749 δε
3369 4690 3522 4758 εἶπας
3562 4693 3612 4744 ἐν
3647 4688 3696 4756 τῇ

578 4806 623 4838 ⁸⁵
645 4805 780 4860 Dan.
815 4824 890 4876 xi,
922 4809 1008 4863 41.
1089 4811 1134 4841 ⁸⁸
1171 4808 1305 4866 Gen.
1339 4826 1467 4876 xix,
1503 4811 1592 4880 37,
1621 4811 1710 4868 58.
1788 4813 1832 4844 ⁸⁷
1857 4811 1962 4868 lsa.
1987 4827 2064 4882 xi,

2258 4812 2302 4843 ⁸⁸
2337 4809 2443 4866 lsa.
2473 4827 2634 4877 xxut,
2669 4813 2723 4879 4,
2755 4813 2807 4867 5.
2883 4812 2927 4845 ⁶⁹
2958 4811 3153 4868 Ezeeb.
3185 4823 3381 4879 Xxvut,
3404 4811 3456 4866 6.

505 4924 652 5000 enim
684 4940 906 5000 nomen,
951 4928 1119 5000 habet
1167 4944 1456 4984 numerum
1508 4930 1575 5000 de
1618 4944 1728 5000 quo
1771 4932 2067 5000 quaeritur:

507 4996 601 5070 sed
645 4997 779 5070 nihil
820 4997 887 5070 de
925 4999 1372 5070 eoiailirmamus.
1431 5019 1449 5051 ι
1478 5069 1481 5070 ν
1507 4996 1805 5070 διοιῑιιιίιιιὸ
1836 5001 2062 5056 subdit:

509 5084 534 5120 ει
568 5064 671 5120 Sed
713 5075 768 5122 et
809 5068 1148 5122 ΛᾹΤΕΙΝΟΣ
1195 5085 1389 5125 nomen
1415 5109 1432 5134 ,
1474 5069 1636 5126 habet
1685 5064 2065 5128 séxcentorum

506 5137 787 5206 sexaginta
830 5153 926 5193 sex
973 5155 1296 5206 numerum;
1347 5151 1401 5195 et
1432 5141 1585 5195 valde
1623 5141 1917 5198 verisimile
1959 5151 2065 5208 est,

505 5208 761 5281 quoniam
789 5209 1142 5264 novissimum
1173 5226 1397 5281 regnum
1416 5212 1518 5266 hoc
1541 5211 1701 5265 habet
1717 5212 2062 5267 vocabulum.

505 5277 684 5351 Latini
715 5282 858 5351 enim
890 5289 1019 5335 sunt
1038 5277 1307 5351 quinunc
1339 5291 1594 5351 regnant;
1615 5281 1707 5336 sed
1738 5298 1846 5336 non
1882 5283 1936 5337 in
1964 5283 2067 5337 hoc

503 5363 605 5421 nos
635 5349 1008 5421 gloriabimur.
1053 5349 1071 5402 ἰ
1103 5349 1228 5405 Haec
1247 5349 1423 5405 autem
1445 5360 1722 5421 propterea
1755 5352 2065 5407 inmedium

506 5418 862 5493 adduximus,
906 5430 962 5475 ut
1003 5422 1175 5493 magis
1215 5421 1341 5493 inde
1370 5418 1598 5493 constet,
1634 5422 1818 5478 Irenaei
1864 5423 2064 5493 scripta

505 5485 851 5560 llippolytum
892 5507 1003 5560 pra:
1036 5485 1210 5546 oe'ulis
1242 5491 1520 5547 habuisse.
1558 5485 1694 5548 Hinc
1722 5495 1888 5548 etiam
1916 5485 2066 5548 co'm-

503 5571 710 5631 pertum
743 5562 801 5616 ﬁt
826 5601 841 5627 ,
877 5563 980 5616 tria
1005 5562 1106 5616 ista
1130 5562 1349 5616 nomina
1371 5578 1650 5631 perperam
1673 5563 1841 5620 fuisse
1867 5565 1921 5617 in
1948 5578 2067 5618 ver-

504 5630 657 5701 sione
681 5632 828 5686 hisce
849 5633 1040 5688 litteris
1085 5630 1432 5701 consignata,
1464 5630 1654 5698 Titan,
1697 5633 1964 5688 Evanthas
2013 5640 2068 5687 et

502 5697 726 5754 Latinus
745 5716 764 5755 .'
790 5718 966 5775 neque
991 5705 1133 5761 enim
1155 5704 1222 5760 ad
1239 5697 1472 5761 mentem
1496 5697 1766 5777 Hippolyti
1794 5721 2053 5761 numerus

2177 4929 2582 5000 apoealyptieus
2603 4928 2707 4983 666
2733 4928 2856 4983 inde
2869 4944 3158 4998 exsurgere
3179 4937 3391 4998 potest;
3421 4935 3478 4982 ut
3508 4919 3694 4993 proinde

2177 5001 2257 5050 sic
2271 4999 2621 5050 exprimenda
2648 4999 2897 5050 fuissent.
2930 5000 3205 5050 TEITAN.
3235 4995 3570 5050 ΕΥΑΝΘΑΣ.
3602 4993 3696 5044 ΛΔ·-

2175 4999 2257 5055 sie
2271 4999 2621 5069 exprimenda
2648 4999 2897 5064 fuissent,
2930 5000 3205 5080 TElTAl‘J,
3235 4999 3570 5077 ETANGAB,
3602 4999 3689 5044 ΛΔ-

2173 5070 2452 5140 ΤΕΙΝΟΣι
2508 5084 2616 5138 quo
2659 5070 2876 5139 quidem
2933 5071 3095 5125 modo
3138 5071 3229 5125 illa
3281 5075 3537 5140 expressit
3566 5072 3689 5116 vetus

2166 5139 2354 5194 lrenaai
2384 5141 2675 5208 interpres.

2238 5209 2337 5281 (8')
2367 5201 2613 5281 Finibits.
2653 5209 2707 5262 In
2737 5206 2925 5281 Graeco
2941 5208 3211 5281 κεράτων·
3237 5209 3381 5264 unde
3413 5207 3601 5264 videtur
3621 5201 3688 5258 ln-

2172 5278 2378 5349 terpres
2410 5280 2605 5349 legisse
2635 5279 2904 5350 περάτων.
2937 5278 3094 5334 Εοιτ.
3135 5278 3373 5335 ΡΑτιιοι..

2163 5418 2205 5475 F
2239 5347 2314 5420 (9)
2345 5347 2749 5421 Προέφθημεκ.
2780 5352 2857 5406 lta
2889 5350 3173 5421 legendum
3193 5390 3208 5415 ,
3255 5365 3353 5421 pro
3385 5347 3718 5422 προέφημενοι

2209 5437 2383 5475 Αιιιιιο.

2209 5437 2383 5476 ABBIC.

2265 5491 2349 5564 ίθ)
2383 5489 2648 5564 Ποιῆσει.
2676 5488 2946 5564 C_.ombel'.,
2969 5490 3212 5564 ἐποίησε.

2265 5558 2352 5631 ll)
2391 5563 2656 5632 Ἵσχυσε.
2691 5558 2850 5632 forte
2879 5558 3271 5632 ἰσχύσει.’ϐυι›.
3471 5629 3483 5632 _
3646 5618 3654 5629 _

2234 5629 2346 5702 (⁷12)
2372 5629 2675 5705 -Ὺπᾳντεζ
2703 5629 3009 5705 Legendum
3041 5633 3356 5705 ὑπαντήσει,
3379 5629 3514 5686 unde
3528 5636 3679 5692 sequt-

2163 5699 2272 5772 tur,
2302 5699 2394 5757 καὶ
2426 5702 2598 5775 ἄρξει.
2635 5701 2765 5757 Tan.
2802 5699 2927 5756 Fas.
