3876 6340
208 350 290 406 775

1249 345 1338 400 DE
1375 345 1677 403 CllRlSTO
1718 347 1806 402 ΕΤ
1848 347 2329 405 ANTICIIRISTO.

3303 358 3404 414 774

200 457 366 533 καρδίᾳ
387 475 492 512 σου·
517 457 608 522 El;
633 455 724 512 τὸν
747 456 974 530 οὐρανὸν
1007 455 1372 532 ἀναϐήσομαι,
1399 459 1584 515 ἐπάνω
1613 461 1690 514 τῶ

1823 461 2010 518 dixisti
2054 436 2322 519 in'corde
2363 472 2494 518 tuo:
2545 463 2849 520 Ascendam
2892 465 2944 520 in
2991 464 3212 532 coelum,
3243 483 3406 538 super

195 552 382 624 ἄστρων
411 550 497 604 τοῦ
528 549 754 622 οὐρανοῦ
790 549 940 618 Θήσω
978 548 1070 604 τὸν
1119 551 1305 623 Θρόνον
1347 569 1446 624 μου
1467 569 1479 582 ·
1535 552 1725 624 ἔσομαι

194 644 440 716 ὅμοιοςτῴ
472 643 724 714 ’Υψίστῳ.
762 644 874 696 Νυν
910 644 966 696 δὲ
999 646 1080 707 είς
1105 645 1236 716 ᾅδην
1285 645 1599 719 καταϐήσῃ,
1645 648 1724 709 εἰς

192 737 248 790 τὰ
272 734 472 805 θεμέλια
500 734 594 804 τῆς
614 735 715 804 γῆς
734 774 747 788 .
790 751 809 786 ι
853 734 1122 798 Ὡσαύτως
1145 737 1238 789 καὶ
1259 735 1520 808 Ἰεζεκιήλ
1539 755 1552 767 ’
1575 755 1593 788 ‹
1631 737 1723 809 Μὴ

192 829 339 897 λέγων
367 828 504 898 ἐρεῖς
525 828 636 890 τοῖς
658 826 942 898 ἀναιροῦσί
971 845 1053 894 σε,
1082 827 1216 892 Θεός
1235 830 1352 899 εἰμι
1376 827 1520 898 ὲγώ;
1551 830 1622 883 Σὺ
1667 829 1723 882 δὲ

192 913 455 990 ἄνθρωπος,
487 919 579 972 καὶ
610 919 669 972 οὐ
701 919 852 984 θεός.
891 939 911 973 ι

246 1009 586 1079 Δεδειγμένων
613 1006 705 1063 οὖν
723 1010 810 1064 διὰ
839 1010 946 1064 τῶν
972 1010 1154 1081 ῥητῶν
1168 1008 1372 1063 τούτων
1403 1011 1499 1082 τῆς
1525 1009 1718 1082 φυλῆς,

189 1103 263 1158 καὶ
295 1103 384 1173 τῆς
411 1101 720 1170 ἀναδείξεως
744 1101 931 1167 αὑτοῦ,
964 1102 1058 1156 καὶ
1089 1103 1190 1172 τῆς
1217 1103 1549 1176 ἀναιρέσεως
1569 1143 1583 1167 ,
1624 1101 1718 1156 τοῦ

188 1195 485 1266 τεόνόματος
516 1195 790 1265 μυστικῶς
813 1195 1249 1266 σεσημασμένον,
1283 1197 1479 1267 ἴδωμεν
1509 1196 1600 1249 καὶ
1622 1195 1720 1267 τὴν

187 1289 352 1360 πρᾶξιν
379 1287 541 1342 αὑτοῦ
572 1289 704 1359 (13).
734 1288 902 1352 Αὐτὸς
934 1289 1043 1360 γὰρ
1075 1289 1499 1360 προσκαλέσεται
1544 1289 1720 1342 πάντα

186 1382 258 1436 τὸν
279 1381 392 1434 λαὸν
423 1380 554 1451 πρὸς
581 1380 770 1434 ἑαυτὸν
819 1381 884 1432 ὲκ
919 1380 1098 1450 πάσης
1133 1379 1312 1452 χώρας
1354 1380 1454 1450 τῆς
1493 1380 1717 1433 διασπο-

185 1475 282 1547 ρᾶς,
311 1471 716 1543 ίδιοποιούμενος
753 1472 828 1536 ὡς
859 1471 1025 1526 τέκνα
1055 1472 1161 1525 ἴδια
1187 1511 1201 1535 ,
1249 1471 1718 1542 ἐπαγγελλόμενος

181 1563 612 1633 ἀποκαταστήσειν
631 1562 730 1634 τὴν
779 1560 961 1633 χώραν
985 1603 1000 1628 ,
1036 1562 1132 1616 καὶ
1175 1563 1499 1632 ἀναστήσειν
1539 1561 1716 1615 αὐτῶν

178 1653 547 1727 τὴνβασιλείαν
575 1653 670 1707 καὶ
695 1653 784 1706 τὸν
816 1654 964 1720 λαὸν,
993 1654 1086 1708 ἵνα
1117 1655 1208 1708 ὑπ’
1238 1653 1417 1707 αὐτῶν
1460 1655 1535 1718 ὡς
1585 1652 1716 1718 Θεὸς

176 1742 506 1816 προπυνηθῇ,
539 1743 616 1806 ὡς
644 1741 791 1812 λέγει
815 1745 843 1798 ὁ
866 1745 1150 1816 προφήτης
1171 1761 1185 1774 ο
1228 1763 1246 1796 ι
1276 1744 1502 1812 Συνάξει
1533 1747 1712 1800 πᾶσαν

1828 555 2011 610 stellas
2037 554 2159 610 coeli
2192 570 2387 624 ponam
2414 555 2610 610 solium
2644 571 2859 621 meum;
2890 571 2985 612 ero
3013 557 3215 614 similis
3242 557 3408 614 Altis-

1827 648 1986 702 simo.
2012 645 2166 701 Nunc
2189 655 2369 700 autem
2403 647 2458 701 in
2497 645 2769 701 infernum
2818 649 3135 711 descendes,
3181 650 3248 704 ad
3279 649 3407 704 fun-

1823 739 2078 794 damenta
2125 747 2282 794 terrae
2325 739 2392 793 το.
2444 757 2463 790 ι
2518 737 2691 793 Simili
2735 757 2954 810 quoque
3024 744 3234 796 ratione
3274 743 3407 797 Eze-
3475 776 3484 786 -

1823 830 2002 885 cbiel:
2066 848 2086 882 ι
2139 828 2394 900 Nunquid
2439 830 2624 885 dicens
2671 832 2907 901 loqueris
2953 833 3405 889 interficientibus

1822 928 1901 974 te:
1936 918 2078 974 Deus
2106 935 2227 973 sum
2259 920 2392 990 ego?
2422 917 2503 972 Tu
2530 935 2656 974 vero
2694 920 2880 988 homo,
2903 930 2957 975 et
2983 939 3090 976 non
3119 924 3262 978 Deus
3286 925 3351 978 "‘.
3379 943 3400 976 ι

1891 1010 2025 1066 LIV.
2062 1011 2198 1066 Cum
2229 1012 2314 1067 his
2353 1011 2519 1078 locis,
2554 1013 2873 1068 Antichristi
2909 1022 3022 1069 tum
3062 1016 3236 1071 tribus
3273 1033 3402 1086 pro-

1819 1103 1946 1158 hata
1989 1106 2094 1169 sit,
2145 1114 2256 1159 tum
2301 1105 2419 1174 ejus
2454 1106 2717 1160 exhibitio
2765 1123 2828 1161 ac
2873 1108 3156 1175 interitus;
3203 1127 3401 1166 nomen

1820 1205 2040 1261 quoque
2069 1191 2300 1246 obscure
2328 1192 2672 1262 designatum
2719 1195 2788 1249 sit
2831 1211 2894 1249 ac
2931 1197 3034 1252 sub
3082 1200 3400 1270 aenigmate;

1817 1283 2099 1338 videamus
2133 1293 2186 1338 et
2208 1284 2338 1353 quid
2368 1293 2589 1339 acturus
2613 1287 2702 1340 sit.
2737 1286 2853 1356 lpse
2887 1289 3029 1341 enim
3054 1293 3403 1360 congregabit

1817 1373 1883 1428 ad
1917 1390 1975 1429 se
2002 1390 2216 1429 omnem
2241 1376 2498 1445 populum
2527 1392 2592 1431 ex
2625 1379 2771 1432 omni
2801 1380 3020 1450 regione
3044 1398 3150 1452 qua
3169 1384 3402 1454 dispersi
3470 1390 3484 1402 °

1818 1476 1980 1533 sunt,
2025 1469 2169 1522 velut
2196 1485 2326 1524 suos
2356 1471 2528 1540 ipsius
2560 1471 2700 1526 lilios
2735 1474 3015 1532 asciscens
3043 1479 3402 1550 propriosque

1816 1560 2100 1626 adhibens,
2134 1562 2514 1616 restituturum
2545 1579 2602 1618 se
2651 1565 2926 1634 regionem
2976 1569 3269 1637 pollicitus,
3305 1573 3401 1626 're-

1813 1668 2088 1721 gnumque
2131 1653 2352 1706 illorum
2395 1670 2459 1709 ac
2500 1656 2761 1724 populum
2789 1658 3202 1726 suscitaturum,
3245 1672 3302 1716 ut
3331 1663 3400 1718 ab

1815 1743 1895 1797 eis
1941 1755 2200 1814 tanquam
2257 1745 2398 1800 Deus
2431 1747 2722 1814 adoretur,
2775 1749 2917 1805 sicut
2972 1751 3046 1806 ait
3095 1757 3394 1824 propheta:

172 1835 252 1906 τὴν
266 1833 519 1905 βασιλείαν
541 1833 706 1888 αὑτοῦ
730 1835 837 1888 άπὸ
855 1834 1128 1889 ἀνατολῶν
1149 1835 1300 1906 ήλίου
1321 1835 1448 1907 ἄχρι
1466 1835 1684 1906 δυσμῶν

1817 1853 1835 1885 ι
1888 1833 2250 1906 Congregabit
2297 1851 2460 1892 omne
2520 1853 2749 1910 regnum
2802 1857 2963 1896 suum
3007 1858 3039 1897 a
3088 1845 3220 1899 solis
3271 1857 3395 1902 ortu

171 1927 246 1991 οὓς
267 1927 528 1998 κεκλήκοι,
550 1928 646 1980 καὶ
678 1927 771 1991 οὒς
799 1928 858 1980 οὐ
887 1927 1170 2000 κεκλήκοι,
1211 1927 1564 1999 πορεύσονται
1593 1930 1709 1999 μετ’

171 2018 322 2072 αὑτοῦ.
356 2039 373 2071 ι
408 2018 514 2071 Καὶ
563 2018 829 2090 Ἱερεμίας
845 2018 902 2072 δὲ
923 2020 1003 2082 είς
1030 2019 1192 2072 αὐτὸν
1221 2017 1503 2090 χρώμενος
1533 2037 1712 2092 παρα-

169 2111 295 2184 ϐολῇ,
324 2113 477 2184 φησὶν
509 2111 716 2175 οὕτως’
758 2130 776 2163 ι
813 2111 1009 2183 Πέρδιξ
1033 2110 1302 2184 ὲφὼνησε,
1339 2113 1644 2184 συνήγαγεν
1673 2112 1709 2166 ἃ

168 2203 249 2255 οὐκ
273 2201 432 2268 ἔτεκε,
449 2200 621 2255 ποιῶν
650 2201 741 2254 τὸν
765 2200 991 2255 πλοῦτον
1007 2200 1173 2256 αὐτοῦ
1198 2202 1259 2256 οὐ
1289 2201 1427 2274 μετὰ
1452 2203 1706 2275 κρίσεως·

167 2295 213 2347 ὲν
234 2295 403 2366 ἡμίσει
431 2293 655 2366 ἡμερῶν
676 2293 1090 2364 καταλείψουσιν
1118 2294 1300 2360 αὐτὸν,
1322 2295 1418 2349 καὶ
1449 2295 1602 2350 ἔσται
1621 2297 1707 2349 ἐπ’

167 2387 374 2458 ἐσχάτων
403 2387 624 2459 ἡμερῶν
653 2385 816 2440 αὐτοῦ
845 2387 1054 2458 ἄφρων.
1091 2404 1111 2440 ι

221 2562 286 2616 Οὐ
312 2562 494 2634 βλάψει
515 2557 612 2618 οὖν
643 2563 728 2618 διὰ
750 2563 808 2616 τὸ
829 2564 1210 2637 προκείμενον,
1253 2565 1349 2619 καὶ
1370 2565 1470 2638 τὴν
1509 2566 1707 2639 τέχνην

161 2655 236 2710 τοῦ
250 2654 374 2718 ζώου
389 2655 767 2728 διηγήσασθαι,
792 2657 886 2710 καὶ
899 2658 980 2711 ὃτι
995 2657 1055 2710 οὐ
1075 2659 1248 2730 μάτην
1263 2660 1578 2732 ἀπεφήνατο
1594 2659 1705 2733 (id)

162 2748 185 2802 ὁ
207 2749 462 2822 προφήτης
489 2749 552 2803 τὸ
579 2749 762 2821 ῥητὸν,
795 2752 862 2821 τῇ
894 2749 985 2803 τοῦ
1011 2749 1150 2816 ζώου
1177 2751 1458 2824 παραϐολῇ
1489 2753 1706 2826 χρώμε-

162 2857 261 2906 νος·
297 2841 383 2896 τοῦ
413 2842 519 2913 γὰρ
553 2841 809 2913 πέρδικος
846 2842 1123 2908 κενοδόξου
1166 2842 1305 2908 ζώου
1343 2843 1700 2918 ὑπάρχοντος,

161 2932 272 2986 ἐπάν
312 2932 527 3004 πλησίον
579 2935 664 3007 ἴδῃ
707 2936 894 3006 ἑτέρου
930 2935 1184 3007 πέρδικος
1228 2937 1419 2990 καλιάν
1472 2937 1702 3008 ἔχουσαν

159 3024 390 3087 νεοσσοὺς,
420 3024 764 3088 ἀποπτάντος
791 3025 886 3078 τοῦ
919 3026 1124 3098 πατρὸς
1151 3027 1328 3081 αὐτῶν
1358 3030 1438 3093 είς
1469 3028 1566 3101 τὴν
1615 3048 1703 3084 νο-

1813 1935 1987 1996 usque
2031 1927 2097 1982 ad
2138 1942 2416 1983 occasum.
2464 1928 2612 1996 Quos
2656 1934 2962 2002 vocaverit,
3009 1943 3063 1990 et
3101 1952 3240 2006 quos
3286 1953 3394 1993 non

1811 2019 2130 2083 vocaverit,
2186 2035 2310 2074 cum
2358 2035 2425 2076 eo
2478 2023 2784 2078 venient".
2820 2044 2838 2076 ι
2873 2024 3138 2082 Jeremias
3177 2045 3394 2100 quoque

1810 2107 1892 2162 sic
1921 2108 1986 2162 de
2017 2108 2106 2162 illo
2142 2109 2384 2180 loquitur
2429 2113 2532 2168 sub
2577 2114 2693 2169 avis
2742 2117 3094 2185 metaphora:
3140 2137 3157 2169 ι
3196 2118 3390 2174 Perdix

1809 2199 2089 2254 clamavit:
2119 2208 2471 2272 congregavit
2496 2221 2618 2274 qua:
2653 2222 2760 2261 non
2794 2209 3032 2276 peperit;
3063 2209 3269 2265 faciens
3302 2213 3388 2266 di-

1808 2291 1972 2346 vitias
2004 2307 2133 2348 suas
2161 2309 2270 2347 non
2305 2309 2429 2349 cum
2461 2295 2690 2365 judicio.
2721 2297 2777 2352 ln
2805 2301 3032 2354 dimidio
3063 2303 3274 2356 dierum
3303 2304 3391 2358 de-

1808 2382 2118 2453 relinquent
2162 2401 2322 2454 eum;
2355 2396 2409 2442 et
2443 2388 2549 2443 erit
2591 2389 2645 2443 in
2679 2391 2994 2447 novissimis
3031 2392 3224 2449 diebus
3271 2394 3390 2450 suis

1808 2473 2074 2544 insipiens
2103 2476 2175 2532 ⁷³.
2213 2496 2232 2530 ›

1875 2567 1988 2625 LV.
2027 2567 2171 2625 Nihil
2208 2588 2336 2645 ergo
2375 2573 2589 2641 olIiciet,
2613 2577 2896 2647 praesentis
2927 2579 3231 2650 argumenti
3263 2596 3388 2652 gra»

1806 2660 1924 2728 tia,
1975 2665 2272 2732 quominus
2334 2667 2496 2721 etiam
2551 2669 2804 2724 animalis
2875 2679 3046 2724 artem
3097 2680 3387 2742 astumque

1804 2766 2121 2811 enarremus
2147 2796 2162 2821 ,
2204 2771 2268 2812 ac
2293 2759 2674 2826 ostendamus,
2702 2777 2808 2814 non
2840 2759 3041 2817 frustra
3072 2764 3386 2834 prophetam

1805 2843 1920 2900 haec
1948 2848 2186 2903 locutum
2211 2866 2351 2918 esse,
2383 2851 2501 2922 ejus
2531 2853 2784 2909 animalis
2811 2871 2968 2908 usum
3007 2857 3384 2914 similitudine.

1804 2935 1940 2992 Nam
1975 2956 2098 2996 cum
2141 2943 2326 3012 perdix
2372 2945 2668 3014 superbum
2710 2946 2913 3000 animal
2957 2947 3060 3012 sit,
3095 2949 3183 3004 ubi
3217 2966 3385 3021 prope

1803 3029 2031 3087 alterius
2072 3035 2306 3103 perdicis
2352 3035 2540 3088 nidum
2582 3036 2635 3090 in
2679 3052 2789 3106 quo
2831 3037 2941 3092 sint
2982 3039 3137 3108 pulli,
3165 3041 3380 3108 viderit,

163 3113 264 3184 μὴν,
297 3114 626 3185 μιμούμενος
654 3115 749 3184 τὴν
781 3115 874 3169 τοῦ
917 3115 1196 3188 ἀλλοτρίου
1233 3119 1415 3192 φωνὴν
1453 3137 1690 3192 προσκα-

1801 3137 2035 3192 quorum
2079 3138 2275 3195 parens
2310 3125 2375 3180 ad
2423 3139 2635 3194 pastum
2679 3129 2944 3195 avolarit,
2991 3132 3187 3187 aemula
3219 3133 3380 3188 alieni

156 3203 296 3258 λεῐται
316 3206 443 3279 πρὸς
470 3205 666 3260 ἑαυτὸν
699 3210 823 3272 τοὺς
857 3208 1135 3273 νεοσσούς·
1179 3211 1228 3263 οἱ
1275 3210 1332 3265 δὲ
1370 3213 1689 3283 νομίσαντες

1796 3229 1950 3283 voce,
1981 3216 2050 3272 ad
2093 3231 2152 3272 se
2195 3218 2374 3288 pullos
2410 3228 2603 3273 vocat:
2648 3221 2781 3290 pulli
2825 3237 2954 3276 vero
2993 3239 3153 3278 suum
3209 3225 3380 3295 ipsam

238 3325 396 3409 "isa.
419 3342 528 3396 xlv,
564 3327 756 3384 15-15.
831 3327 876 3358 ⁷⁸
911 3326 1109 3385 Ezech.
1140 3332 1344 3396 xxvm',
1389 3331 1444 3388 9.
1519 3332 1565 3364 ⁷³
1610 3330 1786 3386 Etiam
1823 3332 2082 3404 superius
2103 3349 2224 3405 cap.
2259 3334 2346 3404 15,
2372 3336 2488 3392 haec
2511 3337 2676 3392 citata
2705 3347 2764 3392 ut
2794 3339 3130 3409 prophetica.
3196 3342 3242 3372 ⁷³
3266 3341 3379 3398 Jer.

159 3411 270 3463 xm,
301 3397 384 3451 ll.

210 3488 306 3558 (l5)
342 3489 456 3560 Τὴν
483 3490 732 3567 “aprili”:-
773 3491 981 3567 αὑτοῦ..
1032 3491 1090 3548 ln
1144 3494 1437 3564 partitione
1479 3498 1681 3567 operis,

157 3573 288 3628 supra
332 3577 445 3632 cap.
480 3562 536 3629 5,
566 3562 750 3636 posuit
775 3561 1096 3636 Hippolytus
1129 3561 1188 3618 se
1216 3567 1406 3636 quinto
1433 3561 1551 3621 loco
1599 3561 1685 3624 di;

155 3638 486 3708 cturum_esse
517 3633 653 3704 περὶ
681 3632 896 3708 ,πλάνης
931 3632 1026 3687 τοῦ
1058 3632 1462 3708 -Ἃντιχρίστου,
1503 3638 1688 3708 Itaque

158 3713 235 3776 pro
262 3703 465 3772 πρᾶξιν,
494 3695 730 3776 emenda
765 3695 992 3776 fidenter
1020 3705 1118 3776 τὴν
1152 3695 1360 3776 πλάνην
1401 3695 1687 3764 αὑτοῦ.Ἐι

158 3770 237 3850 hoc
259 3770 317 3826 ex
345 3773 631 3850 toiahserie
662 3774 879 3843 probari
913 3770 1117 3850 potest.
1134 3776 1268 3850 _Cap.
1305 3770 1561 3850 55_vocat
1586 3780 1684 3850 τὴν

155 3839 420 3915 τέχνην-τοῦ
448 3842 590 3908 ζώου
609 3883 624 3908 ,
654 3839 708 3898 et
731 3860 878 3910 mox,
899 3839 1316 3915 καταλείψαντες
1347 3847 1436 3900 τὸν
1464 3839 1681 3902 πλάνον.

156 3908 430 3988 ξρξθΝου
477 3924 577 3988 est
619 3922 797 3988 tamen
852 3908 1157 3988 necessaria
1212 3908 1328 3972 haec.
1377 3918 1684 3988 Tanaquilli

154 3979 284 4058 Fabri
313 3985 658 4058 emendatio;
697 3986 826 4058 quia
848 3987 1088 4058 πρᾶξις,
1110 3995 1188 4058 ιιι
1233 4003 1338 4041 vox
1373 3979 1641 4058 generalis
1664 4031 1680 4058 ,

153 4051 284 4127 etiam
307 4055 506 4126 πλάνην
534 4051 859 4127 Antichristi
891 4051 1066 4127 potest
1091 4051 1626 4114 denotarefFasmc.

208 4124 303 4197 (μ)
344 4124 726 4197 Ἁπέφήνατο.
761 4126 853 4182 Sic
878 4124 1159 4182 emendavi
1182 4143 1246 4182 ex
1268 4128 1470 4183 Catena
1496 4130 1684 4188 Graeca

153 4189 197 4270 io
216 4189 398 4250 'Jerem.
425 4189 552 4252 cuni
579 4205 736 4270 esset
755 4197 1108 4270 ἀπεκρίνατο,
1141 4214 1204 4253 ac
1234 4200 1442 4268 reliqua
1466 4200 1538 4255 ita
1561 4217 1682 4256 mu-

155 4262 226 4316 tila
251 4276 438 4339 essen_t,
473 4278 534 4323 ut
555 4267 643 4339 vix
669 4267 810 4324 ullus
836 4262 1006 4324 ex'eis
1033 4284 1310 4339 congruus
1342 4262 1538 4326 sensus
1559 4272 1681 4328 elici

153 4346 322 4452 posset.
371 4335 483 4392 Erit
515 4347 573 4392 et
616 4337 719 4393 hoc
760 4349 1116 4409 argumento,
1142 4335 1274 4395 esse
1315 4340 1456 4395 hanc
1492 4357 1676 4398 veram

173 4401 382 4454 linnolvti
413 4408 845 4454 lumiliralinnem
867 4450 879 4454 _
924 4425 1029 4454 nnn
1064 4425 1226 4454 ninam
1278 4412 1522 4454 snnrinm
1557 4413 1676 4454 nine

151 4476 335 4550 nomine
362 4476 520 4534 Picus
569 4477 843 4550 vulgavit,
879 4480 932 4533 in
974 4476 1260 4550 qua-nulla
1298 4476 1412 4536 haec
1441 4476 1674 4538 exstant.

1790 3508 1898 3566 que
1927 3506 2052 3566 non
2086 3506 2217 3566 suos
2266 3490 2465 3546 frustra
2509 3491 2768 3566 vocitent,
2803 3509 2927 3548 cum
2981 3493 3057 3547 illi
3093 3510 3158 3548 ex
3195 3495 3379 3552 indole

1793 3563 1942 3636 quod
1967 3563 2110 3636 nacti
2131 3571 2425 3636 sunt,_mox
2452 3565 2562 3617 nati
2589 3565 2839 3629 actitcnt;
2866 3575 2992 3636 puta
3011 3575 3198 3619 anates
3220 3568 3379 3636 aquis

1793 3632 2005 3705 inhiant
2065 3632 2242 3701 iisque
2275 3633 2563 3705 innatant,
2596 3645 2776 3705 spreta
2811 3632 3025 3704 gallinae
3051 3650 3183 3690 voce
3206 3677 3222 3702 ,
3253 3632 3378 3705 qua:

1791 3719 1893 3758 nec
1919 3704 1998 3757 sic
2031 3710 2091 3754 ut
2111 3717 2262 3766 suos,
2292 3703 2498 3758 alienos
2533 3703 2674 3758 fetus
2707 3703 2889 3759 fovere
2915 3705 3144 3770 desinit;
3192 3703 3375 3762 tantus

1791 3774 1940 3828 illius
1967 3787 2033 3826 ex
2062 3772 2251 3826 innato
2279 3773 2451 3841 prolis
2474 3789 2660 3843 amore
2692 3784 2904 3843 stupor.
2939 3771 3048 3828 Nec
3088 3776 3246 3830 aliter
3287 3779 3372 3830 vi-

1791 3846 1982 3898 deatur
2013 3843 2079 3896 de
2110 3843 2198 3894 illa
2230 3858 2348 3914 ave,
2387 3859 2550 3914 quam
2591 3842 2857 3899 Jeremi’as
2910 3846 3158 3914 exemplo
3207 3861 3370 3901 usur-

1789 3915 1970 3986 pavit;
2008 3928 2097 3986 ac
2124 3913 2574 3982 parabolasrtite
2627 3929 2823 3970 avaros
2877 3913 3244 3982 reprehendit,
3273 3918 3369 3986 qui

1791 3983 1911 4039 Sine
1931 3983 2139 4057 judicio
2166 3987 2545 4057 opesinoneis
2586 3999 2977 4057 permansuras
3017 3983 3368 4057 congregem,

1789 4053 1941 4125 Saepe
1963 4053 2127 4125 etiam
2165 4054 2217 4107 in
2266 4056 2373 4109 vita
2403 4055 2790 4119 dimittendas,
2841 4059 3037 4110 nedum
3085 4053 3368 4112 eum'vita

1781 4124 1958 4180 morte
1997 4124 2085 4195 eis
2135 4125 2527 4180 commutanda
2562 4125 2684 4178 erit.
2715 4126 2887 4180 Grotii
2922 4126 3198 4195 expositio
3225 4168 3241 4194 ,
3290 4129 3366 4182 di-

1780 4204 1932 4250 ctum
1994 4194 2098 4249 hoc
2145 4209 2176 4248 a
2233 4197 2519 4265 propheta,
2556 4197 2700 4268 quod
2733 4194 3164 4268 perdieuonva
3222 4213 3366 4268 saepe

1778 4268 2150 4321 subventanea
2206 4276 2356 4333 sunt,
2408 4275 2465 4320 ut
2511 4267 2704 4333 Arist.,
2735 4265 2773 4321 Ι.
2807 4283 2882 4329 vn,
2916 4282 2968 4322 c.
3027 4265 3083 4331 2,
3142 4265 3365 4322 tradidit

1777 4337 2008 4418 aliique,
2061 4336 2307 4418 nihilad“
2325 4352 2437 4392 rem
2470 4346 2565 4418 aut
2591 4353 2659 4391 ex
2684 4346 2879 4418 _ment_e
2918 4340 3232 4418 prophetae:
3263 4354 3366 4394 nec

191 4404 890 4481 ippolytilucubrationem,
922 4425 1030 4464 non
1064 4425 1226 4480 quam
1278 4412 1523 4480 spuriam
1557 4413 1676 4481 ejus
1774 4404 2254 4481 ejuscomparatio
2295 4407 2399 4462 hoc
2427 4410 2582 4481 petit,
2603 4409 2859 4481 sedquod
2887 4404 3003 4461 avis
3020 4404 3100 4481 Sic
3130 4408 3361 4481 frustra,

1790 4479 2051 4548 null0que
2104 4493 2204 4548 suo
2243 4479 2560 4542 commodo,
2611 4478 2841 4544 alienos,
2870 4493 2970 4548 pro
3015 4479 3150 4542 suis,
3183 4479 3361 4548 pullos

151 4543 215 4631 ad
234 4562 600 4631 sensumnvero
631 4543 898 4620 Hippolyti
934 4543 1153 4631 (quiet
1180 4552 1413 4631 aliorum
1440 4554 1678 4631 plurium
1711 4567 1756 4622 ο
1785 4543 2057 4631 e_xeiudat.
2090 4546 2414 4631 [{Egyptiunm
2449 4558 2565 4631 και-φ
2599 4559 2758 4631 vocat
2785 4543 3110 4631 inniieresitli
3137 4543 3358 4631 Bebba,

151 4611 420 4691 Graecorum
442 4611 1005 4691 Patrumfnecnon'ei
1033 4619 1374 4691 Hieronymi)
1404 4611 1676 4690 perdieeni

154 4684 217 4738 sic
244 4702 422 4744 vocare
449 4691 532 4745 vel
557 4689 846 4744 excludere
876 4691 1082 4746 alienos
1116 4684 1316 4761 pullos,
1341 4684 1434 4761 qui
1481 4695 1678 4750 deinde

153 4767 303 4833 verum
327 4769 602 4828 parentem
635 4769 954 4833 agnoscant?
973 4769 1027 4816 et
1058 4761 1312 4833 alienum
1331 4764 1672 4832 relinquant;

151 4823 348 4898 alienum
380 4846 410 4884 a
444 4841 641 4884 natura
671 4823 835 4898 hujus
869 4832 1142 4896 animalis,
1171 4831 1314 4886 docti
1339 4823 1675 4890 recentiores

149 4895 632 4974 animadverterunt,
664 4895 807 4972 quod
841 4902 1000 4956 nobis
1041 4902 1259 4974 proprie
1294 4919 1506 4974 usuque
1557 4907 1676 4959 vnl-

149 4975 247 5030 gnto
273 4971 447 5043 perdix
477 4982 594 5027 est:
655 4971 868 5043 aliaque
915 4971 1053 5026 sunt
1089 4971 1198 5027 veri
1251 4971 1487 5043 perdicis
1544 4976 1674 5030 vitia

147 5041 423 5114 auctoribus
472 5043 645 5114 sacris
697 5042 1046 5114 profanisque
1087 5041 1412 5114 notata;rin
1472 5046 1672 5114 quibus

148 5098 370 5176 Origenes
406 5098 716 5186 adderem:
758 5098 1033 5168 laudatum
1066 5098 1270 5178 locum,
1298 5098 1364 5186 ῖτρ
1403 5098 1671 5186 nimiis;

149 5187 308 5232 στατον
339 5183 428 5236 καὶ
458 5184 520 5236 τὸ
548 5183 850 5254 ἀκάθαρτον
881 5193 1166 5250 numerat,
1199 5184 1344 5254 quod
1387 5183 1676 5240 callidissi-

148 5258 270 5326 qum
295 5255 527 5310 cavendo
552 5255 716 5326 pull:s
745 5255 966 5317 animal,
988 5263 1041 5309 et
1071 5256 1215 5326 quod
1245 5255 1668 5320 salacissimum,

149 5323 196 5368 ιιι
217 5333 271 5396 se
295 5337 466 5380 mares
493 5323 594 5396 alii
611 5325 748 5379 alios
773 5327 978 5396 ineant,
1006 5323 1110 5381 etc.
1152 5326 1314 5396 Aliud
1351 5329 1671 5396 genusavis

146 5387 300 5448 multis
324 5397 553 5451 ostendit
570 5395 872 5452 Bochartus
894 5387 973 5450 De
992 5395 1313 5450 animalibus
1334 5387 1502 5452 δῖιενω
1521 5395 1669 5452 Scri-

143 5465 288 5538 ptura:
313 5503 335 5538 ,_
361 5473 509 5520 torno
539 5469 583 5530 Ι,
617 5466 850 5536 oblongo
880 5476 1089 5533 rostro,
1119 5467 1296 5538 qualis
1336 5467 1449 5522 fere
1483 5477 1667 5523 nostra

144 5531 390 5607 resticula,
429 5550 526 5590 nec
545 5538 711 5607 nobis
740 5531 873 5592 satis
920 5531 1318 5607 notum,'cujus
1347 5554 1410 5593 ea
1438 5539 1665 5603 indoles,

145 5603 190 5678 ili
221 5601 381 5658 aliena
405 5620 504 5678 ova
531 5606 715 5678 foveat
733 5615 786 5660 et
805 5608 1078 5674 excludat,
1103 5601 1406 5678 habeatque
1428 5625 1492 5663 ac
1512 5601 1669 5664 vocet

144 5674 192 5749 il}
218 5685 362 5749 suos,
405 5675 607 5749 alienos
631 5677 826 5748 pullos,
858 5679 950 5748 qui
997 5687 1050 5733 et
1091 5674 1362 5734 deserant.
1405 5678 1665 5734 Familia-

144 5746 386 5798 rissimum
417 5747 553 5801 istud
586 5746 648 5801 in
662 5746 1241 5818 galliriisdomesticis;
1271 5765 1392 5816 quae
1418 5760 1662 5815 anatuni,

142 5818 386 5882 anserum,
422 5819 632 5888 aliaque
656 5835 753 5875 ova
785 5819 1002 5876 foveant
1034 5829 1087 5875 et
1120 5820 1429 5886 excludant,
1455 5821 1661 5888 pullos-

1784 4617 1849 4673 Β.
1875 4617 2308 4690 Josue,_Canin:e
2339 4621 2503 4690 illius,
2529 4617 2630 4674 'nec
2657 4619 2816 4674 aliter
2843 4620 3355 4690 Clirysostomusdin

1779 4689 2006 4760 Catena,
2055 4688 2329 4742 Perdicem
2382 4689 2726 4760 zEgyptiom,
2781 4691 2927 4759 quod
2960 4688 3248 4760 iprzecipue
3301 4693 3355 4746 in

1779 4759 2016 4831 IEgypto
2047 4759 2189 4831 sitid
2219 4767 2392 4829 genus
2422 4777 2559 4814 avrs.
2584 4759 2896 4815 Montanam
2927 4776 3070 4825 esse,
3098 4759 3198 4815 nec
3221 4763 3354 4817 tanti

1777 4829 1992 4899 pretii,-
2023 4839 2079 4883 ut
2125 4829 2179 4884 in
2214 4832 2306 4883 illa
2341 4840 2571 4885 venator
2607 4832 2803 4885 debeat
2847 4846 3069 4901 operam
3102 4833 3350 4900 perdere,

1777 4902 2016 4962 indicat,
2063 4901 2208 4970 quod
2244 4916 2303 4955 se
2339 4901 2414 4953 illi
2441 4901 2606 4971 David
2633 4913 2948 4970 comparat,
2991 4917 3354 4971 persequente

1778 4971 1945 5044 Saule
1991 4971 2132 5044 inter
2165 4979 2444 5044 montana.
2501 4970 2636 5025 Illud
2689 4972 3023 5044 ἐφώνησεςᾳ
3059 4970 3293 5044 vocavit,
3325 4992 3345 5025 ι

1774 5057 1899 5096 cum
1937 5043 1990 5095 in
2014 5040 2254 5095 Hebraeis
2287 5057 2392 5095 non
2421 5051 2626 5104 exstet,
2652 5040 2894 5097 additum
2927 5043 3140 5098 videtur
3183 5058 3213 5096 a
3248 5042 3349 5097 Se-

1774 5113 2055 5185 ptuaginta
2082 5128 2096 5176 ;
2123 5126 2229 5178 qua
2265 5126 2433 5173 voce,
2469 5121 2522 5166 et
2554 5113 2700 5185 quod
2738 5115 3008 5185 συνήγαγε
3056 5113 3354 5185 transtule-

1775 5182 1928 5246 runt,
1955 5183 2016 5254 τὸ
2066 5191 2205 5242 'u'tt
2239 5185 2600 5254 congregavit
2623 5201 2641 5233 ι
2665 5183 2845 5254 (quod
2857 5182 3074 5254 'melius
3092 5182 3352 5254 llierony-

1772 5267 1897 5323 mus
1930 5253 2152 5323 aliique,
2183 5271 2202 5302 ι
2231 5251 2385 5317 fovit,
2426 5251 2477 5323 si
2517 5251 2791 5308 illam'sibi
2824 5253 3078 5308 fabellam
3111 5251 3350 5308 habuere

1771 5321 1944 5379 Graeci
1977 5321 2320 5392 interpretes,
2357 5324 2424 5394 ad
2443 5321 2608 5394 quam
2638 5324 2774 5377 nihil
2800 5339 2956 5379 sacer
2972 5333 3153 5378 textus
3173 5323 3340 5390 cogit:

1771 5394 1887 5463 qui,
1924 5395 2005 5448 vel
2035 5395 2080 5464 si
2118 5409 2219 5447 vox
2254 5394 2344 5464 illa
2374 5393 2639 5449 Hebraica
2679 5405 2823 5450 esset
2879 5412 2899 5446 ι
2931 5407 3281 5464 congregare,
3319 5411 3340 5445 ι

1771 5473 1831 5518 ut
1861 5465 2025 5520 sentit
2065 5463 2232 5542 David
2277 5463 2516 5532 Kimchi,
2541 5465 2701 5518 aliter
2734 5465 3121 5534 intelligendus
3160 5471 3341 5542 esset,

1768 5549 1934 5613 quam
1958 5545 2016 5588 ut
2036 5535 2165 5588 velit
2182 5549 2384 5613 vocare
2409 5545 2463 5590 et
2492 5549 2842 5613 congregare,
2868 5549 3006 5604 quos
3031 5548 3097 5587 ex
3146 5534 3341 5613 aiienis

1769 5603 1912 5672 ovis,
1932 5614 1992 5659 ut
2021 5621 2153 5660 suos
2179 5607 2537 5671 exclusisset;
2567 5603 2715 5660 velut
2735 5605 2847 5660 fere
2871 5603 3066 5675 praeter
3091 5603 3342 5672 gallinas,

1766 5678 1970 5746 quibus
1996 5677 2096 5745 ipsi
2136 5677 2312 5731 aliena
2333 5692 2432 5732 ova
2456 5677 2836 5746 supponimus,
2868 5674 2995 5730 sunt
3025 5674 3128 5728 illa:
3150 5689 3342 5746 omnes

1768 5761 1894 5826 aves
1917 5747 2162 5872 ,Cquibus
2199 5749 2427 5805 cuculus
2448 5745 2868 5818 sua’supponit,
2907 5746 3086 5802 exesis
3120 5745 3338 5802 illarum

1769 5832 1906 5872 ovis.
1981 5833 2176 5872 ωηεν.

1769 5832 1906 5873 ογιε.
1936 5832 2176 5873 LOIBEF.
