3876 6340
500 359 607 415 775
1175 357 1250 412 S.’
1277 355 1632 413 IIIPPOLY'I‘I
1673 356 1824 439 OPI’.
1866 356 2053 413 PARS

2116 355 2157 412 ι.
2197 389 2264 400 -
2299 354 2602 413 uocum.
2647 353 2736 410 ET
2776 319 3125 412 ntsromc.
3615 358 3699 414 πθ

498 484 777 548 parentem
813 489 930 530 eam
983 474 1396 540 existimantes,
1452 473 1520 530 ad
1564 475 1710 530 illam
1765 483 2067 530 accurrunt.

2114 480 2156 536 Α
2182 475 2272 529 τὸν
2325 475 2455 530 ἴδιον
2487 475 2702 546 πατέρα
2759 474 2938 528 αὐτῶν
2995 474 3284 543 ὑπάρχειν,
3329 471 3704 544 προστρέχουσιν

498 570 883 638 Gloriaturque
923 566 1017 620 illa
1068 581 1132 622 ac
1184 566 1286 620 sibi
1329 567 1506 637 placet
1549 567 1601 621 in
1646 566 1838 621 alienis
1883 565 2067 637 pullis,

2182 566 2348 640 αὐτῷ.
2389 569 2446 622 '0
2473 568 2529 621 δὲ
2561 569 2764 640 γαυριᾷ
2793 569 2852 621 ἐν
2886 570 2997 631 τοῖς
3023 564 3321 638 ἀλλοτρίοις
3342 565 3554 628 τέκνοις,
3584 566 3646 628 ὡς
3658 568 3704 620 ἐν

498 661 656 730 quasi
697 662 752 712 in
797 659 932 713 suis.
968 657 1206 712 Reverso
1244 667 1424 711 autem
1460 672 1589 712 vero
1618 666 1840 728 parente
1873 670 2067 725 suaque

2185 660 2370 724 ίδίοιςο
2427 659 2814 724 ἐπανελθόντος
2865 660 2920 713 δὲ
2954 658 3048 711 τοῦ
3087 655 3340 727 ἀληθινοῦ
3383 657 3602 729 πατρὸς,
3630 658 3706 711 καὶ

423 759 426 762 '
502 752 674 822 ipsius
705 765 838 805 voce
871 749 1230 813 inclamante,
1276 764 1339 803 ea
1379 749 1510 818 pulli
1542 750 1752 819 agnita,
1790 749 2067 818 relietoqut

2184 753 2475 824 βοήσαντος
2502 755 2567 823 τῇ
2604 752 2708 824 ἰδία
2735 754 2907 823 φωνῇ,
2926 750 3237 818 ἐπιγνόντες
3258 750 3307 801 οἱ
3331 748 3549 810 νεοσσοὶ,
3569 766 3706 802 κατα-

503 845 809 906 seductore,
841 843 908 898 ad
939 859 1124 897 verum
1151 857 1210 896 se
1234 851 1509 911 parentem
1541 841 1848 895 conferunt.
1880 839 2067 894 Eodem

2181 844 2462 915 λείψαντες
2505 845 2595 898 τὸν
2640 845 2837 898 πλάνον
2875 843 3194 916 πορεύονται
3232 841 3323 894 ἐπὶ
3374 840 3460 893 τὸν
3498 841 3708 911 ἀληθινὸν

499 936 752 991 similiter
779 945 936 1004 tropo
966 951 1101 990 usus
1129 942 1211 990 est
1240 933 1524 1003 propheta,
1550 933 1811 988 translata
1839 933 1891 987 in
1921 933 2067 987 Anti-

2184 937 2414 1009 πατέρα.
2446 935 2536 1006 Τῷ
2567 935 2714 1006 αὐτῷ
2743 935 2943 1007 ὁμοίως
2993 934 3363 1006 μετεχρήσατο
3399 933 3426 984 ό
3468 936 3710 1005 προφήτης

499 1028 765 1082 christum
800 1027 1005 1082 fabula.
1051 1026 1102 1083 Is
1133 1042 1370 1096 namque
1396 1027 1463 1080 ad
1520 1042 1578 1080 se
1607 1025 1720 1096 ipse
1779 1026 2067 1081 humanum

2183 1031 2368 1104 τρόπῳ
2391 1031 2518 1103 περί
2547 1029 2641 1083 τοῦ
2659 1028 3024 1100 Ἀντιχρίστου
3042 1044 3055 1058 ⁸
3082 1027 3156 1091 ὡς
3172 1026 3580 1098 προσκαλέσεται
3604 1029 3710 1097 πρὸς

499 1122 924 1192 vocabitgenus,
947 1135 1040 1177 eos
1071 1121 1175 1175 sibi
1200 1120 1448 1175 addicere
1476 1121 1735 1176 studens:
1765 1136 1955 1190 nempe
1986 1120 2067 1174 ab:

2183 1123 2373 1176 ἐαυτὸν
2401 1123 2500 1194 τὴν
2529 1120 2940 1195 ἀνθρωπότητα,
2966 1119 3222 1189 ἀλλότρια
3245 1117 3593 1172 ἰδιοποιείσθαι
3611 1119 3708 1187 βου-

499 1227 559 1266 se
592 1227 781 1268 omnes
815 1213 1104 1267 liberatum
1135 1212 1200 1267 iri
1237 1214 1513 1283 pollicitus
1536 1254 1550 1280 ,
1581 1214 1674 1284 qui
1711 1213 1813 1269 sibi
1847 1213 1950 1284 ipsi
1995 1228 2067 1268 sa-

2124 1249 2126 1252 ν
2182 1213 2407 1288 λόμενος
2429 1255 2442 1278 ,
2482 1213 2748 1286 λύτρωσιν
2809 1215 2974 1266 πᾶσιν
3018 1211 3479 1282 ἐπαγγελλόμενος
3506 1251 3519 1275 ,
3556 1212 3711 1264 ἐαυτὸν

499 1305 665 1360 Iutem
700 1318 956 1376 praestare
981 1323 1087 1361 non
1119 1315 1315 1376 potest.

2186 1307 2356 1361 σῶσαι
2395 1307 2468 1379 μὴ
2500 1307 2813 1378 δυνάμενος.

571 1396 704 1451 LVI.
743 1397 793 1454 Is
828 1399 991 1469 igitur
1018 1397 1363 1468 congregatis
1393 1397 1459 1452 ad
1492 1412 1570 1462 se,
1594 1397 1687 1468 qui
1716 1397 1917 1467 uhiqne
1954 1413 2067 1468 gen-

2187 1425 2196 1442 -
2254 1395 2421 1464 Οὗτος
2462 1396 2552 1453 οῦν
2606 1399 2934 1466 ἐπισυνάξας
2987 1396 3124 1470 πρὸς
3166 1397 3356 1451 ἐαυτὸν
3398 1396 3482 1450 τὸν
3520 1395 3712 1448 πάντοτε

498 1491 634 1544 tium
669 1491 737 1546 de
761 1491 960 1560 populo
992 1491 1258 1545 exsistcnt
1303 1490 1592 1555 increduli,
1640 1490 1857 1544 illorum
1890 1499 2067 1560 rogati

2183 1492 2385 1562 ἀπειθῆ
2423 1492 2549 1547 λαὸν
2581 1493 2946 1563 γεγενημένον
2965 1533 2978 1555 ,
3021 1490 3240 1563 ἔρχεται
3281 1487 3714 1559 παρακαλούμενος

499 1599 564 1638 ac
599 1583 855 1638 suasione
893 1583 1092 1646 veniet,
1125 1593 1182 1636 ut
1223 1590 1466 1648 sanctos,
1507 1596 1697 1636 eorum
1740 1580 1989 1635 inimicos
2018 1595 2067 1634 at

2186 1587 2276 1640 ὑπ’
2312 1585 2492 1640 αὐτῶν
2520 1583 2734 1637 διώκειν
2768 1585 2894 1647 τοὺς
2927 1581 3134 1651 ἁγίους,
3183 1579 3410 1652 ἐχθροὺς
3441 1579 3527 1632 καὶ
3550 1577 3714 1631 ἀντιδί-

499 1674 843 1730 adversarios
870 1673 1188 1739 ulciscatur,
1215 1671 1676 1743 quemadmodum
1705 1671 1780 1726 ait
1803 1671 2067 1740 apostolus

2184 1697 2313 1743 κους
2346 1678 2525 1732 αὐτῶν
2565 1677 2938 1750 ὑπάρχοντας,
2974 1674 3158 1737 καθώς
3198 1690 3362 1744 φησιν
3391 1673 3420 1725 ό
3465 1671 3714 1732 ἀπόστολκ

501 1778 556 1823 et
581 1769 950 1839 evangelista:
995 1787 1014 1820 ‹
1059 1765 1230 1822 Iudex
1269 1775 1388 1821 erat
1418 1766 1470 1820 in
1508 1765 1744 1832 civitate,
1777 1764 1869 1833 qui
1911 1763 2067 1818 Deut:

2115 1833 2151 1840 _
2186 1773 2280 1828 καὶ
2307 1751 2731 1840 εῦαγγελιστήςί
2766 1789 2784 1820 ι
2806 1768 3012 1840 Κριτὴς
3036 1763 3104 1839 ἦν
3134 1769 3190 1819 ἐν
3227 1765 3380 1818 πόλει
3405 1764 3491 1817 τὸν
3523 1763 3638 1815 Θεὸν
3659 1762 3715 1832 μὴ

500 1875 608 1915 non
647 1860 889 1925 timebat,
916 1874 1016 1914 nec
1051 1858 1326 1914 hominem
1369 1859 1738 1913 reverebatur.
1779 1855 1953 1910 Vidua
1986 1871 2067 1910 au-

2115 1833 2158 1889 Β
2188 1833 2544 1936 φοϐούμενος,
2578 1833 2674 1916 καί
2716 1833 3000 1932 ἄνθρωπον
3159 1857 3558 1929 ἐντρεπόμενος.
3591 1856 3716 1925 Χήρα

502 1961 608 2007 tem
645 1953 892 2023 quzedam
927 1960 1045 2007 erat
1079 1952 1133 2006 in
1178 1951 1266 2005 illa
1301 1951 1517 2006 civitate
1554 1965 1678 2020 qua:
1709 1947 2067 2019 interpellaba‘

2185 1961 2242 2014 δέ
2283 1977 2366 2023 τις
2396 1955 2464 2031 ἦν
2517 1960 2573 2011 ἐν
2613 1959 2680 2028 τῇ
2715 1955 2865 2009 πόλει
2911 1955 3112 2026 ἐκείνῃ,
3155 1952 3188 2024 ἢ
3236 1950 3522 2024 παρεκάλει
3568 1949 3714 2011 αὑτὸν,

501 2060 652 2109 eum,
694 2045 920 2101 dicens:
968 2042 1196 2100 Vindica
1233 2058 1322 2098 me
1365 2043 1430 2098 de
1473 2041 1786 2098 adversario
1831 2056 1973 2096 meo.
2017 2039 2067 2094 A-

2185 2052 2434 2122 λέγουσα’
2482 2050 2798 2122 Ἐκδίκησόν
2835 2067 2900 2121 με
2937 2047 3045 2102 ἀπὸ
3078 2046 3168 2100 τοῦ
3213 2044 3481 2099 ἀντιδίκου
3527 2058 3632 2112 μου.
3671 2040 3714 2092 ὐ

505 2140 594 2194 ille
625 2139 842 2194 nolebat
873 2154 968 2209 per
1014 2138 1242 2192 multum
1292 2146 1528 2208 tempus.
1569 2136 1701 2193 Post
1742 2137 1860 2191 haec
1903 2145 2067 2190 auten

2185 2144 2244 2199 δὲ
2269 2146 2368 2200 οὐκ
2407 2144 2595 2218 ἤθελεν
2623 2145 2716 2199 ἐπὶ
2760 2143 2949 2216 χρόνον
2969 2158 2981 2171 ·
3021 2140 3248 2211 ὕστερον
3297 2137 3474 2210 μέντοι
3505 2131 3639 2188 εἶπεν
3672 2133 3715 2184 ἐν

501 2232 638 2287 dixit
669 2233 810 2286 intra
844 2247 902 2286 se
931 2250 944 2285 :
973 2230 1084 2286 Etsi
1116 2229 1285 2285 Deum
1320 2245 1428 2284 non
1465 2232 1650 2296 timeo,
1681 2245 1780 2286 nec
1807 2230 2067 2284 hominen

2188 2240 2367 2313 ἐαυτῷ
2412 2241 2620 2309 λέγων’
2659 2240 2720 2292 Εἰ
2744 2239 2837 2291 καὶ
2885 2235 2972 2289 τὸν
3002 2234 3133 2288 Θεὸν
3167 2233 3229 2286 οὐ
3289 2230 3583 2300 φοϐοῦμαι,
3623 2226 3715 2278 οὐδὲ

502 2339 774 2388 revereor,
815 2331 994 2377 tamen
1024 2322 1149 2391 quia
1186 2322 1412 2377 molesta
1447 2331 1531 2378 est
1577 2321 1710 2376 mihi
1755 2321 1868 2376 hmc
1901 2320 2060 2375 vidua

2186 2333 2471 2406 ἄνθρωπον
2495 2331 2848 2405 ἐντρέπομαι,
2872 2329 3008 2383 ἀλλά
3028 2345 3090 2396 γε
3118 2325 3206 2379 διὰ
3235 2324 3297 2378 τὸ
3323 2319 3645 2397 παρενοχλεῖν
3665 2333 3713 2389 με

502 2413 792 2467 vindicabo
819 2413 964 2466 illam
988 2413 1053 2467 ⁷⁵.
1088 2432 1107 2466 ι

2185 2426 2283 2499 τὴν
2318 2427 2494 2497 χήραν
2518 2424 2740 2495 ταύτην,
2773 2423 3045 2493 ἐκδικήσω
3065 2420 3258 2490 αὐτήν.
3288 2436 3306 2469 ι

574 2504 732 2558 LVII.
772 2504 1018 2560 Iudicem
1053 2505 1382 2575 iniquitatis,
1417 2505 1511 2576 qui
1539 2521 1640 2560 nec
1674 2503 1839 2559 Deum
1874 2505 2062 2560 timeat

2258 2521 2466 2591 Κριτὴν
2490 2519 2588 2590 μὲν
2617 2513 2710 2572 οῦν
2739 2499 2972 2578 ἀδικίας,
2999 2513 3090 2566 τὸν
3119 2513 3256 2584 μήτε
3284 2509 3375 2562 τὸν
3407 2507 3530 2560 Θεὸν
3562 2501 3717 2575 φοϐού-

503 2613 681 2668 ncque
726 2598 1004 2653 hominem
1041 2606 1371 2665 revereatur,
1407 2599 1542 2653 citra
1587 2597 1751 2651 ullam
1787 2598 2067 2653 dubitatio-

2189 2631 2368 2686 μενον,
2397 2613 2530 2683 μήτε
2557 2609 2842 2682 ἄνθρωπον
2869 2605 3284 2678 ἐντρεπόμενον,
3310 2601 3622 2660 ἀδιστάκτως
3648 2597 3715 2647 τὸν

505 2707 628 2745 nem
663 2691 1058 2747 Antichristum
1089 2701 1267 2754 vocat,
1301 2701 1362 2746 ut
1391 2691 1484 2760 qui
1517 2690 1661 2744 ﬁlius
1688 2690 1888 2744 diaboli
1923 2691 1993 2745 sit
2032 2707 2062 2746 e

2199 2705 2562 2778 Ἀντίχριστον
2595 2702 2764 2771 λέγει,
2803 2700 2877 2765 ὼς
2922 2700 3034 2752 υἱὸν
3073 2697 3202 2750 ὅντα
3236 2695 3332 2748 τοῦ
3367 2692 3620 2755 διαϐόλου,
3646 2687 3706 2740 xa‘

504 2799 600 2838 vas
642 2783 878 2838 Satanae.
905 2783 1151 2856 Regnum
1183 2783 1327 2838 enim
1358 2781 1606 2851 adeptus,
1629 2781 1890 2836 adversus
1913 2780 2067 2835 Deun

2189 2799 2380 2864 σκεῦος
2423 2797 2515 2851 τοῦ
2564 2797 2806 2850 Σατανᾶ·
2858 2792 3082 2865 ἄρξεται
3117 2791 3224 2860 γὰρ
3262 2785 3569 2860 βασιλεύσας
3608 2797 3701 2835 κατ.

397 2915 402 2919 -
503 2874 682 2928 elIerri
717 2874 959 2944 incipiet,
995 2873 1087 2942 qui
1122 2887 1222 2927 nec
1268 2887 1394 2926 vere
1439 2869 1607 2925 Deum
1654 2871 1861 2935 timeat,
1909 2887 2067 2941 nequc

2185 2893 2280 2948 τοῦ
2309 2891 2440 2946 Θεοῦ
2475 2889 2814 2961 ἐπαίρεσθαι,
2854 2889 2990 2959 μήτε
3028 2883 3242 2956 ἀληθῶς
3276 2883 3365 2935 τὸν
3399 2880 3522 2932 Θεὸν
3560 2873 3716 2946 φοϐοὖο

504 2965 701 3019 Filium
747 2965 839 3020 Dei
877 2965 1122 3020 omnium
1169 2978 1294 3016 vere
1336 2963 1576 3033 judieem
1614 2973 1946 3019 revereatur.
1995 2963 2067 3018 Di-

2191 3001 2371 3056 μενος,
2399 2984 2534 3054 μήτε
2565 2981 2655 3035 τὸν
2683 2980 2811 3034 Υίὸν
2848 2978 2940 3032 τοῦ
2982 2975 3115 3030 Θεοῦ
3151 2975 3351 3046 κριτὴν
3379 2972 3580 3025 πάντων
3617 2967 3716 3019 (ma

503 3057 678 3111 cendo
704 3065 884 3110 autem
916 3071 1037 3111 esse
1063 3055 1282 3110 viduam
1329 3058 1384 3108 in
1431 3055 1672 3122 civitate,
1710 3056 1884 3126 ipsam
1927 3056 2067 3112 Jeru‘

2187 3055 2599 3148 ἐντρεπόμενος.
2660 3075 2850 3144 Χήραν
2891 3071 2948 3125 δέ
2990 3070 3161 3138 λέγων
3200 3065 3344 3122 εἶναι
3377 3067 3433 3119 ἐν
3474 3065 3534 3134 τῇ
3579 3060 3714 3148 πόλει,

505 3149 674 3202 salem
706 3147 975 3217 designat,
1005 3163 1126 3214 qua:
1161 3146 1322 3216 plane
1353 3145 1514 3200 vidua
1544 3157 1649 3214 est,
1684 3163 1714 3202 a
1752 3147 1993 3218 perfecto
2022 3165 2067 3203 at

2114 3183 2154 3241 (ς
2189 3145 2357 3238 αὐτὴν
2543 3161 2896 3234 Ἰερουσαλὴμ
2940 3160 3230 3232 σημαίνει,
3283 3158 3405 3228 ἣτις
3438 3153 3590 3216 ὅντως
3627 3147 3716 3202 ἐστὶ

505 3239 711 3294 caelesti
735 3254 938 3307 sponso
956 3237 1068 3293 Deo
1090 3238 1370 3296 derelicta.
1391 3238 1515 3295 "me
1538 3241 1687 3295 illum
1711 3241 2067 3298 adversariun

2123 3237 2153 3241 ﬁ
2187 3237 2352 3333 χήρα,
2387 3256 2807 3326 κατάλειφθεῖσα
2829 3255 2933 3308 ὑπὸ
2959 3255 3051 3307 τοῦ
3086 3251 3299 3306 τελείου
3329 3250 3423 3303 καὶ
3447 3243 3715 3333 ἐπουρανίου

504 3349 666 3388 suum
690 3341 744 3388 et
768 3348 875 3388 non
907 3333 1254 3390 Servatorem
1278 3346 1457 3402 vocat,
1481 3351 1588 3390 non
1614 3336 1920 3406 intelligens
1941 3352 2067 3407 quor

2187 3351 2321 3405 Θεοῦ
2364 3350 2631 3422 νυμφίου·
2675 3348 2796 3419 ἥτις
2847 3347 3036 3400 τοῦτον
3085 3343 3356 3398 ἀντίδικον
3395 3341 3606 3409 ἐαυτῆς,
3647 3332 3716 3386 καὶ

504 3425 713 3480 dictum
741 3435 824 3480 est
849 3441 879 3480 a
909 3423 1142 3481 Ieremia
1170 3429 1464 3498 pr0pheta:
1497 3448 1515 3480 ι
1557 3427 1662 3484 Pro
1692 3445 1757 3484 eo
1793 3429 1937 3500 quod
1976 3446 2067 3485 nor

2185 3446 2247 3498 οὐ
2277 3444 2506 3516 Σωτῆρα
2538 3440 2907 3504 ἀποκαλοῦσα,
2935 3441 3007 3512 μὴ
3042 3437 3342 3508 ἐπιγνοῦσα
3385 3435 3442 3488 τὸ
3477 3429 3716 3503 εἰρημένον

505 3516 855 3573 crediderunt
885 3519 1132 3586 veritati,
1163 3529 1292 3575 tunc
1338 3521 1592 3592 loquetur
1630 3524 1830 3592 populo
1866 3523 1994 3576 huic
2033 3537 2063 3576 e

2187 3538 2292 3592 ὑπὸ
2324 3536 2588 3609 Ἰερεμίου
2615 3535 2707 3590 τοῦ
2744 3536 3022 3607 προφήτου
3043 3549 3054 3561 ·
3089 3551 3107 3584 t
3144 3529 3288 3584 Ἀνθ’
3320 3523 3393 3582 ὧν
3431 3524 3714 3596 ὴπείσθησαν

502 3609 804 3666 Jerusalem
836 3612 1060 3682 spiritus
1087 3615 1292 3669 erroris
1315 3615 1383 3670 ⁷⁸.
1418 3634 1436 3667 ι
1481 3613 1584 3670 Sed
1615 3625 1670 3670 et
1696 3616 1861 3670 Isaias
1892 3616 2067 3670 simili

2185 3635 2250 3703 τῇ
2296 3630 2556 3702 ἀληθείᾳ,
2601 3630 2721 3683 τότε
2765 3628 2987 3697 λαλήσει
3043 3624 3121 3695 τῷ
3176 3623 3296 3694 λαῷ
3343 3620 3510 3689 τούτῳ
3551 3615 3630 3668 καὶ

505 3713 628 3758 ter:
661 3721 680 3754 ι
709 3703 787 3758 Eo
809 3705 954 3774 quod
986 3705 1216 3761 noluerit
1246 3707 1478 3777 populus
1518 3709 1622 3763 iste
1657 3708 1840 3763 bibere
1887 3724 2067 3777 aquan

2197 3722 2549 3794 Ἰερουσαλὴμ
2591 3720 2808 3792 πνεῦμα
2853 3720 3187 3790 πλανὴσεως.
3217 3738 3234 3766 ι
3290 3717 3397 3770 Καὶ
3442 3711 3640 3772 Ἡσαΐας
3673 3709 3712 3759 δὲ

509 3795 656 3850 Silue
681 3812 803 3866 qua:
833 3798 984 3852 vadit
1009 3814 1134 3853 cum
1165 3800 1403 3864 silentio,
1429 3801 1521 3856 sed
1553 3801 1667 3855 vult
1695 3801 1892 3855 habere
1917 3799 2067 3856 Rasit

2186 3813 2413 3885 ὁμοίωςο
2450 3833 2468 3863 ‹
2499 3811 2598 3865 Διά
2625 3811 2684 3864 τὸ
2725 3811 2799 3882 μὴ
2851 3809 3177 3880 βουληθῆναι
3215 3809 3312 3860 τὸν
3345 3807 3469 3860 λαὸν
3511 3804 3564 3856 τὸ
3603 3800 3711 3866 nam;

503 3897 558 3941 et
591 3886 758 3941 tilium
796 3888 1051 3943 ltomelia:
1078 3905 1256 3959 regem
1287 3905 1453 3960 super
1481 3907 1611 3956 vos;
1646 3900 1930 3960 propterea
1957 3906 2067 3946 ecct

2185 3905 2277 3961 τοῦ
2311 3905 2514 3975 Σιλοάμ
2553 3905 2683 3976 (15),
2715 3904 2778 3956 τὸ
2809 3903 3169 3973 πορευόμενον
3207 3900 3392 3972 ἡσυχῆ
3435 3901 3584 3957 πιεῖν,
3611 3890 3712 3945 ἁλὶ-ἆ

508 3977 775 4033 Dominus
805 3979 1037 4034 adducet
1063 3996 1225 4050 super
1253 3997 1351 4036 vos
1380 3998 1577 4052 aquam
1604 3983 1864 4050 ﬂuminis,
1893 3982 2067 4038 forten

2187 3998 2495 4072 (βούλεσθαι
2534 3997 2676 4069 ἔχειν
2708 3997 2800 4050 τὸν
2839 3996 3022 4049 Ῥασὶν
3059 3995 3152 4046 κα)⁸
3197 3994 3293 4047 τὸν
3332 3994 3443 4046 υἱὸν
3483 3984 3711 4059 Ῥομελίυυ

503 4079 558 4125 et
594 4073 844 4135 multam,
881 4088 1061 4142 regem
1102 4073 1450 4144 Assyriorum
1474 4075 1543 4128 ⁷⁸.
1582 4093 1598 4126 ο
1646 4074 1806 4146 ilegis
1842 4074 2067 4146 symbolt

2187 4092 2406 4163 βασιλέα
2454 4092 2537 4162 ἐφ’
2589 4091 2773 4162 ὑμῶν·
2829 4089 2918 4143 διὰ
2966 4088 3124 4142 τοῦτο
3175 4088 3286 4142 ἰδοῦ
3323 4086 3520 4157 Κύριος
3561 4080 3711 4146 ἀνάγει

503 4162 904 4219 Antichristum
937 4165 1228 4234 signiﬁcat,
1261 4165 1722 4234 quemadmodum
1752 4165 1912 4219 etiam
1945 4165 2067 4218 aliut

2185 4162 2270 4254 ἐφ’
2304 4186 2446 4256 ὑμᾶς
2477 4184 2539 4237 τὸ
2582 4184 2727 4255 ὕδωρ
2756 4181 2849 4236 τοῦ
2894 4180 3138 4252 ποταμοῦ
3158 4221 3173 4245 ,
3216 4163 3280 4233 τὸ
3330 4178 3537 4249 ἰσχυρὸν
3567 4167 3714 4227 καὶτὸ

504 4256 767 4325 propheta
801 4255 969 4309 dicit:
1011 4273 1030 4307 ι
1077 4254 1143 4308 Ει
1182 4255 1287 4310 erit
1328 4255 1442 4310 haec
1491 4271 1522 4310 a
1574 4272 1660 4310 me
1697 4271 1824 4325 pax,
1864 4256 2067 4325 quandt

2185 4254 2352 4345 πολὺ,
2390 4279 2514 4351 τὸν)
2551 4278 2771 4350 βασιλέα
2813 4277 2920 4330 τῶν
2980 4275 3302 4348 Ἀσσυρίων.
3347 4294 3366 4326 ι
3416 4271 3624 4328 Βασιλέα
3667 4269 3710 4318 ἐν

504 4349 766 4420 Assyrius
791 4346 1166 4416 supervenerit
1190 4347 1241 4400 in
1275 4356 1473 4400 terram
1505 4357 1763 4412 vestram,
1790 4357 1843 4402 et
1866 4347 2067 4419 quandt

2186 4374 2438 4445 συμϐόλῳ
2616 4372 2979 4443 ’Λντίχριστον
3024 4346 3199 4438 λέγει,
3229 4367 3411 4432 καθὼς
3445 4367 3529 4420 καὶ
3562 4363 3710 4430 ἓτερθς

503 4440 814 4497 ascenderit
843 4456 1007 4510 super
1034 4448 1246 4494 montes
1273 4448 1484 4495 vestros
1506 4440 1574 4492 ".
1606 4458 1624 4491 ο

2114 4537 2146 4542 Α
2185 4440 2472 4542 προφήτῆς
2505 4465 2668 4538 φησί’
2706 4485 2724 4517 ι
2751 4440 2858 4517 Καὶ
2884 4464 3036 4518 ἔσται
3071 4462 3212 4535 αῦτη
3260 4465 3294 4534 ὴ
3344 4461 3470 4532 παρ’
3501 4455 3616 4529 ἐμοῦ
3653 4453 3709 4505 εἱ-

2114 4537 2160 4592 D
2192 4537 2326 4635 ρῆνη
2348 4537 2478 4630 (16),
2495 4537 2622 4614 ὅταν
2645 4558 2966 4630 όἈσσύριος
2987 4557 3186 4630 ἐπέλθῃ
3211 4558 3306 4610 ἐπὶ
3332 4557 3429 4627 τὴν
3445 4553 3540 4625 γῆν
3560 4549 3705 4623 ὑμῶν,

2188 4657 2281 4710 καὶ
2309 4655 2471 4726 ἐπιϐῇ
2501 4655 2591 4707 ἐπὶ
2620 4653 2689 4708 τά
2722 4653 2824 4724 ὄρη
2859 4652 3062 4722 ὑμῶν.»

573 4845 753 4904 LVIII.
795 4845 936 4912 Quin
983 4855 1038 4900 et
1080 4845 1292 4916 Moyses
1323 4846 1593 4912 similiter,
1634 4862 1756 4901 eum
1796 4848 2067 4916 prazsciret

2249 4842 2358 4895 Καὶ
2381 4838 2618 4908 Μωῦσῆς
2639 4836 2695 4889 δὲ
2725 4832 2947 4904 ὁμοίως,
2971 4823 3364 4902 προγινώσκων
3392 4827 3471 4878 ὅτι
3497 4818 3706 4911 μελλήσεξ

504 4940 618 4996 fore
651 4949 710 4995 ut
735 4940 963 5010 populus
994 4956 1180 4994 verum
1209 4939 1396 4994 mundi
1425 4938 1758 4996 Salvatorcm
1791 4941 2067 5010 repelleret

2181 4937 2209 4988 6
2240 4933 2367 4998 λαὸς
2409 4929 2743 4986 ἀπωθεῖσθαι
2774 4926 2869 4979 καὶ
2907 4918 3304 4977 ἀποϐάλλεσθαι
3343 4919 3432 4970 τὸν
3455 4911 3607 4982 ἀληθῆ
3633 4918 3706 4956 του

578 5146 621 5182 ’⁸
650 5145 782 5202 Luc.
811 5160 966 5212 xvm,
991 5145 1106 5200 2-5.
1183 5145 1230 5176 ⁷⁸
1257 5143 1368 5200 Jer.
1397 5161 1470 5209 tv,
1497 5145 1585 5200 II.
1659 5146 1706 5178 "
1737 5147 1842 5201 Isa.
1873 5161 1992 5212 vut,
2026 5145 2080 5212 6,
2107 5147 2158 5202 7.
2269 5146 2316 5178 ⁷τ
2347 5145 2510 5199 Mich.
2542 5155 2595 5205 v,
2630 5138 2683 5194 5.

605 5287 687 5357 I5)
726 5284 966 5356 Σιλοὰμ.
991 5284 1262 5350 Comhel'.,
1290 5285 1528 5357 Σιλωάμ,
1557 5283 1650 5357 Sic
1671 5285 1811 5357 apud
1847 5283 2045 5357 [ΚΧ.-

2179 5284 2384 5357 scilicet
2404 5280 2559 5357 nobis
2581 5278 2764 5357 a_Deo,
2783 5277 2851 5357 d_e
2867 5275 2959 5330 illo
2975 5271 3200 5357 victoria
3219 5251 3701 5357 priestatttrjfff

601 5332 686 5430 i135
723 5332 1654 5430 ῖςῖιῖἕὲἑιῖἇῦἷήξτῇὲᾶιξῗξιῖόῧ
1672 5332 1930 5430 ’ἒίῇἦτξίξ
1944 5332 1985 5430 ἶ
1995 5332 2067 5411 Ἐι

2176 5332 2719 5422 -όξῆίίιοθιῂἰοο,
2753 5332 3011 5430 ιιιοῐημε,
3038 5353 3147 5430 inet
3167 5332 3382 5430 qtiidem

604 5394 663 5413 ,υ
723 5394 832 5411 ..υ-ι
866 5394 1034 5411 om...
1071 5394 1202 5410 ων..
1265 5394 1276 5410 .
1331 5394 1412 5410 ,νη
1508 5394 1650 5410 νων
1825 5394 1874 5408 ν.
1903 5396 1916 5408 .
1958 5394 1975 5406 .
2005 5394 2067 5411 υ.

500 5394 606 5511 eri_\t
645 5394 759 5485 hlaec
801 5444 832 5483 a
876 5444 962 5511 me
993 5394 1393 5511 νειμ-,δέρᾳ
1415 5394 1813 5511 ννυιξαλξτῇ
1854 5394 2066 5511 είρήνη,

2183 5426 2448 5511 σρθιθιίειι
2481 5441 2499 5472 ι
2544 5407 3596 5511 ειξιοξιιοαίλειὲίιλη,δὲ.ῑ;1ι¹1ξ.ο..ἓε·ξ;ξ.ῗ;
3617 5394 3702 5511 al?

501 5473 606 5554 ξὲῖ
619 5473 832 5555 ιὶΓιῖιεῗ
868 5473 1424 5568 Ᾰίἑχῖῖᾶῡὲῇᾬὶξν
1457 5473 1630 5550 {Ei-11'
1649 5473 1736 5550 illi.
1755 5473 1933 5567 ἕξιςῗῖ
1948 5473 2066 5552 ξεῖ]

2176 5473 2727 5568 έῶραν,ῖτοείόιιειη
2757 5497 3056 5568 vestram.)
3091 5473 3250 5568 quod
3269 5473 3700 5568 (.BpillmllnE-lisffft

503 5538 1404 5640 esse“;“assesasses
1444 5538 2065 5640 .Ic;;;.'m";;.ra.‘.'.tsr..:.:
2175 5538 2430 5640 anns";
2769 5538 3131 5639 sapasim:
3161 5538 3701 5640 τςςι.ιεειεξ,ςεε.ηξελερρτ

503 5611 765 5702 γεῐξιειιηῖ,
793 5641 861 5696 de
889 5611 998 5710 quo
1025 5611 1332 5710 supgriores
1357 5611 1628 5702 versiculi,
1651 5640 1851 5706 quibus
1883 5649 2067 5692 nostra
2174 5611 2442 5710 quod‘fita
2490 5632 2831 5710 Hippolytus,
2851 5611 3021 5710 ἶφιυῆ
3041 5625 3332 5710 ἰηοιιΑιίυιιι

502 5691 999 5780 ἰιῐάζςὶέᾞὶὲεέεἱιίῖιῖί.
1027 5691 1412 5778 Νέαιροίῇεέ
1435 5691 1533 5777 pas
1583 5691 1766 5780 nostra
1794 5691 2068 5763 adversus
2178 5691 2320 5762 ntole
2354 5708 2441 5780 illa
2481 5691 2763 5780 paI'a'tia'et
2798 5691 3315 5780 aedesAvti‘dereutur,
3354 5705 3445 5761 per
3491 5691 3699 5739 aUICSN"

501 5770 698 5846 Assvur,
730 5791 785 5834 et
831 5797 940 5851 quo
985 5781 1130 5834 illius
1173 5770 1478 5851 pote-uitiauit
1523 5779 1902 5848 inl‘ringmnus,
1951 5780 2068 5832 sive
2179 5770 2614 5850 Scripturis'uon
2649 5770 2960 5829 insuetam?
2990 5770 3226 5826 ϐοηθεῖ.

505 5861 591 5909 est
627 5850 1014 5921 Antichristus,
1059 5853 1172 5908 sive
1219 5851 1398 5920 quivis
1433 5850 1574 5906 alius
1616 5859 1876 5918 tyrannus
1907 5867 1919 5904 :
1957 5865 2067 5914 quo
