  <div class='ocr_page' id='page_1' title='image "/cluster/home/n/w/nwhite01/storage/ocr_20150623/10/hvd.32044073501348/396.png"; bbox 0 0 3876 6340; ppageno 0'>
   <div class='ocr_carea' id='block_1_1' title="bbox 184 346 2275 420">
    <p class='ocr_par' dir='ltr' id='par_1_1' title="bbox 184 346 2275 420">
     <span class='ocr_line' id='line_1_1' title="bbox 184 346 2275 420; baseline -0.007 -1"><span class='ocrx_word' id='word_1_1' title='bbox 184 366 265 420; x_wconf 88' lang='lat' dir='ltr'><strong>m</strong></span> <span class='ocrx_word' id='word_1_2' title='bbox 1201 353 1288 408; x_wconf 88' lang='lat' dir='ltr'><strong>DE</strong></span> <span class='ocrx_word' id='word_1_3' title='bbox 1325 349 1623 409; x_wconf 79' lang='lat' dir='ltr'><strong>CIIRISTO</strong></span> <span class='ocrx_word' id='word_1_4' title='bbox 1663 350 1749 407; x_wconf 82' lang='lat' dir='ltr'><strong>ET</strong></span> <span class='ocrx_word' id='word_1_5' title='bbox 1794 346 2275 406; x_wconf 76' lang='lat' dir='ltr'><strong>ANTICHBISTO.</strong></span> 
     </span>
    </p>
   </div>
   <div class='ocr_carea' id='block_1_2' title="bbox 3251 355 3352 412">
    <p class='ocr_par' dir='ltr' id='par_1_2' title="bbox 3251 355 3352 412">
     <span class='ocr_line' id='line_1_2' title="bbox 3251 355 3352 412; baseline 0.02 -2"><span class='ocrx_word' id='word_1_6' title='bbox 3251 355 3352 412; x_wconf 79' lang='grc'><strong>773</strong></span> 
     </span>
    </p>
   </div>
   <div class='ocr_carea' id='block_1_3' title="bbox 191 454 1690 546">
    <p class='ocr_par' dir='ltr' id='par_1_3' title="bbox 191 465 1685 546">
     <span class='ocr_line' id='line_1_3' title="bbox 191 465 1685 546; baseline -0.007 -14"><span class='ocrx_word' id='word_1_7' title='bbox 191 478 364 546; x_wconf 83' lang='grc' dir='ltr'>κόσμου</span> <span class='ocrx_word' id='word_1_8' title='bbox 387 471 627 542; x_wconf 80' lang='grc' dir='ltr'>Σωτῆρα,</span> <span class='ocrx_word' id='word_1_9' title='bbox 659 470 998 542; x_wconf 73' lang='grc' dir='ltr'><strong>συναίρεσθαι</strong></span> <span class='ocrx_word' id='word_1_10' title='bbox 1028 469 1085 524; x_wconf 86' lang='grc' dir='ltr'><strong>δὲ</strong></span> <span class='ocrx_word' id='word_1_11' title='bbox 1114 471 1178 542; x_wconf 75' lang='grc' dir='ltr'>τῇ</span> <span class='ocrx_word' id='word_1_12' title='bbox 1220 465 1415 542; x_wconf 78' lang='grc' dir='ltr'>πλάνῃ,</span> <span class='ocrx_word' id='word_1_13' title='bbox 1447 469 1685 538; x_wconf 78' lang='grc' dir='ltr'>ἐπίγειον</span> 
     </span>
    </p>
   </div>
   <div class='ocr_carea' id='block_1_4' title="bbox 1794 454 3356 546">
    <p class='ocr_par' dir='ltr' id='par_1_4' title="bbox 1794 454 3356 539">
     <span class='ocr_line' id='line_1_4' title="bbox 1794 454 3356 539; baseline 0.002 -15"><span class='ocrx_word' id='word_1_14' title='bbox 1794 484 1850 524; x_wconf 80' lang='lat' dir='ltr'><strong>ac</strong></span> <span class='ocrx_word' id='word_1_15' title='bbox 1881 468 2160 539; x_wconf 83' lang='lat' dir='ltr'><strong>abjiceret,</strong></span> <span class='ocrx_word' id='word_1_16' title='bbox 2184 466 2358 522; x_wconf 90' lang='lat' dir='ltr'><strong>errori</strong></span> <span class='ocrx_word' id='word_1_17' title='bbox 2385 481 2512 522; x_wconf 89' lang='lat' dir='ltr'><strong>vero</strong></span> <span class='ocrx_word' id='word_1_18' title='bbox 2543 454 2894 537; x_wconf 78' lang='lat' dir='ltr'><strong>consentiret,</strong></span> <span class='ocrx_word' id='word_1_19' title='bbox 2928 479 3201 527; x_wconf 87' lang='lat' dir='ltr'><strong>terrenum</strong></span> <span class='ocrx_word' id='word_1_20' title='bbox 3229 472 3356 527; x_wconf 82' lang='lat' dir='ltr'><strong>dili-</strong></span> 
     </span>
    </p>
   </div>
   <div class='ocr_carea' id='block_1_5' title="bbox 179 559 1690 643">
    <p class='ocr_par' dir='ltr' id='par_1_5' title="bbox 179 561 1690 643">
     <span class='ocr_line' id='line_1_5' title="bbox 179 561 1690 643; baseline -0.007 -22"><span class='ocrx_word' id='word_1_21' title='bbox 179 567 363 643; x_wconf 75' lang='grc' dir='ltr'><strong>βασιλέα</strong></span> <span class='ocrx_word' id='word_1_22' title='bbox 386 564 725 634; x_wconf 75' lang='grc' dir='ltr'><strong>αἱρούμενος,</strong></span> <span class='ocrx_word' id='word_1_23' title='bbox 759 561 852 616; x_wconf 77' lang='grc' dir='ltr'><strong>τὸν</strong></span> <span class='ocrx_word' id='word_1_24' title='bbox 886 561 941 614; x_wconf 81' lang='grc' dir='ltr'>δὲ</span> <span class='ocrx_word' id='word_1_25' title='bbox 975 562 1290 635; x_wconf 75' lang='grc' dir='ltr'>ἐπουράνιον</span> <span class='ocrx_word' id='word_1_26' title='bbox 1321 562 1553 625; x_wconf 86' lang='grc' dir='ltr'>ἀθετεῖν,</span> <span class='ocrx_word' id='word_1_27' title='bbox 1589 578 1690 632; x_wconf 81' lang='grc' dir='ltr'><strong>φη-</strong></span> 
     </span>
    </p>
   </div>
   <div class='ocr_carea' id='block_1_6' title="bbox 1794 559 3354 643">
    <p class='ocr_par' dir='ltr' id='par_1_6' title="bbox 1797 559 3354 632">
     <span class='ocr_line' id='line_1_6' title="bbox 1797 559 3354 632; baseline 0.004 -18"><span class='ocrx_word' id='word_1_28' title='bbox 1797 575 1926 632; x_wconf 89' lang='lat' dir='ltr'><strong>gens</strong></span> <span class='ocrx_word' id='word_1_29' title='bbox 1945 575 2155 630; x_wconf 83' lang='lat' dir='ltr'><strong>regem,</strong></span> <span class='ocrx_word' id='word_1_30' title='bbox 2196 575 2260 615; x_wconf 90' lang='lat' dir='ltr'><strong>ac</strong></span> <span class='ocrx_word' id='word_1_31' title='bbox 2305 559 2578 615; x_wconf 68' lang='lat' dir='ltr'><strong>caelestem</strong></span> <span class='ocrx_word' id='word_1_32' title='bbox 2620 576 2917 631; x_wconf 86' lang='lat' dir='ltr'><strong>spernens:</strong></span> <span class='ocrx_word' id='word_1_33' title='bbox 2951 583 2969 616; x_wconf 84' lang='grc'>‹</span> <span class='ocrx_word' id='word_1_34' title='bbox 3000 561 3190 618; x_wconf 81' lang='lat' dir='ltr'><strong>Nonne</strong></span> <span class='ocrx_word' id='word_1_35' title='bbox 3221 567 3354 629; x_wconf 72' lang='lat' dir='ltr'><strong>haec,</strong></span> 
     </span>
    </p>
   </div>
   <div class='ocr_carea' id='block_1_7' title="bbox 180 651 1692 725">
    <p class='ocr_par' dir='ltr' id='par_1_7' title="bbox 180 651 1692 725">
     <span class='ocr_line' id='line_1_7' title="bbox 180 651 1692 725; baseline -0.004 -13"><span class='ocrx_word' id='word_1_36' title='bbox 180 661 272 715; x_wconf 70' lang='grc' dir='ltr'>σίν·</span> <span class='ocrx_word' id='word_1_37' title='bbox 323 655 478 710; x_wconf 77' lang='grc' dir='ltr'><strong>«Οὐκ</strong></span> <span class='ocrx_word' id='word_1_38' title='bbox 510 653 614 707; x_wconf 69' lang='grc' dir='ltr'>ἰδοὺ</span> <span class='ocrx_word' id='word_1_39' title='bbox 664 651 834 706; x_wconf 89' lang='grc' dir='ltr'>ταῦτα</span> <span class='ocrx_word' id='word_1_40' title='bbox 887 653 1145 724; x_wconf 77' lang='grc' dir='ltr'><strong>συνῆκται</strong></span> <span class='ocrx_word' id='word_1_41' title='bbox 1195 653 1323 725; x_wconf 83' lang='grc' dir='ltr'>παρ’</span> <span class='ocrx_word' id='word_1_42' title='bbox 1376 652 1510 724; x_wconf 77' lang='grc' dir='ltr'>ἐμοῦ</span> <span class='ocrx_word' id='word_1_43' title='bbox 1540 692 1555 717; x_wconf 96' lang='grc'><strong>,</strong></span> <span class='ocrx_word' id='word_1_44' title='bbox 1592 655 1692 707; x_wconf 70' lang='grc' dir='ltr'>καὶ</span> 
     </span>
    </p>
   </div>
   <div class='ocr_carea' id='block_1_8' title="bbox 175 743 1683 820">
    <p class='ocr_par' dir='ltr' id='par_1_8' title="bbox 175 743 1683 820">
     <span class='ocr_line' id='line_1_8' title="bbox 175 743 1683 820; baseline -0.009 -17"><span class='ocrx_word' id='word_1_45' title='bbox 175 749 482 820; x_wconf 71' lang='grc' dir='ltr'>ἑσφράγισται</span> <span class='ocrx_word' id='word_1_46' title='bbox 513 747 567 799; x_wconf 82' lang='grc' dir='ltr'>ὲν</span> <span class='ocrx_word' id='word_1_47' title='bbox 597 747 705 808; x_wconf 88' lang='grc' dir='ltr'>τοῖς</span> <span class='ocrx_word' id='word_1_48' title='bbox 736 743 1024 816; x_wconf 84' lang='grc' dir='ltr'>θησαυροῖς</span> <span class='ocrx_word' id='word_1_49' title='bbox 1060 762 1195 816; x_wconf 75' lang='grc' dir='ltr'>μους</span> <span class='ocrx_word' id='word_1_50' title='bbox 1239 745 1296 799; x_wconf 82' lang='grc' dir='ltr'>ὲν</span> <span class='ocrx_word' id='word_1_51' title='bbox 1324 746 1503 818; x_wconf 67' lang='grc' dir='ltr'>ἡμέρᾳ</span> <span class='ocrx_word' id='word_1_52' title='bbox 1539 744 1683 798; x_wconf 58' lang='lat' dir='ltr'><strong>exat-</strong></span> 
     </span>
    </p>
   </div>
   <div class='ocr_carea' id='block_1_9' title="bbox 175 835 1690 910">
    <p class='ocr_par' dir='ltr' id='par_1_9' title="bbox 175 835 1690 910">
     <span class='ocr_line' id='line_1_9' title="bbox 175 835 1690 910; baseline -0.001 -18"><span class='ocrx_word' id='word_1_53' title='bbox 175 842 350 910; x_wconf 81' lang='grc' dir='ltr'>κήσεως</span> <span class='ocrx_word' id='word_1_54' title='bbox 382 835 746 900; x_wconf 82' lang='grc' dir='ltr'><strong>ἀνταποδώσω,</strong></span> <span class='ocrx_word' id='word_1_55' title='bbox 785 839 880 891; x_wconf 76' lang='grc' dir='ltr'><strong>καὶ</strong></span> <span class='ocrx_word' id='word_1_56' title='bbox 924 839 980 891; x_wconf 80' lang='grc' dir='ltr'><strong>ἐν</strong></span> <span class='ocrx_word' id='word_1_57' title='bbox 1013 835 1222 907; x_wconf 83' lang='grc' dir='ltr'>καιρῷ,</span> <span class='ocrx_word' id='word_1_58' title='bbox 1264 837 1392 890; x_wconf 78' lang='grc' dir='ltr'>ὅταν</span> <span class='ocrx_word' id='word_1_59' title='bbox 1444 836 1618 908; x_wconf 70' lang='grc' dir='ltr'>σφαλῇ</span> <span class='ocrx_word' id='word_1_60' title='bbox 1662 839 1690 890; x_wconf 88' lang='grc' dir='ltr'><strong>ό</strong></span> 
     </span>
    </p>
   </div>
   <div class='ocr_carea' id='block_1_10' title="bbox 177 923 1684 997">
    <p class='ocr_par' dir='ltr' id='par_1_10' title="bbox 177 923 1684 997">
     <span class='ocr_line' id='line_1_10' title="bbox 177 923 1684 997; baseline -0.003 -15"><span class='ocrx_word' id='word_1_61' title='bbox 177 927 284 992; x_wconf 78' lang='grc' dir='ltr'>ποῦς</span> <span class='ocrx_word' id='word_1_62' title='bbox 309 927 486 981; x_wconf 85' lang='grc' dir='ltr'>αύτῶν.</span> <span class='ocrx_word' id='word_1_63' title='bbox 512 947 530 978; x_wconf 74' lang='grc' dir='ltr'><strong>ι</strong></span> <span class='ocrx_word' id='word_1_64' title='bbox 578 926 914 997; x_wconf 75' lang='grc' dir='ltr'>Ἐσφάλησαν</span> <span class='ocrx_word' id='word_1_65' title='bbox 939 923 1030 980; x_wconf 75' lang='grc' dir='ltr'><strong>οὖν</strong></span> <span class='ocrx_word' id='word_1_66' title='bbox 1067 926 1206 980; x_wconf 87' lang='grc' dir='ltr'><strong>κατά</strong></span> <span class='ocrx_word' id='word_1_67' title='bbox 1244 926 1439 989; x_wconf 83' lang='grc' dir='ltr'>πάντα,</span> <span class='ocrx_word' id='word_1_68' title='bbox 1465 923 1532 979; x_wconf 65' lang='grc' dir='ltr'>ἓν</span> <span class='ocrx_word' id='word_1_69' title='bbox 1580 943 1684 997; x_wconf 84' lang='grc' dir='ltr'>μη-</span> 
     </span>
    </p>
   </div>
   <div class='ocr_carea' id='block_1_11' title="bbox 174 1015 1688 1089">
    <p class='ocr_par' dir='ltr' id='par_1_11' title="bbox 174 1015 1688 1089">
     <span class='ocr_line' id='line_1_11' title="bbox 174 1015 1688 1089; baseline -0.002 -16"><span class='ocrx_word' id='word_1_70' title='bbox 174 1018 262 1073; x_wconf 74' lang='grc' dir='ltr'>δενὶ</span> <span class='ocrx_word' id='word_1_71' title='bbox 297 1015 553 1087; x_wconf 74' lang='grc' dir='ltr'>σύμφωνοι</span> <span class='ocrx_word' id='word_1_72' title='bbox 585 1020 650 1088; x_wconf 81' lang='grc' dir='ltr'>τῇ</span> <span class='ocrx_word' id='word_1_73' title='bbox 683 1017 909 1089; x_wconf 75' lang='grc' dir='ltr'>ἀληθεία</span> <span class='ocrx_word' id='word_1_74' title='bbox 937 1017 1336 1088; x_wconf 77' lang='grc' dir='ltr'>εὑρισκόμενοι·</span> <span class='ocrx_word' id='word_1_75' title='bbox 1375 1019 1511 1089; x_wconf 82' lang='grc' dir='ltr'>μήτε</span> <span class='ocrx_word' id='word_1_76' title='bbox 1548 1016 1688 1072; x_wconf 86' lang='grc' dir='ltr'><strong>κατά</strong></span> 
     </span>
    </p>
   </div>
   <div class='ocr_carea' id='block_1_12' title="bbox 172 1107 1684 1180">
    <p class='ocr_par' dir='ltr' id='par_1_12' title="bbox 172 1107 1684 1180">
     <span class='ocr_line' id='line_1_12' title="bbox 172 1107 1684 1180; baseline 0 -17"><span class='ocrx_word' id='word_1_77' title='bbox 172 1110 243 1164; x_wconf 79' lang='grc' dir='ltr'>τὸν</span> <span class='ocrx_word' id='word_1_78' title='bbox 269 1109 430 1179; x_wconf 81' lang='grc' dir='ltr'>νόμον,</span> <span class='ocrx_word' id='word_1_79' title='bbox 464 1107 552 1161; x_wconf 73' lang='grc' dir='ltr'>διὰ</span> <span class='ocrx_word' id='word_1_80' title='bbox 584 1108 644 1161; x_wconf 77' lang='grc' dir='ltr'><strong>τὸ</strong></span> <span class='ocrx_word' id='word_1_81' title='bbox 680 1109 1002 1180; x_wconf 86' lang='grc' dir='ltr'>παραϐάτας</span> <span class='ocrx_word' id='word_1_82' title='bbox 1035 1109 1228 1172; x_wconf 71' lang='grc' dir='ltr'>αύτούς</span> <span class='ocrx_word' id='word_1_83' title='bbox 1263 1109 1372 1180; x_wconf 83' lang='lat' dir='ltr'><strong>(l7)</strong></span> <span class='ocrx_word' id='word_1_84' title='bbox 1398 1109 1649 1177; x_wconf 87' lang='grc' dir='ltr'>γενέσθαι</span> <span class='ocrx_word' id='word_1_85' title='bbox 1670 1126 1684 1141; x_wconf 72' lang='grc' dir='ltr'><strong>ο</strong></span> 
     </span>
    </p>
   </div>
   <div class='ocr_carea' id='block_1_13' title="bbox 174 1199 1686 1273">
    <p class='ocr_par' dir='ltr' id='par_1_13' title="bbox 174 1199 1686 1273">
     <span class='ocr_line' id='line_1_13' title="bbox 174 1199 1686 1273; baseline -0.001 -19"><span class='ocrx_word' id='word_1_86' title='bbox 174 1204 280 1273; x_wconf 84' lang='grc' dir='ltr'>μήτε</span> <span class='ocrx_word' id='word_1_87' title='bbox 303 1199 430 1254; x_wconf 87' lang='grc' dir='ltr'><strong>κατά</strong></span> <span class='ocrx_word' id='word_1_88' title='bbox 473 1200 596 1264; x_wconf 80' lang='grc' dir='ltr'>τοὺς</span> <span class='ocrx_word' id='word_1_89' title='bbox 628 1202 941 1272; x_wconf 76' lang='grc' dir='ltr'>προφήτας,</span> <span class='ocrx_word' id='word_1_90' title='bbox 978 1199 1065 1253; x_wconf 88' lang='grc' dir='ltr'><strong>διά</strong></span> <span class='ocrx_word' id='word_1_91' title='bbox 1095 1201 1156 1254; x_wconf 81' lang='grc' dir='ltr'><strong>τὸ</strong></span> <span class='ocrx_word' id='word_1_92' title='bbox 1196 1200 1289 1254; x_wconf 84' lang='grc' dir='ltr'><strong>καί</strong></span> <span class='ocrx_word' id='word_1_93' title='bbox 1324 1200 1519 1264; x_wconf 76' lang='grc' dir='ltr'>αὐτοὺς</span> <span class='ocrx_word' id='word_1_94' title='bbox 1560 1201 1686 1266; x_wconf 74' lang='grc' dir='ltr'>τοὺς</span> 
     </span>
    </p>
   </div>
   <div class='ocr_carea' id='block_1_14' title="bbox 172 1290 1688 1364">
    <p class='ocr_par' dir='ltr' id='par_1_14' title="bbox 172 1290 1688 1364">
     <span class='ocr_line' id='line_1_14' title="bbox 172 1290 1688 1364; baseline 0.001 -20"><span class='ocrx_word' id='word_1_95' title='bbox 172 1292 406 1363; x_wconf 75' lang='grc' dir='ltr'>προφήτας</span> <span class='ocrx_word' id='word_1_96' title='bbox 434 1291 788 1364; x_wconf 80' lang='grc' dir='ltr'>ἀνῃρηκέναι’</span> <span class='ocrx_word' id='word_1_97' title='bbox 835 1293 968 1363; x_wconf 81' lang='grc' dir='ltr'>μήτε</span> <span class='ocrx_word' id='word_1_98' title='bbox 1009 1291 1148 1345; x_wconf 89' lang='grc' dir='ltr'><strong>κατά</strong></span> <span class='ocrx_word' id='word_1_99' title='bbox 1179 1290 1277 1362; x_wconf 76' lang='grc' dir='ltr'>τὴν</span> <span class='ocrx_word' id='word_1_100' title='bbox 1307 1293 1414 1346; x_wconf 87' lang='grc' dir='ltr'><strong>τῶν</strong></span> <span class='ocrx_word' id='word_1_101' title='bbox 1458 1293 1688 1361; x_wconf 81' lang='grc' dir='ltr'>εὐαγγε-</span> 
     </span>
    </p>
   </div>
   <div class='ocr_carea' id='block_1_15' title="bbox 170 1379 1686 1452">
    <p class='ocr_par' dir='ltr' id='par_1_15' title="bbox 170 1379 1686 1452">
     <span class='ocr_line' id='line_1_15' title="bbox 170 1379 1686 1452; baseline -0.002 -18"><span class='ocrx_word' id='word_1_102' title='bbox 170 1381 270 1434; x_wconf 85' lang='grc' dir='ltr'>λίων</span> <span class='ocrx_word' id='word_1_103' title='bbox 292 1381 474 1452; x_wconf 72' lang='grc' dir='ltr'>φωνὴν,</span> <span class='ocrx_word' id='word_1_104' title='bbox 508 1380 594 1434; x_wconf 74' lang='grc' dir='ltr'>διὰ</span> <span class='ocrx_word' id='word_1_105' title='bbox 629 1379 689 1433; x_wconf 84' lang='grc' dir='ltr'><strong>τὸ</strong></span> <span class='ocrx_word' id='word_1_106' title='bbox 721 1382 812 1435; x_wconf 78' lang='grc' dir='ltr'><strong>καὶ</strong></span> <span class='ocrx_word' id='word_1_107' title='bbox 850 1381 1009 1434; x_wconf 83' lang='grc' dir='ltr'>αὑτὸν</span> <span class='ocrx_word' id='word_1_108' title='bbox 1049 1380 1140 1433; x_wconf 82' lang='grc' dir='ltr'>τὸν</span> <span class='ocrx_word' id='word_1_109' title='bbox 1175 1379 1404 1451; x_wconf 75' lang='grc' dir='ltr'>Σωτῆρα</span> <span class='ocrx_word' id='word_1_110' title='bbox 1440 1397 1686 1452; x_wconf 87' lang='grc' dir='ltr'>σταυρω-</span> 
     </span>
    </p>
   </div>
   <div class='ocr_carea' id='block_1_16' title="bbox 172 1467 1688 1541">
    <p class='ocr_par' dir='ltr' id='par_1_16' title="bbox 172 1467 1688 1541">
     <span class='ocr_line' id='line_1_16' title="bbox 172 1467 1688 1541; baseline 0 -19"><span class='ocrx_word' id='word_1_111' title='bbox 172 1471 326 1541; x_wconf 81' lang='grc' dir='ltr'>θῆναι·</span> <span class='ocrx_word' id='word_1_112' title='bbox 364 1471 490 1541; x_wconf 84' lang='grc' dir='ltr'>μήτε</span> <span class='ocrx_word' id='word_1_113' title='bbox 531 1472 646 1534; x_wconf 89' lang='grc' dir='ltr'>τοῖς</span> <span class='ocrx_word' id='word_1_114' title='bbox 673 1469 983 1534; x_wconf 80' lang='grc' dir='ltr'>ἀποστόλοις</span> <span class='ocrx_word' id='word_1_115' title='bbox 1020 1469 1346 1540; x_wconf 82' lang='grc' dir='ltr'>πειθόμενοι,</span> <span class='ocrx_word' id='word_1_116' title='bbox 1382 1467 1471 1522; x_wconf 83' lang='grc' dir='ltr'><strong>διά</strong></span> <span class='ocrx_word' id='word_1_117' title='bbox 1501 1469 1562 1522; x_wconf 82' lang='grc' dir='ltr'><strong>τὸ</strong></span> <span class='ocrx_word' id='word_1_118' title='bbox 1594 1469 1688 1522; x_wconf 75' lang='grc' dir='ltr'><strong>καὶ</strong></span> 
     </span>
    </p>
   </div>
   <div class='ocr_carea' id='block_1_17' title="bbox 167 1561 1683 1633">
    <p class='ocr_par' dir='ltr' id='par_1_17' title="bbox 167 1561 1683 1633">
     <span class='ocr_line' id='line_1_17' title="bbox 167 1561 1683 1633; baseline -0.001 -19"><span class='ocrx_word' id='word_1_119' title='bbox 167 1561 327 1624; x_wconf 76' lang='grc' dir='ltr'>αὐτοὺς</span> <span class='ocrx_word' id='word_1_120' title='bbox 352 1561 696 1633; x_wconf 78' lang='grc' dir='ltr'>ὲκδιωχθῆναι</span> <span class='ocrx_word' id='word_1_121' title='bbox 715 1579 730 1594; x_wconf 75' lang='grc' dir='ltr'><strong>ο</strong></span> <span class='ocrx_word' id='word_1_122' title='bbox 757 1561 983 1616; x_wconf 87' lang='grc' dir='ltr'>πάντοτε</span> <span class='ocrx_word' id='word_1_123' title='bbox 1012 1561 1284 1615; x_wconf 77' lang='grc' dir='ltr'>ἐπίϐουλοι</span> <span class='ocrx_word' id='word_1_124' title='bbox 1307 1563 1402 1616; x_wconf 76' lang='grc' dir='ltr'><strong>καὶ</strong></span> <span class='ocrx_word' id='word_1_125' title='bbox 1429 1561 1683 1633; x_wconf 81' lang='grc' dir='ltr'>προδόται</span> 
     </span>
    </p>
   </div>
   <div class='ocr_carea' id='block_1_18' title="bbox 165 1652 1681 1726">
    <p class='ocr_par' dir='ltr' id='par_1_18' title="bbox 165 1652 1681 1726">
     <span class='ocr_line' id='line_1_18' title="bbox 165 1652 1681 1726; baseline -0.001 -19"><span class='ocrx_word' id='word_1_126' title='bbox 165 1654 245 1721; x_wconf 78' lang='grc' dir='ltr'>τῆς</span> <span class='ocrx_word' id='word_1_127' title='bbox 289 1654 526 1726; x_wconf 77' lang='grc' dir='ltr'>ἀληθείας</span> <span class='ocrx_word' id='word_1_128' title='bbox 553 1653 860 1726; x_wconf 87' lang='grc' dir='ltr'>γενόμενοι,</span> <span class='ocrx_word' id='word_1_129' title='bbox 899 1653 1136 1725; x_wconf 84' lang='grc' dir='ltr'>μισόθεοι</span> <span class='ocrx_word' id='word_1_130' title='bbox 1181 1653 1273 1707; x_wconf 82' lang='grc' dir='ltr'><strong>καὶ</strong></span> <span class='ocrx_word' id='word_1_131' title='bbox 1324 1653 1398 1725; x_wconf 78' lang='grc' dir='ltr'>μὴ</span> <span class='ocrx_word' id='word_1_132' title='bbox 1447 1652 1681 1722; x_wconf 84' lang='grc' dir='ltr'>φιλόθεοι</span> 
     </span>
    </p>
   </div>
   <div class='ocr_carea' id='block_1_19' title="bbox 164 1744 1684 1817">
    <p class='ocr_par' dir='ltr' id='par_1_19' title="bbox 164 1744 1684 1817">
     <span class='ocr_line' id='line_1_19' title="bbox 164 1744 1684 1817; baseline 0 -19"><span class='ocrx_word' id='word_1_133' title='bbox 164 1745 512 1817; x_wconf 71' lang='grc' dir='ltr'>εὑρισκόμενοι,</span> <span class='ocrx_word' id='word_1_134' title='bbox 541 1746 635 1800; x_wconf 73' lang='grc' dir='ltr'><strong>καὶ</strong></span> <span class='ocrx_word' id='word_1_135' title='bbox 660 1746 710 1798; x_wconf 87' lang='grc' dir='ltr'><strong>οί</strong></span> <span class='ocrx_word' id='word_1_136' title='bbox 734 1744 852 1798; x_wconf 90' lang='grc' dir='ltr'>τότε</span> <span class='ocrx_word' id='word_1_137' title='bbox 876 1744 1159 1817; x_wconf 89' lang='grc' dir='ltr'>λαϐόμενοι</span> <span class='ocrx_word' id='word_1_138' title='bbox 1197 1745 1385 1816; x_wconf 90' lang='grc' dir='ltr'>καιρόν</span> <span class='ocrx_word' id='word_1_139' title='bbox 1402 1762 1415 1775; x_wconf 80' lang='grc'><em>’</em></span> <span class='ocrx_word' id='word_1_140' title='bbox 1443 1745 1684 1798; x_wconf 76' lang='grc' dir='ltr'><strong>ἐκδικίαν</strong></span> 
     </span>
    </p>
   </div>
   <div class='ocr_carea' id='block_1_20' title="bbox 1795 649 3357 722">
    <p class='ocr_par' dir='ltr' id='par_1_20' title="bbox 1795 649 3357 722">
     <span class='ocr_line' id='line_1_20' title="bbox 1795 649 3357 722; baseline 0.001 -19"><span class='ocrx_word' id='word_1_141' title='bbox 1795 649 1988 720; x_wconf 93' lang='lat' dir='ltr'><strong>inquit,</strong></span> <span class='ocrx_word' id='word_1_142' title='bbox 2021 649 2234 705; x_wconf 90' lang='lat' dir='ltr'><strong>condita</strong></span> <span class='ocrx_word' id='word_1_143' title='bbox 2264 659 2392 705; x_wconf 91' lang='lat' dir='ltr'><strong>sunt</strong></span> <span class='ocrx_word' id='word_1_144' title='bbox 2423 649 2562 718; x_wconf 89' lang='lat' dir='ltr'><strong>apud</strong></span> <span class='ocrx_word' id='word_1_145' title='bbox 2586 664 2693 716; x_wconf 91' lang='lat' dir='ltr'><strong>me,</strong></span> <span class='ocrx_word' id='word_1_146' title='bbox 2730 658 2783 704; x_wconf 90' lang='lat' dir='ltr'><strong>et</strong></span> <span class='ocrx_word' id='word_1_147' title='bbox 2814 650 3024 722; x_wconf 85' lang='lat' dir='ltr'><strong>signata</strong></span> <span class='ocrx_word' id='word_1_148' title='bbox 3059 651 3115 705; x_wconf 90' lang='lat' dir='ltr'><strong>in</strong></span> <span class='ocrx_word' id='word_1_149' title='bbox 3139 651 3357 706; x_wconf 86' lang='lat' dir='ltr'><strong>thesau-</strong></span> 
     </span>
    </p>
   </div>
   <div class='ocr_carea' id='block_1_21' title="bbox 1793 739 3356 813">
    <p class='ocr_par' dir='ltr' id='par_1_21' title="bbox 1793 739 3356 813">
     <span class='ocr_line' id='line_1_21' title="bbox 1793 739 3356 813; baseline 0.002 -18"><span class='ocrx_word' id='word_1_150' title='bbox 1793 741 1870 795; x_wconf 85' lang='lat' dir='ltr'><strong>ris</strong></span> <span class='ocrx_word' id='word_1_151' title='bbox 1899 741 2076 796; x_wconf 84' lang='lat' dir='ltr'><strong>meis?</strong></span> <span class='ocrx_word' id='word_1_152' title='bbox 2102 739 2160 794; x_wconf 92' lang='lat' dir='ltr'><strong>ln</strong></span> <span class='ocrx_word' id='word_1_153' title='bbox 2195 740 2281 794; x_wconf 88' lang='lat' dir='ltr'><strong>die</strong></span> <span class='ocrx_word' id='word_1_154' title='bbox 2322 739 2546 794; x_wconf 84' lang='lat' dir='ltr'><strong>ultionis</strong></span> <span class='ocrx_word' id='word_1_155' title='bbox 2573 741 2890 807; x_wconf 77' lang='lat' dir='ltr'><strong>retribuam,</strong></span> <span class='ocrx_word' id='word_1_156' title='bbox 2917 750 2969 797; x_wconf 87' lang='lat' dir='ltr'><strong>et</strong></span> <span class='ocrx_word' id='word_1_157' title='bbox 2998 743 3050 797; x_wconf 93' lang='lat' dir='ltr'><strong>in</strong></span> <span class='ocrx_word' id='word_1_158' title='bbox 3092 750 3356 813; x_wconf 89' lang='lat' dir='ltr'><strong>tempore,</strong></span> 
     </span>
    </p>
   </div>
   <div class='ocr_carea' id='block_1_22' title="bbox 1793 829 3353 904">
    <p class='ocr_par' dir='ltr' id='par_1_22' title="bbox 1793 829 3353 904">
     <span class='ocr_line' id='line_1_22' title="bbox 1793 829 3353 904; baseline 0 -16"><span class='ocrx_word' id='word_1_159' title='bbox 1793 849 1914 889; x_wconf 93' lang='lat' dir='ltr'><strong>cum</strong></span> <span class='ocrx_word' id='word_1_160' title='bbox 1945 833 2156 887; x_wconf 89' lang='lat' dir='ltr'><strong>labetur</strong></span> <span class='ocrx_word' id='word_1_161' title='bbox 2181 847 2275 903; x_wconf 86' lang='lat' dir='ltr'><strong>pes</strong></span> <span class='ocrx_word' id='word_1_162' title='bbox 2303 847 2491 887; x_wconf 89' lang='lat' dir='ltr'><strong>eorum</strong></span> <span class='ocrx_word' id='word_1_163' title='bbox 2515 831 2582 884; x_wconf 75' lang='lat'><strong>&quot;.</strong></span> <span class='ocrx_word' id='word_1_164' title='bbox 2616 850 2634 882; x_wconf 72' lang='grc' dir='ltr'><strong>ι</strong></span> <span class='ocrx_word' id='word_1_165' title='bbox 2672 829 2772 886; x_wconf 88' lang='lat' dir='ltr'><strong>Per</strong></span> <span class='ocrx_word' id='word_1_166' title='bbox 2795 833 2976 887; x_wconf 87' lang='lat' dir='ltr'><strong>omnia</strong></span> <span class='ocrx_word' id='word_1_167' title='bbox 3004 834 3186 904; x_wconf 81' lang='lat' dir='ltr'><strong>itaque</strong></span> <span class='ocrx_word' id='word_1_168' title='bbox 3218 835 3353 904; x_wconf 83' lang='lat' dir='ltr'><strong>lapsi</strong></span> 
     </span>
    </p>
   </div>
   <div class='ocr_carea' id='block_1_23' title="bbox 1791 922 3358 994">
    <p class='ocr_par' dir='ltr' id='par_1_23' title="bbox 1791 922 3358 994">
     <span class='ocr_line' id='line_1_23' title="bbox 1791 922 3358 994; baseline 0.002 -15"><span class='ocrx_word' id='word_1_169' title='bbox 1791 935 1918 980; x_wconf 91' lang='lat' dir='ltr'><strong>sunt</strong></span> <span class='ocrx_word' id='word_1_170' title='bbox 1944 934 1996 979; x_wconf 90' lang='lat' dir='ltr'><strong>et</strong></span> <span class='ocrx_word' id='word_1_171' title='bbox 2027 932 2368 988; x_wconf 88' lang='lat' dir='ltr'><strong>erraverunt,</strong></span> <span class='ocrx_word' id='word_1_172' title='bbox 2394 923 2488 994; x_wconf 87' lang='lat' dir='ltr'><strong>qui</strong></span> <span class='ocrx_word' id='word_1_173' title='bbox 2532 922 2584 976; x_wconf 88' lang='lat' dir='ltr'><strong>in</strong></span> <span class='ocrx_word' id='word_1_174' title='bbox 2628 923 2778 978; x_wconf 88' lang='lat' dir='ltr'><strong>nullo</strong></span> <span class='ocrx_word' id='word_1_175' title='bbox 2811 925 3024 980; x_wconf 89' lang='lat' dir='ltr'><strong>veritati</strong></span> <span class='ocrx_word' id='word_1_176' title='bbox 3056 928 3358 982; x_wconf 87' lang='lat' dir='ltr'><strong>concordes</strong></span> 
     </span>
    </p>
   </div>
   <div class='ocr_carea' id='block_1_24' title="bbox 1787 1016 3354 1088">
    <p class='ocr_par' dir='ltr' id='par_1_24' title="bbox 1787 1016 3354 1088">
     <span class='ocr_line' id='line_1_24' title="bbox 1787 1016 3354 1088; baseline 0 -15"><span class='ocrx_word' id='word_1_177' title='bbox 1787 1017 2146 1073; x_wconf 77' lang='lat' dir='ltr'><strong>exstiterunt:</strong></span> <span class='ocrx_word' id='word_1_178' title='bbox 2176 1032 2275 1071; x_wconf 92' lang='lat' dir='ltr'><strong>nec</strong></span> <span class='ocrx_word' id='word_1_179' title='bbox 2298 1017 2351 1071; x_wconf 92' lang='lat' dir='ltr'><strong>in</strong></span> <span class='ocrx_word' id='word_1_180' title='bbox 2377 1016 2511 1087; x_wconf 91' lang='lat' dir='ltr'><strong>lege,</strong></span> <span class='ocrx_word' id='word_1_181' title='bbox 2535 1017 2680 1087; x_wconf 90' lang='lat' dir='ltr'><strong>quod</strong></span> <span class='ocrx_word' id='word_1_182' title='bbox 2704 1031 2822 1070; x_wconf 87' lang='lat' dir='ltr'><strong>eam</strong></span> <span class='ocrx_word' id='word_1_183' title='bbox 2850 1020 3172 1088; x_wconf 83' lang='lat' dir='ltr'><strong>transgressi</strong></span> <span class='ocrx_word' id='word_1_184' title='bbox 3197 1030 3354 1085; x_wconf 86' lang='lat' dir='ltr'><strong>sunt;</strong></span> 
     </span>
    </p>
   </div>
   <div class='ocr_carea' id='block_1_25' title="bbox 1788 1103 3358 1177">
    <p class='ocr_par' dir='ltr' id='par_1_25' title="bbox 1788 1103 3358 1177">
     <span class='ocr_line' id='line_1_25' title="bbox 1788 1103 3358 1177; baseline -0.001 -15"><span class='ocrx_word' id='word_1_185' title='bbox 1788 1123 1888 1162; x_wconf 88' lang='lat' dir='ltr'><strong>nec</strong></span> <span class='ocrx_word' id='word_1_186' title='bbox 1915 1107 1967 1161; x_wconf 93' lang='lat' dir='ltr'><strong>in</strong></span> <span class='ocrx_word' id='word_1_187' title='bbox 1998 1106 2307 1177; x_wconf 89' lang='lat' dir='ltr'><strong>prophetis,</strong></span> <span class='ocrx_word' id='word_1_188' title='bbox 2353 1105 2499 1175; x_wconf 90' lang='lat' dir='ltr'><strong>quod</strong></span> <span class='ocrx_word' id='word_1_189' title='bbox 2541 1103 2828 1174; x_wconf 77' lang='lat' dir='ltr'><strong>prophetas</strong></span> <span class='ocrx_word' id='word_1_190' title='bbox 2875 1119 3092 1175; x_wconf 88' lang='lat' dir='ltr'><strong>quoque</strong></span> <span class='ocrx_word' id='word_1_191' title='bbox 3137 1107 3358 1161; x_wconf 88' lang='lat' dir='ltr'><strong>occide-</strong></span> 
     </span>
    </p>
   </div>
   <div class='ocr_carea' id='block_1_26' title="bbox 1788 1194 3353 1266">
    <p class='ocr_par' dir='ltr' id='par_1_26' title="bbox 1788 1194 3353 1266">
     <span class='ocr_line' id='line_1_26' title="bbox 1788 1194 3353 1266; baseline -0.001 -14"><span class='ocrx_word' id='word_1_192' title='bbox 1788 1206 1942 1264; x_wconf 86' lang='lat' dir='ltr'><strong>runt;</strong></span> <span class='ocrx_word' id='word_1_193' title='bbox 1966 1213 2066 1252; x_wconf 91' lang='lat' dir='ltr'><strong>nec</strong></span> <span class='ocrx_word' id='word_1_194' title='bbox 2089 1198 2138 1250; x_wconf 92' lang='lat' dir='ltr'><strong>in</strong></span> <span class='ocrx_word' id='word_1_195' title='bbox 2161 1195 2571 1266; x_wconf 82' lang='lat' dir='ltr'><strong>Evangeliorum</strong></span> <span class='ocrx_word' id='word_1_196' title='bbox 2595 1210 2746 1258; x_wconf 86' lang='lat' dir='ltr'><strong>voce,</strong></span> <span class='ocrx_word' id='word_1_197' title='bbox 2763 1194 2907 1264; x_wconf 81' lang='lat' dir='ltr'><strong>quod</strong></span> <span class='ocrx_word' id='word_1_198' title='bbox 2939 1204 2991 1250; x_wconf 92' lang='lat' dir='ltr'><strong>et</strong></span> <span class='ocrx_word' id='word_1_199' title='bbox 3020 1195 3353 1252; x_wconf 89' lang='lat' dir='ltr'><strong>Salvatorem</strong></span> 
     </span>
    </p>
   </div>
   <div class='ocr_carea' id='block_1_27' title="bbox 1786 1285 3355 1359">
    <p class='ocr_par' dir='ltr' id='par_1_27' title="bbox 1786 1285 3355 1359">
     <span class='ocr_line' id='line_1_27' title="bbox 1786 1285 3355 1359; baseline -0.002 -16"><span class='ocrx_word' id='word_1_200' title='bbox 1786 1290 1964 1359; x_wconf 90' lang='lat' dir='ltr'><strong>ipsum</strong></span> <span class='ocrx_word' id='word_1_201' title='bbox 1993 1288 2416 1352; x_wconf 81' lang='lat' dir='ltr'><strong>cruciﬁxerunt;</strong></span> <span class='ocrx_word' id='word_1_202' title='bbox 2444 1301 2544 1340; x_wconf 84' lang='lat' dir='ltr'><strong>nec</strong></span> <span class='ocrx_word' id='word_1_203' title='bbox 2577 1286 2839 1354; x_wconf 81' lang='lat' dir='ltr'><strong>apostolis</strong></span> <span class='ocrx_word' id='word_1_204' title='bbox 2869 1285 3170 1353; x_wconf 84' lang='lat' dir='ltr'><strong>credentes,</strong></span> <span class='ocrx_word' id='word_1_205' title='bbox 3209 1289 3355 1356; x_wconf 90' lang='lat' dir='ltr'><strong>quod</strong></span> 
     </span>
    </p>
   </div>
   <div class='ocr_carea' id='block_1_28' title="bbox 1783 1379 3358 1452">
    <p class='ocr_par' dir='ltr' id='par_1_28' title="bbox 1783 1379 3358 1452">
     <span class='ocr_line' id='line_1_28' title="bbox 1783 1379 3358 1452; baseline -0.001 -17"><span class='ocrx_word' id='word_1_206' title='bbox 1783 1389 1838 1435; x_wconf 91' lang='lat' dir='ltr'><strong>et</strong></span> <span class='ocrx_word' id='word_1_207' title='bbox 1867 1381 1988 1436; x_wconf 91' lang='lat' dir='ltr'><strong>illos</strong></span> <span class='ocrx_word' id='word_1_208' title='bbox 2023 1381 2294 1452; x_wconf 88' lang='lat' dir='ltr'><strong>persecuti</strong></span> <span class='ocrx_word' id='word_1_209' title='bbox 2328 1388 2482 1443; x_wconf 89' lang='lat' dir='ltr'><strong>sunt;</strong></span> <span class='ocrx_word' id='word_1_210' title='bbox 2518 1379 2716 1447; x_wconf 90' lang='lat' dir='ltr'><strong>ubique</strong></span> <span class='ocrx_word' id='word_1_211' title='bbox 2754 1379 2964 1434; x_wconf 91' lang='lat' dir='ltr'><strong>veritati</strong></span> <span class='ocrx_word' id='word_1_212' title='bbox 3002 1380 3230 1434; x_wconf 88' lang='lat' dir='ltr'><strong>insidias</strong></span> <span class='ocrx_word' id='word_1_213' title='bbox 3260 1396 3358 1434; x_wconf 73' lang='lat' dir='ltr'><strong>ne—</strong></span> 
     </span>
    </p>
   </div>
   <div class='ocr_carea' id='block_1_29' title="bbox 1784 1468 3352 1541">
    <p class='ocr_par' dir='ltr' id='par_1_29' title="bbox 1784 1468 3352 1541">
     <span class='ocr_line' id='line_1_29' title="bbox 1784 1468 3352 1541; baseline -0.003 -14"><span class='ocrx_word' id='word_1_214' title='bbox 1784 1479 1990 1527; x_wconf 85' lang='lat' dir='ltr'><strong>ctentes</strong></span> <span class='ocrx_word' id='word_1_215' title='bbox 2033 1471 2260 1541; x_wconf 83' lang='lat' dir='ltr'><strong>ejusque</strong></span> <span class='ocrx_word' id='word_1_216' title='bbox 2301 1471 2628 1539; x_wconf 82' lang='lat' dir='ltr'><strong>proditores,</strong></span> <span class='ocrx_word' id='word_1_217' title='bbox 2668 1468 2761 1522; x_wconf 89' lang='lat' dir='ltr'><strong>Dei</strong></span> <span class='ocrx_word' id='word_1_218' title='bbox 2798 1471 2969 1539; x_wconf 88' lang='lat' dir='ltr'><strong>magis</strong></span> <span class='ocrx_word' id='word_1_219' title='bbox 3007 1470 3131 1524; x_wconf 93' lang='lat' dir='ltr'><strong>odio</strong></span> <span class='ocrx_word' id='word_1_220' title='bbox 3182 1470 3352 1534; x_wconf 85' lang='lat' dir='ltr'><strong>ducti,</strong></span> 
     </span>
    </p>
   </div>
   <div class='ocr_carea' id='block_1_30' title="bbox 1783 1561 3354 1636">
    <p class='ocr_par' dir='ltr' id='par_1_30' title="bbox 1783 1561 3354 1636">
     <span class='ocr_line' id='line_1_30' title="bbox 1783 1561 3354 1636; baseline -0.003 -17"><span class='ocrx_word' id='word_1_221' title='bbox 1783 1579 1949 1636; x_wconf 88' lang='lat' dir='ltr'><strong>quam</strong></span> <span class='ocrx_word' id='word_1_222' title='bbox 1975 1563 2095 1634; x_wconf 85' lang='lat' dir='ltr'><strong>ejus</strong></span> <span class='ocrx_word' id='word_1_223' title='bbox 2125 1563 2236 1618; x_wconf 92' lang='lat' dir='ltr'><strong>ullo</strong></span> <span class='ocrx_word' id='word_1_224' title='bbox 2259 1577 2443 1616; x_wconf 87' lang='lat' dir='ltr'><strong>amore</strong></span> <span class='ocrx_word' id='word_1_225' title='bbox 2481 1561 2693 1626; x_wconf 79' lang='lat' dir='ltr'><strong>devoti;</strong></span> <span class='ocrx_word' id='word_1_226' title='bbox 2729 1562 2820 1630; x_wconf 87' lang='lat' dir='ltr'><strong>qui</strong></span> <span class='ocrx_word' id='word_1_227' title='bbox 2860 1571 2912 1616; x_wconf 94' lang='lat' dir='ltr'><strong>et</strong></span> <span class='ocrx_word' id='word_1_228' title='bbox 2945 1563 3044 1630; x_wconf 89' lang='lat' dir='ltr'><strong>ipsi</strong></span> <span class='ocrx_word' id='word_1_229' title='bbox 3086 1572 3215 1617; x_wconf 91' lang='lat' dir='ltr'><strong>tunc</strong></span> <span class='ocrx_word' id='word_1_230' title='bbox 3261 1563 3354 1617; x_wconf 90' lang='lat' dir='ltr'><strong>ubi</strong></span> 
     </span>
    </p>
   </div>
   <div class='ocr_carea' id='block_1_31' title="bbox 1786 1653 3351 1717">
    <p class='ocr_par' dir='ltr' id='par_1_31' title="bbox 1786 1653 3351 1717">
     <span class='ocr_line' id='line_1_31' title="bbox 1786 1653 3351 1717; baseline -0.002 -6"><span class='ocrx_word' id='word_1_231' title='bbox 1786 1663 1947 1712; x_wconf 89' lang='lat' dir='ltr'><strong>erunt</strong></span> <span class='ocrx_word' id='word_1_232' title='bbox 1992 1655 2138 1710; x_wconf 89' lang='lat' dir='ltr'><strong>nacti</strong></span> <span class='ocrx_word' id='word_1_233' title='bbox 2188 1653 2562 1717; x_wconf 90' lang='lat' dir='ltr'><strong>occasionem,</strong></span> <span class='ocrx_word' id='word_1_234' title='bbox 2611 1653 2895 1706; x_wconf 87' lang='lat' dir='ltr'><strong>mortalem</strong></span> <span class='ocrx_word' id='word_1_235' title='bbox 2942 1655 3215 1708; x_wconf 89' lang='lat' dir='ltr'><strong>hominem</strong></span> <span class='ocrx_word' id='word_1_236' title='bbox 3266 1655 3351 1708; x_wconf 87' lang='lat' dir='ltr'><strong>sui</strong></span> 
     </span>
    </p>
   </div>
   <div class='ocr_carea' id='block_1_32' title="bbox 1783 1744 3351 1816">
    <p class='ocr_par' dir='ltr' id='par_1_32' title="bbox 1783 1744 3351 1816">
     <span class='ocr_line' id='line_1_32' title="bbox 1783 1744 3351 1816; baseline -0.001 -13"><span class='ocrx_word' id='word_1_237' title='bbox 1783 1749 2014 1803; x_wconf 88' lang='lat' dir='ltr'><strong>ultorem</strong></span> <span class='ocrx_word' id='word_1_238' title='bbox 2045 1746 2160 1802; x_wconf 86' lang='lat' dir='ltr'><strong>fore</strong></span> <span class='ocrx_word' id='word_1_239' title='bbox 2195 1747 2487 1816; x_wconf 82' lang='lat' dir='ltr'><strong>rogabunt,</strong></span> <span class='ocrx_word' id='word_1_240' title='bbox 2522 1745 2781 1800; x_wconf 90' lang='lat' dir='ltr'><strong>adversus</strong></span> <span class='ocrx_word' id='word_1_241' title='bbox 2801 1744 2896 1800; x_wconf 91' lang='lat' dir='ltr'><strong>Dei</strong></span> <span class='ocrx_word' id='word_1_242' title='bbox 2929 1760 3116 1800; x_wconf 90' lang='lat' dir='ltr'><strong>servos</strong></span> <span class='ocrx_word' id='word_1_243' title='bbox 3153 1747 3351 1802; x_wconf 90' lang='lat' dir='ltr'><strong>animis</strong></span> 
     </span>
    </p>
   </div>
   <div class='ocr_carea' id='block_1_33' title="bbox 163 1833 1690 1908">
    <p class='ocr_par' dir='ltr' id='par_1_33' title="bbox 163 1835 1680 1908">
     <span class='ocr_line' id='line_1_33' title="bbox 163 1835 1680 1908; baseline 0.001 -20"><span class='ocrx_word' id='word_1_244' title='bbox 163 1837 250 1908; x_wconf 71' lang='grc' dir='ltr'>γὰρ</span> <span class='ocrx_word' id='word_1_245' title='bbox 292 1837 426 1906; x_wconf 87' lang='grc' dir='ltr'><strong>παρά</strong></span> <span class='ocrx_word' id='word_1_246' title='bbox 469 1835 754 1908; x_wconf 81' lang='grc' dir='ltr'>ἀνθρώπου</span> <span class='ocrx_word' id='word_1_247' title='bbox 786 1835 978 1908; x_wconf 78' lang='grc' dir='ltr'>θνητοῦ</span> <span class='ocrx_word' id='word_1_248' title='bbox 1023 1839 1202 1908; x_wconf 77' lang='grc' dir='ltr'>τυχεῖν</span> <span class='ocrx_word' id='word_1_249' title='bbox 1245 1836 1492 1907; x_wconf 79' lang='grc' dir='ltr'>εὕχονται</span> <span class='ocrx_word' id='word_1_250' title='bbox 1540 1836 1680 1890; x_wconf 87' lang='grc' dir='ltr'><strong>κατά</strong></span> 
     </span>
    </p>
   </div>
   <div class='ocr_carea' id='block_1_34' title="bbox 1794 1833 3352 1908">
    <p class='ocr_par' dir='ltr' id='par_1_34' title="bbox 1794 1833 3352 1902">
     <span class='ocr_line' id='line_1_34' title="bbox 1794 1833 3352 1902; baseline -0.002 -8"><span class='ocrx_word' id='word_1_251' title='bbox 1794 1839 2010 1895; x_wconf 81' lang='lat' dir='ltr'><strong>incitati.</strong></span> <span class='ocrx_word' id='word_1_252' title='bbox 2039 1837 2246 1902; x_wconf 85' lang='lat' dir='ltr'><strong>Quibus</strong></span> <span class='ocrx_word' id='word_1_253' title='bbox 2281 1837 2369 1892; x_wconf 90' lang='lat' dir='ltr'><strong>ille</strong></span> <span class='ocrx_word' id='word_1_254' title='bbox 2403 1833 2544 1892; x_wconf 89' lang='lat' dir='ltr'><strong>fastu</strong></span> <span class='ocrx_word' id='word_1_255' title='bbox 2575 1845 2814 1902; x_wconf 87' lang='lat' dir='ltr'><strong>tumens,</strong></span> <span class='ocrx_word' id='word_1_256' title='bbox 2841 1836 3053 1890; x_wconf 86' lang='lat' dir='ltr'><strong>libellos</strong></span> <span class='ocrx_word' id='word_1_257' title='bbox 3077 1837 3130 1890; x_wconf 91' lang='lat' dir='ltr'><strong>in</strong></span> <span class='ocrx_word' id='word_1_258' title='bbox 3162 1849 3352 1892; x_wconf 90' lang='lat' dir='ltr'><strong>omnes</strong></span> 
     </span>
    </p>
   </div>
   <div class='ocr_carea' id='block_1_35' title="bbox 163 1927 1682 2000">
    <p class='ocr_par' dir='ltr' id='par_1_35' title="bbox 163 1927 1682 2000">
     <span class='ocr_line' id='line_1_35' title="bbox 163 1927 1682 2000; baseline -0.001 -19"><span class='ocrx_word' id='word_1_259' title='bbox 163 1928 248 1981; x_wconf 85' lang='grc' dir='ltr'><strong>τῶν</strong></span> <span class='ocrx_word' id='word_1_260' title='bbox 286 1927 468 1981; x_wconf 84' lang='grc' dir='ltr'>δούλων</span> <span class='ocrx_word' id='word_1_261' title='bbox 507 1927 604 1982; x_wconf 88' lang='grc' dir='ltr'><strong>τοῦ</strong></span> <span class='ocrx_word' id='word_1_262' title='bbox 647 1927 780 1982; x_wconf 87' lang='grc' dir='ltr'>Θεοῦ</span> <span class='ocrx_word' id='word_1_263' title='bbox 832 1928 1186 2000; x_wconf 77' lang='grc' dir='ltr'>ἐγειρόμενοι.</span> <span class='ocrx_word' id='word_1_264' title='bbox 1241 1929 1337 1990; x_wconf 83' lang='grc' dir='ltr'>⁸ος</span> <span class='ocrx_word' id='word_1_265' title='bbox 1392 1927 1682 1997; x_wconf 72' lang='grc' dir='ltr'>φυσιωθεὶς</span> 
     </span>
    </p>
   </div>
   <div class='ocr_carea' id='block_1_36' title="bbox 164 2019 1684 2092">
    <p class='ocr_par' dir='ltr' id='par_1_36' title="bbox 164 2019 1684 2092">
     <span class='ocr_line' id='line_1_36' title="bbox 164 2019 1684 2092; baseline -0.001 -17"><span class='ocrx_word' id='word_1_266' title='bbox 164 2024 237 2076; x_wconf 79' lang='grc' dir='ltr'><strong>ὑπ’</strong></span> <span class='ocrx_word' id='word_1_267' title='bbox 278 2021 440 2075; x_wconf 81' lang='grc' dir='ltr'>αὐτῶν</span> <span class='ocrx_word' id='word_1_268' title='bbox 483 2022 592 2092; x_wconf 79' lang='grc'><strong>(18)</strong></span> <span class='ocrx_word' id='word_1_269' title='bbox 643 2023 865 2092; x_wconf 78' lang='grc' dir='ltr'>ἄρχεται</span> <span class='ocrx_word' id='word_1_270' title='bbox 908 2021 1121 2091; x_wconf 87' lang='grc' dir='ltr'>βίϐλους</span> <span class='ocrx_word' id='word_1_271' title='bbox 1168 2019 1309 2074; x_wconf 85' lang='grc' dir='ltr'><strong>κατά</strong></span> <span class='ocrx_word' id='word_1_272' title='bbox 1355 2020 1463 2073; x_wconf 83' lang='grc' dir='ltr'><strong>τῶν</strong></span> <span class='ocrx_word' id='word_1_273' title='bbox 1516 2021 1684 2088; x_wconf 88' lang='grc' dir='ltr'>ἀγίων</span> 
     </span>
    </p>
   </div>
   <div class='ocr_carea' id='block_1_37' title="bbox 163 2111 1685 2184">
    <p class='ocr_par' dir='ltr' id='par_1_37' title="bbox 163 2111 1685 2184">
     <span class='ocr_line' id='line_1_37' title="bbox 163 2111 1685 2184; baseline -0.001 -16"><span class='ocrx_word' id='word_1_274' title='bbox 163 2114 426 2184; x_wconf 77' lang='grc' dir='ltr'>ἐκπέμπειν</span> <span class='ocrx_word' id='word_1_275' title='bbox 467 2115 594 2177; x_wconf 73' lang='grc' dir='ltr'>τοὺς</span> <span class='ocrx_word' id='word_1_276' title='bbox 625 2113 828 2177; x_wconf 80' lang='grc' dir='ltr'>πάντας</span> <span class='ocrx_word' id='word_1_277' title='bbox 869 2111 1139 2184; x_wconf 84' lang='grc' dir='ltr'>πανταχοῦ</span> <span class='ocrx_word' id='word_1_278' title='bbox 1171 2111 1528 2183; x_wconf 85' lang='grc' dir='ltr'>ἀναιρεῖσθαι,</span> <span class='ocrx_word' id='word_1_279' title='bbox 1561 2113 1685 2176; x_wconf 76' lang='grc' dir='ltr'>τοὺς</span> 
     </span>
    </p>
   </div>
   <div class='ocr_carea' id='block_1_38' title="bbox 165 2202 1682 2275">
    <p class='ocr_par' dir='ltr' id='par_1_38' title="bbox 165 2202 1682 2275">
     <span class='ocr_line' id='line_1_38' title="bbox 165 2202 1682 2275; baseline -0.001 -18"><span class='ocrx_word' id='word_1_280' title='bbox 165 2205 224 2274; x_wconf 81' lang='grc' dir='ltr'>μὴ</span> <span class='ocrx_word' id='word_1_281' title='bbox 253 2204 479 2268; x_wconf 82' lang='grc' dir='ltr'>θέλοντας</span> <span class='ocrx_word' id='word_1_282' title='bbox 504 2205 666 2258; x_wconf 79' lang='grc' dir='ltr'>αὐτὸν</span> <span class='ocrx_word' id='word_1_283' title='bbox 701 2203 943 2269; x_wconf 77' lang='grc' dir='ltr'>σεϐἀζειν</span> <span class='ocrx_word' id='word_1_284' title='bbox 965 2205 1056 2256; x_wconf 75' lang='grc' dir='ltr'><strong>καὶ</strong></span> <span class='ocrx_word' id='word_1_285' title='bbox 1082 2206 1404 2275; x_wconf 87' lang='grc' dir='ltr'>προσκυνεῖν</span> <span class='ocrx_word' id='word_1_286' title='bbox 1426 2203 1500 2266; x_wconf 88' lang='grc' dir='ltr'>ὼς</span> <span class='ocrx_word' id='word_1_287' title='bbox 1531 2202 1682 2268; x_wconf 71' lang='grc' dir='ltr'>Θεὸν,</span> 
     </span>
    </p>
   </div>
   <div class='ocr_carea' id='block_1_39' title="bbox 160 2295 1683 2368">
    <p class='ocr_par' dir='ltr' id='par_1_39' title="bbox 160 2295 1683 2368">
     <span class='ocr_line' id='line_1_39' title="bbox 160 2295 1683 2368; baseline 0 -20"><span class='ocrx_word' id='word_1_288' title='bbox 160 2295 307 2358; x_wconf 77' lang='grc' dir='ltr'>καθώς</span> <span class='ocrx_word' id='word_1_289' title='bbox 337 2313 490 2367; x_wconf 73' lang='grc' dir='ltr'>φησιν</span> <span class='ocrx_word' id='word_1_290' title='bbox 527 2295 755 2360; x_wconf 68' lang='grc' dir='ltr'>Ἠσαίας</span> <span class='ocrx_word' id='word_1_291' title='bbox 775 2313 788 2328; x_wconf 75' lang='grc' dir='ltr'><strong>ο</strong></span> <span class='ocrx_word' id='word_1_292' title='bbox 823 2314 840 2347; x_wconf 74' lang='grc' dir='ltr'><strong>ι</strong></span> <span class='ocrx_word' id='word_1_293' title='bbox 871 2296 1006 2349; x_wconf 75' lang='grc' dir='ltr'>Οὐαὶ</span> <span class='ocrx_word' id='word_1_294' title='bbox 1035 2296 1138 2366; x_wconf 82' lang='grc' dir='ltr'>γῆς</span> <span class='ocrx_word' id='word_1_295' title='bbox 1171 2295 1369 2349; x_wconf 87' lang='grc' dir='ltr'>πλοίων</span> <span class='ocrx_word' id='word_1_296' title='bbox 1400 2295 1683 2368; x_wconf 81' lang='grc' dir='ltr'>πτέρυγες,</span> 
     </span>
    </p>
   </div>
   <div class='ocr_carea' id='block_1_40' title="bbox 160 2385 1688 2460">
    <p class='ocr_par' dir='ltr' id='par_1_40' title="bbox 160 2385 1688 2460">
     <span class='ocr_line' id='line_1_40' title="bbox 160 2385 1688 2460; baseline 0.001 -22"><span class='ocrx_word' id='word_1_297' title='bbox 160 2386 370 2440; x_wconf 77' lang='grc' dir='ltr'>ἐπέκεινα</span> <span class='ocrx_word' id='word_1_298' title='bbox 386 2404 516 2441; x_wconf 87' lang='grc' dir='ltr'>ποτα</span> <span class='ocrx_word' id='word_1_299' title='bbox 524 2387 642 2458; x_wconf 84' lang='grc' dir='ltr'>μῶν</span> <span class='ocrx_word' id='word_1_300' title='bbox 653 2385 952 2451; x_wconf 75' lang='grc' dir='ltr'>Αίθιοπίας’</span> <span class='ocrx_word' id='word_1_301' title='bbox 970 2388 998 2439; x_wconf 90' lang='grc' dir='ltr'><strong>ό</strong></span> <span class='ocrx_word' id='word_1_302' title='bbox 1015 2386 1354 2441; x_wconf 81' lang='grc' dir='ltr'>ἀποστέλλων</span> <span class='ocrx_word' id='word_1_303' title='bbox 1374 2388 1430 2440; x_wconf 83' lang='grc' dir='ltr'>ὲν</span> <span class='ocrx_word' id='word_1_304' title='bbox 1446 2387 1688 2460; x_wconf 79' lang='grc' dir='ltr'>θαλάσσῃ</span> 
     </span>
    </p>
   </div>
   <div class='ocr_carea' id='block_1_41' title="bbox 158 2478 1683 2550">
    <p class='ocr_par' dir='ltr' id='par_1_41' title="bbox 158 2478 1683 2550">
     <span class='ocr_line' id='line_1_41' title="bbox 158 2478 1683 2550; baseline 0 -20"><span class='ocrx_word' id='word_1_305' title='bbox 158 2479 326 2550; x_wconf 80' lang='grc' dir='ltr'>ὅμηρα,</span> <span class='ocrx_word' id='word_1_306' title='bbox 365 2480 454 2533; x_wconf 76' lang='grc' dir='ltr'>καὶ</span> <span class='ocrx_word' id='word_1_307' title='bbox 474 2478 762 2543; x_wconf 70' lang='grc' dir='ltr'>ἐπιστολάς</span> <span class='ocrx_word' id='word_1_308' title='bbox 797 2478 1038 2550; x_wconf 84' lang='grc' dir='ltr'>βιϐλίνας</span> <span class='ocrx_word' id='word_1_309' title='bbox 1076 2479 1284 2549; x_wconf 79' lang='grc' dir='ltr'>(ἐπάνω</span> <span class='ocrx_word' id='word_1_310' title='bbox 1325 2479 1416 2533; x_wconf 88' lang='grc' dir='ltr'><strong>τοῦ</strong></span> <span class='ocrx_word' id='word_1_311' title='bbox 1460 2478 1647 2542; x_wconf 79' lang='grc' dir='ltr'>ὓδατος</span> <span class='ocrx_word' id='word_1_312' title='bbox 1671 2496 1683 2507; x_wconf 92' lang='grc'><strong>·</strong></span> 
     </span>
    </p>
   </div>
   <div class='ocr_carea' id='block_1_42' title="bbox 161 2571 1688 2646">
    <p class='ocr_par' dir='ltr' id='par_1_42' title="bbox 161 2571 1688 2646">
     <span class='ocr_line' id='line_1_42' title="bbox 161 2571 1688 2646; baseline -0.008 -20"><span class='ocrx_word' id='word_1_313' title='bbox 161 2571 468 2644; x_wconf 75' lang='grc' dir='ltr'>πορεύσονται</span> <span class='ocrx_word' id='word_1_314' title='bbox 514 2572 627 2646; x_wconf 88' lang='grc' dir='ltr'><strong>γάρ</strong></span> <span class='ocrx_word' id='word_1_315' title='bbox 673 2573 888 2642; x_wconf 73' lang='grc' dir='ltr'>ἄγγελοι</span> <span class='ocrx_word' id='word_1_316' title='bbox 935 2572 1165 2642; x_wconf 82' lang='grc' dir='ltr'>κοῦφοι)</span> <span class='ocrx_word' id='word_1_317' title='bbox 1214 2574 1349 2645; x_wconf 74' lang='grc' dir='ltr'>πρὸς</span> <span class='ocrx_word' id='word_1_318' title='bbox 1394 2572 1544 2636; x_wconf 78' lang='grc' dir='ltr'>ἔθνος</span> <span class='ocrx_word' id='word_1_319' title='bbox 1592 2591 1688 2644; x_wconf 75' lang='grc' dir='ltr'>με-</span> 
     </span>
    </p>
   </div>
   <div class='ocr_carea' id='block_1_43' title="bbox 159 2659 1686 2737">
    <p class='ocr_par' dir='ltr' id='par_1_43' title="bbox 159 2659 1686 2737">
     <span class='ocr_line' id='line_1_43' title="bbox 159 2659 1686 2737; baseline 0.002 -21"><span class='ocrx_word' id='word_1_320' title='bbox 159 2664 324 2736; x_wconf 83' lang='grc' dir='ltr'>τέωρον</span> <span class='ocrx_word' id='word_1_321' title='bbox 349 2664 474 2736; x_wconf 84' lang='grc'><strong>(19),</strong></span> <span class='ocrx_word' id='word_1_322' title='bbox 502 2665 602 2719; x_wconf 70' lang='grc' dir='ltr'><strong>καὶ</strong></span> <span class='ocrx_word' id='word_1_323' title='bbox 633 2659 782 2728; x_wconf 78' lang='grc' dir='ltr'>ξένον</span> <span class='ocrx_word' id='word_1_324' title='bbox 804 2665 932 2718; x_wconf 86' lang='grc' dir='ltr'>λαὸν</span> <span class='ocrx_word' id='word_1_325' title='bbox 958 2665 1052 2718; x_wconf 72' lang='grc' dir='ltr'>καὶ</span> <span class='ocrx_word' id='word_1_326' title='bbox 1087 2663 1321 2737; x_wconf 81' lang='grc' dir='ltr'>χαλεπὸν</span> <span class='ocrx_word' id='word_1_327' title='bbox 1354 2667 1433 2728; x_wconf 87' lang='grc' dir='ltr'><strong>είς</strong></span> <span class='ocrx_word' id='word_1_328' title='bbox 1470 2665 1686 2728; x_wconf 77' lang='grc' dir='ltr'>αὐτοὺς,</span> 
     </span>
    </p>
   </div>
   <div class='ocr_carea' id='block_1_44' title="bbox 160 2756 1337 2828">
    <p class='ocr_par' dir='ltr' id='par_1_44' title="bbox 160 2756 1337 2828">
     <span class='ocr_line' id='line_1_44' title="bbox 160 2756 1337 2828; baseline 0.003 -20"><span class='ocrx_word' id='word_1_329' title='bbox 160 2756 280 2820; x_wconf 79' lang='grc' dir='ltr'>ἔθνος</span> <span class='ocrx_word' id='word_1_330' title='bbox 311 2757 623 2810; x_wconf 79' lang='grc' dir='ltr'>ἀνέλπιστον</span> <span class='ocrx_word' id='word_1_331' title='bbox 664 2757 760 2810; x_wconf 72' lang='grc' dir='ltr'>καὶ</span> <span class='ocrx_word' id='word_1_332' title='bbox 793 2757 1337 2828; x_wconf 81' lang='grc' dir='ltr'>καταπεπατημένον.</span> 
     </span>
    </p>
   </div>
   <div class='ocr_carea' id='block_1_45' title="bbox 223 2851 1690 2926">
    <p class='ocr_par' dir='ltr' id='par_1_45' title="bbox 223 2851 1690 2926">
     <span class='ocr_line' id='line_1_45' title="bbox 223 2851 1690 2926; baseline 0.001 -21"><span class='ocrx_word' id='word_1_333' title='bbox 223 2852 342 2906; x_wconf 80' lang='grc' dir='ltr'>Ἀλλ’</span> <span class='ocrx_word' id='word_1_334' title='bbox 382 2856 537 2926; x_wconf 87' lang='grc' dir='ltr'>ήμεῖς</span> <span class='ocrx_word' id='word_1_335' title='bbox 581 2854 774 2917; x_wconf 81' lang='grc' dir='ltr'>οἵτινες</span> <span class='ocrx_word' id='word_1_336' title='bbox 814 2853 1119 2917; x_wconf 74' lang='grc' dir='ltr'>ἐλπίζοντες</span> <span class='ocrx_word' id='word_1_337' title='bbox 1173 2855 1252 2915; x_wconf 82' lang='grc' dir='ltr'><strong>εἰς</strong></span> <span class='ocrx_word' id='word_1_338' title='bbox 1307 2851 1397 2906; x_wconf 80' lang='grc' dir='ltr'><strong>τὸν</strong></span> <span class='ocrx_word' id='word_1_339' title='bbox 1427 2853 1552 2906; x_wconf 80' lang='grc' dir='ltr'>Υἱδν</span> <span class='ocrx_word' id='word_1_340' title='bbox 1595 2851 1690 2907; x_wconf 86' lang='grc' dir='ltr'><strong>τοῦ</strong></span> 
     </span>
    </p>
   </div>
   <div class='ocr_carea' id='block_1_46' title="bbox 159 2941 1692 3016">
    <p class='ocr_par' dir='ltr' id='par_1_46' title="bbox 159 2941 1692 3016">
     <span class='ocr_line' id='line_1_46' title="bbox 159 2941 1692 3016; baseline -0.001 -20"><span class='ocrx_word' id='word_1_341' title='bbox 159 2945 298 3008; x_wconf 83' lang='grc' dir='ltr'>Θεοῦ,</span> <span class='ocrx_word' id='word_1_342' title='bbox 345 2943 649 3016; x_wconf 86' lang='grc' dir='ltr'>διωκόμεθα</span> <span class='ocrx_word' id='word_1_343' title='bbox 704 2943 1168 3013; x_wconf 82' lang='grc' dir='ltr'>καταπατούμενοι</span> <span class='ocrx_word' id='word_1_344' title='bbox 1223 2941 1312 2995; x_wconf 77' lang='grc' dir='ltr'><strong>ὑπ’</strong></span> <span class='ocrx_word' id='word_1_345' title='bbox 1356 2942 1535 2995; x_wconf 81' lang='grc' dir='ltr'>αὐτῶν</span> <span class='ocrx_word' id='word_1_346' title='bbox 1585 2943 1692 2996; x_wconf 85' lang='grc' dir='ltr'><strong>τῶν</strong></span> 
     </span>
    </p>
   </div>
   <div class='ocr_carea' id='block_1_47' title="bbox 156 3031 1688 3108">
    <p class='ocr_par' dir='ltr' id='par_1_47' title="bbox 156 3031 1688 3108">
     <span class='ocr_line' id='line_1_47' title="bbox 156 3031 1688 3108; baseline -0.003 -17"><span class='ocrx_word' id='word_1_347' title='bbox 156 3037 377 3091; x_wconf 84' lang='grc' dir='ltr'>ἀπίστων.</span> <span class='ocrx_word' id='word_1_348' title='bbox 415 3037 624 3091; x_wconf 89' lang='grc' dir='ltr'>Πλοίων</span> <span class='ocrx_word' id='word_1_349' title='bbox 655 3036 761 3108; x_wconf 83' lang='grc' dir='ltr'><strong>γὰρ</strong></span> <span class='ocrx_word' id='word_1_350' title='bbox 794 3035 1060 3107; x_wconf 73' lang='grc' dir='ltr'>πτέρυγες</span> <span class='ocrx_word' id='word_1_351' title='bbox 1091 3036 1226 3088; x_wconf 92' lang='grc' dir='ltr'>είσιν</span> <span class='ocrx_word' id='word_1_352' title='bbox 1250 3037 1305 3088; x_wconf 81' lang='lat' dir='ltr'><strong>at</strong></span> <span class='ocrx_word' id='word_1_353' title='bbox 1347 3031 1656 3105; x_wconf 85' lang='grc' dir='ltr'>Ἐκκλησίαι</span> <span class='ocrx_word' id='word_1_354' title='bbox 1675 3049 1688 3065; x_wconf 73' lang='grc'><strong>⁸</strong></span> 
     </span>
    </p>
   </div>
   <div class='ocr_carea' id='block_1_48' title="bbox 156 3120 1689 3199">
    <p class='ocr_par' dir='ltr' id='par_1_48' title="bbox 156 3120 1689 3199">
     <span class='ocr_line' id='line_1_48' title="bbox 156 3120 1689 3199; baseline -0.002 -16"><span class='ocrx_word' id='word_1_355' title='bbox 156 3129 359 3183; x_wconf 75' lang='grc' dir='ltr'>θάλασσα</span> <span class='ocrx_word' id='word_1_356' title='bbox 385 3130 438 3183; x_wconf 83' lang='grc' dir='ltr'><strong>δέ</strong></span> <span class='ocrx_word' id='word_1_357' title='bbox 477 3133 629 3183; x_wconf 77' lang='grc' dir='ltr'>ἐστιν</span> <span class='ocrx_word' id='word_1_358' title='bbox 657 3131 686 3182; x_wconf 87' lang='grc' dir='ltr'><strong>ό</strong></span> <span class='ocrx_word' id='word_1_359' title='bbox 733 3128 965 3199; x_wconf 84' lang='grc' dir='ltr'>κόσμος,</span> <span class='ocrx_word' id='word_1_360' title='bbox 1011 3129 1066 3180; x_wconf 85' lang='grc' dir='ltr'>ὲν</span> <span class='ocrx_word' id='word_1_361' title='bbox 1116 3120 1160 3194; x_wconf 76' lang='grc' dir='ltr'>ᾧ</span> <span class='ocrx_word' id='word_1_362' title='bbox 1189 3129 1222 3198; x_wconf 81' lang='grc' dir='ltr'>ὴ</span> <span class='ocrx_word' id='word_1_363' title='bbox 1256 3125 1572 3196; x_wconf 81' lang='grc' dir='ltr'>Ἐκκλησία,</span> <span class='ocrx_word' id='word_1_364' title='bbox 1615 3127 1689 3190; x_wconf 85' lang='grc' dir='ltr'>ὡς</span> 
     </span>
    </p>
   </div>
   <div class='ocr_carea' id='block_1_49' title="bbox 156 3215 1681 3291">
    <p class='ocr_par' dir='ltr' id='par_1_49' title="bbox 156 3215 1681 3291">
     <span class='ocr_line' id='line_1_49' title="bbox 156 3215 1681 3291; baseline -0.003 -19"><span class='ocrx_word' id='word_1_365' title='bbox 156 3220 262 3284; x_wconf 85' lang='grc' dir='ltr'>ναῦς</span> <span class='ocrx_word' id='word_1_366' title='bbox 283 3225 334 3274; x_wconf 73' lang='grc' dir='ltr'>ὲν</span> <span class='ocrx_word' id='word_1_367' title='bbox 361 3222 586 3290; x_wconf 85' lang='grc' dir='ltr'>πελάγει</span> <span class='ocrx_word' id='word_1_368' title='bbox 610 3220 925 3291; x_wconf 76' lang='grc' dir='ltr'>χειμάζεται</span> <span class='ocrx_word' id='word_1_369' title='bbox 959 3219 1075 3290; x_wconf 83' lang='grc' dir='ltr'>μὲν,</span> <span class='ocrx_word' id='word_1_370' title='bbox 1099 3217 1212 3271; x_wconf 79' lang='grc' dir='ltr'>ἀλλ’</span> <span class='ocrx_word' id='word_1_371' title='bbox 1233 3217 1331 3270; x_wconf 79' lang='grc' dir='ltr'><strong>οὐκ</strong></span> <span class='ocrx_word' id='word_1_372' title='bbox 1356 3215 1650 3270; x_wconf 84' lang='grc' dir='ltr'>ἀπόλλυται</span> <span class='ocrx_word' id='word_1_373' title='bbox 1666 3233 1681 3247; x_wconf 75' lang='grc' dir='ltr'><strong>ο</strong></span> 
     </span>
    </p>
   </div>
   <div class='ocr_carea' id='block_1_50' title="bbox 157 3308 1684 3386">
    <p class='ocr_par' dir='ltr' id='par_1_50' title="bbox 157 3308 1684 3386">
     <span class='ocr_line' id='line_1_50' title="bbox 157 3308 1684 3386; baseline -0.003 -21"><span class='ocrx_word' id='word_1_374' title='bbox 157 3312 247 3382; x_wconf 72' lang='grc' dir='ltr'>ἔχει</span> <span class='ocrx_word' id='word_1_375' title='bbox 291 3314 388 3386; x_wconf 87' lang='grc' dir='ltr'><strong>γάρ</strong></span> <span class='ocrx_word' id='word_1_376' title='bbox 448 3314 564 3385; x_wconf 80' lang='grc' dir='ltr'>μεθ’</span> <span class='ocrx_word' id='word_1_377' title='bbox 630 3313 825 3383; x_wconf 76' lang='grc' dir='ltr'>ἑαυτῆς</span> <span class='ocrx_word' id='word_1_378' title='bbox 878 3312 969 3366; x_wconf 76' lang='grc' dir='ltr'>τὸν</span> <span class='ocrx_word' id='word_1_379' title='bbox 1027 3311 1287 3381; x_wconf 79' lang='grc' dir='ltr'>ἔμπειρον</span> <span class='ocrx_word' id='word_1_380' title='bbox 1349 3308 1684 3381; x_wconf 85' lang='grc' dir='ltr'>κυϐερνήτην</span> 
     </span>
    </p>
   </div>
   <div class='ocr_carea' id='block_1_51' title="bbox 158 3398 1688 3476">
    <p class='ocr_par' dir='ltr' id='par_1_51' title="bbox 158 3398 1688 3476">
     <span class='ocr_line' id='line_1_51' title="bbox 158 3398 1688 3476; baseline -0.002 -23"><span class='ocrx_word' id='word_1_381' title='bbox 158 3403 382 3473; x_wconf 76' lang='grc' dir='ltr'>Χριστόν·</span> <span class='ocrx_word' id='word_1_382' title='bbox 416 3405 571 3476; x_wconf 77' lang='grc' dir='ltr'>φέρει</span> <span class='ocrx_word' id='word_1_383' title='bbox 600 3402 655 3456; x_wconf 83' lang='grc' dir='ltr'>δὲ</span> <span class='ocrx_word' id='word_1_384' title='bbox 680 3403 737 3456; x_wconf 81' lang='grc' dir='ltr'>ὲν</span> <span class='ocrx_word' id='word_1_385' title='bbox 771 3402 921 3473; x_wconf 84' lang='grc' dir='ltr'>μέσῳ</span> <span class='ocrx_word' id='word_1_386' title='bbox 953 3401 1129 3454; x_wconf 77' lang='grc' dir='ltr'>καὶτὸ</span> <span class='ocrx_word' id='word_1_387' title='bbox 1154 3399 1430 3470; x_wconf 87' lang='grc' dir='ltr'>τρόπαιον,</span> <span class='ocrx_word' id='word_1_388' title='bbox 1462 3398 1521 3452; x_wconf 79' lang='grc' dir='ltr'>τὸ</span> <span class='ocrx_word' id='word_1_389' title='bbox 1547 3398 1688 3451; x_wconf 88' lang='grc' dir='ltr'><strong>κατά</strong></span> 
     </span>
    </p>
   </div>
   <div class='ocr_carea' id='block_1_52' title="bbox 157 3489 1686 3565">
    <p class='ocr_par' dir='ltr' id='par_1_52' title="bbox 157 3489 1686 3565">
     <span class='ocr_line' id='line_1_52' title="bbox 157 3489 1686 3565; baseline -0.003 -19"><span class='ocrx_word' id='word_1_390' title='bbox 157 3495 232 3547; x_wconf 84' lang='grc' dir='ltr'><strong>τοῦ</strong></span> <span class='ocrx_word' id='word_1_391' title='bbox 260 3496 491 3558; x_wconf 83' lang='grc' dir='ltr'>θανάτου,</span> <span class='ocrx_word' id='word_1_392' title='bbox 513 3496 596 3559; x_wconf 84' lang='grc' dir='ltr'>ὡς</span> <span class='ocrx_word' id='word_1_393' title='bbox 626 3494 716 3548; x_wconf 74' lang='grc' dir='ltr'>τὸν</span> <span class='ocrx_word' id='word_1_394' title='bbox 748 3493 976 3565; x_wconf 80' lang='grc' dir='ltr'>σταυρὸν</span> <span class='ocrx_word' id='word_1_395' title='bbox 1002 3491 1093 3546; x_wconf 88' lang='grc' dir='ltr'><strong>τοῦ</strong></span> <span class='ocrx_word' id='word_1_396' title='bbox 1117 3491 1319 3564; x_wconf 85' lang='grc' dir='ltr'>Κυρίου</span> <span class='ocrx_word' id='word_1_397' title='bbox 1351 3489 1467 3561; x_wconf 78' lang='grc' dir='ltr'>μεθ’</span> <span class='ocrx_word' id='word_1_398' title='bbox 1489 3490 1686 3560; x_wconf 77' lang='grc' dir='ltr'>ἑαυτῆς</span> 
     </span>
    </p>
   </div>
   <div class='ocr_carea' id='block_1_53' title="bbox 161 3582 1685 3657">
    <p class='ocr_par' dir='ltr' id='par_1_53' title="bbox 161 3582 1685 3657">
     <span class='ocr_line' id='line_1_53' title="bbox 161 3582 1685 3657; baseline -0.003 -17"><span class='ocrx_word' id='word_1_399' title='bbox 161 3587 481 3656; x_wconf 73' lang='grc' dir='ltr'>βαστάζουσα.</span> <span class='ocrx_word' id='word_1_400' title='bbox 509 3589 672 3642; x_wconf 87' lang='grc' dir='ltr'>Ἔστι</span> <span class='ocrx_word' id='word_1_401' title='bbox 697 3585 816 3657; x_wconf 81' lang='grc' dir='ltr'>-γάρ</span> <span class='ocrx_word' id='word_1_402' title='bbox 865 3583 1036 3655; x_wconf 80' lang='grc' dir='ltr'>αὐτῆς</span> <span class='ocrx_word' id='word_1_403' title='bbox 1071 3585 1166 3654; x_wconf 82' lang='grc' dir='ltr'>μὲν</span> <span class='ocrx_word' id='word_1_404' title='bbox 1205 3582 1425 3655; x_wconf 77' lang='grc' dir='ltr'>πρώρα,</span> <span class='ocrx_word' id='word_1_405' title='bbox 1460 3585 1492 3654; x_wconf 84' lang='grc' dir='ltr'><strong>ή</strong></span> <span class='ocrx_word' id='word_1_406' title='bbox 1532 3583 1685 3636; x_wconf 80' lang='grc' dir='ltr'>Ἀνα-</span> 
     </span>
    </p>
   </div>
   <div class='ocr_carea' id='block_1_54' title="bbox 159 3673 1687 3750">
    <p class='ocr_par' dir='ltr' id='par_1_54' title="bbox 159 3673 1687 3750">
     <span class='ocr_line' id='line_1_54' title="bbox 159 3673 1687 3750; baseline -0.003 -20"><span class='ocrx_word' id='word_1_407' title='bbox 159 3678 286 3750; x_wconf 85' lang='grc' dir='ltr'>τολή·</span> <span class='ocrx_word' id='word_1_408' title='bbox 315 3679 530 3750; x_wconf 86' lang='grc' dir='ltr'>πρύμνα</span> <span class='ocrx_word' id='word_1_409' title='bbox 553 3677 637 3742; x_wconf 84' lang='grc' dir='ltr'><strong>δὲ,</strong></span> <span class='ocrx_word' id='word_1_410' title='bbox 667 3678 700 3748; x_wconf 82' lang='grc' dir='ltr'>ἡ</span> <span class='ocrx_word' id='word_1_411' title='bbox 725 3675 884 3740; x_wconf 87' lang='grc' dir='ltr'>Δύσις</span> <span class='ocrx_word' id='word_1_412' title='bbox 902 3692 916 3705; x_wconf 73' lang='grc'><strong>⁸</strong></span> <span class='ocrx_word' id='word_1_413' title='bbox 945 3675 1006 3728; x_wconf 86' lang='grc' dir='ltr'>τὸ</span> <span class='ocrx_word' id='word_1_414' title='bbox 1031 3674 1086 3728; x_wconf 83' lang='grc' dir='ltr'>δὲ</span> <span class='ocrx_word' id='word_1_415' title='bbox 1115 3674 1273 3738; x_wconf 90' lang='grc' dir='ltr'>κύτος</span> <span class='ocrx_word' id='word_1_416' title='bbox 1297 3673 1430 3744; x_wconf 65' lang='grc' dir='ltr'><strong>(ΞΟ),</strong></span> <span class='ocrx_word' id='word_1_417' title='bbox 1459 3675 1687 3742; x_wconf 84' lang='grc' dir='ltr'>Μεσημ-</span> 
     </span>
    </p>
   </div>
   <div class='ocr_carea' id='block_1_55' title="bbox 162 3767 1697 3842">
    <p class='ocr_par' dir='ltr' id='par_1_55' title="bbox 162 3767 1697 3842">
     <span class='ocr_line' id='line_1_55' title="bbox 162 3767 1697 3842; baseline -0.003 -20"><span class='ocrx_word' id='word_1_418' title='bbox 162 3771 290 3842; x_wconf 70' lang='grc' dir='ltr'>ϐρίαο</span> <span class='ocrx_word' id='word_1_419' title='bbox 318 3775 492 3836; x_wconf 77' lang='grc' dir='ltr'>οἴακες</span> <span class='ocrx_word' id='word_1_420' title='bbox 538 3772 622 3834; x_wconf 77' lang='grc' dir='ltr'>δὲ,</span> <span class='ocrx_word' id='word_1_421' title='bbox 658 3772 712 3825; x_wconf 89' lang='grc' dir='ltr'><strong>αί</strong></span> <span class='ocrx_word' id='word_1_422' title='bbox 758 3769 850 3823; x_wconf 90' lang='grc' dir='ltr'><strong>δύο</strong></span> <span class='ocrx_word' id='word_1_423' title='bbox 889 3769 1186 3840; x_wconf 67' lang='grc' dir='ltr'><strong>Διαθῆκαι⁹</strong></span> <span class='ocrx_word' id='word_1_424' title='bbox 1224 3768 1428 3840; x_wconf 90' lang='grc' dir='ltr'>σχοινία</span> <span class='ocrx_word' id='word_1_425' title='bbox 1458 3767 1514 3821; x_wconf 85' lang='grc' dir='ltr'>δὲ</span> <span class='ocrx_word' id='word_1_426' title='bbox 1543 3783 1697 3838; x_wconf 83' lang='grc' dir='ltr'>περι-</span> 
     </span>
    </p>
   </div>
   <div class='ocr_carea' id='block_1_56' title="bbox 159 3858 1693 3936">
    <p class='ocr_par' dir='ltr' id='par_1_56' title="bbox 159 3858 1693 3936">
     <span class='ocr_line' id='line_1_56' title="bbox 159 3858 1693 3936; baseline -0.003 -22"><span class='ocrx_word' id='word_1_427' title='bbox 159 3865 426 3934; x_wconf 83' lang='grc' dir='ltr'>τεταμένα,</span> <span class='ocrx_word' id='word_1_428' title='bbox 487 3865 522 3936; x_wconf 79' lang='grc' dir='ltr'><strong>ἡ</strong></span> <span class='ocrx_word' id='word_1_429' title='bbox 577 3863 771 3933; x_wconf 83' lang='grc' dir='ltr'>ἀγάπη</span> <span class='ocrx_word' id='word_1_430' title='bbox 819 3861 912 3915; x_wconf 90' lang='grc' dir='ltr'><strong>τοῦ</strong></span> <span class='ocrx_word' id='word_1_431' title='bbox 959 3858 1194 3933; x_wconf 86' lang='grc' dir='ltr'>Χριστοῦ</span> <span class='ocrx_word' id='word_1_432' title='bbox 1245 3859 1543 3930; x_wconf 75' lang='grc' dir='ltr'>σφίγγουσα</span> <span class='ocrx_word' id='word_1_433' title='bbox 1590 3858 1693 3928; x_wconf 79' lang='grc' dir='ltr'><strong>τὴν</strong></span> 
     </span>
    </p>
   </div>
   <div class='ocr_carea' id='block_1_57' title="bbox 160 3955 1686 4034">
    <p class='ocr_par' dir='ltr' id='par_1_57' title="bbox 160 3955 1686 4034">
     <span class='ocr_line' id='line_1_57' title="bbox 160 3955 1686 4034; baseline -0.002 -22"><span class='ocrx_word' id='word_1_434' title='bbox 160 3959 488 4034; x_wconf 69' lang='grc' dir='ltr'>,Ἐκκλησίανο</span> <span class='ocrx_word' id='word_1_435' title='bbox 547 3960 696 4014; x_wconf 82' lang='grc' dir='ltr'>λίνον</span> <span class='ocrx_word' id='word_1_436' title='bbox 735 3959 860 4028; x_wconf 70' lang='grc'><strong>(21)</strong></span> <span class='ocrx_word' id='word_1_437' title='bbox 906 3957 964 4010; x_wconf 81' lang='grc' dir='ltr'>δὲ</span> <span class='ocrx_word' id='word_1_438' title='bbox 1010 3958 1039 4010; x_wconf 80' lang='grc' dir='ltr'><strong>ὃ</strong></span> <span class='ocrx_word' id='word_1_439' title='bbox 1077 3957 1231 4028; x_wconf 76' lang='grc' dir='ltr'>φέρει</span> <span class='ocrx_word' id='word_1_440' title='bbox 1291 3955 1406 4027; x_wconf 83' lang='grc' dir='ltr'>μεθ’</span> <span class='ocrx_word' id='word_1_441' title='bbox 1454 3955 1686 4024; x_wconf 80' lang='grc' dir='ltr'>ἑαυτῆς,</span> 
     </span>
    </p>
   </div>
   <div class='ocr_carea' id='block_1_58' title="bbox 158 4043 1688 4120">
    <p class='ocr_par' dir='ltr' id='par_1_58' title="bbox 158 4043 1688 4120">
     <span class='ocr_line' id='line_1_58' title="bbox 158 4043 1688 4120; baseline -0.002 -21"><span class='ocrx_word' id='word_1_442' title='bbox 158 4046 206 4100; x_wconf 84' lang='grc' dir='ltr'>τὺ</span> <span class='ocrx_word' id='word_1_443' title='bbox 239 4049 442 4120; x_wconf 69' lang='grc' dir='ltr'>λουτρὸν</span> <span class='ocrx_word' id='word_1_444' title='bbox 477 4048 582 4120; x_wconf 78' lang='grc' dir='ltr'>τῆς</span> <span class='ocrx_word' id='word_1_445' title='bbox 618 4044 1034 4116; x_wconf 84' lang='grc' dir='ltr'>παλιγγενεσίας</span> <span class='ocrx_word' id='word_1_446' title='bbox 1071 4043 1399 4114; x_wconf 84' lang='grc' dir='ltr'>ἀνανεούσης</span> <span class='ocrx_word' id='word_1_447' title='bbox 1437 4043 1561 4107; x_wconf 79' lang='grc' dir='ltr'>τοὺς</span> <span class='ocrx_word' id='word_1_448' title='bbox 1597 4061 1688 4096; x_wconf 89' lang='grc' dir='ltr'>πι-</span> 
     </span>
    </p>
   </div>
   <div class='ocr_carea' id='block_1_59' title="bbox 224 4181 1510 4252">
    <p class='ocr_par' dir='ltr' id='par_1_59' title="bbox 224 4181 1510 4252">
     <span class='ocr_line' id='line_1_59' title="bbox 224 4181 1510 4252; baseline 0.012 -17"><span class='ocrx_word' id='word_1_449' title='bbox 224 4181 261 4213; x_wconf 77' lang='grc'><strong>⁷⁸</strong></span> <span class='ocrx_word' id='word_1_450' title='bbox 284 4183 428 4240; x_wconf 87' lang='lat' dir='ltr'><strong>Deut.</strong></span> <span class='ocrx_word' id='word_1_451' title='bbox 454 4204 644 4250; x_wconf 76' lang='lat' dir='ltr'><strong>xxxiv,</strong></span> <span class='ocrx_word' id='word_1_452' title='bbox 680 4188 769 4252; x_wconf 75' lang='grc'><strong>54,</strong></span> <span class='ocrx_word' id='word_1_453' title='bbox 811 4188 901 4244; x_wconf 80' lang='grc'><strong>⁸55.</strong></span> <span class='ocrx_word' id='word_1_454' title='bbox 980 4187 1025 4219; x_wconf 75' lang='grc' dir='ltr'><strong>τ’</strong></span> <span class='ocrx_word' id='word_1_455' title='bbox 1051 4185 1153 4242; x_wconf 89' lang='lat' dir='ltr'><strong>Isa.</strong></span> <span class='ocrx_word' id='word_1_456' title='bbox 1195 4201 1349 4250; x_wconf 72' lang='lat' dir='ltr'><strong>XVIII.</strong></span> <span class='ocrx_word' id='word_1_457' title='bbox 1379 4186 1431 4251; x_wconf 73' lang='grc'><strong>1.</strong></span> <span class='ocrx_word' id='word_1_458' title='bbox 1453 4184 1510 4240; x_wconf 64' lang='lat'><strong>2-</strong></span> 
     </span>
    </p>
   </div>
   <div class='ocr_carea' id='block_1_60' title="bbox 219 4304 1640 4397">
    <p class='ocr_par' dir='ltr' id='par_1_60' title="bbox 219 4304 1640 4397">
     <span class='ocr_line' id='line_1_60' title="bbox 219 4304 1640 4397; baseline -0.005 -33"><span class='ocrx_word' id='word_1_459' title='bbox 721 4307 1066 4397; x_wconf 45' lang='lat' dir='ltr'><strong>ad‘tods.}d.</strong></span> <span class='ocrx_word' id='word_1_460' title='bbox 1099 4305 1414 4397; x_wconf 62' lang='grc' dir='ltr'>παραϐάτας</span> <span class='ocrx_word' id='word_1_461' title='bbox 1447 4304 1640 4359; x_wconf 80' lang='grc' dir='ltr'>αὐτοῦ.</span> 
     </span>
    </p>
   </div>
   <div class='ocr_carea' id='block_1_61' title="bbox 219 4376 1420 4448">
    <p class='ocr_par' dir='ltr' id='par_1_61' title="bbox 219 4376 1420 4448">
     <span class='ocr_line' id='line_1_61' title="bbox 219 4376 1420 4448; baseline -0.002 -18"><span class='ocrx_word' id='word_1_462' title='bbox 219 4377 317 4444; x_wconf 86' lang='grc'><strong>(18)</strong></span> <span class='ocrx_word' id='word_1_463' title='bbox 365 4377 488 4431; x_wconf 78' lang='grc' dir='ltr'><strong>Ὑπ¹</strong></span> <span class='ocrx_word' id='word_1_464' title='bbox 517 4379 738 4448; x_wconf 71' lang='grc' dir='ltr'><strong>αὐτῶν.</strong></span> <span class='ocrx_word' id='word_1_465' title='bbox 769 4376 1036 4448; x_wconf 84' lang='lat' dir='ltr'><strong>Combef.,</strong></span> <span class='ocrx_word' id='word_1_466' title='bbox 1069 4376 1195 4448; x_wconf 76' lang='grc' dir='ltr'>παρ’</span> <span class='ocrx_word' id='word_1_467' title='bbox 1222 4376 1420 4429; x_wconf 82' lang='grc' dir='ltr'>αὐτῶν.</span> 
     </span>
    </p>
   </div>
   <div class='ocr_carea' id='block_1_62' title="bbox 220 4443 1765 4536">
    <p class='ocr_par' dir='ltr' id='par_1_62' title="bbox 220 4443 1765 4536">
     <span class='ocr_line' id='line_1_62' title="bbox 220 4443 1765 4536; baseline 0 0"><span class='ocrx_word' id='word_1_468' title='bbox 220 4443 316 4536; x_wconf 59' lang='lat'><strong>0,9,)</strong></span> <span class='ocrx_word' id='word_1_469' title='bbox 336 4449 518 4536; x_wconf 24' lang='grc' dir='ltr'><strong>Αηεὸηςί</strong></span> <span class='ocrx_word' id='word_1_470' title='bbox 531 4446 1053 4536; x_wconf 41' lang='lat' dir='ltr'><strong>assesasses.</strong></span> <span class='ocrx_word' id='word_1_471' title='bbox 1061 4443 1696 4536; x_wconf 55' lang='lat' dir='ltr'><strong>E9993!&#39;i2-&quot;132311i2:-</strong></span> <span class='ocrx_word' id='word_1_472' title='bbox 1720 4481 1765 4536; x_wconf 85' lang='grc' dir='ltr'><strong>ι)</strong></span> 
     </span>
    </p>
   </div>
   <div class='ocr_carea' id='block_1_63' title="bbox 165 4514 1688 4589">
    <p class='ocr_par' dir='ltr' id='par_1_63' title="bbox 165 4514 1688 4589">
     <span class='ocr_line' id='line_1_63' title="bbox 165 4514 1688 4589; baseline -0.005 -15"><span class='ocrx_word' id='word_1_473' title='bbox 165 4514 359 4589; x_wconf 81' lang='lat' dir='ltr'><strong>ronymo</strong></span> <span class='ocrx_word' id='word_1_474' title='bbox 385 4514 772 4583; x_wconf 77' lang='lat' dir='ltr'><strong>difficillimus,</strong></span> <span class='ocrx_word' id='word_1_475' title='bbox 813 4532 972 4589; x_wconf 81' lang='lat' dir='ltr'><strong>quem</strong></span> <span class='ocrx_word' id='word_1_476' title='bbox 1007 4516 1290 4589; x_wconf 76' lang='lat' dir='ltr'><strong>allegorice</strong></span> <span class='ocrx_word' id='word_1_477' title='bbox 1325 4517 1393 4589; x_wconf 83' lang='lat' dir='ltr'><strong>de</strong></span> <span class='ocrx_word' id='word_1_478' title='bbox 1419 4514 1688 4589; x_wconf 66' lang='lat' dir='ltr'><strong>haereticis</strong></span> 
     </span>
    </p>
   </div>
   <div class='ocr_carea' id='block_1_64' title="bbox 163 4583 1688 4661">
    <p class='ocr_par' dir='ltr' id='par_1_64' title="bbox 163 4583 1688 4661">
     <span class='ocr_line' id='line_1_64' title="bbox 163 4583 1688 4661; baseline -0.005 -17"><span class='ocrx_word' id='word_1_479' title='bbox 163 4583 373 4661; x_wconf 70' lang='lat' dir='ltr'><strong>exponit.</strong></span> <span class='ocrx_word' id='word_1_480' title='bbox 404 4589 716 4661; x_wconf 83' lang='grc' dir='ltr'>Μετέωρον,</span> <span class='ocrx_word' id='word_1_481' title='bbox 749 4583 893 4657; x_wconf 82' lang='lat' dir='ltr'><strong>quod</strong></span> <span class='ocrx_word' id='word_1_482' title='bbox 922 4604 940 4637; x_wconf 74' lang='grc' dir='ltr'><strong>ι</strong></span> <span class='ocrx_word' id='word_1_483' title='bbox 966 4583 1232 4661; x_wconf 68' lang='lat' dir='ltr'><strong>excelsam</strong></span> <span class='ocrx_word' id='word_1_484' title='bbox 1253 4584 1516 4661; x_wconf 68' lang='lat' dir='ltr'><strong>_»__reddit_,_</strong></span> <span class='ocrx_word' id='word_1_485' title='bbox 1531 4583 1688 4661; x_wconf 80' lang='lat' dir='ltr'><strong>quasi</strong></span> 
     </span>
    </p>
   </div>
   <div class='ocr_carea' id='block_1_65' title="bbox 163 4654 1690 4728">
    <p class='ocr_par' dir='ltr' id='par_1_65' title="bbox 163 4654 1690 4728">
     <span class='ocr_line' id='line_1_65' title="bbox 163 4654 1690 4728; baseline -0.003 -16"><span class='ocrx_word' id='word_1_486' title='bbox 163 4654 295 4714; x_wconf 72' lang='lat' dir='ltr'><strong>obvia</strong></span> <span class='ocrx_word' id='word_1_487' title='bbox 319 4654 806 4728; x_wconf 72' lang='lat' dir='ltr'><strong>sigtiificatione,et</strong></span> <span class='ocrx_word' id='word_1_488' title='bbox 831 4666 954 4726; x_wconf 86' lang='lat' dir='ltr'><strong>post</strong></span> <span class='ocrx_word' id='word_1_489' title='bbox 981 4672 1106 4728; x_wconf 88' lang='lat' dir='ltr'><strong>eum</strong></span> <span class='ocrx_word' id='word_1_490' title='bbox 1131 4654 1554 4728; x_wconf 71' lang='lat' dir='ltr'><strong>Nobilius,_mi_hi</strong></span> <span class='ocrx_word' id='word_1_491' title='bbox 1580 4669 1690 4728; x_wconf 87' lang='lat' dir='ltr'><strong>non</strong></span> 
     </span>
    </p>
   </div>
   <div class='ocr_carea' id='block_1_66' title="bbox 165 4722 1692 4798">
    <p class='ocr_par' dir='ltr' id='par_1_66' title="bbox 165 4722 1692 4798">
     <span class='ocr_line' id='line_1_66' title="bbox 165 4722 1692 4798; baseline -0.004 -14"><span class='ocrx_word' id='word_1_492' title='bbox 165 4722 414 4785; x_wconf 80' lang='lat' dir='ltr'><strong>satisfacii.</strong></span> <span class='ocrx_word' id='word_1_493' title='bbox 449 4729 683 4784; x_wconf 86' lang='lat' dir='ltr'><strong>Putandi</strong></span> <span class='ocrx_word' id='word_1_494' title='bbox 724 4722 1244 4798; x_wconf 9' lang='lat' dir='ltr'><strong>Sepiuag.rvoluisse</strong></span> <span class='ocrx_word' id='word_1_495' title='bbox 1274 4727 1382 4778; x_wconf 86' lang='lat' dir='ltr'><strong>vim</strong></span> <span class='ocrx_word' id='word_1_496' title='bbox 1411 4722 1692 4779; x_wconf 74' lang='lat' dir='ltr'><strong>llebraica:</strong></span> 
     </span>
    </p>
   </div>
   <div class='ocr_carea' id='block_1_67' title="bbox 166 4796 1686 4866">
    <p class='ocr_par' dir='ltr' id='par_1_67' title="bbox 166 4796 1686 4866">
     <span class='ocr_line' id='line_1_67' title="bbox 166 4796 1686 4866; baseline -0.005 -13"><span class='ocrx_word' id='word_1_497' title='bbox 166 4801 290 4855; x_wconf 77' lang='lat' dir='ltr'><strong>vocis</strong></span> <span class='ocrx_word' id='word_1_498' title='bbox 317 4800 560 4862; x_wconf 89' lang='lat' dir='ltr'><strong>reddere,</strong></span> <span class='ocrx_word' id='word_1_499' title='bbox 591 4815 711 4866; x_wconf 76' lang='lat' dir='ltr'><strong>qua-</strong></span> <span class='ocrx_word' id='word_1_500' title='bbox 742 4800 888 4851; x_wconf 86' lang='lat' dir='ltr'><strong>velut</strong></span> <span class='ocrx_word' id='word_1_501' title='bbox 914 4796 1266 4851; x_wconf 66' lang='lat' dir='ltr'><strong>{distractum</strong></span> <span class='ocrx_word' id='word_1_502' title='bbox 1295 4802 1647 4866; x_wconf 80' lang='lat' dir='ltr'><strong>tractumque</strong></span> <span class='ocrx_word' id='word_1_503' title='bbox 1667 4813 1686 4845; x_wconf 74' lang='grc' dir='ltr'><strong>ι</strong></span> 
     </span>
    </p>
   </div>
   <div class='ocr_carea' id='block_1_68' title="bbox 165 4863 1690 4940">
    <p class='ocr_par' dir='ltr' id='par_1_68' title="bbox 165 4863 1690 4940">
     <span class='ocr_line' id='line_1_68' title="bbox 165 4863 1690 4940; baseline -0.005 -15"><span class='ocrx_word' id='word_1_504' title='bbox 165 4878 320 4932; x_wconf 85' lang='lat' dir='ltr'><strong>sonat,</strong></span> <span class='ocrx_word' id='word_1_505' title='bbox 361 4871 524 4940; x_wconf 85' lang='lat' dir='ltr'><strong>hujus</strong></span> <span class='ocrx_word' id='word_1_506' title='bbox 553 4863 922 4940; x_wconf 73' lang='lat' dir='ltr'><strong>amplitudinis</strong></span> <span class='ocrx_word' id='word_1_507' title='bbox 950 4881 1107 4940; x_wconf 71' lang='lat' dir='ltr'><strong>voce,</strong></span> <span class='ocrx_word' id='word_1_508' title='bbox 1134 4881 1200 4940; x_wconf 85' lang='lat' dir='ltr'><strong>ac</strong></span> <span class='ocrx_word' id='word_1_509' title='bbox 1241 4880 1347 4936; x_wconf 90' lang='lat' dir='ltr'><strong>qua</strong></span> <span class='ocrx_word' id='word_1_510' title='bbox 1381 4863 1517 4919; x_wconf 87' lang='lat' dir='ltr'><strong>forte</strong></span> <span class='ocrx_word' id='word_1_511' title='bbox 1544 4863 1690 4918; x_wconf 89' lang='lat' dir='ltr'><strong>nulla</strong></span> 
     </span>
    </p>
   </div>
   <div class='ocr_carea' id='block_1_69' title="bbox 164 4936 1690 5007">
    <p class='ocr_par' dir='ltr' id='par_1_69' title="bbox 164 4936 1690 5007">
     <span class='ocr_line' id='line_1_69' title="bbox 164 4936 1690 5007; baseline -0.005 -13"><span class='ocrx_word' id='word_1_512' title='bbox 164 4936 472 4994; x_wconf 77' lang='lat' dir='ltr'><strong>commodior</strong></span> <span class='ocrx_word' id='word_1_513' title='bbox 498 4936 747 4994; x_wconf 79' lang='lat' dir='ltr'><strong>exsistat.</strong></span> <span class='ocrx_word' id='word_1_514' title='bbox 763 4938 844 4992; x_wconf 88' lang='lat' dir='ltr'><strong>Sit</strong></span> <span class='ocrx_word' id='word_1_515' title='bbox 866 4953 1016 5007; x_wconf 83' lang='lat' dir='ltr'><strong>ergo,</strong></span> <span class='ocrx_word' id='word_1_516' title='bbox 1039 4954 1058 4986; x_wconf 76' lang='grc' dir='ltr'><strong>ι</strong></span> <span class='ocrx_word' id='word_1_517' title='bbox 1083 4936 1165 4989; x_wconf 77' lang='lat' dir='ltr'><strong>Ad</strong></span> <span class='ocrx_word' id='word_1_518' title='bbox 1191 4944 1402 5006; x_wconf 85' lang='lat' dir='ltr'><strong>gentem</strong></span> <span class='ocrx_word' id='word_1_519' title='bbox 1431 4944 1690 5007; x_wconf 76' lang='lat' dir='ltr'><strong>erectam,</strong></span> 
     </span>
    </p>
   </div>
   <div class='ocr_carea' id='block_1_70' title="bbox 164 5003 1693 5080">
    <p class='ocr_par' dir='ltr' id='par_1_70' title="bbox 164 5003 1693 5080">
     <span class='ocr_line' id='line_1_70' title="bbox 164 5003 1693 5080; baseline -0.004 -18"><span class='ocrx_word' id='word_1_520' title='bbox 164 5011 388 5080; x_wconf 84' lang='lat' dir='ltr'><strong>suspensi</strong></span> <span class='ocrx_word' id='word_1_521' title='bbox 440 5010 645 5080; x_wconf 85' lang='lat' dir='ltr'><strong>animi,</strong></span> <span class='ocrx_word' id='word_1_522' title='bbox 688 5009 912 5064; x_wconf 83' lang='lat' dir='ltr'><strong>consilia</strong></span> <span class='ocrx_word' id='word_1_523' title='bbox 934 5003 1290 5074; x_wconf 56' lang='lat' dir='ltr'><strong>&#39;molientém,</strong></span> <span class='ocrx_word' id='word_1_524' title='bbox 1320 5024 1339 5058; x_wconf 72' lang='grc' dir='ltr'><strong>ι</strong></span> <span class='ocrx_word' id='word_1_525' title='bbox 1383 5020 1448 5060; x_wconf 87' lang='lat' dir='ltr'><strong>ac</strong></span> <span class='ocrx_word' id='word_1_526' title='bbox 1486 5005 1531 5060; x_wconf 90' lang='lat' dir='ltr'><strong>si</strong></span> <span class='ocrx_word' id='word_1_527' title='bbox 1561 5003 1693 5074; x_wconf 88' lang='lat' dir='ltr'><strong>quid</strong></span> 
     </span>
    </p>
   </div>
   <div class='ocr_carea' id='block_1_71' title="bbox 165 5079 882 5148">
    <p class='ocr_par' dir='ltr' id='par_1_71' title="bbox 165 5079 882 5148">
     <span class='ocr_line' id='line_1_71' title="bbox 165 5079 882 5148; baseline 0.001 -16"><span class='ocrx_word' id='word_1_528' title='bbox 165 5079 402 5148; x_wconf 85' lang='lat' dir='ltr'><strong>ejusmodi</strong></span> <span class='ocrx_word' id='word_1_529' title='bbox 423 5090 527 5134; x_wconf 89' lang='lat' dir='ltr'><strong>est.</strong></span> <span class='ocrx_word' id='word_1_530' title='bbox 560 5079 797 5134; x_wconf 68' lang='lat' dir='ltr'><strong>Couser.</strong></span> 
     </span>
    </p>
   </div>
   <div class='ocr_carea' id='block_1_72' title="bbox 223 5146 1696 5220">
    <p class='ocr_par' dir='ltr' id='par_1_72' title="bbox 223 5146 1696 5220">
     <span class='ocr_line' id='line_1_72' title="bbox 223 5146 1696 5220; baseline -0.005 -18"><span class='ocrx_word' id='word_1_531' title='bbox 223 5150 322 5220; x_wconf 70' lang='lat'><strong>(20)</strong></span> <span class='ocrx_word' id='word_1_532' title='bbox 364 5151 431 5204; x_wconf 86' lang='grc' dir='ltr'><strong>Τὸ</strong></span> <span class='ocrx_word' id='word_1_533' title='bbox 479 5149 549 5202; x_wconf 84' lang='grc' dir='ltr'>δὲ</span> <span class='ocrx_word' id='word_1_534' title='bbox 594 5151 791 5220; x_wconf 72' lang='grc' dir='ltr'>κύτος.</span> <span class='ocrx_word' id='word_1_535' title='bbox 845 5146 940 5220; x_wconf 87' lang='lat' dir='ltr'><strong>S_ic_</strong></span> <span class='ocrx_word' id='word_1_536' title='bbox 973 5146 1290 5211; x_wconf 81' lang='lat' dir='ltr'><strong>emendavi,</strong></span> <span class='ocrx_word' id='word_1_537' title='bbox 1332 5157 1696 5220; x_wconf 67' lang='lat' dir='ltr'><strong>cumreer-</strong></span> 
     </span>
    </p>
   </div>
   <div class='ocr_carea' id='block_1_73' title="bbox 165 5213 1694 5287">
    <p class='ocr_par' dir='ltr' id='par_1_73' title="bbox 165 5213 1694 5287">
     <span class='ocr_line' id='line_1_73' title="bbox 165 5213 1694 5287; baseline -0.006 -14"><span class='ocrx_word' id='word_1_538' title='bbox 165 5213 367 5274; x_wconf 77' lang='lat' dir='ltr'><strong>sentarit</strong></span> <span class='ocrx_word' id='word_1_539' title='bbox 394 5220 625 5283; x_wconf 87' lang='lat' dir='ltr'><strong>Gudius,</strong></span> <span class='ocrx_word' id='word_1_540' title='bbox 648 5219 709 5272; x_wconf 85' lang='grc' dir='ltr'><strong>τὸ</strong></span> <span class='ocrx_word' id='word_1_541' title='bbox 737 5213 795 5272; x_wconf 84' lang='grc' dir='ltr'><strong>δὲ</strong></span> <span class='ocrx_word' id='word_1_542' title='bbox 824 5217 1017 5271; x_wconf 84' lang='grc' dir='ltr'>κύκλον</span> <span class='ocrx_word' id='word_1_543' title='bbox 1036 5234 1048 5246; x_wconf 86' lang='grc'>·</span> <span class='ocrx_word' id='word_1_544' title='bbox 1075 5230 1374 5287; x_wconf 87' lang='lat' dir='ltr'><strong>parumque</strong></span> <span class='ocrx_word' id='word_1_545' title='bbox 1403 5213 1540 5287; x_wconf 52' lang='lat' dir='ltr'><strong>felici</strong></span> <span class='ocrx_word' id='word_1_546' title='bbox 1563 5227 1694 5287; x_wconf 79' lang='lat' dir='ltr'><strong>con-</strong></span> 
     </span>
    </p>
   </div>
   <div class='ocr_carea' id='block_1_74' title="bbox 163 5282 1696 5356">
    <p class='ocr_par' dir='ltr' id='par_1_74' title="bbox 163 5282 1696 5356">
     <span class='ocr_line' id='line_1_74' title="bbox 163 5282 1696 5356; baseline -0.006 -14"><span class='ocrx_word' id='word_1_547' title='bbox 163 5288 382 5356; x_wconf 87' lang='lat' dir='ltr'><strong>jectura,</strong></span> <span class='ocrx_word' id='word_1_548' title='bbox 431 5282 617 5344; x_wconf 84' lang='grc' dir='ltr'>κοῖλον</span> <span class='ocrx_word' id='word_1_549' title='bbox 653 5289 1047 5344; x_wconf 87' lang='lat' dir='ltr'><strong>emendandum</strong></span> <span class='ocrx_word' id='word_1_550' title='bbox 1075 5282 1390 5356; x_wconf 55' lang='lat' dir='ltr'><strong>putaverit.</strong></span> <span class='ocrx_word' id='word_1_551' title='bbox 1418 5283 1531 5356; x_wconf 76' lang='lat' dir='ltr'><strong>Est</strong></span> <span class='ocrx_word' id='word_1_552' title='bbox 1582 5282 1696 5334; x_wconf 68' lang='lat' dir='ltr'><strong>hare</strong></span> 
     </span>
    </p>
   </div>
   <div class='ocr_carea' id='block_1_75' title="bbox 166 5354 1698 5429">
    <p class='ocr_par' dir='ltr' id='par_1_75' title="bbox 166 5354 1698 5429">
     <span class='ocr_line' id='line_1_75' title="bbox 166 5354 1698 5429; baseline -0.005 -17"><span class='ocrx_word' id='word_1_553' title='bbox 166 5354 299 5413; x_wconf 81' lang='lat' dir='ltr'><strong>navis</strong></span> <span class='ocrx_word' id='word_1_554' title='bbox 345 5361 670 5429; x_wconf 83' lang='lat' dir='ltr'><strong>descriptio,</strong></span> <span class='ocrx_word' id='word_1_555' title='bbox 728 5360 841 5428; x_wconf 91' lang='lat' dir='ltr'><strong>ipsa</strong></span> <span class='ocrx_word' id='word_1_556' title='bbox 871 5354 1539 5429; x_wconf 20' lang='lat' dir='ltr'><strong>Aaccurat&#39;a,cui‘proinde</strong></span> <span class='ocrx_word' id='word_1_557' title='bbox 1578 5359 1698 5429; x_wconf 88' lang='lat' dir='ltr'><strong>post</strong></span> 
     </span>
    </p>
   </div>
   <div class='ocr_carea' id='block_1_76' title="bbox 165 5424 1697 5500">
    <p class='ocr_par' dir='ltr' id='par_1_76' title="bbox 165 5424 1697 5500">
     <span class='ocr_line' id='line_1_76' title="bbox 165 5424 1697 5500; baseline -0.014 -6"><span class='ocrx_word' id='word_1_558' title='bbox 165 5443 356 5500; x_wconf 72' lang='lat' dir='ltr'><strong>Droram</strong></span> <span class='ocrx_word' id='word_1_559' title='bbox 377 5439 432 5484; x_wconf 88' lang='lat' dir='ltr'><strong>et</strong></span> <span class='ocrx_word' id='word_1_560' title='bbox 462 5424 713 5500; x_wconf 79' lang='lat' dir='ltr'><strong>puppim,</strong></span> <span class='ocrx_word' id='word_1_561' title='bbox 735 5424 796 5482; x_wconf 78' lang='grc' dir='ltr'><strong>τὸ</strong></span> <span class='ocrx_word' id='word_1_562' title='bbox 819 5425 980 5492; x_wconf 86' lang='grc' dir='ltr'>κύτος</span> <span class='ocrx_word' id='word_1_563' title='bbox 1005 5424 1392 5500; x_wconf 80' lang='lat' dir='ltr'><strong>assignandum</strong></span> <span class='ocrx_word' id='word_1_564' title='bbox 1424 5434 1559 5486; x_wconf 87' lang='lat' dir='ltr'><strong>erat,</strong></span> <span class='ocrx_word' id='word_1_565' title='bbox 1584 5427 1697 5500; x_wconf 69' lang='lat' dir='ltr'><strong>tota</strong></span> 
     </span>
    </p>
   </div>
   <div class='ocr_carea' id='block_1_77' title="bbox 163 5492 1697 5570">
    <p class='ocr_par' dir='ltr' id='par_1_77' title="bbox 163 5492 1697 5570">
     <span class='ocr_line' id='line_1_77' title="bbox 163 5492 1697 5570; baseline -0.004 -21"><span class='ocrx_word' id='word_1_566' title='bbox 163 5492 322 5570; x_wconf 78' lang='lat' dir='ltr'><strong>media</strong></span> <span class='ocrx_word' id='word_1_567' title='bbox 348 5492 622 5570; x_wconf 73' lang='lat' dir='ltr'><strong>capaciias</strong></span> <span class='ocrx_word' id='word_1_568' title='bbox 653 5499 752 5570; x_wconf 74' lang='lat' dir='ltr'><strong>his</strong></span> <span class='ocrx_word' id='word_1_569' title='bbox 796 5500 1089 5567; x_wconf 90' lang='lat' dir='ltr'><strong>intercepta</strong></span> <span class='ocrx_word' id='word_1_570' title='bbox 1118 5492 1187 5570; x_wconf 35' lang='lat' dir='ltr'><strong>fet</strong></span> <span class='ocrx_word' id='word_1_571' title='bbox 1228 5492 1697 5570; x_wconf 80' lang='lat' dir='ltr'><strong>laterum_ampli-</strong></span> 
     </span>
    </p>
   </div>
   <div class='ocr_carea' id='block_1_78' title="bbox 168 5561 1700 5656">
    <p class='ocr_par' dir='ltr' id='par_1_78' title="bbox 168 5561 1700 5656">
     <span class='ocr_line' id='line_1_78' title="bbox 168 5561 1700 5656; baseline -0.01 -28"><span class='ocrx_word' id='word_1_572' title='bbox 168 5568 300 5648; x_wconf 53' lang='lat' dir='ltr'><strong>ludo,</strong></span> <span class='ocrx_word' id='word_1_573' title='bbox 326 5561 494 5656; x_wconf 70' lang='lat' dir='ltr'><strong>quam</strong></span> <span class='ocrx_word' id='word_1_574' title='bbox 528 5571 604 5625; x_wconf 90' lang='lat' dir='ltr'><strong>sic</strong></span> <span class='ocrx_word' id='word_1_575' title='bbox 621 5568 809 5656; x_wconf 46' lang='lat' dir='ltr'><strong>&#39;Graee‘i</strong></span> <span class='ocrx_word' id='word_1_576' title='bbox 845 5561 1075 5656; x_wconf 59' lang='lat' dir='ltr'><strong>vocant:_</strong></span> <span class='ocrx_word' id='word_1_577' title='bbox 1101 5566 1324 5648; x_wconf 43' lang='lat' dir='ltr'><strong>Athenz,</strong></span> <span class='ocrx_word' id='word_1_578' title='bbox 1360 5562 1500 5656; x_wconf 64' lang='grc' dir='ltr'>κατά</span> <span class='ocrx_word' id='word_1_579' title='bbox 1539 5561 1700 5656; x_wconf 60' lang='grc' dir='ltr'>μέσον</span> 
     </span>
    </p>
   </div>
   <div class='ocr_carea' id='block_1_79' title="bbox 166 5637 1699 5713">
    <p class='ocr_par' dir='ltr' id='par_1_79' title="bbox 166 5637 1699 5713">
     <span class='ocr_line' id='line_1_79' title="bbox 166 5637 1699 5713; baseline -0.012 -10"><span class='ocrx_word' id='word_1_580' title='bbox 166 5637 248 5707; x_wconf 72' lang='grc' dir='ltr'><strong>τῆς</strong></span> <span class='ocrx_word' id='word_1_581' title='bbox 274 5637 404 5713; x_wconf 78' lang='grc' dir='ltr'>νεὼς</span> <span class='ocrx_word' id='word_1_582' title='bbox 429 5639 589 5713; x_wconf 80' lang='grc' dir='ltr'>κύτος</span> <span class='ocrx_word' id='word_1_583' title='bbox 617 5641 674 5692; x_wconf 73' lang='grc' dir='ltr'>ἐν</span> <span class='ocrx_word' id='word_1_584' title='bbox 700 5640 872 5713; x_wconf 74' lang='grc' dir='ltr'>κοίλῃ,</span> <span class='ocrx_word' id='word_1_585' title='bbox 895 5656 914 5691; x_wconf 71' lang='grc' dir='ltr'><strong>ι</strong></span> <span class='ocrx_word' id='word_1_586' title='bbox 940 5637 1343 5713; x_wconf 67' lang='lat' dir='ltr'><strong>medius_navis</strong></span> <span class='ocrx_word' id='word_1_587' title='bbox 1367 5641 1587 5713; x_wconf 39' lang='lat' dir='ltr'><strong>ventcrh</strong></span> <span class='ocrx_word' id='word_1_588' title='bbox 1604 5646 1699 5686; x_wconf 87' lang='lat' dir='ltr'><strong>seu</strong></span> 
     </span>
    </p>
   </div>
   <div class='ocr_carea' id='block_1_80' title="bbox 170 5701 1697 5781">
    <p class='ocr_par' dir='ltr' id='par_1_80' title="bbox 170 5701 1697 5781">
     <span class='ocr_line' id='line_1_80' title="bbox 170 5701 1697 5781; baseline -0.003 -24"><span class='ocrx_word' id='word_1_589' title='bbox 170 5701 488 5781; x_wconf 80' lang='lat' dir='ltr'><strong>ventricosus</strong></span> <span class='ocrx_word' id='word_1_590' title='bbox 527 5701 726 5781; x_wconf 78' lang='lat' dir='ltr'><strong>alveus.</strong></span> <span class='ocrx_word' id='word_1_591' title='bbox 748 5729 767 5762; x_wconf 71' lang='grc' dir='ltr'><strong>ι</strong></span> <span class='ocrx_word' id='word_1_592' title='bbox 802 5701 912 5781; x_wconf 68' lang='lat' dir='ltr'><strong>Nec</strong></span> <span class='ocrx_word' id='word_1_593' title='bbox 943 5709 1098 5781; x_wconf 69' lang='lat' dir='ltr'><strong>aliter</strong></span> <span class='ocrx_word' id='word_1_594' title='bbox 1150 5704 1499 5781; x_wconf 23' lang='lat' dir='ltr'><strong>J‘ul._Po_|l_ux</strong></span> <span class='ocrx_word' id='word_1_595' title='bbox 1534 5701 1697 5781; x_wconf 82' lang='lat' dir='ltr'><strong>lib._i,</strong></span> 
     </span>
    </p>
   </div>
   <div class='ocr_carea' id='block_1_81' title="bbox 168 5774 1700 5850">
    <p class='ocr_par' dir='ltr' id='par_1_81' title="bbox 168 5774 1700 5850">
     <span class='ocr_line' id='line_1_81' title="bbox 168 5774 1700 5850; baseline 0.001 -20"><span class='ocrx_word' id='word_1_596' title='bbox 168 5790 274 5848; x_wconf 85' lang='lat' dir='ltr'><strong>cap.</strong></span> <span class='ocrx_word' id='word_1_597' title='bbox 299 5779 359 5849; x_wconf 70' lang='grc'>4,</span> <span class='ocrx_word' id='word_1_598' title='bbox 391 5781 532 5848; x_wconf 73' lang='grc' dir='ltr'>Περὶ</span> <span class='ocrx_word' id='word_1_599' title='bbox 553 5779 750 5850; x_wconf 78' lang='grc' dir='ltr'>μερῶν</span> <span class='ocrx_word' id='word_1_600' title='bbox 771 5777 939 5842; x_wconf 78' lang='grc' dir='ltr'>νεώςο</span> <span class='ocrx_word' id='word_1_601' title='bbox 983 5777 1093 5833; x_wconf 64' lang='lat' dir='ltr'><strong>Kef:</strong></span> <span class='ocrx_word' id='word_1_602' title='bbox 1139 5777 1200 5831; x_wconf 79' lang='grc' dir='ltr'>τὸ</span> <span class='ocrx_word' id='word_1_603' title='bbox 1238 5777 1335 5848; x_wconf 82' lang='grc' dir='ltr'><strong>μὲν</strong></span> <span class='ocrx_word' id='word_1_604' title='bbox 1379 5774 1572 5843; x_wconf 75' lang='grc' dir='ltr'>ἔδαφος</span> <span class='ocrx_word' id='word_1_605' title='bbox 1602 5774 1700 5838; x_wconf 77' lang='grc' dir='ltr'><strong>τῆς</strong></span> 
     </span>
    </p>
   </div>
   <div class='ocr_carea' id='block_1_82' title="bbox 468 5877 1000 5971">
    <p class='ocr_par' dir='ltr' id='par_1_82' title="bbox 468 5877 1000 5971">
     <span class='ocr_line' id='line_1_82' title="bbox 468 5877 1000 5971; baseline 0.004 -33"><span class='ocrx_word' id='word_1_606' title='bbox 468 5878 736 5971; x_wconf 69' lang='grc' dir='ltr'>ΡΑτιιοι..</span> <span class='ocrx_word' id='word_1_607' title='bbox 765 5877 881 5939; x_wconf 81' lang='lat' dir='ltr'><strong>Gn.</strong></span> <span class='ocrx_word' id='word_1_608' title='bbox 920 5877 1000 5940; x_wconf 87' lang='grc' dir='ltr'><strong>Χ.</strong></span> 
     </span>
    </p>
   </div>
   <div class='ocr_carea' id='block_1_83' title="bbox 1783 1927 3353 2001">
    <p class='ocr_par' dir='ltr' id='par_1_83' title="bbox 1783 1927 3353 2001">
     <span class='ocr_line' id='line_1_83' title="bbox 1783 1927 3353 2001; baseline -0.002 -15"><span class='ocrx_word' id='word_1_609' title='bbox 1783 1941 1965 2001; x_wconf 86' lang='lat' dir='ltr'><strong>partes</strong></span> <span class='ocrx_word' id='word_1_610' title='bbox 2007 1932 2269 1986; x_wconf 87' lang='lat' dir='ltr'><strong>adversus</strong></span> <span class='ocrx_word' id='word_1_611' title='bbox 2310 1937 2527 1983; x_wconf 86' lang='lat' dir='ltr'><strong>sanctos</strong></span> <span class='ocrx_word' id='word_1_612' title='bbox 2567 1927 2840 1983; x_wconf 90' lang='lat' dir='ltr'><strong>destinare</strong></span> <span class='ocrx_word' id='word_1_613' title='bbox 2889 1927 3128 1998; x_wconf 86' lang='lat' dir='ltr'><strong>incipiet,</strong></span> <span class='ocrx_word' id='word_1_614' title='bbox 3166 1937 3225 1983; x_wconf 90' lang='lat' dir='ltr'><strong>ut</strong></span> <span class='ocrx_word' id='word_1_615' title='bbox 3257 1929 3353 1999; x_wconf 88' lang='lat' dir='ltr'><strong>qui</strong></span> 
     </span>
    </p>
   </div>
   <div class='ocr_carea' id='block_1_84' title="bbox 1783 2021 3353 2092">
    <p class='ocr_par' dir='ltr' id='par_1_84' title="bbox 1783 2021 3353 2092">
     <span class='ocr_line' id='line_1_84' title="bbox 1783 2021 3353 2092; baseline 0 -15"><span class='ocrx_word' id='word_1_616' title='bbox 1783 2039 1906 2077; x_wconf 90' lang='lat' dir='ltr'><strong>eum</strong></span> <span class='ocrx_word' id='word_1_617' title='bbox 1931 2021 2107 2078; x_wconf 89' lang='lat' dir='ltr'><strong>colere</strong></span> <span class='ocrx_word' id='word_1_618' title='bbox 2131 2031 2184 2076; x_wconf 91' lang='lat' dir='ltr'><strong>et</strong></span> <span class='ocrx_word' id='word_1_619' title='bbox 2209 2023 2362 2092; x_wconf 85' lang='lat' dir='ltr'><strong>quasi</strong></span> <span class='ocrx_word' id='word_1_620' title='bbox 2391 2021 2555 2076; x_wconf 91' lang='lat' dir='ltr'><strong>Deum</strong></span> <span class='ocrx_word' id='word_1_621' title='bbox 2580 2025 2823 2076; x_wconf 87' lang='lat' dir='ltr'><strong>venerari</strong></span> <span class='ocrx_word' id='word_1_622' title='bbox 2847 2023 3137 2086; x_wconf 87' lang='lat' dir='ltr'><strong>noluerint,</strong></span> <span class='ocrx_word' id='word_1_623' title='bbox 3164 2037 3353 2078; x_wconf 88' lang='lat' dir='ltr'><strong>omnes</strong></span> 
     </span>
    </p>
   </div>
   <div class='ocr_carea' id='block_1_85' title="bbox 1785 2111 3350 2184">
    <p class='ocr_par' dir='ltr' id='par_1_85' title="bbox 1785 2111 3350 2184">
     <span class='ocr_line' id='line_1_85' title="bbox 1785 2111 3350 2184; baseline -0.001 -16"><span class='ocrx_word' id='word_1_624' title='bbox 1785 2114 1986 2184; x_wconf 89' lang='lat' dir='ltr'><strong>ubique</strong></span> <span class='ocrx_word' id='word_1_625' title='bbox 2032 2112 2454 2176; x_wconf 84' lang='lat' dir='ltr'><strong>interficiantur;</strong></span> <span class='ocrx_word' id='word_1_626' title='bbox 2505 2113 2960 2181; x_wconf 84' lang='lat' dir='ltr'><strong>quemadmodum</strong></span> <span class='ocrx_word' id='word_1_627' title='bbox 3006 2113 3082 2167; x_wconf 85' lang='lat' dir='ltr'><strong>ait</strong></span> <span class='ocrx_word' id='word_1_628' title='bbox 3127 2111 3298 2167; x_wconf 88' lang='lat' dir='ltr'><strong>Isaias</strong></span> <span class='ocrx_word' id='word_1_629' title='bbox 3337 2131 3350 2166; x_wconf 94' lang='lat'><strong>:</strong></span> 
     </span>
    </p>
   </div>
   <div class='ocr_carea' id='block_1_86' title="bbox 1791 2201 3350 2272">
    <p class='ocr_par' dir='ltr' id='par_1_86' title="bbox 1791 2201 3350 2272">
     <span class='ocr_line' id='line_1_86' title="bbox 1791 2201 3350 2272; baseline 0.001 -16"><span class='ocrx_word' id='word_1_630' title='bbox 1791 2223 1809 2256; x_wconf 73' lang='grc' dir='ltr'>ς</span> <span class='ocrx_word' id='word_1_631' title='bbox 1841 2202 1933 2258; x_wconf 78' lang='lat' dir='ltr'><strong>Vae</strong></span> <span class='ocrx_word' id='word_1_632' title='bbox 1977 2212 2133 2258; x_wconf 71' lang='lat' dir='ltr'><strong>terrae</strong></span> <span class='ocrx_word' id='word_1_633' title='bbox 2173 2204 2388 2258; x_wconf 90' lang='lat' dir='ltr'><strong>navium</strong></span> <span class='ocrx_word' id='word_1_634' title='bbox 2434 2205 2552 2265; x_wconf 70' lang='lat' dir='ltr'><strong>alae,</strong></span> <span class='ocrx_word' id='word_1_635' title='bbox 2579 2212 2730 2257; x_wconf 87' lang='lat' dir='ltr'><strong>trans</strong></span> <span class='ocrx_word' id='word_1_636' title='bbox 2773 2201 2996 2256; x_wconf 87' lang='lat' dir='ltr'><strong>flumina</strong></span> <span class='ocrx_word' id='word_1_637' title='bbox 3037 2201 3350 2272; x_wconf 68' lang='lat' dir='ltr'><strong>Aitbiopiae.</strong></span> 
     </span>
    </p>
   </div>
   <div class='ocr_carea' id='block_1_87' title="bbox 1786 2295 3355 2366">
    <p class='ocr_par' dir='ltr' id='par_1_87' title="bbox 1786 2295 3355 2366">
     <span class='ocr_line' id='line_1_87' title="bbox 1786 2295 3355 2366; baseline 0 -16"><span class='ocrx_word' id='word_1_638' title='bbox 1786 2295 1888 2363; x_wconf 88' lang='lat' dir='ltr'><strong>Qui</strong></span> <span class='ocrx_word' id='word_1_639' title='bbox 1924 2297 2091 2350; x_wconf 90' lang='lat' dir='ltr'><strong>mittit</strong></span> <span class='ocrx_word' id='word_1_640' title='bbox 2133 2296 2186 2350; x_wconf 92' lang='lat' dir='ltr'><strong>in</strong></span> <span class='ocrx_word' id='word_1_641' title='bbox 2234 2310 2381 2349; x_wconf 91' lang='lat' dir='ltr'><strong>mare</strong></span> <span class='ocrx_word' id='word_1_642' title='bbox 2425 2296 2672 2361; x_wconf 87' lang='lat' dir='ltr'><strong>obsides,</strong></span> <span class='ocrx_word' id='word_1_643' title='bbox 2723 2305 2776 2349; x_wconf 89' lang='lat' dir='ltr'><strong>et</strong></span> <span class='ocrx_word' id='word_1_644' title='bbox 2823 2295 3078 2366; x_wconf 89' lang='lat' dir='ltr'><strong>epistolas</strong></span> <span class='ocrx_word' id='word_1_645' title='bbox 3120 2295 3355 2350; x_wconf 85' lang='lat' dir='ltr'><strong>biblinas</strong></span> 
     </span>
    </p>
   </div>
   <div class='ocr_carea' id='block_1_88' title="bbox 1788 2389 3354 2462">
    <p class='ocr_par' dir='ltr' id='par_1_88' title="bbox 1788 2389 3354 2462">
     <span class='ocr_line' id='line_1_88' title="bbox 1788 2389 3354 2462; baseline 0.001 -17"><span class='ocrx_word' id='word_1_646' title='bbox 1788 2404 1950 2460; x_wconf 89' lang='lat' dir='ltr'><strong>super</strong></span> <span class='ocrx_word' id='word_1_647' title='bbox 1982 2405 2202 2460; x_wconf 88' lang='lat' dir='ltr'><strong>aquam.</strong></span> <span class='ocrx_word' id='word_1_648' title='bbox 2247 2389 2404 2444; x_wconf 88' lang='lat' dir='ltr'><strong>Ibunt</strong></span> <span class='ocrx_word' id='word_1_649' title='bbox 2447 2389 2592 2444; x_wconf 80' lang='lat' dir='ltr'><strong>enim</strong></span> <span class='ocrx_word' id='word_1_650' title='bbox 2642 2390 2814 2444; x_wconf 87' lang='lat' dir='ltr'><strong>nuntii</strong></span> <span class='ocrx_word' id='word_1_651' title='bbox 2855 2391 2998 2445; x_wconf 84' lang='lat' dir='ltr'><strong>leves</strong></span> <span class='ocrx_word' id='word_1_652' title='bbox 3038 2391 3103 2445; x_wconf 91' lang='lat' dir='ltr'><strong>ad</strong></span> <span class='ocrx_word' id='word_1_653' title='bbox 3139 2400 3354 2462; x_wconf 87' lang='lat' dir='ltr'><strong>gentem</strong></span> 
     </span>
    </p>
   </div>
   <div class='ocr_carea' id='block_1_89' title="bbox 1787 2480 3354 2561">
    <p class='ocr_par' dir='ltr' id='par_1_89' title="bbox 1787 2480 3354 2561">
     <span class='ocr_line' id='line_1_89' title="bbox 1787 2480 3354 2561; baseline 0 -24"><span class='ocrx_word' id='word_1_654' title='bbox 1787 2491 2020 2538; x_wconf 86' lang='lat' dir='ltr'><strong>erectam</strong></span> <span class='ocrx_word' id='word_1_655' title='bbox 2051 2481 2409 2561; x_wconf 77' lang='lat' dir='ltr'><strong>suspensique</strong></span> <span class='ocrx_word' id='word_1_656' title='bbox 2429 2481 2618 2546; x_wconf 90' lang='lat' dir='ltr'><strong>animi,</strong></span> <span class='ocrx_word' id='word_1_657' title='bbox 2643 2489 2698 2536; x_wconf 90' lang='lat' dir='ltr'><strong>et</strong></span> <span class='ocrx_word' id='word_1_658' title='bbox 2721 2480 3065 2552; x_wconf 88' lang='lat' dir='ltr'><strong>peregrinum</strong></span> <span class='ocrx_word' id='word_1_659' title='bbox 3093 2483 3354 2552; x_wconf 90' lang='lat' dir='ltr'><strong>populum</strong></span> 
     </span>
    </p>
   </div>
   <div class='ocr_carea' id='block_1_90' title="bbox 1789 2569 3357 2642">
    <p class='ocr_par' dir='ltr' id='par_1_90' title="bbox 1789 2569 3357 2642">
     <span class='ocr_line' id='line_1_90' title="bbox 1789 2569 3357 2642; baseline 0 -16"><span class='ocrx_word' id='word_1_660' title='bbox 1789 2586 2100 2641; x_wconf 87' lang='lat' dir='ltr'><strong>saevumque</strong></span> <span class='ocrx_word' id='word_1_661' title='bbox 2127 2573 2180 2626; x_wconf 92' lang='lat' dir='ltr'><strong>in</strong></span> <span class='ocrx_word' id='word_1_662' title='bbox 2206 2586 2322 2635; x_wconf 90' lang='lat' dir='ltr'><strong>eos,</strong></span> <span class='ocrx_word' id='word_1_663' title='bbox 2358 2579 2569 2642; x_wconf 90' lang='lat' dir='ltr'><strong>gentem</strong></span> <span class='ocrx_word' id='word_1_664' title='bbox 2602 2569 2928 2640; x_wconf 81' lang='lat' dir='ltr'><strong>inSperatam</strong></span> <span class='ocrx_word' id='word_1_665' title='bbox 2971 2579 3026 2625; x_wconf 89' lang='lat' dir='ltr'><strong>et</strong></span> <span class='ocrx_word' id='word_1_666' title='bbox 3065 2571 3357 2627; x_wconf 90' lang='lat' dir='ltr'><strong>conculca-</strong></span> 
     </span>
    </p>
   </div>
   <div class='ocr_carea' id='block_1_91' title="bbox 1791 2665 2040 2718">
    <p class='ocr_par' dir='ltr' id='par_1_91' title="bbox 1791 2665 2040 2718">
     <span class='ocr_line' id='line_1_91' title="bbox 1791 2665 2040 2718; baseline -0.004 -1"><span class='ocrx_word' id='word_1_667' title='bbox 1791 2672 1898 2717; x_wconf 89' lang='lat' dir='ltr'><strong>tam</strong></span> <span class='ocrx_word' id='word_1_668' title='bbox 1922 2665 1989 2718; x_wconf 72' lang='grc' dir='ltr'><strong>τ’.</strong></span> <span class='ocrx_word' id='word_1_669' title='bbox 2023 2683 2040 2716; x_wconf 74' lang='grc' dir='ltr'><strong>ι</strong></span> 
     </span>
    </p>
   </div>
   <div class='ocr_carea' id='block_1_92' title="bbox 1861 2839 3357 2913">
    <p class='ocr_par' dir='ltr' id='par_1_92' title="bbox 1861 2839 3357 2913">
     <span class='ocr_line' id='line_1_92' title="bbox 1861 2839 3357 2913; baseline -0.002 -13"><span class='ocrx_word' id='word_1_670' title='bbox 1861 2843 1995 2900; x_wconf 73' lang='lat' dir='ltr'><strong>LlX.</strong></span> <span class='ocrx_word' id='word_1_671' title='bbox 2037 2843 2230 2898; x_wconf 80' lang='lat' dir='ltr'><strong>Verum</strong></span> <span class='ocrx_word' id='word_1_672' title='bbox 2261 2858 2359 2898; x_wconf 93' lang='lat' dir='ltr'><strong>nos</strong></span> <span class='ocrx_word' id='word_1_673' title='bbox 2386 2842 2479 2913; x_wconf 89' lang='lat' dir='ltr'><strong>qui</strong></span> <span class='ocrx_word' id='word_1_674' title='bbox 2505 2842 2558 2896; x_wconf 91' lang='lat' dir='ltr'><strong>in</strong></span> <span class='ocrx_word' id='word_1_675' title='bbox 2588 2841 2781 2896; x_wconf 88' lang='lat' dir='ltr'><strong>Filium</strong></span> <span class='ocrx_word' id='word_1_676' title='bbox 2821 2839 2916 2896; x_wconf 90' lang='lat' dir='ltr'><strong>Dei</strong></span> <span class='ocrx_word' id='word_1_677' title='bbox 2950 2855 3255 2911; x_wconf 88' lang='lat' dir='ltr'><strong>speramus,</strong></span> <span class='ocrx_word' id='word_1_678' title='bbox 3285 2843 3357 2897; x_wconf 89' lang='lat' dir='ltr'><strong>ab</strong></span> 
     </span>
    </p>
   </div>
   <div class='ocr_carea' id='block_1_93' title="bbox 1794 2932 3353 3005">
    <p class='ocr_par' dir='ltr' id='par_1_93' title="bbox 1794 2932 3353 3005">
     <span class='ocr_line' id='line_1_93' title="bbox 1794 2932 3353 3005; baseline -0.003 -13"><span class='ocrx_word' id='word_1_679' title='bbox 1794 2936 2096 2992; x_wconf 75' lang='lat' dir='ltr'><strong>infidelibus</strong></span> <span class='ocrx_word' id='word_1_680' title='bbox 2143 2950 2172 2988; x_wconf 92' lang='lat' dir='ltr'><strong>a</strong></span> <span class='ocrx_word' id='word_1_681' title='bbox 2218 2935 2417 3005; x_wconf 89' lang='lat' dir='ltr'><strong>quibus</strong></span> <span class='ocrx_word' id='word_1_682' title='bbox 2463 2932 2884 2998; x_wconf 82' lang='lat' dir='ltr'><strong>conculcamur,</strong></span> <span class='ocrx_word' id='word_1_683' title='bbox 2919 2933 3353 3004; x_wconf 90' lang='lat' dir='ltr'><strong>persecutionem</strong></span> 
     </span>
    </p>
   </div>
   <div class='ocr_carea' id='block_1_94' title="bbox 1793 3023 3357 3099">
    <p class='ocr_par' dir='ltr' id='par_1_94' title="bbox 1793 3023 3357 3099">
     <span class='ocr_line' id='line_1_94' title="bbox 1793 3023 3357 3099; baseline -0.002 -16"><span class='ocrx_word' id='word_1_684' title='bbox 1793 3029 2047 3099; x_wconf 91' lang='lat' dir='ltr'><strong>patimur.</strong></span> <span class='ocrx_word' id='word_1_685' title='bbox 2095 3027 2206 3081; x_wconf 72' lang='lat' dir='ltr'><strong>Ala:</strong></span> <span class='ocrx_word' id='word_1_686' title='bbox 2246 3029 2390 3082; x_wconf 89' lang='lat' dir='ltr'><strong>enim</strong></span> <span class='ocrx_word' id='word_1_687' title='bbox 2431 3026 2670 3088; x_wconf 85' lang='lat' dir='ltr'><strong>navium,</strong></span> <span class='ocrx_word' id='word_1_688' title='bbox 2715 3023 2972 3080; x_wconf 62' lang='lat' dir='ltr'><strong>Ecclesiae</strong></span> <span class='ocrx_word' id='word_1_689' title='bbox 3009 3035 3168 3092; x_wconf 89' lang='lat' dir='ltr'><strong>sunt;</strong></span> <span class='ocrx_word' id='word_1_690' title='bbox 3205 3041 3357 3080; x_wconf 85' lang='lat' dir='ltr'><strong>mare</strong></span> 
     </span>
    </p>
   </div>
   <div class='ocr_carea' id='block_1_95' title="bbox 1793 3115 3355 3189">
    <p class='ocr_par' dir='ltr' id='par_1_95' title="bbox 1793 3115 3355 3189">
     <span class='ocr_line' id='line_1_95' title="bbox 1793 3115 3355 3189; baseline -0.003 -13"><span class='ocrx_word' id='word_1_691' title='bbox 1793 3136 1942 3188; x_wconf 88' lang='lat' dir='ltr'><strong>vero,</strong></span> <span class='ocrx_word' id='word_1_692' title='bbox 1979 3120 2236 3183; x_wconf 87' lang='lat' dir='ltr'><strong>mundus,</strong></span> <span class='ocrx_word' id='word_1_693' title='bbox 2271 3120 2329 3172; x_wconf 93' lang='lat' dir='ltr'><strong>in</strong></span> <span class='ocrx_word' id='word_1_694' title='bbox 2377 3134 2488 3189; x_wconf 84' lang='lat' dir='ltr'><strong>quo</strong></span> <span class='ocrx_word' id='word_1_695' title='bbox 2516 3115 2779 3183; x_wconf 88' lang='lat' dir='ltr'><strong>Ecclesia,</strong></span> <span class='ocrx_word' id='word_1_696' title='bbox 2824 3119 2970 3174; x_wconf 74' lang='lat' dir='ltr'><strong>velut</strong></span> <span class='ocrx_word' id='word_1_697' title='bbox 2995 3117 3148 3174; x_wconf 85' lang='lat' dir='ltr'><strong>navis</strong></span> <span class='ocrx_word' id='word_1_698' title='bbox 3181 3118 3355 3188; x_wconf 87' lang='lat' dir='ltr'><strong>pelagi</strong></span> 
     </span>
    </p>
   </div>
   <div class='ocr_carea' id='block_1_96' title="bbox 1790 3208 3350 3281">
    <p class='ocr_par' dir='ltr' id='par_1_96' title="bbox 1790 3208 3350 3281">
     <span class='ocr_line' id='line_1_96' title="bbox 1790 3208 3350 3281; baseline -0.005 -11"><span class='ocrx_word' id='word_1_699' title='bbox 1790 3213 1926 3278; x_wconf 85' lang='lat' dir='ltr'><strong>salo,</strong></span> <span class='ocrx_word' id='word_1_700' title='bbox 1957 3211 2210 3267; x_wconf 83' lang='lat' dir='ltr'><strong>fluctibus</strong></span> <span class='ocrx_word' id='word_1_701' title='bbox 2239 3210 2497 3280; x_wconf 78' lang='lat' dir='ltr'><strong>iactatur,</strong></span> <span class='ocrx_word' id='word_1_702' title='bbox 2531 3225 2629 3264; x_wconf 88' lang='lat' dir='ltr'><strong>nec</strong></span> <span class='ocrx_word' id='word_1_703' title='bbox 2662 3219 2840 3264; x_wconf 90' lang='lat' dir='ltr'><strong>tamen</strong></span> <span class='ocrx_word' id='word_1_704' title='bbox 2871 3208 3158 3281; x_wconf 84' lang='lat' dir='ltr'><strong>naufragio</strong></span> <span class='ocrx_word' id='word_1_705' title='bbox 3179 3209 3350 3280; x_wconf 89' lang='lat' dir='ltr'><strong>perit;</strong></span> 
     </span>
    </p>
   </div>
   <div class='ocr_carea' id='block_1_97' title="bbox 1793 3300 3356 3376">
    <p class='ocr_par' dir='ltr' id='par_1_97' title="bbox 1793 3300 3356 3376">
     <span class='ocr_line' id='line_1_97' title="bbox 1793 3300 3356 3376; baseline -0.003 -18"><span class='ocrx_word' id='word_1_706' title='bbox 1793 3306 1990 3376; x_wconf 90' lang='lat' dir='ltr'><strong>quippe</strong></span> <span class='ocrx_word' id='word_1_707' title='bbox 2009 3319 2132 3360; x_wconf 90' lang='lat' dir='ltr'><strong>cum</strong></span> <span class='ocrx_word' id='word_1_708' title='bbox 2157 3302 2407 3358; x_wconf 88' lang='lat' dir='ltr'><strong>solertem</strong></span> <span class='ocrx_word' id='word_1_709' title='bbox 2439 3301 2849 3372; x_wconf 87' lang='lat' dir='ltr'><strong>gubernatorem</strong></span> <span class='ocrx_word' id='word_1_710' title='bbox 2873 3300 3148 3355; x_wconf 86' lang='lat' dir='ltr'><strong>Christum</strong></span> <span class='ocrx_word' id='word_1_711' title='bbox 3170 3315 3356 3356; x_wconf 88' lang='lat' dir='ltr'><strong>secum</strong></span> 
     </span>
    </p>
   </div>
   <div class='ocr_carea' id='block_1_98' title="bbox 1793 3392 3356 3452">
    <p class='ocr_par' dir='ltr' id='par_1_98' title="bbox 1793 3392 3356 3452">
     <span class='ocr_line' id='line_1_98' title="bbox 1793 3392 3356 3452; baseline -0.003 0"><span class='ocrx_word' id='word_1_712' title='bbox 1793 3398 2011 3452; x_wconf 89' lang='lat' dir='ltr'><strong>habeat.</strong></span> <span class='ocrx_word' id='word_1_713' title='bbox 2036 3396 2162 3450; x_wconf 82' lang='lat' dir='ltr'><strong>Fert</strong></span> <span class='ocrx_word' id='word_1_714' title='bbox 2188 3409 2318 3449; x_wconf 91' lang='lat' dir='ltr'><strong>vero</strong></span> <span class='ocrx_word' id='word_1_715' title='bbox 2348 3394 2510 3449; x_wconf 90' lang='lat' dir='ltr'><strong>etiam</strong></span> <span class='ocrx_word' id='word_1_716' title='bbox 2541 3392 2594 3446; x_wconf 91' lang='lat' dir='ltr'><strong>in</strong></span> <span class='ocrx_word' id='word_1_717' title='bbox 2628 3392 2806 3447; x_wconf 89' lang='lat' dir='ltr'><strong>medio</strong></span> <span class='ocrx_word' id='word_1_718' title='bbox 2833 3400 3069 3447; x_wconf 89' lang='lat' dir='ltr'><strong>erectum</strong></span> <span class='ocrx_word' id='word_1_719' title='bbox 3094 3393 3356 3448; x_wconf 84' lang='lat' dir='ltr'><strong>adversus</strong></span> 
     </span>
    </p>
   </div>
   <div class='ocr_carea' id='block_1_99' title="bbox 1793 3483 3357 3558">
    <p class='ocr_par' dir='ltr' id='par_1_99' title="bbox 1793 3483 3357 3558">
     <span class='ocr_line' id='line_1_99' title="bbox 1793 3483 3357 3558; baseline -0.004 -14"><span class='ocrx_word' id='word_1_720' title='bbox 1793 3499 2022 3546; x_wconf 86' lang='lat' dir='ltr'><strong>mortem</strong></span> <span class='ocrx_word' id='word_1_721' title='bbox 2055 3499 2335 3558; x_wconf 74' lang='lat' dir='ltr'><strong>tropaeum,</strong></span> <span class='ocrx_word' id='word_1_722' title='bbox 2360 3501 2479 3556; x_wconf 60' lang='lat' dir='ltr'><strong>quae</strong></span> <span class='ocrx_word' id='word_1_723' title='bbox 2501 3485 2747 3539; x_wconf 87' lang='lat' dir='ltr'><strong>videlicet</strong></span> <span class='ocrx_word' id='word_1_724' title='bbox 2782 3499 2994 3537; x_wconf 90' lang='lat' dir='ltr'><strong>crucem</strong></span> <span class='ocrx_word' id='word_1_725' title='bbox 3023 3483 3236 3538; x_wconf 91' lang='lat' dir='ltr'><strong>Domini</strong></span> <span class='ocrx_word' id='word_1_726' title='bbox 3269 3499 3357 3538; x_wconf 89' lang='lat' dir='ltr'><strong>se-</strong></span> 
     </span>
    </p>
   </div>
   <div class='ocr_carea' id='block_1_100' title="bbox 1796 3573 3358 3652">
    <p class='ocr_par' dir='ltr' id='par_1_100' title="bbox 1796 3573 3358 3652">
     <span class='ocr_line' id='line_1_100' title="bbox 1796 3573 3358 3652; baseline -0.005 -14"><span class='ocrx_word' id='word_1_727' title='bbox 1796 3598 1919 3638; x_wconf 91' lang='lat' dir='ltr'><strong>cum</strong></span> <span class='ocrx_word' id='word_1_728' title='bbox 1946 3589 2139 3652; x_wconf 90' lang='lat' dir='ltr'><strong>portet.</strong></span> <span class='ocrx_word' id='word_1_729' title='bbox 2188 3578 2282 3633; x_wconf 87' lang='lat' dir='ltr'><strong>Est</strong></span> <span class='ocrx_word' id='word_1_730' title='bbox 2321 3577 2464 3632; x_wconf 89' lang='lat' dir='ltr'><strong>enim</strong></span> <span class='ocrx_word' id='word_1_731' title='bbox 2503 3575 2623 3645; x_wconf 88' lang='lat' dir='ltr'><strong>ejus</strong></span> <span class='ocrx_word' id='word_1_732' title='bbox 2669 3589 2849 3644; x_wconf 86' lang='lat' dir='ltr'><strong>prora,</strong></span> <span class='ocrx_word' id='word_1_733' title='bbox 2903 3573 3128 3639; x_wconf 87' lang='lat' dir='ltr'><strong>Oriens;</strong></span> <span class='ocrx_word' id='word_1_734' title='bbox 3159 3577 3358 3644; x_wconf 86' lang='lat' dir='ltr'><strong>puppis</strong></span> 
     </span>
    </p>
   </div>
   <div class='ocr_carea' id='block_1_101' title="bbox 1795 3667 3360 3738">
    <p class='ocr_par' dir='ltr' id='par_1_101' title="bbox 1795 3667 3360 3738">
     <span class='ocr_line' id='line_1_101' title="bbox 1795 3667 3360 3738; baseline -0.005 -10"><span class='ocrx_word' id='word_1_735' title='bbox 1795 3689 1944 3738; x_wconf 86' lang='lat' dir='ltr'><strong>vero,</strong></span> <span class='ocrx_word' id='word_1_736' title='bbox 1981 3670 2278 3735; x_wconf 90' lang='lat' dir='ltr'><strong>Occidens;</strong></span> <span class='ocrx_word' id='word_1_737' title='bbox 2311 3669 2514 3723; x_wconf 90' lang='lat' dir='ltr'><strong>eavitas</strong></span> <span class='ocrx_word' id='word_1_738' title='bbox 2555 3667 2839 3736; x_wconf 87' lang='lat' dir='ltr'><strong>mediaque</strong></span> <span class='ocrx_word' id='word_1_739' title='bbox 2867 3667 3156 3736; x_wconf 89' lang='lat' dir='ltr'><strong>capacitas,</strong></span> <span class='ocrx_word' id='word_1_740' title='bbox 3198 3667 3360 3723; x_wconf 80' lang='lat' dir='ltr'><strong>Meri-</strong></span> 
     </span>
    </p>
   </div>
   <div class='ocr_carea' id='block_1_102' title="bbox 1795 3755 3352 3830">
    <p class='ocr_par' dir='ltr' id='par_1_102' title="bbox 1795 3755 3352 3830">
     <span class='ocr_line' id='line_1_102' title="bbox 1795 3755 3352 3830; baseline -0.004 -12"><span class='ocrx_word' id='word_1_741' title='bbox 1795 3763 1940 3830; x_wconf 90' lang='lat' dir='ltr'><strong>dies;</strong></span> <span class='ocrx_word' id='word_1_742' title='bbox 1979 3760 2140 3824; x_wconf 88' lang='lat' dir='ltr'><strong>clavi,</strong></span> <span class='ocrx_word' id='word_1_743' title='bbox 2171 3760 2281 3814; x_wconf 92' lang='lat' dir='ltr'><strong>duo</strong></span> <span class='ocrx_word' id='word_1_744' title='bbox 2311 3757 2682 3820; x_wconf 82' lang='lat' dir='ltr'><strong>Testamenta;</strong></span> <span class='ocrx_word' id='word_1_745' title='bbox 2723 3755 3131 3810; x_wconf 79' lang='lat' dir='ltr'><strong>circumextenti</strong></span> <span class='ocrx_word' id='word_1_746' title='bbox 3174 3755 3352 3820; x_wconf 88' lang='lat' dir='ltr'><strong>funes,</strong></span> 
     </span>
    </p>
   </div>
   <div class='ocr_carea' id='block_1_103' title="bbox 1795 3847 3355 3920">
    <p class='ocr_par' dir='ltr' id='par_1_103' title="bbox 1795 3847 3355 3920">
     <span class='ocr_line' id='line_1_103' title="bbox 1795 3847 3355 3920; baseline -0.004 -10"><span class='ocrx_word' id='word_1_747' title='bbox 1795 3853 1996 3910; x_wconf 91' lang='lat' dir='ltr'><strong>Christi</strong></span> <span class='ocrx_word' id='word_1_748' title='bbox 2013 3852 2250 3908; x_wconf 89' lang='lat' dir='ltr'><strong>cbaritas</strong></span> <span class='ocrx_word' id='word_1_749' title='bbox 2276 3865 2396 3920; x_wconf 64' lang='lat' dir='ltr'><strong>qua:</strong></span> <span class='ocrx_word' id='word_1_750' title='bbox 2409 3848 2704 3904; x_wconf 84' lang='lat' dir='ltr'><strong>Ecclesiam</strong></span> <span class='ocrx_word' id='word_1_751' title='bbox 2729 3847 3000 3917; x_wconf 84' lang='lat' dir='ltr'><strong>astringit;</strong></span> <span class='ocrx_word' id='word_1_752' title='bbox 3017 3849 3186 3902; x_wconf 92' lang='lat' dir='ltr'><strong>linum</strong></span> <span class='ocrx_word' id='word_1_753' title='bbox 3209 3850 3355 3918; x_wconf 89' lang='lat' dir='ltr'><strong>quod</strong></span> 
     </span>
    </p>
   </div>
   <div class='ocr_carea' id='block_1_104' title="bbox 1793 3939 3356 4010">
    <p class='ocr_par' dir='ltr' id='par_1_104' title="bbox 1793 3939 3356 4010">
     <span class='ocr_line' id='line_1_104' title="bbox 1793 3939 3356 4010; baseline -0.004 -9"><span class='ocrx_word' id='word_1_754' title='bbox 1793 3960 1977 4001; x_wconf 85' lang='lat' dir='ltr'><strong>secum</strong></span> <span class='ocrx_word' id='word_1_755' title='bbox 2008 3942 2131 4006; x_wconf 91' lang='lat' dir='ltr'><strong>fert,</strong></span> <span class='ocrx_word' id='word_1_756' title='bbox 2163 3943 2436 3996; x_wconf 85' lang='lat' dir='ltr'><strong>lavacrum</strong></span> <span class='ocrx_word' id='word_1_757' title='bbox 2461 3949 2544 3995; x_wconf 91' lang='lat' dir='ltr'><strong>est</strong></span> <span class='ocrx_word' id='word_1_758' title='bbox 2570 3939 2995 4010; x_wconf 88' lang='lat' dir='ltr'><strong>regenerationis</strong></span> <span class='ocrx_word' id='word_1_759' title='bbox 3022 3955 3142 4010; x_wconf 76' lang='lat' dir='ltr'><strong>qua:</strong></span> <span class='ocrx_word' id='word_1_760' title='bbox 3170 3940 3356 3995; x_wconf 82' lang='lat' dir='ltr'><strong>ﬁdeles</strong></span> 
     </span>
    </p>
   </div>
   <div class='ocr_carea' id='block_1_105' title="bbox 1793 4029 3357 4102">
    <p class='ocr_par' dir='ltr' id='par_1_105' title="bbox 1793 4029 3357 4102">
     <span class='ocr_line' id='line_1_105' title="bbox 1793 4029 3357 4102; baseline -0.004 -9"><span class='ocrx_word' id='word_1_761' title='bbox 1793 4046 2036 4102; x_wconf 84' lang='lat' dir='ltr'><strong>renovat,</strong></span> <span class='ocrx_word' id='word_1_762' title='bbox 2066 4035 2206 4090; x_wconf 89' lang='lat' dir='ltr'><strong>unde</strong></span> <span class='ocrx_word' id='word_1_763' title='bbox 2243 4040 2370 4089; x_wconf 91' lang='lat' dir='ltr'><strong>sunt</strong></span> <span class='ocrx_word' id='word_1_764' title='bbox 2402 4032 2490 4086; x_wconf 91' lang='lat' dir='ltr'><strong>illa</strong></span> <span class='ocrx_word' id='word_1_765' title='bbox 2519 4032 2792 4102; x_wconf 64' lang='lat' dir='ltr'><strong>praeclara.</strong></span> <span class='ocrx_word' id='word_1_766' title='bbox 2838 4029 2992 4086; x_wconf 83' lang='lat' dir='ltr'><strong>Venti</strong></span> <span class='ocrx_word' id='word_1_767' title='bbox 3042 4031 3161 4086; x_wconf 90' lang='lat' dir='ltr'><strong>loco</strong></span> <span class='ocrx_word' id='word_1_768' title='bbox 3204 4029 3357 4086; x_wconf 86' lang='lat' dir='ltr'><strong>adest</strong></span> 
     </span>
    </p>
   </div>
   <div class='ocr_carea' id='block_1_106' title="bbox 1793 4293 3353 4366">
    <p class='ocr_par' dir='ltr' id='par_1_106' title="bbox 1793 4293 3353 4366">
     <span class='ocr_line' id='line_1_106' title="bbox 1793 4293 3353 4366; baseline -0.008 -12"><span class='ocrx_word' id='word_1_769' title='bbox 1793 4300 1955 4366; x_wconf 85' lang='grc' dir='ltr'>νεὼς,</span> <span class='ocrx_word' id='word_1_770' title='bbox 1986 4301 2145 4361; x_wconf 87' lang='grc' dir='ltr'>κύτος</span> <span class='ocrx_word' id='word_1_771' title='bbox 2192 4295 2289 4350; x_wconf 73' lang='grc' dir='ltr'>καὶ</span> <span class='ocrx_word' id='word_1_772' title='bbox 2335 4293 2692 4366; x_wconf 20' lang='grc' dir='ltr'>γάστριλακαὶ</span> <span class='ocrx_word' id='word_1_773' title='bbox 2743 4293 3113 4366; x_wconf 81' lang='grc' dir='ltr'>ἀμφιμήτριον</span> <span class='ocrx_word' id='word_1_774' title='bbox 3153 4294 3353 4366; x_wconf 62' lang='grc' dir='ltr'>ὀνομά-</span> 
     </span>
    </p>
   </div>
   <div class='ocr_carea' id='block_1_107' title="bbox 1792 4362 3356 4436">
    <p class='ocr_par' dir='ltr' id='par_1_107' title="bbox 1792 4362 3356 4436">
     <span class='ocr_line' id='line_1_107' title="bbox 1792 4362 3356 4436; baseline -0.005 -12"><span class='ocrx_word' id='word_1_775' title='bbox 1792 4362 1961 4436; x_wconf 76' lang='grc' dir='ltr'>ζεται.</span> <span class='ocrx_word' id='word_1_776' title='bbox 1995 4367 2095 4424; x_wconf 85' lang='lat' dir='ltr'><strong>Ubi</strong></span> <span class='ocrx_word' id='word_1_777' title='bbox 2121 4383 2228 4421; x_wconf 89' lang='lat' dir='ltr'><strong>non</strong></span> <span class='ocrx_word' id='word_1_778' title='bbox 2263 4362 2398 4420; x_wconf 86' lang='lat' dir='ltr'><strong>bene</strong></span> <span class='ocrx_word' id='word_1_779' title='bbox 2425 4362 2740 4436; x_wconf 82' lang='lat' dir='ltr'><strong>Rodolplius</strong></span> <span class='ocrx_word' id='word_1_780' title='bbox 2774 4362 3120 4436; x_wconf 78' lang='lat' dir='ltr'><strong>Gualtlierus,</strong></span> <span class='ocrx_word' id='word_1_781' title='bbox 3149 4362 3356 4436; x_wconf 42' lang='lat' dir='ltr'><strong>{Pavi-</strong></span> 
     </span>
    </p>
   </div>
   <div class='ocr_carea' id='block_1_108' title="bbox 1794 4431 3355 4504">
    <p class='ocr_par' dir='ltr' id='par_1_108' title="bbox 1794 4431 3355 4504">
     <span class='ocr_line' id='line_1_108' title="bbox 1794 4431 3355 4504; baseline -0.004 -10"><span class='ocrx_word' id='word_1_782' title='bbox 1794 4431 2064 4500; x_wconf 66' lang='lat' dir='ltr'><strong>tnentttm,</strong></span> <span class='ocrx_word' id='word_1_783' title='bbox 2110 4437 2373 4497; x_wconf 82' lang='lat' dir='ltr'><strong>fundum,</strong></span> <span class='ocrx_word' id='word_1_784' title='bbox 2418 4431 2630 4496; x_wconf 63' lang='lat' dir='ltr'><strong>alvum,</strong></span> <span class='ocrx_word' id='word_1_785' title='bbox 2674 4433 3065 4504; x_wconf 84' lang='grc' dir='ltr'>ἀμφιμήτριον.</span> <span class='ocrx_word' id='word_1_786' title='bbox 3100 4452 3118 4483; x_wconf 76' lang='grc' dir='ltr'><strong>ι</strong></span> <span class='ocrx_word' id='word_1_787' title='bbox 3152 4431 3355 4488; x_wconf 83' lang='lat' dir='ltr'><strong>Domus</strong></span> 
     </span>
    </p>
   </div>
   <div class='ocr_carea' id='block_1_109' title="bbox 1793 4504 3352 4580">
    <p class='ocr_par' dir='ltr' id='par_1_109' title="bbox 1793 4504 3352 4580">
     <span class='ocr_line' id='line_1_109' title="bbox 1793 4504 3352 4580; baseline -0.004 -18"><span class='ocrx_word' id='word_1_788' title='bbox 1793 4511 2009 4580; x_wconf 89' lang='lat' dir='ltr'><strong>quidem</strong></span> <span class='ocrx_word' id='word_1_789' title='bbox 2033 4508 2246 4580; x_wconf 72' lang='grc' dir='ltr'>ἔδαφος,</span> <span class='ocrx_word' id='word_1_790' title='bbox 2275 4524 2293 4557; x_wconf 74' lang='grc' dir='ltr'><strong>ι</strong></span> <span class='ocrx_word' id='word_1_791' title='bbox 2315 4506 2677 4580; x_wconf 59' lang='lat' dir='ltr'><strong>pavimentum</strong></span> <span class='ocrx_word' id='word_1_792' title='bbox 2700 4522 2718 4554; x_wconf 85' lang='grc'><strong>›</strong></span> <span class='ocrx_word' id='word_1_793' title='bbox 2748 4512 2889 4580; x_wconf 67' lang='lat' dir='ltr'><strong>recte</strong></span> <span class='ocrx_word' id='word_1_794' title='bbox 2909 4504 3148 4580; x_wconf 77' lang='lat' dir='ltr'><strong>dicatur;</strong></span> <span class='ocrx_word' id='word_1_795' title='bbox 3175 4504 3352 4580; x_wconf 62' lang='lat' dir='ltr'><strong>navis,</strong></span> 
     </span>
    </p>
   </div>
   <div class='ocr_carea' id='block_1_110' title="bbox 1795 4571 3357 4644">
    <p class='ocr_par' dir='ltr' id='par_1_110' title="bbox 1795 4571 3357 4644">
     <span class='ocr_line' id='line_1_110' title="bbox 1795 4571 3357 4644; baseline -0.01 -9"><span class='ocrx_word' id='word_1_796' title='bbox 1795 4571 2048 4640; x_wconf 78' lang='lat' dir='ltr'><strong>minime;</strong></span> <span class='ocrx_word' id='word_1_797' title='bbox 2092 4571 2208 4642; x_wconf 76' lang='lat' dir='ltr'><strong>sed,</strong></span> <span class='ocrx_word' id='word_1_798' title='bbox 2241 4571 2385 4644; x_wconf 79' lang='lat' dir='ltr'><strong>quod</strong></span> <span class='ocrx_word' id='word_1_799' title='bbox 2433 4572 2663 4644; x_wconf 85' lang='lat' dir='ltr'><strong>Hesych.</strong></span> <span class='ocrx_word' id='word_1_800' title='bbox 2697 4581 2749 4626; x_wconf 90' lang='lat' dir='ltr'><strong>et</strong></span> <span class='ocrx_word' id='word_1_801' title='bbox 2790 4572 2941 4644; x_wconf 82' lang='lat' dir='ltr'><strong>Suid.</strong></span> <span class='ocrx_word' id='word_1_802' title='bbox 2974 4571 3227 4644; x_wconf 78' lang='grc' dir='ltr'>χῴρημα,</span> <span class='ocrx_word' id='word_1_803' title='bbox 3261 4572 3357 4642; x_wconf 82' lang='grc' dir='ltr'><strong>βά-</strong></span> 
     </span>
    </p>
   </div>
   <div class='ocr_carea' id='block_1_111' title="bbox 1791 4642 3352 4714">
    <p class='ocr_par' dir='ltr' id='par_1_111' title="bbox 1791 4642 3352 4714">
     <span class='ocr_line' id='line_1_111' title="bbox 1791 4642 3352 4714; baseline -0.006 -10"><span class='ocrx_word' id='word_1_804' title='bbox 1791 4653 1909 4714; x_wconf 83' lang='grc' dir='ltr'>θος,</span> <span class='ocrx_word' id='word_1_805' title='bbox 1936 4649 2158 4712; x_wconf 86' lang='grc' dir='ltr'>πλάτος,</span> <span class='ocrx_word' id='word_1_806' title='bbox 2199 4667 2218 4698; x_wconf 77' lang='grc' dir='ltr'><strong>ι</strong></span> <span class='ocrx_word' id='word_1_807' title='bbox 2262 4642 2572 4714; x_wconf 75' lang='lat' dir='ltr'><strong>capacitas,</strong></span> <span class='ocrx_word' id='word_1_808' title='bbox 2600 4642 2995 4714; x_wconf 83' lang='lat' dir='ltr'><strong>profunditas,</strong></span> <span class='ocrx_word' id='word_1_809' title='bbox 3030 4643 3256 4714; x_wconf 83' lang='lat' dir='ltr'><strong>latitudo</strong></span> <span class='ocrx_word' id='word_1_810' title='bbox 3279 4681 3297 4706; x_wconf 90' lang='lat'><strong>,</strong></span> <span class='ocrx_word' id='word_1_811' title='bbox 3332 4661 3352 4694; x_wconf 71' lang='grc' dir='ltr'><strong><em>ι</em></strong></span> 
     </span>
    </p>
   </div>
   <div class='ocr_carea' id='block_1_112' title="bbox 1791 4712 3356 4786">
    <p class='ocr_par' dir='ltr' id='par_1_112' title="bbox 1791 4712 3356 4786">
     <span class='ocr_line' id='line_1_112' title="bbox 1791 4712 3356 4786; baseline -0.007 -11"><span class='ocrx_word' id='word_1_812' title='bbox 1791 4712 1937 4775; x_wconf 84' lang='lat' dir='ltr'><strong>totus</strong></span> <span class='ocrx_word' id='word_1_813' title='bbox 1972 4719 2204 4786; x_wconf 87' lang='lat' dir='ltr'><strong>denique</strong></span> <span class='ocrx_word' id='word_1_814' title='bbox 2247 4712 2454 4769; x_wconf 81' lang='lat' dir='ltr'><strong>medius</strong></span> <span class='ocrx_word' id='word_1_815' title='bbox 2489 4713 2641 4786; x_wconf 82' lang='lat' dir='ltr'><strong>navis</strong></span> <span class='ocrx_word' id='word_1_816' title='bbox 2668 4714 2823 4768; x_wconf 83' lang='lat' dir='ltr'><strong>sinus</strong></span> <span class='ocrx_word' id='word_1_817' title='bbox 2847 4723 2901 4786; x_wconf 79' lang='lat' dir='ltr'><strong>et</strong></span> <span class='ocrx_word' id='word_1_818' title='bbox 2938 4721 3157 4778; x_wconf 85' lang='lat' dir='ltr'><strong>venter;</strong></span> <span class='ocrx_word' id='word_1_819' title='bbox 3194 4712 3356 4786; x_wconf 71' lang='grc' dir='ltr'>ϐγκος</span> 
     </span>
    </p>
   </div>
   <div class='ocr_carea' id='block_1_113' title="bbox 1794 4781 3352 4852">
    <p class='ocr_par' dir='ltr' id='par_1_113' title="bbox 1794 4781 3352 4852">
     <span class='ocr_line' id='line_1_113' title="bbox 1794 4781 3352 4852; baseline -0.007 -7"><span class='ocrx_word' id='word_1_820' title='bbox 1794 4789 1946 4845; x_wconf 89' lang='lat' dir='ltr'><strong>Suid.</strong></span> <span class='ocrx_word' id='word_1_821' title='bbox 1984 4781 2321 4842; x_wconf 47' lang='lat' dir='ltr'><strong>non—solum</strong></span> <span class='ocrx_word' id='word_1_822' title='bbox 2364 4784 2507 4852; x_wconf 90' lang='lat' dir='ltr'><strong>quod</strong></span> <span class='ocrx_word' id='word_1_823' title='bbox 2557 4784 2666 4836; x_wconf 92' lang='lat' dir='ltr'><strong>imo</strong></span> <span class='ocrx_word' id='word_1_824' title='bbox 2711 4781 3011 4852; x_wconf 74' lang='lat' dir='ltr'><strong>sternitur,</strong></span> <span class='ocrx_word' id='word_1_825' title='bbox 3070 4783 3226 4852; x_wconf 88' lang='lat' dir='ltr'><strong>quasi</strong></span> <span class='ocrx_word' id='word_1_826' title='bbox 3283 4784 3352 4834; x_wconf 90' lang='lat' dir='ltr'><strong>ad</strong></span> 
     </span>
    </p>
   </div>
   <div class='ocr_carea' id='block_1_114' title="bbox 1792 4848 3355 4922">
    <p class='ocr_par' dir='ltr' id='par_1_114' title="bbox 1792 4848 3355 4922">
     <span class='ocr_line' id='line_1_114' title="bbox 1792 4848 3355 4922; baseline -0.006 -8"><span class='ocrx_word' id='word_1_827' title='bbox 1792 4860 1994 4914; x_wconf 74' lang='lat' dir='ltr'><strong>carinae</strong></span> <span class='ocrx_word' id='word_1_828' title='bbox 2028 4860 2229 4919; x_wconf 88' lang='lat' dir='ltr'><strong>locum,</strong></span> <span class='ocrx_word' id='word_1_829' title='bbox 2267 4848 2541 4922; x_wconf 79' lang='lat' dir='ltr'><strong>quomodo</strong></span> <span class='ocrx_word' id='word_1_830' title='bbox 2585 4853 2797 4905; x_wconf 90' lang='lat' dir='ltr'><strong>videtur</strong></span> <span class='ocrx_word' id='word_1_831' title='bbox 2822 4848 3153 4922; x_wconf 79' lang='lat' dir='ltr'><strong>Gualtberus</strong></span> <span class='ocrx_word' id='word_1_832' title='bbox 3199 4866 3355 4906; x_wconf 84' lang='lat' dir='ltr'><strong>acce-</strong></span> 
     </span>
    </p>
   </div>
   <div class='ocr_carea' id='block_1_115' title="bbox 1794 4919 3356 5000">
    <p class='ocr_par' dir='ltr' id='par_1_115' title="bbox 1794 4919 3356 5000">
     <span class='ocr_line' id='line_1_115' title="bbox 1794 4919 3356 5000; baseline -0.006 -17"><span class='ocrx_word' id='word_1_833' title='bbox 1794 4931 1984 5000; x_wconf 65' lang='lat' dir='ltr'><strong>pisse.</strong></span> <span class='ocrx_word' id='word_1_834' title='bbox 2019 4927 2164 4997; x_wconf 90' lang='lat' dir='ltr'><strong>quod</strong></span> <span class='ocrx_word' id='word_1_835' title='bbox 2201 4919 2362 4978; x_wconf 75' lang='lat' dir='ltr'><strong>vocat</strong></span> <span class='ocrx_word' id='word_1_836' title='bbox 2383 4962 2398 4986; x_wconf 95' lang='lat'><strong>,</strong></span> <span class='ocrx_word' id='word_1_837' title='bbox 2430 4923 2816 5000; x_wconf 70' lang='lat' dir='ltr'><strong>pavimentum.</strong></span> <span class='ocrx_word' id='word_1_838' title='bbox 2851 4919 3036 5000; x_wconf 52' lang='lat' dir='ltr'><strong>K610;</strong></span> <span class='ocrx_word' id='word_1_839' title='bbox 3061 4921 3127 5000; x_wconf 2' lang='lat' dir='ltr'><strong>in,</strong></span> <span class='ocrx_word' id='word_1_840' title='bbox 3157 4924 3356 4988; x_wconf 86' lang='lat' dir='ltr'><strong>capite,</strong></span> 
     </span>
    </p>
   </div>
   <div class='ocr_carea' id='block_1_116' title="bbox 1795 4991 3358 5066">
    <p class='ocr_par' dir='ltr' id='par_1_116' title="bbox 1795 4991 3358 5066">
     <span class='ocr_line' id='line_1_116' title="bbox 1795 4991 3358 5066; baseline -0.008 -12"><span class='ocrx_word' id='word_1_841' title='bbox 1795 4991 1908 5054; x_wconf 72' lang='lat' dir='ltr'><strong>tota</strong></span> <span class='ocrx_word' id='word_1_842' title='bbox 1937 4991 2185 5066; x_wconf 47' lang='lat' dir='ltr'><strong>illa-pars</strong></span> <span class='ocrx_word' id='word_1_843' title='bbox 2215 5009 2336 5064; x_wconf 67' lang='lat' dir='ltr'><strong>quae</strong></span> <span class='ocrx_word' id='word_1_844' title='bbox 2377 4993 2585 5060; x_wconf 85' lang='lat' dir='ltr'><strong>capillis</strong></span> <span class='ocrx_word' id='word_1_845' title='bbox 2617 4991 2849 5066; x_wconf 71' lang='lat' dir='ltr'><strong>tegitur,</strong></span> <span class='ocrx_word' id='word_1_846' title='bbox 2891 4991 3245 5066; x_wconf 77' lang='lat' dir='ltr'><strong>continetque</strong></span> <span class='ocrx_word' id='word_1_847' title='bbox 3292 5005 3358 5042; x_wconf 81' lang='lat' dir='ltr'><strong>ac</strong></span> 
     </span>
    </p>
   </div>
   <div class='ocr_carea' id='block_1_117' title="bbox 1795 5059 3356 5138">
    <p class='ocr_par' dir='ltr' id='par_1_117' title="bbox 1795 5059 3356 5138">
     <span class='ocr_line' id='line_1_117' title="bbox 1795 5059 3356 5138; baseline -0.007 -15"><span class='ocrx_word' id='word_1_848' title='bbox 1795 5069 2000 5138; x_wconf 86' lang='lat' dir='ltr'><strong>obtegit</strong></span> <span class='ocrx_word' id='word_1_849' title='bbox 2036 5059 2354 5138; x_wconf 68' lang='lat' dir='ltr'><strong>cerebrum;</strong></span> <span class='ocrx_word' id='word_1_850' title='bbox 2395 5059 2559 5133; x_wconf 87' lang='lat' dir='ltr'><strong>quam</strong></span> <span class='ocrx_word' id='word_1_851' title='bbox 2595 5059 2695 5138; x_wconf 86' lang='lat' dir='ltr'><strong>qui_</strong></span> <span class='ocrx_word' id='word_1_852' title='bbox 2735 5061 3101 5128; x_wconf 83' lang='lat' dir='ltr'><strong>pavimentum</strong></span> <span class='ocrx_word' id='word_1_853' title='bbox 3131 5061 3356 5125; x_wconf 88' lang='lat' dir='ltr'><strong>diceret,</strong></span> 
     </span>
    </p>
   </div>
   <div class='ocr_carea' id='block_1_118' title="bbox 1795 5128 2754 5202">
    <p class='ocr_par' dir='ltr' id='par_1_118' title="bbox 1795 5128 2754 5202">
     <span class='ocr_line' id='line_1_118' title="bbox 1795 5128 2754 5202; baseline -0.011 -9"><span class='ocrx_word' id='word_1_854' title='bbox 1795 5156 1880 5193; x_wconf 77' lang='lat' dir='ltr'><strong>na:</strong></span> <span class='ocrx_word' id='word_1_855' title='bbox 1911 5128 1957 5191; x_wconf 65' lang='lat' dir='ltr'><strong>is</strong></span> <span class='ocrx_word' id='word_1_856' title='bbox 1982 5137 2153 5192; x_wconf 89' lang='lat' dir='ltr'><strong>scitus</strong></span> <span class='ocrx_word' id='word_1_857' title='bbox 2183 5128 2449 5202; x_wconf 73' lang='lat' dir='ltr'><strong>interpres</strong></span> <span class='ocrx_word' id='word_1_858' title='bbox 2479 5128 2643 5202; x_wconf 81' lang='lat' dir='ltr'><strong>esset.</strong></span> <span class='ocrx_word' id='word_1_859' title='bbox 2680 5128 2754 5183; x_wconf 86' lang='lat' dir='ltr'><strong>In.</strong></span> 
     </span>
    </p>
   </div>
   <div class='ocr_carea' id='block_1_119' title="bbox 1866 5198 3358 5278">
    <p class='ocr_par' dir='ltr' id='par_1_119' title="bbox 1866 5198 3358 5278">
     <span class='ocr_line' id='line_1_119' title="bbox 1866 5198 3358 5278; baseline -0.007 -17"><span class='ocrx_word' id='word_1_860' title='bbox 1866 5208 1980 5278; x_wconf 73' lang='grc'><strong>(21)</strong></span> <span class='ocrx_word' id='word_1_861' title='bbox 2019 5207 2221 5260; x_wconf 69' lang='grc' dir='ltr'><strong>Λίνον.</strong></span> <span class='ocrx_word' id='word_1_862' title='bbox 2391 5205 2478 5278; x_wconf 68' lang='lat' dir='ltr'><strong>hic</strong></span> <span class='ocrx_word' id='word_1_863' title='bbox 2521 5201 2701 5252; x_wconf 90' lang='grc' dir='ltr'>πλοῖον</span> <span class='ocrx_word' id='word_1_864' title='bbox 2737 5208 2923 5278; x_wconf 80' lang='lat' dir='ltr'><strong>_er:It_:</strong></span> <span class='ocrx_word' id='word_1_865' title='bbox 2976 5207 3034 5253; x_wconf 87' lang='lat' dir='ltr'><strong>at</strong></span> <span class='ocrx_word' id='word_1_866' title='bbox 3084 5198 3358 5278; x_wconf 68' lang='lat' dir='ltr'><strong>quomodo</strong></span> 
     </span>
    </p>
   </div>
   <div class='ocr_carea' id='block_1_120' title="bbox 1798 5268 3358 5335">
    <p class='ocr_par' dir='ltr' id='par_1_120' title="bbox 1798 5268 3358 5335">
     <span class='ocr_line' id='line_1_120' title="bbox 1798 5268 3358 5335; baseline -0.008 -3"><span class='ocrx_word' id='word_1_867' title='bbox 1798 5268 1972 5332; x_wconf 51' lang='lat' dir='ltr'><strong>navis&#39;</strong></span> <span class='ocrx_word' id='word_1_868' title='bbox 1997 5290 2185 5333; x_wconf 83' lang='lat' dir='ltr'><strong>secum</strong></span> <span class='ocrx_word' id='word_1_869' title='bbox 2224 5273 2404 5326; x_wconf 89' lang='grc' dir='ltr'>πλοῖον</span> <span class='ocrx_word' id='word_1_870' title='bbox 2435 5271 2559 5335; x_wconf 82' lang='lat' dir='ltr'><strong>fert,</strong></span> <span class='ocrx_word' id='word_1_871' title='bbox 2597 5271 2749 5335; x_wconf 78' lang='lat' dir='ltr'><strong>quasi</strong></span> <span class='ocrx_word' id='word_1_872' title='bbox 2782 5269 2935 5324; x_wconf 91' lang='lat' dir='ltr'><strong>navis</strong></span> <span class='ocrx_word' id='word_1_873' title='bbox 2966 5268 3195 5322; x_wconf 84' lang='lat' dir='ltr'><strong>navem?</strong></span> <span class='ocrx_word' id='word_1_874' title='bbox 3231 5283 3358 5320; x_wconf 88' lang='lat' dir='ltr'><strong>nam</strong></span> 
     </span>
    </p>
   </div>
   <div class='ocr_carea' id='block_1_121' title="bbox 1797 5336 3361 5404">
    <p class='ocr_par' dir='ltr' id='par_1_121' title="bbox 1797 5336 3361 5404">
     <span class='ocr_line' id='line_1_121' title="bbox 1797 5336 3361 5404; baseline -0.006 -4"><span class='ocrx_word' id='word_1_875' title='bbox 1797 5348 1978 5400; x_wconf 87' lang='grc' dir='ltr'>πλοῖον</span> <span class='ocrx_word' id='word_1_876' title='bbox 2025 5346 2179 5400; x_wconf 85' lang='lat' dir='ltr'><strong>navis</strong></span> <span class='ocrx_word' id='word_1_877' title='bbox 2222 5352 2340 5404; x_wconf 89' lang='lat' dir='ltr'><strong>est,</strong></span> <span class='ocrx_word' id='word_1_878' title='bbox 2388 5343 2528 5396; x_wconf 88' lang='lat' dir='ltr'><strong>haud</strong></span> <span class='ocrx_word' id='word_1_879' title='bbox 2572 5355 2729 5394; x_wconf 90' lang='lat' dir='ltr'><strong>secus</strong></span> <span class='ocrx_word' id='word_1_880' title='bbox 2771 5354 2836 5392; x_wconf 89' lang='lat' dir='ltr'><strong>ac</strong></span> <span class='ocrx_word' id='word_1_881' title='bbox 2880 5338 3028 5400; x_wconf 82' lang='grc' dir='ltr'>ναῦς.</span> <span class='ocrx_word' id='word_1_882' title='bbox 3083 5336 3361 5404; x_wconf 72' lang='lat' dir='ltr'><strong>Miror-que</strong></span> 
     </span>
    </p>
   </div>
   <div class='ocr_carea' id='block_1_122' title="bbox 1797 5409 3363 5476">
    <p class='ocr_par' dir='ltr' id='par_1_122' title="bbox 1797 5409 3363 5476">
     <span class='ocr_line' id='line_1_122' title="bbox 1797 5409 3363 5476; baseline -0.012 -2"><span class='ocrx_word' id='word_1_883' title='bbox 1797 5417 1975 5474; x_wconf 86' lang='lat' dir='ltr'><strong>Gudio</strong></span> <span class='ocrx_word' id='word_1_884' title='bbox 2016 5430 2123 5470; x_wconf 90' lang='lat' dir='ltr'><strong>non</strong></span> <span class='ocrx_word' id='word_1_885' title='bbox 2153 5413 2479 5476; x_wconf 61' lang='lat' dir='ltr'><strong>subdidisse.</strong></span> <span class='ocrx_word' id='word_1_886' title='bbox 2522 5409 2675 5476; x_wconf 85' lang='lat' dir='ltr'><strong>Quod</strong></span> <span class='ocrx_word' id='word_1_887' title='bbox 2708 5410 2788 5464; x_wconf 88' lang='lat' dir='ltr'><strong>sic</strong></span> <span class='ocrx_word' id='word_1_888' title='bbox 2825 5409 3041 5461; x_wconf 87' lang='lat' dir='ltr'><strong>lavacro</strong></span> <span class='ocrx_word' id='word_1_889' title='bbox 3074 5421 3363 5476; x_wconf 79' lang='lat' dir='ltr'><strong>regenera-</strong></span> 
     </span>
    </p>
   </div>
   <div class='ocr_carea' id='block_1_123' title="bbox 1799 5432 3422 5558">
    <p class='ocr_par' dir='ltr' id='par_1_123' title="bbox 1799 5432 3422 5558">
     <span class='ocr_line' id='line_1_123' title="bbox 1799 5432 3363 5476; baseline -0.011 -2"><span class='ocrx_word' id='word_1_890' title='bbox 1799 5432 1975 5474; x_wconf 75' lang='grc' dir='ltr'>υιιυιο</span> <span class='ocrx_word' id='word_1_891' title='bbox 2016 5432 2123 5470; x_wconf 90' lang='lat' dir='ltr'><strong>non</strong></span> <span class='ocrx_word' id='word_1_892' title='bbox 2153 5432 2310 5468; x_wconf 59' lang='lat' dir='ltr'><strong>suum!</strong></span> <span class='ocrx_word' id='word_1_893' title='bbox 2333 5432 2479 5468; x_wconf 82' lang='lat' dir='ltr'><strong>tlsse.</strong></span> <span class='ocrx_word' id='word_1_894' title='bbox 2522 5432 2675 5476; x_wconf 66' lang='lat' dir='ltr'><strong>uuuu</strong></span> <span class='ocrx_word' id='word_1_895' title='bbox 2708 5432 2788 5464; x_wconf 75' lang='lat' dir='ltr'><strong>sic</strong></span> <span class='ocrx_word' id='word_1_896' title='bbox 2825 5432 3041 5461; x_wconf 73' lang='lat' dir='ltr'><strong>lavacru</strong></span> <span class='ocrx_word' id='word_1_897' title='bbox 3075 5432 3363 5476; x_wconf 67' lang='lat' dir='ltr'><strong>regenera-</strong></span> 
     </span>
     <span class='ocr_line' id='line_1_124' title="bbox 1799 5432 3422 5558; baseline -0.007 -17"><span class='ocrx_word' id='word_1_898' title='bbox 1799 5489 1965 5542; x_wconf 90' lang='lat' dir='ltr'><strong>tionis</strong></span> <span class='ocrx_word' id='word_1_899' title='bbox 1992 5495 2270 5558; x_wconf 84' lang='lat' dir='ltr'><strong>comparet</strong></span> <span class='ocrx_word' id='word_1_900' title='bbox 2300 5432 2646 5558; x_wconf 56' lang='lat' dir='ltr'><strong>Dippolytus,</strong></span> <span class='ocrx_word' id='word_1_901' title='bbox 2683 5479 2817 5532; x_wconf 88' lang='lat' dir='ltr'><strong>nihil</strong></span> <span class='ocrx_word' id='word_1_902' title='bbox 2847 5476 2994 5558; x_wconf 79' lang='lat' dir='ltr'><strong>aliud</strong></span> <span class='ocrx_word' id='word_1_903' title='bbox 3019 5475 3358 5558; x_wconf 77' lang='lat' dir='ltr'><strong>commodius</strong></span> <span class='ocrx_word' id='word_1_904' title='bbox 3417 5499 3422 5506; x_wconf 88' lang='lat'><strong>-</strong></span> 
     </span>
    </p>
   </div>
   <div class='ocr_carea' id='block_1_124' title="bbox 1799 5551 3362 5622">
    <p class='ocr_par' dir='ltr' id='par_1_124' title="bbox 1799 5551 3362 5622">
     <span class='ocr_line' id='line_1_125' title="bbox 1799 5551 3362 5622; baseline -0.008 -10"><span class='ocrx_word' id='word_1_905' title='bbox 1799 5559 1911 5612; x_wconf 91' lang='lat' dir='ltr'><strong>lino</strong></span> <span class='ocrx_word' id='word_1_906' title='bbox 1959 5551 2227 5619; x_wconf 64' lang='lat' dir='ltr'><strong>occurrit,</strong></span> <span class='ocrx_word' id='word_1_907' title='bbox 2259 5551 2377 5622; x_wconf 86' lang='lat' dir='ltr'><strong>quo</strong></span> <span class='ocrx_word' id='word_1_908' title='bbox 2407 5551 2509 5607; x_wconf 17' lang='lat' dir='ltr'><strong>isic’</strong></span> <span class='ocrx_word' id='word_1_909' title='bbox 2534 5551 2821 5622; x_wconf 77' lang='lat' dir='ltr'><strong>capiuntur</strong></span> <span class='ocrx_word' id='word_1_910' title='bbox 2866 5551 3075 5622; x_wconf 65' lang='lat' dir='ltr'><strong>pisces,</strong></span> <span class='ocrx_word' id='word_1_911' title='bbox 3117 5556 3170 5600; x_wconf 89' lang='lat' dir='ltr'><strong>et</strong></span> <span class='ocrx_word' id='word_1_912' title='bbox 3192 5551 3362 5622; x_wconf 60' lang='lat' dir='ltr'><strong>cujus</strong></span> 
     </span>
    </p>
   </div>
   <div class='ocr_carea' id='block_1_125' title="bbox 1801 5615 3362 5696">
    <p class='ocr_par' dir='ltr' id='par_1_125' title="bbox 1801 5615 3362 5696">
     <span class='ocr_line' id='line_1_126' title="bbox 1801 5615 3362 5696; baseline -0.01 -13"><span class='ocrx_word' id='word_1_913' title='bbox 1801 5627 2114 5696; x_wconf 86' lang='lat' dir='ltr'><strong>metaphora</strong></span> <span class='ocrx_word' id='word_1_914' title='bbox 2138 5665 2153 5691; x_wconf 94' lang='lat'><strong>,</strong></span> <span class='ocrx_word' id='word_1_915' title='bbox 2171 5694 2180 5696; x_wconf 96' lang='lat'><em>_</em></span> <span class='ocrx_word' id='word_1_916' title='bbox 2199 5615 2881 5696; x_wconf 45' lang='lat' dir='ltr'><strong>przedicatio_evangelica_</strong></span> <span class='ocrx_word' id='word_1_917' title='bbox 2906 5617 3099 5696; x_wconf 77' lang='lat' dir='ltr'><strong>Proclo</strong></span> <span class='ocrx_word' id='word_1_918' title='bbox 3119 5653 3134 5678; x_wconf 93' lang='lat'><strong>,</strong></span> <span class='ocrx_word' id='word_1_919' title='bbox 3185 5615 3362 5696; x_wconf 50' lang='grc' dir='ltr'><strong>Ωιι-[γυ</strong></span> 
     </span>
    </p>
   </div>
   <div class='ocr_carea' id='block_1_126' title="bbox 1801 5684 3366 5768">
    <p class='ocr_par' dir='ltr' id='par_1_126' title="bbox 1801 5684 3366 5768">
     <span class='ocr_line' id='line_1_127' title="bbox 1801 5684 3366 5768; baseline -0.009 -16"><span class='ocrx_word' id='word_1_920' title='bbox 1801 5684 1962 5768; x_wconf 64' lang='lat' dir='ltr'><strong>sost.;</strong></span> <span class='ocrx_word' id='word_1_921' title='bbox 1990 5705 2120 5760; x_wconf 89' lang='lat' dir='ltr'><strong>etc.,</strong></span> <span class='ocrx_word' id='word_1_922' title='bbox 2139 5684 2640 5768; x_wconf 32' lang='lat' dir='ltr'><strong>declaraturanus</strong></span> <span class='ocrx_word' id='word_1_923' title='bbox 2683 5684 2866 5768; x_wconf 66' lang='lat' dir='ltr'><strong>itaque</strong></span> <span class='ocrx_word' id='word_1_924' title='bbox 2897 5687 3230 5768; x_wconf 43' lang='lat' dir='ltr'><strong>riavis,fqua:</strong></span> <span class='ocrx_word' id='word_1_925' title='bbox 3256 5684 3366 5766; x_wconf 64' lang='grc' dir='ltr'><strong>βε-</strong></span> 
     </span>
    </p>
   </div>
   <div class='ocr_carea' id='block_1_127' title="bbox 1802 5759 3364 5833">
    <p class='ocr_par' dir='ltr' id='par_1_127' title="bbox 1802 5759 3364 5833">
     <span class='ocr_line' id='line_1_128' title="bbox 1802 5759 3364 5833; baseline -0.008 -10"><span class='ocrx_word' id='word_1_926' title='bbox 1802 5759 1965 5823; x_wconf 82' lang='lat' dir='ltr'><strong>clesia</strong></span> <span class='ocrx_word' id='word_1_927' title='bbox 2003 5759 2111 5831; x_wconf 79' lang='lat' dir='ltr'><strong>est,</strong></span> <span class='ocrx_word' id='word_1_928' title='bbox 2156 5764 2330 5820; x_wconf 85' lang='lat' dir='ltr'><strong>linum</strong></span> <span class='ocrx_word' id='word_1_929' title='bbox 2380 5759 2656 5833; x_wconf 82' lang='lat' dir='ltr'><strong>capiendis</strong></span> <span class='ocrx_word' id='word_1_930' title='bbox 2698 5759 3112 5830; x_wconf 74' lang='lat' dir='ltr'><strong>pisCiculis,‘et</strong></span> <span class='ocrx_word' id='word_1_931' title='bbox 3146 5764 3204 5811; x_wconf 88' lang='lat' dir='ltr'><strong>ut</strong></span> <span class='ocrx_word' id='word_1_932' title='bbox 3251 5759 3364 5826; x_wconf 81' lang='lat' dir='ltr'><strong>jam</strong></span> 
     </span>
    </p>
   </div>
   <div class='ocr_carea' id='block_1_128' title="bbox 2970 5854 3049 5915">
    <p class='ocr_par' dir='ltr' id='par_1_128' title="bbox 2970 5854 3049 5915">
     <span class='ocr_line' id='line_1_129' title="bbox 2970 5854 3049 5915; baseline 0.013 -1"><span class='ocrx_word' id='word_1_933' title='bbox 2970 5854 3049 5915; x_wconf 79' lang='grc'>25</span> 
     </span>
    </p>
   </div>
  </div>
