3830 7152
505 277 606 331 ’ΠΩ

1199 271 1256 328 S.
1296 270 1656 327 HIPPOLYTJ
1696 270 1850 326 OPP.
1894 267 2074 323 PARS
2113 267 2176 323 11.
2221 297 2288 307 -
2328 267 2629 324 DOGMAT.
2675 267 2761 323 ET
2803 266 3145 324 lllSTORlC.
3607 277 3696 331 ’ίΒῦ

504 397 736 465 Spiritus
761 395 850 450 ille
883 407 912 448 e
944 389 1119 455 milis,
1157 407 1266 462 quo
1301 390 1487 445 ﬁdeles
1517 393 1906 462 consignantur
1941 388 2063 441 Deo.

2178 387 2492 450 στεύοντας,
2546 385 2666 439 ὅθεν
2714 387 2783 458 δή
2835 387 3008 440 ταῦτα
3057 384 3316 457 λαμπρά·
3370 386 3612 459 πάρεστιν
3646 395 3706 459 ὡς

503 489 675 542 llabet
704 487 901 556 pariter
925 484 1000 538 illi
1023 484 1252 538 comites
1271 493 1324 537 et
1344 481 1548 537 ferreas
1571 483 1859 547 anchoras,
1885 493 2069 538 sancta

501 578 758 632 nimirum
787 573 989 629 Christi
1034 573 1319 636 mandata,
1365 587 1485 642 qua:
1532 571 1663 627 ferri
1696 572 1859 628 robur
1891 573 2070 642 ipsum

500 667 812 738 prmierant.
841 664 982 730 Quin
1016 671 1070 718 et
1099 672 1295 718 nautas
1320 679 1350 718 a
1369 663 1588 719 dextris
1621 674 1783 734 atque
1831 663 2070 718 sinistris

500 761 679 822 habet,
711 765 1024 814 sanctorum
1054 756 1367 827 angelorum
1401 771 1551 811 more
1570 757 1906 819 assistentes,
1933 771 2070 825 quo-

500 865 621 905 rum
653 862 754 918 ope
786 846 1096 902 continetur
1123 854 1285 916 atque
1321 846 1562 900 munitur
1600 844 1860 900 Ecclesia.
1893 844 1950 898 In
1981 859 2065 908 ea,

499 940 644 996 scala
678 953 799 1008 quae
843 939 897 992 in
938 938 1104 991 altum
1148 937 1213 990 ad
1253 945 1543 992 antennam
1587 937 1856 1004 subvehit,
1893 937 2070 1007 imago

497 1041 580 1087 est
606 1029 867 1086 salutaris
895 1028 1098 1083 Christi
1125 1028 1414 1097 passionis,
1447 1027 1630 1082 ﬁdeles
1669 1028 1889 1083 trahens
1925 1036 1984 1082 ut
2014 1028 2069 1081 in

499 1123 666 1179 caelos
691 1121 1078 1178 conscendant.
1111 1117 1274 1189 Signa
1306 1134 1466 1189 super
1496 1128 1784 1174 antennam
1817 1119 1870 1172 in
1901 1118 2067 1172 altum

498 1215 729 1277 sublata,
759 1212 1168 1282 prophetarum,
1201 1219 1500 1281 martyrum
1533 1219 1587 1264 et
1619 1209 1987 1280 apostolorum
2012 1208 2065 1263 in

496 1308 697 1360 Christi
733 1321 900 1376 regno
929 1303 1325 1374 quiescentium
1356 1302 1588 1372 stipatus
1613 1302 1772 1357 ordo.

570 1575 682 1632 LX.
725 1575 796 1630 De
823 1574 1216 1645 persecutionis
1243 1587 1369 1627 vero
1399 1587 1662 1633 aerumna,
1688 1585 1849 1639 quam
1885 1569 2068 1622 adver-

497 1671 673 1726 sarius
703 1669 954 1724 Ecclesiae
1007 1667 1243 1728 inducet,
1276 1666 1437 1719 etiam
1473 1662 1711 1719 Joannes
1771 1662 2010 1732 loquitur
2047 1677 2060 1712 :

502 1781 520 1814 ι
553 1762 618 1816 Ει
672 1760 780 1816 vidi
818 1760 1034 1829 signum
1073 1759 1326 1828 magnum
1361 1763 1416 1810 et
1458 1753 1702 1809 mirabile
1728 1793 1742 1816 ,
1778 1751 2058 1806 mulierem
2095 1734 2134 1788 Β

499 1855 755 1909 amictam
783 1850 915 1911 sole,
951 1858 1002 1903 et
1026 1849 1152 1902 luna
1179 1847 1524 1916 subpedibus
1553 1844 1693 1914 ejus,
1717 1853 1769 1898 et
1803 1841 1854 1896 in
1889 1843 2064 1912 capite

494 1946 614 2014 ejus
639 1957 840 1999 corona
865 1941 1143 1996 stellarum
1170 1938 1476 1994 duodecim.
1512 1936 1576 1992 Et
1604 1939 1656 1992 in
1689 1948 1842 1992 utero
1859 1937 2063 1992 habens

496 2037 694 2092 clamat
751 2032 1079 2105 parturiens,
1133 2041 1188 2085 et
1244 2030 1592 2085 cruciabatur
1643 2039 1702 2083 ut
1739 2037 1968 2098 pareret.
2001 2027 2065 2081 Et

481 2129 658 2184 draco
701 2119 850 2182 stetit
894 2135 1018 2180 ante
1071 2124 1349 2177 mulierem
1384 2137 1504 2192 quae
1548 2131 1664 2176 erat
1699 2123 1972 2192 paritura,
2006 2131 2065 2176 ut

495 2237 618 2275 cum
656 2219 970 2290 peperisset,
1019 2217 1190 2270 ﬁlium
1224 2215 1342 2283 ejus
1377 2215 1679 2268 devoraret.
1737 2213 1804 2268 Et
1857 2214 2066 2283 peperit

499 2312 669 2364 tilium
709 2309 1012 2362 masculum
1033 2347 1046 2368 ,
1079 2307 1170 2375 qui
1209 2313 1324 2359 erat
1354 2313 1606 2358 recturus
1642 2319 1830 2359 omnes
1855 2313 2062 2374 gentes.

495 2402 559 2456 Et
591 2412 776 2468 raptus
799 2410 880 2455 est
903 2400 1042 2452 ﬁlius
1079 2398 1143 2451 ad
1175 2396 1341 2451 Deum
1371 2405 1423 2450 et
1459 2396 1522 2450 ad
1554 2396 1808 2450 thronum
1829 2396 1966 2466 ejus.
1999 2395 2066 2451 Et

497 2494 694 2547 mulier
726 2493 860 2561 fugit
896 2492 949 2544 in
976 2489 1340 2551 solitudinem,
1382 2489 1471 2541 ubi
1505 2487 1734 2542 habebat
1763 2488 1940 2542 locum
1969 2502 2066 2557 pa-

495 2596 672 2639 ratum
713 2600 742 2638 a
787 2583 918 2649 Deo,
955 2590 1013 2635 ut
1043 2581 1114 2634 ibi
1146 2594 1266 2634 eam
1307 2588 1528 2648 pascant
1574 2577 1762 2632 diebus
1796 2579 1942 2632 mille
1964 2578 2065 2632 du-

494 2677 665 2732 centis
687 2674 963 2743 sexaginta
985 2673 1052 2725 ⁸ο.
1107 2671 1172 2726 Ει
1211 2683 1336 2726 tunc
1366 2673 1556 2726 videns
1589 2671 1777 2736 draco,
1815 2686 2064 2741 persecu-

493 2774 583 2820 tus
624 2773 709 2819 est
752 2763 1034 2818 mulierem
1071 2776 1193 2830 qua:
1238 2761 1442 2830 peperit
1479 2761 1804 2816 masculum.
1837 2760 1905 2816 Et
1928 2761 2064 2816 datae

495 2867 619 2914 sunt
655 2855 867 2912 mulieri
900 2854 999 2908 ala:
1024 2853 1145 2906 duae
1179 2853 1373 2922 aquila:
1407 2867 1635 2923 magnae,
1684 2862 1743 2907 ut
1773 2854 1977 2909 volaret
2009 2855 2063 2909 in

492 2953 800 3012 desertum;
846 2948 934 3001 ubi
973 2943 1136 3000 alitur
1170 2958 1264 3014 per
1290 2953 1502 3012 tempus
1541 2955 1594 2998 et
1623 2953 1864 3013 tempora
1898 2954 1951 3001 et
1982 2946 2066 2999 di-

2177 477 2426 548 πνεῦμα,
2473 480 2535 532 τὸ
2571 477 2665 531 ἀπ’
2718 479 2995 549 οὐρανῶν,
3045 477 3112 532 δι’
3149 471 3212 532 οῦ
3274 475 3639 549 σφραγίζοντιι
3668 487 3709 537 ol

2176 570 2520 634 πιστεύοντες
2586 569 2664 640 τῷ
2736 570 2888 642 Θεῷ·
2946 570 3283 643 παρέπονται
3335 571 3392 624 δὲ
3449 572 3576 645 αὐτῇ
3637 579 3711 632 κα),

2172 663 2407 733 ἄγκυραι
2443 661 2676 733 σιδηραῖ,
2705 661 2866 715 αὐτοῦ
2893 661 2987 715 τοῦ
3025 660 3266 733 Χριστοῦ
3298 663 3353 716 αἱ
3417 662 3560 732 ἆγιαι
3596 667 3716 721 ἐντο-

2173 752 2281 814 λαὶ,
2320 753 2541 806 δυναταὶ
2571 748 2725 806 οὖσαι
2752 752 2827 817 ὡς
2859 740 3099 824 σίδηρος.
3130 754 3288 822 Ἔχει
3327 752 3383 804 δὲ
3428 754 3518 806 καὶ
3547 756 3719 824 ναύτας

2172 844 2378 911 δεξιοὺς
2407 845 2501 897 καὶ
2541 844 2872 916 εὐωνύμους,
2914 845 2990 909 ὡς
3034 845 3227 914 ἁγίους
3272 845 3531 913 ἀγγέλους
3577 849 3719 918 παρέ-

2171 937 2328 1008 δρους
2351 937 2416 990 δι’
2446 931 2522 998 ὧν
2543 938 2628 992 ἀεὶ
2657 940 2937 1009 κρατεῖται
2973 939 3068 992 καὶ
3102 939 3425 1010 φρουρεῖται
3453 939 3486 1007 ή
3529 939 3720 1011 Ἐκκλη-

2173 1029 2266 1084 σία
2282 1046 2295 1058 ·
2322 1027 2524 1100 κλίμαξ
2551 1030 2609 1082 έν
2631 1027 2768 1100 αὐτῇ
2799 1028 2877 1092 είς
2906 1028 3038 1097 ὕψος
3061 1029 3346 1097 ἀνάγουσα
3367 1028 3459 1080 ἐπὶ
3481 1028 3540 1080 τὸ
3558 1029 3717 1100 κέρας,

2172 1119 2333 1174 εἰκὼν
2360 1120 2589 1191 σημείου
2612 1119 2816 1185 πάθους
2840 1119 3098 1192 Χριστοῦ,
3123 1119 3367 1173 ἕλκουσα
3387 1121 3508 1182 τοὺς
3532 1122 3721 1185 motos;

2171 1217 2250 1278 είς
2282 1213 2543 1268 ἀνάϐασιν
2569 1212 2812 1284 οὐρανῶν
2829 1231 2843 1243 ·
2871 1212 3115 1284 ψηφαροὶ
3142 1211 3199 1265 δὲ
3236 1210 3354 1282 (22)
3389 1211 3481 1264 ἐπὶ
3505 1211 3560 1264 τὸ
3581 1214 3721 1284 κέρας

2170 1307 2254 1376 ἐφ’
2283 1305 2484 1376 ὑψηλοῦ
2514 1304 2818 1376 αἰνούμενοι
2841 1304 2975 1374 (25),
3007 1304 3159 1371 τάξις
3188 1302 3516 1373 προφητῶν,
3544 1303 3721 1373 μαρτύ.

2174 1417 2279 1470 ρων
2311 1417 2370 1452 τε
2399 1399 2494 1453 καὶ
2539 1398 2883 1461 ἀποστόλων,
2919 1399 3004 1461 είς
3031 1397 3313 1468 βασιλείαν
3364 1395 3590 1467 Χριστοῦ
3614 1397 3720 1449 ἀνα-

2170 1490 2511 1561 παυομένων.

2237 1580 2375 1650 Περὶ
2413 1578 2510 1649 μὲν
2551 1573 2644 1631 οὖν
2671 1578 2769 1648 τῆς
2809 1577 3040 1648 θλίψεως
3081 1577 3177 1630 τοῦ
3211 1573 3486 1646 διωγμοῦ,
3508 1575 3602 1646 τῆς
3623 1575 3716 1630 ἐσο-

2175 1672 2343 1742 μένης
2390 1671 2481 1724 ὲπὶ
2525 1671 2625 1741 τὴν
2679 1670 3001 1740 Ἐκκλησίαν
3049 1669 3154 1722 ὑπὸ
3199 1668 3298 1721 τοῦ
3356 1668 3716 1738 ἀντικειμένου,

2165 1762 2260 1815 καὶ
2305 1759 2553 1830 Ἰωάννης
2601 1759 2768 1828 φησί·
2832 1778 2850 1810 ‹
2900 1759 3007 1811 Καὶ
3047 1753 3186 1811 εἶδον
3226 1759 3456 1828 σημεῖον
3489 1757 3616 1827 μέγα
3643 1758 3717 1809 καὶ

2166 1850 2498 1922 θαυμαστὸν,
2526 1851 2763 1918 γυναῖκα
2789 1848 3079 1921 περιϐεϐλη
3089 1849 3260 1920 μένην
3285 1847 3379 1900 τὸν
3409 1847 3573 1916 ἥλιον,
3595 1848 3716 1918 καὶὴ

2168 1941 2360 2013 σελήνη
2391 1940 2646 1994 ὑποκάτω
2677 1939 2785 1994 τῶν
2824 1938 2996 1993 ποδῶν
3039 1939 3230 2009 αὐτῆς,
3271 1937 3370 1990 καὶ
3411 1937 3503 1989 ἐπὶ
3533 1937 3622 2007 τῆς
3643 1955 3716 1990 κε-

2165 2034 2340 2106 φαλῆς
2367 2033 2536 2104 αύτῆς
2580 2033 2840 2102 στέφανος
2871 2033 3116 2104 ἀστέρων
3148 2030 3411 2084 δεκαδύο·
3444 2030 3534 2083 καὶ
3564 2032 3614 2082 ὲν
3633 2047 3715 2098 γα-

2167 2129 2288 2198 στρὶ
2322 2127 2516 2198 ἔχουσα
2556 2124 2747 2197 κράζει
2787 2125 3048 2178 ὠδίνουσα
3087 2124 3181 2178 κο.)⁵
3225 2122 3618 2193 βασανιζομένη
3644 2138 3716 2174 τε-

2166 2223 2299 2273 κεῖν.
2338 2219 2446 2273 Kal
2489 2219 2516 2271 6
2547 2217 2759 2290 δράκων
2790 2217 3017 2287 ἕστηκεν
3059 2214 3292 2269 ἐνώπιον
3333 2215 3436 2284 τῆς
3475 2213 3712 2282 γυναικὸς,

2165 2313 2265 2382 τῆς
2300 2310 2598 2382 μελλούσης
2628 2310 2850 2372 τίκτειν,
2882 2310 2966 2363 ἵνα
2993 2309 3118 2362 ὅταν
3146 2307 3308 2382 τέκῃ,
3340 2307 3406 2359 τὸ
3442 2305 3616 2358 τέκνον
3636 2305 3712 2356 αὐ-

2165 2404 2264 2474 τῆς
2305 2405 2617 2475 καταφάγῃ.
2655 2403 2764 2456 Καὶ
2803 2401 2986 2455 ἔτεκεν
3029 2401 3142 2454 υἱὸν
3171 2400 3384 2474 ἄρρενα
3413 2439 3428 2464 ,
3473 2398 3529 2462 ὃς
3566 2397 3711 2468 μέλλει

2166 2496 2471 2566 ποιμαίνειν
2503 2495 2676 2548 πάντα
2699 2493 2767 2546 τά
2797 2492 2944 2563 ἔθνη,
2977 2491 3072 2548 καὶ
3099 2492 3331 2563 ήρπόιγη
3359 2491 3422 2544 τὸ
3441 2490 3613 2543 τέκνον
3639 2489 3713 2541 αό-

2165 2587 2264 2657 τῆς
2305 2587 2441 2658 πρὸς
2481 2586 2570 2640 τὸν
2600 2585 2730 2640 Θεὸν
2766 2587 2859 2638 καὶ
2891 2591 2975 2648 εἷς
3015 2583 3105 2637 τὸν
3141 2582 3332 2654 θρόνον
3358 2581 3518 2636 αὑτοῦ
3540 2599 3551 2608 ο
3580 2580 3709 2648 καὶὴ

2166 2679 2300 2748 γυνὴ
2341 2677 2536 2746 ἔφυγεν
2576 2677 2652 2740 είς
2690 2675 2788 2746 τὴν
2835 2674 3060 2747 ἔρημον,
3111 2675 3245 2727 ὅπου
3299 2674 3416 2744 ἔχει
3465 2673 3552 2726 τὸν
3578 2671 3710 2724 τόπον

2166 2770 2281 2822 ἐκεῖ
2312 2768 2706 2839 ἡτοιμασμένον
2738 2767 2844 2820 ἀπὸ
2877 2766 2970 2819 τοῦ
2999 2766 3156 2830 Θεοῦ,
3194 2767 3285 2820 ἵνα
3324 2768 3443 2819 ἐκεῖ
3479 2765 3708 2836 τρέςςωσιν

2168 2862 2334 2931 αὐτὴν
2380 2860 2588 2931 ἡμέρας
2625 2859 2798 2930 χιλίας
2834 2857 3110 2921 διακοσίας
3151 2845 3437 2929 ἐξήκοντα.
3485 2857 3584 2909 Kal.
3615 2855 3709 2907 τότε

2171 2951 2293 3007 ίδὼν
2334 2955 2362 3006 6
2399 2951 2611 3022 δράκων
2657 2949 2840 3014 ἐδίωξε
2884 2951 2984 3020 τὴν
3024 2951 3278 3019 γυναῖκα,
3328 2949 3451 3020 ἥτις
3479 2948 3616 3001 ἔτεκε
3637 2947 3707 2998 τὸν

493 3041 718 3096 midium
757 3039 1036 3127 tem‘poris,
1087 3053 1116 3089 a
1167 3035 1303 3090 facie
1337 3035 1626 3105 serpentis.
1676 3034 1741 3090 Et
1781 3037 1924 3092 misit
1950 3052 2063 3092 ser-

2171 3045 2372 3116 ᾰρῤενα
2391 3059 2404 3072 ·
2437 3041 2543 3095 καῖ
2572 3040 2828 3112 ἐδόθησαν
2869 3044 2934 3113 τῇ
2978 3042 3196 3111 γυναικὶ
3228 3043 3325 3096 δύο
3353 3041 3608 3112 πτέρυγες
3633 3039 3706 3090 τοῦ

493 3146 626 3201 pens
654 3146 717 3184 ex
751 3113 968 3183 ore'suo
999 3138 1120 3197 post
1139 3126 1418 3180 mulierem
1451 3141 1648 3195 aquam
1675 3136 1930 3196 tanquam
1959 3128 2060 3183 ﬁn-

2171 3113 2323 3189 ἀετοῦ
2371 3133 2465 3187 τοῦ
2515 3133 2772 3204 μεγάλου,
2828 3133 2914 3186 ἵνα
2961 3133 3185 3204 πέτηται
3239 3136 3324 3198 εἰς
3376 3133 3472 3205 τὴν
3519 3133 3702 3203 ἔρημον,

493 3236 639 3285 men,
669 3228 727 3273 ut
751 3234 870 3274 eam
903 3219 1102 3272 faceret
1129 3216 1241 3286 rapi
1275 3232 1305 3270 a
1336 3215 1580 3271 ﬂumine.
1609 3217 1674 3271 Et
1695 3219 1898 3286 adjuvit
1921 3229 2058 3274 terra

492 3313 800 3377 mulierem,
831 3320 884 3365 et
919 3309 1130 3379 aperuit
1160 3324 1221 3362 os
1245 3323 1426 3371 suum,
1452 3320 1502 3362 et
1535 3309 1816 3364 absorbuit
1841 3311 2062 3379 ﬁumen,

493 3407 639 3475 quod
684 3405 908 3460 miserat
958 3416 1181 3471 serpens
1235 3416 1300 3454 ex
1351 3417 1445 3457 ore
1492 3416 1614 3454 suo.
1677 3400 1745 3454 Et
1782 3403 1952 3458 iratus
1983 3414 2066 3458 est

492 3497 658 3552 draco
693 3497 744 3549 in
774 3495 1056 3548 mulierem
1078 3533 1093 3555 ,
1135 3500 1186 3545 et
1219 3491 1350 3545 abiit
1387 3502 1444 3544 ut
1480 3489 1690 3562 faceret
1714 3491 1910 3546 bellum
1938 3509 2061 3547 cum

493 3591 695 3644 sanctis
729 3589 795 3642 de
817 3589 936 3658 ejus
961 3589 1183 3646 semine,
1213 3586 1304 3656 qui
1336 3584 1652 3639 custodiunt
1681 3586 1936 3640 mandata
1969 3585 2062 3641 Dei

491 3692 546 3736 et
570 3683 771 3736 habent
797 3680 1164 3734 testimonium
1192 3676 1322 3732 Jesu
1349 3677 1415 3729 ⁸³.
1450 3695 1469 3727 ι

2163 3229 2295 3281 ὅπου
2328 3223 2585 3296 τρέφεται
2630 3226 2748 3277 ἐκεῖ
2781 3223 2968 3295 καιρὸν
3014 3225 3107 3278 καὶ
3157 3227 3388 3297 καιροὺς
3458 3225 3547 3278 καὶ
3567 3225 3702 3293 ἣμισυ

2165 3317 2354 3390 καιροῦ
2379 3315 2486 3370 ἀπὸ
2508 3314 2798 3386 πρωσόπου
2830 3314 2924 3367 τοῦ
2950 3315 3142 3385 δερεως.
3191 3317 3304 3370 Καὶ
3348 3316 3532 3370 ἔϐαλεν
3556 3317 3580 3368 6
3608 3314 3703 3382 όφις

2164 3409 2362 3478 (ὀπίσω
2401 3406 2500 3476 τῆς
2531 3405 2786 3474 γυναικὸς
2811 3407 2874 3459 ἐκ
2904 3406 2996 3460 τοῦ
3019 3407 3284 3478 στόματος
3317 3406 3480 3461 αὐτοῦ
3501 3406 3625 3476 ὕδωρ
3646 3403 3702 3464 ὡς

2168 3499 2445 3571 ποταμόν·
2495 3497 2580 3550 ἵνα
2615 3496 2816 3568 ταύτην
2867 3499 3318 3571 ποταμοφόρητον
3370 3498 3590 3570 ποιήσῃ·
3631 3494 3701 3546 καὶ

2169 3591 2463 3664 ἐϐοήθησεν
2504 3591 2537 3660 ἡ
2584 3589 2653 3660 γῆ
2696 3591 2762 3660 τῇ
2804 3590 3059 3659 γυναικὶ,
3094 3591 3189 3644 καὶ
3234 3591 3447 3663 ᾖνοιξεν
3480 3589 3537 3641 τὸ
3565 3586 3700 3654 στόμα

2168 3683 2359 3752 αὐτῆς,
2406 3682 2500 3735 καὶ
2540 3681 2767 3735 κατέπιε
2811 3682 2902 3735 τὸν
2925 3683 3184 3752 ποταμὸν,
3226 3683 3284 3736 ὃν
3331 3682 3517 3736 ἔϐαλεν
3541 3681 3566 3732 6
3589 3675 3699 3745 ὄφις)

493 3780 557 3830 ὲκ
610 3775 702 3829 τοῦ
742 3775 1004 3844 στόματος
1041 3771 1226 3827 αὑτοῦ.
1262 3772 1372 3824 Καὶ
1430 3771 1674 3843 ὠργίσθη
1714 3775 1742 3826 6
1785 3773 1999 3845 δράκων
2033 3779 2126 3832 ἐπὶ
2162 3782 2226 3850 τῇ
2269 3777 2509 3846 γυναικὶ,
2545 3776 2637 3830 καὶ
2663 3776 2872 3848 ἀπῆλθε
2918 3778 3139 3848 ποιῆσαι
3171 3778 3410 3850 πόλεμον
3459 3773 3584 3848 μετά
3615 3770 3696 3823 τῶν

495 3872 664 3941 ἁγίων
707 3869 799 3923 τοῦ
853 3869 1160 3940 σπέρματος
1204 3868 1368 3937 αὐτῆς
1392 3906 1406 3929 ›
1461 3865 1568 3920 τῶν
1611 3868 1918 3939 τηρούντων
1965 3872 2064 3937 τὰς
2097 3874 2314 3936 ἐντολὰς
2351 3872 2446 3926 τοῦ
2487 3869 2641 3936 Θεοῦ,
2662 3872 2753 3925 καὶ
2769 3871 2997 3941 ἐχόντων
3025 3872 3124 3944 τὴν
3159 3872 3460 3945 μαρτυρίαν
3489 3865 3656 3941 Ἰησοῦ.
3678 3881 3694 3913 ι

565 3964 699 4019 LXI.
752 3962 1030 4017 Mulierem
1084 3963 1337 4017 amictam
1369 3963 1482 4016 sole
1521 3963 1822 4019 clarissime
1876 3966 2062 4023 Eccle-

495 4059 632 4113 aiain
677 4055 1017 4124 signiﬁcavit,
1074 4064 1298 4123 paterno
1350 4053 1592 4108 indutam
1658 4053 1855 4122 Verbo,
1919 4061 2063 4128 quod

495 4150 611 4203 sole
659 4147 952 4202 micantius
1013 4146 1277 4214 splendet.
1317 4143 1557 4198 Dicendo
1588 4161 1716 4201 vero
1760 4188 1777 4214 ,
1815 4166 1832 4198 ‹
1873 4150 2060 4204 lunam

496 4243 600 4296 sub
630 4239 858 4309 pedibus
884 4238 1030 4306 ejus,
1059 4255 1076 4287 ›
1106 4235 1312 4290 οαςιεειὶ
1343 4235 1586 4290 claritate
1606 4236 1745 4292 luna:
1770 4239 1823 4292 in
1858 4255 2064 4295 morem

387 4342 401 4352 “
495 4338 743 4384 ornatam
772 4326 1027 4383 ostendit.
1061 4325 1215 4391 Quod
1240 4335 1420 4380 autem
1448 4327 1522 4379 ait
1551 4357 1568 4383 ο
1608 4345 1624 4377 ι
1660 4329 1718 4382 in
1744 4330 1918 4398 capite
1945 4331 2064 4399 ejus

493 4435 697 4474 corona
727 4419 1004 4474 stellarum
1039 4416 1325 4471 duodecim
1345 4456 1358 4478 ,
1415 4435 1432 4466 ι
1475 4417 1759 4472 duodecim
1789 4422 2067 4490 apostolos

494 4510 760 4580 designat,
784 4525 879 4579 per
911 4525 1046 4580 quos
1071 4509 1292 4565 fundata
1315 4517 1397 4564 est
1417 4508 1674 4564 Ecclesia.
1713 4531 1730 4561 ι
1770 4510 1835 4566 Et
1861 4513 2066 4569 habens

495 4601 550 4654 in
587 4610 742 4655 utero
774 4602 974 4655 clamat
1007 4601 1339 4672 parturiens,
1380 4611 1432 4655 et
1460 4601 1808 4656 cruciabatur
1827 4612 1883 4658 ut
1908 4619 2065 4673 pare-

492 4703 606 4758 ret;
651 4712 667 4743 ν
717 4694 844 4762 quia
883 4708 990 4747 non
1025 4705 1203 4750 cessat
1232 4693 1470 4750 Ecclesia
1505 4710 1573 4750 ex
1618 4697 1782 4750 corde
1821 4694 2059 4750 Verbum

493 4786 734 4856 gignere,
766 4787 910 4854 quod
934 4787 984 4840 in
1001 4787 1202 4842 mundo
1217 4788 1284 4841 ab
1303 4786 1607 4843 inﬁdelibus
1629 4788 2056 4856 persecutionem

493 4877 712 4948 patitur.
757 4895 775 4928 ι
817 4877 882 4932 Et
905 4879 1142 4947 peperit,
1179 4880 1373 4950 inquit,
1406 4881 1575 4935 ﬁlium
1607 4881 1932 4946 masculum,
1966 4881 2060 4951 qui

567 4991 614 5023 ⁸ο
642 4992 808 5061 Apoc.
842 5007 938 5056 xu,
971 4993 1088 5045 1-6.
1167 4994 1207 5024 ⁸¹
1234 4982 1365 5047 Ibid.
1435 4995 1522 5060 15,
1550 4994 1662 5058 ιλ,

496 5109 782 5184 christiac
805 5109 1068 5184 Ecclesia}
1099 5113 1339 5167 membra
1372 5113 1501 5180 sint,
1528 5123 1679 5168 extra
1714 5114 1899 5168 mundi
1932 5130 2054 5184 pro-

498 5179 992 5256 {anisalscclinenu
1044 5181 1318 5236 lavacrum
1342 5195 1438 5256 _est
1473 5179 2060 5256 regenerationis—quo

499 5252 578 5304 sic
602 5251 833 5320 iChristo
867 5250 1300 5320 incorporamur.
1332 5250 1566 5308 Conseri

570 5319 680 5402 (22)
729 5319 1233 5402 Ψηφιηοοίζγοιίιη
1281 5323 1505 5402 discere_
1541 5323 1683 5402 quid.
1703 5325 1843 5378 istud
1870 5325 1944 5402 in
2002 5341 2060 5379 re

500 5391 754 5470 nautiCa,
813 5391 1009 5459 quidve
1063 5391 1137 5470 ita
1181 5403 1430 5470 antennm
1493 5391 1804 5470 impositum
1870 5396 2055 5470 illique

500 5463 812 5533 imminens,
846 5477 911 5516 ac
940 5463 1097 5533 quasi
1124 5463 1540 5532 supervolitans,
1569 5465 1711 5533 quod
1752 5463 1979 5520 sanctos
2000 5466 2052 5518 in

498 5529 703 5615 gliristi
750 5546 916 5601 regno
958 5529 1342 5615 quiescentes,
1376 5529 1625 5615 symbolo
1671 5537 2056 5615 repraesentet?

505 5597 767 5675 Videntur
800 5597 948 5675 _ésse,
979 5617 1099 5675 qua:
1142 5602 1345 5675 Polluci
1380 5597 1472 5658 lib.
1501 5621 1538 5669 ι,
1583 5620 1700 5674 cap.
1733 5597 1808 5672 '9,
1847 5604 2056 5675 ἅμὸολοι

498 5668 590 5722 καὶ
627 5667 885 5741 σύμϐολα,
915 5667 1034 5743 quae
1067 5673 1121 5728 in
1152 5674 1331 5729 medio
1354 5667 1602 5730 antennae
1636 5667 1805 5746 ponit,
1834 5667 1971 5732 κατὰ
1997 5676 2058 5728 τὸ

2235 3969 2346 4038 Τὴν
2376 3968 2472 4039 μὲν
2491 3962 2583 4021 οῦν
2606 3970 2835 4035 γυναῖκα
2855 3965 2951 4036 τὴν
2966 3967 3258 4040 περιδεδλη
3267 3969 3435 4040 μένην
3453 3966 3538 4018 τὸν
3560 3961 3693 4034 ἥλιον,

2172 4059 2481 4128 σαφέστατα
2535 4059 2632 4128 τὴν
2703 4058 3025 4131 Ἐκκλησίαν
3069 4059 3338 4131 ἐδήλωσεν
3394 4052 3696 4124 ὲνδεδυμένην

2170 4151 2260 4203 τὸν
2291 4150 2458 4218 Λόγον
2477 4149 2566 4202 τὸν
2591 4150 2847 4222 Πατρῷον
2880 4151 3020 4222 ὑπὲρ
3059 4151 3208 4220 ἥλιον
3237 4151 3542 4223 λάμποντα·
3576 4163 3591 4195 t
3623 4159 3690 4194 σε·

2171 4241 2334 4314 λήνην
2377 4262 2395 4294 ι
2433 4242 2488 4295 δὲ
2521 4242 2691 4311 λέγων
2738 4263 2756 4296 ι
2799 4243 3054 4297 ὑποκάτω
3091 4243 3199 4297 τῶν
3250 4244 3424 4298 ποδῶν
3470 4237 3636 4307 αὐτῆς,
3675 4250 3688 4281 ν

2167 4335 2293 4408 δόξῃ
2342 4335 2647 4408 ἐπουρανίῳ
2686 4335 2761 4399 ὡς
2804 4337 3028 4408 σελήνην
3073 4335 3521 4407 κεκοσμημένην·
3555 4327 3620 4398 τῷ
3648 4323 3690 4376 δὲ

2165 4426 2341 4495 λέγειν
2374 4426 2509 4497 (24),
2543 4445 2561 4477 ‹
2588 4427 2678 4478 ἐπὶ
2706 4426 2805 4496 τῆς
2834 4426 3073 4496 κεφαλῆς
3092 4416 3259 4497 αὐτῆς
3294 4427 3546 4494 στέφανος
3570 4414 3692 4472 ἀστέ-

2167 4535 2275 4588 ρων
2309 4518 2552 4583 δεκαδύο,
2587 4537 2605 4569 »
2639 4518 2786 4589 δῆλοι
2819 4519 2944 4581 τοὺς
2970 4517 3173 4571 δώδεκα
3201 4517 3540 4577 ἀποστόλους,
3563 4510 3619 4563 δι’
3632 4505 3688 4558 ὧν

2163 4609 2480 4680 καθίδρυται
2521 4613 2554 4680 ή
2599 4610 2914 4680 Ἐκκλησία.
2964 4629 2982 4661 ι
3027 4612 3136 4664 Καὶ
3182 4612 3241 4662 ὲν
3290 4609 3484 4680 γαστρὶ
3531 4605 3689 4673 ἔχουσα

2160 4701 2351 4772 κράζει
2383 4701 2644 4754 ὠδίνουσα
2684 4702 2776 4754 καὶ
2812 4701 3207 4774 βασανιζομένη
3257 4705 3464 4756 τεκεῖν·
3503 4717 3519 4748 ι
3548 4696 3616 4748 ὅτι
3640 4687 3684 4740 οὗ

2165 4791 2432 4845 παύσεται
2476 4793 2508 4862 ἡ
2564 4791 2858 4861 Ἐκκλησία
2890 4791 3133 4861 γεννῶσα
3163 4795 3226 4846 ἐκ
3259 4793 3482 4864 καρδίας
3513 4785 3590 4839 τὸν
3612 4777 3686 4833 Λό-

2163 4900 2279 4951 γον,
2326 4883 2418 4936 τὸν
2449 4883 2505 4935 ὲν
2535 4881 2726 4954 κόσμῳ
2756 4882 2859 4935 ὑπὸ
2897 4882 3142 4936 ἀπίστων
3178 4883 3513 4954 διωκόμενον.
3557 4893 3572 4925 ι
3601 4865 3684 4923 Kl!1

2164 5115 2329 5179 ἱστόν,
2381 5135 2399 5165 ‹
2431 5129 2538 5186 qua
2573 5123 2727 5186 parte
2761 5115 3018 5186 religatur
3063 5113 3207 5186 malo
3229 5131 3249 5186 ;ﬁ
3277 5132 3295 5165 ι
3325 5113 3530 5186 sintque
3555 5095 3678 5178 (Ιυέδί

2170 5196 2347 5240 rostra
2387 5180 2748 5254 et'insignia,
2787 5180 2944 5254 quasi
2996 5185 3254 5239 tessellati
3287 5180 3481 5254 aliquid
3514 5187 3677 5254 09695.

2168 5239 2313 5325 quod
2346 5239 2623 5324 pracipug
2655 5239 2760 5309 voi
2805 5239 3110 5310 illasonat.
3148 5255 3254 5316 Τὸ,
3298 5239 3462 5324 ψηξρὶν
3491 5239 3571 5300 καὶ

2168 5322 2313 5393 (ῥίον,
2345 5322 2362 5374 ἆ
2398 5322 2632 5378 rostrum
2661 5327 2868 5391 avium,
2895 5344 2913 5376 ι
2948 5322 3521 5395 οτιιοοεοριιίιιηνηείςί
3554 5322 3677 5395 qunti}

2163 5384 2403 5457 corona,
2459 5409 2580 5463 qua:
2648 5384 2956 5450 istiusmodi
3019 5384 3337 5448 ornamenta
3389 5387 3598 5463 admittit
3636 5384 3679 5430 et

2165 5453 2536 5540 icunculasac
2556 5464 2744 5540 _signa,
2777 5464 3056 5540 superiori
3073 5465 3183 5540 jam
3216 5465 3343 5518 sede
3369 5464 3543 5540 locata.
3561 5453 3633 5540 [ob

2233 5513 3340 5608 (éaj'jx'z;aa;.z;5z.fraga'arma;
3370 5513 3501 5587 ω.
3528 5553 3585 5565 -
3606 5513 3676 5572 νει

2162 5605 2474 5677 ᾐωρημένοι
2505 5607 2572 5677 ab
2604 5606 2839 5677 αίωρέω.
2866 5605 2998 5658 Tm.
3025 5604 3152 5658 Fas.

2233 5673 2343 5747 lii)
2379 5674 2467 5742 Τῷ
2491 5675 2557 5729 δὲ
2580 5673 2800 5746 λέγέιν.
2829 5677 2960 5732 Com
2971 5677 3101 5740 bet,
3135 5673 3196 5728 τὸ
3217 5674 3270 5728 δὲ
3294 5673 3478 5742 λέγειν.
