3876 6340
203 359 274 414 781

1209 348 1296 403 DE
1332 348 1628 406 CHRISTO
1662 350 1750 407 ET
1786 349 2268 407 ANTICHRlSTO.

3266 357 3369 414 789.

195 478 333 538 ἔτεκε,
376 472 539 545 φησὶν,
587 453 701 525 υἱὸν
753 470 983 543 ἀρρενα,
1033 470 1091 535 ὃς
1153 471 1332 542 μέλλει
1388 471 1695 543 ποιμαίνειν

1806 480 1913 528 erat
1956 480 2206 527 recturus
2247 485 2437 527 omnes
2481 482 2700 543 gentes;
2753 493 2771 525 ι
2816 475 3071 530 nimirum
3107 474 3364 540 Ecclesia,

191 572 333 625 πάντα
362 567 421 621 τά
447 564 598 633 ἐθνη’
641 581 660 614 ι
703 561 792 615 τὸν
839 562 1045 636 ἄρρενα
1086 564 1181 617 καὶ
1210 562 1414 616 τέλειον
1457 563 1691 636 Χριστὸν

191 660 321 716 παῖδα
337 656 472 721 Θεοῦ,
488 653 613 707 Θεὸν
640 654 733 707 καὶ
753 653 1035 726 ἄνθρωπον
1053 654 1574 725 ωταγγελλόμενον,
1601 654 1691 708 ἀεὶ

188 753 397 807 τίκτουσα
425 748 454 819 ή
492 744 811 817 Ἐκκλησία,
844 746 1085 801 διδάσκει
1127 746 1305 800 πάντα
1345 746 1413 800 τά
1439 745 1585 817 ἔθνη.
1617 744 1692 799 Τὸ

187 842 231 895 δέ
254 840 421 909 λέγειν,
461 857 479 888 ι
511 836 730 907 ἡρπάγη
761 835 824 889 τὸ
850 836 1040 889 τέκνον
1069 835 1238 906 αὐτῆς
1269 833 1404 906 πρὸς
1439 834 1530 888 τὸν
1561 833 1693 887 Θεδν

188 931 263 986 καὶ
276 929 390 1002 πρὸς
419 928 503 981 τὸν
534 927 720 999 θρόνον
740 925 927 1007 αὐτοῦ’
955 946 973 979 ι
1004 928 1086 981 ὅτι
1108 926 1426 1008 ἐπυρὰνιρς
1452 927 1569 980 ἐστι
1594 925 1693 997 βα-

188 1022 346 1088 σιλεὺς,
377 1019 460 1074 καὶ
484 1020 580 1073 οὐκ
605 1019 844 1089 ἐπίγειος
872 1020 901 1072 6
929 1018 997 1073 δι’
1026 1018 1199 1090 αὐτῆς
1223 1018 1311 1072 ἀεὶ
1339 1016 1691 1090 γεννώμενος,

186 1115 331 1183 καθὼς
350 1114 432 1168 καὶ
452 1114 612 1168 Δαὸὶδ
631 1113 1001 1185 προανεφώνει
1029 1113 1201 1183 λέγων
1224 1132 1238 1145 °
1274 1134 1292 1166 ι
1332 1110 1495 1169 Εἶπεν
1520 1117 1549 1169 6
1580 1115 1695 1169 Κύ-

186 1224 275 1279 ριος
298 1205 365 1276 τῷ
388 1206 565 1278 Κυρίῳ
600 1223 722 1277 μου,
749 1206 931 1260 Κάθου
971 1207 1035 1260 ἐκ
1077 1204 1263 1272 δεξιῶν
1310 1223 1432 1278 μου,
1474 1206 1581 1270 ἓως
1629 1205 1696 1261 ἂν

186 1298 361 1362 θῶτοῦς
384 1297 597 1370 ἐχθρούς
625 1316 716 1351 σου
741 1299 1027 1353 ὑποπόδιον
1041 1298 1149 1352 τῶν
1180 1298 1355 1353 ποδῶν
1374 1316 1488 1354 σου.
1504 1317 1523 1350 ι
1558 1299 1696 1352 «Καὶ

183 1385 282 1452 εἶδε,
307 1391 470 1461 φησὶν,
505 1391 533 1443 6
573 1389 807 1461 δράκων,
843 1391 935 1444 καὶ
972 1389 1156 1457 ἐδίωξε
1177 1390 1276 1462 τὴν
1295 1393 1544 1459 γυναῖκα,
1576 1391 1699 1462 ἥτις

184 1483 305 1535 ἔτεκε
344 1483 426 1536 τὸν
450 1481 677 1554 ἄρρενα·
732 1482 827 1536 καὶ
865 1481 1127 1554 ἐδόθησαν
1170 1485 1235 1555 τῇ
1265 1484 1485 1553 γυναικὶ
1516 1484 1571 1536 αἱ
1607 1482 1700 1537 δύο

180 1575 402 1647 πτέρυγες
422 1573 511 1627 τοῦ
532 1573 689 1628 ἀετοῦ
714 1574 807 1627 τοῦ
837 1573 1095 1647 μεγάλου,
1131 1575 1217 1629 ἵνα
1241 1576 1469 1646 πέτηται
1495 1576 1574 1638 είς
1600 1574 1698 1647 τὴν

181 1667 364 1740 ἔρημον,
401 1668 525 1721 ὅπου
576 1667 829 1739 τρέφεται
881 1668 998 1720 ἐκεῖ
1047 1668 1260 1741 καιρὸν,
1312 1669 1413 1741 ’καὶ
1454 1668 1697 1739 καιροὺς,

179 1760 253 1812 καὶ
272 1760 420 1830 ἥμισυ
449 1758 638 1831 καιροῦ
668 1759 775 1813 ἀπὸ
802 1757 1093 1831 προσώπου
1125 1759 1219 1813 τοῦ
1248 1760 1440 1830 ὄφεως.
1480 1778 1498 1811 ι
1534 1754 1700 1813 Αῦταί

1791 565 1921 621 dum
1952 564 2231 620 Christum
2265 562 2359 619 Dei
2391 564 2696 619 masculam
2727 579 2791 621 ac
2812 566 3105 635 perfectam
3135 567 3365 637 prolem,

1791 657 1884 725 qui
1918 654 2061 711 Deus
2087 665 2142 711 et
2182 656 2346 711 homo
2371 655 2729 725 praedicatur,
2771 671 2986 727 semper
3017 658 3182 728 parit,
3217 656 3372 721 docet

1793 761 1987 802 omnes
2033 755 2243 818 gentes.
2293 744 2464 801 Porro
2493 745 2722 801 dicendo
2756 766 2768 800 :
2811 765 2830 799 ι
2881 746 3090 818 Raptus
3113 757 3200 804 est
3226 749 3372 807 ﬁlius

1793 839 1913 910 ejus
1945 840 2011 895 ad
2036 838 2203 895 Deum
2240 848 2291 895 et
2325 840 2393 895 ad
2426 840 2683 895 thronum
2709 840 2864 909 ejus;
2920 860 2939 893 ι
2980 843 3257 899 οωιεειιιιιι
3286 861 3373 900 re-

1795 947 1938 1002 gem,
1974 946 2082 986 non
2113 941 2388 987 terrenum
2418 946 2542 987 esse
2578 932 2871 1003 signiﬁcat,
2898 933 2990 1003 qui
3008 948 3074 988 ex
3106 934 3197 990 illa
3222 950 3370 991 sem-

1795 1036 1890 1092 per
1918 1022 2196 1087 nascitur,
2235 1030 2294 1076 ut
2322 1022 2483 1077 etiam
2515 1020 2680 1077 David
2719 1024 3109 1092 pronuntiavit,
3134 1026 3325 1091 dicens
3355 1043 3371 1080 :

1800 1129 1822 1165 ι
1880 1104 2027 1167 Dixit
2077 1111 2343 1169 Dominus
2394 1112 2626 1169 Domino
2688 1128 2860 1169 meo:
2896 1114 3036 1170 Sede
3075 1131 3109 1171 a
3167 1117 3373 1172 dextris

1795 1204 1966 1271 meis;
1996 1206 2169 1261 donec
2180 1221 2377 1276 ponam
2405 1206 2658 1262 inimicos
2691 1214 2838 1270 tuos,
2854 1207 3147 1262 scabellum
3167 1208 3367 1279 pedum

1796 1307 2016 1354 tuorum
2078 1297 2147 1353 ⁸’.
2187 1318 2205 1350 ι
2272 1317 2292 1350 ι
2330 1297 2398 1353 Et
2425 1298 2579 1363 vidit,
2611 1298 2808 1369 inquit,
2841 1298 3007 1354 draco
3037 1308 3092 1355 et
3120 1315 3372 1372 persecu-

1799 1399 1887 1445 tus
1913 1397 1997 1445 est
2025 1390 2329 1456 mulierem,
2356 1403 2477 1460 quze
2500 1398 2784 1460 pepererat
2812 1390 3139 1447 masculum.
3186 1390 3252 1446 Et
3274 1393 3373 1447 da-

1801 1489 1867 1536 tae
1898 1489 2027 1538 sunt
2068 1481 2285 1535 mulieri
2317 1482 2437 1536 dua:
2461 1480 2560 1536 ala:
2586 1480 2782 1551 aquilze
2811 1496 3042 1552 magnae,
3075 1490 3136 1538 ut
3165 1484 3375 1539 volaret

1800 1573 1854 1628 in
1886 1573 2157 1629 desertum
2180 1614 2194 1639 ,
2251 1573 2342 1627 ubi
2371 1573 2536 1628 alitur
2569 1588 2667 1644 per
2701 1582 2917 1645 tempus
2945 1583 2998 1630 et
3031 1585 3273 1646 tempora
3320 1588 3375 1634 et

1803 1665 2086 1721 dimidium
2134 1665 2417 1736 temporis,
2462 1681 2492 1720 a
2544 1666 2682 1723 facie
2721 1670 3006 1738 serpentis.
3068 1688 3086 1721 ι
3128 1668 3191 1725 ili
3244 1683 3373 1728 sunt

1802 1758 1919 1813 dies
1966 1758 2114 1813 mille
2157 1758 2377 1814 ducenti
2427 1760 2707 1829 sexaginta
2739 1760 2785 1792 ⁸³
2820 1760 3121 1829 (dimidium
3165 1763 3375 1819 scilicet

178 1849 287 1901 εἰσιν
325 1849 376 1902 ai
416 1849 579 1919 χίλιαι
621 1848 892 1904 διακόσιαι
945 1848 1228 1922 ἐξήκοντα,
1285 1850 1345 1905 τὺ
1390 1851 1558 1922 ἥμισυ
1604 1849 1702 1920 τῆς

1806 1849 2180 1921 hebdomadae)
2213 1851 2412 1920 quibus
2449 1861 2709 1922 tyrannus
2744 1866 2926 1906 rerum
2957 1854 3215 1924 potietur,
3243 1870 3372 1925 per-

176 1940 439 2010 ἑϐδομάδος,
469 1941 536 2005 ἀς
567 1943 829 2014 κρατήσει
868 1942 1149 2015 τύραννος,
1189 1941 1397 1997 διώκων
1440 1941 1537 2013 τὴν
1581 1942 1704 1995 Ἐκ-

176 2032 365 2100 κλησίαν
385 2033 684 2103 φεύγουσαν
711 2034 818 2088 ἀπὸ
843 2034 1047 2099 πόλεως
1062 2037 1141 2098 είς
1168 2034 1342 2099 πόλιν,
1375 2033 1469 2088 καὶ
1496 2035 1552 2086 ἐν
1575 2034 1705 2106 ἐρη-

177 2122 256 2193 μίᾳ
277 2123 635 2196 κρυπτομένην
657 2127 718 2179 ἐν
744 2128 856 2189 τοῖς
875 2126 1077 2199 ὄρεσιν,
1097 2125 1325 2197 ἔχουσαν
1354 2124 1472 2196 μεθ’
1502 2126 1702 2197 ἑαυτῆς

173 2214 294 2267 οὐδὲν
316 2214 517 2287 ἕτερον,
555 2218 605 2269 εί
639 2218 713 2289 μὴ
742 2218 841 2283 τάς
868 2217 960 2271 δύο
987 2217 1262 2290 πτέρυγας
1293 2216 1386 2270 τοῦ
1415 2216 1574 2271 ἀετοῦ
1604 2217 1698 2272 τοῦ

176 2305 392 2374 μεγάλου,
416 2308 711 2371 τουτέστιν,
747 2307 920 2380 Ἰησοῦ
943 2308 1180 2381 Χριστοῦ
1211 2308 1412 2373 πίστιν,
1442 2307 1502 2372 ὃς
1523 2308 1697 2361 ἐκτεί-

173 2411 248 2459 νας
268 2396 355 2461 τὰς
381 2400 536 2469 ἁγίας
555 2404 742 2472 χεῖρας
767 2400 824 2454 ἐν
851 2400 990 2472 ἁγίῳ
1020 2400 1183 2473 ξύλῳ,
1212 2401 1431 2472 ἧπλωσε
1458 2400 1551 2455 δύο
1572 2402 1699 2455 πτέ-

173 2504 329 2558 ρυγας,
369 2491 541 2559 δεξιὰν
576 2493 670 2545 καὶ¹
707 2491 1018 2563 εὐώνυμον,
1061 2491 1530 2564 προσκαλούμενος
1563 2491 1699 2546 πάν-

170 2594 249 2643 τας
274 2581 388 2645 τοὺς
414 2585 491 2648 εἰς
528 2584 695 2638 αὐτὸν
734 2583 1106 2648 πιστεύοντας,
1148 2583 1244 2638 καὶ
1288 2582 1573 2648 σκεπάζων
1625 2581 1701 2647 ώς

170 2670 290 2741 ὅρνις
312 2675 572 2741 νεοσσούς.
612 2677 723 2731 Καὶ
759 2677 867 2748 γὰρ
892 2675 979 2730 διά
1010 2675 1285 2746 Μαλαχίω
1325 2674 1457 2746 φησί
1483 2691 1498 2706 ο
1532 2693 1552 2726 ι
1592 2674 1702 2728 Καὶ

1801 1957 2036 2013 sequens
2073 1941 2371 1998 Ecclesiam
2419 1941 2713 2014 fugientem
2752 1944 2820 2000 de
2848 1945 3065 2001 civitate
3101 1948 3155 2001 in
3184 1946 3375 2002 civita-

1799 2041 1931 2099 tem,
1961 2041 2016 2087 et
2049 2032 2103 2086 in
2138 2031 2431 2087 solitudine
2463 2033 2515 2086 in
2542 2032 2817 2090 montibus
2846 2035 3147 2091 latitantem
3171 2077 3186 2102 ,
3222 2038 3373 2093 nullo

1798 2124 1906 2179 alio
1945 2132 2117 2178 tutam
2147 2124 2435 2193 praesidio,
2477 2140 2640 2193 quam
2673 2125 2905 2180 duarum
2946 2127 3153 2182 alarum
3177 2129 3374 2199 aquilae

1797 2230 2038 2287 magnze;
2084 2214 2205 2270 fidei
2250 2215 2457 2272 scilicet
2493 2214 2619 2271 Jesu
2655 2215 2881 2281 Christi,
2912 2221 3284 2288 qui.extensis
3315 2221 3372 2275 in

1803 2315 1988 2362 sancta
2031 2320 2194 2361 cruce
2224 2308 2429 2361 sanctis
2469 2308 2719 2363 manibus
2762 2309 2898 2377 suis,
2945 2312 3082 2367 duas
3129 2313 3375 2370 extendit

1803 2398 1939 2461 alas,
1962 2397 2237 2453 dexteram
2266 2408 2431 2468 atque
2460 2399 2761 2460 sinistram.
2787 2417 2988 2458 vocans
3007 2404 3074 2459 ad
3096 2420 3156 2460 se
3181 2421 3372 2464 omnes

1805 2487 2010 2555 ﬁdeles,
2063 2505 2127 2543 ac
2173 2490 2323 2544 velut
2368 2491 2565 2560 gallina
2595 2506 2691 2548 eos
2714 2503 3026 2564 protegens.
3051 2494 3185 2550 Nam
3212 2507 3265 2553 et
3296 2498 3373 2553 ait

1806 2594 1903 2650 per
1938 2578 2256 2636 Malachiam
2288 2600 2304 2635 :
2344 2601 2362 2633 ι
2405 2576 2569 2638 Vobis
2590 2584 2685 2654 qui
2712 2584 2913 2640 timetis
2944 2601 3141 2642 nomen
3165 2604 3371 2653 meum,

1808 2672 2014 2728 orietur
2053 2673 2147 2729 Sol
2172 2673 2430 2743 justitize;
2460 2685 2513 2729 et
2543 2675 2752 2731 sanitas
2787 2676 2840 2730 in
2881 2678 3075 2747 pennis
3097 2680 3216 2749 ejus
3241 2680 3306 2735 “.
3350 2701 3370 2734 ι

171 2768 274 2839 ὑμῖν
300 2776 402 2835 τοῖς
427 2773 783 2845 φοϐουμένοις
822 2773 882 2826 τὸ
927 2773 1098 2844 ὄνομά
1120 2790 1220 2844 μου
1262 2772 1510 2843 ἀνατελεῖ
1549 2770 1742 2835 Ἥλιος
1771 2770 2154 2843 δικαιοσύνης,
2224 2773 2319 2825 καὶ
2374 2772 2516 2835 ίασις
2548 2773 2607 2825 ἐν
2662 2775 2783 2836 ταῖς
2841 2772 3097 2844 πτέρυξιν
3126 2775 3314 2831 αὑτοῦ.
3352 2798 3370 2829 ι

220 2867 361 2938 Λέγει
391 2869 445 2924 δὲ
477 2872 572 2924 καὶ
605 2870 634 2922 6
666 2867 902 2941 Κύριοςο
952 2869 1120 2924 Ὅταν
1160 2868 1302 2941 ἴδητε
1339 2867 1400 2921 τδ
1434 2867 1704 2939 βδέλυγμα

167 2957 247 3028 τῆς
269 2958 588 3033 ἐρημώσεως
615 2960 789 3025 ἑστὼς
809 2963 867 3015 ἐν
889 2960 1041 3032 τόπῳ
1055 2961 1220 3032 ἁγίῳ,
1256 2962 1284 3014 ὀ
1314 2958 1704 3029 ἀναγινώσκων

1874 2864 2035 2922 LXII.
2088 2866 2180 2922 Ait
2206 2882 2334 2922 vero
2358 2866 2522 2923 etiam
2555 2867 2858 2923 Dominus:
2888 2887 2907 2919 ι
2948 2866 3084 2924 Cum
3130 2871 3377 2929 videritis

1802 2958 2261 3014 abominationem
2301 2957 2657 3015 desolationis
2690 2968 2922 3014 stantem
2952 2962 3006 3015 in
3036 2962 3157 3018 loco
3187 2975 3375 3020 sancto

168 3051 324 3105 νοείτω
338 3069 351 3083 ⁶
384 3053 500 3107 τότε
521 3055 573 3108 οί
601 3056 658 3107 ἐν
673 3057 739 3127 τῇ
770 3053 995 3126 Ἰουδαίᾳ
1017 3055 1364 3123 φευγέτωσαν
1385 3054 1464 3117 είς
1493 3052 1561 3107 τὰ
1579 3051 1702 3124 ὅρη,

1807 3048 1923 3120 (qui
1951 3049 2097 3122 legit,
2143 3050 2473 3123 intelligat),
2515 3061 2647 3106 tunc
2671 3050 2765 3121 qui
2799 3052 2852 3106 in
2883 3050 3068 3108 Iudaea
3103 3064 3251 3124 sunt,
3299 3056 3381 3112 fu-

169 3142 242 3195 mi
272 3145 297 3197 ὁ
320 3143 408 3199 ἐπὶ
435 3143 708 3216 δώματος,
742 3143 819 3219 μὴ
840 3142 1214 3200 καταϐαινέτω
1242 3140 1371 3217 ἆραι
1397 3144 1460 3199 τὸ
1492 3144 1704 3219 ἱμάτιον

166 3234 302 3289 αὐτοῦ
320 3277 335 3303 ,
361 3238 452 3292 καὶ
478 3240 507 3292 6
531 3240 595 3293 ἐν
623 3237 797 3310 ἀγρῷ,
830 3236 905 3309 μή
930 3236 1310 3309 ἐπιστρεψάτω
1328 3239 1407 3302 εἰς
1436 3237 1505 3293 τὰ
1531 3239 1706 3294 ὀπίσω

167 3319 271 3396 ἀραί
298 3344 348 3382 τι
376 3330 437 3382 ἐκ
465 3329 568 3402 τῆς
617 3329 793 3392 οἰκίας
818 3327 998 3382 αὑτοῦ.
1048 3328 1184 3383 Οὐαὶ
1212 3328 1269 3383 δὲ
1300 3332 1417 3395 ταῖς
1433 3332 1489 3384 ἐν
1510 3331 1706 3403 γαστρὶ

168 3418 399 3489 ἐχούσαις,
429 3423 522 3477 καὶ
542 3424 668 3486 ταῖς
699 3420 1052 3494 θηλαζούσαις
1084 3424 1141 3475 ἐν
1176 3422 1408 3487 ἐκείναις
1428 3425 1549 3486 ταῖς
1572 3422 1707 3495 ήμέ-

170 3528 292 3583 ραιςο
332 3513 477 3570 ἔσται
505 3515 619 3587 γὰρ
653 3515 772 3575 τότε
805 3514 980 3585 θλίψις
1007 3513 1237 3587 μεγάλη,
1260 3514 1418 3568 ὁποία
1439 3514 1499 3568 ού
1541 3514 1703 3584 γέγο-

168 3620 237 3657 νεν
269 3605 352 3659 ἀπ’
393 3608 568 3680 ἀρχῆς
603 3607 840 3679 κόσμου,
883 3606 977 3659 καὶ
1020 3606 1069 3658 εί
1106 3604 1180 3677 μὴ
1218 3603 1625 3676 ἐκολοϐώθησαν
1649 3605 1704 3659 αἱ

166 3697 335 3769 ἡμέραι
364 3702 565 3754 ἐκεῖναι
587 3738 607 3761 ,
649 3698 749 3751 οὐκ
779 3697 844 3751 ἂν
869 3695 1046 3768 ἐσώθη
1076 3698 1225 3751 πᾶσα
1258 3696 1411 3770 σάρξ.
1451 3717 1470 3749 ι
1506 3698 1706 3768 Δανιὴλ

165 3787 211 3842 δέ
238 3789 391 3860 λέγει·
444 3811 462 3844 ι
513 3793 630 3846 Καὶ
661 3790 888 3845 δώσουσι
923 3790 1198 3862 βδέλυγμα
1225 3787 1558 3862 ἐρημώσεως
1590 3790 1702 3861 (25)

164 3881 343 3954 ἡμέρας
378 3885 554 3956 χιλίας
614 3884 890 3946 διακοσίας
941 3884 1310 3954 ἐννενήκοντα.
1348 3882 1633 3956 Μακάριος
1675 3886 1705 3937 6

167 3972 424 4047 ὑπομείνας
467 3979 565 4032 καὶ
616 3975 826 4047 φθάσας
867 3975 945 4039 είς
984 3975 1199 4047 ἡμέρας
1225 3974 1399 4047 χιλίας
1428 3975 1705 4040 διακοσίας

166 4065 477 4142 ἐννενήκοντα
530 4070 719 4125 πέντε.
785 4087 804 4121 ι

229 4161 279 4214 '0
307 4162 357 4215 δὲ
392 4164 663 4238 μακάριος
697 4160 908 4225 Παῦλος
947 4160 976 4214 6
1001 4159 1293 4224 ἀπόστολος
1318 4159 1544 4232 γράφων
1570 4159 1705 4231 πρὸς

165 4251 560 4322 Θεσσαλονικεϊς,
599 4254 763 4327 φησίν
784 4273 798 4287 ο
842 4274 861 4307 ι
916 4252 1236 4327 Ἐρωτῶμεν
1266 4252 1323 4306 δέ
1352 4253 1516 4324 ὑμᾶς,
1550 4252 1704 4306 ἀδελο

167 4345 256 4413 σοὶ,
296 4349 426 4421 ὑπὲρ
453 4351 555 4422 τῆς
593 4348 895 4422 παρουσίας
931 4345 1025 4400 τοῦ
1074 4346 1278 4419 Κυρίου
1317 4344 1473 4417 ἡμῶν
1530 4345 1706 4417 Ἰησοῦ

1806 3143 1957 3216 giant
1982 3142 2050 3197 ad
2082 3152 2331 3209 montes;
2378 3154 2433 3198 et
2483 3141 2576 3212 qui
2619 3142 2672 3196 in
2728 3150 2869 3197 tecto
2893 3184 2910 3209 ,
2948 3157 3061 3199 non
3089 3144 3381 3202 descendat

1805 3235 1995 3290 tollere
2023 3244 2226 3290 vestem
2257 3250 2449 3302 suam;
2496 3243 2550 3289 et
2579 3233 2676 3304 qui
2713 3232 2767 3288 in
2800 3219 2952 3305 agro,
2994 3249 3104 3291 non
3138 3247 3381 3293 reverta-

1804 3336 1896 3384 tur
1933 3336 1993 3384 ut
2031 3328 2185 3384 tollat
2213 3328 2418 3398 aliquid
2465 3328 2532 3382 de
2563 3327 2726 3383 domo
2754 3342 2872 3381 sua.
2915 3325 3007 3382 Va:
3032 3338 3211 3383 autem
3240 3345 3378 3400 prae-

1805 3421 2096 3493 gnantibus
2142 3432 2196 3476 et
2236 3420 2565 3476 lactantibus
2606 3420 2662 3474 in
2691 3420 2883 3476 diebus
2911 3419 3037 3475 illis.
3083 3420 3199 3477 Erit
3230 3423 3377 3477 enim

1806 3519 1936 3567 tunc
1968 3512 2248 3567 tribulatio
2286 3525 2482 3582 magna
2511 3553 2527 3578 ,
2577 3511 2755 3581 qualis
2802 3526 2908 3566 non
2962 3512 3066 3565 luit
3107 3513 3178 3567 ab
3222 3513 3379 3568 initio

1804 3601 2016 3656 mundi.
2050 3599 2118 3655 Et
2144 3601 2249 3655 nisi
2278 3601 2507 3657 breviati
2543 3599 2775 3656 fuissent
2811 3601 2928 3656 dies
2960 3602 3058 3668 illi,
3091 3618 3196 3658 non
3228 3604 3379 3658 salva

1805 3691 1959 3747 ﬁeret
1990 3692 2171 3747 omnis
2202 3706 2330 3747 caro
2350 3691 2416 3744 ".
2474 3711 2493 3743 ι
2541 3690 2730 3746 Daniel
2761 3701 2941 3747 autem
2980 3693 3057 3747 ait
3087 3711 3101 3747 :
3138 3712 3156 3745 ι
3196 3692 3259 3748 Et
3283 3695 3381 3748 da-

1804 3784 1942 3839 bunt
1974 3783 2438 3839 abominationem
2466 3782 2832 3838 'desolationis
2859 3783 2976 3838 dies
3011 3784 3157 3839 mille
3182 3785 3381 3841 ducen-

1804 3886 1892 3933 tos
1923 3878 2239 3948 nonaginta.
2268 3874 2469 3930 Beatus
2496 3874 2591 3945 qui
2613 3875 2946 3943 exspectavit
2970 3884 3025 3931 et
3050 3876 3293 3945 pervenit
3310 3877 3379 3931 ad

1806 3971 1923 4027 dies
1956 3969 2103 4024 mille
2129 3969 2394 4024 ducentos
2429 3967 2723 4038 nonaginta
2757 3968 2997 4038 quinque
3020 3968 3087 4023 '°.
3134 3988 3155 4020 ι

1878 4152 2058 4209 LXIII.
2094 4152 2291 4208 Beatus
2320 4152 2449 4206 item
2484 4148 2688 4205 Paulus
2719 4148 2999 4220 apostolus
3028 4150 3274 4233 scribens
3310 4150 3378 4205 ad

1806 4245 2358 4311 Thessalonicenses,
2388 4246 2465 4298 ait
2496 4261 2510 4297 :
2549 4261 2567 4295 ι
2610 4240 2884 4311 Rogamus
2920 4250 3093 4298 autem
3125 4257 3242 4307 vos,
3276 4240 3382 4297 fra-

1806 4349 1941 4403 tres,
1993 4354 2088 4408 per
2127 4338 2417 4392 adventum
2464 4333 2678 4389 Domini
2705 4334 2873 4389 nostri
2899 4332 3025 4389 Jesu
3053 4332 3279 4399 Christi,
3326 4344 3381 4390 et

164 4437 386 4507 Χριστοῦ,
430 4441 526 4495 καὶ
568 4421 729 4512 ἡμῶν
767 4436 1185 4508 ἐπισυναγωγῆς
1236 4435 1322 4491 ἐπ’
1354 4435 1523 4508 αὐτῆς
1572 4435 1702 4507 (26),

1812 4430 1985 4486 nostri
2016 4427 2452 4500 aggregationem
2486 4427 2542 4480 in
2586 4425 2706 4495 ipso
2726 4465 2741 4490 ,
2784 4435 2841 4479 ut
2883 4439 2991 4480 non
3016 4425 3124 4481 cito
3153 4441 3379 4483 movea-

166 4530 231 4593 εἰς
252 4532 303 4584 τδ
319 4533 388 4606 μὴ
413 4534 628 4606 ταχέως
649 4532 974 4603 σαλευθῆναι
995 4531 1139 4603 ὑμᾶς
1156 4528 1380 4583 ἀπὸτοῦ
1405 4528 1543 4592 νοὸς,
1575 4527 1708 4599 μήτε

164 4620 422 4691 θροεῖσθαι,
449 4629 590 4699 μήτε
618 4626 707 4679 διὰ
732 4623 1062 4695 πνεύματος,
1090 4623 1224 4694 μήτε
1251 4620 1341 4675 διά
1366 4620 1544 4689 λόγου,
1572 4621 1709 4692 μήτε

165 4712 218 4765 δι’
246 4718 525 4773 ἐπιστολῶν
548 4721 628 4784 ὡς
654 4718 721 4772 δι’
748 4716 925 4790 ήμῶν,
957 4715 1127 4780 ώςὸτι
1146 4714 1490 4784 ἐνέστηκενὴ
1517 4713 1706 4785 ἡμέρα

164 4805 238 4859 τοῦ
274 4811 498 4883 Κυρίου·
549 4813 714 4884 μήτις
750 4810 895 4881 ὑμᾶς
950 4807 1263 4879 ἐξαπατήσῃ
1310 4804 1450 4859 κατά
1504 4802 1706 4875 μηδένα

165 4897 362 4966 τρόπον·
394 4903 476 4955 ὅτι
514 4901 616 4955 ἐὰν
657 4900 730 4972 μὴ
770 4898 898 4970 ἔλθῃ
930 4899 963 4969 ἡ
992 4895 1295 4949 ἀποστασία
1330 4892 1544 4965 πρῶτον
1564 4932 1579 4959 ,
1611 4893 1707 4947 καὶ

164 4986 487 5066 ἀποκαλυφθῇ
530 4995 563 5048 6
610 4992 895 5066 ἄνθρωπος
933 4990 1033 5061 τῆς
1068 4986 1372 5060 ἁμαρτίας,
1409 4985 1439 5037 ὁ
1470 4984 1584 5048 υἱὸς
1613 4984 1711 5056 τῆς

220 5129 607 5204 '{PsaLcmL
680 5134 729 5168 ⁸³
761 5136 929 5204 Apoc.
967 5148 1041 5204 xi,
1067 5130 1246 5204 an"
1284 5127 1517 5183 Malach.
1550 5144 1627 5192 Iv,
1675 5126 1732 5181 ‘2.

164 5196 323 5260 90-23.
390 5207 441 5242 ⁸⁸
464 5207 606 5262 Dan.
642 5222 721 5275 xl,
743 5196 845 5271 5f;
874 5219 948 5260 xtl
972 5242 988 5267 ,
1023 5200 1228 5268 11,12.

219 5320 321 5394 (25)
354 5320 1069 5394 βδέλυγμα-ἐρτψώσεως.
1098 5316 1284 5373 Graeca
1313 5313 1473 5394 Yulg.
1505 5315 1702 5394 ἠφανι-

166 5386 366 5459 σμένον,
395 5386 627 5448 Videtur
655 5386 975 5463 Hippolytus
1003 5406 1070 5444 ex
1114 5386 1379 5443 memoria
1403 5386 1535 5463 inec
1568 5386 1705 5463 sc_ri-

167 5454 344 5529 piisse;
386 5473 449 5535 ut
469 5454 893 5535 quigdjes'mill'e
920 5461 1184 5515 ducentos
1200 5456 1516 5535 .nonaginta
1545 5454 1706 5535 quin-

166 5545 251 5599 que
280 5525 425 5601 ponit
446 5576 463 5599 ,
489 5525 593 5587 ubi
622 5531 844 5587 Hebraea
880 5542 1177 5601 omnesque
1200 5525 1523 5596 interpretes
1551 5525 1699 5578 mille

166 5599 404 5659 trecentos
430 5602 651 5675 triginta
683 5602 923 5675 quinque
962 5599 1184 5661 habent,
1223 5609 1534 5675 quanquam
1562 5608 1695 5648 nus-

165 5684 303 5738 quam
343 5670 639 5743 proclivior
694 5670 955 5743 διαφωνία
995 5678 1050 5725 et
1091 5680 1462 5743 error,_quam
1511 5670 1707 5743 in_nu-

164 5733 325 5798 literis.
344 5733 533 5799 Etiam
564 5733 807 5798 Matthxi
838 5741 1000 5795 verba
1043 5752 1237 5808 parum
1282 5733 1486 5808 luxata,
1549 5733 1705 5787 aliter

165 5825 220 5864 ac
239 5811 410 5870 Greca
437 5812 606 5885 Vulg.
634 5826 930 5878 omnesque
955 5805 1059 5867 alii
1080 5808 1297 5864 habent.
1331 5805 1567 5860 Conser.

1805 4520 1941 4575 mini
1964 4536 1993 4574 a
2025 4536 2210 4584 sensu.
2244 4535 2420 4589 neque
2450 4518 2764 4581 turbemini,
2792 4531 2970 4587 neque
2986 4533 3083 4586 per
3102 4518 3378 4587 spiritum,

1806 4626 1983 4682 neque
2011 4626 2105 4683 per
2135 4625 2472 4676 sermonem,
2498 4624 2675 4680 neque
2706 4623 2802 4678 per
2817 4608 3095 4678 epistolas,
3121 4617 3379 4679 tanquam

1811 4705 1971 4761 nobis
1995 4703 2331 4769 auctoribus,
2365 4703 2523 4773 quasi
2549 4701 2713 4755 instet
2742 4700 2855 4754 dies
2875 4697 3087 4753 Domini
3116 4717 3128 4753 :
3165 4715 3234 4755 ne
3256 4702 3380 4771 quis

1803 4814 1904 4855 vos
1936 4797 2171 4868 decipiat
2199 4796 2309 4852 ullo
2343 4795 2545 4859 modo;
2590 4791 2850 4862 quoniam
2898 4791 3003 4845 uisi
3029 4791 3238 4847 venerit
3266 4792 3381 4859 djs-

1810 4887 1987 4945 cessio
2032 4888 2292 4958 primum,
2335 4893 2390 4940 et
2446 4882 2715 4939 revelatus
2748 4878 2914 4936 fuerit
2948 4880 3112 4936 homo
3146 4884 3379 4953 peccati,

1818 4980 1963 5036 ﬁlius
1991 4977 2332 5049 perditionis,
2363 4973 2454 5045 qui
2486 4984 2569 5030 est
2598 4973 2943 5029 adversarius
2968 5014 2984 5041 ,
3017 4981 3071 5027 et
3101 4973 3381 5031 extollitur

1808 5125 1854 5157 ⁵⁸
1888 5122 2245 5184 Matth.xx1v,
2280 5117 2478 5182 l5-22;
2514 5116 2677 5170 Marc.
2710 5131 2829 5179 xm,
2858 5115 3062 5181 “~20;
3097 5113 3230 5171 Luc.
3260 5132 3378 5177 xxt.

1871 5308 1984 5398 £96)
2022 5307 2156 5398 ,Ἐπ’
2187 5302 2395 5398 εὐτῆς
2437 5300 2964 5398 διλίιίὶὲμενβυὲπα
2994 5296 3372 5398 With}?

1801 5370 1890 5436 en"
1919 5370 2101 5441 αύτδν,
2143 5370 2429 5431 referendo
2473 5373 2542 5427 ad
2584 5370 2863 5426 Christum
2888 5410 2903 5433 ,
2937 5384 3043 5423 non
3075 5370 3142 5423 ad
3176 5370 3348 5423 adven
3368 5398 3382 5407 η

1804 5462 1942 5515 tum,
1974 5450 2074 5520 τῆς
2104 5444 2426 5520 παρουσίας.
2472 5441 2681 5497 Sensus
2709 5449 2892 5520 tamen
2922 5441 3065 5494 altus
3090 5446 3175 5495 est
3202 5449 3381 5520 etex-

1803 5511 2041 5593 peditus,
2060 5511 2143 5573 ut
2178 5511 2435 5593 respiciat
2465 5522 2680 5593 raptum
2707 5511 3000 5564 electorum
3024 5523 3089 5564 ac
3106 5517 3341 5580 praestari
3358 5540 3383 5556 .

1804 5584 1941 5648 tium
1968 5589 2239 5661 iustorum
2267 5584 2565 5661 ad_eum_in
2601 5595 2725 5636 aera
2759 5597 2788 5661 τ’
2810 5593 2932 5649 qua:
2957 5593 3146 5634 eorum
3186 5599 3383 5661 335m.

1812 5655 2176 5734 gatio'injpso
2207 5655 2421 5734 Domini
2443 5655 2862 5734 adventamuqu
2911 5655 3384 5734 commonefacere

1812 5719 1988 5803 potuit
2022 5719 2225 5803 Paulus
2260 5726 2477 5803 eosdem
2508 5719 3053 5803 Thessalonicenses,
3083 5737 3385 5794 eorumque

1814 5791 2023 5859 animos
2058 5800 2123 5858 ad
2157 5813 2281 5858 eum
2310 5798 2536 5867 erigere.
2569 5791 2645 5848 in.
