3830 7152
538 348 645 405 783

1198 348 1269 403 'S.
1310 347 1666 406 HIPPOLYTI
1704 349 1853 407 OPP.
1889 350 2068 407 PARS
2098 351 2165 406 ll.
2206 384 2274 393 —
2313 351 2613 409 DOGMAT.
2655 351 2746 407 ΕΤ
2780 351 3124 409 IllSTORlC.

3612 370 3625 377 ‘
3680 361 3769 415 τευ

538 482 704 537 super
729 481 944 521 omnem
978 466 1070 537 qui
1098 466 1296 522 dicitur
1328 468 1469 524 Deus
1499 479 1592 524 aut
1622 486 1845 536 numen,
1885 472 2032 526 itaut
2054 470 2093 524 ir

2211 472 2502 537 ἀπωλείας,
2535 473 2563 525 ὁ
2595 471 2968 542 ἀντικείμενος
2994 471 3087 524 καὶ
3118 470 3491 542 ἐπαιρόμενος
3508 471 3597 525 ἐπὶ
3623 474 3775 531 πάντα

540 559 742 630 templo
791 558 885 614 Dei
939 558 1144 625 sedeat,
1196 570 1478 616 ostentans
1521 578 1580 617 se
1611 578 1733 618 esse
1762 562 1951 618 Deum.
1994 560 2113 616 Non

540 652 888 716 meministis,
922 652 1064 722 quod
1096 668 1219 707 cum
1253 653 1434 708 adhuc
1460 669 1636 709 essem
1670 653 1813 723 apud
1847 669 1964 720 vos,
2002 656 2117 710 haec

538 745 782 799 dicebam
818 743 1007 798 vobis?
1033 742 1097 798 Et
1145 760 1290 799 nunc
1320 745 1658 800 obstaculum
1722 745 1894 810 scitis,
1930 754 1989 800 ut
2026 746 2115 801 ille

538 837 807 897 reveletur
862 836 914 891 in
964 851 1064 891 suo
1134 844 1395 907 tempore.
1454 835 1590 891 Nam
1641 837 1957 909 mysterium
2001 837 2114 908 jam

535 936 792 999 operatur
824 926 1162 998 iniquitatis;
1192 935 1406 981 tantum
1431 925 1523 996 qui
1555 935 1702 981 tenet
1725 942 1892 994 nunc,
1913 934 2114 1006 teneat,

534 1021 708 1075 donec
729 1019 796 1074 de
817 1019 995 1074 medio
1014 1020 1127 1073 llat.
1154 1017 1220 1073 Et
1245 1027 1372 1075 tunc
1394 1019 1723 1074 revelabitur
1750 1019 1840 1075 ille
1868 1020 2111 1090 iniquus,

533 1130 693 1185 quem
724 1111 991 1168 Dominus
1016 1109 1179 1169 Jesus
1207 1112 1498 1168 interﬁciet
1540 1112 1734 1184 spiritu
1771 1112 1885 1167 oris
1917 1112 2025 1179 sui,
2059 1121 2116 1168 et

534 1205 775 1260 destruet
807 1204 1173 1259 illustratione
1193 1204 1458 1260 adventus
1482 1207 1570 1260 sui
1608 1226 1619 1260 :
1658 1204 1817 1275 cujus
1848 1205 2116 1261 adventus

536 1297 836 1352 secundum
880 1295 1250 1366 operationem
1301 1294 1537 1365 Satanas,
1570 1296 1624 1351 in
1651 1298 1801 1353 omni
1830 1299 2032 1353 virtute
2062 1306 2116 1354 et

535 1390 706 1461 signis
745 1398 797 1465 et
841 1388 1102 1461 prodigiis
1136 1389 1512 1458 mendacibus,
1564 1400 1618 1446 et
1661 1391 1713 1446 in
1765 1391 1913 1446 omni
1953 1391 2113 1449 dece-

533 1485 717 1553 ptione
742 1482 1037 1553 injustitiae,
1062 1482 1115 1537 in
1144 1482 1214 1538 iis
1228 1483 1317 1552 qui
1339 1492 1585 1553 pereunt,
1612 1498 1678 1539 eo
1704 1484 1849 1553 quod
1877 1484 2116 1540 cbarita-

535 1585 640 1632 tem
661 1576 906 1631 veritatis
927 1590 1034 1631 non
1050 1585 1385 1646 receperunt.
1404 1574 1467 1631 Et
1488 1585 1708 1648 propter
1723 1576 1829 1632 hoc
1860 1578 2035 1632 mittet
2057 1576 2114 1632 il-

535 1670 601 1726 lis
620 1668 763 1725 Deus
782 1667 1153 1741 operationem
1173 1667 1459 1733 erroris,ut
1477 1669 1700 1724 credant
1716 1669 2061 1725 mendacium
2091 1687 2106 1738 ;

535 1772 595 1818 ut
636 1763 949 1834 judicentur
978 1775 1170 1819 omnes
1199 1760 1293 1832 qui
1327 1776 1436 1816 non
1481 1761 1825 1818 crediderunt
1865 1762 2098 1829 veritati,

535 1821 920 1925 sedinjustitiae
941 1864 1132 1924 sponte
1151 1821 1495 1909 adhaeserunt
1522 1854 1588 1909 ⁸⁷.
1605 1854 1722 1909 »Αἰι
1746 1870 1873 1911 vero
1894 1854 2091 1911 Isaias:
2131 1821 2171 1877 Β

538 1966 558 1999 ι
599 1946 842 2003 Tollatur
873 1946 1104 2016 impius,
1137 1959 1207 2000 ne
1236 1944 1418 2000 videat
1454 1944 1682 2016 gloriam
1716 1943 1934 2001 Domini
1955 1946 2022 1999 ⁸⁸.
2069 1966 2091 1999 ι

588 2225 783 2281 LXIV.
834 2223 929 2282 llis
978 2224 1182 2296 itaque,
1236 2224 1579 2291 charissime,
1629 2222 1850 2288 futuris,
1883 2240 2101 2295 unaque

532 2322 588 2376 in
617 2326 755 2377 duas
778 2320 951 2375 divisa
979 2318 1305 2389 septimana,
1331 2331 1395 2373 ac
1418 2325 1546 2372 tunc
1575 2326 1869 2389 apparente
1894 2318 2101 2374 abomi-

528 2409 751 2465 natione
781 2407 1134 2464 desolationis
1162 2405 1441 2477 duumque
1465 2405 1680 2463 Domini
1712 2408 2100 2478 prophetarum

528 2512 594 2553 ac
619 2511 1016 2566 precursorum
1057 2510 1223 2551 cursu
1253 2506 1658 2564 consummato,
1690 2496 1884 2567 acjam
1910 2498 2100 2554 mundi

529 2585 766 2642 universi
805 2593 1087 2655 appetente
1119 2586 1627 2652 consummatione;
1671 2586 1799 2658 quid
1828 2586 2100 2658 reliquum

528 2687 630 2742 est,
679 2692 843 2749 quam
891 2685 950 2733 ut
993 2676 1257 2732 Dominus
1313 2685 1368 2732 et
1411 2675 1662 2732 Salvator
1713 2686 1897 2733 noster
1942 2676 2101 2735 Jesos

520 2769 779 2827 Christus
810 2769 955 2827 Deus
992 2784 1023 2825 e
1051 2769 1206 2827 caelis
1234 2778 1524 2840 appareat,
1562 2769 1618 2824 in
1646 2785 1808 2841 quem
1855 2772 2099 2842 speravi-

530 2861 691 2917 mus?
717 2860 810 2932 qui
840 2860 1319 2932 conllagrationem
1338 2859 1663 2932 justumque
1683 2860 1951 2933 judicium
1975 2878 2101 2919 cun-

525 2953 630 3010 etis
661 2952 983 3007 inducturus
1031 2952 1121 3016 sit,
1166 2952 1261 3023 qui
1312 2950 1366 3005 in
1404 2966 1528 3007 eum
1575 2967 1684 3007 non
1731 2952 2096 3012 crediderunt.

526 3045 616 3099 Ait
646 3044 792 3099 enim
821 3042 1086 3099 Dominus
1131 3062 1145 3074 ι
1182 3064 1200 3095 ι
1245 3041 1341 3098 llis
1379 3043 1491 3114 jam
1527 3042 1642 3100 ﬁeri
1693 3044 2098 3117 incipientibus,

2214 561 2503 633 λεγόμενον
2541 562 2673 616 Θεὸν
2712 562 2748 632 ἢ
2794 562 3076 633 σέϐασμα,
3133 560 3276 616 ὥστε
3329 563 3529 616 ἐαυτὸν
3586 564 3661 627 είς
3699 566 3776 620 τὸν

2215 654 2341 707 ναὸν
2362 652 2454 707 τοῦ
2487 652 2623 708 Θεοῦ
2654 651 2896 718 καθίσαι,
2934 653 3331 707 ἀποδεικνύντα
3358 652 3554 707 ἐαυτὸν
3578 654 3654 707 ὅτι
3684 655 3775 729 (ετ)

2216 745 2333 798 ἐστὶ¹
2382 744 2534 810 Θεός.
2571 745 2646 799 Οὐ
2684 746 3081 818 μνημονεύετε,
3114 744 3323 802 ὃτι.ἑτι
3365 745 3445 799 ὣν
3475 744 3609 816 πρὸς
3632 747 3776 817 ὑμᾶς,

2214 836 2386 893 ταῦτα
2422 838 2605 908 ἔλεγον
2648 839 2810 910 ὑμῖν;
2864 838 2972 893 Καὶ
3004 838 3098 894 νῦν
3126 839 3187 893 τὸ
3214 837 3458 910 κατέχον
3501 838 3690 904 οίδατε,
3710 842 3777 907 εις

2214 928 2276 983 τὸ
2312 929 2756 1001 ἀποκαλυφθῆναι
2794 929 2956 983 αὑτὸν
2991 930 3069 1002 τῷ
3107 930 3306 985 ἐαυτοῦ
3345 930 3546 1003 καιρῷ.
3586 933 3657 986 Τὸ
3688 933 3779 1006 γὰρ

2219 1023 2513 1095 μυστήριον
2550 1023 2649 1094 ήδη
2677 1025 2979 1095 ἐνεργεῖται
2997 1024 3098 1094 τῆς
3120 1024 3357 1094 ἀνομίας
3378 1040 3392 1053 ·
3429 1024 3588 1095 μόνον
3615 1025 3643 1078 ὁ
3666 1042 3778 1079 κατε

2215 1114 2355 1186 έχων
2387 1115 2512 1187 ἄρτι
2546 1115 2649 1179 ἕως
2686 1117 2749 1169 ἐκ
2795 1115 2958 1187 μέσου
2988 1118 3230 1189 γένηται.
3270 1117 3393 1169 Καὶ
3420 1116 3544 1169 τότε
3599 1118 3775 1172 ἀποκα-

2215 1205 2543 1278 λυφθήσεται
2570 1210 2598 1261 ὁ
2625 1208 2825 1278 ἄνομος
2842 1249 2856 1275 ,
2889 1207 2949 1261 ὃν
2970 1209 2998 1261 ὁ
3030 1207 3233 1280 Κύριος
3276 1207 3498 1279 Ἰησοῦς
3525 1207 3697 1261 ἀνελεῖ
3717 1208 3778 1280 τῷ

2216 1297 2485 1368 πνεύματι
2534 1297 2625 1351 τοῦ
2673 1297 2938 1368 στόματος
2980 1297 3166 1362 αὐτοῦ,
3205 1298 3303 1350 καὶ
3353 1299 3689 1368 καταργήσει
3720 1303 3776 1370 τῇ

2215 1388 2504 1461 ἐπιφανείᾳ
2544 1390 2644 1460 τῆς
2685 1390 2986 1461 παρουσίας
3013 1389 3211 1443 αὑτοῦ·
3246 1385 3314 1445 οὗ
3349 1391 3507 1442 ἐστιν
3539 1391 3574 1459 ἡ
3602 1406 3777 1462 παρου-

2216 1479 2304 1534 σία
2339 1480 2457 1534 κατ¹
2490 1481 2771 1551 ἐνέργειαν
2808 1481 2904 1535 τοῦ
2937 1482 3150 1535 Σατανᾶ
3180 1481 3239 1533 ἐν
3269 1480 3432 1554 πάσῃ
3456 1480 3672 1552 δυνάμει
3700 1484 3776 1536 καὶ

2215 1572 2461 1645 σημείοις
2485 1574 2578 1627 καὶ
2605 1573 2796 1645 τέρασι
2810 1572 3059 1643 ψεύδους,
3095 1573 3192 1627 καὶ
3214 1574 3273 1626 ἐν
3304 1574 3464 1644 πάσῃ
3492 1573 3671 1647 ἀπάτη
3693 1574 3775 1644 τῆς

2211 1662 2423 1729 ἀδικίας
2442 1665 2500 1718 ἐν
2523 1667 2633 1729 τοῖς
2654 1664 3042 1736 ἀπολλυμένοις
3059 1680 3074 1694 °
3091 1662 3206 1719 ἀνθ’
3227 1657 3309 1719 ὧν
3343 1664 3448 1736 τὴν
3470 1664 3678 1735 ἀγάπην
3690 1666 3771 1732 τῆς

2211 1753 2469 1826 ἀληθείας
2496 1756 2598 1809 οὐκ
2618 1755 2884 1821 ἐδέξαντο,
2910 1756 3018 1810 Καὶ
3042 1754 3130 1809 διὰ
3158 1754 3321 1808 τοῦτο
3347 1755 3560 1826 πέμψει
3578 1757 3772 1819 abscisi

2198 1846 2329 1911 Θεὸς
2344 1847 2621 1920 ἐνέργειαν
2640 1848 2863 1919 πλάνης,
2878 1850 2956 1912 είς
2970 1847 3031 1901 τδ
3043 1846 3340 1903 πιστεῦσαι
3368 1848 3571 1912 αὐτοὺς
3588 1849 3644 1902 τὸ
3663 1849 3768 1919 φεύ-

2194 1936 2305 2003 δος,
2323 1938 2409 1992 ῐνα
2428 1938 2656 2011 κριθῶσι
2675 1939 2872 2003 πάντες
2883 1940 2933 1992 oi
2950 1939 3026 2011 μὴ
3046 1939 3451 2005 πιστεύσαντες
3466 1942 3535 2011 τῇ
3550 1940 3765 2012 ἀληθείᾳ,

2195 2029 2309 2084 ἀλλ’
2350 2030 2737 2103 εὐδοκήσαντες
2785 2034 2851 2104 τῇ
2885 2031 3085 2105 ἀδικίᾳ.
3137 2052 3157 2085 δ
3207 2031 3450 2097 Ἡσαΐας
3490 2032 3548 2086 δὲ
3598 2031 3754 2100 λέγει*

2218 2141 2237 2175 t
2273 2122 2520 2195 ’Δρθητω
2547 2125 2576 2176 ὁ
2598 2123 2821 2196 ἀσεϐὴς,
2853 2124 2939 2180 ίνα
2967 2125 3042 2196 μὴ
3189 2125 3293 2197 τὴν
3323 2124 3491 2191 δόξαν
3533 2126 3760 2197 Κυρίου.»

2268 2215 2484 2269 Τούτων
2509 2210 2605 2270 οὖν
2628 2216 2901 2287 ἐσομένων
2919 2259 2935 2283 ,
2962 2218 3231 2289 ἀγαπητὴ
3260 2219 3364 2272 καὶ
3394 2217 3500 2288 τῆς
3542 2219 3663 2289 μιᾶς
3689 2217 3759 2272 ἐόο

2196 2306 2423 2379 δομάδος
2474 2310 2554 2374 εἰς
2593 2307 2685 2362 δύο
2730 2307 3109 2381 μερισθείσης,
3150 2309 3246 2363 καὶ
3282 2308 3385 2362 τοῦ
3428 2308 3758 2380 βδελύγματος

2197 2399 2299 2471 τῆς
2336 2398 2669 2471 ἐρημώσεως
2694 2401 2816 2454 τότε
2848 2401 3230 2471 ἀναφανέντος.
3267 2403 3371 2455 καὶ
3407 2400 3518 2454 τῶν
3535 2401 3622 2455 δύο
3647 2419 3754 2473 προ-

2200 2491 2385 2563 φητῶν
2415 2491 2527 2565 (28)
2557 2492 2649 2545 καὶ
2671 2492 2990 2565 προδρόμων
3018 2492 3111 2546 τοῦ
3145 2493 3359 2565 Κυρίου
3380 2493 3755 2547 τελειωσάντων

2153 2581 2159 2587 ’
2197 2584 2288 2638 τὸν
2319 2583 2447 2637 ἴδιον
2478 2584 2695 2656 δρόμον,
2731 2585 2825 2639 καὶ
2850 2585 2944 2639 τοῦ
2970 2585 3284 2657 σύμπαντος
3307 2586 3523 2657 κόσμου
3553 2587 3628 2649 είς
3654 2603 3751 2639 συν-

2198 2675 2409 2729 τέλειαν
2444 2675 2629 2729 λοιπὸν
2670 2677 2965 2749 ἐρχομένου
2993 2692 3006 2708 ⁸
3048 2675 3102 2730 τί
3146 2676 3551 2748 περιλείπεται,
3592 2676 3749 2746 ἀλλ’ἢ

2201 2768 2238 2839 ἡ
2272 2767 2562 2838 ἐπιφάνεια
2605 2768 2699 2822 τοῦ
2741 2769 2945 2841 Κυρίου
2983 2769 3075 2822 καί
3100 2768 3356 2841 Σωτῆρος
3395 2768 3555 2839 ἡμῶν
3606 2766 3748 2839 Ἰησοῦ

2200 2857 2437 2931 Χριστοῦ
2484 2858 2578 2913 τοῦ
2602 2859 2754 2913 ’Θεοῦ
2785 2860 2879 2914 ἀπ’
2907 2859 3173 2932 οὐρανῶν,
3207 2861 3291 2925 εἰς
3329 2860 3393 2914 ὃν
3442 2859 3743 2932 titulum;

2200 2949 2260 3015 ὃς
2288 2950 2475 3016 ἐπάξει
2505 2951 2604 3021 τὴν
2636 2951 2944 3023 ἐκπύρωσιν
2969 2953 3061 3006 καί
3090 2952 3189 3024 τὴν
3220 2952 3617 3024 δικαιοκρισίαν
3640 2953 3744 3004 πᾶσι

2201 3044 2313 3106 τοῖς
2343 3042 2700 3115 ἀπειθήσασιν
2729 3043 2896 3114 αὐτῷ.
2926 3044 3087 3113 Λέγει
3117 3043 3225 3116 γὰρ
3256 3046 3287 3098 ὁ
3317 3043 3552 3117 Κύριος’
3589 3061 3608 3095 ι
3649 3041 3742 3113 Ἀρ-

527 3136 782 3207 respicite
805 3145 860 3191 et
893 3136 1066 3190 levate
1089 3135 1268 3207 capita
1296 3146 1498 3205 vestra,
1523 3137 1783 3208 quoniam
1810 3140 2093 3212 appropin-

2202 3133 2451 3207 χομένων
2491 3134 2674 3189 λοιπὸν
2719 3135 2923 3189 τούτων
2978 3135 3261 3204 γίνεσθαι,
3319 3135 3625 3206 ἀνακύψατε
3668 3134 3740 3187 καὶ

524 3230 715 3298 quavit
761 3227 1059 3298 redemp'io
1096 3237 1278 3283 vestra
1324 3227 1390 3282 ".
1437 3227 1503 3283 Et
1544 3230 1771 3301 capillus
1817 3231 1884 3288 de
1922 3232 2093 3303 capite

2198 3229 2438 3302 ἐπάρατε
2482 3227 2581 3292 τάς
2613 3228 2849 3298 κεφαλὰς
2890 3229 3063 3301 ὑμῶν,
3112 3231 3192 3284 ὅτι
3238 3232 3473 3302 ῆγγισεν
3507 3231 3539 3301 ἡ
3572 3228 3737 3284 amia-

524 3330 706 3376 vestro
755 3336 863 3377 non
894 3320 1091 3392 peribit
1138 3320 1206 3373 ’°.
1253 3318 1403 3376 Sicut
1456 3322 1601 3377 enim
1648 3322 1828 3395 fulgur
1871 3325 1985 3381 exit
2028 3326 2098 3382 ab

524 3413 765 3479 Oriente,
793 3422 847 3470 et
876 3413 1044 3486 fulget
1077 3429 1249 3484 usque
1278 3414 1344 3469 ad
1372 3414 1731 3483 occidentem,
1760 3417 1840 3473 sic
1862 3419 1968 3473 erit
2000 3419 2097 3473 ad-

521 3516 718 3563 ventus
759 3505 882 3561 Filii
941 3506 1199 3561 hominis.
1258 3503 1580 3577 Ubicunque
1634 3505 1798 3565 fuerit
1842 3510 2095 3577 cadaver,

524 3599 634 3654 illic
663 3598 1139 3669 congregabuntur
1170 3607 1225 3653 et
1253 3598 1451 3669 aquila
1475 3599 1541 3655 ⁹¹.
1584 3618 1604 3652 ι
1640 3599 1765 3656 Fuit
1789 3611 1969 3659 autem
2003 3621 2096 3661 ca-

522 3690 689 3745 daver
732 3689 869 3761 (ειν)
903 3688 958 3743 in
984 3689 1271 3759 paradiso;
1301 3689 1374 3745 ibi
1392 3690 1537 3745 enim
1583 3690 1828 3749 Adamus
1874 3696 2089 3752 cecidit.

521 3785 718 3856 Aitque
741 3798 965 3839 rursus:
992 3800 1011 3833 ι
1035 3781 1188 3838 Tunc
1229 3782 1406 3838 mittet
1426 3781 1596 3838 Filius
1613 3784 1852 3840 hominis
1873 3789 2094 3858 angelos

521 3892 674 3943 suos,
703 3887 757 3933 et
801 3875 1157 3949 congregabit
1207 3875 1409 3931 electos
1433 3890 1565 3931 suos
1598 3891 1630 3931 a
1652 3887 1890 3947 quatuor
1918 3881 2092 3938 ventis

522 3973 647 4028 εωιὶ
675 3973 743 4025 θ’.
784 3990 803 4023 ι
837 3968 1004 4025 David
1039 3983 1259 4040 quoque
1287 3969 1661 4040 praenuntians
1685 3969 1955 4040 judicium
1981 3972 2091 4030 Do-

520 4065 765 4135 minique
806 4060 1200 4133 apparitionem
1248 4079 1262 4116 :
1300 4080 1319 4114 ι
1354 4062 1399 4114 Α
1430 4076 1650 4117 summo
1681 4064 1822 4118 coelo
1848 4068 2093 4138 egressio

517 4158 659 4229 ejus,
703 4156 901 4227 inquit,
948 4162 1004 4210 et
1045 4169 1308 4211 occursus
1336 4154 1457 4225 ejus
1505 4168 1678 4225 usque
1710 4155 1780 4210 ad
1814 4171 2090 4214 summum

518 4250 664 4316 coeli,
682 4258 737 4305 et
753 4263 861 4305 non
879 4256 961 4305 est
976 4247 1070 4317 qui
1087 4261 1146 4303 se
1170 4244 1507 4302 abscondata
1521 4246 1703 4302 calore
1722 4247 1842 4318 ejus
1854 4249 1919 4304 ”.
1948 4268 1965 4302 ι
1988 4249 2091 4306 Ca-

517 4344 689 4400 lorem
704 4338 1335 4409 vero,conﬂagrationem
1358 4346 1536 4393 vocat.
1564 4335 1656 4393 Sic
1677 4346 1858 4393 autem
1878 4338 2048 4397 Isaias
2071 4360 2087 4397 :

521 4455 540 4486 ι
585 4433 764 4500 Vade,
810 4430 1042 4503 populus
1081 4444 1266 4497 meus,
1310 4430 1454 4484 intra
1482 4429 1536 4483 in
1559 4429 1869 4486 cubiculum
1903 4440 2083 4503 tuum;

515 4524 706 4579 claude
726 4522 927 4578 ostium
953 4531 1138 4587 tuum;
1170 4519 1506 4575 abscondere
1538 4519 1808 4575 modicum
1832 4521 2086 4592 aliquan-

515 4616 714 4681 tulum,
765 4612 941 4669 donec
989 4621 1330 4683 pertranseat
1378 4611 1459 4666 ira
1494 4610 1734 4668 Domini.
1758 4612 1805 4645 ’δ
1829 4631 1848 4665 ι
1879 4614 2076 4675 Paulus

512 4708 688 4764 item:
733 4725 752 4759 ι
802 4704 1088 4762 Revelatur
1131 4704 1276 4760 enim
1326 4704 1406 4760 ira
1466 4703 1560 4761 Dei
1615 4704 1684 4760 de
1733 4705 1871 4761 cmlo
1916 4722 2080 4778 super

512 4815 731 4856 omnem
759 4798 1087 4870 impietatem
1112 4807 1166 4853 et
1189 4784 1535 4868 injustitiam'
1553 4797 1837 4854 hominum
1855 4837 1872 4864 ,
1886 4799 1975 4866 qui
1996 4813 2088 4855 ve-

511 4894 726 4948 ritatem
757 4891 852 4947 Dei
879 4891 933 4947 in
960 4890 1226 4962 iniustitia
1250 4891 1496 4948 detinent
1525 4891 1592 4945 ”.
1631 4909 1649 4942 ι

583 5036 629 5067 ⁸⁷
670 5034 713 5089 ll
741 5033 934 5091 Thess.
990 5051 1067 5101 ιι,
1112 5035 1252 5090 1-Η.
1324 5036 1373 5068 ⁸⁸
1403 5036 1509 5091 lsa.
1553 5051 1714 5103 xxvi,
1765 5035 1849 5091 10.

1952 5038 2002 5074 ⁸⁸
2031 5038 2167 5096 Luc.
2204 5056 2318 5104 ut,
2357 5038 2447 5092 28.

2195 3339 2397 3395 τρωσις
2426 3320 2597 3392 ὑμῶν.
2632 3320 2741 3376 Kal
2774 3320 2894 3394 θρὶξ
2924 3324 2987 3375 ἐκ
3017 3322 3114 3394 τῆς
3149 3324 3395 3396 κεφαλῆς
3423 3323 3571 3395 ὑμῶν
3598 3323 3651 3375 ού
3677 3320 3735 3391 μὴ

2194 3415 2505 3469 ἀπόλλυται.
2556 3415 2765 3486 Ὠσπερ
2818 3415 2927 3487 γὰρ
2968 3418 3001 3487 ἡ
3044 3417 3299 3490 ἀστραπὴ
3351 3416 3611 3487 ἐγείρεται
3650 3413 3730 3466 ἀπὸ

2194 3505 2498 3571 ἀνατολῶν,
2535 3506 2626 3560 καὶ
2667 3507 2912 3575 φαίνεται
2951 3508 3078 3580 ἄχρι
3115 3508 3369 3581 δυσμῶν,
3404 3508 3571 3571 οὕτως
3611 3506 3729 3558 ἔσται

2194 3600 2289 3653 καὶ
2326 3602 2359 3670 ή
2394 3598 2661 3670 παρουσία
2682 3597 2776 3651 τοῦ
2796 3599 2921 3653 Υἱοῦ
2953 3599 3045 3653 τοῦ
3085 3600 3395 3672 ἀνθρώπου.
3417 3602 3579 3654 Ὅπου
3609 3599 3662 3652 ἂν

2192 3691 2255 3745 τὸ
2287 3691 2508 3763 πτῶμα,
2539 3691 2656 3745 ἐκεῖ
2688 3691 3110 3765 συναχθήσονται
3139 3693 3232 3747 καὶ
3264 3696 3313 3747 οί
3346 3693 3514 3747 ἀετοί.
3550 3711 3567 3743 ι
3601 3688 3722 3743 Πτῶ-

2195 3802 2273 3857 μα
2303 3784 2359 3837 δὲ
2390 3783 2680 3855 γεγένηται
2714 3786 2770 3839 ἐν
2803 3785 3113 3857 παραδείσῳ
3132 3827 3146 3850 ,
3187 3787 3308 3839 ἐκεῖ
3332 3785 3443 3857 γὰρ
3484 3782 3631 3853 Ἀδὰμ
3649 3780 3722 3844 πέ-

2192 3896 2408 3933 πτωκεν
2435 3897 2448 3910 ·
2484 3879 2542 3943 ὃς
2591 3880 2685 3933 καί
2737 3879 2896 3933 πάλιν
2952 3878 3128 3948 λέγει·
3166 3898 3184 3931 ι
3243 3880 3379 3934 Τότε
3412 3876 3667 3933 ἀποστελεῖ
3697 3875 3720 3924 ὀ

2190 3971 2319 4036 Υἱὸς
2348 3970 2443 4025 τοῦ
2472 3971 2757 4044 ἀνθρώπου
2782 3973 2907 4035 τοὺς
2926 3970 3187 4041 ἀγγέλους
3214 3970 3405 4037 αὐτοῦ,
3426 3970 3514 4024 καὶ
3541 3972 3717 4022 ἐπισυν-

2190 4063 2311 4131 άξει
2361 4064 2487 4128 τοὺς
2519 4064 2806 4127 ἐκλεκτοὺς
2839 4063 3001 4117 αὑτοῦ
3045 4066 3110 4117 ἐκ
3158 4064 3265 4117 τῶν
3313 4063 3583 4134 τεσσάρων
3622 4056 3715 4111 M-

2193 4157 2310 4229 μῶν
2343 4155 2437 4210 τοῦ
2474 4155 2726 4229 ούρανοῦ.
2764 4174 2785 4207 ι
2816 4155 2927 4209 Καὶ
2955 4154 3121 4208 Δαὸὶδ
3154 4156 3483 4229 προμηνύων
3510 4153 3597 4223 τὴν
3619 4146 3709 4219 κρίο

2193 4266 2276 4304 σιν
2318 4249 2411 4303 καὶ
2440 4248 2537 4320 τὴν
2570 4247 2888 4319 ἐπιφάνειαν
2924 4245 3018 4300 τοῦ
3060 4246 3288 4318 Κυρίου,
3325 4246 3516 4319 φησίνο
3552 4262 3568 4293 ι
3616 4237 3706 4292 Ἀπ’

2189 4342 2358 4415 ἀκρον
2376 4340 2470 4395 τοῦ
2500 4339 2729 4412 ούρανοῦ
2756 4342 2788 4411 ή
2821 4338 2993 4404 ἔξοδος
3022 4337 3209 4403 αὑτοῦ,
3241 4339 3413 4393 καὶτὸ
3440 4334 3704 4400 κατάντημι

2188 4430 2357 4498 αὐτοῦ
2387 4431 2491 4494 ἕως
2513 4431 2681 4501 ἄκρου
2713 4429 2808 4483 τοῦ
2839 4428 3069 4501 ούρανοῦ
3088 4446 3101 4459 ο
3126 4428 3220 4483 καὶ
3250 4429 3352 4482 οὐκ
3380 4427 3517 4481 ἔστιν
3542 4422 3702 4486 ὃςάπυ·

2116 4553 2164 4613 D
2190 4523 2523 4595 κρυϐήσεται
2546 4522 2643 4593 τῆς
2675 4521 2886 4594 θέρμης
2911 4520 3093 4575 αὐτοῦ.
3110 4540 3128 4573 ι
3162 4520 3386 4593 θέρμην
3483 4510 3700 4613 λέγειτὴν

2188 4616 2519 4689 ἐκπύρωσιν.
2566 4616 2795 4679 Ἡσαΐας
2844 4615 2900 4668 δὲ
2945 4613 3117 4668 obrui:
3169 4632 3187 4665 ι
3218 4608 3565 4679 Βάδιζε,λαός
3601 4622 3694 4676 μου.

2184 4709 2390 4763 εἴσελθε
2430 4711 2510 4772 εἰς
2548 4708 2609 4762 τὸ
2654 4708 2873 4779 ταμεῖόν
2917 4723 3009 4759 σου
3032 4745 3047 4770 ,
3100 4703 3421 4759 ἀπόκλεισον
3446 4703 3537 4772 τὴν
3570 4697 3694 4766 θύραν

2183 4818 2301 4864 σου,
2330 4798 2670 4871 ἀποκρύϐηθι
2704 4798 2895 4871 μικρὸν
2916 4800 3038 4854 ὅσον
3068 4799 3171 4863 ἕως
3200 4800 3265 4853 ἂν
3286 4797 3518 4872 παρέλθῃ
3545 4791 3693 4866 ἠόρτὴ

2179 4891 2405 4964 Κυρίου.
2436 4910 2455 4945 ι
2493 4892 2702 4956 Παῦλος
2732 4892 2787 4946 δὲ
2818 4892 3051 4964 ὁμοίωςο
3088 4910 3106 4943 ι
3155 4881 3691 4951 Ἀποκαλύπτεταιτᾶρ

2555 5037 2605 5069 ’⁸
2632 5037 2792 5104 lbid.,
2832 5034 2919 5091 l8.
3028 5036 3073 5067 "
3108 5034 3297 5093 Matth.
3349 5026 3592 5096 “17,27.
3617 5019 3684 5076 28·

510 5109 555 5140 ⁹²
589 5106 780 5161 Matth.
804 5122 951 5172 xxiv,
979 5106 1069 5162 3i.
1145 5106 1190 5138 “
1219 5105 1309 5161 Ps.
1335 5122 1487 5193 svnt,
1516 5107 1567 5161 7.
1643 5107 1691 5139 “
1721 5106 1827 5163 lsa.
1852 5124 2002 5176 xxvr,
2038 5110 2126 5164 20.
2200 5112 2247 5143 "
2284 5111 2442 5163 Rom.
2468 5124 2507 5173 ι,
2544 5108 2633 5162 l7.

581 5242 716 5326 (26‘)
753 5248 809 5304 In
851 5250 1039 5326 Graeco
1094 5250 1179 5326 bis
1240 5251 1440 5326 πτῶμα
1472 5263 1786 5326 usurpatur,
1804 5264 1880 5326 fut
1924 5255 2069 5326 apud

511 5320 826 5395 Matthaaum
865 5320 1121 5397 cadaver,
1158 5320 1766 5397 in‘explicatione'vero
1800 5320 2067 5397 llippo'lyti

504 5406 689 5453 casum
710 5394 805 5446 seu
828 5392 1039 5444 ruinam
1072 5390 1359 5459 signiﬁcet.
1389 5390 1560 5458 Quem
1594 5395 1647 5449 in
1682 5390 2069 5451 verbis'lusu'm

508 5460 697 5519 Latine
713 5469 1102 5531 repraesentare
1127 5475 1293 5532 penes
1322 5462 1672 5533 interpretem
1707 5481 1813 5519 non
1838 5463 1960 5519 fuit.

1551 5536 1709 5590 Eutr.
1756 5535 2003 5591 Ριτιοι..

577 5598 692 5715 (2η
719 5600 866 5678 "Qte.
902 5599 1069 5669 Gud.,
1102 5602 1178 5666 ὡς
1214 5603 1317 5682 ὅτι.

579 5669 669 5715 (28
728 5674 848 5715 Των
871 5671 982 5715 ἣύη
1011 5685 1317 5715 πηηωιητιιγν

579 5669 692 5744 (28}
728 5669 848 5744 Τῶν
871 5671 982 5744 δύο
1010 5671 1349 5743 προφητῶν.
1387 5671 1444 5728 in
1485 5674 1673 5744 spurio
1709 5676 1802 5731 illo
1839 5683 2074 5731 tractatu

507 5719 598 5791 De‘
643 5719 967 5796 Antichrislo
1010 5719 1301 5797 efﬁcitur
1335 5719 1803 5801 edidimus};

510 5808 749 5880 vulgato,
795 5814 985 5869 tertius
1016 5814 1171 5871 testis
1193 5822 1247 5870 et
1276 5829 1577 5885 pmwrsor
1605 5815 1829 5887 gloriosi
1859 5814 2073 5871 Domini

2176 5258 2465 5319 adventus,
2488 5254 2726 5311 Joannes
2752 5254 3014 5309 asseritur
3037 5273 3052 5321 ;
3085 5255 3228 5326 quod
3248 5254 3427 5309 minus
3450 5245 3681 5326 probam}

2173 5338 2280 5391 est,
2332 5338 2394 5382 ut
2420 5336 2474 5381 et
2514 5326 2719 5396 opinio.
2752 5341 2872 5395 qua:
2906 5319 3087 5381 adhuc
3103 5319 3463 5396 "superstitem
3483 5320 3529 5396 i_n
3552 5319 3677 5396 carjlge

2175 5377 2392 5453 ἷιῖοἲιιεῆἰ
2429 5377 2869 5462 saginandi;
2887 5377 3211 5466 46.35955:
3230 5377 3457 5466 ass"...
3482 5388 3593 5441 dura
3612 5377 3674 5466 «li;

2174 5484 2279 5538 gna
2313 5482 2542 5538 censura
2578 5467 2811 5530 videtur,
2838 5460 3264 5538 ac'inuritjdem
3293 5464 3532 5538 Picus_,_et
3554 5460 3673 5538 qua?

2173 5519 2635 5594 anausim
2658 5519 2897 5606 .psaa;
2931 5535 3069 5591 Nam
3100 5519 3413 5606 sparsas.
3441 5519 3671 5606 Muli:

2175 5590 2347 5664 tantis
2377 5590 2666 5677 episcopus
2693 5590 2834 5675 apud
2864 5590 3159 5672 Plautium:
3182 5590 3321 5661 inter
3362 5600 3461 5661 eas'

2174 5652 3140 5749 hiiéifs'iiJKéETEJi'beE7:11.31“hue;
3162 5652 3447 5743 reditu}?
3462 5652 3671 5740 quidquill

2175 5748 2402 5806 statuas.
2448 5748 2685 5803 Coussr.
