3830 7152
508 255 608 309 781
1233 250 1598 307 illPPULYTl
1647 244 1796 308 OPP.
1839 252 2021 307 PARS
2058 249 2126 307 Π.
2169 282 2239 296 -—
2287 250 2594 308 DOGMAT.
2653 250 2739 308 ET
2777 246 3125 309 HISTORIG}
3594 260 3678 317 788

507 394 640 435 voce
661 388 714 434 et
743 379 872 436 tuba
911 371 1006 432 Dei
1033 376 1321 433 descendet
1348 376 1416 431 de
1456 376 1616 441 coelo,
1666 385 1720 431 et
1764 376 1961 432 mortui
2005 377 2019 430 i

2172 376 2258 430 καὶ
2285 374 2542 444 σάλπιγγι
2574 374 2707 427 Θεοῦ
2742 373 3109 445 καταϐήσεται
3141 373 3234 427 ἀπ’
3265 372 3504 447 οὐρανοῦ,
3534 380 3613 434 καὶ
3645 385 3684 439 οἱ

505 472 727 529 Christo
756 478 1039 542 resurgent
1057 470 1315 540 primum.
1340 468 1544 523 Deinde
1566 483 1666 523 nos
1695 469 1789 539 qui
1817 468 2013 523 vivimu

2176 469 2357 539 νεκροὶ
2376 470 2431 520 ἐν
2456 467 2673 538 Χριστῷ
2691 466 3081 539 ἀναστήσονται
3108 466 3339 539 πρῶτονσ
3365 469 3540 524 ἔπειτα
3559 474 3688 544 ἡμεῖς

506 567 600 636 qui
632 564 833 620 residui
860 578 1074 625 sumus,
1117 562 1279 616 simul
1320 576 1443 616 cum
1482 562 1563 617 eis
1592 561 1868 632 rapiemur
1898 563 1954 616 in
1978 577 2018 616 oi

2176 563 2224 614 oi
2254 560 2454 625 ζῶντες
2479 562 2529 614 οἱ
2558 560 2994 632 περιλειπόμενοι
3025 561 3141 632 ἅμα
3158 563 3253 615 σὺν
3279 562 3456 627 αὐτοῖς
3482 564 3688 640 ἁρπαγη-

507 672 729 713 cursum
762 654 975 710 Domini
1007 655 1060 709 in
1089 670 1245 721 aera;
1274 664 1327 710 et
1350 653 1430 710 sic
1449 669 1663 725 semper
1686 668 1810 710 cum
1843 652 2019 708 Domit

2179 653 2379 725 σόμεθα
2401 655 2458 706 ἐν
2476 651 2725 723 νεφέλαις
2756 653 2836 717 εἰς
2865 652 3164 724 ἀπάντησιν
3189 651 3285 708 τοῦ
3317 655 3511 725 Κυρίου
3533 660 3602 724 είς
3618 662 3691 715 at.

506 750 711 803 erimus
742 747 784 801 ⁸.
822 770 840 799 ο
2179 762 2265 818 ριι⁸
2293 744 2385 798 καὶ
2420 743 2561 799 οὕτω
2595 744 2818 799 πάντοτε
2842 745 2939 799 σὺν
2957 745 3145 818 Κυρίῳ
3170 745 3453 818 ἐσόμεθα..

574 839 661 894 LV
673 838 780 894 VII.
825 838 951 895 Haec
979 838 1074 893 tibi
1107 838 1295 908 paucis
1317 841 1563 909 exposui,
1596 854 1629 894 ο
1657 837 1976 909 Theophile,
2002 853 2069 893 ex

2246 833 2431 888 Ταῦτά
2482 833 2936 906 σοιζπαρέστησα
3005 834 3093 888 διά
3161 834 3410 906 βραχέων
3467 837 3698 911 ἀρυσάμε-

506 932 706 988 divinis
764 929 1060 1002 Scriptnris
1111 932 1346 996 hausta,
1405 940 1467 984 ut
1511 931 1775 985 servando
1819 929 1921 986 [ide
1953 945 2018 1000 qu

2186 944 2297 991 νος,
2354 925 2610 995 Θεόφιλε,
2652 926 2802 990 ὅπως
2862 925 3145 995 φυλάσσων
3201 926 3343 997 μετὰ
3384 925 3599 992 πίστεως
3648 933 3698 986 τὰ

507 1024 709 1093 scripta
742 1032 890 1086 sunt,
936 1022 1382 1093 prospiciensque
1428 1019 1630 1087 futura,
1667 1020 1988 1077 inoﬂ'ensum

2188 1015 2552 1089 γεγραμμένα,
2577 1018 2670 1070 καὶ
2697 1016 3014 1089 προόλέπων
3033 1017 3102 1071 τά
3122 1018 3377 1090 ἐσόμενα,
3400 1017 3700 1090 ἀπρόσκοπον

509 1115 619 1171 Deo
641 1129 707 1170 ac
731 1114 1045 1169 hominibus
1066 1129 1271 1179 serves,
1301 1121 1621 1182 exspectans
1645 1113 1860 1168 beatam
1895 1128 2021 1184 spen

2191 1109 2365 1164 ἑαυτὸν
2393 1110 2487 1163 καὶ
2506 1107 2623 1180 Θεῷ
2651 1109 2743 1163 καὶ
2765 1108 3068 1182 ἀνθρώποις
3089 1109 3352 1184 φυλάξῃς,
3388 1112 3703 1184 προσδεχόμεο

508 1218 561 1260 et
582 1205 999 1261 illustrationem
1031 1205 1147 1267 Dei,
1171 1214 1226 1260 et
1262 1204 1561 1260 Salvaturis
1594 1205 1763 1260 nostri
1788 1206 1831 1272 ',
1863 1205 1919 1260 in
1963 1221 2020 1276 qt

2191 1219 2266 1268 mg
2293 1201 2388 1273 τήν
2411 1202 2682 1273 μακαρίαν
2706 1200 2893 1257 ἐλπίδα
2924 1204 3016 1257 καὶ
3034 1204 3358 1275 ἐπιφάνειαν
3380 1202 3470 1258 τοῦ
3490 1204 3611 1259 Θεοῦ
3630 1209 3703 1261 καὶ

509 1299 789 1354 suscitatis
820 1298 1024 1354 sanctis
1050 1296 1273 1360 nostris,
1308 1313 1431 1351 cum
1455 1298 1536 1353 eis
1572 1297 1839 1353 laetabitur
1868 1297 2021 1368 gloril

2194 1295 2423 1367 Ξωτῆρος
2451 1294 2627 1367 ἡμῶν,
2663 1289 2774 1368 ἐν
2797 1295 3103 1368 ἀναστήσας
3115 1297 3244 1361 τοὺς
3264 1297 3450 1366 ἁγίους
3474 1297 3611 1368 ήμῶν
3630 1300 3706 1352 σὺν

509 1404 643 1444 cans
666 1388 900 1444 Patrem.
924 1388 1026 1459 ipsi
1050 1388 1220 1461 gloria
1251 1388 1309 1442 in
1333 1391 1659 1458 sempiterna
1683 1389 1878 1445 saecula
1902 1403 2021 1445 saw

2194 1388 2357 1451 ιὺτοϊς
2383 1386 2834 1458 εὐφρανθήσεται,
2866 1386 3101 1454 δοξάζων
3122 1388 3364 1459 Πατέρα’
3398 1387 3581 1460 αὑτῷή
3607 1389 3706 1456 δόξα

510 1482 706 1535 lorum.
742 1481 931 1534 Amen.

2180 1477 2259 1542 είς
2284 1478 2409 1541 τοὺς
2429 1476 2810 1549 ἀτελευτήτους
2838 1477 3040 1542 αἰῶνας
3063 1478 3170 1532 τῶν
3205 1476 3438 1535 αἰώνων.
3482 1480 3648 1550 ’Δμήν.

778 1819 1219 1993 ΤΟΥ
1342 1820 2014 1994 ΑΓΙΟΥ
2156 1681 3490 1998 ιΠΠΟᾹῩνῖὖῖ

1629 2087 2028 2145 ΕΠΙΣΚΟΠΟΥ
2080 2091 2205 2146 ΚΑΙ
2248 2091 2625 2146 ΜΑΡΤΥΡΟΣ

541 1660 3704 1692 W

1242 2253 2017 2340 AHOAEIKTIKH
2087 2255 2373 2342 ΠΡΟΣ
2424 2255 3015 2345 ΙΟΥΔΑΙΟΥΣ

1215 2613 1889 2769 SANCTI
2006 2615 3047 2774 HIPPOLYTI

1405 2897 1950 2993 EPISCOPI
2028 2901 2180 2991 ET
2250 2901 2855 2994 MARTYRIS

712 3111 1937 3245 DEMONSTRATIO
2029 3113 2858 3250 ADVERSUS
2947 3121 3579 3252 JUD/EOS

1498 3349 1879 3406 FRANCISCO
1918 3350 2284 3408 TURRIANO
2321 3351 2774 3411 INTERPRETE.

2111 3533 2187 3547 nl—

585 3663 626 3718 Ι.
664 3660 864 3717 lnclina
888 3676 1075 3717 aurem
1098 3670 1266 3725 tuam,
1290 3659 1491 3727 Judaee,
1516 3670 1568 3716 ct
1594 3662 1719 3717 audi
1747 3663 1909 3717 verba
1934 3678 2074 3728 mea,

2260 3662 2452 3717 ῧὺκοῢν
2474 3662 2649 3717 κλῖνον
2673 3663 2734 3718 τὸ
2769 3659 2860 3728 οὖς
2891 3681 2984 3719 σου
3016 3664 3159 3738 ἐμοὶ,
3182 3667 3280 3721 καὶ
3302 3667 3605 3721 εἰσάκουσον
3623 3656 3715 3716 τῶν
3769 3673 3772 3677 ‘

513 3766 569 3811 ct
593 3756 827 3811 attende.
861 3753 1015 3826 Saepe
1043 3754 1295 3825 gloriaris
1328 3763 1406 3820 tu,
1438 3754 1582 3825 quod
1626 3753 1809 3810 Iesum
1841 3752 2025 3810 Nazari

2190 3756 2438 3826 βημάτων
2482 3772 2606 3826 μου,
2648 3755 2743 3810 καὶ
2772 3754 3027 3827 πρόσεχε,
3058 3751 3104 3811 ὦ
3145 3758 3390 3813 ’1ουδαῖε.
3431 3757 3500 3810 Σὺ
3524 3756 3575 3810 δὲ
3601 3753 3702 3807 πολ-

514 3856 642 3903 num
674 3848 866 3903 mortis
896 3846 1290 3913 condemnasti,
1320 3854 1375 3902 et
1404 3846 1548 3917 quod
1589 3857 1800 3902 acetum
1840 3854 1895 3903 et
1932 3848 2002 3902 l'el

2191 3846 2331 3911 Ιιάκις
2364 3845 2796 3918 ἐκκαυχὼμενος,
2826 3848 2907 3901 ὅτι
2924 3846 3018 3900 τὸν
3062 3849 3269 3922 Ἰησοῦν
3294 3851 3389 3904 τὸν
3430 3844 3703 3915 Ναζωραῖον

513 3942 579 3996 ad
612 3942 904 3998 bibendum
934 3940 1251 4013 porrexisti;
1307 3950 1362 3995 et
1404 3941 1509 3996 hoc
1555 3941 1851 4012 gloriosum
1895 3950 2022 4014 puta

2192 3937 2391 4009 ὶανάτῳ
2428 3939 2767 4010 κατέκρινας,
2804 3940 2900 3992 καὶ
2930 3938 3050 4005 ὅξος
3073 3941 3166 3994 καὶ
3197 3940 3359 4013 χολήν
3388 3939 3541 3996 αὑτὸν
3557 3936 3704 3990 ἐπότισ-

511 4033 718 4089 Accede
735 4034 917 4104 igitur,
942 4042 996 4089 et
1020 4033 1433 4089 consideremus
1454 4034 1837 4099 communiter,
1873 4042 2023 4089 utrur

2195 4046 2294 4093 τας·
2330 4030 2425 4082 καὶ⁵
2457 4028 2690 4101 σεμνύνῃ
2735 4029 2828 4083 ἐπὶ
2866 4028 3057 4101 τούτῳ.
3091 4030 3260 4104 Δεῦρο
3288 4027 3385 4086 οὖν
3420 4028 3597 4091 κοινῶς
3613 4029 3707 4080 ἐπι·

512 4140 582 4180 ne
612 4125 819 4195 injuste
845 4125 1117 4196 gloriaris,
1148 4140 1183 4180 o
1220 4123 1407 4188 Israel,
1447 4131 1503 4178 et
1544 4124 1677 4180 illud
1713 4141 1905 4196 parum
1940 4141 2024 4181 ace

2191 4120 2505 4193 ικεψὼμεθα
2534 4122 2729 4196 μήπως
2762 4123 2961 4189 ἀδίκως
2984 4125 3275 4194 καυχᾶσαι,
3297 4117 3346 4178 ὦ
3386 4120 3601 4195 Ἰσραὴλ,
3625 4117 3703 4188 μή⁴

512 4227 566 4271 et
609 4215 749 4272 fellis
789 4216 888 4271 bas
932 4216 1221 4272 horribiles
1258 4216 1443 4271 minas
1467 4215 1559 4270 tibi
1588 4217 1799 4283 intulit;
1826 4226 2024 4272 utrumn

2190 4225 2293 4276 τως
2320 4226 2407 4265 σοι’
2418 4212 2481 4266 τὸ
2517 4212 2709 4284 μικρὸν
2737 4213 2911 4266 ἐκεῖνο
2943 4211 3063 4280 ὅξος
3089 4214 3182 4267 καὶ
3211 4216 3244 4286 ή
3276 4213 3408 4286 χολή
3449 4212 3541 4283 τήν
3574 4205 3702 4278 φοδε·

510 4319 731 4382 propter
761 4309 895 4364 illud
923 4310 977 4363 in
1001 4309 1121 4365 istis
1156 4309 1382 4365 inlinitis
1406 4308 1806 4364 calamitatibus
1827 4324 1908 4363 es.

2187 4303 2279 4373 ράν
2301 4320 2382 4357 σοι
2410 4303 2614 4376 ταύτην
2650 4305 2929 4378 ἐπήγαγεν
2961 4304 3207 4378 ἀπειλήν·
3256 4308 3454 4379 μήπως
3481 4304 3543 4357 δι’
3571 4296 3699 4356 αὐτοῦ

2176 4396 2235 4449 ἐν
2257 4399 2370 4460 τοῖς
2396 4396 2611 4469 μυρίοις
2634 4397 2840 4463 τούτοις
2866 4399 3131 4471 ὑπάρχεις
3159 4398 3375 4464 δεινοῖς.

579 4488 643 4544 ll.
679 4489 951 4545 Procedat
973 4491 1136 4560 igitur
1175 4490 1229 4543 in
1268 4489 1529 4548 medium.
1563 4489 1655 4559 qui
1688 4505 1783 4560 per
1816 4488 2076 4560 Spiritum

2245 4488 2573 4560 Προαγέσθω
2600 4489 2777 4543 τοίνυν
2800 4491 2880 4555 εἰς
2904 4490 3068 4562 μέσον
3080 4486 3115 4544 ό
3137 4489 3226 4544 διά
3248 4490 3558 4561 Πνεῦματος
3577 4482 3698 4552 ἁγίου

509 4592 759 4636 sanctum
798 4582 1059 4651 loquitur,
1103 4591 1157 4635 et
1191 4597 1352 4636 verax
1386 4590 1492 4647 est,
1519 4579 1685 4636 David
1722 4581 1865 4637 [ilius
1900 4581 2020 4639 less

2187 4582 2369 4645 λαλῶν,
2413 4580 2645 4653 ἀψευδὴς
2679 4581 2959 4653 ὑπάρχων,
2994 4580 3156 4637 Δαυὶδ
3184 4583 3212 4635 ό
3247 4581 3344 4635 τοῦ
3386 4578 3585 4635 Ἰεσσαί.
3619 4566 3699 4626 Div

511 4671 631 4735 ilic,
671 4686 795 4728 cum
842 4673 1089 4743 quaedam
1123 4672 1436 4742 prephetice
1467 4673 1535 4727 de
1566 4685 1697 4727 vero
1727 4673 1947 4730 Christo
1979 4690 2023 4731 c:

2183 4692 2265 4741 τος
2287 4676 2502 4747 ψάλλων
2528 4677 2648 4732 τινὰ
2682 4676 3033 4749 προφητικῶς
3052 4676 3132 4740 είς
3157 4674 3247 4729 τὸν
3273 4674 3447 4748 ἀληθῆ
3486 4667 3695 4742 Χριστὸν,

508 4772 682 4830 neret,
713 4772 768 4818 et
791 4762 957 4817 Deum
995 4773 1240 4819 nostrum
1274 4780 1371 4847 per:
1413 4762 1675 4835 Spiritum
1708 4776 1953 4821 sanctum
1984 4782 2020 4823 c;

2183 4770 2266 4823 τὸν
2291 4770 2423 4825 Θεὸν
2453 4770 2611 4843 ήμῶν
2638 4770 2945 4842 ἐμελῲδησε
2982 4769 3071 4824 διὰ
3104 4768 3198 4823 τοῦ
3223 4768 3380 4839 ἁγίου
3408 4765 3695 4835 Πνεύματοςι

507 4856 692 4911 uendo
716 4856 1034 4922 celebraret,
1064 4858 1251 4912 omnia
1286 4872 1409 4927 quae
1438 4872 1468 4911 a
1500 4855 1701 4913 Iudaeis
1728 4858 1781 4913 in
1820 4859 2019 4928 passion

2186 4862 2354 4916 πάντα
2389 4862 2458 4916 τά
2495 4862 2601 4916 ὑπὸ
2645 4862 2912 4917 Ἰουδαίων
2936 4862 3016 4926 είς
3041 4861 3201 4915 αὐτὸν
3227 4862 3285 4915 ἐν
3313 4861 3394 4932 τῷ
3416 4857 3565 4913 πάθει
3585 4849 3698 4923 γινό-

506 4947 625 5016 ejus
651 4945 791 5001 facta
816 4955 963 5012 sunt,
993 4948 1140 5003 clare
1178 4948 1542 5014 denuntiavit;
1581 4950 1671 5005 ubi
1704 4949 1955 5008 Christus
1978 4968 2018 5021 q‘

2182 4971 2316 5025 μενα
2340 4954 2525 5025 σαφῶς
2546 4954 2953 5026 κατηγγείλατω
2989 4956 3048 5007 ἐν
3072 4947 3116 5023 ᾧ
3145 4957 3174 5008 ό
3198 4954 3431 5026 Χριστὸς
3468 4952 3495 5004 ό
3542 4960 3694 5000 ταπει-

507 5051 567 5089 se
595 5036 916 5103 humiliavit,
947 5046 1003 5092 et
1036 5037 1267 5094 formam
1310 5040 1451 5094 servi
1485 5038 1658 5095 Adam
1704 5041 1900 5108 induit,
1951 5051 2019 5096 tat

2180 5022 2352 5112 νώσας
2374 5022 2562 5102 ἐαυτὸν
2587 5022 2683 5101 καί
2698 5022 2807 5119 *τὴν
2838 5045 3049 5119 μορφὴν
3080 5022 3173 5100 τοῦ
3202 5022 3387 5101 δούλου
3433 5043 3588 5113 ’Δδὰμ
3625 5040 3692 5091 ἐν·

506 5141 672 5195 quam
697 5141 763 5180 ex
790 5141 1023 5197 persona
1050 5136 1258 5190 nostra,
1292 5129 1509 5184 invocat
1539 5128 1709 5184 Deum
1740 5129 1953 5185 Patrem
1974 5147 2018 5201 qi

2180 5139 2501 5210 δυσάμενος,
2524 5140 2599 5204 ὡς
2639 5143 2705 5194 ἐκ
2746 5138 3035 5213 προσώπου
3071 5141 3227 5214 ήμῶν
3274 5141 3589 5197 ἐπικαλεῖται
3620 5129 3692 5183 τὸν

505 5217 561 5271 in
584 5217 737 5273 caelis
769 5225 872 5282 est,
892 5226 946 5272 et
973 5216 1049 5272 ait
1068 5219 1263 5288 psalm.
1288 5234 1455 5273 vam
1481 5236 1494 5273 :
1525 5239 1544 5271 ι
1580 5218 1745 5275 Serva
1771 5236 1875 5287 me,
1906 5220 2017 5277 Deu

2183 5233 2237 5285 ἐν
2267 5232 2513 5304 οὐρανοῖς
2536 5233 2668 5288 Θεὸν
2706 5234 2947 5308 Πατέρα,
2989 5236 3085 5289 καὶ
3118 5234 3265 5305 λέγει
3297 5238 3356 5290 ἐν
3400 5233 3473 5306 τῷ
3497 5231 3568 5301 ξη⁹

507 5313 766 5383 quoniam
834 5314 1174 5369 intraverunt
1243 5328 1398 5383 aqua:
1464 5329 1639 5385 usque
1705 5317 1771 5371 ad
1832 5317 2019 5374 anima

2181 5321 2267 5395 μῷ
2291 5323 2420 5395 (51)·
2458 5344 2477 5377 ι
2509 5325 2687 5380 Σῶσόν
2720 5344 2808 5399 με,
2845 5328 2875 5381 ό
2905 5326 3058 5391 Θεὸς,
3098 5327 3179 5381 ὅτι
3225 5328 3530 5401 είσήλθοσαν
3559 5319 3691 5375 ὕδατα

574 5431 598 5463 ⁸
628 5429 645 5483 1
678 5428 872 5487 Thess.
902 5445 978 5499 Iv,
1012 5430 1097 5484 12.
1172 5429 1190 5459 ⁷
1224 5428 1328 5484 Tit.
1364 5444 1425 5495 ιι,
1453 5430 1536 5484 15.

538 5546 686 5637 xliii)
751 5549 846 5600 'Er
881 5547 962 5614 τῷ
999 5548 1088 5616 ξη’
1124 5544 1363 5637 ψατξμῷ.
1391 5548 1781 5637 Annumerare
1817 5550 2050 5636 Psalmoi

2176 5577 2265 5637 no,
2299 5563 2602 5635 Lactantio,
2632 5564 2863 5637 aliisque
2887 5564 3050 5623 etiam
3073 5562 3468 5635 antiquioribus
3496 5551 3688 5613 consm-

504 5619 619 5693 sjvc
648 5632 848 5693 eorum.
870 5635 1153 5693 numerum
1182 5620 1432 5693 allegare,
1458 5619 1699 5693 solemne
1728 5623 1814 5677 illa
1841 5623 2070 5693 jampri-
2174 5619 2387 5689 Ειῇιιιις,

507 5685 627 5739 dem
650 5698 803 5743 male
825 5686 924 5744 fuit
955 5685 1312 5760 scriptoribus
1349 5708 1361 5744 :
1390 5698 1446 5744 ut
1473 5704 1538 5746 ex
1564 5687 1814 5763 Origene,
1841 5685 2065 5766 Cypria-
