3876 6340
250 358 337 415 789
1106 360 1113 368 “
1172 354 1707 415 DEMONSTRATIO
1746 368 1760 412 Α

1865 357 2111 418 ἵει]Βὸῢὸ
2152 359 2458 417 ιυῡᾹξοδ.

3327 365 3441 421 790

243 475 335 538 tu;
360 472 520 544 ψυχῆς
554 489 669 543 μουο
694 474 962 546 ὲνεπάγην
984 476 1061 540 είς
1089 474 1203 531 ἰλὺν
1229 476 1414 547 βυθοῦ,
1444 498 1462 531 ι
1491 476 1760 533 τουτέστιν

1866 496 2076 550 meam;
2124 483 2322 539 infixus
2368 499 2487 539 sum
2520 484 2574 538 in
2608 483 2737 539 limo
2781 484 3067 555 profundi;
3110 504 3127 536 ι
3160 485 3211 540 id
3249 498 3332 542 est
3378 486 3435 541 in

239 567 310 631 εἰς
329 565 416 638 τὴν
444 563 638 636 φθορὰν
661 563 754 618 τοῦ
780 565 924 638 ᾅδου,
951 566 1037 621 διὰ
1055 568 1153 640 τῆς
1175 570 1231 623 ὲν
1248 571 1557 644 παραδείσῳ
1588 590 1767 645 παραυ

238 657 371 727 πιοιῆς⁹
408 675 427 709 ι
468 656 558 710 καὶ
601 656 699 710 οὐκ
740 656 887 711 ἐστιν
929 658 1246 725 ὑπόστασις,
1290 679 1308 713 ι
1349 663 1516 734 ἤγουν
1551 664 1768 736 ἀντίλη-

237 748 332 820 ψις.
368 766 387 801 ι
424 747 715 814 Ἑξέλειπον
758 750 809 803 οί
843 749 1112 822 ὀφθαλμοί
1148 769 1247 823 μου
1281 753 1388 808 ἀπὸ
1417 754 1510 808 τοῦ
1536 754 1769 820 ἐλπίζειν

239 859 296 913 με
316 840 399 895 ἐπὶ
424 840 512 894 τὸν
532 840 660 896 Θεόν
684 859 810 913 μου,
837 842 965 897 πότε
996 842 1115 915 ἥξει
1142 846 1236 900 καὶ
1271 846 1433 900 σώσει
1475 864 1562 918 με.
1606 867 1624 898 ι

293 930 409 988 Εἶτα
428 932 589 987 εἰπὼν
606 933 675 987 τὰ
698 932 823 1007 ἑξῆς
846 935 993 1004 λέγει
1011 936 1191 993 λοιπὸν
1210 939 1285 1003 ὡς
1303 936 1361 1005 ἐξ
1380 940 1579 993 οίκείου
1602 957 1771 1013 προσ-

142 1022 155 1035 ’
233 1027 361 1080 ὠπου
392 1028 420 1080 6
461 1025 707 1097 Χριστός⁸
730 1045 749 1078 ι
777 1028 844 1080 Ἀ
865 1029 962 1099 οὐχ
982 1027 1245 1101 ἥρπαζον,
1271 1032 1453 1101 φησὶν,
1490 1032 1609 1085 τότε
1634 1032 1770 1087 ἁπε-

232 1118 432 1171 τίννυον·
471 1136 490 1169 ι
525 1117 816 1182 τουτέστιν,
869 1118 1011 1193 ἂπερ
1050 1119 1150 1191 οὐχ
1195 1121 1459 1193 ἥμαρτον,
1504 1122 1644 1195 ὑπὲρ
1674 1122 1768 1177 τοῦ

233 1208 587 1279 ἁμαρτήματος
638 1206 807 1278 ’Λδὰμ
838 1208 1102 1280 ὑπέμεινα
1127 1208 1215 1262 τὸν
1243 1209 1488 1264 θάνατον.
1533 1229 1551 1263 ι
1597 1212 1767 1277 Ἐπεὶ,

231 1300 255 1352 ἔ
280 1298 415 1362 Θεὸς,
443 1300 504 1352 σὺ
527 1293 675 1362 οἶδας
705 1298 804 1370 τὴν
832 1298 1140 1372 ἀφροσύνην
1167 1318 1290 1371 μου,
1316 1302 1410 1355 καὶ
1431 1304 1488 1356 αἱ
1518 1302 1623 1375 πλη
1633 1304 1771 1375 μμέ-

230 1390 346 1445 λειαι
378 1407 472 1461 μου
502 1391 606 1445 ἀπὸ
629 1390 722 1444 σοῦ
754 1392 854 1446 οὐκ
883 1392 1289 1465 ἀπεκρύϐησαν·
1322 1413 1341 1447 ι
1380 1395 1675 1461 τουτέστιν,
1707 1397 1768 1450 οὒ

228 1482 319 1552 γὰρ
345 1479 747 1552 ὲπλημμέλησα,
783 1481 976 1553 φησίν·
1001 1483 1069 1537 δι’
1092 1483 1121 1537 6
1164 1503 1184 1535 ι
1232 1485 1306 1557 μὴ
1354 1486 1770 1559 αἰσχυνθείησαν

225 1570 629 1641 οίλύπομένοντές
663 1589 764 1642 μου
793 1569 919 1624 ἰδεῖν
958 1590 976 1624 ι
1013 1572 1112 1644 τὴν
1136 1573 1431 1645 τριήμερον
1454 1575 1768 1640 ἀνάστασιν,

225 1662 474 1715 τουτέστιν
520 1662 571 1715 οί
606 1661 911 1716 ἀπόστολοι.
970 1681 988 1713 ι
1041 1663 1345 1719 Ὄτιένεκά
1379 1682 1493 1731 σου,
1545 1685 1564 1717 ι
1613 1667 1771 1737 χάριν

223 1751 302 1806 τοῦ
329 1753 621 1807 ὑπακοῦσαί
647 1771 762 1817 σου,
800 1773 819 1805 ι
851 1753 1131 1825 ὑπήνεγκα
1161 1755 1478 1827 ὀνειδισμὸν,
1529 1776 1547 1808 ι
1590 1758 1771 1811 τουτέ-

1875 572 2277 643 corruptionem
2303 572 2521 637 inferni,
2562 584 2781 645 propter
2810 576 3172 632 obedientiam
3199 576 3252 631 in
3278 593 3436 648 para-

1867 661 1989 718 diso
2026 663 2323 734 abjectam,
2370 682 2388 715 ι
2440 675 2494 718 et
2523 681 2630 719 non
2687 676 2771 722 est
2817 668 3141 733 substantia,
3171 687 3189 720 ι
3231 668 3285 724 id
3330 678 3431 733 est.

1868 755 2152 811 auxilium.
2206 775 2225 807 ι
2282 754 2603 812 Defecerunt
2648 758 2793 813 oculi
2835 760 2961 825 mei,
3006 758 3135 815 dum
3174 775 3345 831 spero-
3377 763 3435 816 in

1869 845 1980 901 Deo
2016 860 2166 914 meo;
2194 848 2413 917 quando
2434 848 2631 912 veniet,
2658 856 2712 903 et
2736 851 2943 904 salvum
2977 865 3063 905 me
3090 849 3269 906 faciet.
3302 870 3329 902 ι.

1939 934 2027 990 lll.
2058 935 2251 991 Postea
2281 937 2411 992 dicit
2441 947 2696 1008 tanquam
2740 953 2806 994 ex
2853 955 3083 1009 persona
3132 940 3435 996 suaCltri-

1871 1035 1988 1082 stus
2021 1046 2033 1081 :
2066 1046 2085 1077 ι
2119 1025 2250 1093 Quae
2284 1044 2390 1083 non
2422 1030 2597 1099 rapui,
2631 1030 2826 1100 inquit,
2875 1040 3003 1086 tunc
3051 1032 3363 1098 solvebam;
3408 1051 3428 1083 ι

1869 1116 1922 1170 id
1951 1125 2053 1183 est,
2083 1115 2177 1185 qui
2211 1131 2319 1170 non
2358 1116 2595 1187 peccavi,
2632 1132 2729 1187 pro
2770 1126 2989 1187 peccato
3026 1117 3155 1172 Adae
3196 1117 3431 1174 sustinui

1856 1202 2117 1261 mortem.
2148 1225 2167 1258 ι
2231 1206 2497 1274 Quoniam
2559 1218 2637 1273 tu,
2678 1207 2840 1273 Deus,
2886 1208 3004 1263 ‘scis
3061 1209 3445 1279 insipientiam.

1868 1311 2043 1352 meam
2072 1315 2091 1364 ;
2123 1307 2176 1353 et
2203 1298 2395 1353 delicta
2434 1313 2553 1354 mea
2593 1310 2695 1353 ate
2728 1316 2832 1353 non
2874 1309 2998 1354 sunt
3027 1298 3369 1364 abscondita;
3407 1318 3434 1351 ν

1869 1388 1921 1443 id
1946 1399 2048 1452 est.
2078 1404 2186 1444 non
2210 1389 2378 1456 enim,
2408 1391 2600 1460 inquit,
2625 1390 2849 1461 deliqui,
2870 1391 3242 1461 quamobrem,
3269 1409 3286 1441 ι
3324 1406 3430 1444 non

1868 1481 2215 1547 erubescant,
2243 1483 2334 1552 qui
2366 1492 2677 1553 exspectant
2701 1483 2883 1537 videre
2922 1502 2939 1534 ι
2978 1499 3149 1537 meam
3191 1492 3311 1551 post
3337 1483 3433 1537 tri-
3484 1478 3489 1483 ’

1869 1574 2039 1629 duum
2073 1575 2522 1630 resurrectionem
2559 1593 2571 1629 :
2609 1573 2658 1628 id
2690 1576 3066 1644 est,apostoli.
3104 1593 3121 1626 ι
3162 1573 3427 1641 Quoniam

1869 1674 2087 1733 propter
2117 1671 2190 1727 te,
2225 1683 2242 1717 ι
2284 1674 2340 1718 ιιι
2381 1662 2475 1717 tibi
2514 1661 2808 1728 obedirem,
2860 1681 2880 1713 ι
2939 1663 3172 1717 sustinui
3232 1677 3429 1732 oppro-

1873 1752 2071 1817 brium,
2099 1772 2118 1804 ι
2152 1753 2203 1807 id
2230 1761 2332 1816 est,
2354 1766 2604 1818 erucem;
2637 1751 3029 1822 quanduludaei
3055 1772 3071 1803 ι
3099 1760 3430 1821 operuerunt

224 1859 296 1895 σιι
325 1843 409 1896 τὸν
450 1843 700 1916 σταυρὸν,
732 1844 820 1897 ὅτε
859 1861 881 1897 ι
912 1819 1185 1915 ἐκάλυψαν
1207 1819 1440 1918 ἐντροπῇ
1465 1819 1524 1900 τὸ
1560 1848 1760 1919 πρόσω-

1870 1842 2189 1899 confusione
2222 1841 2410 1897 faciem
2444 1857 2616 1896 meam
2637 1860 2681 1907 ;»
2717 1842 2931 1910 quando
2961 1860 2979 1893 ι
3015 1842 3221 1895 alienus
3257 1842 3430 1897 factus

221 1933 307 1987 πόν
331 1951 424 2005 μου
464 1954 483 1986 ι
506 1935 557 1988 οἱ
594 1936 855 1989 Ἰουδαῖοι·
880 1937 968 1991 ὅτε
992 1954 1012 1988 ι
1046 1935 1555 2015 ἀπηλλοτριωμένος
1587 1941 1769 2011 ἐγενή-

219 2025 306 2098 θην
347 2029 454 2089 τοῖς
497 2026 648 2083 κατὰ
707 2025 903 2095 σάρκα
965 2026 1212 2097 ἀδελφοῖς
1269 2044 1394 2099 μου,
1467 2028 1562 2082 καὶ
1618 2028 1765 2096 ξένος

220 2118 320 2179 τοῖς
342 2116 471 2180 υίοῖς
500 2115 601 2186 τῆς
639 2116 846 2189 μητρός
885 2133 1007 2188 μου,
1042 2136 1060 2170 ι
1106 2117 1369 2183 τουτέστι,
1422 2120 1761 2192 Συναγωγῆς.

221 2227 238 2257 ι
271 2208 404 2262 Διότι
435 2209 464 2261 6
490 2208 651 2279 ζῆλος
666 2207 761 2263 τοῦ
790 2208 940 2263 οίκου
971 2225 1086 2278 σου,
1126 2210 1326 2282 Πάτερ,
1362 2212 1636 2282 κατέφαγε
1673 2231 1761 2285 με,

218 2301 297 2354 καὶ
323 2302 368 2355 οἱ
387 2301 675 2373 ὀνειδισμοὶ
703 2302 813 2356 τῶν
845 2302 1205 2368 ὀνειδιζόντων
1231 2320 1313 2368 σε,
1356 2323 1374 2356 ι
1413 2306 1508 2360 καὶ
1532 2305 1763 2362 θυόντων

212 2396 308 2457 τοῖς
328 2392 576 2458 εἰδώλοις,
608 2412 629 2446 ι
673 2392 947 2448 ἐπέπεσαν
982 2396 1068 2448 ἐπ’
1100 2394 1221 2466 ἐμέ.
1258 2413 1277 2447 ι
1303 2396 1397 2450 Διὸ
1425 2416 1444 2449 ι
1482 2398 1601 2451 κατ’
1625 2397 1760 2470 ἐμοῦ

216 2482 511 2556 ἡδολέσχουν
533 2485 584 2539 οί
608 2484 908 2558 καθήμενοι
930 2487 988 2540 ὲν
1009 2484 1221 2553 πύλαις·
1237 2507 1255 2541 i
1284 2487 1388 2557 ἔξω
1410 2490 1517 2564 γὰρ
1544 2490 1642 2564 τῆς
1666 2491 1764 2547 πύ-

212 2575 299 2647 λης
322 2594 382 2647 με
410 2577 778 2650 ἐσταύρωσαν·
813 2596 832 2631 α
875 2580 969 2634 καὶ
1003 2582 1084 2645 εἰς
1116 2582 1215 2654 ἐμὲ
1247 2582 1472 2653 ἔψαλλον
1504 2586 1553 2638 οἱ
1576 2586 1756 2640 πίνον-

209 2685 288 2732 τες
316 2664 468 2731 οἶνον,
510 2690 528 2721 ι
556 2670 803 2725 τουτέστι
824 2674 889 2743 τῇ
917 2672 1011 2726 τοῦ
1040 2673 1231 2746 Πάσχα
1256 2676 1437 2748 ἑορτῇ.
1479 2695 1498 2729 ι
1544 2677 1683 2746 Ἐγὼ
1702 2679 1760 2733 δὲ

209 2761 266 2829 τῇ
290 2762 548 2832 προσευχῇ
584 2777 689 2831 μου
714 2759 850 2832 πρὸς
873 2760 954 2826 σὲ,
981 2761 1172 2833 Κύριε,
1209 2783 1227 2814 ι
1263 2762 1467 2831 ἔλεγον·
1500 2783 1519 2817 ι
1558 2767 1758 2840 Πάτερ,

210 2849 329 2918 ἄφες
368 2852 567 2917 αὐτοῖς,
621 2850 655 2904 ιΓ
693 2854 806 2917 τοῖς
847 2852 1077 2918 ἔθνεσιν,
1118 2854 1251 2908 διότι
1288 2857 1476 2928 καιρὸς
1516 2858 1761 2923 εὐδοκίας

206 2941 301 2995 τῶν
318 2942 497 2996 ἐθνῶν.
529 2962 548 2995 ι
590 2943 685 3016 Μὴ
710 2944 886 2999 τοίνυν
906 2946 1351 3000 καταποντισάτω
1376 2965 1443 3018 με
1466 2949 1714 3017 καταιγὶς
1736 2968 1755 3002 ι

209 3033 521 3104 πειρασμῶν,
553 3053 572 3084 ι
605 3034 741 3105 μηδὲ
761 3035 1072 3089 καταπιέτω
1109 3053 1173 3108 με
1202 3035 1379 3107 βυθὸς,
1412 3057 1430 3090 ι
1464 3039 1756 3104 τουτέστιν,

208 3122 397 3227 6.6.8119
426 3144 446 3177 ι
476 3125 554 3181 Οὐ
581 3127 695 3198 γὰρ
728 3127 1139 3227 ἐγκαταλείψεις
1179 3128 1276 3201 τὴν
1300 3129 1479 3201 ψυχήν
1526 3148 1626 3202 μου
1680 3132 1760 3196 είς
1789 3169 1832 3227 C

208 3213 337 3287 ᾅδην·
350 3234 437 3268 ι-ι
448 3234 468 3270 ι
480 3218 614 3290 μηδὲ
631 3217 871 3289 συσχέτω
883 3218 967 3271 ἐπ’
980 3219 1004 3270 ὲ
1012 3218 1079 3290 μὲ
1097 3218 1272 3291 φρέαρ
1284 3221 1342 3274 τὸ
1358 3220 1529 3291 στόμα
1539 3220 1725 3286 αὑτοῦ,
1738 3240 1756 3274 ι

206 3308 427 3362 τουτέστι
455 3309 515 3362 τὸ
542 3312 827 3381 μνημεῖον.
870 3328 889 3361 ι
922 3310 1123 3364 Ἕνεκα
1161 3311 1269 3367 τῶν
1302 3313 1508 3386 ἐχθρῶν
1539 3331 1639 3384 μου
1666 3312 1761 3383 ῥῦ-

210 3401 285 3453 σαί
318 3419 399 3473 με,
444 3422 464 3455 ι
495 3403 581 3457 ἵνα
610 3401 688 3476 μὴ
719 3406 1100 3476 καυχήσωνται
1125 3405 1175 3458 ol
1217 3406 1457 3461 Ἰουδαῖοι
1490 3404 1756 3475 λέγοντες·

207 3484 554 3566 Καταπίωμεν
574 3494 758 3550 αὐτόν.

266 3584 438 3638 Ταῦτα
464 3585 519 3638 δὲ
546 3585 728 3639 πάντα
755 3586 989 3658 Χριστὸς
1006 3585 1362 3658 οἰκονομικῶς
1379 3586 1455 3651 ὡς
1477 3587 1761 3660 ἄνθρωπος

206 3673 400 3746 ηὔχετο,
449 3676 586 3741 Θεὸς
613 3676 691 3730 ὢν
722 3677 988 3749 ἀληθινός.
1044 3678 1293 3742 anno;
1347 3678 1558 3747 φθάσας
1585 3675 1758 3746 εἶπον,

212 3785 229 3817 ι
257 3770 286 3836 ἠ
319 3771 494 3841 μορφὴ
519 3768 617 3823 τοῦ
645 3768 830 3822 δούλου
854 3765 943 3839 ἦν,
975 3789 993 3820 ι
1029 3768 1204 3823 ταῦτα
1254 3769 1489 3839 λέγουσα
1527 3771 1621 3825 καὶ
1652 3771 1759 3825 πά-

208 3874 407 3930 σχουσα.
432 3862 509 3913 Δι’
539 3860 569 3913 6
600 3860 850 3931 ἐπήγαγε
878 3860 1069 3929 λέγων·
1100 3880 1118 3912 ι
1155 3862 1482 3931 Ὀνειδισμὸν
1505 3862 1760 3933 προσεδό-

207 3966 353 4019 κησεν
392 3953 425 4023 ή
470 3950 620 4023 ψυχή
668 3967 770 4022 μου
827 3950 921 4003 καὶ
971 3950 1362 4022 ταλαιπωρίαν,
1395 3969 1413 4002 ι
1458 3951 1757 4018 τουτέστιν,

206 4041 445 4108 ἑκουσίως
483 4043 711 4108 ἔπαθον,
757 4044 857 4097 οὐκ
888 4042 953 4096 ἐκ
981 4060 1123 4107 τινος
1173 4042 1294 4113 βίας
1316 4059 1330 4073 ⁸
1378 4044 1527 4114 ὅμως
1580 4062 1600 4095 ι
1628 4044 1761 4098 ὑπέ-

209 4151 350 4205 μεινα
383 4137 835 4208 συλλυπούμενον,
869 4136 962 4190 καὶ
997 4136 1096 4207 οὐχ
1137 4134 1397 4207 ὑπῆρξεν.
1441 4153 1461 4188 ι
1513 4136 1759 4205 Ἀφέντες

206 4228 301 4301 γὰρ
328 4230 523 4297 πάντες
551 4232 603 4286 οἱ
636 4231 761 4302 ἐμοὶ
789 4228 1026 4301 μαθηταὶ
1068 4228 1294 4298 ἔφυγον·
1329 4248 1347 4281 ι
1390 4229 1481 4283 καὶ
1513 4246 1759 4300 παρακα-

206 4316 402 4389 λοῦντα,
428 4324 525 4379 καὶ
557 4324 658 4394 οὑχ
684 4315 866 4394 εὗρον.
908 4340 927 4372 ι

1866 1948 1988 1989 sum
2029 1932 2288 1989 fratribus
2317 1934 2452 1988 meis
2490 1952 2508 1984 ι
2535 1933 2831 1989 secundum
2862 1949 3098 2006 carnem,
3141 1953 3157 1984 ι
3188 1942 3237 1988 el
3274 1949 3430 2003 pere-

1866 2025 2054 2096 grinus
2083 2025 2205 2081 ﬁliis
2227 2026 2415 2080 matris
2442 2039 2595 2089 meae,
2633 2044 2652 2076 ι
2681 2025 2730 2079 id
2754 2035 2856 2091 est,
2884 2024 3197 2096 Synagogze.
3229 2042 3246 2075 ι
3283 2024 3432 2090 Quo-

1862 2116 2010 2172 niam
2035 2117 2183 2172 zelus
2217 2116 2413 2172 domus
2446 2126 2553 2171 tute
2592 2114 2794 2185 (Pater)
2823 2114 3057 2170 comedit
3094 2131 3202 2180 me,
3228 2124 3282 2170 et
3319 2115 3427 2169 imc

1863 2208 2112 2279 properia
2152 2208 2657 2277 improperantiumv
2685 2207 2800 2274 tibi,
2842 2225 2860 2258 ι
2908 2216 2961 2260 et
3002 2207 3425 2263 sacriﬁcantium

1863 2299 2046 2366 idolis,
2106 2317 2127 2350 ί
2190 2298 2505 2355 ceciderunt
2578 2313 2740 2368 super
2796 2314 2902 2353 me.
2980 2316 2998 2349 ι
3063 2295 3423 2364 Quamobrem

1868 2408 1887 2442 ι
1923 2401 2110 2446 contra
2138 2405 2224 2446 me
2260 2389 2639 2460 loquebantur,
2667 2390 2762 2461 qui
2789 2389 3045 2445 sedebant
3069 2392 3123 2444 in
3153 2389 3356 2459 portis;
3399 2409 3418 2441 ι

1861 2490 2015 2539 extra
2046 2493 2258 2555 peltam
2292 2482 2435 2539 enim
2472 2480 2861 2539 erneilixeruut
2885 2495 3010 2538 eum
3043 2480 3205 2553 (me);
3243 2499 3262 2532 ι
3290 2487 3345 2538 et
3370 2480 3423 2534 in

1863 2590 1950 2629 me
1973 2575 2278 2645 psallebant
2316 2574 2409 2645 qui
2452 2575 2707 2629 bibebant
2746 2575 2952 2640 vinum,
2986 2593 3005 2625 ι
3045 2575 3096 2627 id
3130 2583 3234 2638 est,
3260 2572 3311 2629 in
3341 2569 3423 2627 τεν

1860 2676 1945 2722 sto
1979 2666 2221 2722 Pascbae.
2268 2685 2287 2718 ι
2340 2666 2451 2737 Ego
2488 2680 2614 2722 vero
2661 2665 2905 2721 oratione
2942 2680 3065 2720 mea
3100 2666 3166 2720 ad
3211 2674 3282 2731 te,
3320 2662 3424 2716 Dn-

1860 2755 2030 2822 mine,
2062 2775 2082 2808 »
2129 2755 2373 2812 dicebam
2406 2774 2419 2809 :
2457 2775 2476 2806 ι
2529 2753 2708 2821 Pater,
2753 2753 2966 2809 remitte
3001 2753 3151 2824 ipsis,
3192 2771 3210 2805 υ
3254 2753 3425 2823 genti-

1860 2849 1999 2916 bus;
2047 2849 2307 2919 quoniam
2361 2859 2571 2918 tempus
2620 2847 2937 2916 beneplaciti
2982 2848 3239 2917 gentium.
3285 2863 3302 2895 ι
3346 2842 3424 2897 Ne

1859 2940 2026 3012 igitur
2054 2940 2329 3012 demergat
2365 2955 2453 2995 me
2482 2947 2770 3011 tempestas
2803 2957 2821 2991 ι
2859 2938 3236 2999 tentationum,
3271 2954 3291 2989 ι
3325 2951 3425 2990 nec

1862 3033 2150 3089 absorbeat
2182 3049 2270 3089 me
2313 3032 2639 3103 profundum
2690 3029 2738 3098 ⁸,
2784 3050 2803 3084 ι
2846 3030 2900 3084 id
2959 3039 3061 3093 est,
3116 3028 3363 3084 infernus
3406 3046 3422 3085 :

1867 3142 1887 3175 ι
1924 3123 2043 3178 Non
2068 3123 2210 3179 enim
2240 3124 2513 3193 relinques
2544 3123 2780 3177 animam
2812 3136 2989 3175 meam
3014 3121 3066 3173 in
3099 3119 3311 3174 inferno
3334 3119 3420 3186 ’ςι
3510 3190 3515 3195 1

1871 3234 1889 3268 ι
1928 3229 2029 3270 nec
2058 3223 2250 3286 urgeat
2283 3229 2448 3284 super
2492 3227 2578 3268 me
2620 3223 2814 3283 puteus
2853 3226 2917 3266 os
2955 3226 3137 3276 suum,
3177 3230 3194 3261 ι
3229 3211 3284 3265 id
3320 3218 3424 3275 est,

1864 3309 2198 3380 sepulcrum.
2234 3325 2253 3359 ι
2291 3305 2522 3376 Propter
2547 3306 2794 3361 inimicos
2821 3318 2972 3358 meos
2995 3303 3144 3373 eripe
3184 3315 3271 3357 me
3293 3301 3359 3366 ¹⁰,
3400 3319 3420 3352 ι

1862 3418 1932 3460 ne
1953 3401 2253 3477 glorientur
2267 3400 2437 3456 Judaei
2461 3399 2704 3455 dicentes
2733 3417 2745 3452 :
2782 3396 3183 3453 Absorbeamus
3207 3411 3350 3450 eum.

1932 3578 2023 3634 IV.
2065 3577 2191 3634 Hmc
2234 3579 2416 3633 omnia
2478 3577 2729 3633 Christus
2782 3576 3116 3632 meonomice
3167 3582 3423 3642 tanquam

1862 3675 2027 3730 homo
2059 3672 2399 3744 precabatur,
2424 3671 2516 3740 qui
2545 3678 2663 3724 erat
2689 3684 2849 3725 verus
2871 3665 3035 3722 Deus.
3063 3664 3425 3728 Sed,utautea

1861 3765 1995 3831 dixi,
2034 3782 2051 3815 ι
2089 3763 2265 3818 forma
2290 3761 2433 3818 servi
2456 3770 2572 3815 erat
2594 3761 2660 3826 ι’,
2695 3779 2714 3812 ι
2741 3774 2862 3829 qua:
2884 3759 2999 3812 hate
3028 3757 3348 3825 loquebatur
3371 3765 3428 3810 et

1861 3854 2188 3927 patiebatur.
2223 3851 2588 3918 Quamobrem
2620 3846 2901 3918 subjunxit
2933 3865 2945 3899 ε
2983 3865 3000 3897 ι
3036 3844 3424 3914 lmproperium

1860 3944 2193 4016 exspectavit
2226 3942 2407 3997 anima
2437 3954 2577 4005 mea,
2612 3948 2665 3994 et
2700 3938 3006 3998 miseriam;
3046 3955 3063 3986 ι
3099 3936 3151 3988 id
3181 3943 3284 3998 est,
3314 3950 3423 3987 non
3524 3980 3530 3986 .

1861 4037 2065 4091 invitus
2092 4047 2286 4105 passus
2315 4046 2436 4087 sum
2466 4070 2481 4095 ,
2527 4044 2701 4099 neque
2734 4043 2826 4096 per
2851 4029 2990 4091 vim;
3021 4045 3039 4078 ι
3072 4026 3378 4095 exspectavi
3400 4044 3420 4076 ι

1861 4136 2062 4191 tamen,
2101 4145 2119 4177 (
2152 4124 2244 4195 qui
2267 4122 2435 4178 simul
2454 4123 2889 4184 contristaretur,
2916 4133 2971 4174 et
2998 4134 3105 4173 non
3131 4118 3253 4173 fuit.
3280 4136 3298 4169 ι
3321 4116 3427 4170 Βοι-

1855 4219 2009 4284 mino
2042 4217 2171 4287 (me)
2201 4215 2345 4270 enim
2398 4213 2680 4278 derelicto,
2728 4227 2917 4266 omnes
2968 4211 3121 4282 (mei)
3172 4207 3426 4279 discipuli

1859 4310 2138 4382 fugerunt:
2166 4327 2184 4361 ι
2218 4319 2271 4363 et
2292 4306 2644 4377 (exspectavi)
2669 4304 2761 4375 qui
2794 4304 3195 4367 consolaretur,
3226 4312 3281 4356 et
3308 4316 3418 4356 non

1857 4417 2063 4458 inveni.
2094 4420 2114 4454 ι

270 4504 524 4558 ’Ἄκουσον
554 4501 843 4573 νουνεχῶς,
888 4495 936 4555 ὦ
980 4498 1219 4561 Ἰουδαῖε,
1264 4496 1317 4550 τί
1352 4512 1515 4568 φησιν
1560 4498 1590 4550 6
1624 4497 1758 4568 Χρι-

1928 4492 1992 4550 V.
2036 4493 2177 4549 Audi
2208 4502 2261 4548 et
2291 4492 2529 4559 adverte,
2562 4489 2766 4553 Judzee,
2801 4488 2928 4560 quid
2958 4486 3421 4542 dicat‘Cliristus:

210 4594 339 4659 στός-
378 4616 396 4648 ι
429 4597 677 4650 Ἔδωκαν
698 4595 806 4665 (52)
829 4596 908 4658 εἰς
922 4592 982 4647 τὸ
1003 4591 1199 4664 βρῶμά
1229 4607 1328 4663 μου
1356 4590 1537 4662 χολὴν,
1558 4590 1653 4644 καὶ
1677 4593 1756 4656 είς

205 4687 291 4758 τὴν
322 4689 475 4759 δίψαν
517 4705 621 4759 μου
656 4684 909 4739 ὲπότισάν
944 4701 1010 4757 με
1043 4683 1182 4751 ὅξος.
1216 4702 1235 4734 ι
1278 4684 1389 4737 Καὶ
1428 4680 1600 4737 ταῦτα
1657 4682 1754 4753 μὲν

206 4775 383 4832 ἔπαθεν
402 4779 461 4846 ἐξ
481 4777 659 4851 ὑμῶν.
680 4778 941 4831 ’Ἄκουσον
961 4775 1053 4829 τοῦ
1075 4776 1229 4845 ἁγίου
1246 4775 1386 4828 Πνεύ
1394 4792 1561 4845 ματος
1575 4775 1755 4845 λέγον-

202 4885 282 4934 τος
293 4872 381 4925 καὶ
408 4872 460 4926 τί
486 4870 867 4926 ἀνταπέδωκεν
896 4870 1026 4941 ὑμῖν
1053 4868 1172 4922 ἀντὶ
1199 4868 1294 4922 τοῦ
1318 4868 1515 4940 μικροῦ
1547 4869 1754 4923 ἐκείνου

204 4957 359 5027 ὄξους.
392 4964 554 5033 Λέγει
586 4962 696 5035 γὰρ
725 4965 754 5017 6
781 4963 1095 5034 προφήτης,
1133 4960 1207 5023 ὡς
1239 4961 1303 5013 ὲκ
1334 4959 1627 5032 προσώπου
1659 4961 1750 5014 τοῦ

203 5049 348 5105 Θεοῦ·
388 5073 408 5106 ι
444 5054 736 5127 Γενηθήτω
761 5055 795 5125 ἠ
827 5049 1075 5123 τράπεζα
1102 5051 1279 5103 αὐτῶν
1312 5052 1393 5114 είς
1421 5050 1621 5119 παγίδα
1657 5053 1752 5106 καὶ

266 5168 285 5199 ⁸
311 5168 455 5240 Psal.
484 5185 672 5240 vam,
706 5170 730 5224 i
759 5185 912 5240 seqq.

204 5235 283 5292 29..
352 5242 395 5272 ⁸⁸
422 5238 555 5295 Ibid:
574 5240 663 5295 Ἠ.

223 5358 372 5436 ,,(δ²)
415 5359 476 5413 Τί
534 5360 724 5436 φησιν
775 5363 808 5415 ὁ
851 5360 1102 5436 Χριστρς
1129 5377 1144 5390 ⁸
1191 5360 1438 5436 ξδωζαν.
1486 5359 1747 5436 Origenes

203 5425 287 5479 lib.
317 5425 569 5483 utcontra
600 5425 832 5494 Celsum,
867 5425 988 5499 pag.
1024 5425 1113 5495 82,
1143 5432 1271 5483 edit.
1307 5425 1616 5488 Cantabrf:
1649 5435 1746 5488 Γέ-

203 5512 427 5617 gemat
456 5500 516 5551 ὲν
559 5499 832 5570 ἑξηκοστῷ
868 5499 1037 5572 ὀγδόῳ
1064 5499 1637 5634 ψαλὲιιῖίὲνιπροσὼπῳ
1659 5504 1750 5559 τοῦ

250 5582 457 5634 ρισιιου⁸
500 5569 611 5623 Kal
640 5569 870 5624 ἔδωκαν
913 5573 1000 5634 είς
1046 5572 1110 5624 τὸ
1194 5588 1363 5634 poma
1383 5589 1502 5634 _uov
1535 5574 1748 5634 χολὴν,

203 5582 457 5636 λιριστου⁸
500 5582 611 5623 καὶ
640 5582 870 5624 εσωκαν
913 5582 1000 5637 εις
1046 5582 1110 5624 τι)
1151 5582 1502 5694 ,βρωμαέου
1533 5582 1748 5642 χολὴν,

203 5636 1755 5734 Fif’ll’LE’EC‘.".4‘F'331fdf‘ff‘ffif‘it'51}?

203 5709 431 5785 γξτωσαν
469 5709 727 5785 Ἰουδαῖοι,
758 5710 842 5773 τίς
868 5711 1018 5785 ἐστιν
1046 5711 1075 5763 ὀ
1102 5712 1159 5785 έν
1182 5710 1267 5785 τῷ
1284 5713 1557 5785 μπροφήτῃ
1583 5715 1753 5768 ταῦτα

209 5775 362 5845 λέγων
383 5820 398 5845 ,
432 5780 530 5833 καὶ
567 5779 1066 5853 παραστησάτωσαν
1102 5779 1208 5834 ἀπὸ
1239 5775 1362 5850 ’τῆς
1395 5775 1633 5853 ἱστορίας
1663 5785 1753 5838 τὸν

987 5170 1009 5200 ⁸
1044 5166 1185 5223 Psal.
1222 5183 1311 5235 xv,
1336 5167 1421 5222 10.
1503 5170 1547 5201 ¹⁰
1580 5168 1720 5226 Psal.
1756 5187 1943 5237 vaut,
1982 5171 2063 5226 l5.

1867 4605 1886 4639 ι
1911 4585 2182 4642 Dederunt
2203 4586 2256 4639 in
2289 4585 2471 4641 cibum
2507 4598 2688 4638 meum
2716 4581 2806 4644 fel,
2839 4590 2893 4634 et
2918 4580 2969 4633 in
3001 4580 3088 4634 siti
3122 4595 3241 4634 mea
3270 4587 3426 4647 pota-

1858 4687 2055 4736 verunt
2096 4694 2184 4735 me
2231 4688 2384 4734 aceto
2410 4680 2474 4731 ".
2514 4696 2532 4729 ι
2578 4676 2643 4731 Et
2678 4677 2791 4731 haec
2837 4689 3041 4743 passus
3070 4680 3153 4727 est
3188 4687 3215 4725 a
3248 4671 3421 4726 vobis.

1860 4775 2000 4829 Audi
2032 4772 2292 4844 Spiritum
2325 4780 2571 4827 sanetum
2600 4770 2866 4825 dicentem
2892 4767 3021 4838 quid
3054 4767 3303 4821 retribuit
3331 4782 3429 4820 vo--

1859 4868 1944 4923 bis
1966 4882 2064 4939 pro
2091 4866 2184 4921 illo
2214 4865 2430 4919 modico
2459 4873 2612 4919 aceto
2640 4881 2652 4916 :
2687 4863 2763 4917 ait
2808 4860 2950 4915 enim
3003 4859 3259 4929 propheta
3302 4869 3424 4913 tan-

1856 4975 2020 5032 quam
2066 4974 2133 5013 ex
2182 4971 2410 5027 persona
2457 4954 2592 5011 Dei:
2632 4974 2650 5007 ι
2689 4954 2809 5009 Fiat
2835 4969 3020 5007 mensa
3044 4969 3231 5008 eorum
3262 4953 3315 5005 in
3348 4953 3428 5006 la—

1858 5060 2151 5124 queum,et
2177 5051 2232 5104 in
2254 5049 2662 5105 retributionem
2686 5048 2748 5102 ’⁸.
2766 5067 2782 5098 ι
2810 5046 2983 5114 Quam
3013 5045 3424 5101 retributionem

2144 5172 2183 5203 “
2215 5168 2548 5239 Pliilipp..ti,
2585 5167 2634 5222 7.
2716 5168 2757 5197 “
2791 5164 2933 5221 Psal.
2968 5181 3162 5228 vam,
3203 5163 3291 5229 ΞΟ,
3333 5162 3425 5226 2f,

1853 5360 2364 5437 dvetitqcpéimflccb
2382 5361 2577 5433 βρῶμα
2598 5360 2789 5437 έαυτοῦ
2819 5360 3001 5437 χολῂν,
3032 5360 3125 5414 καὶ
3151 5353 3429 5437 ποτισθένυ-

1854 5453 1926 5491 τα
1954 5423 2091 5500 δξὸξ.
2129 5453 2147 5486 ι
2179 5423 2451 5502 Scriptum
2482 5423 2565 5486 est
2597 5432 2649 5502 in
2691 5423 3033 5502 sexagesimo
3063 5438 3256 5502 octavo
3282 5423 3429 5492 psal-

1857 5521 1949 5576 mo
1976 5499 2041 5560 ex
2071 5499 2530 5576 persona'Christi
2555 5520 2569 5556 :
2606 5500 2672 5554 Et
2698 5499 2948 5555 dederim!
2975 5501 3028 5553 in
3058 5499 3229 5576 cilium
3256 5508 3428 5576 meum

1858 5570 1957 5647 fel,
1982 5583 2028 5647 et
2059 5565 2114 5628 in
2137 5574 2241 5647 _siti
2275 5589 2404 5647 mea_
2432 5581 2742 5647 potauerunt
2775 5587 2853 5625 me
2892 5578 3061 5647 ocelo.
3092 5565 3430 5647 _Aut_dicant

1860 5637 2031 5702 ludaei
2059 5644 2182 5713 quis
2205 5654 2289 5698 est
2312 5643 2406 5712 qui
2433 5637 2554 5698 "hate
2583 5642 2723 5711 apud
2752 5637 3352 5713 prophetamdoquitur,
3375 5640 3430 5687 et

1860 5733 1926 5770 ex
1958 5708 2183 5768 historia
2208 5708 2495 5768 ostendant
2519 5708 2767 5780 aliq‘uem'
2787 5708 2883 5782 pro
2916 5709 3037 5764 cibo
3066 5708 3187 5764 felle
3212 5716 3429 5779 pastum

1862 5795 2211 5857 potatumque
2233 5792 2406 5838 aceto.
2438 5802 2458 5836 ι
2494 5781 2711 5837 Fuitne.
