3830 7152
454 313 551 369 791

1100 311 1157 366 S.
1199 305 1561 365 lllPPOLYTl
1599 306 1747 367 OPP.
1812 303 1990 361 PARS
2029 302 2090 359 ll.
2138 333 2201 348 -ο-
2235 300 2538 358 DOGMAT.
2577 254 2666 357 ET
2702 296 3043 355 HISTORIC.

3589 297 3678 354 79!

451 430 618 486 dicit?
643 429 991 486 manifestum
1014 437 1120 496 est,
1143 446 1264 487 eam
1292 429 1565 486 miseriam
1596 428 1798 498 dicere,
1831 427 1884 482 iu
1918 442 2026 498 qua

2152 424 2212 488 ιίς
2241 424 2610 479 ἀνταπόδοσιν.
2640 440 2658 474 ι
2692 420 2859 476 Ποίαν
2880 418 3242 476 ἀνταπόδοσιν
3265 416 3450 485 λέγει;
3468 414 3681 489 εῦδηλον,

449 534 602 577 nunc
631 522 734 591 (es)
767 530 894 577 sunt
921 519 1118 578 Judaei.

529 610 612 667 Vl.
654 612 794 667 Audi
827 612 1040 678 deinde,
1064 627 1185 684 qua:
1215 619 1556 683 sequuntur:
1598 630 1616 663 ι
1651 609 2026 667 Obscurentur

453 705 598 761 oculi
620 719 831 772 eorum,
866 720 934 760 ne
964 705 1200 761 videant.
1233 724 1252 758 ι
1285 705 1452 776 Atqui
1479 705 1756 764 obseurati
1780 712 1908 760 sunt
1933 718 2022 759 vo-

454 797 539 853 bis
565 798 710 854 oculi
749 797 945 853 animae
989 798 1375 855 obscuratione
1408 800 1690 855 tenebrosa
1723 810 1777 853 et
1803 805 2023 852 aeterna.

458 888 738 959 Siquidem
772 898 894 944 orto
923 905 1055 945 vero
1088 889 1319 954 lumine,
1349 905 1448 945 vos
1478 897 1737 961 tanquam
1776 887 1832 942 in
1874 894 2030 941 nocte

456 979 675 1048 erratis,
718 979 774 1034 in
802 980 947 1035 invia
986 996 1083 1035 vos
1121 980 1479 1051 impingentes
1513 995 1577 1035 ac
1606 978 2027 1051 pmcipitantes,

455 1071 551 1142 qui
581 1072 723 1126 viam
764 1071 913 1127 illam
953 1073 1253 1143 reliquistis
1297 1088 1418 1143 qua:
1449 1072 1667 1128 aiebat:
1711 1090 1730 1124 ι
1768 1069 1883 1140 Ego
1908 1084 2030 1124 sum

455 1164 545 1219 via
571 1165 633 1219 ι’.
667 1184 685 1217 ι
716 1148 1007 1229 Praeterea,
1036 1166 1163 1222 audi
1186 1167 1333 1237 quod
1359 1166 1583 1239 gravius
1599 1175 1655 1222 et
1676 1163 2033 1239 periculosius

456 1264 564 1319 est;
589 1256 665 1310 ait
695 1255 841 1311 enim
867 1254 1095 1312 :rDorsa
1123 1272 1311 1312 eorum
1338 1272 1552 1328 semper
1575 1257 1800 1312 incurva
1824 1256 1866 1287 "
1896 1273 1943 1310 ε»
1974 1253 2030 1309 id

459 1355 566 1412 cst,
589 1356 648 1403 ut
672 1347 915 1403 serviant
935 1349 1221 1420 gentibus;
1251 1364 1358 1404 non
1387 1346 1796 1419 quadringentis
1816 1345 2032 1417 triginta

461 1440 642 1505 annis,
681 1449 740 1495 ut
770 1439 824 1493 in
863 1438 1132 1512 Egypto;
1173 1456 1347 1511 neque
1385 1440 1742 1512 septuaginta,
1778 1448 1839 1495 ut
1862 1439 2037 1510 Baby-

462 1532 590 1586 lone
636 1549 651 1586 :
711 1531 806 1587 sed
852 1547 1077 1602 semper,
1116 1532 1315 1603 inquit,
1350 1533 1402 1586 in
1440 1532 1753 1611 servitutem
1788 1530 2033 1586 incurva.

462 1618 606 1687 Quid
641 1620 755 1690 jam
799 1620 1058 1691 deinceps
1108 1620 1330 1686 frustra,
1378 1630 1432 1676 et
1480 1635 1616 1676 vane
1660 1619 2036 1674 liberationem

465 1711 641 1783 hujus,
665 1712 898 1767 miseriae
925 1713 1146 1783 speras?
1178 1712 1331 1779 Quod
1353 1712 1496 1767 enim
1529 1710 1702 1781 magis
1727 1709 2034 1765 mirandum

464 1810 568 1869 est,
603 1803 895 1858 cmcitatem
921 1803 1201 1859 oculorum
1234 1813 1450 1858 tuorum
1480 1819 1587 1858 non
1615 1802 1816 1873 injuste
1839 1802 2029 1872 impre-

464 1904 618 1950 catus
643 1902 758 1960 est;
801 1894 895 1950 sed
932 1894 1061 1966 quia
1098 1904 1153 1950 tu
1184 1895 1371 1950 oculos
1396 1895 1514 1966 ejus
1541 1893 1788 1965 (Christi)
1812 1893 2024 1958 vclasti,

464 2000 588 2040 cum
633 1999 756 2039 eum
811 1984 982 2055 alapis
1025 1985 1541 2042 caedebas:idcirco
1585 1985 1808 2042 dorsum
1863 1991 2016 2038 tuum

465 2092 678 2148 semper
721 2078 777 2133 in
830 2078 1147 2135 servitutem
1184 2080 1429 2135 incurva.
1463 2078 1529 2134 Et
1552 2079 1678 2150 quia
1709 2078 2029 2148 sanguinem

465 2168 585 2238 ejus
613 2184 739 2225 eum
768 2169 844 2225 ira
875 2169 1136 2236 ell’udisti,
1176 2170 1302 2225 audi
1331 2170 1824 2226 remunerationem
1853 2186 1867 2223 :
1897 2187 1915 2220 ι
1941 2166 2033 2221 El-

466 2257 653 2325 fnnde,
682 2258 881 2330 inquit,
922 2274 1089 2330 super
1128 2275 1224 2315 eos
1262 2259 1399 2315 iram
1436 2269 1615 2326 tuam;
1655 2268 1709 2314 ct
1748 2258 1900 2315 furor
1940 2259 2034 2314 irae

469 2358 575 2404 tuae
604 2351 1030 2421 comprehendat
1056 2368 1151 2409 eos
1178 2354 1243 2406 ¹⁶.
1281 2372 1299 2406 ι
1334 2351 1400 2409 Ει
1430 2370 1445 2406 ;
1480 2373 1498 2405 ι
1531 2353 1650 2408 Fiat
1675 2351 2034 2410 commoratio

468 2459 657 2499 eorum
688 2446 937 2514 deserta;
977 2466 1001 2499 »η
1028 2448 1284 2520 templum
1315 2448 1521 2504 scilicet
1567 2447 1697 2502 illud
1746 2444 2034 2502 celeberri-

470 2550 644 2591 mum.

546 2713 657 2772 Vl].
700 2715 806 2774 Sed
844 2736 1036 2791 quare,
1074 2737 1107 2777 ο
1146 2723 1431 2793 propheta,
1460 2723 1699 2779 edissere
1724 2719 1903 2789 nobis,
1941 2737 2041 2778 cur

472 2809 737 2879 templum
762 2810 1101 2868 devastatum
1124 2814 1244 2870 est?
1276 2831 1344 2869 an
1374 2823 1594 2886 propter
1624 2812 1773 2869 illam
1803 2813 1934 2873 olim
1960 2813 2042 2867 vi-

475 2899 574 2955 tuli
607 2899 1061 2958 fabricationem?
1100 2919 1167 2958 an
1203 2913 1423 2975 propter
1440 2902 1625 2975 pepuli
1645 2902 2044 2959 idololatriam?

476 3006 546 3044 an
599 2999 817 3062 propter
866 2992 1186 3064 sanguinem
1244 2988 1671 3063 prophetarum?
1720 3004 1788 3044 an
1826 2998 2044 3061 propter

477 3082 741 3138 adulteria
785 3094 839 3139 et
892 3084 1275 3141 fornicationes
1314 3084 1517 3141 Israel?
1549 3081 1791 3147 Minime,
1836 3082 2041 3152 inquit:

478 3174 537 3228 in
565 3174 822 3231 omnibus
848 3177 992 3231 enim
1022 3178 1129 3233 illis
1157 3192 1371 3248 semper
1413 3176 1625 3233 veniam
1665 3184 1721 3232 et
1765 3174 2051 3248 indulgen-

480 3267 610 3321 tiam
630 3265 904 3336 ferebant;
927 3271 1019 3324 sed
1035 3271 1161 3340 quia
1180 3268 1375 3324 Filium
1394 3268 1648 3326 Auctoris
1666 3270 2048 3326 beneﬁciorum

479 3356 888 3426 interfecerunt,
922 3362 1038 3432 ipse
1066 3362 1210 3417 enim
1247 3371 1331 3419 est
1357 3371 1665 3420 coaeternus
1696 3361 1867 3419 Patri.
1897 3360 2053 3419 Unde

480 3450 599 3507 ait:
636 3450 741 3520 Sit,
786 3452 965 3522 Pater,
1015 3473 1035 3507 ι
1077 3455 1336 3527 templum
1382 3470 1573 3511 eorum
1613 3456 1952 3511 devastatum
1985 3456 2051 3514 ⁸⁷.

480 3546 753 3614 Quoniam
782 3564 943 3618 quem
987 3558 1044 3605 tu
1083 3569 1101 3601 ι
1132 3559 1354 3621 propter
1377 3551 1610 3608 salu-tem
1643 3549 1831 3606 mundi
1867 3549 2054 3605 volens

489 3655 509 3687 ι
539 3637 886 3706 percussisti,
918 3638 1028 3709 ipsi
1065 3639 1335 3710 persecuti
1368 3649 1496 3698 sunt
1531 3655 1546 3692 :
1577 3658 1597 3692 ›
1632 3640 1683 3696 id
1709 3648 1812 3703 est,
1841 3638 1942 3709 ipsi
1967 3655 2054 3695 me

486 3727 726 3783 violenta
754 3738 809 3784 et
838 3728 1045 3799 iniusta
1091 3739 1267 3786 morte
1296 3730 1564 3802 persecuti
1593 3740 1738 3788 sunt.
1772 3728 1886 3787 Hoc
1907 3731 2053 3786 enim

483 3814 775 3891 significat,
801 3840 821 3874 ι
852 3832 905 3877 et
928 3838 1092 3893 super
1114 3823 1355 3879 dolorem
1377 3825 1661 3880 vulnerum
1684 3839 1929 3881 meorum
1960 3823 2056 3879 ad-

484 3915 758 3970 diderunt.
793 3933 814 3968 ι
846 3914 1004 3970 Prius
1047 3913 1210 3970 habui
1245 3916 1490 3972 dolorem
1540 3927 1796 3988 tanquam
1844 3924 2057 3971 amator

487 4005 767 4061 hominum
792 4014 1012 4076 propter
1038 4020 1280 4062 errorem
1302 4007 1544 4078 gentium
1568 4024 1581 4060 :
1609 4004 1704 4062 sed
1732 4005 1860 4061 huic
1880 4003 2055 4061 dolori

486 4095 654 4150 alium
684 4110 784 4150 suo
810 4111 993 4152 errore
1020 4094 1404 4165 adjunxerunt.
1431 4093 1660 4160 Idcirco,
1691 4093 1872 4162 Pater,
1914 4112 1932 4146 ι
1960 4108 2056 4164 ap-

483 4203 629 4258 pone
659 4187 998 4258 iniquitatem
1028 4202 1191 4258 super
1220 4187 1564 4258 iniquitatem
1587 4202 1801 4252 eorum,
1833 4196 1889 4243 et
1917 4184 2055 4241 afﬂi-

486 4281 723 4337 ctionem
758 4295 922 4351 super
954 4278 1336 4346 al‘llictionem;
1374 4289 1427 4335 et
1452 4294 1560 4334 non
1594 4280 1796 4335 intrent
1818 4279 1870 4333 in
1890 4278 2055 4349 justi-

486 4374 622 4425 tiam
641 4382 808 4435 tuam,
840 4390 859 4423 ι
886 4371 937 4425 id
955 4380 1059 4439 est,
1086 4370 1145 4425 in
1168 4384 1393 4440 regnum
1419 4378 1604 4437 tuum;
1624 4370 1715 4425 sed
1739 4388 1759 4422 ι
1777 4370 2057 4426 deleantur

2126 517 2226 589 τὴν
2257 515 2353 571 νῦν
2383 514 2713 586 κατέχουσάν
2749 530 2809 567 σε
2840 510 3146 583 δυστυχίαν.

2199 604 2330 662 Εἶτα
2377 608 2605 663 ἄκουσον
2655 606 2752 661 καὶ⁵
2796 604 2866 660 τά
2907 604 3062 676 ἑξῆς·
3102 622 3119 656 ι
3151 599 3612 671 Σκοτισθήτωσσν
3644 603 3685 657 οἱ

2128 698 2395 770 ὀφθαλμοὶ
2425 697 2604 752 αὐτῶν
2631 697 2725 752 τοῦ
2762 696 2837 769 μὴ
2871 695 3107 767 βλέπειν.
3132 714 3151 747 ι
3203 692 3350 747 Ἀλλ’
3368 692 3691 765 ὲσκοτὶσθιιτε

2128 794 2239 855 τοῖς
2287 791 2387 862 τῆς
2435 788 2614 861 ψυχῆς
2658 788 2959 860 ὀφθαλμοῖς
3009 784 3315 857 σκοτισμὸν
3360 782 3573 854 ἀφεγγῆ
3613 784 3693 839 καὶ

2131 883 2369 950 αἰώνιον.
2415 881 2813 947 ’Δνατείλαντος
2842 880 2950 953 γὰρ
2977 877 3294 948 τοὶφωτδς
3321 875 3420 930 τοῦ
3444 875 3692 947 ἀληθινοῦ,

2131 979 2289 1050 ὑμεῖς
2308 974 2384 1041 ὡς
2429 977 2489 1029 ὲν
2530 974 2684 1030 νυκτὶ
2725 973 3045 1041 πλανᾶσθε,,
3069 972 3164 1027 καὶ
3206 970 3457 1032 ἀνοδίαις
3488 972 3697 1042 προσκέ-

2132 1087 2359 1134 πτοντες
2404 1069 2497 1123 καὶ
2542 1067 2962 1141 κρημνιζόμενοι
3011 1065 3089 1129 ὡς
3134 1062 3575 1133 καταλείψαντες
3614 1063 3695 1135 τὴν

2131 1163 2250 1217 όδδν
2280 1160 2380 1232 τὴν
2403 1160 2666 1230 λέγουσαν
2684 1177 2698 1191 ·
2739 1179 2757 1212 ι
2794 1158 2932 1229 Ἐγώ
2964 1161 3077 1229 εἰμι
3100 1160 3134 1229 ἡ
3164 1157 3315 1219 ὁδός.
3344 1175 3365 1208 ι
3401 1151 3535 1211 Εἶτα
3560 1155 3701 1209 ἀκου-

2136 1274 2227 1311 σον
2260 1253 2644 1327 καιριώτερον·
2693 1274 2712 1305 ι
2750 1253 2857 1308 Καὶ
2883 1252 2973 1306 τὸν
3009 1251 3177 1307 νῶτον
3219 1250 3412 1306 αὐτῶν
3438 1248 3702 1315 διαπαντὸς

2136 1346 2454 1419 σύγκαμψον
2471 1363 2485 1377 ο
2517 1366 2536 1399 ι
2561 1345 2856 1412 τουτέστιν,
2880 1345 2970 1401 ἴνα
2993 1343 3327 1399 δουλεύωσιν
3355 1344 3475 1405 τοῖς
3493 1341 3701 1406 ἔθνεσιν,

2134 1443 2196 1497 ού
2225 1440 2548 1513 τετρακόσια
2591 1439 2691 1512 έτη
2730 1438 2822 1492 καὶ
2858 1436 3169 1508 τριάκοντα,
3211 1435 3297 1500 ὡς
3331 1436 3394 1489 ὲν
3430 1433 3698 1505 Αἰγύπτῳ·

2136 1535 2256 1589 οὒτε
2275 1534 2655 1605 ἑϐδομήκοντα,
2696 1531 2771 1596 ὡς
2800 1533 2857 1584 ὲν
2880 1530 3173 1595 Βαϐυλῶνι,
3207 1527 3359 1583 ἀλλὰ
3392 1526 3702 1593 διαπαντὸς

2139 1626 2326 1697 φησὶν,
2360 1626 2439 1688 είς
2470 1621 2712 1677 δουλείαν
2742 1619 3079 1691 σύγκαμψον.
3112 1616 3329 1673 Λοιπὸν
3362 1615 3418 1669 τί
3448 1616 3604 1679 κενὰς
3629 1615 3702 1669 ὲλ-

2140 1719 2298 1783 πίδας
2326 1717 2468 1787 ἔχεις
2495 1714 2871 1785 ἀπαλλαγῆναι
2901 1711 3216 1785 προσδοκῶν
3250 1709 3363 1780 τῆς
3397 1707 3702 1778 κατεχούσης

2143 1827 2203 1864 σε
2245 1806 2642 1880 ταλαιπωρίας;
2686 1805 2760 1859 Τὺ
2808 1804 2915 1876 γάρ
2968 1801 3451 1873 παραδοξότερον·
3505 1800 3594 1852 καὶ
3621 1799 3701 1852 οὐκ

2136 1901 2332 1965 ἀδίκως
2371 1900 2469 1972 τὴν
2513 1898 2622 1952 τῶν
2659 1897 2919 1969 ὀμμάτων
2966 1912 3060 1949 σου
3096 1892 3385 1964 τύφλωσιν
3417 1890 3697 1962 ἐπηύξατο·

2136 1993 2251 2048 ἀλλ’
2269 1994 2351 2047 ὅτι
2380 1990 2655 2060 έκάλυψας
2684 1986 2753 2043 τὰ
2777 1988 2872 2042 τοῦ
2893 1985 3125 2060 Χριστοῦ
3145 1984 3409 2056 ὄμματα,
3426 1980 3596 2046 οὕτως
3611 1982 3701 2051 (35)

2137 2085 2299 2139 αύτδν
2325 2082 2623 2157 έρῤάπιζες
2641 2099 2656 2112 ·
2681 2082 2773 2136 καὶ
2799 2078 2885 2134 διὰ
2909 2078 3067 2133 τοῦτο
3094 2078 3156 2131 τὸ
3185 2075 3367 2131 νῶτόν
3395 2091 3490 2129 σου
3502 2072 3703 2127 διαπαν·

2138 2179 2229 2243 τὸς
2269 2176 2589 2249 σύγκαμψω
2644 2176 2725 2240 είς
2780 2173 3044 2227 δουλείαν.
3096 2171 3209 2225 Καὶ
3243 2168 3446 2239 ἐπειδὴ
3485 2166 3547 2220 τὸ
3587 2159 3703 2237 αἷμα

2138 2267 2304 2323 αὐτοῦ
2359 2267 2495 2340 μετά
2531 2267 2698 2341 ὀργῆς
2745 2264 2984 2336 ἐξέχεας,
3016 2262 3251 2317 ἄκουσον
3296 2259 3365 2314 τὸ
3404 2257 3698 2331 ἀντίδωρον·

2147 2382 2165 2414 ι
2205 2363 2433 2434 Ἐκχεον
2454 2362 2540 2414 ἐπ’
2562 2359 2756 2423 αὐτοὺς
2780 2357 2878 2430 τὴν
2903 2356 3070 2428 ὀργήν
3105 2370 3225 2417 σου,
3259 2353 3363 2406 καὶ
3388 2350 3420 2402 0
3440 2348 3602 2421 θυμὸς
3619 2348 3701 2417 τῆς

2140 2454 2310 2528 όργῆς
2343 2470 2435 2508 σου
2469 2450 2762 2507 καταλάϐοι
2807 2446 3024 2512 αὐτούς.
3058 2465 3077 2497 ι
3114 2446 3226 2500 Καί
3254 2462 3269 2475 ·
3315 2463 3337 2496 ι
3376 2441 3698 2512 Γενηθήτωή

2145 2547 2366 2611 ἔπαυλις
2398 2544 2576 2599 αὐτῶν
2602 2540 2958 2617 ⁴Ιγρημιιονένη·
3003 2558 3021 2590 ι
3058 2537 3332 2611 πρόδηλον
3357 2537 3388 2591 0
3419 2532 3542 2597 ναδς
3571 2535 3598 2586 ὁ
3625 2547 3701 2585 πε-

2147 2639 2419 2712 ριὸόητος.

2213 2731 2315 2788 Διά
2339 2730 2415 2795 τί,
2440 2723 2487 2783 ὦ
2528 2729 2799 2801 προφῆτα,
2839 2724 2960 2779 εἰπὲ
2988 2725 3140 2795 ἡμῖν,
3172 2720 3327 2783 τίνος
3362 2719 3524 2791 χάριν
3549 2718 3576 2770 0
3597 2714 3701 2777 ναὸς

2144 2821 2446 2897 ἡρημώθης
2470 2817 2580 2893 ἆρα
2609 2819 2696 2874 διὰ
2725 2819 2824 2890 τὴν
2848 2816 3015 2870 πάλαι
3065 2811 3460 2887 μοσχοποιίαν;
3496 2803 3597 2880 ἄρα
3630 2807 3700 2860 διὰ

2148 2917 2248 2989 τὴν
2277 2914 2372 2969 τοῦ
2395 2911 2526 2969 λαοῦ
2550 2908 3013 2982 εῑδωλολατρείαν;
3044 2901 3153 2979 ἆρα
3175 2903 3267 2959 διὰ
3291 2901 3356 2957 τὸ
3390 2899 3497 2955 τῶν
3519 2916 3700 2989 προφηο

2149 2988 2259 3063 τῶν
2276 3003 2412 3078 αἷμα
2427 3023 2447 3072 ;
2461 3000 2572 3076 ἆρα
2584 3001 2673 3057 διὰ
2692 3002 2791 3073 τῆς
2811 3000 3052 3073 μοιχείας
3071 2999 3167 3052 καὶ
3188 2994 3454 3068 πορνείας
3483 2988 3696 3062 Ἰσραήλ

2075 3132 2119 3189 c
2151 3099 2436 3172 Οὐδαμῶς,
2463 3096 2660 3169 φησίν·
2714 3095 2807 3149 ἐπὶ
2853 3094 3018 3147 πᾶσιν
3063 3090 3170 3189 γάρ
3195 3088 3480 3189 ’ἐκείνοιί

2155 3189 2479 3262 συγγνώμης
2510 3188 2605 3242 καὶ
2636 3183 3040 3257 φιλανθρωπίας
3069 3179 3356 3252 ἠξιοῦντο·
3391 3177 3506 3233 ἀλλ’
3525 3177 3599 3231 ὃτι
3625 3172 3697 3227 τὸν

2154 3280 2271 3335 υἱὸν
2299 3279 2393 3336 τοῦ
2442 3278 2741 3351 Εὐεργέτου
2774 3275 3120 3330 ἐθανάτωσαν
3140 3290 3153 3302 ·
3187 3272 3361 3336 αὐτὸς
3374 3270 3486 3341 γάρ
3519 3265 3698 3321 ἐστινό

2151 3373 2231 3446 τῷ
2262 3372 2437 3444 Πατρὶ
2468 3369 2756 3436 συναῖδιος.
2795 3368 2957 3422 Ὅθεν
2981 3367 3155 3437 λέγει·
3188 3363 3505 3435 Γενηθήτω,
3538 3353 3580 3413 ὦ
3603 3357 3692 3410 Πά-

2153 3485 2269 3539 τερ,
2309 3485 2328 3519 ι
2360 3468 2389 3519 0
2417 3464 2545 3528 ναὸς
2575 3461 2755 3517 αὐτῶν
2785 3459 3180 3533 ὴρημωμένος·
3223 3458 3311 3511 ὅτι
3348 3454 3408 3509 ὃν
3440 3454 3502 3507 σὺ
3538 3470 3556 3502 ι
3587 3448 3695 3519 1:90;

2156 3557 2428 3631 σωτηρίαν
2469 3556 2674 3627 κόσμου
2720 3552 2959 3607 ἐθελοντὶ
2986 3570 3006 3604 ι
3043 3549 3343 3616 ὲπάταξας,
3395 3544 3544 3602 αὐτοὶ
3567 3556 3696 3595 κατεο

2153 3651 2378 3720 δίωξαν·
2419 3669 2439 3702 ι
2473 3648 2726 3721 σημαίνει
2756 3646 2831 3711 δὲ,
2859 3645 3014 3699 αὐτοὶ
3043 3642 3101 3696 δὲ
3128 3641 3293 3713 βιαίῳ
3333 3639 3430 3695 καὶ
3456 3634 3693 3701 καταδίκῳ

2156 3743 2366 3815 θανάτῳ
2393 3759 2459 3814 με
2491 3738 2844 3804 κατεδίωξαν,
2874 3756 2893 3790 ι
2917 3737 3010 3792 καὶ
3033 3735 3126 3790 ἐπὶ
3146 3734 3210 3789 τὸ
3233 3734 3404 3803 ἀλγος
3421 3730 3528 3785 τῶν
3555 3741 3692 3799 τραν-

2158 3838 2342 3908 μάτων
2375 3852 2474 3906 μου
2515 3832 2877 3905 προσέθηκαν.
2916 3849 2936 3883 ι
2970 3829 3237 3901 Πρότερον
3271 3828 3375 3899 μὲν
3403 3824 3560 3892 ἄλγος
3578 3815 3693 3887 εἶχεν

2155 3930 2230 3994 ὡς
2260 3926 2635 3999 φιλάνθρωπος
2662 3924 2750 3979 διὰ
2772 3924 2871 3995 τὴν
2895 3922 3103 3993 πλάνην
3129 3920 3238 3976 τῶν
3261 3918 3435 3974 ἐθνῶν
3453 3934 3466 3947 ·
3497 3912 3601 3968 ἀλλ’
3619 3908 3691 3962 ἐπὶ

2154 4021 2216 4076 τὸ
2245 3998 2409 4090 ἄλγος
2449 3998 2793 4091 προσέθηκάν
2846 4032 2935 4087 μοι
2979 4013 3185 4085 ἕτερον,
3234 4006 3590 4079 πλανηθέντες
3616 3998 3690 4053 καὶ

2157 4111 2328 4169 αὐτοί.
2373 4110 2568 4181 Διόπερ
2607 4128 2625 4160 ι
2656 4106 2889 4181 πρόσθες
2936 4105 3164 4177 ἀνομίαν
3210 4105 3307 4158 ἐπὶ
3351 4103 3452 4174 τὴν
3498 4093 3691 4166 ἀνομίαν

2157 4205 2356 4270 αὐτῶν,
2386 4204 2484 4259 καὶ
2520 4201 2699 4273 θλίψιν
2734 4200 2827 4254 ἐπὶ
2867 4198 3064 4269 θλίψιν,
3104 4197 3197 4253 καὶ
3232 4196 3309 4269 μὴ
3343 4191 3687 4250 είσελθέτωσαν

2158 4299 2215 4352 έν
2240 4296 2554 4369 δικαιοσύνῃ
2585 4311 2701 4361 σου,
2733 4312 2751 4345 ι
2775 4291 3052 4346 τουτέστιν
3078 4292 3157 4355 εἰς
3180 4290 3279 4362 τὴν
3306 4283 3574 4361 βασιλείαν
3597 4292 3684 4369 σου·

2157 4388 2271 4443 ἀλλ’
2309 4407 2327 4440 ι
2364 4366 2832 4457 ὲξαλείὲρθήτωσαν
2863 4386 2929 4438 ὲκ
2956 4381 3138 4455 βίύλου
3167 4379 3408 4444 ζώντων,
3451 4375 3541 4430 καὶ
3580 4366 3688 4442 μετὰ

487 4463 554 4518 dc
570 4463 708 4519 libro
723 4463 1039 4528 viventium,
1062 4473 1262 4518 etcum
1285 4461 1451 4531 justis
1469 4474 1577 4515 non
1601 4460 1911 4516 scribantur
1935 4459 2003 4525 η,
2034 4478 2041 4512 ι

2159 4479 2382 4535 δικαίων
2413 4477 2488 4550 μὴ
2517 4476 2906 4549 γραφήτωσαν,
2928 4494 2947 4527 ι
2975 4473 3239 4537 τουτέστι,
3265 4470 3407 4543 μετά
3426 4468 3529 4523 τῶν
3553 4461 3687 4532 ἁγίων

489 4555 542 4611 id
575 4564 680 4621 est,
713 4571 838 4612 cum
872 4555 1079 4610 sanctis
1105 4552 1353 4626 patribus
1373 4562 1429 4608 et
1457 4552 1781 4622 patriarchis
1812 4552 1951 4608 suis.

562 4645 696 4702 Vill.
738 4645 878 4714 Quid
925 4647 994 4702 ad
1026 4646 1142 4701 haec
1172 4646 1330 4712 dicis,
1362 4643 1587 4702 Iudaee?
1616 4643 1734 4699 Non
1775 4645 1892 4701 hac
1928 4643 2060 4701 dicit

490 4738 795 4805 Matthaeus,
833 4753 1007 4810 neque
1034 4736 1262 4803 Paulus,
1295 4738 1387 4793 sed
1437 4735 1605 4791 David
1634 4736 1873 4794 christus
1908 4743 2058 4799 tuus,

491 4828 587 4900 qui
617 4836 808 4883 contra
833 4835 884 4883 te
920 4827 1185 4895 decernit,
1217 4827 1310 4897 qui
1343 4833 1560 4897 propter
1588 4824 1862 4881 Christum
1890 4824 2059 4896 perti-

490 4920 837 4976 mescendam
878 4920 1204 4975 sententiam
1248 4918 1499 4975 retribuit
1537 4928 1591 4975 et
1632 4917 1980 4989 pronuntiat;
2009 4924 2063 4970 et

490 5025 752 5084 tanquam
782 5011 873 5067 ille
900 5027 1132 5083 magnus
1156 5009 1280 5079 Job,
1314 5010 1383 5065 ad
1414 5024 1515 5066 vos
1550 5017 1740 5066 contra
1766 5008 1976 5079 justum
2007 5016 2062 5062 et

493 5121 683 5161 verum
711 5104 993 5174 loquentes
1024 5104 1099 5158 ita
1139 5102 1335 5158 eﬂ‘atur
1368 5120 1383 5157 :
1417 5099 1611 5160 Emisti
1636 5099 1912 5156 Christum
1943 5107 2062 5154 tan-

494 5213 657 5268 quam
681 5212 932 5264 servum‘;
956 5198 1150 5253 venisti
1180 5196 1245 5251 ad
1267 5211 1392 5251 eum
1420 5206 1678 5266 tanquam
1708 5196 1775 5250 ad
1795 5194 2060 5249 latronem

493 5291 548 5346 in
580 5290 819 5346 hortum.

566 5381 657 5439 IX.
698 5381 1004 5438 Produeam
1032 5381 1085 5436 in
1112 5394 1348 5436 meorum
1372 5380 1535 5435 etiam
1554 5378 1891 5453 prophetiam
1915 5376 2066 5434 Salo-

495 5478 675 5536 monis
721 5477 791 5534 de
831 5476 1071 5542 Christo,
1103 5490 1226 5545 qua:
1271 5480 1454 5544 aperte
1501 5481 1555 5529 et
1599 5474 1901 5545 perspicue,
1941 5486 2064 5543 qua:

2163 4572 2415 4643 πατέρων
2446 4571 2544 4626 καὶ
2574 4567 2927 4640 πατριαρχῶν
2954 4565 3153 4621 αὐτῶν.

2230 4666 2297 4719 Τί
2326 4664 2508 4734 λέγεις
2536 4664 2672 4736 πρὸς
2710 4661 2890 4725 τοῦτο,
2921 4655 2968 4715 ὦ
3002 4659 3253 4726 Ἰουδαῖες
3288 4659 3365 4715 Ού
3396 4656 3537 4725 λέγει
3562 4650 3681 4705 Ματ-

2162 4760 2331 4825 θαῖος,
2364 4756 2487 4812 οὐδὲ
2512 4755 2742 4823 Παῦλος,
2768 4753 2902 4811 ἀλλά
2936 4752 3099 4808 Δαυῖδ
3129 4755 3158 4809 0
3186 4752 3276 4817 σὸς
3300 4749 3513 4826 χριστὸς
3530 4737 3683 4817 (54),6

2161 4851 2260 4915 τὰς
2307 4849 2546 4921 φοϐερὰς
2588 4846 2891 4917 ἀποφάσεις
2934 4843 3021 4900 διὰ
3063 4844 3297 4919 Χριστὸν
3344 4837 3685 4906 ἀντιδιδόμενος

2163 4943 2258 4996 καὶ
2290 4939 2656 5012 φθεγγόμενος
2674 4956 2689 4970 ·
2727 4937 2821 4992 καὶ
2847 4936 2923 5002 ὡς
2954 4938 2984 4991 0
3027 4936 3201 5009 μέγας
3251 4934 3394 5001 Ἰὼϐ,
3423 4931 3550 5004 ἐρῶν
3579 4923 3683 4997 πρὸς

2162 5032 2307 5103 ὑμᾶς
2343 5029 2422 5101 τῷ
2441 5029 2635 5100 δικαίῳ
2666 5028 2759 5083 καὶ
2773 5026 2992 5097 ἀψευδεῖ
3022 5026 3297 5096 λέγοντας,
3326 5025 3523 5084 οὕτως·
3559 5011 3664 5103 Ἢγό

2170 5101 2336 5191 ρασας
2372 5118 2463 5171 τὸν
2495 5116 2730 5190 Χριστὸν
2760 5114 3163 5187 δουλοπρεπῶς,
3209 5111 3371 5188 ἦλθες
3407 5112 3533 5184 πρὸς
3555 5101 3681 5161 αὐτὸν

2165 5207 2469 5283 λῃστρικῶς
2503 5209 2561 5260 ὲν
2589 5205 2666 5277 τῷ
2694 5207 2876 5278 κήπῳ.

2237 5375 2390 5447 Φέρω
2417 5374 2480 5445 δὴ
2511 5376 2569 5436 ές
2601 5373 2762 5444 μέσον
2805 5373 2896 5426 καὶ
2936 5372 3032 5444 τὴν
3080 5372 3411 5444 προφητείαν
3456 5357 3677 5432 Σολομὼν.

2168 5468 2264 5540 τὴν
2306 5466 2566 5536 λέγουσαν
2609 5467 2737 5537 περὶ
2761 5462 3018 5537 Χριστοῦ,
3049 5463 3147 5535 τὴν
3180 5462 3249 5517 τά
3277 5463 3409 5535 πρὸς
3448 5451 3680 5513 Ἰουδαίους

572 5640 616 5673 ⁸⁵
652 5639 807 5696 Joan.
872 5654 989 5707 xw,
1042 5637 1099 5696 6.
1175 5637 1217 5668 ¹⁸
1251 5636 1389 5694 Psal.
1430 5635 1728 5701 struthii.
1809 5630 2041 5690 "lbiddi

2192 5632 2233 5662 ”
2261 5631 2346 5685 ρι’.
2369 5628 2557 5682 Matth.
2578 5643 2737 5693 um,
2768 5626 2857 5682 58.
2936 5627 2978 5659 ³⁸
3007 5624 3150 5681 l’sal.
3183 5639 3369 5687 vam,
3399 5621 3482 5685 27,
3507 5614 3584 5671 εει
3605 5608 3674 5663 29-

572 5775 683 5839 (35)
728 5775 940 5843 Οὕτως.
975 5775 1134 5831 Forte
1167 5775 1277 5829 ὅτε.

2242 5770 2296 5835 (3
2310 5769 2354 5835 l)
2394 5768 2507 5837 Σός
2540 5771 2799 5843 χριστός.
2834 5765 3043 5826 [luctus
3070 5776 3215 5823 tuus.
3250 5763 3411 5821 FABR.
