3882 6332
550 316 662 370 Ἵ99
1217 317 1275 374 S.
1316 317 1676 373 HIPPOLYTI
1714 281 1873 375 OPP.
1904 316 2093 377 PARS
2124 317 2188 375 ll.
2224 351 2291 361 -
2322 310 2623 377 BOGMAT.
2666 319 2753 375 ET
2790 317 3127 377 HISTORIC.
3623 329 3704 383 800

555 429 741 486 vident
779 440 988 503 patrum
1016 434 1241 491 chorum
1274 435 1408 507 (δι’)
1445 429 1544 493 nec
1567 438 1766 508 iustos,
1794 445 1849 491 et
1879 438 1981 492 hoc
2005 435 2088 506 ips

2176 435 2309 499 (ἐπ’
2355 436 2504 507 αύτῷ
2545 438 2718 510 τούτῳ
2767 438 3135 510 κολαζόμενοι.
3179 437 3316 501 Χάος
3342 438 3444 511 γάρ
3484 439 3598 511 βαθὺ
3635 446 3709 497 καὶ

554 531 896 592 torquentur.
915 524 1050 579 Nam
1085 526 1140 580 in
1169 526 1346 582 medio
1375 527 1542 584 chaos
1559 543 1810 599 magnum
1827 525 2087 597 etprol‘un

2222 529 2365 598 μέγα
2388 529 2492 583 ἀνὰ
2526 529 2687 601 μέσον
2722 533 3059 602 ἐστήρικται,
3093 528 3230 583 ὥστε
3272 530 3344 601 μὴ
3382 529 3565 585 δίκαιον
3602 549 3708 604 cup.

556 613 687 668 dum
719 616 1031 671 extenditur
1074 630 1127 674 et
1156 619 1403 675 ﬁrmatur
1422 620 1488 687 “,
1535 621 1671 676 adeo
1712 628 1772 675 ut
1825 620 2007 674 nullus
2047 618 2089 674 si

2217 620 2538 693 παθήσαντα
2570 624 2997 696 προσδέξασθαι,
3036 624 3172 696 μήτε
3214 622 3385 678 ἄδικον
3428 622 3710 697 τολμήσαντι

554 720 624 760 ex
640 705 805 775 juslis
834 707 1209 765 misericordia
1223 711 1419 767 ductus
1433 712 1525 784 qui
1559 713 1686 768 illuc
1701 711 1931 767 transire
1943 719 1998 765 et
2023 726 2118 764 ex-
2215 712 2457 769 διελθεῖν.

555 799 664 869 cipi
688 801 893 869 possit;
921 817 1020 857 nee
1054 802 1199 859 ullus
1218 803 1455 874 iniustus
1470 802 1565 876 qui
1599 805 1799 860 audeat
1822 803 2113 874 praeterire.

624 889 688 946 ll.
727 890 794 946 Et
825 893 941 949 haec
982 894 1048 950 de
1075 894 1211 949 laede
1242 895 1470 950 dicenda
1508 904 1684 959 erant,
1722 895 1776 949 iu
1806 909 1918 965 quo
1944 892 2119 948 conti-

2288 879 2457 952 οὗτος
2492 889 2523 940 ὁ
2554 890 2681 959 περ)⁵
2712 889 2841 960 ᾆδου
2881 889 3065 957 λόγος,
3099 890 3158 941 έν
3199 881 3243 955 ᾧ
3269 888 3325 940 al
3353 886 3507 959 ψυχαὶ
3539 890 3711 943 πάντων

483 1031 486 1034 .
555 992 756 1038 nentur
780 985 1024 1040 omnium
1052 987 1268 1053 animae,
1289 1001 1463 1057 usque
1483 986 1551 1042 ad
1578 996 1791 1056 tempus
1808 984 1953 1055 quod
1976 984 2016 1037 ι)

2216 978 2565 1049 κατέχονται,
2597 980 2725 1053 ἄχρι
2774 978 2967 1051 καιροῦ
3019 978 3078 1034 ὃν
3128 980 3158 1032 ὁ
3199 978 3327 1042 Θεὸς
3377 978 3572 1051 ὥρισεν,
3616 982 3714 1036 ἀνά-

550 1072 970 1141 determinavit,
1002 1085 1132 1133 tunc
1173 1077 1417 1132 omnium
1455 1077 1904 1133 resurrectionem
1940 1074 2083 1131 factu

2220 1088 2407 1125 στασιν
2446 1072 2567 1125 τότε
2607 1072 2821 1126 πάντων
2865 1072 3217 1143 ποιησόμενος
3236 1110 3251 1135 ,
3282 1072 3340 1124 οὐ
3382 1069 3542 1140 ψυχὰς
3569 1088 3715 1142 μετεν-

553 1178 671 1232 rus,
694 1181 804 1221 non
840 1169 1053 1223 animas
1074 1185 1138 1224 ex
1168 1184 1396 1240 corpore
1423 1168 1481 1224 in
1521 1185 1721 1240 corpus
1756 1168 1901 1224 aliud
1933 1167 2086 1224 detru

2218 1163 2485 1235 σωματῶν
2530 1164 2675 1235 (55),
2723 1163 2838 1217 ἀλλ’
2869 1163 3008 1218 αὐτὰ
3053 1162 3123 1217 τὰ
3155 1161 3376 1233 σώματα
3415 1162 3635 1217 ἁνιστῶν.
3666 1167 3715 1216 ’Δ

552 1259 752 1323 dendo,
792 1260 887 1315 sed
929 1260 1117 1315 eadem
1155 1260 1271 1330 ipsa
1306 1275 1534 1332 corpora
1584 1261 1778 1331 iterum
1804 1259 2085 1316 excitando

2217 1255 2481 1327 λελυμένα
2529 1254 2759 1329 ὁρῶντες
2819 1256 2869 1308 ει
2914 1256 3191 1309 ἀπιστεῖτε
3235 1253 3386 1326 (56),
3444 1254 3617 1325 μάθετε
3660 1256 3714 1326 μὴ

551 1349 686 1417 Qua:
707 1350 969 1406 dissoluta
992 1352 1255 1419 videntes,
1285 1353 1329 1407 si
1356 1352 1513 1408 ﬁdem
1539 1352 1836 1423 denegatis,
1867 1366 1901 1406 o
1922 1349 2084 1425 Graeci

2217 1348 2484 1402 ἀπιστεῖν.
2520 1346 2630 1419 Τὴν
2659 1346 2767 1418 γὰρ
2792 1346 2967 1418 ψυχὴν
2997 1346 3229 1418 γενητὴν
3258 1346 3352 1403 καὶ
3379 1345 3613 1400 ἀθάνατον
3637 1348 3715 1400 ὑπὸ

551 1443 745 1497 discite
777 1458 884 1497 nou
916 1457 1037 1497 esse
1062 1444 1344 1500 increduli.
1370 1444 1621 1498 Animam
1649 1444 1794 1497 enim
1835 1443 2084 1499 credente

2218 1438 2353 1493 Θεοῦ
2387 1438 2664 1508 γεγονέναι
2700 1438 3088 1501 πιστεύσαντες
3108 1477 3122 1503 ,
3174 1437 3314 1492 κατὰ
3359 1436 3445 1491 τὸν
3486 1437 3715 1501 Πλάτωνος

552 1532 774 1599 factam,
808 1542 861 1587 et
893 1535 1251 1591 immortalem
1285 1552 1314 1590 a
1343 1534 1451 1590 Deo
1482 1535 1780 1599 conditam,
1816 1533 2085 1589 secundum

2216 1533 2372 1601 λόγον
2396 1531 2531 1602 (57),
2563 1530 2736 1602 χρόνῳ
2754 1546 2768 1560 ⁸
2808 1529 2883 1602 μὴ
2907 1531 3264 1602 ἀπιστήσητε,
3295 1526 3368 1593 ὡς
3398 1530 3485 1582 καὶ
3510 1529 3563 1582 τὸ
3594 1529 3716 1600 σῶμα

551 1625 873 1678 sententiam
902 1625 1163 1691 Platonis,
1199 1627 1255 1681 in
1293 1637 1568 1697 tempore;
1616 1643 1724 1682 non
1760 1626 1967 1682 debetis
2006 1641 2084 1681 nou

2216 1622 2283 1676 ὲκ
2311 1621 2421 1676 τῶν
2448 1621 2627 1676 αὐτῶν
2658 1622 2933 1691 στοιχείων
2963 1619 3213 1674 σύνθετον
3237 1621 3516 1690 γενόμενον
3542 1620 3718 1684 δυνατὸς

551 1713 795 1780 credere,
836 1715 981 1784 quod
1024 1715 1166 1772 Deus
1208 1727 1401 1787 potens
1440 1725 1525 1772 est
1565 1731 1764 1788 corpus
1808 1732 1875 1772 ex
1923 1717 2084 1772 iisdem

2216 1716 2246 1768 ὁ
2274 1713 2405 1779 Θεὸς
2435 1712 2742 1778 ἁναὸιώσας
2780 1712 3044 1767 ἀθάνατον
3090 1714 3269 1767 ποιεῖν
3312 1711 3438 1783 (58).
3469 1712 3536 1764 Οὐ
3566 1712 3617 1765 τὸ
3644 1712 3715 1780 μὲν

550 1804 832 1860 elementis
864 1808 1224 1877 compositum
1251 1817 1305 1863 et
1328 1806 1553 1871 factum,
1591 1809 1658 1862 ad
1687 1808 1850 1863 vitam
1876 1807 2009 1863 illud
2030 1823 2083 1863 re

2184 1795 2193 1845 ἶ
2217 1806 2456 1870 δυνατὸς,
2482 1807 2544 1859 τὸ
2562 1805 2618 1860 δὲ
2640 1805 2917 1869 ἀδύνατος,
2944 1803 3237 1877 ῥηθήσεται
3264 1804 3391 1877 περὶ
3411 1804 3554 1859 Θεοῦ.
3569 1803 3717 1874 Ἡμεῖς

550 1910 773 1963 vocans,
820 1898 1126 1955 immortale
1175 1900 1420 1955 reddere.
1472 1899 1605 1956 Illud
1651 1901 1795 1955 enim
1833 1900 2083 1972 possibile

2213 1893 2306 1952 οὖν
2352 1898 2444 1952 καὶ
2487 1897 2646 1968 σῶμα
2689 1897 3003 1951 ἀνίστασθαι
3053 1895 3505 1966 πεπιστεύκαμεν.
3543 1896 3597 1948 Ei
3637 1895 3716 1965 γὰρ

550 1985 654 2042 hoc
676 2004 805 2043 τρι-ο
834 1991 1187 2059 impossibile,
1222 2006 1328 2046 non
1355 1992 1566 2047 dicetur
1594 1993 1661 2048 de
1691 1992 1821 2048 Deo.
1854 1990 1967 2048 Nos
1985 2009 2083 2064 erg!

2214 1989 2492 2061 φθείρεται
2515 2029 2529 2051 ,
2579 1990 2693 2044 ἀλλ’
2760 1989 2860 2045 οὐκ
2916 1989 3244 2043 ἀπόλλυται·
3311 1988 3494 2042 τούτου
3538 1989 3628 2060 γὰρ
3668 1989 3716 2041 τὰ

547 2079 823 2135 credimus
865 2090 920 2135 et
960 2097 1156 2152 corpus
1196 2092 1652 2140 resurrecturum.
1712 2081 1771 2139 Si
1809 2083 1954 2139 enim
1993 2099 2080 2139 cor

2213 2078 2437 2149 λείψανα
2474 2078 2841 2149 ὑποδεχομένη
2871 2080 2904 2149 ή
2939 2078 3030 2148 γῆ,
3056 2082 3238 2149 τηρεῖ·
3276 2079 3369 2131 καὶ
3391 2077 3534 2147 δίκην
3562 2077 3714 2147 σπόρου

548 2173 841 2240 rumpitur,
884 2188 989 2227 non
1028 2174 1251 2229 omnino
1297 2170 1568 2245 perditur;
1611 2185 1754 2231 terra
1793 2176 1937 2231 enim
1977 2177 2081 2231 reci

2211 2171 2474 2242 γενόμενα
2497 2209 2512 2232 ,
2553 2169 2647 2224 καὶ
2682 2168 2761 2241 τῷ
2801 2169 2905 2240 γῆς
2936 2169 3296 2242 λιπαρωτέρῳ
3340 2169 3714 2241 συμπλεκόμενα,

548 2256 705 2332 piens
751 2264 899 2320 illius
934 2267 1211 2336 reliquias,
1258 2269 1380 2324 illas
1421 2276 1630 2336 servat;
1669 2278 1726 2324 et
1772 2269 2081 2325 eﬂorescun

2208 2261 2380 2315 ἀνθεῖ.
2408 2262 2516 2315 Καὶ
2551 2260 2612 2314 τὸ
2644 2262 2742 2332 μὲν
2763 2262 2967 2334 σπαρὲν
2999 2262 3195 2325 κόκκος
3236 2261 3441 2334 γυμνὸς
3471 2262 3714 2331 σπείρεται,

550 2355 708 2412 factae
729 2358 902 2412 instar
934 2360 1161 2415 seminis
1189 2370 1243 2415 et
1276 2370 1433 2418 terrae
1473 2361 1785 2435 pinguedini
1826 2362 2083 2432 implicata

2211 2354 2537 2426 κελεύσματι
2560 2352 2669 2424 (59)
2694 2352 2750 2407 δὲ
2768 2353 2861 2407 τοῦ
2889 2353 3388 2425 δημιουργήσαντος
3414 2354 3540 2407 Θεοῦ
3559 2352 3716 2406 θάλλων

545 2460 604 2503 ct
632 2450 919 2507 immersae.
949 2452 1014 2507 Et
1041 2454 1362 2510 seminatum
1388 2456 1605 2525 quidem
1629 2470 1877 2527 granum,
1901 2454 2078 2508 nudum

2210 2445 2575 2517 ἠμφιεσμένος
2605 2444 2699 2500 καὶ
2745 2444 2952 2509 ἔνδοξος
2980 2446 3248 2517 ἐγείρεται
3270 2484 3287 2509 ,
3325 2446 3386 2498 ού
3416 2446 3659 2518 πρότερον,
3684 2446 3732 2521 εἰ,

548 2540 886 2609 seminatur;
915 2545 982 2598 ad
1011 2545 1297 2615 imperium
1329 2563 1458 2603 vero
1482 2546 1576 2603 Dei
1601 2548 1863 2604 creatoris
1884 2548 2081 2603 ﬂorens

2212 2542 2287 2614 μὴ
2341 2540 2622 2596 ἀποθανὼν
2665 2539 2798 2613 λυθῇ
2850 2542 2942 2595 καὶ
2983 2542 3249 2613 συμμιγῇ.
3292 2541 3451 2593 Ὥστε
3499 2538 3586 2611 τὴν
3622 2539 3718 2592 ea.

550 2631 798 2688 indutum
828 2643 881 2690 et
909 2635 1203 2705 gloriosum
1228 2639 1489 2709 exsurgit,
1520 2654 1625 2694 non
1669 2648 1956 2710 antequam
1989 2651 2083 2692 mo

2210 2648 2398 2686 στασιν
2419 2632 2515 2686 τοῦ
2546 2631 2795 2703 σώματος
2823 2632 2883 2686 οὐ
2919 2632 3091 2702 μάτην
3124 2630 3574 2707 πεπιστεύκαμεν.
3613 2628 3717 2681 Ἀλλ’

546 2724 705 2780 riens-
731 2726 1058 2783 dissolvatur
1092 2738 1147 2784 et
1190 2739 1346 2785 terra:
1381 2731 1817 2785 commisceatur.
1861 2729 2011 2785 Adeo
2050 2745 2079 2783 u

2204 2727 2257 2780 ei
2288 2726 2382 2779 καὶ
2410 2724 2591 2780 λύεται
2623 2724 2759 2797 πρὸς
2787 2724 2996 2796 καιρὸν,
3024 2723 3112 2777 διὰ
3138 2722 3236 2794 τὴν
3275 2724 3374 2777 ἀπ’
3404 2722 3563 2794 ἀρχὴς
3599 2736 3717 2789 γενο-

548 2832 659 2872 nou
681 2832 818 2873 vane
845 2820 1130 2875 credamus
1160 2822 1606 2876 resurrectionem
1636 2836 1944 2891 corporum.
1970 2819 2081 2875 Nan

2212 2817 2379 2889 μένην
2406 2817 2707 2888 παρακοήν,
2733 2816 2808 2879 ὡς
2834 2816 2914 2878 εἰς
2943 2815 3328 2887 χωνευτήριον,
3369 2815 3449 2877 εἰς
3477 2813 3571 2882 γῆν
3602 2809 3718 2864 καθί-

546 2908 763 2962 etiamsi
794 2907 861 2963 ad
892 2918 1105 2979 tempus
1132 2912 1378 2965 solvatur
1398 2925 1613 2980 corpus,
1635 2920 1855 2981 propter
1874 2910 2079 2981 priman

2208 2925 2418 2973 σταται,
2452 2908 2614 2962 πάλιν
2658 2906 3231 2979 ἀναπλασθησόμενον’
3278 2908 3340 2959 οὺ
3382 2904 3598 2960 τοιοῦτον
3634 2903 3720 2957 ἁνιο

547 3001 619 3054 ab
645 3000 797 3055 initio
826 3001 1314 3071 transgressionem
1347 3011 1738 3073 perpetratam;
1765 3011 2020 3072 tanquam
2050 3002 2080 3056 ἰι

2208 2998 2505 3070 στάμενον,
2551 2998 2685 3053 ἀλλὰ
2724 2998 2959 3070 καθαρὸν
3004 3000 3097 3053 καὶ
3156 2999 3355 3070 μηκέτι
3398 2997 3714 3069 φθειρόμενον.

547 3091 863 3148 conﬂatorio
899 3103 1055 3149 terrae
1090 3094 1393 3162 mandatur,
1435 3111 1652 3151 rursum
1692 3094 1981 3164 aliquando
2021 3109 2078 3149 re

2207 3090 2318 3144 Καὶ
2358 3090 2572 3161 ἑκάστῳ
2601 3087 2810 3160 σώματι
2843 3090 2876 3160 ή
2911 3088 3015 3143 ἰδία
3039 3087 3184 3159 ψυχὴ
3212 3088 3616 3159 ἀποδοθήσεται.
3648 3083 3717 3137 καὶ

545 3184 891 3240 formandum
917 3205 930 3241 :
959 3203 1066 3242 non
1098 3189 1205 3243 tale
1235 3188 1396 3259 quale
1435 3202 1599 3251 nunc,
1645 3194 2076 3242 resurrecturum

2205 3181 2364 3238 τοῦτο
2403 3182 2808 3253 ὲπενδυσαμένη
2838 3181 2936 3235 οὐκ
2978 3180 3362 3252 άνιαθήσεται,
3400 3179 3527 3277 ἀλλά
3562 3194 3716 3277 συγχαί

545 3277 637 3331 sed
667 3291 860 3346 purum
900 3286 954 3332 et
996 3294 1102 3333 non
1146 3279 1378 3349 amplius
1405 3277 1738 3348 corruptioni
1782 3276 2077 3331 obnoxium

2210 3276 2435 3348 ρήσεται
2490 3273 2705 3346 καθαρά
2759 3272 2983 3345 καθαρῷ
3031 3273 3448 3344 παραμείνασαο
3486 3264 3527 3339 ᾧ
3575 3271 3623 3322 ὲν
3662 3265 3716 3337 τῷ

542 3364 609 3423 Et
632 3368 851 3423 cuilibet
891 3371 1102 3441 corpori
1141 3386 1238 3425 sua
1267 3371 1481 3441 prepria
1521 3371 1698 3425 anima
1730 3367 2015 3435 reddetur;
2049 3382 2075 3422 e

2206 3367 2395 3438 κόσμῳ
2422 3366 2516 3420 νῦν
2542 3366 2763 3429 δικαίως
2808 3364 3193 3430 συνοδεύσασα,
3236 3365 3335 3419 καὶ
3369 3364 3442 3436 μὴ
3489 3360 3716 3415 ἐπίϐουλον

541 3456 636 3513 illo
676 3458 883 3527 induta,
931 3476 1040 3515 non
1093 3476 1322 3516 mmrore
1359 3468 1673 3524 marceseet,
1705 3460 1798 3514 sed
1841 3473 1965 3514 cum
2012 3457 2074 3511 ill

2207 3456 2266 3511 ὲν
2293 3458 2455 3510 πᾶσιν
2483 3456 2709 3527 ἔχουσα,
2756 3454 2892 3527 μετὰ
2933 3457 3112 3526 πάσης
3156 3456 3523 3524 ἀγαλλιάσεως
3558 3452 3719 3521 ἀπολή-

541 3550 826 3620 gaudebit,
882 3566 1016 3620 pura
1065 3568 1259 3623 purum
1309 3553 1639 3608 inhabitans.
1691 3549 1793 3606 Cui
1850 3565 1995 3604 nunc
2046 3548 2074 3603 il

2205 3547 2386 3619 ψεται.
2430 3549 2493 3601 Oi
2546 3548 2602 3602 δὲ
2650 3547 2820 3601 ἄδικοι
2873 3548 2973 3600 οὐκ
3017 3546 3375 3602 άλλοιωθέντα
3425 3546 3489 3601 τὰ
3517 3544 3712 3615 σώματα.

541 3638 745 3693 mundo
768 3639 913 3709 juste
942 3656 1127 3697 comes
1156 3640 1319 3708 facta,
1349 3651 1536 3697 etnon
1576 3641 1779 3697 habens
1812 3640 1865 3695 iu
1896 3639 2003 3694 ulla
2040 3653 2074 3693 ri

2204 3638 2325 3691 οὐδὲ
2357 3637 2559 3701 πάθους
2588 3637 2622 3708 ἥ
2665 3637 2820 3691 νόσου
2856 3636 3212 3708 μεταστάντα,
3236 3638 3363 3691 οὐδὲ
3393 3635 3714 3702 ὲνδοξασθέντα

540 3730 692 3785 illum
730 3731 1128 3798 insidiatorem,
1161 3733 1265 3790 hoc
1287 3750 1478 3790 rursus
1511 3735 1741 3806 accipiet
1781 3749 1907 3790 cum
1948 3748 2073 3787 omn

2204 3729 2588 3801 ἀπολήψονται,
2621 3728 2733 3794 ἀλλ’
2773 3729 2831 3784 ὲν
2860 3723 2943 3791 οἷς
2981 3730 3281 3800 νοσήμασιν
3314 3729 3617 3783 ἐτελεύτων·
3648 3725 3715 3779 καὶ

538 3819 757 3891 gaudio.
773 3823 967 3894 Injusti
985 3840 1110 3879 vero
1125 3841 1230 3881 non
1249 3827 1529 3883 immutata
1547 3842 1671 3883 assu
1681 3835 1826 3882 ment
1846 3839 2071 3895 corpora

2201 3822 2374 3875 ὁποῖοι
2407 3824 2466 3874 ὲν
2509 3821 2737 3892 ἀπιστίᾳ
2761 3819 3113 3891 γεγένηνται,
3143 3819 3375 3876 τοιοῦτοι
3418 3820 3606 3884 πιστῶς
3628 3833 3716 3889 κρι·

537 3928 639 3969 nec
672 3915 895 3971 liberata
923 3917 1205 3974 affectibus
1240 3928 1295 3976 et
1335 3921 1561 3985 morbis,
1590 3934 1766 3990 neque
1804 3919 1894 3974 illa
1934 3914 2097 3988 glori-
2204 3913 2477 3985 θήσονται.
2640 3968 2641 3971 η

536 4006 694 4062 licata
727 4008 1020 4078 accipient;
1065 4010 1158 4066 sed
1189 4011 1244 4067 in
1276 4011 1345 4067 iis
1390 4012 1589 4083 quibus
1643 4011 1902 4067 ﬁnierunt
1932 4010 2097 4064 vitam
2151 4005 2355 4060 morbis
2382 4023 2396 4059 :
2422 4014 2474 4061 et
2502 4006 2691 4076 quales
2735 4006 2805 4075 lin
2858 4005 3233 4061 incredulitate
3300 4006 3575 4068 vixerunt,
3614 4003 3719 4056 tales

534 4107 681 4153 certe
704 4099 1113 4166 iudicabuntur.
3692 4177 3711 4187 θ

553 4258 557 4263 ε
606 4189 693 4244 Ill.
727 4190 929 4247 Omnes
969 4193 1137 4257 enim,
1180 4194 1293 4249 sive
1314 4192 1469 4263 justi,
1506 4192 1618 4248 sive
1644 4193 1855 4262 iujusti,
1885 4193 2086 4247 ducem

2272 4186 2477 4249 Πάντες
2517 4184 2649 4259 γὰρ,
2689 4187 2888 4240 δίκαιοι
2930 4204 2988 4240 τε
3034 4187 3128 4241 καὶ
3162 4187 3358 4252 ἄδικοι,
3405 4186 3613 4240 ἐνώπιον
3646 4184 3711 4233 τοῦ

537 4290 624 4335 tur
649 4297 832 4336 coram
878 4281 988 4336 Deo
1020 4282 1218 4337 Verbo.
1260 4281 1339 4337 Illi
1383 4284 1527 4338 enim
1571 4283 1731 4338 Pater
1757 4300 1919 4339 omne
1947 4283 2063 4354 judi

2196 4277 2331 4331 Θεοῦ
2376 4278 2545 4346 Λόγου
2593 4277 2936 4350 άχθήσονται.
2987 4279 3170 4352 Τούτῳ
3210 4281 3322 4353 γὰρ
3360 4282 3390 4333 ό
3434 4280 3607 4349 Πατὴρ
3641 4275 3711 4342 τὴν

534 4375 682 4427 cium
726 4373 872 4429 dedit
897 4375 962 4426 ".
1001 4374 1066 4428 Et
1106 4376 1193 4429 ille
1227 4375 1559 4430 voluntatem
1601 4375 1781 4430 Patris
1827 4376 2057 4447 implens

2199 4367 2377 4438 κρίσιν
2409 4371 2588 4423 πᾶσαν
2613 4369 2828 4435 δέδωκε,
2859 4370 2950 4423 καὶ
2976 4371 3136 4436 αὐτὸς
3169 4372 3363 4444 βουλὴν
3392 4370 3590 4442 Πατρὺς
3621 4370 3709 4419 ἐπι-

527 4467 696 4537 judex
740 4467 1021 4533 adveniet;
1068 4468 1178 4531 ille,
1215 4468 1458 4538 inquam,
1497 4484 1658 4538 quem
1691 4484 1790 4524 nos
1817 4439 2058 4524 Christul

2199 4460 2386 4525 τελῶν,
2435 4460 2626 4533 κριτὴς
2665 4463 3055 4534 παραγίνεται,
3108 4439 3180 4518 ὃν⁷
3212 4439 3450 4536 Χριστὸν
3490 4439 3709 4535 προσαγο-

531 4572 812 4613 vocamus.
860 4556 1045 4628 Neque
1096 4560 1240 4613 enim
1293 4558 1467 4615 Minos
1520 4571 1613 4616 aut
1653 4560 2062 4616 Rhadamanthi:

2200 4553 2445 4626 ρεύομεν.
2491 4554 2624 4609 Οὐδὲ
2665 4555 2775 4626 γὰρ
2813 4558 2999 4620 Μίνως
3038 4559 3130 4613 καὶ
3171 4558 3538 4630 Ῥαδάμανθυς
3566 4551 3710 4626 κριταὶ

532 4660 671 4715 quos
727 4662 820 4702 vos
865 4649 1084 4717 tiugitis,
1130 4648 1323 4713 Grazci,
1372 4649 1586 4720 judices
1633 4660 1821 4717 erunt;
1863 4650 1958 4706 sed
2006 4649 2065 4704 ill

2194 4644 2244 4697 oi
2279 4644 2399 4697 καθ’
2433 4646 2596 4715 ὑμᾶς,
2628 4646 2882 4719 ’Έλληνες
2913 4648 3053 4720 (60)°
3075 4650 3187 4704 ἀλλ’
3218 4652 3277 4706 ὃν
3305 4654 3333 4705 ό
3365 4652 3495 4714 Θεὸς
3519 4651 3600 4703 καὶ
3627 4648 3709 4701 Πα-

532 4745 691 4809 (ιιιοειι
728 4737 873 4793 Deus
901 4749 955 4794 et
974 4739 1134 4795 Pater
1165 4741 1502 4811 gloriﬁcavit,
1538 4742 1606 4799 de
1630 4758 1740 4814 quo
1776 4741 1905 4796 alibi
1929 4742 2065 4812 parti

2193 4734 2298 4808 τὴρ
2340 4736 2576 4803 ὲδόξασε,
2626 4741 2754 4813 περὶ
2801 4735 2862 4795 οὗ
2910 4743 2968 4797 ὲν
3017 4743 3221 4817 ἑτέροις
3262 4743 3707 4817 λεπτομερέστερον

531 4825 752 4881 culatim
802 4828 1183 4896 disseruimus,
1235 4831 1289 4884 in
1325 4832 1554 4902 gratiam
1599 4848 1789 4888 eorum
1822 4832 1915 4903 qui
1954 4847 2064 4903 qua

2193 4826 2582 4900 διεληλύθαμεν
2613 4831 2723 4904 (61)
2755 4833 2889 4906 πρὸς
2915 4836 3040 4899 τοὺς
3069 4835 3456 4904 ἐπιζητοῦντας
3485 4836 3573 4908 τὴν
3606 4834 3707 4903 aur

600 4981 649 5015 ⁸⁸
684 4980 818 5038 Luc.
851 4996 964 5049 xvr,
997 4981 1087 5039 26.
1162 4984 1208 5017 ”
1234 4972 1392 5040 Joan.
1433 5001 1486 5053 ν,
1515 4985 1607 5041 2‘2.

601 5118 734 5205 (ξδ’)
762 5117 816 5205 in
849 5114 1038 5205 graeco
1088 5118 1287 5205 χίδρον,
1320 5122 1599 5205 regionem.
1648 5121 1927 5193 lnterpret.
1964 5123 2093 5194 legit

2189 5125 2368 5205 tollet.
2420 5128 2597 5199 Atque
2645 5127 2735 5183 hic
2802 5127 3010 5205 desinit
3062 5130 3417 5205 fragmentum
3487 5135 3700 5205 primum.

527 5188 878 5275 ἀλλάωκαξρὺ
917 5188 1290 5270 τὸν...’χὸρον.
1316 5188 1484 5275 seu:
1526 5188 1812 5275 Parnm":
2017 5188 2053 5275 '_

2189 5195 2379 5275 Exstat
2409 5188 2586 5275 autem
2615 5199 2913 5275 secundum
2949 5215 3070 5275 pag.
3098 5188 3533 5275 73,5.ineipitque
3556 5205 3615 5259 ali
3638 5202 3702 5255 his

601 5260 714 5329 (55)
763 5260 1260 5340 Μετενᾳωμαςῷν.
1316 5261 1509 5340 Rejieit
1552 5273 1742 5318 auctor
1782 5265 1975 5333 dogma
2022 5265 2089 5320 de

1482 5274 1509 5340 [ι
1552 5273 1742 5318 auctor
1782 5265 1975 5333 dogma
2022 5265 2089 5320 de
2190 5268 2389 5340 verbis,
2424 5269 2626 5340 πάντες
2649 5269 2780 5340 γάρ,
2806 5284 2926 5340 cap.
2949 5260 3015 5324 ’5.

528 5330 1007 5415 metempsychosi,
1044 5330 1088 5385 'a
1134 5331 1358 5388 Platone
1392 5330 1634 5405 aliisque
1670 5330 2061 5405 propugnatan

2259 5330 2383 5415 (δθ)
2411 5330 2802 5415 gensgens;
2835 5330 2973 5415 his:
2987 5341 3304 5415 κελεύσιμόν
3323 5362 3396 5399 τι.
3420 5344 3669 5415 Ηωςςιιει..

529 5399 810 5481 “rma;
861 5469 886 5479 -
1122 5473 1192 5481 ..
1377 5472 1402 5481 -
1639 5399 1684 5481 -’
1769 5399 1870 5405 ’⁷
1963 5476 1974 5481 -
2044 5476 2055 5481 -

2257 5399 2370 5481 (δᾳ)
2420 5411 2486 5462 υἱ
2512 5399 2857 5481 καθ’Ῐύμᾶς,
2908 5399 3220 5481 Έλληνες.
3268 5415 3419 5470 Plato
3451 5399 3503 5469 in
3543 5410 3702 5481 Gorgia

600 5470 713 5538 (56)
757 5469 1053 5538 Ὁρῶντες,
1082 5474 1134 5526 εὶ
1161 5472 1481 5526 ἀπιστεῖτε.
1518 5473 1608 5529 Sic
1639 5475 1815 5528 locum
1846 5476 2086 5531 restitui-

1594 5491 1608 5529 :
1639 5475 1815 5528 locum
1846 5476 2086 5531 restitui-
2185 5480 2288 5532 sub
2321 5469 2415 5531 lin.
2443 5488 2498 5533 et
2528 5479 2579 5531 in
2611 5469 2868 5535 Axioclio'.
2911 5469 3127 5537 Fauste.

529 5538 1243 5622 mu§_ex_!’ar_alle_lia._x_llii_,
1273 5543 1836 5622 ὁρῶντες-ἀπιστεῖτε.
1887 5616 1898 5622 _
1992 5615 2049 5622 _A

2256 5547 2379 5622 (61)
2418 5548 2516 5602 Ἐν
2555 5546 2778 5622 ἑτέροις
2813 5552 3351 5622 λεπτομερέστερον
3391 5549 3699 5622 613111.160!!-

600 5610 910 5693 (57)nl_{atd
948 5612 1056 5667 τὸν
1094 5610 1409 5681 ΠλάτωὶὊς
1445 5615 1647 5684 λάρον.
1689 5614 1841 5671 Plato
1887 5616 1939 5669 in
1991 5615 2083 5670 Ti-

2176 5610 2594 5693 μεῇικῐῗοιδιᾳεεο
2629 5610 2684 5672 in
2719 5610 2786 5676 iis
2810 5637 2931 5693 qua:
2954 5610 3440 5693 [superant'conlra
3489 5610 3695 5681 Novitas.

529 5694 679 5752 muto.
714 5674 938 5735 Fasmc.
1383 5674 1399 5681 ⁷
1529 5674 1541 5684 ’
2176 5674 2279 5743 ὐὺὶ
2307 5686 2584 5746 fusissimc
2607 5699 2662 5746 et
2684 5674 3063 5748 caedenda;
3080 5674 3402 5752 Nam-55.

601 5749 713 5823 (58)
752 5752 1110 5809 Σύνθετον...
1143 5753 1351 5808 ποιεῖν.
1386 5754 1543 5811 Deest
1590 5755 1836 5811 σύνθετον
1875 5757 1929 5812 in
1972 5755 2081 5811 Pa-
