3882 6332
195 386 275 443 80!
1267 374 1467 431 LIBER
1504 373 1872 431 ADVERSUS
1909 372 2226 433 GRJECGS.

3269 387 3378 444 802

194 509 337 562 θειαν.
353 496 509 567 Οὗτος
522 503 617 573 τὴν
632 500 841 573 Πατρδς
866 501 947 558 sic
973 500 1178 563 πάντας
1191 497 1581 571 δικαιοκρισξαν
1597 495 1706 569 (62)

1811 506 1939 551 runt
1964 497 2271 553 veritatem.
2305 497 2397 553 Ille
2437 498 2552 569 ipse
2573 498 2779 569 justum
2807 500 3073 572 judicium
3117 501 3293 560 Patris
3322 507 3378 563 in

192 596 494 667 ποιούμενος,
535 592 746 663 ἑκάστῳ
780 590 921 645 κατά
956 589 1026 643 τά
1058 590 1194 664 ἔργα
1231 589 1605 663 παρεσκεύασε
1646 589 1708 642 τὸ

187 691 383 745 δίκαιον.
415 681 484 741 Οὗ
513 687 576 756 τῇ
616 684 793 757 κρίσει
829 683 1203 754 παραστάντες
1235 682 1464 746 πάντες,
1499 680 1708 753 ἀνθρω-

188 779 264 833 ποε
294 795 346 831 τε
381 775 470 831 καὶ
499 775 733 844 ἄγγελοι,
774 774 868 826 καλ¹
897 772 1145 844 δαίμονες
1183 772 1311 844 μίαν
1350 769 1712 840 ἀποφθέγξον-

185 890 259 926 ται
285 868 470 938 φωνὴν,
493 865 663 929 οὔτως
683 864 957 933 λέγοντες
999 884 1016 916 ι
1053 863 1245 917 Δικαία
1270 879 1363 916 σου
1396 865 1430 934 ἠ
1462 862 1659 933 κρίσις.
1683 880 1702 914 ι

184 954 275 1022 Ἶῐς
297 957 463 1028 φωνῆς
494 954 553 1008 τὸ
577 955 923 1026 ἀνταπόδομα
955 954 1041 1008 ἐπ’
1075 953 1401 1027 ἀμφοτέροις
1430 954 1623 1024 ἐπάγει
1648 953 1710 1007 τὸ

183 1049 387 1102 δίκαιον·
435 1047 542 1109 τοῖς
590 1044 689 1115 μὲν
732 1041 791 1098 εὖ
830 1043 1089 1119 πράξασι,
1138 1044 1361 1107 δικαίως
1401 1043 1499 1115 τὴν
1541 1044 1709 1100 ἀΐδιον

184 1139 445 1193 ἀπόλαυσιν
485 1135 889 1208 παρασχόντος,
946 1138 1058 1199 τοῖς
1100 1135 1156 1189 δὲ
1188 1133 1298 1188 τῶν
1330 1134 1546 1205 φαύλων
1584 1137 1710 1209 ἐρατ-

185 1234 312 1293 σταῖς
332 1230 423 1300 τὴν
448 1228 662 1282 αἰώνιον
693 1228 910 1282 κόλασιν
935 1227 1343 1299 ἀπονείμαντος.
1377 1229 1485 1282 Καὶ
1503 1228 1710 1293 τούτοις

186 1320 265 1390 μὲν
286 1319 338 1372 τὸ
366 1318 469 1389 πῦρ
496 1317 754 1371 ἄσϐεστον
782 1303 1023 1388 διαμένει
1046 1319 1139 1371 καὶ
1162 1317 1535 1390 ἀτελεύτητον,
1570 1318 1710 1372 σκώ-

182 1410 263 1479 ληξ
288 1409 339 1462 δέ
367 1426 447 1473 τις
491 1408 754 1480 ἔμπυρος,
792 1409 865 1480 μὴ
903 1408 1185 1474 τελευτῶν,
1230 1410 1364 1481 μηδὲ
1408 1410 1568 1481 σῶμα
1604 1411 1710 1465 δια⁴

180 1503 403 1574 φθείρων,
437 1500 698 1571 ἀπαύστῳ
729 1500 773 1553 δ’
805 1500 964 1575 ὀδύνῃ
1007 1503 1072 1557 ὲκ
1103 1499 1350 1574 σώματος
1392 1503 1709 1576 ἐκϐράσσων

180 1592 468 1662 παραμένει.
514 1591 751 1654 Τούτους
788 1590 886 1661 οὐχ
931 1589 1097 1655 ὕπνος
1143 1591 1469 1657 ἀναπαύσει,
1510 1593 1572 1647 06
1616 1592 1712 1660 νὺξ

178 1685 540 1756 παρηγορήσει,
585 1683 645 1737 οὐ
699 1682 925 1747 Θάνατος
961 1683 1061 1755 τῆς
1098 1683 1372 1748 κολάσεως
1420 1683 1708 1748 ἀπολύσει,

174 1779 224 1831 o6
253 1776 580 1849 παράκλησις
612 1776 888 1846 συγγενῶν
923 1776 1352 1847 μεσιτευσάντων
1388 1777 1588 1849 ὀνήσει.
1632 1778 1706 1831 Οὐ

172 1872 264 1944 γάρ
291 1842 361 1926 ἔτι
391 1842 586 1925 δίκαιοι
620 1842 710 1926 ὑπλ
730 1842 936 1925 αὐτῶν-
952 1870 1201 1943 ὁρῶνται,
1231 1870 1351 1923 οὐδὲ
1385 1842 1602 1942 μνημης
1624 1870 1708 1939 τι.
1740 1842 1783 1901 Β

172 1977 323 2015 νονται
354 1958 507 2025 ἄξιοι.
552 1961 721 2015 Μόνοι
750 1960 809 2014 δὲ
842 1963 890 2014 οἱ
921 1960 1118 2014 δίκαιοι
1150 1959 1372 2013 δικαίων
1410 1961 1713 2030 μεμνήσον-

171 2071 242 2107 ται
270 2052 451 2124 ἔργων,
483 2052 554 2106 δι’
588 2046 663 2109 ὧν
695 2053 790 2105 ἐπὶ
817 2052 914 2125 τὴν
942 2051 1189 2125 οὐράνιον
1215 2051 1490 2123 βασιλείαν
1515 2053 1713 2124 κατήν-

170 2162 315 2216 τησαν
334 2162 346 2175 ·
381 2146 437 2199 ἐν
523 2146 624 2216 οὐχ
646 2144 834 2211 ὕπνος,
861 2147 923 2199 06
956 2144 1119 2216 λύπη,
1151 2144 1210 2197 o6
1235 2142 1429 2217 φθορὰ,
1461 2144 1521 2198 o6
1549 2161 1712 2216 φρον-

170 2238 237 2300 τὶς
263 2236 400 2307 (65),
436 2238 560 2291 οὐδὲ
593 2237 725 2303 νὺξ,
767 2238 886 2291 οὐδὲ
915 2237 1093 2310 ἡμέρα
1135 2238 1310 2309 χρόνῳ
1353 2238 1710 2310 μετρουμένη,

168 2328 248 2399 οὐχ
270 2329 409 2399 ἥλιος
460 2330 679 2402 ἀνάγκῃ
717 2327 912 2383 κύκλον
954 2327 1183 2399 οὐρανοῦ
1210 2327 1394 2400 δρόμῳ
1423 2327 1713 2399 ἐλαυνόμε-

171 2436 260 2482 νος,
285 2418 433 2490 ὡρῶν
480 2418 659 2491 μέτρα
693 2419 725 2490 ἤ
769 2419 969 2491 κέντρα
1006 2416 1140 2490 πρὸς
1167 2415 1469 2486 εὔγνωστον
1505 2416 1714 2490 ἀνθρώ-

171 2527 267 2561 πων
314 2510 422 2580 βίον
466 2511 906 2584 διαμετρούμενα
950 2508 1370 2583 ὠροθετοῦντος·
1421 2510 1481 2564 o6
1516 2508 1710 2582 σελήνη

168 2602 396 2672 φθίνουσα
435 2603 765 2676 ἢαῦξουσα,
820 2603 855 2675 ἢ
893 2603 1098 2675 τροπὰς
1132 2602 1338 2675 καιρῶν
1387 2601 1662 2672 ἐπάγουσα
1693 2620 1708 2634 ·

166 2693 246 2762 οὐχ
272 2693 594 2764 ὑγραίνουσα
619 2694 755 2765 γῆνς
803 2693 923 2746 οὐδὲ
942 2692 1092 2763 ἥλιος
1124 2692 1408 2755 ἐπικαίων,
1442 2691 1540 2746 οὐκ
1577 2692 1711 2765 Ἀρ-

165 2802 272 2849 κτος
291 2786 652 2858 στρεφομένη,
668 2787 768 2840 οὐκ
784 2786 974 2859 Ὠρίων
993 2783 1345 2856 γεννώμενος,
1373 2784 1471 2837 οὐκ
1498 2784 1711 2856 ἄστρων

166 2873 313 2947 πλάνη
349 2875 662 2948 ὲνάριθμος,
701 2876 762 2929 06
800 2874 1061 2940 δύσϐατος
1086 2876 1195 2947 γῆ,
1229 2874 1349 2929 οὐδὲ
1388 2875 1711 2948 δυσεύρετος

168 2965 464 3035 παραδείσου
489 2964 656 3037 αὐλὴ,
680 2965 801 3019 οὐδὲ
820 2965 990 3020 δεινὸν
1021 2964 1294 3036 θαλάσσης
1320 2965 1583 3037 φρύαγμα
1610 2981 1711 3017 κω-

165 3055 270 3110 λῦον
295 3058 559 3113 ἐπιϐάντα
587 3062 775 3114 πατεῖν
795 3075 808 3088 ·
841 3057 1067 3123 εῠὸατος
1098 3058 1152 3113 δὲ
1184 3059 1274 3112 καὶ
1323 3057 1463 3128 αὕτη
1493 3060 1603 3122 τοῖς
1633 3056 1710 3110 δι-

164 3152 317 3215 καίοις
343 3154 634 3224 γενήσεται
665 3192 682 3219 ,
713 3151 837 3205 οὔτε
862 3151 955 3207 τοῦ
990 3151 1157 3223 ὑγροῦ
1192 3149 1524 3223 στερουμένη
1547 3166 1561 3181 ο
1602 3150 1704 3204 οὐκ
1736 3184 1779 3244 C

162 3243 357 3313 οὐρανὸς
381 3243 640 3316 ἀοίκητος
665 3241 998 3315 ἀνθρώποις,
1020 3242 1138 3296 οὐδὲ
1164 3240 1351 3295 τούτου
1374 3241 1471 3313 τῆς
1500 3239 1703 3296 ἀναϐά-

163 3350 277 3397 σεως
305 3337 334 3406 ή
364 3335 478 3399 ὁδὸς
510 3333 801 3406 ἀνεύρετος
820 3350 833 3363 ο
865 3334 924 3387 06
955 3332 1029 3404 γῆ
1061 3333 1424 3405 ἀνέργαστος,
1456 3330 1578 3384 οὐδὲ
1609 3331 1705 3385 ἀν-

162 3423 367 3495 θρώποις
414 3427 709 3495 ἐπίπονος,
765 3426 1044 3498 αὐτομάτη
1091 3425 1147 3479 δὲ
1200 3423 1406 3494 φύουσα
1463 3423 1705 3494 καρποὺς

160 3515 274 3586 πρὸς
309 3518 636 3589 εὐκοσμίαν
686 3517 748 3570 06
805 3516 1008 3589 θηρίων
1051 3516 1293 3586 γενέσεις
1344 3515 1540 3579 πάλιν,
1582 3515 1702 3569 066%

161 3605 250 3658 τῶν
288 3607 483 3664 λοιπῶν
534 3605 690 3670 ζώων
729 3605 1137 3678 ὲκὸρασσομένη
1182 3604 1357 3659 οὐσία.
1417 3604 1549 3658 Οὐδὲ
1594 3603 1703 3677 γὰρ

159 3696 436 3769 ἀνθρώποις
486 3698 655 3752 πάλιν
704 3698 866 3769 γεννᾷ
899 3696 1040 3769 (64)·
1085 3693 1201 3750 ἀλλ’
1243 3696 1272 3748 ό
1323 3693 1432 3747 τῶν
1481 3693 1704 3748 δικαίων

160 3786 361 3858 ἀριθμὸς
391 3789 644 3860 διαμένει
677 3787 1022 3865 ἀνέκλειπτος
1046 3786 1162 3858 ἅμα
1191 3786 1419 3849 δικαίοις
1453 3785 1707 3855 ἀγγέλοις

161 3878 237 3931 καὶ
264 3880 562 3952 πνεύμασι.
598 3881 817 3944 Τούτοις
849 3881 898 3933 οἱ
928 3878 1237 3943 πεισθέντες
1266 3879 1377 3942 τοῖς
1405 3877 1584 3948 λόγοις
1616 3877 1708 3931 ἀν-

150 3966 360 4043 θρωττοι,
410 3952 743 4028 ἔσεσθεακαὶ
771 3972 876 4043 τῶν
908 3972 1130 4026 δικαίων
1160 3971 1423 4034 κοινωνοὶ,
1461 3972 1554 4025 καὶ
1601 3969 1708 4023 τῶν

159 4039 433 4136 μελλόντων
455 4039 1044 4132 ἐντεύξεσθεδάγαθῶν,
1073 4062 1110 4117 ἃ
1139 4081 1158 4115 ι
1181 4059 1304 4115 οὔτε
1339 4060 1615 4133 ὀφθαλμὸς
1634 4057 1713 4115 εἷο

158 4153 250 4222 δεν,
279 4157 396 4211 οὔτε
427 4153 526 4222 οὖς
569 4157 819 4229 ἤκουσεν,
864 4154 988 4209 οὔτε
1017 4154 1109 4209 ἐπὶ
1154 4137 1401 4227 καρδίανί
1418 4153 1707 4228 ἀνθρώπου

158 4247 322 4320 ἀνέϐη,
354 4250 455 4305 ὃσα
501 4253 534 4305 ὁ
567 4249 697 4313 Θεὸς
726 4247 984 4320 ἡτοίμασε
1010 4248 1123 4311 τοῖς
1161 4245 1445 4315 ἀγαπῶσιν
1473 4245 1653 4300 αὐτόν.
1683 4265 1701 4298 ι

157 4341 295 4412 Αὑτῷ
336 4345 370 4416 ἡ
414 4342 550 4409 δόξα
589 4342 682 4395 καὶ
722 4341 785 4395 τὸ
822 4340 1018 4413 κράτος
1060 4340 1139 4402 εἰς
1190 4339 1315 4402 τοὺς
1353 4337 1554 4403 αἰῶνας
1600 4339 1707 4392 τῶν

157 4433 361 4488 αἰώνων.
413 4435 611 4506 Ἀμήν.

1811 603 2003 645 omnes
2031 604 2312 658 exercens,
2346 592 2492 662 quod
2519 607 2734 661 aequum
2764 604 2818 648 et
2841 594 3048 665 justum
3093 596 3214 664 erit,
3254 599 3382 651 uni-

1811 682 2007 753 cuique
2052 684 2356 739 secundum
2400 700 2563 755 opera
2596 687 2936 756 praeparavit.
2967 685 3137 758 Cujus
3171 690 3382 760 judicio

1811 784 2051 831 astantes
2091 792 2301 841 omnes,
2337 776 2608 840 homines,
2643 778 2841 848 angeli,
2875 777 3169 846 daemones,
3211 797 3376 835 unam

1810 865 1951 922 banc
1976 882 2162 923 vocem
2195 870 2462 934 emittent,
2495 869 2576 925 sic
2603 870 2846 926 dicentes
2878 890 2891 924 :
2932 889 2950 923 ι
2982 869 3198 927 Iustum
3234 871 3380 943 judi-

1809 956 1955 1012 cium
1987 966 2139 1013 tuum
2166 959 2235 1015 ⁸⁸.
2273 977 2292 1011 ι
2327 958 2498 1029 Cujus
2533 960 2685 1017 vocis
2716 961 2945 1031 aequitas
2969 974 3191 1034 apparet
3219 965 3270 1019 in
3299 980 3382 1020 re-

1810 1047 2108 1105 tributione
2134 1050 2187 1104 in
2225 1059 2525 1122 utrosque:
2553 1067 2676 1107 cum
2712 1052 2849 1108 bene
2885 1054 3206 1111 facientibus
3227 1056 3377 1124 juste

1810 1140 1998 1198 fruitio
2042 1151 2243 1199 aeterna
2293 1144 2627 1214 praebeatur,
2671 1145 2939 1200 malorum
2984 1163 3112 1202 vero
3166 1148 3380 1218 cupidis

1809 1246 2073 1293 aeternum
2115 1235 2441 1308 supplicium
2485 1236 2866 1292 distribuatur.
2923 1235 2991 1292 Et
3040 1238 3142 1293 bos
3192 1249 3377 1295 manet

1810 1327 1951 1400 ignis
1981 1328 2463 1401 inexstinguibilis,
2496 1338 2549 1385 et
2608 1330 2702 1401 qui
2738 1346 3015 1402 nunquam
3053 1332 3295 1399 ﬁnietur,
3321 1343 3377 1388 et

1810 1419 2012 1475 vermis
2057 1420 2248 1489 igneus
2286 1437 2394 1477 non
2440 1422 2699 1486 moriens,
2738 1436 2847 1477 non
2890 1438 3091 1494 corpus
3121 1439 3373 1479 corrum-

1810 1529 1963 1583 pens,
2014 1516 2107 1571 sed
2140 1515 2466 1587 irrrequieto
2511 1516 2697 1572 dolore
2739 1531 2806 1572 ex
2860 1532 3093 1587 corpore
3124 1516 3378 1573 eﬂ‘erves—

1810 1621 1938 1661 cens
1963 1613 2018 1661 et
2045 1605 2328 1661 ebulliens.
2365 1606 2475 1662 lllis
2508 1622 2619 1663 non
2664 1621 2890 1662 somnus
2922 1608 3284 1663 cessationem
3321 1616 3377 1664 et

1810 1697 2049 1766 quietem
2099 1698 2446 1766 conciliabit;
2504 1715 2614 1754 non
2667 1714 2772 1754 nos
2822 1700 2984 1754 leniet
3026 1708 3078 1755 et
3115 1701 3373 1756 mulcebit

1811 1786 2057 1851 dolores;
2094 1803 2204 1843 non
2253 1802 2402 1844 mors
2450 1789 2711 1859 supplicia
2764 1788 2968 1851 solvet;
3012 1806 3121 1845 non
3161 1790 3376 1861 juvabit

1813 1878 2123 1934 exhortatio
2165 1879 2405 1935 amnium
2452 1880 2895 1937 iutereessorum.
2926 1880 3060 1936 Nam
3090 1881 3223 1952 justi
3262 1897 3370 1936 non

1811 1967 2045 2037 amplius
2072 1967 2139 2022 ab
2171 1968 2279 2022 illis
2307 1968 2648 2035 videbuntur,
2674 1983 2775 2023 nec
2805 1968 2912 2023 ulla
2945 1976 3071 2023 sunt
3111 1966 3375 2022 memoria

1811 2055 1979 2127 digni.
2013 2056 2119 2112 Sed
2148 2058 2292 2113 enim
2322 2058 2455 2128 justi
2506 2073 2729 2128 operum
2759 2058 3032 2128 justorum
3065 2066 3223 2112 erunt
3255 2072 3373 2112 me-

1812 2161 2011 2210 mores,
2044 2162 2139 2218 per
2172 2163 2294 2218 qua
2332 2156 2690 2217 pervenerunt
2720 2149 2787 2203 ad
2820 2163 3045 2217 regnum
3093 2148 3314 2203 cmleste
3354 2166 3375 2203 :

1810 2236 1865 2291 in
1898 2252 2007 2306 quo
2038 2253 2139 2293 nec
2171 2253 2419 2303 somnus,
2460 2253 2559 2294 nec
2602 2238 2777 2303 dolor,
2813 2253 2914 2292 nec
2941 2238 3240 2309 corruptio,
3272 2253 3374 2294 nec

1812 2328 2146 2395 sollicitudo,
2189 2344 2288 2384 nec
2336 2330 2540 2395 nox",
2577 2344 2678 2385 nec
2708 2324 2828 2384 dies
2859 2337 3099 2400 tempore
3148 2345 3372 2385 mensu-

1811 2428 1960 2485 rata,
1998 2433 2098 2475 nec
2150 2421 2232 2476 sol
2281 2419 2613 2476 necessitate
2669 2420 2906 2490 quadam
2960 2435 3057 2490 per
3108 2420 3374 2475 circulum

1811 2510 1935 2565 caeli
1981 2524 2203 2565 cursum
2252 2525 2412 2564 suum
2458 2510 2669 2581 agitans
2712 2518 2767 2564 et
2802 2510 3104 2579 impellens,
3149 2511 3204 2565 in
3240 2511 3375 2566 hora

1813 2584 1975 2655 natali
2001 2601 2237 2656 notantis
2257 2610 2311 2656 et
2328 2600 2667 2671 disponentis
2688 2601 3041 2657 terminorum
3064 2616 3373 2668 mensuras,

1810 2698 1865 2744 et
1914 2690 2163 2746 cardines
2203 2700 2675 2746 comtnensuratos
2719 2691 2786 2746 ad
2827 2689 2989 2746 facile
3034 2706 3376 2764 cognoscen-

1811 2780 1937 2835 dam
1985 2781 2268 2836 hominum
2314 2782 2521 2850 vitam;
2557 2798 2666 2838 non
2705 2782 2851 2838 lune
2889 2783 3155 2839 decursus
3195 2792 3249 2838 et
3290 2783 3376 2838 in-

1811 2883 2171 2940 crementum,
2200 2889 2322 2944 qua:
2358 2883 2667 2945 temporum
2705 2873 3035 2930 mutationes
3066 2874 3293 2939 inducit,
3319 2884 3376 2931 et

1813 2974 2015 3020 terram
2053 2966 2324 3021 madidam
2353 2967 2558 3034 reddit,
2586 2981 2694 3021 non
2727 2967 2809 3022 sol
2841 2968 3060 3033 ardens,
3095 2984 3200 3023 non
3233 2968 3373 3024 Ursa

1811 3057 2107 3122 versatilis,
2154 3074 2265 3114 non
2294 3056 2513 3114 Orionis
2543 3070 2716 3124 ortus,
2758 3074 2867 3114 non
2900 3069 3172 3114 astrorum
3217 3075 3373 3116 erro-

1816 3164 1903 3205 res
1934 3149 2225 3217 innumeri,
2264 3167 2371 3207 non
2402 3150 2549 3207 invia
2580 3159 2746 3216 terra,
2783 3167 2891 3207 non
2937 3151 3155 3206 inventu
3185 3151 3375 3206 dillici-
3444 3186 3449 3201 ι

1810 3238 1877 3294 lis
1896 3240 2136 3309 paradisi
2168 3240 2312 3307 aula,
2345 3257 2452 3296 non
2479 3241 2744 3297 molestus
2775 3242 2943 3297 maris
2976 3241 3227 3297 fremitus
3270 3243 3378 3297 im-

1809 3331 2032 3401 pediens
2051 3333 2345 3401 quominus
2367 3347 2399 3387 a
2426 3341 2641 3389 vectore
2661 3333 2890 3404 pedibus
2916 3333 3181 3400 calcetur;
3206 3333 3374 3403 justis

1808 3422 1954 3477 enim
1995 3425 2100 3479 erit
2130 3432 2184 3479 et
2218 3425 2395 3494 ipsum
2440 3426 2708 3495 pervium,
2741 3425 2955 3481 etiamsi
2997 3425 3220 3479 humido
3262 3441 3371 3481 non

1808 3517 2068 3586 privetur.
2111 3515 2319 3571 Caelum
2356 3531 2463 3571 non
2512 3517 2617 3572 erit
2646 3516 2985 3573 inaccessum
3029 3516 3374 3584 hominibus;

1807 3617 1860 3662 et
1889 3607 1971 3662 via
2005 3622 2114 3678 qua
2151 3607 2372 3663 ascendi
2409 3616 2463 3663 et
2492 3608 2676 3664 scandi
2707 3608 2897 3679 possit,
2944 3623 3053 3663 non
3114 3608 3236 3663 talis
3270 3610 3374 3665 erit

1805 3714 1926 3769 qum
1956 3713 2065 3754 non
2087 3700 2264 3769 possit
2292 3699 2543 3755 inveniri.
2569 3697 2685 3754 Non
2709 3711 2854 3755 terra
2881 3699 3035 3756 rudis
3058 3711 3114 3754 et
3142 3699 3374 3766 inculta,

1806 3798 1861 3844 et
1904 3790 2217 3846 hominibus
2260 3790 2501 3846 laborem
2550 3799 2604 3845 ct
2648 3790 2951 3845 molestiam
3004 3805 3230 3856 creans,
3276 3792 3372 3845 sed

1808 3890 1999 3951 sponte
2024 3880 2238 3937 fructus
2264 3882 2677 3953 progerminans
2702 3882 2768 3935 ad
2793 3882 2998 3936 cultum
3024 3890 3078 3938 et
3093 3891 3371 3937 ornatum.

1810 3970 1930 4027 Non
1968 3974 2174 4029 iterata:
2222 3973 2461 4029 ferarum
2491 3972 2897 4045 generationes,
2933 3988 3107 4044 neque
3138 3974 3373 4028 aliorum

1810 4065 2125 4121 animalium
2150 4065 2516 4121 ell‘ervescens
2543 4075 2597 4121 et
2624 4065 2889 4122 ebulliens
2919 4065 3241 4121 substantia.
3267 4064 3374 4119 Ne-

1810 4172 1916 4227 que
1944 4157 2089 4213 enim
2127 4158 2380 4213 homines
2420 4166 2549 4213 tunc
2590 4173 2782 4214 rursus
2813 4165 3094 4228 generant,
3126 4157 3219 4213 sed
3257 4172 3375 4210 ma-

1810 4255 1904 4303 net
1932 4248 2297 4305 indesinenter
2327 4264 2587 4304 numerus
2613 4248 2908 4320 justorum,
2939 4264 3064 4305 cum
3088 4249 3255 4319 justis
3281 4266 3376 4304 an-

1811 4339 1946 4411 gelis
1977 4349 2028 4397 et
2058 4342 2361 4411 spiritibus.
2396 4341 2492 4400 llis
2525 4343 2707 4399 verbis
2750 4343 3139 4413 obtemperate,
3182 4351 3238 4398 et
3278 4343 3375 4398 illa

1737 4421 1782 4475 D
1811 4431 2113 4497 credentes,
2148 4448 2182 4489 ο
2209 4433 2477 4500 homines,
2506 4434 2658 4490 eritis
2691 4433 2967 4504 justorum
2998 4442 3374 4501 consortes,ct

155 4528 443 4585 futurorum
487 4530 757 4586 bonorum
788 4526 1067 4599 potiemini
1111 4541 1233 4596 quae
1282 4543 1302 4577 ι
1346 4540 1523 4595 neque
1566 4525 1702 4581 vidit
1737 4526 1951 4595 oculus,
2013 4543 2185 4599 neque
2234 4530 2383 4586 auris
2421 4531 2649 4600 audivit,
2687 4546 2865 4601 neque
2897 4530 3257 4587 ascenderunt
3313 4533 3374 4588 in

148 4629 228 4673 cor
260 4625 519 4693 hominis,
550 4642 673 4697 qua:
705 4625 845 4681 Deus
873 4623 1195 4696 praeparavit
1233 4621 1302 4676 iis
1338 4621 1432 4691 qui
1478 4620 1715 4692 diligunt
1750 4622 1905 4678 illum
1928 4624 1994 4678 ’⁸.
2026 4645 2045 4677 ι
2078 4625 2161 4680 llli
2189 4625 2266 4681 sit
2291 4626 2466 4698 gloria
2521 4636 2577 4683 et
2625 4627 2867 4698 potentia
2891 4626 2945 4682 in
2982 4626 3178 4683 saecula
3207 4642 3373 4683 sacu-

156 4715 336 4775 lorum.
354 4719 555 4776 Amen.

216 4874 258 4905 "
281 4872 420 4931 Psal.
466 4891 660 4941 cxvm,
697 4870 816 4930 157.
890 4871 934 4904 ⁸⁷
968 4873 1134 4943 Apoc.
1168 4885 1304 4938 xm,
1330 4870 1383 4926 ὅ.
1461 4869 1552 4924 ³⁸1
1580 4869 1709 4925 Cor.
1736 4887 1810 4939 ιι,
1838 4873 1893 4929 9.

239 5015 325 5078 62)
363 5014 826 5085 Amatoxpw'lar.
861 5009 1355 5085 Ραναιιειηδικαίαν
1393 5007 1595 5085 κρίσιν.

239 5089 322 5156 65';
364 5091 450 5143 Οὐ
468 5078 732 5158 sopor-dc.
761 5083 861 5142 Bic
887 5082 1087 5158 desinit
1125 5078 1708 5138 secundum'Paralls-

156 5156 313 5213 lorum
343 5156 732 5228 fragmentum.

1885 5015 1996 5103 (ϐό)
2051 5015 2422 5103 ’λῃ-θρώποις
2467 5015 2655 5103 πιὶιὶιξρ
2702 5017 2902 5087 γεννᾷ.
2960 5017 3103 5076 Edit.
3169 5017 3380 5074 lhver-

1814 5099 2013 5156 cautp.,
2039 5086 2443 5158 ἀνθρώπους....
2476 5087 2659 5158 γεννᾷ.
