3882 6332
183 305 271 362 ’805
1289 293 1568 351 CONTRA
1605 293 1684 350 ΗΑ

1789 291 1927 348 ESIN
1972 291 2195 350 ΝΟΕἹΊ.
2327 319 2329 321 ί
3239 293 3345 346 800

184 429 254 484 τὸν
278 421 510 499 ’Χριστόιη
549 422 687 495 Πρὸς
717 420 775 476 δν
799 421 1280 493 άνταποκρίνονται
1313 421 1363 474 οἱ
1387 419 1684 491 πρεσϐύτε-

1789 417 1980 472 Filium
2014 433 2257 488 passum,
2294 419 2436 476 sicut
2477 435 2672 490 passus
2699 431 2816 491 cst;
2851 433 3126 478 mortuum
3149 462 3164 488 ,
3202 421 3346 479 sicut

185 536 276 593 ροι·
307 517 403 572 Καὶ
430 516 577 586 ἡμεῖς
606 515 702 568 ἕνα
726 514 857 568 Θεὸν
886 513 996 584 (71)
1025 512 1245 583 οἴδαμεν
1273 511 1514 582 (Ξιλιηθιῖὺς⁸
1539 510 1684 564 οῖδα-

1789 519 2034 564 mortuus
2059 518 2178 575 est;
2220 519 2274 564 et
2305 511 2626 568 suscitatum
2663 515 2818 570 tertia
2849 515 2956 580 die,
2993 525 3047 571 et
3068 514 3343 570 sedentem

185 628 260 682 μεν
283 607 488 680 Χριστόν
505 621 518 636 ·
551 604 770 675 οἴδαμεν
787 604 877 657 τὸν
902 605 1028 657 Υἱὸν
1055 603 1313 666 παθόντα,
1345 602 1528 667 καθὼς
1552 601 1684 654 ἔπα-

1789 600 1855 655 ad
1900 601 2178 656 dexteram
2216 600 2422 668 Patris,
2455 614 2851 676 venturumque
2879 607 2946 662 ad
2985 605 3342 677 iudicandum

182 703 268 763 θεν,
292 697 596 753 ἀποθανόντα
626 695 805 760 καθὼς
827 695 1119 762 ἀπέθανεν,
1155 696 1250 750 καὶ
1281 695 1586 750 ἀναστάντα
1615 696 1684 764 τῇ

1789 692 1939 747 vivos
1960 701 2017 746 et
2040 702 2308 749 mortuos.
2351 692 2528 764 Atque
2554 697 2672 772 haec
2711 698 2966 760 dicimus.
3004 714 3126 768 qua:
3154 698 3348 754 didici—

177 790 303 861 τρίτῃ
328 787 511 859 ἡμέρα,
543 785 634 839 καὶ
666 785 794 840 ὅντα
826 787 883 840 ἐν
915 784 1063 857 δεξιᾷ
1085 785 1178 839 τοῦ
1207 784 1443 855 Πατρὸς,
1473 784 1565 836 καὶ
1597 782 1684 854 ἔρ-

1789 797 1932 835 ηιυε.
1963 780 2118 836 Tunc
2145 782 2310 837 istum
2341 785 2650 841 convictum
2673 787 2950 858 ejecerunt
2976 805 3038 844 ex
3078 789 3346 858 ecclesia;

178 878 363 947 χύμενον
401 875 569 944 κρῖναι
606 873 811 937 ζῶντας
844 873 939 926 καὶ
973 873 1214 946 νεκρούς.
1250 875 1358 927 Καὶ
1384 872 1556 926 ταῦτα
1595 872 1684 925 λέ-

1789 874 1882 943 qui
1907 889 1972 928 eo
2001 875 2296 932 inﬂationis
2322 878 2497 940 venit,
2525 888 2584 934 ut
2616 880 2811 936 docere
2845 881 3172 938 institueret.

175 983 310 1037 γομεν
331 965 362 1018 ἃ
388 964 671 1035 ἐμάθομεν.
705 965 837 1017 Τότε
875 965 1063 1019 τοῦτον
1089 965 1404 1034 ὲλέγξαντες
1444 964 1682 1032 ἐξέωσαν
1717 963 1820 1034 τῆς
1846 965 2140 1037 ἐκκλησίας
2166 967 2277 1038 (7‘2)
2312 985 2326 998 ·
2373 969 2432 1033 ὃς
2453 971 2531 1034 εἰς
2557 969 2778 1024 τοσοῦτο
2837 971 3092 1042 φυσιωμα
3126 969 3351 1042 ἠνέχθη,

175 1057 236 1119 ὡς
256 1054 590 1108 διδασκαλεῖον
621 1055 903 1124 συστῆσαι.

227 1152 277 1204 Οἱ
303 1148 384 1203 καὶ
411 1147 570 1213 δεῖξαι
602 1149 875 1219 βούλονται
916 1148 1171 1203 σύστασιν
1203 1149 1279 1221 τῷ
1319 1150 1567 1222 δόγματι,
1601 1151 1684 1205 λέ-

1859 1145 1922 1200 ιι.
1953 1147 2148 1204 Volunt
2175 1157 2353 1204 autem
2384 1150 2578 1221 dogma
2605 1166 2764 1206 suum
2787 1153 3117 1208 constituere
3144 1161 3198 1207 et
3225 1167 3350 1207 con-

173 1256 340 1310 γοντες’
365 1230 520 1294 Εἶπεν
545 1240 602 1292 ἐν
632 1240 799 1312 νόμῳο
839 1260 857 1292 ι
901 1239 1042 1310 Ἐγώ
1074 1242 1187 1312 ειμι
1224 1245 1253 1295 6
1281 1243 1411 1306 Θεὸς
1443 1243 1550 1296 τῶν
1583 1260 1684 1297 πα-

1789 1239 2030 1305 ﬁrmare,
2064 1241 2193 1309 quia
2223 1249 2307 1296 est
2333 1241 2387 1294 in
2417 1241 2568 1312 lege:
2607 1260 2626 1294 ι
2656 1241 2768 1312 Ego
2807 1259 2928 1298 sum
2958 1242 3098 1300 Deus
3134 1252 3347 1312 patrum

173 1332 312 1404 τέρων
359 1331 531 1402 ὑμῶν*
583 1333 683 1386 οὐκ
731 1333 940 1386 ἔσονται
988 1333 1116 1404 ὑμῖν
1165 1333 1276 1388 θεοὶ
1320 1335 1496 1407 ἕτεροι
1547 1336 1684 1407 πλὴν

1789 1339 2008 1386 tuorum
2038 1333 2114 1399 ";
2141 1348 2248 1388 non
2283 1341 2444 1387 erunt
2470 1333 2624 1388 vobis
2657 1333 2747 1388 alii
2776 1333 2850 1388 dii
2876 1343 3072 1404 praeter
3103 1348 3190 1388 me
3221 1333 3289 1388 ³ο.
3323 1352 3342 1385 ι

172 1424 296 1493 ἐμοῦ.
323 1443 340 1476 ι
364 1424 466 1478 Καὶ
493 1424 651 1478 πάλιν
678 1427 735 1478 ἐν
766 1427 953 1498 ἑτέρῳ·
983 1446 1002 1478 ι
1050 1425 1208 1496 Ἐγὼ,
1240 1428 1423 1498 φησὶν,
1453 1428 1684 1500 πρῶτος,

1790 1422 1856 1478 Ει
1897 1437 2087 1477 rursus
2131 1423 2184 1476 in
2215 1423 2322 1477 alio
2349 1423 2513 1477 loco:
2555 1442 2574 1476 ι
2604 1423 2714 1495 Ego
2751 1440 2869 1480 sum
2905 1425 3136 1495 primus,
3165 1433 3219 1480 ct
3249 1440 3350 1495 ego

172 1517 245 1568 καὶ
271 1515 493 1586 ἔσχατος,
528 1519 622 1570 καὶ
675 1519 789 1589 μετ’
813 1519 913 1589 ἐμὲ
943 1519 1042 1572 οὐκ
1082 1519 1227 1572 ἐστιν
1266 1519 1454 1583 οὐδείς.
1490 1537 1508 1571 ι
1533 1519 1684 1572 Οὕτω

1792 1512 2154 1578 novissimus;
2205 1523 2260 1568 ct
2309 1523 2434 1584 post
2483 1529 2568 1568 me
2621 1529 2727 1568 non
2780 1524 2862 1570 est
2919 1515 3060 1570 alius
3098 1516 3163 1570 ³⁸.
3202 1534 3220 1568 ι
3257 1513 3350 1570 Sic

170 1606 422 1674 φάσκουσιν
463 1609 716 1678 συνιστᾷν
761 1608 855 1660 ἐνα
888 1608 1039 1662 Θεόν.
1074 1609 1136 1662 Οἳ
1187 1609 1566 1680 ἀποκρίνονται
1604 1609 1684 1662 λέ-

1793 1602 1943 1657 aiunt
1974 1618 2032 1658 se
2060 1604 2289 1672 probare
2320 1620 2485 1659 unum
2514 1620 2633 1660 esse
2661 1604 2849 1660 Deum.
2878 1604 2946 1660 Et
2969 1605 3299 1676 respondent
3332 1625 3345 1661 :

167 1664 335 1760 γοντες·
376 1695 435 1746 Εἰ
471 1690 564 1747 οὖν
614 1664 842 1768 Χριστὸν
888 1697 1132 1768 ὁμολογῶ
1175 1664 1346 1760 Θεὸν,¹
1381 1698 1541 1761 αὐτὸς
1579 1699 1684 1767 ἄρα

1791 1693 1846 1748 Si
1887 1695 2160 1750 Christum
2197 1698 2519 1750 conﬁtemur
2559 1696 2750 1762 Deum,
2779 1697 2942 1768 igitur
2980 1697 3094 1766 ipse
3133 1708 3213 1753 est
3246 1697 3350 1754 Pa-

167 1782 285 1836 ἐστὶν
312 1785 338 1835 6
364 1784 566 1856 Πατὴρ,
599 1787 646 1838 εἰ
675 1785 782 1857 γάρ
809 1789 956 1840 ἐστιν
997 1791 1026 1843 6
1052 1789 1203 1852 Θεόςο
1237 1787 1432 1842 ἔπαθεν
1471 1789 1529 1842 δὲ
1556 1791 1687 1860 Χρι-

168 1871 283 1934 στὸς,
308 1873 459 1936 αὐτὸς
487 1872 562 1927 ὢν
591 1874 740 1938 Θεὸς,
773 1877 879 1946 ἄρα
908 1875 1001 1931 οὖν
1031 1879 1227 1932 ἔπαθεν
1257 1879 1464 1950 Πατήρ⁶
1498 1879 1686 1948 Πατὴρ

163 1963 250 2031 γὰρ
275 1962 422 2026 αὐτὸς
444 1959 531 2034 ἦν.
573 1964 711 2017 Ἀλλ’
741 1966 838 2036 οὐχ
871 1966 1041 2032 οὕτως
1076 1968 1208 2039 ἔχει·
1235 1968 1354 2021 οὐδὲ
1381 1967 1487 2039 γὰρ
1515 1965 1686 2028 οὕτως

164 2053 209 2104 al
231 2053 424 2124 Γραφαὶ
448 2055 779 2126 διηγοῦνται.
812 2058 1061 2130 Χρῶνται
1091 2061 1148 2113 δὲ
1184 2061 1277 2114 καὶ
1312 2060 1522 2131 ἑτέραις
1551 2076 1688 2130 μαρ-

162 2143 359 2214 τυρίαις,
389 2145 660 2213 λέγοντες⁸
691 2148 847 2202 Οὕτω
897 2149 1213 2221 γέγραπταιο
1252 2169 1271 2202 ι
1312 2144 1480 2214 Οὗτος
1503 2152 1530 2203 6
1560 2150 1689 2214 Θεὸς

161 2233 307 2303 ἡμῶν,
333 2237 389 2288 οὐ
417 2237 798 2309 λογισθήσεται
830 2241 1019 2313 ἕτερος
1053 2242 1187 2314 πρὸς
1218 2242 1397 2296 αὐτόν.
1441 2241 1687 2312 Ἐξεῦρεν

161 2328 308 2380 πᾶσαν
347 2329 460 2384 ὁδὸν
513 2332 846 2403 ἐπιστήμης,
898 2337 992 2388 καὶ
1037 2335 1230 2388 ἔδωκεν
1281 2335 1448 2406 αὐτὴν
1499 2331 1688 2387 Ἰακὼὸ

162 2418 222 2488 τῷ
259 2421 397 2474 πιιιδ)⁸
445 2423 638 2486 αὐτοῦ,
689 2426 784 2478 καὶ
837 2425 1050 2497 Ἰσραὴλ
1092 2426 1169 2497 τῷ
1214 2427 1552 2497 ἠγαπημένῳ
1597 2424 1688 2478 ὑπ’

159 2509 314 2564 αὐτοῦ’
363 2512 498 2582 μετὰ
529 2513 705 2567 ταῦτα
749 2516 840 2568 ἐπὶ
868 2516 970 2586 γῆς
1006 2516 1182 2588 ὤφθη,
1215 2517 1307 2570 καὶ
1349 2518 1462 2579 τοῖς
1484 2513 1691 2586 ἀνθρὼ-

160 2617 256 2665 ποις
291 2605 718 2676 συνανεστράφη.
775 2625 793 2657 ι
840 2607 1000 2678 Ὁρᾷς
1031 2603 1144 2671 οὖν,
1191 2607 1384 2679 φησὶν,
1428 2607 1510 2659 ὃτι
1538 2601 1692 2669 οὗτός

157 2691 279 2745 ἐστιν
312 2695 339 2747 6
368 2693 518 2759 Θεὸς,
545 2696 579 2748 ὁ
626 2696 782 2767 μόνος
822 2695 916 2761 ὣν,
957 2697 1052 2750 καὶ
1090 2697 1314 2770 ὕστερον
1350 2695 1568 2766 ὠφθεὶς,
1599 2694 1694 2750 καὶ

158 2785 247 2845 τοῖς
269 2784 563 2856 ἀνθρώποις
598 2787 1075 2858 συναναστραιρείς.
1108 2787 1254 2859 [Ἐν]
1284 2788 1452 2859 ἑτέρῳ
1485 2786 1562 2850 δὲ,
1591 2803 1694 2857 φη·-

159 2877 246 2941 σὶν,
289 2877 446 2948 λέγει·
481 2899 498 2930 ι
524 2880 850 2934 Ἐκοπίασεν
889 2880 1178 2948 Αἴγυπτος,
1214 2881 1308 2933 καὶ
1337 2879 1572 2950 ἐμπόρια
1600 2881 1695 2933 Al-

1788 1790 1890 1847 ter,
1943 1783 1988 1839 si
2034 1792 2118 1838 est
2167 1782 2343 1849 Deus;
2396 1800 2590 1854 passus
2621 1801 2750 1840 vero
2779 1795 2862 1841 εει
2887 1785 3137 1842 Christus
3166 1787 3345 1848 Deus.

1785 1889 1984 1946 passus
2031 1875 2195 1945 igitur
2239 1888 2320 1931 est
2351 1875 2528 1931 Pater.
2560 1876 2718 1934 Pater
2759 1879 2902 1932 cnim
2953 1887 3069 1933 erat
3112 1879 3245 1948 ipse.
3280 1881 3351 1934 At

1788 1984 1895 2021 non
1943 1966 2022 2022 sic
2056 1977 2140 2022 εει
2176 1985 2189 2021 :
2241 1983 2350 2021 non
2389 1967 2532 2021 enim
2585 1969 2665 2023 sic
2713 1967 3006 2037 Scriptura:
3049 1978 3346 2038 exponunt.

1788 2056 2026 2112 Utuntur
2051 2068 2306 2128 praeterea
2340 2057 2462 2112 aliis
2493 2059 2839 2114 testimoniis.
2871 2059 2962 2113 Sic
3007 2058 3150 2114 enim
3195 2060 3350 2116 aiunt

1787 2150 2045 2220 scriptum
2074 2165 2192 2205 esse
2219 2166 2233 2202 :
2265 2168 2283 2200 ι
2328 2148 2425 2203 llic
2457 2149 2599 2204 Deus
2627 2158 2841 2216 noster;
2869 2167 2979 2205 non
3013 2151 3348 2222 reputabitur

1788 2241 1929 2296 alius
1961 2241 2029 2295 ad
2061 2256 2207 2295 eum.
2250 2242 2541 2296 Adinvenit
2574 2256 2789 2296 omnem
2833 2243 2973 2296 viam
3007 2244 3266 2311 scientiae,
3295 2253 3350 2300 et

1786 2333 1938 2390 dedit
1978 2349 2094 2388 eam
2139 2332 2308 2388 Jacob
2340 2347 2509 2402 puero
2537 2349 2658 2398 suo,
2689 2342 2743 2388 et
2768 2333 2934 2389 lsrael
2979 2334 3177 2391 dilecto
3211 2353 3345 2405 suo;

1787 2433 1911 2494 post
1957 2426 2068 2481 haec
2103 2425 2154 2479 in
2206 2425 2365 2479 terris
2418 2425 2568 2480 visus
2611 2434 2729 2489 est,
2765 2437 2817 2481 et
2861 2443 2984 2481 cum
3038 2427 3348 2484 hominibus

1789 2529 2142 2573 conversatus
2187 2527 2272 2573 est
2300 2517 2366 2573 ³⁸.
2404 2537 2422 2569 ι
2453 2516 2615 2572 Vides
2643 2517 2828 2587 igitur,
2863 2518 3057 2588 inquit,
3086 2521 3228 2589 quod
3260 2520 3350 2576 hic

1789 2621 1873 2668 εει
1901 2611 2064 2678 Deus,
2093 2612 2184 2682 qui
2213 2611 2363 2667 solus
2388 2619 2490 2675 est,
2523 2619 2575 2666 et
2604 2621 2790 2681 postea
2823 2613 2876 2665 in
2907 2612 3067 2668 terris
3103 2616 3271 2677 visus,
3295 2623 3350 2668 et

1789 2719 1914 2759 cum
1959 2704 2269 2759 hominibus
2322 2703 2709 2759 conversatus?
2736 2702 2803 2757 Et
2833 2704 2886 2759 in
2935 2705 3042 2758 alio
3084 2704 3204 2760 loco
3228 2705 3345 2760 ait:

1796 2813 1817 2846 ι
1872 2794 2158 2850 Laboravit
2202 2793 2499 2865 Egyptus,
2529 2804 2582 2850 et
2607 2804 2911 2850 mercatura
2952 2795 3265 2866 Ethiopum
3295 2805 3352 2850 et

1793 2883 2045 2949 Sabaim;
2093 2884 2194 2937 viri
2241 2884 2370 2939 celsi
2415 2885 2468 2938 in
2520 2893 2571 2940 te
2618 2886 2946 2951 transibunt,
2990 2897 3044 2943 ει
3086 2888 3161 2942 ιιιί
3206 2887 3346 2943 servi

157 2964 328 3020 θιόπων
357 2969 450 3022 καὶ
480 2972 529 3023 οἱ
564 2970 834 3042 Σαὸαεὶμ,
873 2971 1061 3042 ἄνδρες
1087 2972 1278 3043 ὑψηλοὶ
1310 2973 1400 3025 ἐπὶ
1428 2973 1488 3024 σὲ
1517 2971 1684 3044 διασή-

1792 2984 1986 3041 erunt;
2021 2984 2074 3030 et
2106 2976 2259 3030 ibunt
2289 2987 2408 3045 post
2449 2985 2501 3032 te
2528 2977 2690 3032 vincti
2719 2978 2950 3034 vinculis
2985 2995 3262 3048 manuum,
3295 2989 3351 3036 et

155 3072 308 3110 σονται
352 3056 482 3130 [καὶ
545 3062 636 3114 σοὶ
685 3062 895 3116 ἔσονται
943 3062 1151 3134 δοῦλοι]
1199 3064 1292 3116 καὶ
1341 3061 1684 3134 πορεύσονται

1794 3065 1850 3118 in
1881 3072 1931 3119 te
1954 3063 2292 3128 adorabunt,
2322 3065 2446 3134 quia
2480 3066 2532 3118 in
2574 3074 2624 3119 te
2652 3076 2738 3120 est
2771 3065 2950 3134 Deus;
2979 3074 3033 3121 et
3065 3067 3117 3121 in
3149 3076 3202 3122 te
3228 3083 3350 3138 pre-

155 3147 300 3202 ὀπίσω
325 3167 416 3203 σου
446 3151 724 3223 δεδεμένοι
754 3155 810 3206 ἐν
832 3154 1189 3225 χειροπέδαις,
1215 3155 1306 3208 καὶ
1331 3156 1387 3207 ἐν
1419 3155 1501 3208 σοὶ
1529 3171 1693 3226 προσ-

150 3241 459 3311 κυνήσουσινο
479 3243 565 3296 ὄτι
608 3244 666 3298 ἐν
699 3244 782 3296 σοὶ
808 3247 836 3297 6
865 3244 997 3306 Θεός
1021 3246 1186 3309 ἐστιν,
1218 3245 1310 3298 καὶ
1335 3246 1392 3298 ἐν
1421 3245 1502 3298 σοὶ
1526 3262 1693 3316 προσ-

154 3329 384 3393 εύξονται·
427 3334 525 3387 καὶ
573 3333 678 3387 οὐκ
708 3333 856 3386 ἐστιν
881 3332 1012 3396 Θεὸς
1056 3333 1195 3405 πλὴν
1229 3333 1342 3386 σοῦ.
1409 3334 1481 3387 Σὺ
1511 3333 1620 3404 γὰρ
1645 3329 1694 3386 el

148 3417 280 3485 Θεὸς,
309 3424 400 3477 καὶ
424 3425 526 3480 οὐκ
559 3424 783 3495 ᾔδειμεν
802 3427 858 3478 ’ό
885 3423 1017 3487 Θεὸς
1051 3425 1143 3477 τοῦ
1183 3424 1395 3496 Ἰσραὴλ
1423 3425 1634 3495 Σωτήρ.
1667 3441 1687 3475 ι

160 3510 316 3584 Ὁρᾷς,
333 3517 516 3587 φησὶν,
543 3516 670 3585 στῶς
695 3516 791 3568 ἕνα
817 3515 948 3569 Θεὸν
977 3515 1339 3587 κηρύσσουσιν
1364 3518 1418 3569 αἱ
1444 3515 1688 3587 Γραφαί;

153 3601 323 3658 Τούτου
352 3607 634 3678 ἐμφανοῦς
654 3607 998 3677 δεικνυμένου
1016 3647 1031 3670 ,
1058 3607 1165 3661 τῶν
1188 3606 1357 3670 οὕτως
1386 3624 1691 3678 μαρτυρου-

151 3696 332 3764 μένων,
373 3702 656 3772 ἀνάγκην,
693 3701 876 3772 φησιν,
926 3699 1039 3770 ἔχω,
1074 3701 1190 3763 ἐνὸς
1233 3699 1654 3770 ὁμολογουμένου
1674 3737 1688 3761 ,

151 3785 307 3842 τοῦτον
327 3790 430 3844 ὑπὸ
463 3791 644 3855 πάθος
682 3791 884 3862 φέρειν.
915 3789 1145 3860 Χριστὸς
1183 3790 1290 3858 γὰρ
1327 3785 1394 3860 ἦν
1425 3789 1584 3854 Θεὸς,
1599 3789 1691 3842 καὶ

147 3875 353 3952 ἔπασχεν
383 3885 452 3938 δι’
485 3886 663 3956 ἡμᾶς,
694 3883 856 3946 αὐτὸς
883 3881 957 3936 ὣν
988 3885 1016 3936 6
1056 3883 1262 3954 Πατὴρ,
1293 3883 1378 3936 ἵνα
1401 3883 1493 3936 καὶ
1523 3882 1690 3936 σῶσαι

149 3969 273 4041 ἡμᾶς
301 3975 520 4049 δυνηθῇ.
560 3977 727 4030 Ἀλλο
765 3977 844 4040 δὲ,
877 3977 1060 4048 φησιν,
1091 3976 1150 4028 οὐ
1189 3974 1458 4046 δυνάμεθα
1493 3974 1684 4043 λέγειν·

147 4065 224 4116 καὶ
259 4066 360 4139 γὰρ
399 4071 428 4122 ὁ
484 4067 810 4133 Ἀπόστολος
849 4070 946 4123 ἕνα
993 4067 1127 4121 Θεὸν
1179 4067 1447 4138 ὁμολογεῖ,
1495 4066 1684 4135 λέγων’

151 4169 169 4202 ι
196 4149 284 4208 Ὧν
315 4160 361 4210 οἱ
408 4160 678 4231 πατέρες,
708 4157 766 4225 ἐξ
795 4153 869 4212 ὦν
901 4158 1132 4230 Χριστὸς
1169 4157 1230 4210 τὸ
1258 4157 1398 4210 κατὰ
1431 4157 1626 4230 σάρκα,
1661 4159 1690 4210 6

143 4240 208 4298 ὢν
236 4247 319 4299 ἐπὶ
345 4248 570 4303 πάντων
602 4247 732 4308 Θεὸς
767 4246 1053 4318 εὐλογητὸς
1077 4246 1155 4308 εἰς
1178 4245 1301 4308 τοὺς
1329 4243 1548 4306 αἰῶνας.
1595 4261 1613 4294 ι

1791 3158 2092 3222 cabuntur,
2142 3158 2270 3227 quia
2316 3172 2423 3211 non
2471 3166 2554 3212 est
2586 3151 2728 3212 Deus
2769 3166 2960 3226 prater
2997 3166 3065 3212 te.
3096 3156 3176 3213 Tu
3202 3161 3347 3214 enim

1791 3256 1850 3296 es
1879 3240 2040 3309 Deus,
2075 3251 2129 3298 et
2175 3245 2530 3311 nescivimus;
2564 3245 2706 3299 Deus
2746 3245 2906 3300 Israel
2951 3246 3199 3302 Salvator
3225 3249 3290 3302 ⁸³.
3325 3268 3346 3302 ι

1793 3331 1975 3394 Vides.
2029 3335 2238 3404 inquit,
2287 3335 2558 3404 quomodo
2609 3333 2902 3405 Scripturaa
2951 3353 3119 3391 unum
3181 3338 3348 3394 Deum

1790 3424 2120 3494 praedicant?
2148 3426 2284 3480 Cum
2335 3426 2436 3480 hoc
2479 3434 2663 3495 aperte
2711 3428 3043 3482 declaratum
3096 3430 3189 3496 sit,
3223 3444 3348 3485 cum

1792 3518 1905 3573 haec
1933 3518 2014 3573 sic
2040 3525 2340 3573 contestata
2375 3518 2522 3582 sint;
2553 3533 2776 3573 necesse
2818 3529 2920 3584 est,
2953 3535 3061 3575 uno
3089 3537 3184 3591 per
3217 3538 3351 3578 con-

1791 3610 2078 3665 fessionem
2102 3610 2415 3675 constituto,
2445 3610 2590 3665 hunc
2616 3611 2855 3681 passioni
2884 3613 3168 3682 subjicere.
3193 3615 3353 3670 Chri-

1791 3709 1908 3754 stus
1929 3699 2070 3753 enim
2102 3709 2215 3753 erat
2247 3698 2407 3765 Deus,
2433 3708 2487 3754 et
2515 3709 2735 3769 propter
2761 3715 2861 3755 nos
2893 3715 3088 3770 passus
3115 3713 3198 3758 est
3223 3720 3348 3760 cum

1789 3798 1935 3845 esset
1980 3788 2175 3854 Pater,
2230 3799 2290 3844 ut
2328 3798 2512 3860 posset
2557 3791 2740 3846 salvos
2797 3806 2896 3846 nos
2936 3791 3133 3848 facere.
3186 3794 3350 3851 Aliud

1788 3882 1958 3944 enim,
1985 3880 2178 3950 inquit,
2214 3880 2390 3936 dicere
2421 3895 2529 3935 non
2552 3896 2844 3951 possumus
2875 3903 2888 3938 :
2914 3884 3180 3954 siquidem
3211 3887 3351 3956 Apo-

1790 3973 1959 4028 stolus
1990 3988 2155 4026 unum
2184 3970 2352 4026 Deum
2384 3971 2698 4039 conﬁtetur,
2731 3989 2855 4029 cum
2901 3977 3013 4029 ait:
3054 3994 3073 4026 ι
3105 3974 3350 4042 Quorum

1790 4071 2001 4133 patres,
2029 4079 2095 4118 ex
2125 4064 2323 4135 quibus
2360 4061 2612 4119 Christus
2657 4067 2956 4121 secundum
2990 4081 3230 4135 carnem,
3256 4067 3351 4138 qui

1788 4167 1870 4210 est
1892 4153 2032 4212 Deus
2056 4155 2369 4211 benedictus
2395 4155 2449 4208 in
2483 4157 2675 4210 sarcula
2702 4157 2765 4210 ".
2798 4175 2818 4208 ι

203 4337 300 4390 Καὶ
337 4340 514 4393 ταῦτα
557 4337 835 4410 βούλονται
861 4337 1001 4391 οὕτω
1043 4335 1340 4406 διηγεῖσθαι
1389 4334 1484 4388 καὶ
1510 4335 1684 4398 αὐτοῖς

1862 4331 1951 4387 lli.
1981 4331 2072 4388 Sic
2099 4332 2288 4387 volunt
2314 4333 2414 4388 ista
2443 4328 2690 4399 recitare,
2715 4341 2767 4387 et
2795 4332 2873 4387 uti
2904 4333 3186 4400 mutilatis,
3210 4334 3354 4392 sicut
3429 4398 3470 4413 Α
3490 4401 3502 4413 ⁸

144 4429 396 4499 μονόκωλα
428 4395 569 4503 (75).
599 4428 890 4502 χρώμενοι,
919 4429 978 4482 δν
1021 4395 1219 4500 τρόπον
1266 4423 1415 4480 εἶπεν
1441 4395 1684 4490 Θεόδοτος

1797 4424 1924 4481 fecit
1953 4424 2283 4491 Theodotus,
2312 4439 2434 4480 cum
2474 4424 2632 4478 vellet
2667 4395 2893 4494 probare
2922 4395 3200 4480 Christum
3232 4442 3352 4480 esse
3414 4395 3588 4468 χλι
3614 4404 3858 4495 “aﬂuit,

3287 4509 3418 4574 ςοί.
3452 4530 3556 4574 27.
3673 4505 3684 4521 ’

3404 4530 3556 4624 ,ιχ

202 4611 243 4645 ”
268 4611 435 4669 Exod.
471 4629 560 4678 ιιι,
607 4612 662 4667 6.
739 4611 784 4645 ³⁸
813 4610 981 4668 Exod.
1017 4627 1109 4678 xx,
1144 4610 1198 4664 3.
1277 4610 1317 4642 ²¹
1351 4610 1454 4665 lsa.
1505 4616 1684 4677 κως(

1810 4609 1853 4641 ³²
1885 4607 2464 4684 Dguch._ttt,_3ii-§8_.
2542 4610 2586 4641 ³³
2618 4609 2723 4664 lsa.
2776 4625 2901 4678 xtv,
2947 4611 3036 4666 H.
3113 4612 3158 4644 ³⁸
3189 4611 3349 4668 Rom.

1883 4680 2066 4690 ..ν-ω-

143 4695 221 4743 tx,
249 4684 300 4738 5.

200 4823 302 4895 (7|)
338 4826 490 4880 Ἕνα
531 4824 702 4888 Θεὸν,
732 4841 785 4877 κ.
831 4841 882 4878 τ.
932 4823 982 4889 λ,
1021 4821 1150 4889 Qua:
1188 4829 1511 4895 sequuntur,
1557 4831 1685 4876 sunt

140 4890 243 4974 ipsa
285 4890 456 4951 verba
513 4895 783 4966 Symboli,
827 4895 984 4964 quale
1024 4900 1201 4947 exstat
1245 4893 1384 4972 apud
1419 4893 1680 4944 lrenmum

139 4961 220 5034 lib.
248 4979 282 5032 ι,
315 4981 359 5020 c.
401 4967 439 5020 2
469 4983 618 5034 seq,
648 4965 743 5034 lib.
775 4981 857 5034 tu,
884 4979 933 5017 c.
962 4962 1452 5034 4;7Tertullia#num
1485 4971 1683 5034 contra

140 5007 439 5096 ῖῆἱπὲἒαῖὶί
454 5007 618 5097 ait:
638 5007 1154 5100 ἐῗοέἳηῗιὲεὲἑίῇιῗξ
1172 5007 1233 5086 Ἐ.
1266 5032 1353 5098 ιδ,
1385 5039 1438 5085 ct
1473 5030 1545 5084 De
1577 5031 1682 5083 vir-

139 5103 326 5171 ginibus
349 5106 620 5168 vetandis,
646 5121 696 5159 c.
727 5106 772 5171 1,
801 5113 904 5157 etc.
933 5099 1152 5160 Fannia.

195 5173 299 5246 (72)
356 5167 1199 5246 ’Egéwanjtﬁc’Exxlnqtag.
1241 5168 1466 5246 Noctum
1517 5167 1676 5246 dam-

139 5238 304 5299 natum
333 5262 366 5300 a
397 5238 728 5313 Tranquillo
755 5245 1008 5312 episcopo
1029 5238 1539 5313 'Chalcedoniorum
1581 5238 1680 5308 Sy-

141 5313 236 5378 ris,
261 5316 454 5370 scribit
477 5308 672 5369 auctor
697 5308 1084 5368 Ρνίὶεάεειῐητιιὶ.
1117 5326 1236 5379 cap.
1272 5308 1360 5362 50.
1389 5309 1541 5379 Quod
1581 5323 1680 5379 au-

138 5377 230 5458 tem
265 5387 317 5440 in
355 5385 641 5458 Synodico
677 5384 852 5458 libello
894 5397 1012 5451 cap.
1058 5379 1159 5458 ὄρ,
1185 5377 1336 5458 legis
1365 5379 1418 5432 iu
1460 5377 1679 5449 Synodo

138 5450 362 5510 Romana
398 5449 728 5509 damnatum
751 5449 979 5508 Noetuni
1018 5467 1047 5504 a
1099 5450 1241 5520 Papa
1281 5449 1512 5520 Victore,
1545 5458 1681 5520 tem-

136 5535 310 5593 porum
340 5526 492 5580 ratio
533 5538 641 5578 non
675 5527 892 5593 patitur.
932 5521 1034 5576 Sed
1067 5530 1192 5576 sunt
1213 5519 1458 5593 quzedam
1497 5528 1550 5573 et
1574 5519 1677 5593 alia

135 5592 180 5671 in
200 5593 287 5647 illo
314 5589 814 5671 Synodicoparuin
849 5600 1102 5671 accurate
1130 5589 1343 5651 tradita,
1380 5591 1501 5671 licet
1541 5589 1677 5643 scri-

131 5663 517 5784 ίιίιιιῐιιιίρειιιιι
575 5663 773 5734 alioqui
815 5672 897 5719 cst
960 5663 1271 5730 neutiquam
1325 5668 1676 5715 contemnen-

166 5747 267 5784 um.
323 5751 376 5784 ι)-
905 5760 912 5765 -

166 5747 267 5787 um.
299 5735 376 5792 Ιο.
905 5760 912 5765 ·

1859 4821 1972 4892 (7⁸5)
2002 4820 2220 4892 Μοέκόκ.
2249 4818 2544 4892 Μονόκωλα
2577 4827 2802 4892 apparet
2824 4818 3202 4892 adverbialiter
3222 4821 3350 4890 poni

1783 4889 1884 4960 pro
1909 4889 2224 4962 μονοκώλως
2248 4889 2669 4962 ε-ιμμονοτύπως,
2692 4889 2892 4962 quibus
2915 4889 3093 4962 verbis
3124 4889 3353 4962 Epipha-

1785 4957 1930 5046 nius,
1962 4976 2084 5030 pag.
2107 4960 2238 5046 fit:
2272 4957 2542 5046 Hippolyti
2581 4957 2824 5046 vestigiis
2869 4957 3348 5046 insistens‘utitur.

1783 5028 2069 5103 Βουλονται
2200 5028 2501 5103 διηγεῖσθαι
2538 5028 2851 5103 μονοκάθιῳς
2881 5028 3069 5103 τοῦτον
3098 5028 3190 5103 τὸν
3222 5031 3350 5103 τρό-

1781 5117 1882 5153 πον
1915 5100 1990 5162 ὼς
2036 5097 2306 5162 Θεόδοτος.
2354 5097 2560 5154 Sensus
2602 5109 2716 5164 est,
2751 5098 3041 5154 Noetianos
3077 5099 3142 5153 ad
3177 5097 3348 5156 unum

1784 5167 2159 5239 tantummodo
2192 5167 2258 5239 in
2278 5168 2612 5239 explicandis
2665 5167 2722 5224 S.
2771 5167 3068 5239 Scriptura:
3095 5169 3161 5223 de
3189 5169 3349 5224 Chri-

1782 5249 1868 5294 sto
1901 5238 2061 5293 dictis
2102 5238 2265 5293 veluti
2304 5237 2604 5292 membrum
2644 5237 2934 5308 respicere,
2968 5238 3204 5292 divinam
3239 5241 3347 5293 sci-

1782 5309 1910 5363 licet
1949 5317 2194 5361 naturam
2227 5323 2242 5360 :
2275 5308 2350 5362 uti
2387 5307 2622 5362 vicissim
2659 5307 2972 5363 Theodotus
3018 5309 3084 5362 ad
3117 5307 3345 5361 alterum

1781 5392 2070 5448 recurrens
2094 5387 2395 5434 extremum
2424 5377 2477 5432 in
2507 5377 2622 5433 sola
2654 5379 2887 5448 merebat
2913 5376 3346 5448 humanitate,__et

1783 5447 2060 5502 Christum
2109 5447 2314 5501 nudum
2371 5463 2494 5503 esse
2542 5443 2818 5502 hominem
2891 5447 3213 5501 afﬁrmabat.
3267 5443 3345 5500 De

1784 5517 2064 5572 Theodoto
2109 5526 2303 5586 praeter
2348 5517 2485 5573 alios
2536 5519 2783 5571 meminit
2827 5517 2989 5571 etiam
3023 5515 3344 5586 Timetheus

1784 5588 2066 5657 presbyter
2111 5583 2142 5657 ἐι
2192 5587 2680 5657 βοιειειὶοίεὰἱιιιε
2717 5587 3040 5657 Μοηιιηιςιιι.
3082 5593 3213 5657 tom.
3248 5583 3340 5648 HI,

1783 5653 1904 5727 pag.
1936 5653 2040 5710 389
2069 5672 2081 5708 :
2111 5655 2307 5708 Τοῦτον
2337 5657 2426 5709 τὸν
2453 5656 2700 5709 Θεόδοτόν
2727 5671 2888 5723 φασιν
2913 5655 3010 5727 τῆς
3030 5653 3125 5706 τοῦ
3148 5654 3342 5727 Sapo)-

1786 5724 1988 5790 σατέως
2038 5727 2297 5798 αἱρέσεως
2344 5727 2582 5798 ἀρχηγὸν
2639 5727 2730 5779 καὶ
2799 5725 3009 5795 πατέρα
3065 5724 3341 5795 γενέσθαι,
