3882 6332
210 301 291 357 309
1307 291 1587 349 CONTRA
1622 289 1944 347 “IERESIN
1983 290 2210 348 NOETI.

3300 301 3404 359 810

206 424 326 495 ὑμῖν·
368 424 394 476 6
422 419 626 493 ἐγείρας
670 417 763 471 τὸν
801 417 1033 488 Χριστὸν
1097 414 1303 486 Ἰησοῦν
1357 416 1422 469 ἐκ
1472 414 1711 486 νεκρῶν,

1833 412 2116 468 rivillcabit
2145 412 2309 468 etiam
2350 415 2603 470 mortalia
2636 432 2865 487 corpora
2900 428 3076 475 vestra
3105 434 3201 490 per
3242 418 3406 476 inha-

206 512 483 584 ζωοποιήσει
508 511 597 569 καὶ
630 509 696 564 τὰ
725 508 895 580 θνητὰ
925 507 1151 579 σώματα
1179 506 1331 579 ὑμῶν
1358 506 1447 560 διὰ
1470 507 1563 560 τοῦ
1589 508 1722 561 ἐνοι-

204 606 385 667 κοῦντος
426 600 580 656 αὐτοῦ
644 598 962 669 Πνεύματος
1019 599 1077 650 ὲν
1131 597 1281 668 ὑμῖν.
1326 616 1344 649 ι
1398 598 1528 652 Ἰδοὺ
1572 597 1726 651 συνέ-

205 712 339 766 στηκε
365 693 418 746 τὸ
436 691 520 746 διὰ
537 690 628 745 τοῦ
659 692 939 763 προφήτου
971 690 1277 762 εἰρημένον·
1303 711 1322 742 ι
1359 689 1499 759 Ἐγὼ
1527 692 1725 763 ἡγειρα

203 787 315 859 μετὰ
330 784 667 856 δικαιοσύνης.
701 803 720 834 ι
751 782 823 836 Tb
851 782 908 836 δὲ
943 785 1139 848 εἰπεῖν,
1171 783 1254 837 ὅτι
1289 802 1307 833 ι
1343 784 1401 835 ἐν
1433 784 1515 836 σοὶ
1540 785 1569 836 6
1592 782 1724 847 Θεός

201 882 337 942 ἐστιν,
372 877 642 930 »ἐδείκνυε
687 874 983 946 μυστήριον
1026 874 1364 945 οἰκονομίας,
1404 876 1488 928 ὅτι
1532 892 1727 947 σεσαρ-

201 968 405 1040 κωμένου
427 965 515 1020 τοῦ
540 967 733 1035 Λόγου,
764 966 857 1021 καὶ
898 965 1419 1038 ὲνανθρωπήσαντος
1436 1007 1450 1031 ,
1477 968 1505 1019 6
1534 967 1723 1040 Πατὴρ

201 1055 253 1128 ἦν
271 1059 319 1110 ὲν
341 1055 410 1127 τῷ
438 1055 563 1126 Υἱῷ,
591 1058 686 1110 καὶ
722 1056 750 1108 6
778 1050 919 1119 ’Υἱὸς
943 1057 1001 1111 ὲν
1036 1056 1116 1128 τῷ
1150 1058 1345 1130 Πατρὶ,
1379 1058 1728 1128 ἐμπολιτευο-

202 1149 332 1214 μένου
359 1146 442 1201 τοῦ
469 1146 593 1201 Υἱοῦ
621 1150 678 1201 ὲν
711 1146 1035 1219 ἀνθρώποις.
1063 1147 1233 1202 Τοῦτο
1260 1145 1353 1202 οὖν
1374 1150 1723 1220 ἐσημαίνετο,

199 1238 396 1306 ἀδελφοὶ,
439 1238 516 1291 ὅτι
546 1236 713 1301 ὅντως
760 1238 1056 1308 μυστήριον
1099 1238 1411 1309 οἰκονομίας
1450 1240 1514 1292 ἐκ
1555 1240 1727 1293 Πνεύ-

201 1346 335 1398 ματος
371 1329 517 1397 ἁγίου
548 1323 615 1399 ἦν
659 1321 813 1391 οὗτος
857 1328 888 1379 ὁ
933 1329 1105 1397 Λόγος
1147 1329 1243 1382 καὶ
1287 1329 1601 1404 Παρθένου,
1630 1330 1728 1385 ἕνα

206 1422 298 1476 ιέὸν
337 1421 446 1491 θεῷ
483 1421 933 1491 ἀπεργασάμενος
980 1420 1111 1491 (76).
1160 1420 1330 1475 Τοῦτο
1372 1421 1427 1473 δὲ
1473 1421 1574 1475 οὐκ
1618 1421 1729 1491 ἐγὼ

195 1513 326 1582 λέγω,
365 1513 469 1567 ἀλλ’
504 1514 666 1577 αὐτὸς
711 1508 977 1586 μαρτυρεῖ
1005 1515 1034 1567 6
1075 1514 1317 1577 καταϐὰς
1346 1516 1411 1568 ὲκ
1443 1515 1537 1568 τοῦ
1566 1515 1730 1586 οὐρα-

195 1604 284 1657 νοῦ·
312 1604 438 1657 οὔτω
483 1604 588 1673 γὰρ
618 1603 788 1673 λέγει·
835 1623 852 1654 ι
898 1603 1471 1676 οὑδεὶς³ἀναϐέϐηκεν
1517 1605 1596 1668 εἰς
1640 1604 1729 1657 τὸν

192 1695 397 1770 οὐρανὸν,
426 1697 471 1748 εί
496 1695 569 1768 μὴ
596 1698 627 1749 6
664 1697 728 1748 ἐκ
757 1694 848 1749 τοῦ
883 1696 1112 1768 οὐρανοῦ
1155 1695 1398 1760 καταϐὰς
1428 1699 1456 1749 6
1480 1696 1605 1760 Υἱὸς
1631 1696 1726 1748 τοῦ

1826 506 2086 560 bitantem
2115 504 2376 575 Spiritum
2407 506 2526 577 ejus
2557 508 2611 562 in
2644 510 2798 566 vobis
2829 512 2893 565 ³³.
2933 530 2953 562 ι
2988 510 3130 569 Ecce
3151 527 3408 582 compro—

1828 595 1975 651 bavit
2005 596 2149 665 quod
2183 596 2386 651 dictum
2427 606 2511 654 est
2540 613 2636 667 per
2673 600 2994 670 prephetam
3027 620 3041 657 :
3085 620 3104 654 ι
3138 601 3251 672 Ego
3279 619 3406 659 sus-

1825 687 1986 742 citari
2017 702 2141 743 cum
2172 687 2407 757 justitia.
2444 708 2462 741 ι
2490 687 2644 755 Quod
2680 700 2860 747 autem
2892 694 3067 750 dixit:
3108 714 3127 747 ι
3161 694 3215 750 In
3249 705 3300 752 te
3324 709 3409 752 est

1826 776 2000 839 Deus,
2041 796 2059 829 ι
2092 776 2329 832 ostendit
2370 780 2686 850 mysterium
2725 784 3065 851 oeconomiae,
3105 786 3155 841 id
3187 797 3273 845 est
3319 787 3405 841 in—

1825 871 2181 935 cal-nationis,
2216 872 2361 941 quod
2388 872 2672 927 incarnato
2703 872 2880 930 Verbo
2904 885 2957 931 et
2984 876 3129 934 facto
3158 880 3402 943 homine,

1826 958 1987 1014 Pater
2016 971 2133 1016 erat
2167 962 2219 1015 in
2251 961 2412 1026 Filio,
2444 971 2498 1017 et
2526 962 2697 1020 Filius
2732 964 2785 1019 in
2832 965 3013 1031 Patre,
3041 980 3406 1026 conversante

1829 1048 1968 1105 Filio
1998 1066 2123 1105 cum
2154 1051 2488 1109 hominibus.
2523 1052 2636 1108 Hoc
2663 1055 2848 1124 igitur,
2878 1057 3094 1123 fratres,
3128 1062 3407 1132 signiﬁca-

1828 1139 2010 1204 batur,
2057 1143 2202 1210 quod
2235 1158 2360 1198 vere
2390 1146 2710 1215 mysterium
2744 1146 3141 1208 incarnationis
3182 1169 3249 1208 ex
3285 1152 3407 1224 Spi-

1828 1230 1936 1284 ritu
1967 1243 2155 1288 sancto
2202 1243 2255 1288 et
2295 1249 2360 1289 ex
2392 1234 2612 1305 Virgine
2654 1247 2771 1291 erat
2817 1239 2919 1295 hoc
2963 1239 3224 1308 Verbum,
3255 1253 3407 1317 quod

1828 1332 2109 1391 operatum
2160 1336 2242 1380 est
2288 1324 2399 1379 Deo
2448 1326 2645 1382 Filium
2697 1345 2886 1385 unum.
2940 1331 3051 1388 Hoc
3089 1344 3411 1397 autemnon

1828 1428 1929 1483 ego
1965 1413 2109 1478 dico,
2159 1416 2250 1470 sed
2293 1416 2407 1486 ipse
2444 1427 2675 1473 testatur
2700 1422 2791 1492 qui
2822 1423 2889 1478 de
2910 1424 3066 1480 caelis
3101 1427 3407 1486 descendit.

1832 1502 1922 1559 Sic
1966 1507 2112 1560 enim
2162 1507 2240 1561 ait
2289 1524 2302 1559 :
2340 1527 2358 1559 ι
2402 1506 2573 1564 Nemo
2615 1514 2861 1568 ascendit
2908 1515 2962 1568 in
3018 1518 3251 1587 caelum,
3300 1521 3410 1577 nisi

1829 1597 1923 1667 qui
1971 1599 2038 1653 de
2074 1601 2213 1654 ccelo
2246 1600 2561 1667 descendit,
2594 1602 2766 1661 Filius
2813 1608 3048 1664 hominis
3097 1612 3192 1682 qui
3223 1625 3309 1670 est
3351 1615 3410 1671 in

1830 1691 1970 1745 caalo
2001 1691 2066 1745 ⁸ο.
2096 1711 2115 1743 ι
2150 1690 2291 1757 Quid
2337 1693 2501 1763 igitur
2528 1697 2723 1765 quaerit
2756 1698 2858 1753 iste
2887 1711 3083 1769 praeter
3132 1704 3235 1759 hoc
3261 1706 3411 1774 quod

191 1760 456 1859 ἀνθρώπου,
541 1760 618 1841 ὧν
656 1788 715 1840 ὲν
745 1786 822 1858 τῷ
854 1760 1083 1859 οὐρανῷ.
1126 1807 1145 1840 ι
1174 1788 1239 1840 Τί
1268 1783 1363 1842 οὖν
1395 1788 1552 1857 ζητεῖ
1575 1786 1726 1858 παρὰ

1833 1782 2035 1837 dictum
2063 1782 2180 1836 est?
2204 1760 2459 1853 Nunquid
2487 1760 2735 1842 dicturus
2762 1797 2844 1842 est
2870 1760 3015 1858 quod
3047 1808 3176 1847 caro
3202 1760 3321 1849 erat
3350 1798 3410 1850 in

190 1879 239 1932 τὸ
273 1879 568 1953 εἰρημένονς
616 1880 765 1950 Μήτι
813 1881 949 1952 ὲρεῖ,
995 1880 1077 1935 ὅτι
1112 1882 1171 1934 ὲν
1208 1879 1421 1952 οὐρανῷ
1461 1878 1600 1951 σὰρξ
1620 1875 1723 1951 ἧν;

196 1972 325 2024 Ἔστι
365 1972 457 2042 μὲν
483 1967 576 2025 οὖν
606 1971 744 2045 σὰρξ
767 1974 802 2043 ή
836 1971 942 2026 ὑπὸ
976 1971 1071 2025 τοῦ
1118 1972 1294 2041 Λόγου
1321 1971 1417 2025 τοῦ
1461 1970 1725 2042 Πατρῴου

188 2063 566 2133 προσενεχθεῖσα
615 2064 809 2136 δῶρον,
841 2066 874 2136 ή
909 2065 975 2118 ὲκ
1014 2064 1330 2136 Πνεύματος
1378 2065 1474 2118 καὶ
1510 2063 1723 2135 Παρθέ-

186 2170 292 2216 νον,
334 2154 528 2218 τέλειος
572 2152 704 2218 Tib;
755 2153 892 2208 Θεοῦ
941 2153 1405 2225 ἀποδεδειγμένος.
1451 2152 1724 2225 Πρόδηλον

186 2238 275 2306 οὗν,
305 2243 378 2296 ὅτι
408 2243 564 2307 αὐτὸς
605 2242 797 2298 ἑαυτὸν
842 2244 1145 2316 προσέφερε
1184 2242 1263 2313 τῷ
1288 2242 1483 2314 Πατρί.
1520 2242 1632 2316 Πρὸ
1668 2242 1723 2295 δὲ

185 2334 340 2390 τούτου
384 2336 441 2390 ὲν
479 2335 697 2409 οὐρανῷ
743 2335 879 2408 σὰρξ
910 2338 1010 2389 οὐκ
1043 2332 1131 2408 ἦν.
1173 2336 1269 2399 Τίς
1306 2332 1400 2389 οὖν
1437 2331 1506 2406 ἦν
1544 2336 1602 2388 ὲν
1634 2335 1723 2388 οὑ-

187 2427 306 2497 ρανῷ
348 2428 456 2482 ἀλλ’
485 2428 519 2500 ἢ
549 2429 725 2498 Λόγος
775 2429 1016 2502 ἄσαρκος
1035 2469 1049 2494 ,
1080 2428 1405 2492 ἀποσταλεὶς
1449 2429 1535 2481 ἵνα
1570 2426 1723 2501 δείξῃ

184 2517 315 2571 αὑτὸν
337 2518 423 2572 ἐπὶ
442 2517 544 2589 γῆς
571 2517 723 2584 ὄντα,
752 2515 891 2573 εἶναι
920 2521 1014 2573 καὶ
1046 2520 1104 2572 ὲν
1138 2518 1385 2592 οὐρανῷ;
1415 2519 1586 2587 Λόγος
1611 2519 1721 2593 γὰρ

181 2602 234 2674 ἦν
257 2608 375 2680 (Π),
404 2609 620 2680 πνεῦμα
651 2605 739 2681 ἦν,
765 2609 993 2681 δύναμις
1020 2606 1109 2682 ἦν.
1137 2605 1233 2675 Εἷς
1258 2611 1321 2664 τὺ
1348 2610 1526 2664 κοινὸν
1550 2610 1721 2683 ὄνομα

182 2698 257 2754 καί
279 2700 417 2772 παρὰ
446 2700 755 2774 ἀνθρώποις
783 2702 1049 2775 χωρητὺν,
1082 2702 1450 2773 ἀνελάμϐανεν
1480 2706 1561 2765 είς
1593 2704 1722 2759 ἰαυ-

182 2789 252 2844 τδν
274 2792 437 2857 τοῦτο,
473 2792 808 2865 καλούμενος
835 2793 931 2846 ἀπ’
955 2794 1130 2865 ἀρχῆς
1160 2792 1286 2856 Tib;
1317 2792 1602 2864 ἀνθρώπου
1631 2792 1720 2848 διὰ

182 2882 228 2937 τὸ
254 2883 447 2956 μέλλον,
475 2887 653 2941 καίτοι
689 2886 856 2958 μήπω
883 2885 961 2941 ὢν
991 2885 1295 2959 ἄνθρωπος,
1326 2884 1507 2948 καθὼς
1540 2887 1568 2939 6
1611 2890 1718 2938 Aa.-

181 2975 278 3047 v;i;l
314 2982 592 3052 μαρτυρεῖ,
627 2978 834 3048 λέγων·
874 2998 893 3030 ι
932 2976 1119 3045 Εἶδον,
1174 2978 1269 3032 καὶ
1313 2978 1420 3032 ἰδοὺ
1471 2979 1564 3031 ἐπὶ
1611 2977 1719 3033 τῶν

1828 1872 2008 1928 οωιοῖ
2044 1872 2140 1928 Est
2183 1873 2347 1942 igitur
2387 1891 2536 1941 caro,
2565 1894 2686 1947 qua:
2719 1895 2750 1934 a
2782 1878 2962 1936 Verbo
2998 1882 3177 1941 Patris
3204 1887 3410 1955 oblata,

1830 1970 1889 2015 ut
1935 1977 2134 2017 munus
2182 1971 2296 2028 est;
2329 1979 2477 2028 caro,
2508 1966 2761 2036 inquam,
2800 1986 2862 2024 ex
2903 1970 3109 2040 Spiritu
3137 1986 3329 2031 sancto
3355 1987 3413 2032 et

1829 2050 2053 2123 Virgine
2099 2062 2318 2109 ostensa
2340 2095 2355 2119 ,
2388 2056 2662 2126 perfectus
2700 2058 2873 2117 Filius
2901 2062 3014 2117 Dei.
3061 2064 3411 2124 Manifestum

1830 2144 1996 2214 igitur
2025 2152 2131 2212 est,
2167 2145 2313 2214 quod
2369 2162 2429 2201 se
2470 2146 2586 2218 ipse
2634 2149 2829 2205 obtulit
2874 2151 3045 2209 Patri.
3075 2156 3247 2212 Antea
3279 2176 3408 2217 vero

1830 2249 1940 2288 non
1991 2247 2109 2289 erat
2158 2235 2212 2289 in
2261 2237 2402 2292 cielo
2449 2253 2597 2293 caro.
2648 2238 2783 2306 Quis
2828 2258 2959 2315 ergo
2997 2255 3116 2301 erat
3160 2248 3216 2302 in
3247 2251 3411 2317 caelo,

1829 2326 1935 2381 nisi
1962 2324 2199 2381 Verbum
2227 2328 2346 2383 sine
2375 2344 2559 2394 carne,
2592 2332 2736 2401 quod
2771 2335 2997 2391 missum
3026 2349 3110 2395 est
3136 2349 3195 2395 ut
3226 2352 3412 2397 osten-

1827 2416 1978 2471 deret
2014 2433 2071 2472 se
2098 2419 2192 2488 qui
2225 2420 2279 2473 in
2306 2428 2448 2475 terra
2474 2431 2609 2489 erat,
2646 2439 2766 2480 esse
2791 2428 2953 2483 etiam
2979 2429 3034 2484 in
3065 2432 3247 2488 οωιοῖ
3282 2432 3411 2490 Ver-

1828 2506 1956 2562 bum
1998 2508 2147 2564 enim
2191 2519 2328 2575 erat,
2375 2511 2611 2581 Spiritus
2661 2527 2798 2583 erat,
2832 2516 3022 2576 Virtus
3065 2531 3204 2579 erat.
3259 2523 3412 2583 Unus

1822 2616 2115 2658 commune
2174 2618 2374 2659 nomen
2431 2613 2485 2660 et
2532 2607 2585 2661 in
2643 2624 2743 2663 usu
2792 2611 2935 2680 apud
2984 2612 3234 2673 homines
3307 2622 3412 2680 sibi

1822 2695 2075 2765 sumpsit,
2096 2705 2324 2751 vocatus
2354 2711 2385 2751 a
2408 2698 2678 2769 principio
2706 2700 2878 2758 Filius
2907 2704 3163 2774 hominis,
3194 2722 3418 2781 propter

1823 2785 2066 2844 futurum
2098 2830 2112 2852 ,
2156 2791 2409 2860 quamvis
2442 2792 2683 2848 nondum
2716 2807 2862 2852 esset
2888 2797 3085 2868 homo;
3128 2802 3271 2858 sicut
3298 2802 3408 2859 Da-

1825 2880 1935 2935 niel
1982 2889 2213 2937 testatur
2264 2883 2515 2955 inquiens
2559 2905 2571 2941 :
2616 2907 2635 2938 σ
2669 2886 2813 2955 Vidi,
2844 2899 2898 2945 et
2925 2907 3053 2948 ecce
3082 2893 3137 2948 in
3167 2896 3407 2953 nubibus

1824 2973 1949 3029 caeli
1974 2975 2278 3032 venientem
2305 2984 2567 3046 tanquam
2598 2976 2793 3035 Filium
2828 2982 3060 3040 hominis
3086 2985 3152 3040 “.
3184 3007 3204 3040 ι
3242 2986 3406 3044 Recte

180 3068 384 3137 νεφελῶν
409 3071 500 3125 τοῦ
526 3070 758 3144 οὐρανοῦ
794 3072 1085 3143 ἐρχόμενον
1106 3070 1181 3135 ὡς
1207 3071 1334 3124 Υἰὸν
1358 3069 1667 3142 ἀνθρώπου.
1694 3091 1713 3122 ι

1833 3065 1994 3137 igitur
2018 3067 2174 3132 dixit,
2215 3084 2340 3124 eum
2365 3071 2460 3139 qui
2491 3070 2544 3123 in
2578 3072 2718 3127 ctelo
2749 3084 2867 3129 erat
2892 3073 3130 3133 Verbum
3162 3077 3279 3150 Dei,
3304 3081 3411 3139 hoc

179 3161 379 3226 Δικαίως
421 3158 511 3217 οὖν
559 3164 621 3216 έν
661 3161 741 3234 τῷ
770 3162 985 3234 οὐρανῷ
1017 3163 1146 3217 ὄντα
1180 3162 1364 3231 ἔλεγεν
1403 3162 1577 3235 τούτῳ
1605 3164 1725 3216 ὀνό-

1833 3158 2054 3213 nomine
2084 3174 2115 3214 a
2151 3160 2420 3231 principio
2452 3163 2654 3217 vocari.

181 3270 306 3321 ματι,
351 3255 502 3310 τοῦτο
543 3257 645 3311 ἀπ’
692 3257 876 3329 ἀρχῆς.
913 3256 1064 3320 ὄντα,
1106 3255 1389 3310 καλεῖσθαι
1427 3257 1521 3309 ἀπ’
1552 3255 1727 3327 ἀρχῆς

181 3343 322 3412 Λόγον
351 3346 501 3401 Θεοῦ.
964 3338 975 3353 ’

246 3438 387 3493 Ἀλλὰ
426 3442 479 3495 τί
526 3458 642 3512 μοι,
683 3440 867 3512 φησιν,
901 3440 1049 3509 λέγει
1095 3443 1153 3494 ὲν
1201 3441 1406 3513 ἑτέρῳ·
1449 3461 1467 3492 ι
1504 3433 1673 3511 Οὗτος
1701 3442 1730 3494 6

180 3532 306 3595 θεός·
331 3534 392 3585 οὗ
421 3532 803 3605 λογισθήσεται
842 3533 1028 3605 ἕτερος
1056 3532 1193 3604 πρὸς
1227 3533 1423 3598 αὑτόν;
1470 3552 1488 3584 ι
1531 3531 1731 3597 Καλῶς

180 3618 325 3678 εἶπεν.
358 3626 497 3698 Πρὸς
528 3627 643 3698 γὰρ
672 3626 766 3680 τὸν
802 3625 1023 3698 Πατέρα
1066 3623 1151 3689 τίς
1199 3625 1612 3696 λογισθήσεται;
1674 3630 1731 3681 Ὀ

180 3713 224 3766 δὲ
244 3715 395 3785 λέγει·
439 3736 457 3770 ι
500 3714 677 3780 Οὗτος
707 3718 735 3769 6
766 3717 897 3782 Θεὸς
918 3717 1102 3789 ἡμῶν·
1123 3720 1183 3772 οὐ
1209 3719 1584 3792 λογισθήσεται
1617 3720 1733 3774 ἓτε-

182 3822 256 3874 ρος
273 3809 604 3879 πῴςναὺτόν.
650 3809 899 3882 Ἐξεῦρεν
920 3812 1106 3865 πᾶσαν
1137 3812 1256 3865 ὁδὸν
1280 3813 1607 3885 ἐπιστήμης,
1639 3813 1733 3866 καὶ

180 3898 346 3953 ἑδωκεν
387 3902 551 3974 αὐτὴν
610 3901 803 3955 Ἰακὼϐ
834 3900 913 3973 τῷ
955 3902 1104 3956 παιδὶ
1144 3902 1330 3968 αὐτοῦ,
1366 3904 1460 3956 καὶ
1518 3902 1731 3975 Ἰσραὴλ

180 3989 244 4061 τῷ
277 3994 610 4067 ἠγαπημένῳ
656 3996 748 4047 ὑπ’
787 3993 971 4051 αὑτοῦ.
1009 4016 1028 4047 ι
1066 3996 1260 4060 Καλῶς
1298 3996 1463 4064 λέγει.
1497 3996 1592 4060 Τίς
1626 3996 1733 4069 γάρ

179 4082 300 4137 ἐστιν
353 4085 544 4140 Ἰακὼϐ
578 4089 608 4140 6
649 4089 778 4150 παῖς
828 4085 1019 4149 αὐτοῦ,
1060 4087 1277 4158 Ἰσραὴλ
1301 4088 1329 4139 6
1377 4087 1734 4157 ἡγαπημένος

181 4173 255 4226 ὑπ’
282 4176 460 4240 αὐτοῦ,
500 4178 618 4232 ἀλλ’
642 4177 676 4249 ἦ
717 4172 873 4242 οὗτος
898 4180 1026 4253 περὶ
1048 4175 1108 4234 οὗ
1142 4179 1241 4251 βοᾷ
1270 4179 1442 4248 λέγων
1466 4196 1480 4209 ο
1512 4198 1530 4231 ι
1566 4174 1733 4244 οὗτός

180 4267 304 4322 ἐστιν
330 4271 358 4322 6
388 4270 515 4336 Υἱός
556 4288 660 4343 μου
690 4271 994 4342 ἀγαπητὸς,
1014 4271 1095 4335 είς
1121 4270 1181 4324 ὃν
1213 4270 1515 4343 ηὐδόκησα·
1543 4270 1732 4323 τούτου

180 4359 406 4428 exedere;
439 4384 457 4415 ι
489 4365 682 4418 Πᾶσαν
715 4358 811 4416 οὖν
838 4362 938 4434 τὴν
969 4364 1277 4435 ἐπιστήμην
1311 4362 1462 4435 παρὰ
1486 4362 1583 4416 τοῦ
1620 4364 1733 4416 ηα-

1905 3444 1971 3501 V.
2002 3445 2106 3503 Sed
2150 3447 2280 3516 quid
2310 3448 2468 3513 mihi,
2502 3450 2696 3520 inquit,
2726 3452 2858 3508 dicit
2896 3452 3176 3526 Scriptura
3212 3461 3264 3515 in
3294 3462 3407 3518 alio

1832 3535 1954 3589 Ioco
2011 3553 2024 3590 :
2065 3556 2083 3588 ι
2117 3534 2217 3590 Hic
2266 3546 2351 3591 est
2378 3538 2554 3605 Deus;
2591 3556 2700 3595 non
2750 3544 3090 3613 reputabitur
3144 3550 3287 3607 alius
3340 3553 3412 3609 ad

1832 3639 1957 3677 eum
1986 3624 2069 3677 ⁵ίῖ
2116 3644 2135 3675 ι
2195 3625 2359 3680 liecte
2400 3626 2555 3680 dixit.
2592 3627 2727 3694 Quis
2753 3630 2900 3685 enim
2952 3637 3294 3705 reputabitur
3337 3642 3407 3697 ad

1833 3714 2089 3770 Patrem?
2136 3735 2156 3767 ι
2211 3714 2332 3784 llic,
2372 3718 2570 3787 inquit,
2600 3720 2744 3778 Deus
2790 3734 3009 3792 noster;
3043 3743 3151 3782 non
3191 3744 3411 3801 reputa-

1836 3807 1982 3863 bitur
2014 3808 2154 3863 alius
2198 3809 2266 3864 ad
2294 3825 2442 3864 eum.
2479 3809 2688 3867 Invenit
2721 3829 2936 3871 omnem
2967 3817 3110 3873 viam
3148 3821 3410 3892 scientia;

1834 3907 1890 3952 et
1920 3897 2066 3952 dedit
2112 3898 2256 3953 illam
2299 3897 2466 3953 Jacoh
2512 3915 2682 3969 puero
2725 3916 2849 3969 suo,
2899 3913 2955 3958 et
2998 3906 3166 3962 Israel
3212 3908 3412 3966 dilecto

1836 4005 1938 4043 suo
1973 3989 2074 4043 ⁵³.»
2097 3988 2239 4045 Bene
2274 3990 2425 4045 dicit.
2455 3989 2591 4057 Quis
2623 3993 2766 4047 enim
2797 4003 2883 4049 est
2906 3993 3073 4052 Iacob
3104 4014 3238 4068 puer
3268 4002 3410 4073 ejus.

1837 4094 1893 4138 et
1923 4081 2090 4137 Israel
2121 4082 2354 4137 dilectus
2398 4084 2540 4153 ejus,
2586 4084 2692 4138 nisi
2726 4085 2815 4140 hic
2838 4085 2910 4142 de
2941 4103 3051 4157 quo
3082 4091 3299 4160 clamat,
3326 4094 3412 4148 in-

1839 4174 2079 4244 quiens:
2129 4192 2149 4227 (
2197 4172 2297 4230 Hic
2345 4183 2430 4230 est
2475 4173 2648 4229 Filius
2698 4191 2854 4231 meus
2901 4178 3151 4248 dilectus,
3204 4183 3257 4238 in
3300 4202 3414 4255 quo

1841 4267 1974 4322 mihi
2006 4266 2143 4322 bene
2180 4266 2523 4337 complacui;
2554 4267 2732 4337 ipsum
2766 4269 2952 4325 audite
2984 4271 3074 4327 “1’
3104 4292 3124 4324 ι
3161 4272 3263 4340 Qui
3298 4292 3414 4331 om-

1841 4374 1966 4414 nem
2010 4360 2296 4415 scientiam
2328 4375 2360 4415 a
2388 4358 2548 4415 Patre
2579 4360 2805 4430 accepit,
2839 4361 3112 4432 perfectus
3145 4365 3311 4424 Israel
3355 4378 3413 4425 et

178 4450 285 4521 πρὸς
321 4453 496 4509 λαϐὼν
525 4459 555 4511 6
589 4454 795 4519 τέλειος
838 4454 1076 4527 Ἰσραὴλ,
1113 4457 1142 4509 6
1189 4454 1441 4526 ἀληθινὸς
1493 4450 1716 4519 Ἰακὼϐ,

1833 4467 1992 4507 verus
2016 4450 2187 4507 ὅποι)
2211 4489 2226 4514 ,
2275 4470 2295 4503 ι
2345 4462 2467 4520 post
2492 4454 2606 4508 haec
2629 4454 2682 4508 in
2716 4464 2862 4511 terra
2895 4457 3047 4514 visus
3075 4470 3178 4523 est,
3205 4470 3259 4516 et
3285 4477 3413 4518 cum

190 4553 206 4584 ε
228 4538 350 4605 μετὰ
371 4542 542 4594 ταῦτα
578 4548 674 4601 ἐπὶ
692 4546 796 4617 τῆς
827 4547 929 4618 γῆς
956 4546 1134 4618 ὤφθη,
1161 4549 1256 4600 καὶ
1280 4549 1392 4609 τοῖς
1416 4546 1724 4618 ἀνθρώποις

180 4639 581 4711 σννανεστράφη.
633 4657 653 4691 ι
700 4637 915 4710 Ἰσραὴλ
949 4638 1061 4710 (78)
1100 4639 1157 4692 δὲ
1201 4639 1286 4703 τίς
1324 4639 1473 4691 ἐστιν
1520 4637 1638 4691 ἀλλ’
1691 4637 1724 4708 ἢ

241 4775 279 4805 ³’
306 4775 458 4833 Rom.
491 4795 624 4844 vm,
662 4780 748 4832 II.

182 4857 293 4911 χιιι,
320 4849 388 4913 5;
424 4865 507 4913 ιιι,
540 4850 628 4903 I7.
706 4851 752 4881 "
776 4849 1025 4927 garruli;
1047 4866 1125 4921 ιιι,
1153 4850 1239 4920 liii.

240 4962 339 5033 (76)
386 4966 439 5017 '0
457 4964 1235 5036 Λόγ·ος...ἁπεργασὰμενος.
1286 4985 1304 5019 ι
1348 4964 1605 5036 νοιὶιιιιιι
1634 4960 1727 5018 Dei

181 5044 434 5099 operatum
468 5048 557 5091 cst
600 5040 712 5092 Deo
757 5034 929 5091 unum
974 5035 1193 5090 Filium.
1227 5057 1246 5089 ι
1281 5038 1332 5090 Id
1366 5045 1450 5090 est
1490 5034 1725 5089 \‘erhutn

181 5097 259 5154 Dei
280 5101 418 5164 fecit.
458 5114 516 5160 ut
572 5109 665 5175 qui
710 5117 829 5162 erat
868 5123 1009 5161 unus
1053 5106 1226 5161 Filius
1282 5106 1397 5167 Dei,
1434 5106 1571 5159 idem
1615 5106 1730 5173 ipse

180 5183 304 5226 esset
348 5191 490 5248 unus
534 5176 704 5233 Filius
756 5179 1165 5248 hominis,qnia
1210 5179 1263 5231 in
1309 5175 1585 5248 hypostasi
1624 5191 1725 5230 sua

180 5247 450 5312 assumpsit
490 5263 732 5303 carnem.
778 5247 869 5302 Sic
897 5245 1315 5302 enim'Verbum
1346 5245 1478 5302 caro
1519 5245 1727 5301 factum

179 5320 267 5365 est.
289 5311 611 5373 Fanmscus
641 5318 970 5373 Tualitaaus.

210 5380 563 5527 ὰὲζῖξρόγυς
590 5390 699 5461 γὰρ
723 5387 820 5459 ἦν.
857 5389 991 5443 Male
1017 5388 1160 5458 apud
1191 5386 1528 5450 Fabricium,
1558 5386 1727 5454 Λόγος

182 5464 299 5516 σαρζ
324 5464 388 5516 ἢν
397 5496 409 5509 ,

239 5535 343 5607 (78)
388 5541 644 5610 Ἰσραὴλ,
692 5561 747 5597 κ.
774 5561 824 5597 τ.
856 5547 916 5598 λ.
947 5542 1152 5598 Nomen
1186 5527 1374 5603 ιικἾιΠν
1406 5540 1619 5596 Philoni
1655 5538 1730 5593 De

180 5611 392 5685 pmmiis
434 5623 495 5685 ει⁸
514 5616 696 5678 poenis,
742 5630 862 5684 pag.
899 5615 1023 5681 710,
1054 5625 1216 5685 atque
1257 5615 1406 5681 alibi,
1437 5611 1729 5682 exponitur

182 5684 467 5765 δρῶἳβεόν,
483 5680 559 5756 5x
579 5709 697 5756 nm
719 5680 950 5757 ἦθ’έὸἰο
970 5680 1026 5754 et
1041 5680 1451 5754 Constitutiones
1474 5680 1726 5765 apostol.,

183 5760 363 5830 vn,57,
392 5780 510 5829 VIII,
535 5767 618 5822 i5.
642 5769 911 5826 Eusebius
939 5786 1016 5836 ιιι,
1040 5770 1095 5838 6,
1115 5786 1235 5840 pag.
1257 5769 1382 5834 5I9,
1400 5760 1725 5831 Ρντέννιναιορ

473 5864 746 5930 ΡΑτιιοι..
775 5868 892 5932 Gn.
923 5870 1011 5931 Χ.

843 4779 888 4809 ⁸⁸
926 4777 1082 4832 Joan.
1123 4795 1206 4837 ιιι,
1234 4777 1320 4832 I3.
1410 4777 1452 4810 "
1489 4775 1864 4837 Πι111.ὶ’11,ίιῖ.

1834 4544 2147 4600 hominibus
2161 4555 2517 4600 conversatus
2543 4556 2625 4601 est
2640 4548 2705 4600 ⁸⁸.
2723 4567 2739 4597 ι
2762 4546 2895 4614 Quis
2918 4559 3096 4605 autem
3121 4562 3203 4607 est
3229 4552 3411 4620 Israel,

1834 4639 1941 4693 nisi
1994 4638 2159 4692 homo
2204 4636 2399 4692 videns
2450 4636 2662 4692 Deum?
2718 4637 2919 4696 Videns
2972 4652 3149 4699 autem
3215 4645 3411 4712 Deum,

1942 4776 1987 4807 ⁵⁸
2018 4773 2253 4850 ἰξειὶᾘςιι.
2278 4789 2371 4850 tit,
2590 4774 2636 4806 “
2664 4776 2796 4831 ibid.
2831 4777 2923 4845 36,
2963 4777 3051 4832 57.
3129 4778 3178 4811 ⁸⁸
3213 4778 3412 4837 Matth.

2023 4840 2183 4851 ...η-

1828 4963 2093 5035 multique
2140 4960 2252 5035 alii.
2277 4960 2410 5035 Quo
2441 4960 2839 5035 eti._im_referes
2874 4979 2970 5020 eos
2999 4965 3201 5035 quibus
3256 4966 3420 5025 Israel

1825 5043 1909 5089 est
1958 5030 2215 5117 ὁραητικὲς
2265 5030 2414 5117 ἀνὴρΔ
2457 5032 2576 5117 καὶ.
2603 5030 2971 5117 θειέιρήειςιξιὸί1
3011 5030 3084 5117 :ut
3135 5037 3379 5117 Eunseb‘i‘o
3404 5082 3420 5103 ,

1824 5120 1948 5173 pag.
1974 5100 2101 5175 510,
2133 5100 2578 5175 Ρνῳριινὰιη-ιίει
2601 5100 2727 5166 νοῦς
2758 5100 2903 5175 ὀρῶν
2932 5105 3086 5171 Θεὸν,
3113 5117 3173 5162 ιιι
3215 5106 3273 5160 S.
3308 5100 3421 5175 Opé

1826 5170 1939 5229 tato
1973 5173 2051 5253 in_
2072 5175 2177 5253 line
2209 5171 2335 5253 libri
2368 5187 2437 5237 ιι;
2464 5170 2698 5253 Didymp
2724 5170 2865 5253 apud
2893 5170 3195 5253 Ilieron._et
3223 5170 3421 5253 Hiero-

1827 5257 1992 5315 nymo
2041 5243 2142 5311 ipsi
2176 5242 2427 5323 pluribus
2463 5241 2714 5323 lopis;§.
2760 5241 3005 5300 Maximo
3042 5256 3080 5300 t.
3112 5250 3155 5313 Ι,
3192 5265 3248 5318 p.
3286 5247 3414 5314 28f;

1828 5313 2216 5384 Olympiodgro
2259 5329 2314 5384 In
2342 5327 2451 5384 c._t
2487 5311 2845 5384 Incelesrastm,
2883 5315 3114 5372 Leontio
3132 5319 3210 5372 De
3234 5318 3416 5383 sectis,

1840 5381 2066 5457 ρ.ί592;
2106 5381 2423 5457 Theophani
2474 5381 2736 5457 Cerameo
2787 5385 2975 5457 homil.
3005 5388 3059 5451 4,
3086 5404 3139 5457 p.
3186 5388 3276 5453 22,
3305 5381 3413 5443 etc.

1837 5452 2040 5529 AlianL
2043 5452 2425 5529 etymologiam
2456 5452 2924 5529 p_robat_Justinus
2955 5452 3415 5529 martyribialogo

1836 5542 1955 5600 eum
1977 5523 2444 5600 _Trypltone,_pag.
2476 5525 2601 5586 55$,
2634 5523 3120 5600 citvdpwno;_vtxt§9
3161 5523 3411 5600 δύναμίν.

1836 5596 1911 5649 Τὸ
1929 5595 2038 5666 γὰρ
2062 5593 2204 5662 ἴᾳρα
2226 5593 2511 5665 ἄνθρωπος
2538 5595 2702 5648 νικῶν
2724 5593 2859 5659 ἐστι,
2890 5596 2950 5649 τὸ
2980 5596 3037 5650 δὲ
3058 5597 3139 5666 ἣλ
3161 5593 3413 5671 δύναμις.

1837 5679 2111 5737 Sanctum
2130 5679 2301 5731 virum
2326 5680 2567 5742 denotat,
2585 5685 2862 5736 et'mvest
2890 5679 3161 5735 dominari
3193 5697 3258 5737 ac
3287 5686 3414 5740 vin-

1834 5778 1979 5823 cere.
2006 5747 2079 5822 Sx
2101 5762 2477 5817 cl'nolmlliam
2526 5771 2675 5805 enim:
2708 5770 2759 5811 et
2817 5770 3065 5834 angelum
3103 5766 3273 5831 (unde
3313 5767 3410 5828 ὅου

3090 5860 3169 5921 26
