3882 6332
223 324 308 379 8ίὸ
1323 314 1601 374 CONTRA
1635 311 1732 373 ΠΛ

1838 312 1957 371 ιειΝ
1997 313 2218 373 ΝΟΕΤΙ.

3310 323 3418 379 ιιιι

221 442 534 514 τελείψαντας
585 442 730 513 ἡμᾶς
775 441 836 495 τὸ
892 435 1242 510 Εὖαγγέλιον,
1272 445 1339 513 τῇ
1368 439 1532 495 αὐτοῦ
1576 440 1732 512 ἀφρο-

1842 436 1986 493 dicet
2011 438 2090 493 ire
2112 439 2393 497 Christum
2432 442 2733 498 secundum
2758 456 2946 498 vocem
2967 440 3288 515 Evangelii?
3314 444 3412 501 Sin

221 536 333 609 σύνῃ
373 536 650 598 πιστεύειν,
699 533 876 604 μάτην
924 532 1127 604 κάμνει
1153 548 1168 562 ο
1220 550 1239 584 ι
1291 532 1601 604 πειθαρχεῖν
1639 531 1746 603 γὰρ

217 629 283 681 δεῖ
309 626 415 697 Θεῷ
447 626 647 698 μᾶλλον
677 626 711 695 ἦ
745 625 1073 698 ἀνθρώποις.
1121 646 1140 676 ι

285 799 394 854 Ἐὰν
429 799 486 853 δὲ
526 799 698 867 λέγεν
733 797 902 862 Αῦτὺς
930 793 1107 852 εἶπεν·
1144 817 1162 850 ι
1205 797 1349 867 Ἐγὼ
1377 799 1468 851 xui.
1491 801 1519 853 6
1555 800 1744 872 Πατὴρ

215 893 263 946 ἓν
284 892 432 961 ἐσμεν
452 906 468 921 ·
502 909 519 941 ι
549 890 880 944 ἐπιστανέτω
901 891 995 943 τὸν
1024 887 1146 943 νοῦν
1173 891 1265 944 καὶ
1295 889 1626 960 μανθανέτω,
1661 891 1743 945 ὃτι

213 985 297 1039 οὐκ
314 977 469 1049 εἶπεν,
497 983 576 1035 ὅτι
602 1000 620 1034 ι
642 981 781 1052 Ἐγὼ
802 982 894 1035 καὶ
910 983 939 1034 6
959 982 1144 1054 Πατὴρ
1166 983 1223 1035 ἓν
1247 984 1382 1054 είμι,
1419 1002 1437 1035 ι
1471 981 1603 1037 ἀλλὰ
1636 1004 1656 1034 ι
1684 983 1744 1035 ἓν

213 1078 372 1145 ἐσμεν.
428 1094 446 1125 ι
493 1073 565 1126 Τὸ
604 1073 713 1144 γὰρ
744 1093 764 1124 ι
799 1073 965 1145 ἐσμὲν
997 1092 1016 1123 ι
1055 1074 1154 1127 ούκ
1200 1074 1285 1144 ἐφ’
1332 1073 1449 1138 ἐνὸς
1499 1074 1740 1144 λέγεται,

213 1167 311 1222 ἀλλ’
337 1166 425 1220 ἐπὶ
447 1166 537 1219 δύο
580 1166 843 1237 πρόσωπα
872 1164 1090 1231 ἔδειξεν,
1123 1167 1349 1239 δύναμιν
1369 1168 1425 1221 δὲ
1455 1168 1603 1240 μίαν.
1638 1169 1744 1222 Αύ-

211 1255 284 1325 τδς
305 1261 354 1313 δὲ
377 1260 504 1313 αὐτὸ
536 1260 805 1314 ἀπέλυσεν
839 1256 1005 1316 εἰπὼν
1038 1263 1165 1333 περὶ
1196 1263 1451 1336 μαθητῶν
1486 1263 1619 1338 πρὸς
1647 1265 1739 1320 τὸν

212 1350 426 1424 Πατέρα·
463 1371 482 1404 ι
516 1348 627 1424 Τὴν
652 1352 807 1419 δόξαν
836 1354 901 1426 ἣν
951 1354 1156 1420 ἔδωκᾰς
1184 1374 1296 1428 μοι,
1331 1357 1505 1411 ἔδωκα
1535 1359 1736 1423 αὐτοῖς,

208 1444 278 1497 ἵνα
305 1438 423 1497 ὦσιν
468 1443 545 1508 ἓν,
582 1443 763 1509 καθὼς
803 1448 965 1518 ἡμεῖς
1007 1447 1085 1501 ἓν.
1128 1449 1267 1518 Ἐγὼ
1309 1451 1365 1502 ὲν
1415 1450 1616 1515 αὐτοῖς,
1646 1450 1739 1505 καὶ

207 1538 260 1590 σὺ
283 1536 333 1588 ὲν
356 1537 491 1607 ἐμοί,
532 1536 622 1589 ἴνα
649 1530 780 1590 ὦσιν
808 1539 1211 1611 τετελειωμένοι
1241 1542 1321 1605 είς
1349 1541 1427 1603 ἓν,
1462 1542 1548 1595 ἵνα
1577 1540 1741 1611 γινώ-

206 1644 290 1699 σκῃ
317 1631 343 1683 6
371 1628 566 1699 κόσμος
588 1628 671 1683 ὅτι
704 1629 767 1682 σύ
799 1648 865 1701 με
891 1628 1233 1697 ἀπέστειλας.
1265 1652 1284 1685 ι
1314 1634 1378 1686 Τί
1405 1635 1541 1707 πρὸς
1564 1636 1737 1690 ταῦτα

1848 544 1978 585 vero
2002 530 2119 585 vult
2141 540 2203 587 ut
2229 532 2420 588 relicto
2451 531 2767 603 Evangelia,
2796 534 3049 589 amentia:
3072 536 3194 604 ejus
3223 537 3414 593 creda~

1848 635 1994 682 mus,
2022 621 2231 677 frustra
2264 622 2515 678 laborat:
2547 641 2566 676 ι
2602 624 2827 694 Oportet
2866 627 3011 681 enim
3046 627 3266 684 obedire
3295 645 3414 683 ma-

1858 710 1942 782 gis
1967 710 2075 767 Deo
2103 728 2266 782 quam
2305 713 2623 771 hominibus
2652 715 2715 768 “.
2759 736 2778 768 ι

1922 800 2035 857 VII.
2072 804 2129 861 Si
2162 815 2343 862 autem
2368 806 2568 861 ‘dicat:
2602 804 2720 877 Ipse
2755 807 2889 863 dixit
2931 828 2943 864 :
2980 826 2999 860 ι
3031 806 3144 880 Ego
3166 819 3222 866 et
3248 810 3413 867 Pater

1847 909 2016 949 unum
2065 912 2257 955 sumus
2301 898 2380 967 ";
2418 917 2439 952 ι
2477 898 2723 954 advertat
2752 900 3018 966 animum,
3056 912 3111 959 et
3144 904 3411 976 intelligat

1844 988 1988 1059 quod
2024 1004 2132 1044 non
2170 988 2351 1048 dixit:
2383 1010 2403 1043 r
2437 989 2551 1058 Ego
2577 1000 2633 1046 et
2668 991 2826 1049 Pater
2861 1008 3031 1048 unum
3059 1010 3215 1064 sum;
3252 1017 3272 1050 ι
3314 999 3408 1055 sed

1849 1098 1869 1133 ι
1902 1097 2066 1135 unum
2103 1097 2313 1138 sumus.
2351 1102 2370 1135 ι
2408 1081 2543 1138 illud
2574 1087 2745 1148 enim,
2775 1103 2794 1136 ι
2826 1100 3036 1150 sumus,
3073 1106 3092 1139 ι
3123 1104 3232 1145 non
3266 1090 3409 1146 diei-

1845 1179 1935 1225 tur
1971 1171 2039 1226 de
2075 1188 2221 1240 uno;
2253 1173 2349 1230 sed
2371 1174 2452 1230 sic
2487 1174 2646 1243 dixit,
2677 1175 2802 1245 quia
2842 1176 2981 1232 dnas
3028 1192 3288 1248 personas
3315 1181 3408 1237 de-

1840 1267 2186 1333 monstravit,
2218 1283 2382 1322 unam
2413 1276 2590 1323 autem
2624 1270 2947 1339 petentium,
2973 1271 3089 1326 sive
3126 1272 3406 1331 virtutem.

1841 1354 1962 1425 Ipse
1992 1356 2096 1412 hoc
2129 1357 2443 1427 explicavit,
2486 1374 2609 1413 cum
2635 1359 2771 1414 dixit
2796 1359 2863 1415 de
2893 1361 3176 1431 discipulis
3201 1364 3266 1417 ad
3296 1362 3405 1420 Pa-

1839 1458 1977 1504 trem
2011 1467 2025 1505 :
2064 1469 2083 1502 ι
2127 1449 2364 1505 Gloriam
2408 1455 2582 1521 quam
2614 1451 2807 1506 dedisti
2856 1453 3009 1519 mibi,
3044 1454 3165 1509 dedi
3200 1455 3280 1510 eis
3304 1470 3321 1523 ;
3344 1465 3407 1512 ut

1842 1540 1951 1594 sint
1976 1557 2166 1605 unum,
2199 1542 2339 1597 sicut
2363 1558 2464 1598 nos
2493 1558 2659 1596 unum
2691 1558 2901 1597 sumus.
2934 1543 3047 1616 Ego
3078 1543 3131 1598 in
3168 1545 3318 1615 ipsis,
3349 1558 3405 1601 et

1837 1643 1896 1688 tu
1942 1635 1995 1689 in
2032 1650 2159 1702 me;
2188 1646 2246 1690 ut
2280 1637 2390 1691 sint
2416 1634 2637 1706 perfecti
2685 1635 2738 1689 in
2772 1651 2970 1702 unum;
3004 1645 3063 1692 ut
3112 1649 3405 1709 cognoscat

203 1715 355 1792 ἔχουσι
408 1721 583 1791 λέγειν
629 1722 679 1775 oi
728 1722 1055 1795 Νοητιανοι;
1100 1723 1191 1796 Μὴ
1234 1724 1433 1790 πάντες
1475 1726 1533 1780 ἒν
1578 1726 1732 1799 σῶμά

1839 1727 2076 1782 mundus
2108 1727 2251 1797 quod
2298 1737 2354 1782 tu
2386 1742 2473 1782 me
2507 1726 2706 1782 misisti
2733 1727 2801 1783 ".
2843 1746 2862 1781 ι
2903 1727 3042 1794 Quid
3069 1730 3137 1785 ad
3176 1731 3291 1786 bzec
3313 1730 3400 1786 di-

201 1790 323 1863 ἐστιν
347 1790 485 1863 κατὰ
507 1814 607 1884 τὴν
633 1790 841 1874 οὐσίαν,
873 1810 906 1884 ἦ
934 1816 999 1885 τῇ
1032 1790 1254 1885 δυνάμει
1277 1818 1376 1869 καὶ
1400 1820 1468 1889 τῇ
1497 1790 1732 1873 διαθέσει

1838 1832 1960 1874 cere
1988 1826 2220 1889 possunt
2249 1816 2540 1873 Noetiani?
2571 1816 2829 1889 Nunquid
2860 1834 3050 1875 omnes
3079 1837 3249 1877 unum
3277 1836 3401 1878 cor-

199 1901 281 1974 τῆς
323 1902 643 1974 δμοφρονξας
684 1902 744 1957 ἓν
789 1903 1080 1976 γινόμεθα;
1112 1902 1217 1960 Τὸν
1248 1907 1409 1961 αὐτὸν
1435 1909 1499 1980 δὴ
1538 1909 1736 1981 τρόπον

195 1990 221 2044 6
248 1996 359 2059 παῖς
402 1996 508 2067 (89.)
545 1996 578 2050 6
606 1995 874 2068 πεμιρθεὶς
905 1996 1000 2050 καὶ
1026 1998 1117 2051 ὑπ’
1149 1998 1329 2052 αὐτῶν
1361 2000 1435 2072 μὴ
1478 2001 1737 2070 γινωσκό-

198 2104 333 2158 μενος
354 2087 514 2143 ὄντων
542 2091 605 2143 ὲν
633 2091 843 2161 κόσμῳ,
875 2090 1226 2164 ὡμολόγησεν
1255 2085 1394 2146 εἶναι
1427 2094 1485 2147 ἐν
1512 2093 1590 2164 τῷ
1624 2095 1737 2147 Πα-

194 2179 267 2250 cpi.
296 2179 506 2252 δυνάμει
552 2180 699 2254 [καὶ]
730 2181 962 2236 διαθέσει
1008 2179 1141 2253 (85).
1182 2177 1278 2246 Εἷς
1317 2182 1425 2255 γὰρ
1469 2182 1593 2248 νοῦς
1625 2185 1735 2239 Πα-

192 2270 298 2340 apo;
339 2272 366 2323 6
411 2275 538 2336 παῖς
593 2272 723 2345 (84).
770 2274 833 2327 Οί
898 2272 1026 2326 νοῦν
1082 2274 1295 2345 Πατρὸς
1340 2273 1555 2345 ἔχοντες
1593 2274 1734 2329 οὕτω

194 2362 516 2435 πιστεύομενο
547 2367 603 2417 oi
630 2365 689 2419 δὲ
715 2365 805 2418 τὸν
847 2362 967 2419 νοῦν
998 2366 1073 2437 μὴ
1106 2365 1319 2437 ἔχοντες
1341 2366 1430 2420 τὸν
1468 2367 1593 2421 Υίδν
1633 2369 1732 2441 ἤρ-

190 2471 366 2525 νηνται.
385 2456 445 2510 Ei
457 2457 513 2511 δὲ
532 2456 909 2511 καὶΦίλιππον
923 2459 1203 2531 ἐπερωτᾷν
1220 2458 1347 2531 περὶ
1363 2460 1571 2532 Πατρδς
1588 2461 1728 2532 (sic),

190 2545 428 2616 βούλοιντο
465 2548 682 2619 λέγειν’
731 2568 750 2602 ι
803 2551 986 2618 Δεΐξον
1037 2552 1169 2624 ἡμῖν
1210 2550 1302 2605 τὸν
1347 2550 1596 2624 Πατέρα,
1639 2553 1732 2607 καὶ

187 2638 321 2711 ἀρκεῖ
346 2642 470 2712 ἡμῖν
491 2659 505 2673 ·
543 2661 573 2695 ι
613 2640 753 2714 πρὸς
786 2642 846 2696 ὃν
893 2644 1163 2715 ἀπεκρίθη
1210 2644 1238 2696 6
1266 2642 1490 2716 Κύριος,
1521 2642 1727 2713 λέγων’

190 2749 207 2782 ι
236 2732 479 2788 Τοσοῦτον
504 2734 705 2806 χρόνον
733 2734 851 2805 μεθ’
881 2734 1034 2806 ὑμῶν
1062 2737 1196 2806 εἰμι,
1222 2735 1476 2800 Φίλιππε,
1516 2735 1609 2788 κατ¹
1631 2734 1732 2789 οὐκ

187 2820 400 2890 ἔγνωκάς
444 2842 539 2897 με’
574 2826 604 2879 6
644 2823 906 2897 ἑωρακὼς
954 2824 1072 2895 ἐμὲ,
1104 2824 1314 2899 ἑώρακε
1354 2826 1444 2879 τὸν
1488 2825 1727 2898 Πατέρα.

1836 1924 1939 1978 pus
1959 1920 2086 1965 sunt
2108 1910 2405 1965 secundum
2429 1911 2839 1967 substantiam?
2871 1926 2938 1966 an
2971 1927 3096 1968 vero
3132 1921 3400 1983 potestate

1834 2009 1889 2055 et
1909 2001 2192 2057 affectione
2223 2003 2598 2059 consensionis
2625 2011 2681 2058 et
2708 2003 3015 2060 concordia:
3037 2021 3203 2060 unum
3236 2006 3403 2061 cilici-

1839 2091 1997 2146 mur?
2036 2093 2117 2147 Ad
2149 2094 2397 2149 eumdem
2441 2094 2664 2149 modum
2694 2109 2831 2165 puer
2858 2095 3082 2162 missus,
3108 2107 3161 2152 et
3190 2097 3257 2152 iis
3302 2098 3396 2168 qui

1836 2183 1890 2237 in
1926 2184 2129 2239 mundo
2161 2195 2316 2240 erant
2360 2200 2472 2240 non
2514 2187 2765 2258 cognitus
2808 2187 2874 2254 ",
2907 2187 3193 2244 confessus
3221 2198 3306 2245 est
3337 2206 3398 2247 se

1834 2293 1955 2334 esse
1986 2278 2039 2333 in
2066 2274 2226 2335 Patre
2260 2288 2528 2351 potestate
2556 2290 2612 2336 et
2654 2279 2939 2337 aﬂ'ectione
2977 2284 3392 2354 consensionis;

1834 2388 1943 2427 una
1963 2373 2107 2427 enim
2139 2389 2292 2430 mens
2321 2372 2500 2430 Patris
2524 2382 2607 2429 est
2636 2389 2790 2444 puer.
2822 2373 2925 2442 Qui
2948 2384 3128 2431 autem
3161 2389 3392 2434 mentem

1834 2462 2011 2520 Patris
2054 2465 2337 2531 habemus,
2372 2467 2453 2523 sic
2498 2467 2813 2534 credimus;
2842 2469 2936 2539 qui
2984 2485 3115 2525 vero
3151 2487 3257 2525 non
3294 2472 3394 2527 ba-

1831 2556 1981 2621 bent,
2033 2555 2231 2610 Filium
2279 2566 2629 2626 negaverunt.
2669 2556 2727 2612 Si
2774 2568 2954 2614 autem
3005 2560 3171 2616 velint
3214 2561 3395 2618 dicere

1831 2648 1976 2717 quod
2023 2648 2305 2718 Philippus
2350 2649 2417 2703 de
2444 2646 2604 2704 Patre
2640 2649 2981 2722 interrogans
3013 2671 3027 2707 :
3066 2672 3085 2705 ι
3132 2651 3390 2724 Ostende,

1832 2741 2028 2813 inquit,
2048 2741 2205 2797 nobis
2229 2739 2470 2809 Patrem,
2495 2751 2550 2797 et
2576 2742 2775 2798 sutlicit
2796 2744 2986 2810 nobis;
3013 2764 3031 2798 ι
3058 2748 3143 2801 cui
3170 2762 3396 2818 respon-

1830 2835 1909 2888 dit
1941 2833 2206 2889 Dominus
2241 2834 2491 2905 inquiens
2526 2851 2541 2888 :
2577 2854 2597 2887 ι
2637 2832 2814 2891 Tanto
2845 2844 3085 2909 tempore
3106 2840 3390 2896 vobiscum

188 2913 248 2968 ού
274 2917 531 2982 πιστεύεις
575 2917 662 2973 ὅτι
692 2917 803 2987 ἐγὼ
836 2918 894 2973 ἐν
924 2917 1002 2989 τῷ
1040 2918 1234 2989 Πατρὶ,
1265 2918 1359 2972 καὶ
1398 2919 1427 2970 6
1454 2918 1643 2990 Πατὴρ
1673 2919 1731 2972 έν

1838 2942 1974 2992 sum,
2025 2924 2292 2996 Philippe,
2343 2937 2397 2982 et
2439 2940 2549 2981 non
2603 2930 2908 2999 cognovisti
2955 2930 3214 2999 ιιιεῖρυί
3256 2934 3394 2991 vidit

186 3008 288 3077 ἐμοί
304 3011 470 3075 ὲστινς
508 3030 528 3062 ι
562 3010 663 3064 καὶ
682 3008 893 3063 θέλουσι
914 3009 1115 3077 λέγειν,
1148 3008 1236 3062 διὰ
1254 3008 1441 3062 τούτου
1467 3009 1729 3081 κρατύνε-

1838 3034 1940 3085 me,
1968 3018 2103 3072 vidit
2131 3026 2185 3073 et
2213 3014 2454 3073 Patrem.
2489 3017 2606 3074 Non
2639 3021 2817 3076 credis
2838 3022 2963 3092 quia
2983 3038 3084 3095 ego
3115 3025 3167 3079 in
3210 3025 3389 3088 Patre,

186 3099 286 3155 σθαι
328 3100 384 3154 τὸ
429 3102 609 3174 δόγμα
657 3100 856 3169 αὐτῶν,
896 3098 1280 3172 ὁμολογοῦντος
1322 3099 1486 3154 αὐτοῦ
1538 3101 1727 3156 ἑαυτὸν

1838 3124 1881 3166 et
1905 3109 2063 3165 Pater
2110 3110 2165 3164 in
2198 3125 2284 3165 me
2312 3119 2395 3165 est
2426 3110 2511 3165 ⁸θῖ
2550 3130 2569 3163 ι
2606 3123 2660 3168 et
2692 3113 2894 3170 audent
2921 3115 3100 3171 dicere
3128 3120 3274 3187 quod
3308 3120 3393 3175 his

185 3191 401 3265 Πατέρα·
432 3193 730 3264 γνώτωσαν
767 3194 848 3247 ὅτι
878 3192 1132 3265 μέγιστον
1163 3191 1375 3255 ἑαυτοῖς
1419 3192 1730 3264 ἐναντίωμα

185 3283 521 3357 ἐπιφέρουσιν,
557 3286 654 3341 ὑπ’
691 3284 856 3341 αὐτοῦ
886 3283 981 3340 τοῦ
1013 3283 1176 3357 ῥητοῦ
1206 3283 1576 3356 ἐλεγχόμενοι.
1620 3285 1727 3339 Τοῦ

185 3377 273 3449 γὰρ
300 3378 526 3449 Χριστοῦ
563 3376 759 3432 ἑαυτὸν
792 3381 849 3432 ὲν
874 3378 1037 3432 πᾶσιν
1071 3377 1199 3430 Υἱὸν
1220 3377 1465 3441 είτώντος
1494 3379 1588 3431 καὶ
1618 3377 1728 3431 δεί-

185 3467 361 3536 ξαντος,
385 3474 483 3527 ούκ
512 3473 835 3540 ἐπέγνωσαν
859 3471 980 3524 οὐδὲ
1010 3469 1407 3524 καταλαϐέσθαι
1429 3470 1462 3542 ἢ
1489 3471 1730 3527 ἀτενίσαι

184 3559 265 3630 τὴν
283 3560 495 3634 δύναμιν
524 3561 884 3633 ἐδυνήθησαν.
922 3560 1030 3613 Καὶ
1062 3558 1220 3613 τοῦτο
1245 3560 1318 3632 μὴ
1349 3561 1606 3631 χωρήσας
1638 3560 1729 3613 ψι-

185 3646 370 3715 λιππος,
408 3653 528 3706 καθ’
553 3653 583 3705 ὃ
614 3647 684 3722 ἦν
730 3651 874 3714 ἰδεῖν,
907 3651 996 3704 τὸν
1037 3650 1257 3723 Πατέρα
1290 3651 1441 3721 ἠξίου
1490 3650 1725 3721 βλέπειν.

185 3740 302 3815 Πρὸς
342 3744 400 3797 δν
425 3745 453 3798 6
486 3743 695 3816 Κύριος
738 3742 871 3813 ἔφη·
906 3762 924 3793 ι
962 3742 1215 3805 Φίλιππε,
1243 3742 1493 3795 τοσοῦτον
1538 3741 1728 3814 χρόνον

186 3834 284 3901 μεθ’
321 3837 468 3907 ὑμῶν
513 3840 655 3908 εἰμι,
700 3836 795 3888 καὶ
834 3834 935 3887 οῦκ
975 3833 1219 3901 ἔγνωκάς
1257 3850 1358 3904 με;
1397 3835 1426 3886 6
1468 3832 1728 3909 ἑωρακὼς

183 3928 280 3996 ἐμὲ,
307 3928 508 4001 ἑώρακε
539 3930 635 3982 τὸν
678 3926 914 3998 Πατέρα.
945 3946 964 3979 ι
1003 3927 1313 3994 Τουτέστιν,
1345 3929 1395 3979 εί
1423 3928 1520 3998 ἐμὲ
1552 3925 1725 4000 ἐώρα-

184 4033 283 4085 κας,
306 4022 368 4075 δι’
398 4022 533 4095 ἐμοῦ
559 4022 656 4076 τὸν
686 4021 904 4093 Πατέρα
930 4019 1131 4089 γνῶναι
1158 4019 1311 4092 δύνῃ.
1344 4020 1443 4074 Διὰ
1487 4019 1593 4092 γὰρ
1624 4019 1725 4089 τῆς

1831 3202 2008 3258 verbis
2053 3218 2244 3257 eorum
2291 3203 2487 3274 dogma
2530 3206 2908 3273 confirmatur,
2943 3207 3061 3277 ipso
3099 3213 3394 3272 confitente

1830 3307 1890 3347 se
1922 3307 2044 3347 esse
2084 3291 2331 3360 Patrem;
2361 3294 2538 3349 sciant
2565 3293 2864 3350 maximam
2894 3299 3305 3368 repugnantiam
3335 3301 3389 3356 in

1830 3399 1889 3438 se
1938 3384 2084 3453 ipsos
2138 3385 2416 3453 inducere,
2467 3385 2749 3457 Scriptura
2799 3403 2896 3444 eos
2941 3390 3298 3461 redarguente
3338 3403 3394 3449 et

1829 3476 2203 3531 convincente.
2255 3474 2394 3531 Cum
2448 3478 2592 3533 enim
2640 3478 2895 3535 Christus
2941 3480 2996 3535 in
3029 3484 3284 3540 omnibus
3333 3502 3393 3541 se

1828 3565 2022 3620 Filium
2048 3566 2274 3622 dixisset
2293 3577 2345 3621 et
2366 3569 2811 3635 demonstrasset,
2836 3586 2943 3626 non
2977 3582 3155 3629 tamen
3185 3589 3392 3647 cogno—

1827 3666 2017 3713 verant
2065 3673 2213 3723 eum,
2253 3673 2428 3728 neque
2473 3658 2725 3714 virtutem
2778 3660 2898 3731 ejus
2944 3661 3241 3736 intelligere
3300 3677 3393 3723 ant

1829 3749 2027 3804 intueri
2055 3759 2362 3821 potuerant.
2389 3749 2454 3806 Et
2486 3752 2587 3807 hoc
2606 3750 2882 3823 Philippus
2902 3771 3025 3811 eum
3059 3773 3250 3828 capere
3279 3775 3388 3814 non

1827 3851 2031 3909 posset,
2069 3843 2247 3912 quoad
2271 3845 2454 3899 videre
2477 3843 2688 3909 licebat,
2715 3845 2929 3900 volebat
2950 3848 3129 3904 videre
3150 3848 3390 3907 Patrem.

1827 3931 1927 3987 Cui
1974 3932 2236 3990 Dominus
2268 3934 2406 3989 dixit
2437 3953 2452 3989 :
2495 3955 2514 3987 ι
2545 3935 2809 4006 Philippe,
2832 3946 2984 3992 tanto
3027 3949 3262 4010 tempore
3288 3957 3389 3994 vo-

1831 4025 2041 4082 biscum
2085 4042 2228 4092 sum,
2260 4036 2315 4081 et
2344 4041 2451 4082 non
2489 4028 2786 4099 cognovisti
2817 4028 2937 4083 me?
2972 4029 3066 4099 qui
3110 4031 3245 4088 vidit
3277 4049 3388 4102 me,

237 4184 278 4215 “
297 4188 409 4243 Act.
439 4204 495 4255 v,
524 4187 630 4254 ‘19;
659 4201 733 4252 Iv,
772 4185 857 4240 19.
930 4186 977 4218 ⁸⁸
1004 4184 1164 4241 Joan.
1190 4202 1244 4252 ι,
1272 4184 1362 4240 30.
1436 4185 1485 4217 "
1513 4184 1669 4241 Joan.
1697 4204 1732 4242 ι

1856 4185 1951 4252 '22,
1981 4186 2073 4241 25.
2147 4186 2192 4219 ⁸⁷
2220 4184 2378 4243 Joan.
2408 4203 2445 4252 ι,
2481 4186 2563 4241 l0.
2638 4186 2685 4219 ⁸⁸
2710 4185 2868 4243 Joan.
2900 4203 3016 4254 xxv,
3038 4186 3093 4256 8,
3120 4188 3174 4244 9.

238 4340 337 4410 (82)
372 4342 622 4423 ὀι-παῖςΞ
655 4340 888 4423 c_Fi|ius.
920 4341 1145 4423 {Sic-et
1168 4341 1332 4411 paulo
1354 4350 1498 4411 post,
1533 4351 1590 4395 ut
1620 4359 1715 4423 ξιι-
1818 4340 2147 4423 ορεςιιλΝοιι
2161 4342 2378 4397 creditis
2396 4342 2526 4411 quia
2549 4357 2648 4423 ego
2671 4342 2725 4396 in
2776 4339 2935 4423 Patre
2956 4352 3011 4396 et
3021 4339 3189 4423 Pater
3216 4343 3271 4396 in
3297 4359 3385 4400 me

181 4421 260 4504 ιτα
290 4427 398 4504 θριξ-
522 4412 751 4504 ειέητνθ
790 4427 910 4482 ev-
942 4413 1030 4467 “~
1076 4409 1233 4465 Per"
1272 4409 1522 4481 ναέτυηιν
1573 4432 1591 4463 ι
1628 4412 1717 4467 Fi-
1749 4425 1792 4481 ο
1820 4409 2149 4504 ςέεῖιιὶεξξιξιί
2174 4409 3383 4504 PE?PE?‘19PP"?§P§‘3.‘ETE““9:1923????"

181 4482 820 4552 tiumintellige.Fsenic.
1014 4551 1017 4552 ν
1108 4550 1121 4552 _
1822 4486 1912 4541 hic
1960 4484 2123 4537 homo
2173 4483 2498 4551 operabatur
2541 4482 2851 4552 justitiam,
2909 4482 3377 4549 misericordiam,

239 4553 333 4622 (83)
354 4552 632 4622 Δυνάμει,
660 4551 939 4607 διαθέσει.
979 4550 1279 4607 Confessus
1313 4560 1399 4607 est
1430 4567 1488 4607 se
1513 4566 1634 4622 esse
1659 4553 1713 4607 in
1818 4552 2138 4612 charitatem
2168 4550 2222 4605 et
2252 4561 2474 4606 caeteras
2503 4550 2731 4607 virtutes
2756 4552 3164 4608 immntabiliter
3192 4567 3386 4608 secun-

179 4615 629 4692 Patre,_potestate
663 4633 718 4678 et
749 4622 1049 4686 affectione,
1080 4622 1265 4676 nmltis
1298 4622 1352 4675 in
1384 4623 1517 4676 locis
1540 4620 1718 4675 Evan-
1817 4627 1945 4680 dum
1973 4621 2063 4676 Dei
2096 4623 2465 4685 voluntatem;
2494 4623 2595 4677 bac
2615 4623 2779 4676 etiam
2806 4623 3035 4687 ratione,
3067 4625 3120 4678 id
3142 4632 3249 4687 est,
3284 4637 3383 4692 po-

181 4692 301 4764 gelii.
332 4690 485 4747 Joan.
521 4708 645 4764 cap.
686 4710 742 4757 ιι,
774 4693 843 4747 58
879 4712 893 4747 :
926 4712 945 4744 ι
984 4694 1040 4747 Si
1076 4693 1209 4746 mihi
1240 4707 1348 4764 non
1393 4691 1555 4746 vultis
1593 4707 1717 4764 cre-
1818 4701 2011 4750 testate
2039 4700 2093 4746 et
2125 4692 2489 4764 consensione
2527 4693 2724 4764 mentis
2752 4700 2808 4764 et
2839 4692 3156 4764 voluntatis,
3187 4702 3242 4748 et
3271 4690 3382 4747 non

181 4758 606 4832 dere,_operibus'
630 4764 833 4818 credite
876 4779 891 4817 :
924 4774 982 4818 ut
1008 4762 1352 4832 cognpscatis
1395 4771 1449 4832 et
1481 4762 1716 4816 credatis
1817 4766 1993 4820 solum
2023 4763 2338 4832 secundum
2362 4762 2742 4832 substantiam,
2776 4763 2890 4832 ipse
2935 4772 2991 4816 et
3025 4761 3185 4817 Pater
3214 4778 3385 4818 unum

178 4832 286 4897 quia
311 4829 464 4888 Pater
510 4835 564 4887 in
598 4848 685 4888 me
710 4841 813 4896 est,
844 4842 898 4888 et
921 4848 1022 4904 ego
1058 4829 1113 4887 in
1141 4831 1319 4886 Patre.
1352 4850 1371 4882 ι
1410 4830 1717 4904 Operaau-
1816 4842 1993 4895 erant,
2038 4832 2178 4887 sicut
2206 4831 2421 4904 v_o|ebat
2462 4831 2761 4900 discipulos
2790 4829 2920 4887 suos
2961 4847 3086 4887 esse
3125 4847 3297 4904 unum
3328 4832 3382 4886 in

181 4908 269 4971 tem
293 4912 442 4957 erant
473 4918 585 4957 non
608 4905 784 4958 solum
812 4900 1075 4958 miracula
1104 4917 1226 4971 quae
1252 4903 1549 4955 secundum
1573 4901 1715 4971 divi-
1816 4903 2034 4958 Christo
2062 4911 2115 4956 et
2142 4903 2196 4956 in
2228 4900 2409 4957 Patre.
2441 4909 2710 4971 potestate
2735 4910 2791 4954 et
2813 4904 3177 4959 consensione
3200 4903 3388 4971 volun-

180 4968 377 5042 nitatem
428 4974 774 5042 Operabatur,
816 4978 911 5029 sed
956 4968 1185 5027 virtutes
1225 4986 1385 5042 quas
1414 4970 1714 5025 secundum
1817 4974 1944 5028 tatis
1984 4987 2095 5026 sua:
2142 4988 2268 5027 cum
2321 4968 2597 5027 voluntate
2641 4969 2819 5026 Patris
2841 4979 2896 5033 et
2933 4972 3074 5028 Filii.
3108 4970 3207 5028 FB.
3239 4969 3385 5027 Tun-

180 5038 566 5112 hunianitatém,
588 5044 730 5099 sicut
750 5044 817 5099 de
840 5057 904 5098 eo
931 5043 1193 5112 scriptum
1215 5038 1317 5105 est,
1342 5039 1505 5112 Hebr.
1532 5055 1713 5112 φαμι,
1816 5057 2030 5097 ιιιληυε.

180 5109 391 5189 exPsal.
439 5106 568 5166 ων
602 5131 615 5167 :
652 5133 671 5164 ε
711 5112 957 5193 Dilexisti
986 5106 1277 5193 justitiam1
1305 5117 1360 5166 et
1398 5110 1561 5193 odisti
1600 5106 1715 5193 ini-

1887 5113 1998 5183 (84)
2028 5106 2451 5193 Εἷς-γᾴρ.νώςι
2474 5111 2704 5193 Ιζατρὸς
2739 5114 2778 5193 Ad
2811 5111 2973 5177 παῖς.
2992 5110 3059 5193 ,ιιι
3086 5120 3195 5193 est,
3226 5128 3385 5193 mens

179 5179 447 5252 quitatem;
479 5192 761 5252 propterea
784 5184 937 5237 unxit
957 5178 1009 5237 te
1041 5182 1202 5244 Deus,
1238 5180 1381 5252 Deus
1412 5190 1560 5245 tuus,
1595 5178 1716 5234 oleo
1816 5178 2054 5236 ltuinana
2097 5180 2298 5252 Christi
2344 5195 2450 5235 non
2482 5178 2754 5251 discrepat
2795 5197 2827 5237 a
2856 5192 3037 5252 mente
3067 5182 3248 5236 divina
3277 5182 3383 5236 Pn-

180 5248 350 5322 latinae
374 5248 861 5322 prin-participibus
886 5254 1014 5307 tuis.
1042 5271 1061 5303 ι
1091 5251 1219 5305 Item
1253 5249 1408 5306 Joan.
1433 5267 1554 5322 cap.
1582 5266 1672 5322 ιιι
1698 5292 1709 5303 .
1818 5257 1949 5318 tris;
1981 5261 2035 5306 et
2063 5254 2163 5304 hac
2192 5251 2403 5322 ratione
2445 5266 2597 5306 mens
2629 5248 2867 5306 humana
2908 5250 3110 5306 Christi
3134 5255 3234 5305 etsi
3274 5269 3383 5310 ιιιιιι

185 5337 199 5366 ι
233 5320 325 5383 Qui
353 5320 635 5386 videt—me,
667 5320 811 5377 videt
837 5338 960 5377 eum
994 5323 1085 5391 qui
1112 5322 1261 5377 misit
1289 5336 1394 5376 me.
1420 5339 1438 5372 ι
1465 5320 1531 5374 Ει
1556 5321 1715 5390 paulo
1816 5332 1934 5376 erat
1959 5321 2318 5376 essentialiter
2345 5335 2500 5391 mens
2529 5321 2733 5387 divina,
2758 5331 2877 5377 erat
2905 5331 3087 5376 tamen
3119 5331 3385 5389 potestate

179 5401 281 5457 post
308 5409 322 5445 :
347 5409 365 5442 ι
408 5391 514 5448 Sed
548 5393 642 5462 qui
668 5393 818 5447 misit
847 5408 932 5446 me
968 5390 1148 5458 Pater,
1180 5394 1295 5462 ipse
1321 5393 1454 5445 mihi
1487 5391 1713 5445 manda-
1819 5402 1875 5446 et
1914 5393 2219 5455 affectione,
2255 5390 2370 5445 sive
2409 5390 2766 5461 dispositione
2802 5391 3203 5462 consensionis,
3254 5392 3385 5461 quia

181 5466 275 5513 lum
297 5462 457 5533 dedit,
490 5459 618 5532 quid
653 5463 853 5526 dicam,
888 5471 942 5516 et
960 5464 1091 5533 quid
1116 5459 1337 5533 loquar;
1362 5471 1418 5516 et
1444 5463 1559 5533 scio
1583 5462 1713 5533 quin
1814 5463 2145 5518 adiciebatur
2185 5459 2511 5533 secundum'
2539 5464 2882 5533 voluntatem,
2911 5459 3006 5515 Dei
3048 5459 3300 5518 voluntas
3331 5472 3387 5519 et

182 5530 468 5601 tnandatum
508 5530 637 5600 ejus
673 5542 758 5588 est
798 5534 906 5587 vita
950 5530 1226 5587 aeterna.)
1264 5531 1394 5586 Erat
1440 5531 1606 5601 igitur
1655 5531 1710 5583 in
1817 5549 1971 5588 niens
2009 5534 2242 5586 humana
2273 5532 2510 5601 Christi;
2541 5534 2615 5587 ita
2661 5542 2721 5587 ut
2762 5531 2988 5601 δυνάμει
3033 5544 3140 5583 una
3175 5541 3390 5600 essent,

181 5593 317 5655 Patre
360 5593 625 5683 potestate
666 5602 1371 5683 secundumoperationem
1403 5593 1715 5683 piandatg‘v
1816 5619 1937 5676 quae
1961 5615 2117 5660 erant
2143 5600 2438 5663 secundum
2471 5593 2831 5662 substantiam
2866 5593 2988 5656 dua:
3016 5608 3249 5657 utentes.
3284 5605 3362 5661 In.

183 5679 283 5722 rum
326 5668 465 5741 ejus,
517 5673 577 5750 id
610 5683 713 5739 est,
737 5674 1018 5750 cbarita‘tis
1040 5668 1110 5728 ἐι
1158 5672 1337 5727 omnis
1366 5672 1607 5750 virtutis;
1651 5668 1716 5750 Ιςὶι

183 5750 284 5804 cap.
314 5740 397 5797 xiv
434 5762 446 5797 :
485 5763 503 5795 ι
542 5742 698 5799 Pater
732 5753 910 5799 autem
942 5745 996 5798 in
1027 5759 1112 5799 me
1157 5758 1403 5809 manens,
1437 5742 1551 5812 ipse
1581 5740 1713 5796 facit
