3882 6332
462 338 580 395 ⁷815

1137 339 1193 395 S.
1229 340 1587 397 HIPPOLYTI
1620 341 1767 398 OPP.
1810 342 1989 398 PARS
2029 344 2093 399 11.
2140 375 2212 386 —
2248 344 2551 402 DOGMAT.
2592 348 2681 404 ET
2714 349 3056 410 HISTORIC.
3564 369 3645 427 ste

474 460 612 517 vidit
635 459 877 518 Patrem.
917 480 934 513 ι
975 460 1031 516 Id
1062 471 1166 528 est,
1206 465 1253 518 si
1285 480 1372 519 me
1401 465 1603 529 vidisti,
1640 481 1735 535 per
1774 481 1861 521 me
1895 474 2024 536 pote;

2154 467 2360 533 εἰκόνος
2396 471 2589 541 ὁμοίας
2616 475 2990 547 τυγχανούσης
3021 474 3318 544 εὖγνωστος
3345 482 3371 533 ὁ
3403 482 3560 558 Πατὴρ
3584 489 3651 558 γί-

474 550 695 608 Patrem
724 567 1070 623 cognoscere.
1108 553 1212 608 Per
1241 554 1528 625 imaginem
1560 555 1705 609 enim
1747 571 1866 626 quae
1890 556 2047 611 simi-

481 640 548 696 lis
577 652 681 705 est,
719 651 896 712 potest
925 642 1081 699 facile
1111 643 1271 700 Pater
1300 647 1580 717 cognosci.
1611 644 1705 700 Sin
1746 662 1873 702 vero
1905 647 2046 703 ima-

477 733 657 801 ginem
682 750 803 803 quae
836 744 922 789 est
945 734 1136 802 Filius,
1168 752 1275 791 non
1299 738 1602 807 cognovisti
1630 756 1643 791 :
1674 738 1945 807 quomodo
1968 740 2051 794 vis

475 823 692 879 Patrem
738 827 961 880 videre?
990 826 1147 893 Quod
1184 837 1363 882 autem
1402 828 1518 883 haec
1555 830 1628 884 ita
1663 831 1959 901 sint,’qua3
1993 833 2047 886 in

477 920 595 987 ipso
623 920 796 988 capite
822 918 1031 986 adjecta
1059 928 1111 974 et
1134 920 1377 988 subjecta
1418 929 1565 979 sunt.
1594 922 1899 990 explicant;
1924 940 2046 992 qua:

478 1008 804 1074 signiﬁcant,
850 1006 1049 1061 Filium
1080 1025 1097 1057 ι
1134 1009 1471 1077 propositum
1508 1009 1552 1040 ⁵³
1594 1010 1819 1066 missum
1849 1027 1970 1066 esse
2017 1030 2048 1067 a

475 1097 634 1155 Patre
664 1100 709 1133 ⁵ο
740 1108 795 1153 et
818 1099 884 1153 ad
908 1097 1121 1155 Patrem
1156 1099 1235 1153 ire
1266 1100 1330 1153 ⁸⁸.
1365 1120 1384 1151 ι

546 1192 680 1246 νιιι.
721 1192 886 1245 Multa
937 1191 1077 1256 alia,
1124 1192 1235 1246 imo
1282 1207 1410 1247 vero
1442 1193 1625 1249 omnia
1669 1193 1798 1249 huic
1829 1196 2049 1250 veritati

474 1285 856 1355 astipulantur.
905 1280 1137 1338 Necesse
1169 1298 1299 1354 ergo
1345 1292 1460 1350 est,
1503 1294 1564 1338 ut
1599 1285 1851 1355 quamvis
1878 1286 2046 1353 nolit,

474 1376 796 1431 confiteatur
838 1370 1051 1426 Patrem
1099 1371 1269 1427 Deum
1313 1375 1736 1444 omnipotentem
1758 1417 1774 1442 ,
1801 1384 1855 1431 et
1884 1375 2047 1431 Chri-

474 1477 618 1525 stum
654 1467 837 1522 Jesum
876 1466 1075 1521 Filium
1106 1466 1232 1532 Dei,
1273 1465 1438 1521 Deum
1478 1465 1683 1521 factum
1728 1466 2003 1522 hominem
2030 1508 2046 1534 ,

472 1562 558 1617 cui
590 1561 770 1616 omnia
801 1559 958 1616 Pater
983 1558 1213 1625 subjecit
1237 1567 1431 1627 praeter
1455 1573 1534 1623 se,
1565 1566 1621 1613 et
1645 1556 1904 1628 Spiritum
1928 1573 2052 1613 san-

2154 577 2320 614 νεται.
2348 562 2410 615 Et
2438 561 2493 616 δὲ
2515 562 2612 635 τὴν
2634 565 2838 629 είκόνα,
2865 566 2987 636 ἥτις
3010 567 3157 621 ἐστὶν
3180 570 3209 622 ό
3239 568 3371 635 Υἱὸς,
3396 574 3481 629 οὒκ
3500 576 3653 646 ἔγνως,

2112 704 2115 706 ,
2153 652 2271 716 πῶς
2302 652 2429 707 ίδεῖν
2460 653 2633 718 Θέλεις
2656 656 2748 710 τὸν
2777 658 3032 730 Πατέρα;
3058 659 3178 713 Ὀτι
3212 660 3353 715 ταῦθ’
3377 664 3525 732 οὕτως
3547 670 3653 741 ἔχει,

2150 746 2221 798 τὰ
2246 744 2569 817 ἐπικείμενα
2593 746 2672 819 τῷ
2699 748 2978 821 κεφαλαίῳ
3003 750 3095 803 καὶ
3116 752 3432 824 ὑποκείμενα
3450 759 3655 827 ἀπολύει,

2158 858 2175 889 ι
2210 839 2300 891 τὸν
2327 840 2682 910 προκείμενον
2718 861 2737 893 ι
2766 841 2893 894 Υἰὸν
2930 861 2949 893 ι
2984 842 3384 915 ἀπεσταλμένον
3414 851 3544 921 παρὰ
3567 854 3659 907 Πα-

2151 928 2278 998 τρὸς
2308 930 2400 983 καὶ
2424 928 2561 1000 πρὸς
2583 930 2801 1001 Πατέρα
2832 930 3191 1002 πορευόμενον
3228 952 3247 985 ι
3277 936 3602 1005 σημαίνονταιι

2223 1191 2400 1247 Πολλά
2426 1192 2481 1245 δὲ
2515 1193 2611 1246 καὶ
2636 1192 2821 1263 ἔτερα,
2860 1191 3057 1263 μᾶλλον
3087 1190 3143 1244 δὲ
3185 1191 3358 1247 πάντα
3385 1193 3516 1248 ἐστὶν
3555 1215 3657 1272 μαρ

2150 1283 2416 1356 τυροῦντα
2452 1286 2518 1355 τῇ
2557 1283 2802 1356 ἀληθείᾳ.
2875 1283 3144 1354 Ἀνάγκην
3191 1280 3288 1338 οὖν
3337 1284 3438 1356 ἔχει
3484 1289 3563 1343 καὶ
3604 1292 3664 1363 μὴ

2153 1377 2319 1431 θέλων
2370 1375 2652 1447 ὁμολογεῖν
2692 1376 2911 1447 Πατέρα
2960 1375 3091 1429 Θεὸν
3133 1377 3524 1449 παντοκράτορα
3544 1418 3558 1442 ,
3591 1381 3669 1436 καὶ

2150 1469 2385 1540 Χριστὸν
2414 1467 2618 1540 Ἰησοῦν
2636 1466 2759 1521 Υίὸν
2780 1465 2935 1532 Θεοῦ,
2956 1466 3088 1520 Θεὸν
3105 1467 3382 1539 ἄνθρωπον
3404 1470 3665 1540 γενόμενον,

2149 1556 2194 1631 ᾧ
2225 1562 2402 1617 πάντα
2421 1562 2608 1634 Πατὴρ
2636 1560 2868 1626 ὑπέταξε
2898 1562 3174 1633 παρεκτὸς
3193 1561 3403 1626 ἑαυτοῦ,
3434 1564 3515 1615 καὶ
3530 1562 3671 1615 Ilvati-

471 1666 654 1722 ctum;
707 1664 760 1710 et
793 1656 895 1711 hos
934 1670 1055 1711 esse
1105 1667 1231 1707 vere
1274 1661 1402 1707 tres.
1452 1649 1606 1717 Quod
1646 1652 1693 1706 si
1747 1651 1862 1705 vult
1909 1651 2024 1707 sciri

2154 1673 2319 1727 ματος
2348 1654 2502 1722 ἁγίου
2523 1695 2537 1718 ,
2572 1655 2666 1707 καὶ
2692 1653 2912 1718 τούτους
2962 1648 3101 1707 εἶναι
3142 1652 3316 1716 οὕτως
3362 1654 3496 1726 τρία.
3536 1656 3588 1707 Εἰ
3623 1654 3668 1708 δὲ

470 1749 746 1818 quomodo
777 1763 918 1803 unus
959 1748 1101 1803 Deus
1122 1745 1549 1809 demonstratur,
1577 1742 1714 1799 sciat
1735 1757 1899 1796 unam
1926 1757 2024 1796 εδει

2155 1742 2398 1818 βούλεται
2422 1745 2635 1818 μαθεῖν,
2666 1745 2783 1809 πῶς
2812 1740 2892 1809 εἷς
2929 1746 3060 1809 Θεὸς
3104 1746 3503 1810 ἀποδείκνυται,
3540 1764 3671 1816 γινω-

469 1815 721 1894 virtutem
754 1840 867 1894 sive
890 1837 1181 1909 potentiam
1212 1836 1394 1906 hujus.
1435 1833 1502 1890 Et
1529 1841 1789 1904 quantum
1826 1833 2024 1904 quiden

2150 1815 2324 1893 σκέτω
2351 1815 2433 1892 ὃτι
2483 1838 2579 1909 μία
2616 1837 2841 1910 δύναμις
2869 1837 3077 1892 τούτου.
3118 1839 3229 1892 Καὶ
3271 1841 3388 1892 ὅσον
3435 1839 3522 1910 μὲν
3556 1838 3671 1893 κατὰ

468 1930 536 1986 ad
566 1936 819 1987 virtutem
854 1931 1104 2000 pertinet,
1132 1943 1275 1983 unus
1306 1934 1391 1981 est
1420 1925 1594 1990 Deus;
1618 1933 1881 1994 quantum
1910 1940 2043 1980 vero

468 2022 537 2079 ad
570 2021 927 2077 oeconomiam
963 2022 1076 2075 sive
1100 2016 1532 2088 dispositionem,
1577 2017 1718 2070 trina
1747 2026 1828 2071 est
1856 2025 2041 2071 osten-

467 2116 584 2182 sio;
618 2125 675 2170 ut
705 2114 867 2184 paulo
894 2122 1016 2183 post
1046 2112 1380 2173 docebimus,
1405 2124 1529 2164 cum
1563 2107 1848 2163 reddemus
1881 2109 2042 2162 ratio-

467 2221 589 2261 nem
621 2205 688 2260 de
722 2204 965 2259 veritate.
1017 2200 1145 2258 Haec
1175 2202 1371 2272 igitur,
1420 2199 1646 2266 fratres,
1690 2199 1837 2254 dicta
1881 2199 2040 2254 nobis

464 2305 614 2358 sunt.
657 2297 723 2352 de
757 2296 956 2365 quibus
1005 2295 1143 2349 inter
1166 2308 1356 2348 omnes
1383 2291 1653 2347 convenit.
1698 2288 1852 2347 Unus
1892 2290 2037 2345 enim

463 2396 551 2442 est
586 2385 749 2452 Deus,
780 2385 867 2440 cui
893 2384 1111 2440 credere
1134 2392 1378 2453 oportet;
1417 2382 1511 2437 sed
1538 2381 1830 2452 ingenitus,
1861 2381 2037 2450 impa-

464 2478 651 2543 tibilis,
682 2476 1024 2541 immortalis,
1070 2478 1162 2545 qui
1187 2475 1368 2529 omnia
1408 2472 1539 2528 facit
1581 2487 1702 2542 qua!
1734 2472 1866 2539 vult,
1898 2471 2039 2526 sicut

464 2573 578 2626 vult
596 2581 649 2626 et
670 2570 887 2640 quando
908 2569 1040 2623 vult.
1062 2567 1201 2634 Quid
1218 2567 1381 2637 igitur
1401 2565 1469 2620 ad
1492 2565 1606 2619 haec
1621 2563 1840 2619 audebit
1859 2563 2038 2618 dicere

461 2661 694 2729 Noetus,
742 2676 849 2715 non
884 2659 1189 2730 intelligens
1226 2656 1551 2712 veritatem?
1584 2653 2035 2723 Quandoquidem

461 2755 627 2826 igitur
658 2754 920 2808 hactenus
947 2750 1150 2805 Noetus
1183 2746 1494 2804 confutatus
1519 2756 1623 2812 est,
1657 2746 1938 2801 veniamus
1965 2745 2031 2799 ad

461 2845 979 2903 demonstrationem
1016 2844 1290 2908 veritatis,
1329 2852 1389 2897 ut
1415 2842 1800 2897 conﬁrmemus
1832 2838 2033 2894 verita-

454 2938 603 3004 tem;
641 2947 833 2993 contra
868 2951 1032 3006 quam
1060 2944 1141 2991 tot
1173 2943 1227 2989 et
1267 2943 1429 2988 tantae
1462 2933 1696 2988 haereses
1722 2940 1854 2986 ortae
1884 2939 2031 2996 sunt,

458 3048 581 3101 quae
605 3031 739 3085 nihil
773 3031 953 3085 dicere
983 3035 1296 3098 potuerunt.

484 3194 487 3195 ν
531 3124 621 3176 ιχ.
668 3122 819 3177 Unus
848 3121 990 3175 Deus
1026 3128 1139 3183 est,
1179 3134 1339 3189 quem
1372 3133 1478 3172 non
1514 3117 1767 3182 aliunde,
1802 3116 2028 3183 fratres,

2143 1933 2240 2004 τὴν
2269 1930 2519 2002 δύναμιν,
2549 1925 2628 1994 εἷς
2660 1932 2777 1983 ἐστι
2805 1930 2935 1994 Θεός
2955 1948 2968 1961 ο
3001 1930 3122 1985 ὅσον
3164 1931 3219 1984 δὲ
3251 1931 3407 1985 κατάη
3427 1932 3518 2003 τὴν
3553 1933 3670 1984 olito-

2142 2023 2332 2092 νομίαν
2362 2022 2470 2093 (85)
2499 2062 2514 2087 ,
2543 2021 2734 2093 τριχὴς
2763 2024 2796 2093 ἡ
2829 2020 3108 2087 ἐπίδειξις,
3137 2022 3212 2087 ὡς
3245 2023 3461 2095 ὕστερον
3494 2022 3672 2077 ἀποδει-

2141 2114 2419 2185 χθήσεται,
2451 2113 2809 2168 ἀποδιδόντων
2854 2115 3009 2185 ἡμῶν
3048 2117 3177 2187 περὶ
3225 2114 3477 2186 ἀληθείας
3525 2113 3671 2181 λόγον.

2140 2198 2325 2253 Ταῦτα
2377 2200 2476 2271 μὲν
2521 2196 2643 2263 οὖν,
2680 2201 2916 2271 ἀδελφοὶ,
2944 2202 3215 2255 δείκνυται
3251 2205 3379 2274 ἡμῖν
3416 2201 3676 2274 συμφώνως

2140 2292 2420 2363 εἰρημένα.
2462 2286 2555 2355 Εἷς
2583 2291 2690 2365 γάρ
2719 2292 2850 2357 Θεός
2885 2295 3031 2347 ἐστιν
3066 2288 3110 2363 ᾧ
3136 2294 3216 2348 δεῖ
3252 2293 3550 2357 πιστεύειν,
3582 2291 3672 2344 ἀλλ’

2140 2383 2419 2455 ἀγένητος,
2449 2384 2684 2455 ἀπαθὴς,
2718 2384 3002 2449 ἀθάνατος,
3038 2386 3214 2440 πάντα
3240 2386 3409 2440 ποιῶν
3435 2386 3505 2448 ὡς
3542 2383 3674 2448 θέλει,

2139 2474 2322 2540 καθὼς
2369 2476 2536 2543 θέλει,
2566 2477 2655 2529 ὅτε
2684 2475 2845 2531 θέλει.
2887 2478 2951 2531 Τί
2971 2475 3064 2531 οὖν
3093 2478 3233 2549 πρὸς
3263 2478 3435 2533 ταῦτα
3457 2477 3676 2547 τολμήσει

2136 2568 2362 2638 Νόητος,
2405 2567 2480 2640 μὴ
2501 2568 2634 2620 νοῶν
2663 2569 2761 2641 τὴν
2791 2567 3075 2638 ἀλήθειαν;
3119 2571 3344 2643 Ἐπειδὴ
3372 2567 3462 2624 οὖν
3488 2569 3576 2641 ἤδη
3602 2568 3679 2620 καὶ

2136 2662 2164 2713 ὁ
2191 2660 2396 2731 Νόητος
2424 2660 2849 2732 ἀνατέτραπται,
2880 2661 3121 2734 ἔλθωμεν
3159 2665 3257 2717 ἐπὶ
3311 2664 3409 2736 τὴν
3450 2663 3542 2733 τῆς
3572 2660 3679 2730 ἁλησ

2136 2751 2285 2816 Θείας
2313 2752 2604 2819 ἀπόδειξιν,
2637 2754 2724 2806 ἵνα
2757 2755 3113 2827 συστήσωμεν
3147 2755 3252 2827 τὴν
3281 2756 3555 2828 ἀλήθειαν·
3576 2752 3678 2807 καθ’

2132 2839 2201 2914 ἧς
2237 2844 2406 2897 πᾶσαι
2442 2843 2699 2897 τοσαῦται
2725 2844 2965 2917 αἱρέσεις
2986 2845 3096 2918 (86)
3139 2848 3465 2919 γεγένηνται
3506 2885 3521 2911 ,
3540 2843 3679 2916 μηδὲν

2133 2933 2423 3005 δυνάμεναι
2462 2936 2652 2988 εἰπεῖν.

2202 3116 2297 3183 Εἷς
2322 3120 2473 3185 Θεὸς,
2507 3121 2565 3174 ὃν
2592 3121 2691 3174 οὐκ
2719 3120 2936 3175 ἄλλοθεν
2956 3120 3397 3195 ὲπιγινὼσκομεν
3420 3163 3438 3188 ,
3475 3122 3680 3191 ἀδελφοὶ.

458 3218 805 3289 agnoscimus
826 3257 841 3282 ,
877 3230 1040 3286 quam
1080 3229 1144 3269 ex
1174 3212 1377 3269 sanctis
1411 3210 1725 3281 Scripturis.
1758 3208 2024 3277 Quemad-

2135 3212 2167 3282 ἦ
2198 3210 2334 3285 [ἐκ]
2499 3212 2669 3281 ἁγίων
2699 3212 2949 3283 Γραφῶν.
2988 3183 3084 3268 Ὃν
3111 3213 3222 3282 γὰρ
3254 3183 3456 3287 τρόπον
3493 3214 3578 3266 ἐάν
3601 3183 3682 3274 ’τις

456 3311 679 3366 modum
708 3310 851 3364 enim
880 3310 925 3364 si
958 3308 1082 3378 quis
1112 3306 1270 3361 vellet
1296 3304 1616 3374 sapientiam
1651 3303 1814 3373 hujus
1845 3301 2026 3357 saeculi

454 3416 740 3468 exercere,
772 3417 881 3455 non
906 3400 1062 3466 aliter
1092 3398 1196 3453 hoc
1224 3396 1483 3466 consequi
1509 3394 1741 3466 poterit,
1787 3394 1894 3449 nisi
1925 3393 2027 3447 do-

454 3504 635 3563 gmata
675 3492 1126 3563 philosophorum
1163 3490 1336 3560 legat;
1380 3489 1460 3544 sic
1497 3488 1829 3558 quicumque
1867 3488 2025 3541 volu-

454 3603 577 3642 mus
597 3586 852 3655 pietatem
882 3585 936 3638 iu
968 3582 1137 3638 Deum
1168 3595 1440 3645 exercere,
1471 3594 1579 3635 non
1608 3579 1828 3634 aliunde
1859 3578 2028 3633 disce-

453 3695 577 3735 mus
605 3693 768 3749 quam
806 3692 872 3731 ex
918 3674 1214 3738 Scripturis
1244 3674 1461 3728 divinis.
1513 3670 1860 3742 Quaecunque
1893 3685 2024 3742 ergo

2133 3304 2369 3377 βουληθῇ
2416 3306 2515 3377 τὴν
2557 3305 2749 3375 σοφίαν
2779 3304 2870 3359 τοῦ
2901 3306 3095 3371 αἰῶνος
3124 3307 3325 3362 τούτου
3357 3310 3538 3362 ἀσκεῖν
3560 3345 3574 3370 ,
3602 3307 3683 3358 οὐκ

2130 3398 2303 3461 ἄλλως
2331 3397 2614 3469 δυνήσεται
2641 3396 2829 3451 τούτου
2857 3402 3061 3469 τυχεῖν,
3093 3399 3189 3455 ὲάν
3245 3402 3324 3475 μὴ
3353 3403 3576 3474 δόγμασι
3609 3417 3682 3469 φι-

2130 3489 2369 3557 λοσόφων
2397 3488 2621 3562 ἐντύχῃ·
2642 3489 2736 3543 τὸν
2761 3489 2921 3544 αὑτὸν
2940 3490 3005 3561 δὴ
3023 3492 3224 3563 τρόπον
3255 3495 3376 3548 ὅσοι
3406 3492 3684 3548 θεοσέὃειαν

2129 3582 2318 3635 ἀσκεῖν
2348 3580 2668 3652 βουλόμεθα,
2698 3582 2799 3635 οὐκ
2825 3581 3046 3636 ἄλλοθεν
3083 3585 3408 3657 ἀσκήσομεν
3449 3585 3570 3657 ﬁt:
3593 3581 3682 3636 τῶν

2129 3673 2324 3742 λογίων
2365 3672 2459 3726 τοῦ
2503 3672 2637 3727 Θεοῦ
2671 3672 2800 3743 (87).
2829 3675 2968 3727 Ὂσα
3008 3676 3188 3730 τοίνυν
3231 3679 3595 3751 κηρύσσουσιν
3638 3674 3685 3728 a1

521 3861 564 3891 ⁸³
596 3858 753 3913 Rom.
788 3873 871 3921 ιιι,
902 3856 993 3911 25.
1074 3854 1289 3910 “Joan.
1320 3871 1373 3920 v,
1403 3854 1510 3921 50;
1541 3870 1617 3921 vt,
1639 3853 1710 3908 29
1735 3875 1750 3919 ;
1778 3853 2010 3921 vut,16,

2127 3898 2135 3920 ,
2165 3863 2270 3910 ctc.
2348 3855 2388 3884 “
2424 3852 2582 3908 Joan.
2628 3870 2745 3920 xm,
2772 3855 2834 3919 l;
2877 3870 2990 3921 xw,
3019 3854 3100 3908 l2.

522 4017 633 4086 (85)
668 4016 828 4070 Κατὰ
853 4015 968 4083 τὴν
1000 4015 1363 4086 οἰκονομίαν.
1401 4013 1671 4085 lnterpres
1711 4012 2013 4086 Turre-ianus

452 4083 598 4143 hunc
623 4087 802 4143 locum
836 4089 908 4140 ita
934 4087 1195 4141 reddidit:
1239 4104 1256 4135 ι
1287 4083 1564 4149 Quantum
1588 4099 1716 4139 vero
1736 4085 1804 4138 ad
1830 4084 2011 4139 incar-

450 4158 726 4212 nationem
757 4159 1011 4226 pertinet.
1037 4157 1194 4226 ter_tia
1220 4163 1310 4226 est
1338 4156 1620 4226 ostensio,
1641 4174 1660 4206 ι
1703 4153 1865 4226 Sequi
1892 4169 2013 4226 ina-

450 4169 726 4212 nationem
757 4169 1011 4226 pertinet.
1037 4169 1194 4209 tertia
1220 4169 1305 4209 εει
1338 4169 1598 4208 oswnsno.
1641 4174 1660 4206 ι
1703 4169 1772 4208 δε
1815 4169 1865 4207 ιιι
1892 4169 2009 4208 ma-

450 4229 653 4282 luimus
681 4226 986 4280 versionem
1013 4226 1084 4279 cl.
1107 4223 1318 4278 Marani
1350 4222 1428 4277 De
1464 4222 1666 4285 divina.
1689 4222 1747 4278 J.
1776 4169 1861 4289 ὃ,
1914 4224 2009 4279 lib.

448 4296 795 4376 tv,‘;ca_p._l3,
827 4294 855 4376 ᾗ
889 4297 944 4359 2,
994 4309 1114 4376 pag:
1155 4292 1281 4348 456.

518 4359 639 4438 (86)’
665 4359 954 4420 Τοσαῦται
983 4359 1261 4438 ὰζρἐσεις.
1286 4359 1408 4438 Non
1438 4362 1593 4438 Nocti
1626 4371 1833 4418 tantum
1861 4402 1876 4425 ,
1918 4362 2013 4418 sed

445 4448 499 4494 et
526 4428 647 4491 aliae
679 4450 832 4501 xxxi,
863 4450 1001 4503 quas
1032 4428 1295 4504 hactenus
1320 4428 1643 4504 Hippolytus
1664 4448 2010 4504 oppugnave-

2121 4029 2267 4079 nem,
2294 4029 2460 4084 quam
2496 4015 2546 4068 ei
2576 4014 2940 4083 objiciebant,
2979 4016 3395 4084 contempserit.
3450 4015 3683 4070 Dicebant

2119 4085 2263 4156 enim
2292 4084 2463 4138 Noeto
2493 4086 2791 4156 presbyteri
2818 4085 3101 4141 Ecclesiae:
3144 4086 3342 4140 Ταῦτα
3394 4084 3680 4156 λέγομεν-ἃ

2121 4154 2416 4226 ἐμάθομεν.
2462 4153 2951 4226 ιΠωοόίοἰιιιιιε,
3004 4172 3125 4225 quae
3173 4153 3499 4213 didicimus.
3527 4153 3555 4207 ἰ
3600 4153 3682 4206 llis

2120 4224 2276 4298 adde,
2300 4224 2428 4298 non
2448 4224 2672 4279 dubium
2700 4241 2823 4281 esse
2849 4227 2980 4296 quin
3000 4224 3234 4298 sanctus
3276 4237 3485 4298 martyr
3515 4226 3565 4298 in
3588 4225 3685 4298 hoc

2118 4295 2382 4365 adversus
2415 4295 2650 4350 haereses
2682 4295 2880 4365 opere,’
2923 4296 3083 4365 cujus
3111 4299 3410 4352 materiam
3429 4295 3507 4349 ἐκ
3549 4296 3682 4365 libris

2118 4362 2301 4419 lrenaei
2329 4374 2521 4420 mutuo
2566 4362 2906 4433 sumpserat,
2952 4362 3306 4421 traditionem
3360 4376 3416 4422 et
3453 4364 3682 4422 Ecclesia

2120 4436 2500 4506 auctoritatem
2532 4433 2718 4506 lrentei
2752 4436 3001 4506 exemplo
3045 4438 3322 4491 acerrime
3369 4435 3677 4492 defenderit.

444 4490 553 4562 rat.
588 4490 685 4560 ΕΣ
730 4490 1041 4577 Ιιίείιῗετδίξ
1088 4490 1407 4577 clarissime.
1428 4490 1666 4577 'apparet
1702 4490 2014 4577 clausulam
2045 4490 2090 4546 Ῑ)
2117 4502 2401 4577 ﬁnitimi.
2424 4520 2472 4560 c.
2501 4535 2571 4577 1—
2596 4503 2737 4577 Hinc
2766 4490 2896 4560 item
2915 4490 3139 4560 'eliditur
3169 4490 3431 4562 alterum“
3458 4490 3681 4577 ejusdem

445 4579 587 4631 hanc
635 4590 757 4631 esse
805 4575 930 4629 libri
977 4575 1240 4628 adversus
1281 4573 1534 4627 haereses.
1578 4572 1813 4642 Apparet
1848 4572 2012 4627 etiam

442 4646 810 4716 Epiphanium
837 4643 1107 4716 Hippolyti
1134 4642 1383 4716 exemplo
1398 4656 1537 4710 opus
1560 4657 1720 4716 su_um
1750 4642 2013 4699 adversus

439 4711 678 4771 haereses
708 4711 1049 4783 expositione
1082 4713 1205 4767 ﬁdei
1237 4711 1572 4783 obsignasse.
1600 4711 1820 4783 FADRIC.

512 4785 626 4866 (.87)
666 4781 1075 4866 ορκζεξλλοθεν
1101 4781 1507 4866 memorari
1536 4782 1755 4866 ﬁeri”:
1791 4782 2012 4864 λογίςυν

350 4908 367 4916 ,
437 4853 547 4910 τοῦ
580 4855 748 4908 Θεοῦ.
785 4853 949 4909 Visus
973 4862 1057 4909 est
1082 4854 1185 4909 sibi
1221 4853 1505 4907 Fabricius
1534 4854 1586 4906 in
1611 4854 1715 4908 hoc
1741 4853 1861 4909 loco
1883 4871 1902 4904 ι
1926 4853 2011 4906 in-

440 4927 595 4994 signe
621 4926 687 4980 de
715 4922 1013 4994 Scriptura
1038 4924 1356 4979 sufﬁcientia
1378 4924 1752 4994 testimonium
1774 4942 1794 4975 ι
1831 4924 2009 4994 anim-

438 4993 740 5051 advertere.
782 4993 887 5050 Sed
923 4995 1266 5050 traditionem
1301 5010 1332 5048 a
1369 4993 1648 5063 Scriptura
1690 5009 1798 5048 non
1830 4993 2008 5048 disso-

436 5070 545 5121 ciat
569 5063 1066 5136 Hippolytuskdum
1094 5065 1346 5136 pietatem
1384 5082 1404 5136 ι
1434 5065 1780 5136 nonaliunde
1805 5082 1822 5115 ι
1854 5079 2005 5136 repe-

437 5138 521 5201 tit,
561 5156 581 5189 ι
621 5130 783 5206 quam
809 5151 876 5191 ex
907 5130 1204 5206 scripturis
1230 5134 1452 5189 divinis.
1481 5152 1500 5185 ι
1527 5132 1644 5206 Νοιι
1668 5135 1812 5188 enim
1843 5130 2002 5206 aliain

435 5202 677 5261 defendit
724 5217 911 5261 contra
966 5202 1250 5260 haereticos
1304 5205 1803 5273 interpretationem
1848 5202 1997 5257 Seri-

432 5287 631 5348 pturaa,
679 5292 842 5344 quam
893 5290 1014 5348 quae
1063 5274 1652 5348 Ecclesitetraditione
1704 5274 1998 5348 nitebatur.

435 5344 775 5418 Quapropter
801 5344 983 5418 verbis
1016 5346 1176 5418 modo
1193 5346 1372 5401 citatis
1398 5345 1559 5418 paulo
1592 5354 1726 5418 post
1746 5345 1860 5399 haec
1901 5344 2000 5418 a_d-

432 5413 675 5488 d'itz'M'h-
698 5417 816 5471 κατ’
850 5416 983 5470 ἰδίαν
1003 5413 1647 5488 λπροαίρεσινημηδὲ-καΐ
1679 5414 1817 5488 Δῐδιον
1851 5413 1999 5488 νοβν,

436 5487 574 5562 μηδὲ
609 5482 915 5562 βιαζόμενοι
937 5486 1027 5562 Δτὰ
1059 5482 1167 5562 ὕπὸ
1184 5482 1300 5538 ’τοῦ
1342 5482 1476 5539 Θεοῦ
1502 5484 1779 5556 δεδομένα.
1827 5503 1845 5536 ι
1881 5482 2000 5562 Non

433 5556 734 5613 secundum
766 5556 1040 5628 propriam
1066 5557 1416 5628 .voluntatem
1441 5596 1457 5619 ,
1494 5570 1671 5624 neque
1697 5556 1997 5628 secundum

473 5629 711 5696 reprim
738 5626 981 5691 sensum,
1018 5641 1193 5697 neque
1224 5627 1329 5697 vim
1371 5627 1662 5697 inferentes
1697 5626 1936 5697 iis,un
1967 5640 1998 5679 a

455 5694 549 5750 )eo
578 5701 701 5752 data
734 5709 876 5752 sunt.
924 5717 942 5748 ι
980 5694 1243 5751 Praeterea
1277 5694 1505 5764 Noctum
1532 5695 1725 5750 merito
1762 5695 1996 5764 ejectum

434 5783 468 5824 α
497 5770 823 5838 presbyteris
856 5779 1039 5824 narrat
1067 5784 1186 5839 cap.
1223 5769 1274 5835 1,
1303 5768 1448 5837 quod
1470 5763 1726 5822 Ecclesiae
1754 5763 1997 5821 traditio-

2115 4572 2353 4646 Fabricii
2381 4576 2500 4646 hac
2538 4575 2654 4644 ipsa
2709 4576 2777 4631 de
2809 4592 2868 4630 re
2896 4585 3293 4646 commentum,
3331 4593 3445 4646 quo
3486 4572 3681 4631 iterum

2116 4645 2218 4717 sibi
2255 4644 2409 4699 ﬁnxit
2440 4639 2786 4717 Hippolytum
2816 4646 2980 4700 veluti
3020 4665 3038 4697 ι
3079 4639 3386 4717 Scriptura:
3432 4646 3687 4702 sufﬁcien—

2114 4716 2243 4768 tiam
2285 4734 2304 4766 ι
2339 4716 2673 4770 astruentem
2703 4717 2845 4786 infra
2882 4731 3002 4786 cap.
3037 4716 3123 4780 17,
3163 4716 3256 4771 ubi
3276 4727 3512 4771 sanctus
3543 4718 3711 4769 Pater

2112 4786 2179 4839 ad
2218 4786 2546 4860 credendum
2592 4784 2729 4860 κατά
2757 4785 2853 4857 τὴν
2884 4784 3175 4860 παράδοσιν
3206 4786 3325 4841 τῶν
3361 4786 3684 4860 ἀποστόλων,

2115 4873 2135 4905 ι
2165 4856 2465 4925 secundum
2488 4856 2833 4911 traditionem
2860 4856 3254 4925 apostolorum,
3300 4876 3321 4909 ι
3355 4858 3545 4912 fideles
3568 4859 3684 4910 hor-

2109 4933 2278 4981 tatur.
2330 4924 2409 4980 lbi
2440 4941 2676 4997 namque
2714 4941 2781 4981 ne
2809 4924 2934 4997 quis
2966 4936 3117 4996 putet
3145 4928 3507 4983 traditionem
3554 4941 3681 4997 quu—

2107 5010 2215 5070 q_ue
2246 4994 2843 5070 praterSt-ripturam'
2873 4994 3124 5070 sanctum
3162 5008 3475 5070 martyrem
3524 4994 3687 5070 admi-

2108 5064 2267 5135 sisse,
2300 5066 2529 5121 sollicite
2558 5064 2844 5122 Fabricius
2873 5066 2986 5121 haec
3011 5068 3268 5122 adnotat:
3318 5064 3343 5119 ἱ
3380 5066 3461 5121 Εη
3516 5064 3682 5135 παρά-

2104 5134 2247 5207 δοσιν
2278 5136 2655 5207 ἀποστολικήν,
2675 5139 2767 5191 sed
2794 5152 2958 5207 quam
2985 5153 3109 5207 mox
3136 5153 3204 5191 ex
3223 5138 3453 5207 scriptis
3476 5134 3684 5207 aposto-

2106 5205 2228 5260 licis
2253 5207 2564 5279 clarissime
2593 5205 2851 5279 testatam
2888 5207 3019 5279 facit
3041 5205 3401 5279 Hippolytus.
3450 5226 3470 5260 ι
3510 5206 3684 5279 Incas-

2105 5290 2225 5347 sum
2236 5277 2459 5347 laborat
2481 5277 2570 5347 hic
2596 5274 3260 5347 scholiastes._Siquideiit'
3278 5287 3511 5332 sanctus
3533 5274 3683 5329 Pater

2104 5346 2199 5398 lib.
2224 5346 2300 5399 De
2331 5346 2830 5418 Anticlyistmcap.
2857 5349 2910 5410 i,
2942 5345 3094 5418 Pauli
3122 5347 3683 5418 apostolicxemplum

2105 5424 2348 5487 secutus,
2380 5419 2473 5485 qui
2501 5415 2849 5487 Timotheum
2888 5416 2953 5471 ad
2985 5437 3004 5468 ι
3031 5415 3348 5487 depositum
3378 5415 3682 5487 custodien-

2103 5485 2255 5546 dum,
2287 5484 2450 5556 atque
2467 5489 2533 5541 ad
2557 5501 2622 5541 ca
2641 5486 2889 5543 ﬁdelibus
2907 5484 3217 5542 hominibus
3242 5484 3683 5542 commendanda

2102 5570 2224 5625 quae
2255 5557 2352 5611 abs
2391 5572 2450 5612 se
2491 5573 2586 5626 per
2638 5558 2838 5613 multas
2879 5557 3295 5626 exhortationes
3346 5556 3677 5626 audieras)

2102 5624 2452 5694 hortabatur;
2489 5624 2605 5697 pari
2633 5628 2845 5681 ratione
2891 5625 3251 5698 Theophilum
3305 5643 3478 5684 suum
3521 5624 3683 5681 tradi-

2103 5701 2302 5753 tionem
2330 5699 2558 5754 edoccre
2585 5699 2937 5767 cumperitur.
