3882 6332
209 405 295 461 817
1326 396 1606 453 CONTRA
1638 394 1735 452 ΗΑ

1845 393 1970 451 ςειΝ
2001 392 2225 450 ΝΟΕΤΙ.

3216 364 3219 371 ’
3312 392 3416 447 818

209 522 326 572 θεῖαι
355 516 578 590 Γραφαὶ,
614 514 831 587 ἴδωμεν,
861 514 956 569 καὶ
983 515 1085 569 ὅσα
1110 514 1469 581 διδάσκουσιν,
1515 514 1735 585 ἐπιγνῶ-

1850 514 2043 570 divina:
2071 511 2362 582 Scriptura:
2398 508 2723 580 praedicant,
2763 508 3032 576 sciamus;
3069 516 3122 563 et
3162 523 3419 578 quaecun-

210 628 311 684 μεν,
338 609 426 664 καὶ
458 608 533 671 ὡς
557 608 697 661 θέλει
727 608 918 680 Πατὴρ
939 606 1309 671 πιστεύεσθαι,
1340 607 1738 680 πιστεύσωμεν,

204 701 287 757 καὶ
320 698 390 763 ὡς
432 697 569 752 θέλει
618 698 743 752 Υίὸν
769 697 1116 765 δοξάζεσθαι,
1150 698 1491 770 δοξάσωμεν,
1535 700 1625 754 καὶ
1664 700 1741 764 ὡς

205 792 327 849 θέλει
345 789 559 861 Πνεῦμα
586 792 738 860 ἅγιον
778 789 1098 862 δωρεῖσθαι,
1146 789 1413 861 λάὸωμεν.
1476 790 1565 862 Μὴ
1620 791 1742 845 κατ’

208 884 321 939 ίδίαν
346 883 673 954 προαίρεσιν,
709 881 843 953 μηδὲ
873 883 994 936 κατ’
1016 880 1146 936 ἴδιον
1191 880 1335 947 νοῦν,
1389 881 1522 954 μηδὲ
1565 881 1745 951 βιαζό-

207 991 333 1048 μενοι
353 973 415 1027 τά
443 973 544 1027 ὑπὸ
570 972 663 1028 τοῦ
693 973 828 1028 Θεοῦ
860 974 1143 1045 δεδομένα·
1179 973 1292 1028 ἀλλ’
1320 973 1379 1028 ὃν
1406 974 1603 1045 τρόπον
1647 975 1744 1028 αύ-

203 1069 279 1132 τδς
297 1066 544 1139 ἐδουλήθη
587 1066 676 1122 διὰ
718 1067 827 1122 τῶν
878 1066 1046 1137 ἁγίων
1085 1067 1317 1139 Γραφῶν
1342 1065 1509 1135 δεῖξαι
1530 1107 1546 1131 ,
1572 1067 1744 1130 οὕτως

206 1160 394 1229 ίδωμεν.

258 1251 378 1314 Θεὸς
405 1250 562 1320 μόνος
593 1250 875 1323 ὑπάρχων,
904 1252 998 1306 καὶ
1030 1252 1194 1323 μηδὲν
1235 1251 1372 1322 ἔχων
1408 1251 1585 1323 ἐαυτῷ
1612 1252 1742 1321 σύγ-

203 1358 383 1415 χρονον,
411 1342 672 1416 ἐϐουλήθη
709 1344 911 1415 κόσμον
966 1345 1168 1398 κτίσαι.
1212 1345 1269 1398 'O
1308 1345 1511 1415 κόσμον
1557 1348 1740 1417 ἐννοη-

205 1438 319 1499 θεὶς,
342 1435 563 1508 θελήσας
582 1454 643 1489 τε
664 1439 758 1490 καὶ
779 1437 1148 1508 φθεγξάμενος
1164 1437 1441 1508 ἐποίησεν,
1462 1429 1506 1505 ᾧ
1534 1455 1744 1507 παραυ-

201 1528 307 1582 τίκα
320 1529 554 1599 παρέστη
574 1529 634 1582 τὸ
650 1529 935 1598 γενόμενον
951 1530 1025 1592 ὡς
1047 1528 1213 1600 ἠθέλη
1224 1545 1329 1583 σεν.
1356 1530 1634 1604 Αύταρκὲς
1649 1524 1741 1583 οὖν

203 1624 466 1693 ἡμῖνέστιν
497 1623 656 1691 μόνον
684 1623 879 1676 είδέναι
906 1624 987 1677 ὅτι
1020 1622 1221 1696 [οὐδὲν]
1254 1624 1547 1695 σύγχρονον
1583 1623 1736 1677 Θεοῦ.

201 1715 340 1768 Οὐδὲν
357 1714 487 1785 πλὴν
507 1715 669 1779 αὐτὸς
692 1710 779 1786 ἦν’
798 1716 958 1780 αὐτὸς
971 1716 1028 1769 δὲ
1050 1715 1209 1788 μόνος
1227 1714 1323 1779 ὣν,
1349 1716 1514 1781 πολὺς
1526 1711 1596 1787 ἦν
1608 1714 1737 1789 (88).

199 1806 315 1861 Οὔτε
340 1808 443 1879 γάρ
470 1807 683 1875 ἄλογος,
710 1807 835 1862 οῦτε
866 1810 1086 1879 άσοφος,
1121 1807 1245 1864 οὔτε
1278 1808 1570 1872 ἀδύνατος,
1614 1806 1737 1861 οὕτε

1845 621 1951 676 que
1969 606 2186 671 docent,
2212 617 2638 675 cognoscamus:
2671 611 2723 656 et
2749 603 2890 659 sicut
2914 601 3075 656 Pater
3104 599 3218 654 vult
3245 601 3413 665 credi,

1844 699 1926 754 sic
1973 698 2293 762 credamus;
2342 704 2396 751 et
2440 696 2582 752 sicut
2621 695 2737 749 vult
2771 693 2969 749 Filium
2996 691 3309 764 glorificari,
3336 692 3416 747 sic

1843 792 2243 861 glorificemus;
2277 796 2332 844 et
2353 789 2493 844 sicut
2510 788 2625 843 vult
2644 788 2834 842 donari
2860 785 3120 855 Spiritum
3142 793 3413 851 sanctum,

1844 883 1921 939 sic
1940 883 2290 953 accipiamus.
2312 880 2428 935 Non
2452 880 2746 936 secundum
2768 879 3039 949 propriam
3060 879 3414 943 voluntatem,

1844 989 2019 1045 neque
2040 974 2335 1031 secundum
2365 972 2642 1043 proprium
2670 986 2913 1037 sensum,
2936 988 3110 1042 neque
3136 971 3245 1025 vim
3274 970 3412 1027 infe-

1842 1076 2023 1122 rentes
2056 1067 2123 1123 iis
2163 1083 2284 1137 qua:
2318 1082 2348 1120 a
2380 1064 2489 1120 Deo
2516 1063 2636 1119 data
2668 1073 2829 1129 sunt;
2864 1062 2955 1118 sed
2997 1063 3268 1133 quomodo
3301 1063 3415 1132 ipse

1844 1177 1938 1230 per
1952 1171 2169 1218 sanctas
2188 1159 2497 1229 Scripturas
2512 1157 2706 1212 docere
2724 1156 2913 1221 voluit,
2928 1155 3008 1211 sic
3028 1155 3409 1226 intelligamus.

1914 1253 1981 1308 Χ.
2020 1254 2164 1309 Deus
2194 1254 2344 1308 solus
2393 1266 2517 1306 eum
2560 1258 2723 1313 esset,
2751 1248 2995 1318 nihilque
3039 1248 3140 1303 sibi
3174 1262 3410 1303 coactum

1844 1348 2085 1412 haberet,
2111 1346 2281 1400 voluit
2307 1344 2570 1399 mundum
2595 1342 2823 1397 efﬁcere.
2870 1339 2937 1394 Et
2971 1340 3234 1395 mundum
3266 1339 3415 1410 cogi-

1844 1450 1966 1496 tans
2001 1455 2065 1495 ac
2085 1439 2275 1495 volens
2307 1448 2355 1493 et
2386 1437 2571 1492 dicens
2613 1434 2822 1501 eﬂ'ecit;
2854 1433 3224 1504 continuoque
3247 1432 3415 1486 exsti-

1842 1532 1907 1587 tit
1936 1531 1986 1586 ei
2037 1530 2213 1586 factus
2247 1530 2390 1585 sicut
2442 1528 2651 1593 voluit,
2682 1537 2736 1581 et
2770 1526 2912 1582 sicut
2936 1525 3127 1591 voluit,
3163 1524 3409 1595 perfecit.

1844 1624 1990 1681 Satis
2016 1624 2178 1695 igitur
2204 1624 2361 1680 nobis
2408 1631 2491 1677 est
2537 1621 2675 1676 seire
2726 1622 2932 1686 solum,
2969 1619 3103 1673 nihil
3146 1634 3266 1674 esse
3302 1616 3414 1673 Deo

1842 1731 2101 1773 coaevum.
2143 1714 2289 1770 Nihil
2315 1723 2432 1770 erat
2461 1722 2653 1783 praeter
2675 1713 2887 1782 ipsum;
2923 1710 3040 1781 ipse
3067 1710 3240 1777 solus,
3271 1710 3415 1765 mul-

1845 1822 1933 1867 tus
1967 1821 2103 1867 erat.
2139 1810 2248 1866 Nec
2277 1810 2420 1865 enim
2460 1819 2577 1864 erat
2603 1809 2725 1864 sine
2758 1808 3000 1873 ratione,
3041 1808 3159 1863 sine
3199 1808 3414 1879 sapien-

198 1899 487 1964 ἁδούλευτος
511 1895 601 1971 ἦν.
634 1901 818 1955 Πάντα
839 1901 896 1955 δὲ
922 1897 992 1973 ἦν
1019 1904 1077 1956 ὲν
1109 1900 1277 1972 αύτῷ,
1308 1900 1469 1964 αὐτὸς
1498 1900 1555 1953 δὲ
1585 1895 1652 1972 ἦν
1678 1898 1735 1953 τὸ

1845 1906 1934 1968 tia,
1970 1904 2087 1958 sine
2115 1903 2374 1973 potentia,
2401 1902 2520 1956 sine
2544 1901 2792 1956 consilio.
2823 1898 3017 1954 Omnia
3046 1908 3201 1954 erant
3235 1900 3290 1953 in
3312 1913 3405 1955 eo:

197 1994 305 2045 πᾶν.
330 1992 448 2046 Ὅτε
474 1992 741 2064 ἠθέλησεν
770 1993 901 2065 (89),
932 1992 1116 2058 καθὼς
1145 1992 1429 2066 ἠθέλησεν,
1460 1991 1625 2058 ἔδειξε
1644 1990 1737 2045 τὸν

196 2085 343 2153 Λόγον
388 2085 548 2139 αὐτοῦ
603 2088 817 2158 καιροῖς
858 2086 1182 2158 ὡρισμένοις
1204 2088 1332 2158 παρ’
1364 2084 1545 2156 αὐτῷ,
1579 2083 1646 2137 δι’
1673 2075 1735 2137 οῦ

196 2175 254 2229 τὰ
276 2176 439 2230 πάντα
467 2177 743 2248 ἐποίησεν.
782 2178 907 2231 Ὅτε
933 2176 1032 2249 μὲν
1068 2177 1228 2242 θέλει,
1259 2181 1421 2231 ποιεῖ·
1453 2178 1540 2231 ὅτε
1565 2178 1622 2232 δὲ
1647 2180 1735 2232 ὲν-

197 2267 439 2339 θυμεῖται,
469 2270 635 2323 τελεῖ*
665 2271 754 2323 ὅτε
781 2269 837 2323 δὲ
865 2269 1443 2339 φθέγγεται,δεικνύει’
1465 2270 1553 2324 ὅτε
1570 2269 1737 2325 πλάσ-

198 2376 284 2422 σει,
310 2358 597 2429 σοφίζεται.
630 2360 813 2414 Πάντα
836 2360 949 2433 γάρ
978 2361 1046 2415 τά
1095 2361 1360 2433 γενόμενα
1381 2401 1395 2425 ,
1444 2360 1532 2415 διὰ
1575 2361 1734 2429 λόγου

196 2452 275 2504 καὶ
300 2452 478 2519 σοφίας
502 2450 843 2522 τεχνάζεται,
871 2451 1013 2522 λόγῳ
1048 2452 1147 2523 μὲν
1187 2452 1384 2517 κτίζων
1407 2493 1423 2516 ,
1466 2455 1629 2525 σοφίᾳ
1678 2455 1733 2509 δὲ

196 2542 404 2613 κοσμῶν.
447 2544 733 2615 Ἐποίησεν
754 2540 846 2597 οὖν
871 2544 946 2603 ὡς
973 2544 1269 2617 ἠθέλησεν,
1316 2545 1448 2609 Θεὸς
1495 2546 1603 2619 γάρ
1645 2542 1732 2618 ἦν.

197 2633 297 2686 Τῶν
321 2634 374 2687 δὲ
400 2635 701 2707 γινομένων
726 2636 966 2708 ἀρχηγὸν
996 2637 1089 2689 καὶ
1119 2636 1417 2707 σύμϐουλον
1448 2638 1542 2691 καὶ
1573 2638 1736 2709 ἐργά-

194 2740 276 2796 την
301 2727 481 2796 ἐγέννα
534 2728 709 2796 Λόγον
758 2727 902 2799 (90),
948 2728 1006 2782 ὃν
1048 2728 1219 2797 Λόγον
1260 2728 1396 2799 ἔχων
1439 2730 1497 2782 ὲν
1537 2730 1734 2799 ἑαυτῷ,

196 2816 397 2889 ἀόρατόν
422 2837 480 2873 τε
508 2819 642 2874 ὄντα
666 2819 746 2891 τῷ
777 2819 1079 2893 κτιζομένῳ
1108 2821 1317 2891 κόσμῳ,
1350 2822 1541 2893 ὁρατὸν
1566 2824 1733 2883 ποιεῖ,

197 2910 434 2983 προτέραν
454 2913 639 2984 φωνὴν
662 2913 1048 2984 φθεγγόμενος,
1081 2914 1174 2966 καὶ
1197 2913 1311 2982 φῶς
1337 2914 1402 2967 ἐκ
1431 2913 1604 2982 φωτὸς
1624 2912 1733 2984 (91)

195 3003 387 3068 γεννῶν,
420 3006 662 3076 προῆκεν
680 3008 744 3076 τῇ
765 3006 938 3059 κτίσει
959 3005 1183 3077 Κύριον,
1198 3004 1289 3057 τὸν
1308 3004 1436 3058 ἴδιον
1466 3004 1588 3058 νοῦν
1602 3006 1734 3075 (92),

195 3094 320 3166 αύτῷ
355 3096 491 3168 μόνῳ
521 3097 789 3170 πρότερον
817 3097 1009 3170 ὁρατὸν
1038 3098 1373 3169 ὑπάρχοντα,
1405 3096 1483 3167 τῷ
1510 3097 1565 3150 δὲ
1592 3114 1736 3167 γινο-

1840 1998 1954 2067 ipse
1986 2006 2103 2050 erat
2139 1994 2344 2050 omnia.
2383 1992 2609 2060 Quando
2648 1992 2850 2057 voluit,
2897 2000 2951 2046 et
2995 1991 3269 2061 quomodo
3314 2006 3412 2045 vo-

1838 2091 1972 2154 luit,
2002 2087 2238 2145 ostendit
2269 2087 2500 2142 Verbum
2547 2102 2705 2142 suum
2747 2084 3079 2156 temporibus
3111 2084 3252 2155 apud
3284 2099 3411 2140 eum

1837 2182 2108 2247 definitis;
2139 2196 2230 2250 per
2258 2180 2399 2251 quod
2431 2178 2612 2235 omnia
2636 2178 2778 2234 fecit.
2812 2175 3056 2243 Quicum
3078 2176 3210 2242 vult,
3245 2176 3409 2242 facit;

1838 2275 2056 2346 quando
2091 2274 2320 2344 cogitat.
2365 2271 2605 2343 perficit;
2647 2272 2864 2341 quando
2898 2271 3137 2342 loquitur
3163 2310 3178 2335 ,
3226 2279 3410 2327 osten-

1838 2368 1951 2432 dit;
1987 2366 2206 2437 quando
2239 2366 2470 2431 format,
2507 2362 2825 2435 sapientiam
2857 2364 2989 2420 edit.
3035 2361 3228 2418 Omnia
3262 2362 3409 2419 enim

1836 2475 1959 2529 quae
2019 2458 2160 2514 facta
2210 2465 2372 2521 sunt,
2421 2457 2632 2512 ratione
2679 2464 2733 2511 et
2778 2454 3043 2526 sapientia
3086 2452 3407 2520 fabrefacit;

1838 2554 2047 2609 ratione
2092 2552 2310 2623 quidem
2356 2561 2524 2614 creat,
2578 2550 2838 2621 sapientia
2878 2563 3009 2605 vero
3048 2556 3227 2604 ornat.
3260 2547 3411 2604 Fecit

1841 2643 2004 2713 igitur
2038 2643 2180 2697 sicut
2208 2641 2407 2697 voluit:
2445 2640 2584 2696 Deus
2614 2641 2756 2696 enim
2798 2647 2937 2697 erat.
2985 2638 3186 2694 Eorum
3226 2648 3408 2694 autem

1838 2752 1959 2806 qua:
1983 2736 2120 2790 facta
2160 2743 2315 2801 sunt,
2344 2732 2572 2800 ducem,
2610 2733 2983 2789 consiliarium
3017 2739 3071 2786 et
3100 2732 3405 2802 operarium

1838 2829 2129 2901 generabat
2164 2826 2435 2893 Verbum;
2465 2825 2608 2897 quod
2641 2823 2877 2882 Verbum
2907 2840 3031 2881 cum
3066 2824 3121 2879 in
3157 2839 3217 2879 se
3241 2823 3412 2880 babe-

1839 2934 1940 2984 ret,
1970 2928 2224 2990 essetque
2265 2916 2471 2976 mundo
2530 2926 2715 2972 creato
2782 2914 3204 2986 inaSpectabile,
3278 2914 3406 2970 fecit

1831 3012 2453 3085 aSpectabile,emittens
2480 3009 2716 3081 priorem
2749 3021 2980 3075 vocem;
3016 3014 3071 3062 et
3113 3007 3298 3062 lumen
3342 3020 3407 3060 ex

1839 3106 2042 3163 lumine
2067 3120 2365 3177 generans,
2401 3101 2734 3173 deprompsit
2772 3102 2876 3173 ipsi
2914 3085 3179 3158 creatura:
3224 3097 3410 3154 Domi-

198 3186 321 3255 μένῳ
338 3187 518 3259 κόσμῳ
546 3189 782 3260 ἀόρατον
818 3188 947 3243 δντα
966 3229 980 3251 ,
1010 3190 1203 3261 ὁρατὸν
1248 3193 1424 3255 ποιεῖ,
1455 3192 1602 3253 ὅπως
1646 3190 1733 3245 διὰ

1845 3213 1965 3252 num
1987 3239 2003 3262 ,
2033 3209 2255 3252 sensum
2298 3208 2457 3248 suum
2486 3210 2501 3257 ;
2529 3200 2583 3246 et
2612 3192 2705 3262 qui
2736 3194 2889 3262 prius
2919 3192 3020 3263 ipsi
3055 3201 3263 3247 tantum
3293 3198 3412 3245 erat

192 3277 273 3330 τοῦ
300 3280 516 3351 φανῆναι
545 3280 672 3336 ἰδὼν
699 3282 729 3335 ό
749 3280 969 3353 κόσμος,
995 3282 1230 3352 σωθῆναι
1256 3282 1475 3354 δυνηθῇ.

254 3546 350 3601 Καὶ
367 3548 530 3613 οὓτως
562 3549 868 3622 παρίστατο
895 3548 1045 3621 αὐτῷ
1071 3549 1272 3621 ἕτερος.
1311 3551 1535 3622 Ἕτερον
1564 3550 1619 3604 δὲ
1646 3550 1732 3604 λέ-

197 3652 289 3704 γων
313 3638 413 3709 (95)
440 3641 500 3693 ού
528 3639 626 3694 δύο
651 3640 817 3704 Θεοὺς
839 3640 999 3710 λέγω,
1030 3640 1140 3694 ἀλλ’
1169 3642 1244 3705 ὡς
1270 3641 1386 3710 φῶς
1438 3643 1504 3695 ἐκ
1531 3642 1727 3712 φωτὸς,

198 3728 226 3799 ἢ
248 3729 314 3794 ὡς
338 3730 475 3804 ὕδωρ
494 3734 558 3786 ὲκ
587 3731 795 3803 πηγῆς,
827 3732 860 3803 ἢ
884 3732 959 3796 ὡς
982 3733 1177 3787 άκτῖνα
1206 3734 1313 3787 ἀπὸ
1347 3733 1516 3803 ἡλίου.
1565 3734 1733 3789 Δύνα-

202 3835 274 3888 μις
301 3822 399 3894 γὰρ
429 3824 524 3894 μία
551 3826 587 3896 ἡ
609 3826 673 3877 ἐκ
701 3823 795 3877 τοῦ
830 3825 1027 3888 παντός
1045 3841 1058 3855 ·
1085 3825 1147 3878 τὸ
1177 3826 1235 3879 δὲ
1276 3827 1382 3880 πᾶν
1416 3826 1603 3899 Πατὴρ
1626 3867 1641 3890 ,
1674 3826 1731 3893 ἐξ

197 3904 248 3963 οὗ
273 3912 479 3987 δύναμις
495 3917 688 3985 Λόγος.
714 3907 883 3980 Οὗτος
916 3917 974 3971 δὲ
1016 3916 1139 3981 νοῦς
1176 3918 1284 3988 (94)
1307 3959 1322 3981 ,
1356 3918 1415 3983 δς
1445 3918 1652 3991 προϐάς
1676 3922 1733 3973 ὲν

200 4003 360 4078 κόσμῳ
391 4009 660 4063 ἐδείκνυτο
680 4010 806 4072 παῖς
831 4008 985 4062 Θεοῦ.
1020 4010 1203 4063 Πάντα
1232 4010 1513 4065 τοίνυνδι⁹
1546 4011 1731 4076 αὑτοῦ,

199 4096 335 4163 αὐτὸς
360 4101 414 4155 δὲ
458 4103 621 4173 μόνος
652 4102 717 4155 ὲκ
750 4101 980 4175 Πατρός.
1026 4103 1122 4167 Τίς
1168 4103 1343 4157 τοίνυν
1379 4105 1733 4174 ἀποφαίνεται

260 4253 297 4286 ⁸⁸
328 4253 477 4311 Joan.
516 4273 570 4323 ι,
605 4257 660 4312 5.

259 4431 355 4501 (88)
380 4437 567 4504 Αὐτὸς
593 4435 661 4489 δὲ
684 4437 873 4507 μόνος
902 4435 1007 4507 ὢν,
1038 4437 1231 4503 πολὺς
1255 4433 1353 4507 ἦν.
1380 4436 1535 4493 llunc
1558 4439 1732 4491 locum

202 4505 933 4577 egregieillustratAGeorgius
963 4506 1149 4563 Bullus
1189 4505 1396 4577 Defens.
1438 4508 1532 4577 ﬁd.
1583 4508 1731 4571 Nic.,

202 4583 418 4647 sec_l_._tu.
449 4592 567 4647 cap.
610 4574 670 4647 ες
714 4574 827 4647 §2,
844 4593 965 4647 pag.
992 4577 1119 4632 219.

251 4643 356 4723 ,(89)
384 4643 875 4723 "caueamur;
905 4643 964 4703 οἱ.
999 4651 1140 4723 τηλ.
1177 4644 1321 4723 ’Περ
1361 4656 1415 4702 et
1454 4649 1733 4718 sequentia

205 4716 373 4769 mirttm
408 4718 459 4771 in
496 4716 715 4771 modum
747 4718 1000 4786 explanat
1031 4716 1193 4772 simul
1222 4726 1276 4771 et
1301 4716 1736 4774 strenueftuetur

206 4792 367 4862 contra
414 4786 624 4862 Jurium
676 4786 1035 4862 doctissimus
1069 4786 1389 4862 Bossuetiu‘s
1448 4788 1736 4862 Meldensis

203 4857 485 4977 32185321)“,
519 4857 774 4914 Auertiss.
815 4875 892 4926 vr,
922 4858 1063 4930 §68,
1102 4874 1196 4913 sur
1224 4858 1299 4913 les
1347 4859 1524 4913 lettres
1561 4859 1625 4913 de
1655 4859 1733 4916 ΙΙ.

265 4991 360 5061 (90)
385 4996 637 5072 ξβπέννα
667 5000 878 5072 Λόγον.
914 4998 1002 5072 Ait
1030 4996 1347 5072 Hippolytus
1377 4999 1540 5072 Deum
1573 5016 1733 5065 gene-

206 5070 336 5138 rasse
385 5064 650 5138 Verbum,
703 5064 847 5138 quod
883 5070 953 5124 ab
996 5064 1198 5125 διιεῖ·ἠο
1227 5064 1294 5125 ’ἱη
1350 5086 1407 5124 se
1453 5064 1732 5125 habuerat.

206 5128 512 5219 ρειρθψᾳὸοξ
547 5156 565 5188 ι
603 5128 805 5219 ipsum,
856 5139 1084 5219 inquit,
1120 5141 1628 5219 temporibusapnd
1661 5155 1737 5219 _se

207 5196 416 5288 Eetionis
427 5196 700 5288 ostendit;
725 5196 912 5288 ipsum
930 5196 1207 5288 creatura:
1232 5196 1615 5288 lut_Do_min'um
1644 5211 1737 5265 de-

207 5277 444 5349 prompsit
462 5294 483 5349 :_
500 5277 676 5349 ipsum
707 5277 940 5349 denique
970 5279 1188 5333 sibimet
1214 5281 1315 5334 soli
1336 5280 1489 5349 prius
1525 5288 1733 5342 notum,

208 5342 386 5421 {nuntio
436 5342 697 5421 visibilem
754 5342 896 5404 fecit.
934 5367 951 5399 ι
985 5349 1191 5421 Itaque
1216 5342 1509 5421 generatio
1533 5365 1639 5419 qua
1671 5350 1737 5421 de

206 5402 422 5488 loquitur
451 5412 786 5488 Hippolytus.
822 5402 929 5488 non
957 5428 1040 5471 est
1072 5402 1246 5488 Verbi)
1264 5402 1582 5488 productioj;

113 5522 119 5528 .
208 5480 376 5545 ipsius,
405 5498 469 5553 ex
505 5480 704 5541 éietno
727 5485 871 5540 Patri
899 5480 1304 5551 coexsistcntis,
1330 5480 1612 5553 ostensio,
1643 5490 1738 5543 de-

212 5552 453 5627 tlﬁonlptio
489 5562 544 5608 et
571 5554 933 5627 manifestatio
957 5571 1077 5627 qua:
1115 5574 1200 5627 res
1245 5568 1456 5613 creatas
1486 5573 1738 5627 respexe-

212 5617 286 5698 rit.
314 5617 567 5698 Ifullttset
592 5625 908 5698 Bessuetius
949 5617 1005 5681 ll.
1036 5642 1117 5682 cc.
1143 5626 1330 5698 Neque
1360 5628 1516 5683 aliter
1556 5617 1737 5684 Mara-

211 5688 388 5770 ttusnfle
409 5692 608 5770 ᾳίρεηξι.
629 5695 688 5751 J.
720 5695 804 5770 c._,
833 5698 926 5770 lib.
953 5714 1026 5762 ιν,
1054 5713 1172 5767 cap.
1208 5688 1294 5765 13,
1331 5698 1437 5770 ἐξ).
1469 5699 1734 5770 1333;458-

268 5758 367 5827 l9l)
397 5761 522 5831 Φῶς
543 5765 607 5819 ἐκ
634 5758 844 5836 φωτός.
880 5767 969 5824 Sic
1003 5758 1162 5823 locn'ti
1200 5758 1740 5825 ante‘Pa'tr'esttcm-

213 5830 311 5890 ιοδι
363 5830 547 5901 pratér
596 5830 942 5911 il'ippoljtum
985 5849 1256 5906 nostrum,
1319 5851 1446 5897 sunt
1490 5839 1736 5899 Justinus

1836 3288 2098 3351 visibilis,
2144 3285 2347 3340 mundo
2374 3290 2553 3337 autem
2595 3283 2918 3349 invisibilis;
2968 3284 3113 3338 hunc
3140 3282 3408 3339 visibilem

1830 3379 1980 3442 facit,
2035 3356 2092 3433 ιιί
2138 3378 2374 3434 mundus
2406 3394 2530 3432 cum
2559 3394 2704 3439 cum,
2740 3378 2832 3446 qui
2875 3377 3153 3446 apparuit,
3187 3374 3409 3439 videret,

1828 3472 2015 3528 salvus
2038 3471 2151 3526 fieri
2180 3480 2382 3541 posset.
2844 3524 2849 3533 .
3147 3486 3157 3496 '
3462 3468 3466 3473 ’

1900 3566 1992 3622 XI.
2033 3567 2210 3635 Atque
2260 3567 2330 3620 ita
2375 3565 2545 3621 astitit
2587 3564 2635 3618 ci
2681 3564 2842 3619 alius.
2879 3562 3015 3618 Cum
3052 3562 3218 3618 alium
3250 3562 3410 3623 dico,

1834 3675 1941 3712 non
1969 3659 2108 3712 duos
2136 3656 2270 3712 Ocos
2292 3656 2446 3721 dico;
2479 3656 2572 3710 sed
2602 3666 2859 3725 tanquam
2885 3657 3064 3709 lumen
3092 3671 3156 3709 ex
3182 3654 3407 3715 lumine,

1832 3759 1886 3802 et
1907 3765 2102 3818 aquam
2125 3764 2190 3803 ex
2220 3748 2387 3810 fonte,
2407 3757 2501 3803 aut
2522 3748 2730 3801 radium
2764 3762 2794 3801 τι
2820 3747 2953 3802 sole.
2980 3747 3097 3802 Una
3123 3747 3266 3799 enim
3296 3743 3410 3797 vir-

1811 3850 1921 3894 ~tus
1951 3855 2072 3908 qua:
2093 3855 2161 3894 ex
2193 3848 2306 3894 toto
2338 3847 2453 3903 est;
2492 3846 2665 3894 totum
2700 3852 2827 3893 vero
2852 3835 3034 3900 Pater,
3068 3851 3131 3890 ex
3158 3849 3268 3905 quo
3297 3835 3411 3888 vir-

1837 3939 1923 3986 tus
1957 3928 2215 3985 Verbum.
2262 3928 2375 3984 Hoc
2410 3943 2539 3983 vero
2566 3943 2723 3983 mens
2746 3937 2859 3991 est,
2884 3926 3029 3995 quod
3069 3925 3324 3997 prodiens
3355 3926 3408 3979 in

1836 4023 2123 4088 mundum,
2155 4030 2434 4077 ostensum
2460 4028 2543 4075 est
2568 4036 2704 4090 puer
2738 4018 2850 4074 Dei.
2885 4016 3077 4073 Omnia
3113 4018 3277 4087 igitur
3314 4033 3412 4088 per

1838 4113 2014 4181 ipsum
2048 4114 2115 4177 υ,
2147 4113 2261 4183 ipse
2282 4120 2462 4166 autem
2491 4111 2641 4166 solus
2661 4127 2725 4164 ex
2754 4109 2929 4164 Patre.
2964 4106 3099 4173 Quis
3133 4122 3261 4177 ergo
3284 4123 3412 4177 pro—

1846 4454 2070 4515 martyr,
2096 4441 2354 4515 Tatianus
2370 4442 2810 4515 etAtlienagoras
2828 4437 3410 4515 ,utnotatumdoetis-
3453 4445 3459 4461 '

1842 4506 2207 4568 simo'Grubio
2229 4511 2294 4566 ad
2321 4510 2581 4565 lrenmum
2616 4506 2710 4564 lib.
2740 4525 2802 4570 ll,
2832 4527 2880 4565 c.
2904 4509 2997 4563 ‘25.
3022 4507 3117 4563 His
3133 4508 3268 4563 adde
3297 4506 3409 4562 Me-

1768 4567 1815 4625 D
1843 4567 2085 4639 thodium
2112 4584 2164 4636 in
2199 4582 2420 4636 homilia
2446 4582 2515 4636 de
2548 4567 2802 4636 Simeoue
2834 4590 2888 4635 et
2914 4580 3092 4636 Anna.
3116 4594 3239 4649 pag.
3264 4577 3403 4632 152ε

1840 4655 1911 4708 Σὺ
1941 4650 1993 4706 εῐ
2017 4650 2408 4723 φῶςάληθινδν
2426 4654 2502 4723 -ὲκ
2524 4651 2707 4723 φωτὸς
2733 4649 2988 4723 ἀληθινοῦ
3010 4689 3024 4712 ,
3057 4648 3408 4723 emanet-

1838 4725 1926 4788 νὸς
1948 4726 2011 4776 ἐκ
2031 4719 2167 4776 Θεοῦ
2196 4719 2471 4793 ἀληθινοῦ.
2505 4719 2841 4793 Athanasius
2857 4731 3043 4793 postea
3059 4719 3409 4793 dixit_).dx'vov

1839 4797 1902 4847 ὲκ
1926 4793 2142 4863 λύχνου,
2174 4788 2305 4846 tom.
2343 4794 2384 4863 l,
2420 4808 2539 4863 pag.
2560 4791 2699 4863 88!,
2734 4788 2871 4863 edit.
2888 4789 3149 4863 Lipsiens.
3182 4788 3403 4863 nam.

1908 4858 2025 4933 (92⁷)
2051 4863 2237 4933 ἰδιοῂ
2259 4858 2433 4915 r0512—
2471 4858 2660 4933 Filius‘,
2707 4860 2851 4927 νοῦς,
2884 4858 3042 4930 σοφία
3086 4859 3263 4916 Patris
3288 4902 3303 4927 ,
3353 4874 3408 4915 et

1839 4934 1978 4988 infra
2004 4930 2056 4988 δ.
2088 4934 2175 4996 15,
2201 4930 2478 4987 Voluntas.
2513 4931 2589 4987 In.

1907 5006 2020 5071 (95)
2046 5005 2286 5068 Ἕτερον
2344 5001 2417 5073 δέχ
2452 5001 2663 5073 λέγων.
2706 5000 2922 5058 Iustino
2950 5003 3169 5073 martjri
3192 5001 3408 5073 quando

1838 5070 2011 5129 Filius
2033 5074 2219 5143 ἕτερόν
2249 5090 2302 5126 τι
2334 5089 2363 5127 a
2393 5070 2553 5143 Patr_e
2573 5087 2696 5127 esse
2727 5073 3039 5143 dicitur,et
3058 5070 3406 5143 Tertulliano

1838 5145 2058 5213 quando
2117 5141 2139 5195 ι
2176 5142 2372 5198 Filium
2408 5152 2463 5197 et
2506 5141 2723 5213 Patrem
2763 5158 2886 5198 esse
2924 5142 3069 5196 aliud
3115 5142 3184 5213 ab
3234 5141 3343 5195 alio
3379 5158 3399 5193 ι

1839 5211 2087 5276 afﬁrmat,
2112 5215 2300 5269 eadem
2341 5230 2465 5283 qua:
2501 5212 2788 5283 Hippolyto
2825 5228 2980 5267 mens
3003 5250 3018 5273 ,
3050 5221 3110 5264 ut
3128 5211 3400 5283 Persona-

1840 5300 1960 5366 rum
1989 5280 2393 5406 distilnctionent
2421 5280 2734 5348 ostendant,
2765 5300 2870 5338 non
2897 5291 2956 5338 ut
2978 5281 3262 5363 όμοούσιον
3291 5280 3407 5334 infl-

1840 5366 2070 5406 (nentur.
2130 5372 2184 5406 1).

1839 5366 2070 5408 etentur.
2108 5366 2184 5408 ID.

1912 5425 2023 5489 (9-4)
2057 5421 2243 5490 Οὗτος
2267 5424 2334 5477 δὲ
2369 5425 2535 5489 νοῦς.
2580 5424 2883 5479 Turrianus
2920 5423 3069 5477 hunc
3107 5421 3287 5475 locum
3324 5417 3406 5475 sic

1840 5495 2179 5550 reddiderat:
2218 5514 2239 5545 ι
2273 5493 2386 5549 Hoc
2422 5510 2552 5548 vero
2581 5510 2735 5550 mens
2758 5494 2872 5549 sive
2905 5506 3120 5555 sensus,
3152 5490 3242 5560 qui
3270 5504 3403 5560 pro-

1840 5565 1995 5620 diens
2040 5566 2091 5618 in
2131 5565 2393 5618 mundum
2417 5606 2432 5627 ,
2471 5574 2725 5620 ostensus
2764 5572 2848 5618 est
2885 5578 3021 5631 puer
3050 5558 3183 5631 Dej.‘
3207 5558 3404 5613 Omnia

1842 5634 2006 5705 igitur
2031 5650 2275 5705 perreum
2306 5633 2446 5689 facta
2487 5643 2651 5705 sunt;
2676 5634 2799 5705 ipse
2828 5629 2980 5686 solus
3010 5648 3073 5705 ex
3115 5629 3276 5683 Patre
3314 5644 3405 5698 ge-

1841 5701 2008 5759 nitus.
2032 5701 2069 5756 ἰ
2108 5704 2308 5759 Graecis
2338 5704 2580 5773 pressius
2614 5704 2960 5773 inhaerentem
3010 5701 3288 5773 Maranutn
3315 5715 3409 5754 ευ·-

1841 5776 1947 5832 cuti
1977 5790 2167 5832 sumus
2198 5775 2233 5830 ι.
2266 5790 2316 5831 ο.
2341 5771 2467 5846 pag.
2498 5773 2621 5840 459,
2649 5787 2809 5842 quem
2835 5771 2998 5827 adeas
3030 5772 3209 5827 velini.
