  <div class='ocr_page' id='page_1' title='image "/cluster/home/n/w/nwhite01/storage/ocr_20150623/10/hvd.32044073501348/419.png"; bbox 0 0 3882 6332; ppageno 0'>
   <div class='ocr_carea' id='block_1_1' title="bbox 477 401 581 460">
    <p class='ocr_par' dir='ltr' id='par_1_1' title="bbox 477 401 581 460">
     <span class='ocr_line' id='line_1_1' title="bbox 477 401 581 460; baseline 0.01 -1"><span class='ocrx_word' id='word_1_1' title='bbox 477 401 581 460; x_wconf 76' lang='grc'><strong>819</strong></span> 
     </span>
    </p>
   </div>
   <div class='ocr_carea' id='block_1_2' title="bbox 1141 369 3078 449">
    <p class='ocr_par' dir='ltr' id='par_1_2' title="bbox 1141 369 3078 449">
     <span class='ocr_line' id='line_1_2' title="bbox 1141 369 3078 449; baseline -0.014 0"><span class='ocrx_word' id='word_1_2' title='bbox 1141 393 1200 449; x_wconf 87' lang='lat' dir='ltr'><strong>S.</strong></span> <span class='ocrx_word' id='word_1_3' title='bbox 1240 389 1599 448; x_wconf 83' lang='lat' dir='ltr'><strong>IIIPPOLYTI</strong></span> <span class='ocrx_word' id='word_1_4' title='bbox 1637 389 1786 445; x_wconf 83' lang='lat' dir='ltr'><strong>OPP.</strong></span> <span class='ocrx_word' id='word_1_5' title='bbox 1827 385 2009 442; x_wconf 79' lang='lat' dir='ltr'><strong>PARS</strong></span> <span class='ocrx_word' id='word_1_6' title='bbox 2047 383 2111 437; x_wconf 92' lang='lat' dir='ltr'><strong>II.</strong></span> <span class='ocrx_word' id='word_1_7' title='bbox 2155 413 2224 423; x_wconf 92' lang='lat'><strong>—</strong></span> <span class='ocrx_word' id='word_1_8' title='bbox 2263 376 2568 434; x_wconf 77' lang='lat' dir='ltr'><strong>DOGMAT.</strong></span> <span class='ocrx_word' id='word_1_9' title='bbox 2611 373 2698 428; x_wconf 85' lang='lat' dir='ltr'><strong>ET</strong></span> <span class='ocrx_word' id='word_1_10' title='bbox 2735 369 3078 426; x_wconf 79' lang='lat' dir='ltr'><strong>HISTORIC.</strong></span> 
     </span>
    </p>
   </div>
   <div class='ocr_carea' id='block_1_3' title="bbox 3573 366 3657 422">
    <p class='ocr_par' dir='ltr' id='par_1_3' title="bbox 3573 366 3657 422">
     <span class='ocr_line' id='line_1_3' title="bbox 3573 366 3657 422; baseline 0 0"><span class='ocrx_word' id='word_1_11' title='bbox 3573 366 3657 422; x_wconf 68' lang='lat'><strong>820</strong></span> 
     </span>
    </p>
   </div>
   <div class='ocr_carea' id='block_1_4' title="bbox 477 478 2061 580">
    <p class='ocr_par' dir='ltr' id='par_1_4' title="bbox 477 507 2048 580">
     <span class='ocr_line' id='line_1_4' title="bbox 477 507 2048 580; baseline -0.009 -6"><span class='ocrx_word' id='word_1_12' title='bbox 477 520 582 574; x_wconf 76' lang='lat' dir='ltr'><strong>fert</strong></span> <span class='ocrx_word' id='word_1_13' title='bbox 616 514 1014 574; x_wconf 88' lang='lat' dir='ltr'><strong>multitudinem</strong></span> <span class='ocrx_word' id='word_1_14' title='bbox 1051 511 1301 576; x_wconf 89' lang='lat' dir='ltr'><strong>deorum,</strong></span> <span class='ocrx_word' id='word_1_15' title='bbox 1333 526 1454 580; x_wconf 67' lang='lat' dir='ltr'><strong>quae</strong></span> <span class='ocrx_word' id='word_1_16' title='bbox 1478 524 1574 580; x_wconf 90' lang='lat' dir='ltr'><strong>per</strong></span> <span class='ocrx_word' id='word_1_17' title='bbox 1610 507 1880 565; x_wconf 87' lang='lat' dir='ltr'><strong>curricula</strong></span> <span class='ocrx_word' id='word_1_18' title='bbox 1912 515 2048 560; x_wconf 84' lang='lat' dir='ltr'><strong>tem-</strong></span> 
     </span>
    </p>
   </div>
   <div class='ocr_carea' id='block_1_5' title="bbox 2166 478 3662 580">
    <p class='ocr_par' dir='ltr' id='par_1_5' title="bbox 2166 478 3662 569">
     <span class='ocr_line' id='line_1_5' title="bbox 2166 478 3662 569; baseline -0.013 -17"><span class='ocrx_word' id='word_1_19' title='bbox 2166 484 2537 569; x_wconf 68' lang='grc' dir='ltr'>πληθὺνθεῶν</span> <span class='ocrx_word' id='word_1_20' title='bbox 2584 487 3068 562; x_wconf 75' lang='grc' dir='ltr'>παραϐαλλομένην</span> <span class='ocrx_word' id='word_1_21' title='bbox 3118 481 3254 536; x_wconf 81' lang='grc' dir='ltr'>κατὰ</span> <span class='ocrx_word' id='word_1_22' title='bbox 3297 478 3528 552; x_wconf 83' lang='grc' dir='ltr'>καιρούς;</span> <span class='ocrx_word' id='word_1_23' title='bbox 3572 481 3662 534; x_wconf 77' lang='grc' dir='ltr'><strong>Καὶ</strong></span> 
     </span>
    </p>
   </div>
   <div class='ocr_carea' id='block_1_6' title="bbox 474 599 2051 682">
    <p class='ocr_par' dir='ltr' id='par_1_6' title="bbox 474 599 2051 682">
     <span class='ocr_line' id='line_1_6' title="bbox 474 599 2051 682; baseline -0.009 -16"><span class='ocrx_word' id='word_1_24' title='bbox 474 625 674 682; x_wconf 72' lang='lat' dir='ltr'><strong>rerum</strong></span> <span class='ocrx_word' id='word_1_25' title='bbox 715 605 941 678; x_wconf 79' lang='lat' dir='ltr'><strong>appulsa</strong></span> <span class='ocrx_word' id='word_1_26' title='bbox 994 603 1128 657; x_wconf 78' lang='lat' dir='ltr'><strong>fuit?</strong></span> <span class='ocrx_word' id='word_1_27' title='bbox 1172 603 1373 657; x_wconf 85' lang='lat' dir='ltr'><strong>Omnes</strong></span> <span class='ocrx_word' id='word_1_28' title='bbox 1402 603 1545 656; x_wconf 88' lang='lat' dir='ltr'><strong>enim</strong></span> <span class='ocrx_word' id='word_1_29' title='bbox 1584 616 1651 656; x_wconf 92' lang='lat' dir='ltr'><strong>eo</strong></span> <span class='ocrx_word' id='word_1_30' title='bbox 1686 599 1887 655; x_wconf 85' lang='lat' dir='ltr'><strong>redacti</strong></span> <span class='ocrx_word' id='word_1_31' title='bbox 1924 609 2051 654; x_wconf 89' lang='lat' dir='ltr'><strong>sunt</strong></span> 
     </span>
    </p>
   </div>
   <div class='ocr_carea' id='block_1_7' title="bbox 477 691 2049 766">
    <p class='ocr_par' dir='ltr' id='par_1_7' title="bbox 477 691 2049 766">
     <span class='ocr_line' id='line_1_7' title="bbox 477 691 2049 766; baseline -0.006 -12"><span class='ocrx_word' id='word_1_32' title='bbox 477 701 665 766; x_wconf 87' lang='lat' dir='ltr'><strong>iuv-iti,</strong></span> <span class='ocrx_word' id='word_1_33' title='bbox 708 708 768 752; x_wconf 92' lang='lat' dir='ltr'><strong>ut</strong></span> <span class='ocrx_word' id='word_1_34' title='bbox 796 697 978 752; x_wconf 79' lang='lat' dir='ltr'><strong>dicant</strong></span> <span class='ocrx_word' id='word_1_35' title='bbox 1016 694 1198 749; x_wconf 83' lang='lat' dir='ltr'><strong>omnia</strong></span> <span class='ocrx_word' id='word_1_36' title='bbox 1233 696 1298 750; x_wconf 81' lang='lat' dir='ltr'><strong>ad</strong></span> <span class='ocrx_word' id='word_1_37' title='bbox 1330 709 1498 747; x_wconf 91' lang='lat' dir='ltr'><strong>unum</strong></span> <span class='ocrx_word' id='word_1_38' title='bbox 1541 708 1852 755; x_wconf 81' lang='lat' dir='ltr'><strong>recurrere,</strong></span> <span class='ocrx_word' id='word_1_39' title='bbox 1887 691 2049 746; x_wconf 89' lang='lat' dir='ltr'><strong>etiam</strong></span> 
     </span>
    </p>
   </div>
   <div class='ocr_carea' id='block_1_8' title="bbox 476 785 2052 849">
    <p class='ocr_par' dir='ltr' id='par_1_8' title="bbox 476 785 2052 849">
     <span class='ocr_line' id='line_1_8' title="bbox 476 785 2052 849; baseline -0.006 -2"><span class='ocrx_word' id='word_1_40' title='bbox 476 791 776 848; x_wconf 84' lang='lat' dir='ltr'><strong>secundum</strong></span> <span class='ocrx_word' id='word_1_41' title='bbox 823 788 1167 844; x_wconf 73' lang='lat' dir='ltr'><strong>Valentinum</strong></span> <span class='ocrx_word' id='word_1_42' title='bbox 1195 829 1208 849; x_wconf 82' lang='lat'><strong>,</strong></span> <span class='ocrx_word' id='word_1_43' title='bbox 1266 797 1320 843; x_wconf 79' lang='lat' dir='ltr'><strong>et</strong></span> <span class='ocrx_word' id='word_1_44' title='bbox 1364 787 1716 848; x_wconf 80' lang='lat' dir='ltr'><strong>.‘llarcionem,</strong></span> <span class='ocrx_word' id='word_1_45' title='bbox 1770 795 1824 839; x_wconf 92' lang='lat' dir='ltr'><strong>et</strong></span> <span class='ocrx_word' id='word_1_46' title='bbox 1863 785 2052 839; x_wconf 85' lang='lat' dir='ltr'><strong>Cerin-</strong></span> 
     </span>
    </p>
   </div>
   <div class='ocr_carea' id='block_1_9' title="bbox 477 877 2056 950">
    <p class='ocr_par' dir='ltr' id='par_1_9' title="bbox 477 877 2056 950">
     <span class='ocr_line' id='line_1_9' title="bbox 477 877 2056 950; baseline -0.006 -11"><span class='ocrx_word' id='word_1_47' title='bbox 477 889 657 949; x_wconf 86' lang='lat' dir='ltr'><strong>tbum,</strong></span> <span class='ocrx_word' id='word_1_48' title='bbox 690 891 743 938; x_wconf 88' lang='lat' dir='ltr'><strong>et</strong></span> <span class='ocrx_word' id='word_1_49' title='bbox 780 895 994 937; x_wconf 82' lang='lat' dir='ltr'><strong>omnem</strong></span> <span class='ocrx_word' id='word_1_50' title='bbox 1023 882 1237 936; x_wconf 90' lang='lat' dir='ltr'><strong>illorum</strong></span> <span class='ocrx_word' id='word_1_51' title='bbox 1277 881 1672 950; x_wconf 85' lang='lat' dir='ltr'><strong>nugacitatetn;</strong></span> <span class='ocrx_word' id='word_1_52' title='bbox 1722 887 1776 932; x_wconf 88' lang='lat' dir='ltr'><strong>et</strong></span> <span class='ocrx_word' id='word_1_53' title='bbox 1812 877 1917 931; x_wconf 90' lang='lat' dir='ltr'><strong>huc</strong></span> <span class='ocrx_word' id='word_1_54' title='bbox 1956 891 2056 930; x_wconf 82' lang='lat' dir='ltr'><strong>no-</strong></span> 
     </span>
    </p>
   </div>
   <div class='ocr_carea' id='block_1_10' title="bbox 477 967 2054 1038">
    <p class='ocr_par' dir='ltr' id='par_1_10' title="bbox 477 967 2054 1038">
     <span class='ocr_line' id='line_1_10' title="bbox 477 967 2054 1038; baseline -0.008 -6"><span class='ocrx_word' id='word_1_55' title='bbox 477 977 650 1032; x_wconf 84' lang='lat' dir='ltr'><strong>lentes</strong></span> <span class='ocrx_word' id='word_1_56' title='bbox 678 974 1020 1038; x_wconf 88' lang='lat' dir='ltr'><strong>reciderunt,</strong></span> <span class='ocrx_word' id='word_1_57' title='bbox 1060 981 1118 1026; x_wconf 85' lang='grc' dir='ltr'><strong>ιιι</strong></span> <span class='ocrx_word' id='word_1_58' title='bbox 1148 986 1311 1024; x_wconf 88' lang='lat' dir='ltr'><strong>unam</strong></span> <span class='ocrx_word' id='word_1_59' title='bbox 1354 970 1598 1024; x_wconf 91' lang='lat' dir='ltr'><strong>omnium</strong></span> <span class='ocrx_word' id='word_1_60' title='bbox 1631 984 1854 1023; x_wconf 87' lang='lat' dir='ltr'><strong>causam</strong></span> <span class='ocrx_word' id='word_1_61' title='bbox 1883 967 2054 1022; x_wconf 55' lang='lat' dir='ltr'><strong>conti-</strong></span> 
     </span>
    </p>
   </div>
   <div class='ocr_carea' id='block_1_11' title="bbox 479 1063 2055 1137">
    <p class='ocr_par' dir='ltr' id='par_1_11' title="bbox 479 1063 2055 1137">
     <span class='ocr_line' id='line_1_11' title="bbox 479 1063 2055 1137; baseline -0.004 -15"><span class='ocrx_word' id='word_1_62' title='bbox 479 1077 718 1122; x_wconf 83' lang='lat' dir='ltr'><strong>teantur.</strong></span> <span class='ocrx_word' id='word_1_63' title='bbox 762 1065 930 1137; x_wconf 86' lang='lat' dir='ltr'><strong>Igitur</strong></span> <span class='ocrx_word' id='word_1_64' title='bbox 967 1065 1176 1118; x_wconf 82' lang='lat' dir='ltr'><strong>veritati</strong></span> <span class='ocrx_word' id='word_1_65' title='bbox 1207 1063 1452 1118; x_wconf 85' lang='lat' dir='ltr'><strong>nolentes</strong></span> <span class='ocrx_word' id='word_1_66' title='bbox 1505 1063 1891 1124; x_wconf 85' lang='lat' dir='ltr'><strong>consentiunt,</strong></span> <span class='ocrx_word' id='word_1_67' title='bbox 1934 1076 2055 1116; x_wconf 88' lang='lat' dir='ltr'><strong>esse</strong></span> 
     </span>
    </p>
   </div>
   <div class='ocr_carea' id='block_1_12' title="bbox 481 1152 2052 1224">
    <p class='ocr_par' dir='ltr' id='par_1_12' title="bbox 481 1152 2052 1224">
     <span class='ocr_line' id='line_1_12' title="bbox 481 1152 2052 1224; baseline -0.007 -9"><span class='ocrx_word' id='word_1_68' title='bbox 481 1160 688 1215; x_wconf 81' lang='lat' dir='ltr'><strong>scilicet</strong></span> <span class='ocrx_word' id='word_1_69' title='bbox 725 1173 896 1212; x_wconf 90' lang='lat' dir='ltr'><strong>unum</strong></span> <span class='ocrx_word' id='word_1_70' title='bbox 947 1156 1138 1218; x_wconf 91' lang='lat' dir='ltr'><strong>Deum,</strong></span> <span class='ocrx_word' id='word_1_71' title='bbox 1168 1155 1261 1224; x_wconf 87' lang='lat' dir='ltr'><strong>qui</strong></span> <span class='ocrx_word' id='word_1_72' title='bbox 1305 1152 1432 1208; x_wconf 84' lang='lat' dir='ltr'><strong>fecit</strong></span> <span class='ocrx_word' id='word_1_73' title='bbox 1467 1153 1648 1207; x_wconf 89' lang='lat' dir='ltr'><strong>omnia</strong></span> <span class='ocrx_word' id='word_1_74' title='bbox 1681 1153 1822 1207; x_wconf 87' lang='lat' dir='ltr'><strong>sicut</strong></span> <span class='ocrx_word' id='word_1_75' title='bbox 1864 1152 2052 1205; x_wconf 88' lang='lat' dir='ltr'><strong>voluit.</strong></span> 
     </span>
    </p>
   </div>
   <div class='ocr_carea' id='block_1_13' title="bbox 482 1245 2058 1317">
    <p class='ocr_par' dir='ltr' id='par_1_13' title="bbox 482 1245 2058 1317">
     <span class='ocr_line' id='line_1_13' title="bbox 482 1245 2058 1317; baseline -0.006 -11"><span class='ocrx_word' id='word_1_76' title='bbox 482 1251 582 1307; x_wconf 90' lang='lat' dir='ltr'><strong>llic</strong></span> <span class='ocrx_word' id='word_1_77' title='bbox 606 1261 788 1306; x_wconf 86' lang='lat' dir='ltr'><strong>autem</strong></span> <span class='ocrx_word' id='word_1_78' title='bbox 817 1249 965 1304; x_wconf 88' lang='lat' dir='ltr'><strong>dedit</strong></span> <span class='ocrx_word' id='word_1_79' title='bbox 991 1250 1159 1317; x_wconf 81' lang='lat' dir='ltr'><strong>legem</strong></span> <span class='ocrx_word' id='word_1_80' title='bbox 1191 1256 1245 1301; x_wconf 91' lang='lat' dir='ltr'><strong>et</strong></span> <span class='ocrx_word' id='word_1_81' title='bbox 1273 1246 1594 1316; x_wconf 86' lang='lat' dir='ltr'><strong>prophetas;</strong></span> <span class='ocrx_word' id='word_1_82' title='bbox 1625 1254 1679 1300; x_wconf 88' lang='lat' dir='ltr'><strong>et</strong></span> <span class='ocrx_word' id='word_1_83' title='bbox 1705 1245 1886 1299; x_wconf 85' lang='lat' dir='ltr'><strong>dando</strong></span> <span class='ocrx_word' id='word_1_84' title='bbox 1931 1259 2058 1298; x_wconf 80' lang='lat' dir='ltr'><strong>eoe—</strong></span> 
     </span>
    </p>
   </div>
   <div class='ocr_carea' id='block_1_14' title="bbox 482 1336 2058 1414">
    <p class='ocr_par' dir='ltr' id='par_1_14' title="bbox 482 1336 2058 1414">
     <span class='ocr_line' id='line_1_14' title="bbox 482 1336 2058 1414; baseline -0.004 -18"><span class='ocrx_word' id='word_1_85' title='bbox 482 1346 561 1414; x_wconf 71' lang='lat' dir='ltr'><strong>git</strong></span> <span class='ocrx_word' id='word_1_86' title='bbox 589 1345 687 1398; x_wconf 90' lang='lat' dir='ltr'><strong>bos</strong></span> <span class='ocrx_word' id='word_1_87' title='bbox 716 1359 811 1412; x_wconf 90' lang='lat' dir='ltr'><strong>per</strong></span> <span class='ocrx_word' id='word_1_88' title='bbox 845 1341 1106 1411; x_wconf 89' lang='lat' dir='ltr'><strong>Spiritum</strong></span> <span class='ocrx_word' id='word_1_89' title='bbox 1136 1347 1384 1394; x_wconf 88' lang='lat' dir='ltr'><strong>sanctum</strong></span> <span class='ocrx_word' id='word_1_90' title='bbox 1417 1337 1562 1408; x_wconf 90' lang='lat' dir='ltr'><strong>loqui</strong></span> <span class='ocrx_word' id='word_1_91' title='bbox 1585 1378 1600 1397; x_wconf 90' lang='lat'><strong>,</strong></span> <span class='ocrx_word' id='word_1_92' title='bbox 1644 1347 1702 1392; x_wconf 90' lang='lat' dir='ltr'><strong>ut</strong></span> <span class='ocrx_word' id='word_1_93' title='bbox 1731 1336 2058 1404; x_wconf 83' lang='lat' dir='ltr'><strong>accipientes</strong></span> 
     </span>
    </p>
   </div>
   <div class='ocr_carea' id='block_1_15' title="bbox 483 1429 2060 1502">
    <p class='ocr_par' dir='ltr' id='par_1_15' title="bbox 483 1429 2060 1502">
     <span class='ocr_line' id='line_1_15' title="bbox 483 1429 2060 1502; baseline -0.005 -13"><span class='ocrx_word' id='word_1_94' title='bbox 483 1437 703 1492; x_wconf 86' lang='lat' dir='ltr'><strong>virtutis</strong></span> <span class='ocrx_word' id='word_1_95' title='bbox 728 1435 974 1490; x_wconf 75' lang='lat' dir='ltr'><strong>Paterna:</strong></span> <span class='ocrx_word' id='word_1_96' title='bbox 1003 1432 1437 1502; x_wconf 86' lang='lat' dir='ltr'><strong>inspirationem,</strong></span> <span class='ocrx_word' id='word_1_97' title='bbox 1470 1430 1759 1487; x_wconf 84' lang='lat' dir='ltr'><strong>consilium</strong></span> <span class='ocrx_word' id='word_1_98' title='bbox 1788 1441 1838 1485; x_wconf 86' lang='lat' dir='ltr'><strong>et</strong></span> <span class='ocrx_word' id='word_1_99' title='bbox 1866 1429 2060 1482; x_wconf 83' lang='lat' dir='ltr'><strong>volun-</strong></span> 
     </span>
    </p>
   </div>
   <div class='ocr_carea' id='block_1_16' title="bbox 486 1525 1213 1584">
    <p class='ocr_par' dir='ltr' id='par_1_16' title="bbox 486 1525 1213 1584">
     <span class='ocr_line' id='line_1_16' title="bbox 486 1525 1213 1584; baseline 0 -4"><span class='ocrx_word' id='word_1_100' title='bbox 486 1537 650 1584; x_wconf 79' lang='lat' dir='ltr'><strong>tatem</strong></span> <span class='ocrx_word' id='word_1_101' title='bbox 678 1527 853 1582; x_wconf 89' lang='lat' dir='ltr'><strong>Patris</strong></span> <span class='ocrx_word' id='word_1_102' title='bbox 878 1525 1213 1580; x_wconf 84' lang='lat' dir='ltr'><strong>nuntiarent.</strong></span> 
     </span>
    </p>
   </div>
   <div class='ocr_carea' id='block_1_17' title="bbox 559 1713 2053 1786">
    <p class='ocr_par' dir='ltr' id='par_1_17' title="bbox 559 1713 2053 1786">
     <span class='ocr_line' id='line_1_17' title="bbox 559 1713 2053 1786; baseline 0 -14"><span class='ocrx_word' id='word_1_103' title='bbox 559 1717 676 1772; x_wconf 78' lang='lat' dir='ltr'><strong>XII.</strong></span> <span class='ocrx_word' id='word_1_104' title='bbox 719 1715 779 1770; x_wconf 93' lang='lat' dir='ltr'><strong>In</strong></span> <span class='ocrx_word' id='word_1_105' title='bbox 818 1715 902 1769; x_wconf 91' lang='lat' dir='ltr'><strong>his</strong></span> <span class='ocrx_word' id='word_1_106' title='bbox 927 1714 1088 1785; x_wconf 84' lang='lat' dir='ltr'><strong>igitur</strong></span> <span class='ocrx_word' id='word_1_107' title='bbox 1111 1713 1346 1768; x_wconf 84' lang='lat' dir='ltr'><strong>Verbum</strong></span> <span class='ocrx_word' id='word_1_108' title='bbox 1374 1715 1706 1779; x_wconf 78' lang='lat' dir='ltr'><strong>versabatur,</strong></span> <span class='ocrx_word' id='word_1_109' title='bbox 1734 1715 1959 1786; x_wconf 91' lang='lat' dir='ltr'><strong>loquens</strong></span> <span class='ocrx_word' id='word_1_110' title='bbox 1985 1716 2053 1772; x_wconf 84' lang='lat' dir='ltr'><strong>de</strong></span> 
     </span>
    </p>
   </div>
   <div class='ocr_carea' id='block_1_18' title="bbox 491 1804 2055 1878">
    <p class='ocr_par' dir='ltr' id='par_1_18' title="bbox 491 1804 2055 1878">
     <span class='ocr_line' id='line_1_18' title="bbox 491 1804 2055 1878; baseline -0.003 -16"><span class='ocrx_word' id='word_1_111' title='bbox 491 1823 550 1862; x_wconf 77' lang='lat' dir='ltr'><strong>se</strong></span> <span class='ocrx_word' id='word_1_112' title='bbox 572 1807 704 1878; x_wconf 93' lang='lat' dir='ltr'><strong>ipso.</strong></span> <span class='ocrx_word' id='word_1_113' title='bbox 727 1805 844 1861; x_wconf 88' lang='lat' dir='ltr'><strong>Jam</strong></span> <span class='ocrx_word' id='word_1_114' title='bbox 867 1804 1010 1859; x_wconf 89' lang='lat' dir='ltr'><strong>enim</strong></span> <span class='ocrx_word' id='word_1_115' title='bbox 1037 1805 1149 1873; x_wconf 90' lang='lat' dir='ltr'><strong>ipse</strong></span> <span class='ocrx_word' id='word_1_116' title='bbox 1171 1819 1300 1856; x_wconf 88' lang='lat' dir='ltr'><strong>suus</strong></span> <span class='ocrx_word' id='word_1_117' title='bbox 1334 1820 1508 1873; x_wconf 74' lang='lat' dir='ltr'><strong>przeco</strong></span> <span class='ocrx_word' id='word_1_118' title='bbox 1538 1814 1653 1859; x_wconf 88' lang='lat' dir='ltr'><strong>erat</strong></span> <span class='ocrx_word' id='word_1_119' title='bbox 1673 1821 1687 1868; x_wconf 88' lang='lat'><strong>;</strong></span> <span class='ocrx_word' id='word_1_120' title='bbox 1711 1805 2055 1859; x_wconf 86' lang='lat' dir='ltr'><strong>ostendebat-</strong></span> 
     </span>
    </p>
   </div>
   <div class='ocr_carea' id='block_1_19' title="bbox 489 1891 2055 1969">
    <p class='ocr_par' dir='ltr' id='par_1_19' title="bbox 489 1891 2055 1969">
     <span class='ocr_line' id='line_1_19' title="bbox 489 1891 2055 1969; baseline -0.003 -16"><span class='ocrx_word' id='word_1_121' title='bbox 489 1913 597 1969; x_wconf 90' lang='lat' dir='ltr'><strong>quc</strong></span> <span class='ocrx_word' id='word_1_122' title='bbox 617 1896 858 1952; x_wconf 78' lang='lat' dir='ltr'><strong>futurum</strong></span> <span class='ocrx_word' id='word_1_123' title='bbox 895 1911 1035 1959; x_wconf 88' lang='lat' dir='ltr'><strong>esse,</strong></span> <span class='ocrx_word' id='word_1_124' title='bbox 1058 1905 1117 1950; x_wconf 90' lang='lat' dir='ltr'><strong>ut</strong></span> <span class='ocrx_word' id='word_1_125' title='bbox 1138 1895 1370 1950; x_wconf 83' lang='lat' dir='ltr'><strong>Verbum</strong></span> <span class='ocrx_word' id='word_1_126' title='bbox 1408 1895 1462 1948; x_wconf 90' lang='lat' dir='ltr'><strong>in</strong></span> <span class='ocrx_word' id='word_1_127' title='bbox 1493 1891 1800 1950; x_wconf 87' lang='lat' dir='ltr'><strong>hominibus</strong></span> <span class='ocrx_word' id='word_1_128' title='bbox 1827 1911 2055 1966; x_wconf 89' lang='lat' dir='ltr'><strong>appare-</strong></span> 
     </span>
    </p>
   </div>
   <div class='ocr_carea' id='block_1_20' title="bbox 491 1987 2058 2045">
    <p class='ocr_par' dir='ltr' id='par_1_20' title="bbox 491 1987 2058 2045">
     <span class='ocr_line' id='line_1_20' title="bbox 491 1987 2058 2045; baseline -0.001 0"><span class='ocrx_word' id='word_1_129' title='bbox 491 2000 594 2045; x_wconf 90' lang='lat' dir='ltr'><strong>ret.</strong></span> <span class='ocrx_word' id='word_1_130' title='bbox 625 1989 832 2044; x_wconf 90' lang='lat' dir='ltr'><strong>Idcirco</strong></span> <span class='ocrx_word' id='word_1_131' title='bbox 861 1988 941 2042; x_wconf 91' lang='lat' dir='ltr'><strong>sic</strong></span> <span class='ocrx_word' id='word_1_132' title='bbox 977 1988 1276 2042; x_wconf 86' lang='lat' dir='ltr'><strong>clamabat:</strong></span> <span class='ocrx_word' id='word_1_133' title='bbox 1305 2007 1322 2039; x_wconf 85' lang='grc'><strong><em>‹</em></strong></span> <span class='ocrx_word' id='word_1_134' title='bbox 1357 1987 1550 2042; x_wconf 84' lang='lat' dir='ltr'><strong>Factus</strong></span> <span class='ocrx_word' id='word_1_135' title='bbox 1586 2003 1703 2042; x_wconf 91' lang='lat' dir='ltr'><strong>sum</strong></span> <span class='ocrx_word' id='word_1_136' title='bbox 1741 1988 2058 2044; x_wconf 77' lang='lat' dir='ltr'><strong>manifestus</strong></span> 
     </span>
    </p>
   </div>
   <div class='ocr_carea' id='block_1_21' title="bbox 492 2078 2058 2152">
    <p class='ocr_par' dir='ltr' id='par_1_21' title="bbox 492 2078 2058 2152">
     <span class='ocr_line' id='line_1_21' title="bbox 492 2078 2058 2152; baseline -0.002 -16"><span class='ocrx_word' id='word_1_137' title='bbox 492 2083 557 2137; x_wconf 89' lang='lat' dir='ltr'><strong>iis</strong></span> <span class='ocrx_word' id='word_1_138' title='bbox 582 2081 671 2152; x_wconf 87' lang='lat' dir='ltr'><strong>qui</strong></span> <span class='ocrx_word' id='word_1_139' title='bbox 714 2096 824 2136; x_wconf 91' lang='lat' dir='ltr'><strong>non</strong></span> <span class='ocrx_word' id='word_1_140' title='bbox 861 2081 1174 2150; x_wconf 69' lang='lat' dir='ltr'><strong>quaerebant</strong></span> <span class='ocrx_word' id='word_1_141' title='bbox 1202 2096 1318 2146; x_wconf 87' lang='lat' dir='ltr'><strong>me;</strong></span> <span class='ocrx_word' id='word_1_142' title='bbox 1359 2079 1610 2134; x_wconf 88' lang='lat' dir='ltr'><strong>inventus</strong></span> <span class='ocrx_word' id='word_1_143' title='bbox 1645 2095 1763 2134; x_wconf 92' lang='lat' dir='ltr'><strong>sum</strong></span> <span class='ocrx_word' id='word_1_144' title='bbox 1787 2079 1856 2133; x_wconf 87' lang='lat' dir='ltr'><strong>ab</strong></span> <span class='ocrx_word' id='word_1_145' title='bbox 1878 2078 1944 2133; x_wconf 91' lang='lat' dir='ltr'><strong>iis</strong></span> <span class='ocrx_word' id='word_1_146' title='bbox 1967 2079 2058 2150; x_wconf 90' lang='lat' dir='ltr'><strong>qui</strong></span> 
     </span>
    </p>
   </div>
   <div class='ocr_carea' id='block_1_22' title="bbox 491 2170 2060 2244">
    <p class='ocr_par' dir='ltr' id='par_1_22' title="bbox 491 2170 2060 2244">
     <span class='ocr_line' id='line_1_22' title="bbox 491 2170 2060 2244; baseline -0.001 -16"><span class='ocrx_word' id='word_1_147' title='bbox 491 2190 601 2228; x_wconf 89' lang='lat' dir='ltr'><strong>non</strong></span> <span class='ocrx_word' id='word_1_148' title='bbox 628 2173 1030 2244; x_wconf 82' lang='lat' dir='ltr'><strong>interrogabant</strong></span> <span class='ocrx_word' id='word_1_149' title='bbox 1059 2187 1146 2226; x_wconf 92' lang='lat' dir='ltr'><strong>me</strong></span> <span class='ocrx_word' id='word_1_150' title='bbox 1171 2172 1237 2224; x_wconf 82' lang='grc'><strong>⁸³.</strong></span> <span class='ocrx_word' id='word_1_151' title='bbox 1272 2189 1290 2222; x_wconf 75' lang='grc' dir='ltr'><strong>ι</strong></span> <span class='ocrx_word' id='word_1_152' title='bbox 1311 2170 1442 2237; x_wconf 85' lang='lat' dir='ltr'><strong>Quis</strong></span> <span class='ocrx_word' id='word_1_153' title='bbox 1485 2186 1612 2226; x_wconf 90' lang='lat' dir='ltr'><strong>vero</strong></span> <span class='ocrx_word' id='word_1_154' title='bbox 1651 2179 1732 2226; x_wconf 91' lang='lat' dir='ltr'><strong>est</strong></span> <span class='ocrx_word' id='word_1_155' title='bbox 1769 2171 1859 2240; x_wconf 90' lang='lat' dir='ltr'><strong>qui</strong></span> <span class='ocrx_word' id='word_1_156' title='bbox 1886 2170 2060 2226; x_wconf 79' lang='lat' dir='ltr'><strong>factus</strong></span> 
     </span>
    </p>
   </div>
   <div class='ocr_carea' id='block_1_23' title="bbox 491 2263 2061 2334">
    <p class='ocr_par' dir='ltr' id='par_1_23' title="bbox 491 2263 2061 2334">
     <span class='ocr_line' id='line_1_23' title="bbox 491 2263 2061 2334; baseline -0.001 -14"><span class='ocrx_word' id='word_1_157' title='bbox 491 2274 577 2322; x_wconf 88' lang='lat' dir='ltr'><strong>est</strong></span> <span class='ocrx_word' id='word_1_158' title='bbox 600 2265 937 2333; x_wconf 83' lang='lat' dir='ltr'><strong>manifestus,</strong></span> <span class='ocrx_word' id='word_1_159' title='bbox 961 2265 1063 2320; x_wconf 89' lang='lat' dir='ltr'><strong>nisi</strong></span> <span class='ocrx_word' id='word_1_160' title='bbox 1088 2263 1322 2318; x_wconf 86' lang='lat' dir='ltr'><strong>Verbum</strong></span> <span class='ocrx_word' id='word_1_161' title='bbox 1349 2263 1560 2319; x_wconf 88' lang='lat' dir='ltr'><strong>Patris?</strong></span> <span class='ocrx_word' id='word_1_162' title='bbox 1586 2263 1729 2334; x_wconf 88' lang='lat' dir='ltr'><strong>quod</strong></span> <span class='ocrx_word' id='word_1_163' title='bbox 1752 2279 1874 2318; x_wconf 93' lang='lat' dir='ltr'><strong>cum</strong></span> <span class='ocrx_word' id='word_1_164' title='bbox 1903 2263 2061 2318; x_wconf 88' lang='lat' dir='ltr'><strong>Pater</strong></span> 
     </span>
    </p>
   </div>
   <div class='ocr_carea' id='block_1_24' title="bbox 492 2351 2060 2424">
    <p class='ocr_par' dir='ltr' id='par_1_24' title="bbox 492 2351 2060 2424">
     <span class='ocr_line' id='line_1_24' title="bbox 492 2351 2060 2424; baseline -0.003 -14"><span class='ocrx_word' id='word_1_165' title='bbox 492 2355 660 2419; x_wconf 84' lang='lat' dir='ltr'><strong>misit,</strong></span> <span class='ocrx_word' id='word_1_166' title='bbox 688 2364 1013 2424; x_wconf 87' lang='lat' dir='ltr'><strong>potestatem</strong></span> <span class='ocrx_word' id='word_1_167' title='bbox 1036 2370 1187 2409; x_wconf 91' lang='lat' dir='ltr'><strong>suam</strong></span> <span class='ocrx_word' id='word_1_168' title='bbox 1225 2354 1463 2408; x_wconf 88' lang='lat' dir='ltr'><strong>ostendit</strong></span> <span class='ocrx_word' id='word_1_169' title='bbox 1491 2353 1819 2408; x_wconf 90' lang='lat' dir='ltr'><strong>hominibus.</strong></span> <span class='ocrx_word' id='word_1_170' title='bbox 1848 2351 1936 2406; x_wconf 92' lang='lat' dir='ltr'><strong>Sic</strong></span> <span class='ocrx_word' id='word_1_171' title='bbox 1960 2353 2060 2424; x_wconf 86' lang='lat' dir='ltr'><strong>igi-</strong></span> 
     </span>
    </p>
   </div>
   <div class='ocr_carea' id='block_1_25' title="bbox 494 2446 2064 2509">
    <p class='ocr_par' dir='ltr' id='par_1_25' title="bbox 494 2446 2064 2509">
     <span class='ocr_line' id='line_1_25' title="bbox 494 2446 2064 2509; baseline -0.003 -6"><span class='ocrx_word' id='word_1_172' title='bbox 494 2457 586 2503; x_wconf 85' lang='lat' dir='ltr'><strong>tur</strong></span> <span class='ocrx_word' id='word_1_173' title='bbox 613 2447 813 2502; x_wconf 79' lang='lat' dir='ltr'><strong>factum</strong></span> <span class='ocrx_word' id='word_1_174' title='bbox 837 2457 916 2502; x_wconf 89' lang='lat' dir='ltr'><strong>est</strong></span> <span class='ocrx_word' id='word_1_175' title='bbox 944 2447 1288 2502; x_wconf 81' lang='lat' dir='ltr'><strong>manifestum</strong></span> <span class='ocrx_word' id='word_1_176' title='bbox 1315 2446 1572 2509; x_wconf 79' lang='lat' dir='ltr'><strong>Verbum,</strong></span> <span class='ocrx_word' id='word_1_177' title='bbox 1599 2446 1737 2501; x_wconf 89' lang='lat' dir='ltr'><strong>sicut</strong></span> <span class='ocrx_word' id='word_1_178' title='bbox 1773 2446 1847 2500; x_wconf 89' lang='lat' dir='ltr'><strong>ait</strong></span> <span class='ocrx_word' id='word_1_179' title='bbox 1875 2447 2064 2500; x_wconf 89' lang='lat' dir='ltr'><strong>beatus</strong></span> 
     </span>
    </p>
   </div>
   <div class='ocr_carea' id='block_1_26' title="bbox 492 2536 2064 2608">
    <p class='ocr_par' dir='ltr' id='par_1_26' title="bbox 492 2536 2064 2608">
     <span class='ocr_line' id='line_1_26' title="bbox 492 2536 2064 2608; baseline -0.003 -16"><span class='ocrx_word' id='word_1_180' title='bbox 492 2536 751 2592; x_wconf 86' lang='lat' dir='ltr'><strong>Joannes.</strong></span> <span class='ocrx_word' id='word_1_181' title='bbox 787 2537 1006 2608; x_wconf 82' lang='lat' dir='ltr'><strong>Repetit</strong></span> <span class='ocrx_word' id='word_1_182' title='bbox 1045 2537 1188 2592; x_wconf 89' lang='lat' dir='ltr'><strong>enim</strong></span> <span class='ocrx_word' id='word_1_183' title='bbox 1230 2536 1536 2591; x_wconf 81' lang='lat' dir='ltr'><strong>summatim</strong></span> <span class='ocrx_word' id='word_1_184' title='bbox 1567 2552 1688 2606; x_wconf 76' lang='lat' dir='ltr'><strong>qua:</strong></span> <span class='ocrx_word' id='word_1_185' title='bbox 1719 2552 1748 2590; x_wconf 83' lang='lat' dir='ltr'><strong>a</strong></span> <span class='ocrx_word' id='word_1_186' title='bbox 1785 2536 2064 2606; x_wconf 81' lang='lat' dir='ltr'><strong>prophetis</strong></span> 
     </span>
    </p>
   </div>
   <div class='ocr_carea' id='block_1_27' title="bbox 499 2627 2064 2696">
    <p class='ocr_par' dir='ltr' id='par_1_27' title="bbox 499 2627 2064 2696">
     <span class='ocr_line' id='line_1_27' title="bbox 499 2627 2064 2696; baseline -0.001 -12"><span class='ocrx_word' id='word_1_187' title='bbox 499 2629 642 2684; x_wconf 83' lang='lat' dir='ltr'><strong>dicta</strong></span> <span class='ocrx_word' id='word_1_188' title='bbox 669 2638 815 2694; x_wconf 88' lang='lat' dir='ltr'><strong>sunt,</strong></span> <span class='ocrx_word' id='word_1_189' title='bbox 838 2630 1216 2684; x_wconf 87' lang='lat' dir='ltr'><strong>demonstrans</strong></span> <span class='ocrx_word' id='word_1_190' title='bbox 1243 2629 1346 2684; x_wconf 86' lang='lat' dir='ltr'><strong>hoc</strong></span> <span class='ocrx_word' id='word_1_191' title='bbox 1373 2644 1494 2683; x_wconf 90' lang='lat' dir='ltr'><strong>esse</strong></span> <span class='ocrx_word' id='word_1_192' title='bbox 1524 2628 1759 2682; x_wconf 88' lang='lat' dir='ltr'><strong>Verbum</strong></span> <span class='ocrx_word' id='word_1_193' title='bbox 1798 2644 1894 2696; x_wconf 87' lang='lat' dir='ltr'><strong>per</strong></span> <span class='ocrx_word' id='word_1_194' title='bbox 1920 2627 2064 2696; x_wconf 87' lang='lat' dir='ltr'><strong>quod</strong></span> 
     </span>
    </p>
   </div>
   <div class='ocr_carea' id='block_1_28' title="bbox 497 2717 2066 2787">
    <p class='ocr_par' dir='ltr' id='par_1_28' title="bbox 497 2717 2066 2787">
     <span class='ocr_line' id='line_1_28' title="bbox 497 2717 2066 2787; baseline -0.003 -13"><span class='ocrx_word' id='word_1_195' title='bbox 497 2720 679 2774; x_wconf 87' lang='lat' dir='ltr'><strong>omnia</strong></span> <span class='ocrx_word' id='word_1_196' title='bbox 710 2719 850 2774; x_wconf 81' lang='lat' dir='ltr'><strong>facta</strong></span> <span class='ocrx_word' id='word_1_197' title='bbox 879 2730 1026 2774; x_wconf 91' lang='lat' dir='ltr'><strong>sunt.</strong></span> <span class='ocrx_word' id='word_1_198' title='bbox 1057 2719 1148 2774; x_wconf 88' lang='lat' dir='ltr'><strong>Sic</strong></span> <span class='ocrx_word' id='word_1_199' title='bbox 1175 2721 1318 2774; x_wconf 86' lang='lat' dir='ltr'><strong>enim</strong></span> <span class='ocrx_word' id='word_1_200' title='bbox 1348 2720 1422 2772; x_wconf 90' lang='lat' dir='ltr'><strong>ait</strong></span> <span class='ocrx_word' id='word_1_201' title='bbox 1448 2735 1462 2770; x_wconf 90' lang='lat'><strong>:</strong></span> <span class='ocrx_word' id='word_1_202' title='bbox 1499 2737 1518 2770; x_wconf 77' lang='grc' dir='ltr'><strong>ι</strong></span> <span class='ocrx_word' id='word_1_203' title='bbox 1555 2718 1613 2771; x_wconf 94' lang='lat' dir='ltr'><strong>In</strong></span> <span class='ocrx_word' id='word_1_204' title='bbox 1644 2717 1908 2787; x_wconf 84' lang='lat' dir='ltr'><strong>principio</strong></span> <span class='ocrx_word' id='word_1_205' title='bbox 1949 2725 2066 2770; x_wconf 83' lang='lat' dir='ltr'><strong>erat</strong></span> 
     </span>
    </p>
   </div>
   <div class='ocr_carea' id='block_1_29' title="bbox 495 2807 2065 2878">
    <p class='ocr_par' dir='ltr' id='par_1_29' title="bbox 495 2807 2065 2878">
     <span class='ocr_line' id='line_1_29' title="bbox 495 2807 2065 2878; baseline -0.004 -12"><span class='ocrx_word' id='word_1_206' title='bbox 495 2809 753 2874; x_wconf 82' lang='lat' dir='ltr'><strong>Verbum,</strong></span> <span class='ocrx_word' id='word_1_207' title='bbox 785 2821 840 2865; x_wconf 89' lang='lat' dir='ltr'><strong>et</strong></span> <span class='ocrx_word' id='word_1_208' title='bbox 873 2809 1106 2864; x_wconf 87' lang='lat' dir='ltr'><strong>Verbum</strong></span> <span class='ocrx_word' id='word_1_209' title='bbox 1136 2817 1252 2864; x_wconf 87' lang='lat' dir='ltr'><strong>erat</strong></span> <span class='ocrx_word' id='word_1_210' title='bbox 1289 2807 1430 2878; x_wconf 88' lang='lat' dir='ltr'><strong>apud</strong></span> <span class='ocrx_word' id='word_1_211' title='bbox 1461 2807 1652 2869; x_wconf 90' lang='lat' dir='ltr'><strong>Deum,</strong></span> <span class='ocrx_word' id='word_1_212' title='bbox 1695 2816 1751 2860; x_wconf 88' lang='lat' dir='ltr'><strong>et</strong></span> <span class='ocrx_word' id='word_1_213' title='bbox 1781 2807 1922 2860; x_wconf 88' lang='lat' dir='ltr'><strong>Deus</strong></span> <span class='ocrx_word' id='word_1_214' title='bbox 1948 2814 2065 2859; x_wconf 91' lang='lat' dir='ltr'><strong>erat</strong></span> 
     </span>
    </p>
   </div>
   <div class='ocr_carea' id='block_1_30' title="bbox 494 2897 2062 2970">
    <p class='ocr_par' dir='ltr' id='par_1_30' title="bbox 494 2897 2062 2970">
     <span class='ocr_line' id='line_1_30' title="bbox 494 2897 2062 2970; baseline -0.007 -12"><span class='ocrx_word' id='word_1_215' title='bbox 494 2903 753 2960; x_wconf 83' lang='lat' dir='ltr'><strong>Verbum.</strong></span> <span class='ocrx_word' id='word_1_216' title='bbox 779 2902 970 2958; x_wconf 90' lang='lat' dir='ltr'><strong>Omnia</strong></span> <span class='ocrx_word' id='word_1_217' title='bbox 1013 2917 1110 2970; x_wconf 89' lang='lat' dir='ltr'><strong>per</strong></span> <span class='ocrx_word' id='word_1_218' title='bbox 1151 2900 1324 2969; x_wconf 88' lang='lat' dir='ltr'><strong>ipsum</strong></span> <span class='ocrx_word' id='word_1_219' title='bbox 1358 2898 1493 2952; x_wconf 83' lang='lat' dir='ltr'><strong>facta</strong></span> <span class='ocrx_word' id='word_1_220' title='bbox 1533 2906 1690 2960; x_wconf 91' lang='lat' dir='ltr'><strong>sunt,</strong></span> <span class='ocrx_word' id='word_1_221' title='bbox 1719 2905 1773 2950; x_wconf 91' lang='lat' dir='ltr'><strong>et</strong></span> <span class='ocrx_word' id='word_1_222' title='bbox 1798 2897 1914 2950; x_wconf 90' lang='lat' dir='ltr'><strong>sine</strong></span> <span class='ocrx_word' id='word_1_223' title='bbox 1943 2897 2062 2964; x_wconf 89' lang='lat' dir='ltr'><strong>ipso</strong></span> 
     </span>
    </p>
   </div>
   <div class='ocr_carea' id='block_1_31' title="bbox 496 2987 2066 3055">
    <p class='ocr_par' dir='ltr' id='par_1_31' title="bbox 496 2987 2066 3055">
     <span class='ocr_line' id='line_1_31' title="bbox 496 2987 2066 3055; baseline -0.006 -5"><span class='ocrx_word' id='word_1_224' title='bbox 496 2996 695 3050; x_wconf 80' lang='lat' dir='ltr'><strong>factum</strong></span> <span class='ocrx_word' id='word_1_225' title='bbox 744 3003 828 3048; x_wconf 87' lang='lat' dir='ltr'><strong>est</strong></span> <span class='ocrx_word' id='word_1_226' title='bbox 879 2992 1011 3046; x_wconf 83' lang='lat' dir='ltr'><strong>nihil</strong></span> <span class='ocrx_word' id='word_1_227' title='bbox 1049 2992 1113 3044; x_wconf 71' lang='grc'>⁸⁸.</span> <span class='ocrx_word' id='word_1_228' title='bbox 1155 3009 1171 3040; x_wconf 78' lang='grc' dir='ltr'><strong>ι</strong></span> <span class='ocrx_word' id='word_1_229' title='bbox 1208 2990 1274 3044; x_wconf 85' lang='lat' dir='ltr'><strong>Et</strong></span> <span class='ocrx_word' id='word_1_230' title='bbox 1312 2989 1450 3043; x_wconf 79' lang='lat' dir='ltr'><strong>infra</strong></span> <span class='ocrx_word' id='word_1_231' title='bbox 1488 2988 1562 3042; x_wconf 88' lang='lat' dir='ltr'><strong>ait</strong></span> <span class='ocrx_word' id='word_1_232' title='bbox 1601 3005 1613 3042; x_wconf 94' lang='lat'>:</span> <span class='ocrx_word' id='word_1_233' title='bbox 1658 3007 1676 3040; x_wconf 77' lang='grc' dir='ltr'><strong>ι</strong></span> <span class='ocrx_word' id='word_1_234' title='bbox 1707 2987 1936 3041; x_wconf 82' lang='lat' dir='ltr'><strong>Mundus</strong></span> <span class='ocrx_word' id='word_1_235' title='bbox 1969 3002 2066 3055; x_wconf 80' lang='lat' dir='ltr'><strong>per</strong></span> 
     </span>
    </p>
   </div>
   <div class='ocr_carea' id='block_1_32' title="bbox 497 3077 2064 3156">
    <p class='ocr_par' dir='ltr' id='par_1_32' title="bbox 497 3077 2064 3156">
     <span class='ocr_line' id='line_1_32' title="bbox 497 3077 2064 3156; baseline -0.007 -15"><span class='ocrx_word' id='word_1_236' title='bbox 497 3087 672 3156; x_wconf 88' lang='lat' dir='ltr'><strong>ipsum</strong></span> <span class='ocrx_word' id='word_1_237' title='bbox 708 3084 880 3138; x_wconf 80' lang='lat' dir='ltr'><strong>factus</strong></span> <span class='ocrx_word' id='word_1_238' title='bbox 915 3092 1014 3146; x_wconf 89' lang='lat' dir='ltr'><strong>est,</strong></span> <span class='ocrx_word' id='word_1_239' title='bbox 1056 3091 1110 3136; x_wconf 90' lang='lat' dir='ltr'><strong>et</strong></span> <span class='ocrx_word' id='word_1_240' title='bbox 1148 3081 1380 3136; x_wconf 86' lang='lat' dir='ltr'><strong>mundus</strong></span> <span class='ocrx_word' id='word_1_241' title='bbox 1420 3096 1542 3136; x_wconf 87' lang='lat' dir='ltr'><strong>cum</strong></span> <span class='ocrx_word' id='word_1_242' title='bbox 1568 3094 1677 3134; x_wconf 91' lang='lat' dir='ltr'><strong>non</strong></span> <span class='ocrx_word' id='word_1_243' title='bbox 1709 3077 1974 3148; x_wconf 80' lang='lat' dir='ltr'><strong>cognovit.</strong></span> <span class='ocrx_word' id='word_1_244' title='bbox 2005 3077 2064 3130; x_wconf 90' lang='lat' dir='ltr'><strong>In</strong></span> 
     </span>
    </p>
   </div>
   <div class='ocr_carea' id='block_1_33' title="bbox 2151 575 3661 664">
    <p class='ocr_par' dir='ltr' id='par_1_33' title="bbox 2151 575 3661 664">
     <span class='ocr_line' id='line_1_33' title="bbox 2151 575 3661 664; baseline -0.013 -19"><span class='ocrx_word' id='word_1_245' title='bbox 2151 594 2260 664; x_wconf 70' lang='grc' dir='ltr'><strong>γὰρ</strong></span> <span class='ocrx_word' id='word_1_246' title='bbox 2293 589 2492 652; x_wconf 82' lang='grc' dir='ltr'>πάντες</span> <span class='ocrx_word' id='word_1_247' title='bbox 2529 583 2964 654; x_wconf 80' lang='grc' dir='ltr'><strong>ἀπεκλείσθησαν</strong></span> <span class='ocrx_word' id='word_1_248' title='bbox 2988 580 3066 642; x_wconf 84' lang='grc' dir='ltr'><strong>είς</strong></span> <span class='ocrx_word' id='word_1_249' title='bbox 3094 576 3248 629; x_wconf 83' lang='grc' dir='ltr'>τοῦτο</span> <span class='ocrx_word' id='word_1_250' title='bbox 3280 576 3486 638; x_wconf 75' lang='grc' dir='ltr'>ἄκοντες</span> <span class='ocrx_word' id='word_1_251' title='bbox 3500 575 3661 633; x_wconf 77' lang='grc' dir='ltr'>εἰπεῖν,</span> 
     </span>
    </p>
   </div>
   <div class='ocr_carea' id='block_1_34' title="bbox 2151 664 3666 746">
    <p class='ocr_par' dir='ltr' id='par_1_34' title="bbox 2151 664 3666 746">
     <span class='ocr_line' id='line_1_34' title="bbox 2151 664 3666 746; baseline -0.013 -8"><span class='ocrx_word' id='word_1_252' title='bbox 2151 686 2232 738; x_wconf 82' lang='grc' dir='ltr'><strong>ὅτι</strong></span> <span class='ocrx_word' id='word_1_253' title='bbox 2261 683 2321 736; x_wconf 81' lang='grc' dir='ltr'><strong>τὸ</strong></span> <span class='ocrx_word' id='word_1_254' title='bbox 2349 683 2456 734; x_wconf 80' lang='grc' dir='ltr'>πᾶν</span> <span class='ocrx_word' id='word_1_255' title='bbox 2485 680 2564 742; x_wconf 87' lang='grc' dir='ltr'><strong>είς</strong></span> <span class='ocrx_word' id='word_1_256' title='bbox 2587 678 2684 732; x_wconf 82' lang='grc' dir='ltr'>’ένα</span> <span class='ocrx_word' id='word_1_257' title='bbox 2713 673 3017 746; x_wconf 85' lang='grc' dir='ltr'>ἀνατρέχει.</span> <span class='ocrx_word' id='word_1_258' title='bbox 3043 671 3107 723; x_wconf 85' lang='lat' dir='ltr'><strong>El</strong></span> <span class='ocrx_word' id='word_1_259' title='bbox 3131 664 3224 722; x_wconf 80' lang='grc' dir='ltr'>οὖν</span> <span class='ocrx_word' id='word_1_260' title='bbox 3245 666 3312 721; x_wconf 80' lang='grc' dir='ltr'>τὰ</span> <span class='ocrx_word' id='word_1_261' title='bbox 3326 665 3486 720; x_wconf 74' lang='grc' dir='ltr'>πάντα</span> <span class='ocrx_word' id='word_1_262' title='bbox 3501 667 3569 728; x_wconf 80' lang='grc' dir='ltr'><strong>είς</strong></span> <span class='ocrx_word' id='word_1_263' title='bbox 3587 667 3666 719; x_wconf 69' lang='grc' dir='ltr'>ἕνα</span> 
     </span>
    </p>
   </div>
   <div class='ocr_carea' id='block_1_35' title="bbox 2152 756 3668 846">
    <p class='ocr_par' dir='ltr' id='par_1_35' title="bbox 2152 756 3668 846">
     <span class='ocr_line' id='line_1_35' title="bbox 2152 756 3668 846; baseline -0.013 -17"><span class='ocrx_word' id='word_1_264' title='bbox 2152 773 2460 846; x_wconf 82' lang='grc' dir='ltr'>ἀνατρέχει,</span> <span class='ocrx_word' id='word_1_265' title='bbox 2486 771 2578 825; x_wconf 76' lang='grc' dir='ltr'><strong>καὶ</strong></span> <span class='ocrx_word' id='word_1_266' title='bbox 2597 767 2739 822; x_wconf 81' lang='grc' dir='ltr'>κατὰ</span> <span class='ocrx_word' id='word_1_267' title='bbox 2757 765 3109 821; x_wconf 84' lang='grc' dir='ltr'>Οὐαλεντῐνον</span> <span class='ocrx_word' id='word_1_268' title='bbox 3126 760 3219 812; x_wconf 83' lang='grc' dir='ltr'>καὶ</span> <span class='ocrx_word' id='word_1_269' title='bbox 3235 757 3370 812; x_wconf 78' lang='grc' dir='ltr'>κατὰ</span> <span class='ocrx_word' id='word_1_270' title='bbox 3392 756 3668 828; x_wconf 79' lang='grc' dir='ltr'>Μαρκίωνα,</span> 
     </span>
    </p>
   </div>
   <div class='ocr_carea' id='block_1_36' title="bbox 2153 849 3671 938">
    <p class='ocr_par' dir='ltr' id='par_1_36' title="bbox 2153 849 3671 938">
     <span class='ocr_line' id='line_1_36' title="bbox 2153 849 3671 938; baseline -0.013 -17"><span class='ocrx_word' id='word_1_271' title='bbox 2153 866 2424 938; x_wconf 80' lang='grc' dir='ltr'>Κήρινθόν</span> <span class='ocrx_word' id='word_1_272' title='bbox 2457 881 2518 917; x_wconf 90' lang='grc' dir='ltr'><strong>τε</strong></span> <span class='ocrx_word' id='word_1_273' title='bbox 2549 862 2642 916; x_wconf 69' lang='grc' dir='ltr'><strong>καὶ</strong></span> <span class='ocrx_word' id='word_1_274' title='bbox 2677 862 2875 919; x_wconf 52' lang='grc' dir='ltr'>πᾶσαν,</span> <span class='ocrx_word' id='word_1_275' title='bbox 2899 858 2997 927; x_wconf 79' lang='grc' dir='ltr'>τὴν</span> <span class='ocrx_word' id='word_1_276' title='bbox 3029 853 3252 907; x_wconf 81' lang='grc' dir='ltr'>ἐκείνων</span> <span class='ocrx_word' id='word_1_277' title='bbox 3285 849 3558 920; x_wconf 76' lang='grc' dir='ltr'><strong>φλυαρίαν,</strong></span> <span class='ocrx_word' id='word_1_278' title='bbox 3593 850 3671 902; x_wconf 76' lang='grc' dir='ltr'><strong>καὶ</strong></span> 
     </span>
    </p>
   </div>
   <div class='ocr_carea' id='block_1_37' title="bbox 2155 940 3671 1022">
    <p class='ocr_par' dir='ltr' id='par_1_37' title="bbox 2155 940 3671 1022">
     <span class='ocr_line' id='line_1_37' title="bbox 2155 940 3671 1022; baseline -0.014 -9"><span class='ocrx_word' id='word_1_279' title='bbox 2155 961 2376 1022; x_wconf 81' lang='grc' dir='ltr'>ἄκοντες</span> <span class='ocrx_word' id='word_1_280' title='bbox 2401 957 2479 1019; x_wconf 86' lang='grc' dir='ltr'><strong>είς</strong></span> <span class='ocrx_word' id='word_1_281' title='bbox 2515 955 2672 1008; x_wconf 82' lang='grc' dir='ltr'>τοῦτο</span> <span class='ocrx_word' id='word_1_282' title='bbox 2703 951 3055 1022; x_wconf 86' lang='grc' dir='ltr'>περιέπεσαν,</span> <span class='ocrx_word' id='word_1_283' title='bbox 3091 947 3178 999; x_wconf 83' lang='grc' dir='ltr'>ἵνα</span> <span class='ocrx_word' id='word_1_284' title='bbox 3215 943 3304 997; x_wconf 81' lang='grc' dir='ltr'><strong>τὸν</strong></span> <span class='ocrx_word' id='word_1_285' title='bbox 3331 943 3424 996; x_wconf 68' lang='grc' dir='ltr'>ἕνα</span> <span class='ocrx_word' id='word_1_286' title='bbox 3441 940 3671 1012; x_wconf 75' lang='grc' dir='ltr'>ὁμολογή-</span> 
     </span>
    </p>
   </div>
   <div class='ocr_carea' id='block_1_38' title="bbox 2158 1031 3676 1105">
    <p class='ocr_par' dir='ltr' id='par_1_38' title="bbox 2158 1031 3676 1105">
     <span class='ocr_line' id='line_1_38' title="bbox 2158 1031 3676 1105; baseline -0.013 -1"><span class='ocrx_word' id='word_1_287' title='bbox 2158 1067 2322 1104; x_wconf 84' lang='grc' dir='ltr'>σωσιν</span> <span class='ocrx_word' id='word_1_288' title='bbox 2360 1047 2530 1102; x_wconf 73' lang='grc' dir='ltr'>αἴτιον</span> <span class='ocrx_word' id='word_1_289' title='bbox 2550 1047 2658 1099; x_wconf 81' lang='grc' dir='ltr'><strong>τῶν</strong></span> <span class='ocrx_word' id='word_1_290' title='bbox 2701 1044 2949 1098; x_wconf 76' lang='grc' dir='ltr'>πάντωνο</span> <span class='ocrx_word' id='word_1_291' title='bbox 3001 1039 3173 1100; x_wconf 70' lang='grc' dir='ltr'>οὕτως</span> <span class='ocrx_word' id='word_1_292' title='bbox 3209 1031 3302 1090; x_wconf 79' lang='grc' dir='ltr'><strong>οὖν</strong></span> <span class='ocrx_word' id='word_1_293' title='bbox 3341 1033 3676 1105; x_wconf 72' lang='grc' dir='ltr'><strong>συντρέχουσιν</strong></span> 
     </span>
    </p>
   </div>
   <div class='ocr_carea' id='block_1_39' title="bbox 2157 1124 3678 1211">
    <p class='ocr_par' dir='ltr' id='par_1_39' title="bbox 2157 1124 3678 1211">
     <span class='ocr_line' id='line_1_39' title="bbox 2157 1124 3678 1211; baseline -0.012 -16"><span class='ocrx_word' id='word_1_294' title='bbox 2157 1143 2249 1195; x_wconf 71' lang='grc' dir='ltr'>καὶ</span> <span class='ocrx_word' id='word_1_295' title='bbox 2275 1141 2427 1195; x_wconf 75' lang='grc' dir='ltr'>αὐτοὶ</span> <span class='ocrx_word' id='word_1_296' title='bbox 2464 1139 2538 1211; x_wconf 85' lang='grc' dir='ltr'>μὴ</span> <span class='ocrx_word' id='word_1_297' title='bbox 2579 1138 2825 1200; x_wconf 82' lang='grc' dir='ltr'>θέλοντες</span> <span class='ocrx_word' id='word_1_298' title='bbox 2864 1137 2928 1205; x_wconf 79' lang='grc' dir='ltr'>τῇ</span> <span class='ocrx_word' id='word_1_299' title='bbox 2981 1130 3210 1201; x_wconf 76' lang='grc' dir='ltr'>ἀληθείᾳ</span> <span class='ocrx_word' id='word_1_300' title='bbox 3249 1129 3342 1182; x_wconf 69' lang='grc' dir='ltr'>ἕνα</span> <span class='ocrx_word' id='word_1_301' title='bbox 3375 1125 3496 1180; x_wconf 73' lang='grc' dir='ltr'>Θεὸν</span> <span class='ocrx_word' id='word_1_302' title='bbox 3528 1124 3678 1194; x_wconf 80' lang='grc' dir='ltr'>λέγειν</span> 
     </span>
    </p>
   </div>
   <div class='ocr_carea' id='block_1_40' title="bbox 2158 1217 3680 1303">
    <p class='ocr_par' dir='ltr' id='par_1_40' title="bbox 2158 1217 3680 1303">
     <span class='ocr_line' id='line_1_40' title="bbox 2158 1217 3680 1303; baseline -0.011 -18"><span class='ocrx_word' id='word_1_303' title='bbox 2158 1233 2460 1303; x_wconf 83' lang='grc' dir='ltr'>ποιήσαντα</span> <span class='ocrx_word' id='word_1_304' title='bbox 2487 1229 2562 1293; x_wconf 84' lang='grc' dir='ltr'>ὡς</span> <span class='ocrx_word' id='word_1_305' title='bbox 2592 1228 2872 1299; x_wconf 72' lang='grc' dir='ltr'>ἠθέλησεν.</span> <span class='ocrx_word' id='word_1_306' title='bbox 2921 1217 3088 1285; x_wconf 78' lang='grc' dir='ltr'>Οὗτος</span> <span class='ocrx_word' id='word_1_307' title='bbox 3119 1222 3175 1275; x_wconf 76' lang='grc' dir='ltr'><strong>δὲ</strong></span> <span class='ocrx_word' id='word_1_308' title='bbox 3210 1220 3400 1273; x_wconf 69' lang='grc' dir='ltr'>ἔδωκεν</span> <span class='ocrx_word' id='word_1_309' title='bbox 3433 1217 3576 1288; x_wconf 89' lang='grc' dir='ltr'>νόμον</span> <span class='ocrx_word' id='word_1_310' title='bbox 3603 1217 3680 1270; x_wconf 78' lang='grc' dir='ltr'>καὶ</span> 
     </span>
    </p>
   </div>
   <div class='ocr_carea' id='block_1_41' title="bbox 2160 1310 3680 1396">
    <p class='ocr_par' dir='ltr' id='par_1_41' title="bbox 2160 1310 3680 1396">
     <span class='ocr_line' id='line_1_41' title="bbox 2160 1310 3680 1396; baseline -0.012 -19"><span class='ocrx_word' id='word_1_311' title='bbox 2160 1325 2465 1396; x_wconf 75' lang='grc' dir='ltr'><strong>προφήτας,</strong></span> <span class='ocrx_word' id='word_1_312' title='bbox 2493 1321 2588 1374; x_wconf 76' lang='grc' dir='ltr'><strong>καὶ</strong></span> <span class='ocrx_word' id='word_1_313' title='bbox 2617 1321 2740 1382; x_wconf 81' lang='grc' dir='ltr'>δοὺς</span> <span class='ocrx_word' id='word_1_314' title='bbox 2756 1317 2844 1371; x_wconf 79' lang='grc' dir='ltr'>διὰ</span> <span class='ocrx_word' id='word_1_315' title='bbox 2869 1315 3186 1385; x_wconf 84' lang='grc' dir='ltr'>Πνεύματος</span> <span class='ocrx_word' id='word_1_316' title='bbox 3221 1311 3373 1380; x_wconf 79' lang='grc' dir='ltr'>ἁγίου</span> <span class='ocrx_word' id='word_1_317' title='bbox 3413 1310 3680 1378; x_wconf 67' lang='grc' dir='ltr'>ἠνάγκασεν</span> 
     </span>
    </p>
   </div>
   <div class='ocr_carea' id='block_1_42' title="bbox 2158 1402 3681 1482">
    <p class='ocr_par' dir='ltr' id='par_1_42' title="bbox 2158 1402 3681 1482">
     <span class='ocr_line' id='line_1_42' title="bbox 2158 1402 3681 1482; baseline -0.011 -13"><span class='ocrx_word' id='word_1_318' title='bbox 2158 1415 2381 1478; x_wconf 78' lang='grc' dir='ltr'><strong>τούτους</strong></span> <span class='ocrx_word' id='word_1_319' title='bbox 2419 1411 2752 1482; x_wconf 78' lang='grc' dir='ltr'>φθέγξασθαι</span> <span class='ocrx_word' id='word_1_320' title='bbox 2796 1409 2929 1480; x_wconf 74' lang='lat'><strong>(95),</strong></span> <span class='ocrx_word' id='word_1_321' title='bbox 2959 1409 3107 1470; x_wconf 83' lang='grc' dir='ltr'>ὅπως</span> <span class='ocrx_word' id='word_1_322' title='bbox 3130 1405 3230 1474; x_wconf 79' lang='grc' dir='ltr'><strong>τῆς</strong></span> <span class='ocrx_word' id='word_1_323' title='bbox 3267 1402 3514 1474; x_wconf 79' lang='grc' dir='ltr'>Πατρῲας</span> <span class='ocrx_word' id='word_1_324' title='bbox 3552 1402 3681 1454; x_wconf 78' lang='grc' dir='ltr'><strong>δυνά·</strong></span> 
     </span>
    </p>
   </div>
   <div class='ocr_carea' id='block_1_43' title="bbox 2162 1493 3680 1578">
    <p class='ocr_par' dir='ltr' id='par_1_43' title="bbox 2162 1493 3680 1578">
     <span class='ocr_line' id='line_1_43' title="bbox 2162 1493 3680 1578; baseline -0.012 -15"><span class='ocrx_word' id='word_1_325' title='bbox 2162 1525 2307 1578; x_wconf 88' lang='grc' dir='ltr'>μεως</span> <span class='ocrx_word' id='word_1_326' title='bbox 2337 1506 2434 1578; x_wconf 83' lang='grc' dir='ltr'><strong>τὴν</strong></span> <span class='ocrx_word' id='word_1_327' title='bbox 2461 1506 2760 1559; x_wconf 83' lang='grc' dir='ltr'>ἁπόπνοιαν</span> <span class='ocrx_word' id='word_1_328' title='bbox 2789 1498 3176 1568; x_wconf 76' lang='grc' dir='ltr'>λαϐόντες,τὴν</span> <span class='ocrx_word' id='word_1_329' title='bbox 3209 1496 3395 1567; x_wconf 76' lang='grc' dir='ltr'>βουλὴν</span> <span class='ocrx_word' id='word_1_330' title='bbox 3425 1493 3680 1548; x_wconf 55' lang='lat'><strong>111160:-</strong></span> 
     </span>
    </p>
   </div>
   <div class='ocr_carea' id='block_1_44' title="bbox 2160 1593 3153 1671">
    <p class='ocr_par' dir='ltr' id='par_1_44' title="bbox 2160 1593 3153 1671">
     <span class='ocr_line' id='line_1_44' title="bbox 2160 1593 3153 1671; baseline -0.012 -18"><span class='ocrx_word' id='word_1_331' title='bbox 2160 1601 2225 1670; x_wconf 81' lang='grc' dir='ltr'>λη</span> <span class='ocrx_word' id='word_1_332' title='bbox 2235 1618 2310 1671; x_wconf 87' lang='grc' dir='ltr'><strong>μα</strong></span> <span class='ocrx_word' id='word_1_333' title='bbox 2338 1598 2437 1652; x_wconf 85' lang='grc' dir='ltr'><strong>τοῦ</strong></span> <span class='ocrx_word' id='word_1_334' title='bbox 2470 1596 2682 1668; x_wconf 84' lang='grc' dir='ltr'>Πατρὸς</span> <span class='ocrx_word' id='word_1_335' title='bbox 2710 1593 3153 1662; x_wconf 84' lang='grc' dir='ltr'>καταγγείλωσιν.</span> 
     </span>
    </p>
   </div>
   <div class='ocr_carea' id='block_1_45' title="bbox 2243 1699 3682 1776">
    <p class='ocr_par' dir='ltr' id='par_1_45' title="bbox 2243 1699 3682 1776">
     <span class='ocr_line' id='line_1_45' title="bbox 2243 1699 3682 1776; baseline -0.01 -10"><span class='ocrx_word' id='word_1_336' title='bbox 2243 1713 2331 1765; x_wconf 88' lang='grc' dir='ltr'>Ἐν</span> <span class='ocrx_word' id='word_1_337' title='bbox 2351 1710 2559 1776; x_wconf 85' lang='grc' dir='ltr'><strong>τούτοις</strong></span> <span class='ocrx_word' id='word_1_338' title='bbox 2605 1710 2783 1763; x_wconf 84' lang='grc' dir='ltr'>τοίνυν</span> <span class='ocrx_word' id='word_1_339' title='bbox 2826 1706 3238 1776; x_wconf 81' lang='grc' dir='ltr'>πολιτευόμενος</span> <span class='ocrx_word' id='word_1_340' title='bbox 3273 1705 3301 1756; x_wconf 99' lang='lat'><strong>6</strong></span> <span class='ocrx_word' id='word_1_341' title='bbox 3332 1701 3491 1769; x_wconf 83' lang='grc' dir='ltr'>Λόγος</span> <span class='ocrx_word' id='word_1_342' title='bbox 3521 1699 3682 1767; x_wconf 71' lang='grc' dir='ltr'>ἐφθέγ-</span> 
     </span>
    </p>
   </div>
   <div class='ocr_carea' id='block_1_46' title="bbox 2161 1791 3688 1874">
    <p class='ocr_par' dir='ltr' id='par_1_46' title="bbox 2161 1791 3688 1874">
     <span class='ocr_line' id='line_1_46' title="bbox 2161 1791 3688 1874; baseline -0.009 -18"><span class='ocrx_word' id='word_1_343' title='bbox 2161 1819 2286 1872; x_wconf 89' lang='grc' dir='ltr'>γετο</span> <span class='ocrx_word' id='word_1_344' title='bbox 2316 1801 2443 1874; x_wconf 74' lang='grc' dir='ltr'>περὶ</span> <span class='ocrx_word' id='word_1_345' title='bbox 2465 1800 2678 1855; x_wconf 77' lang='grc' dir='ltr'>ἑαυτοῦ.</span> <span class='ocrx_word' id='word_1_346' title='bbox 2720 1799 2856 1871; x_wconf 85' lang='grc' dir='ltr'><strong>Ἤδη</strong></span> <span class='ocrx_word' id='word_1_347' title='bbox 2889 1797 2996 1868; x_wconf 78' lang='grc' dir='ltr'>γὰρ</span> <span class='ocrx_word' id='word_1_348' title='bbox 3018 1795 3178 1859; x_wconf 74' lang='grc' dir='ltr'>αὐτὸς</span> <span class='ocrx_word' id='word_1_349' title='bbox 3203 1793 3393 1847; x_wconf 85' lang='grc' dir='ltr'>ἐαυτοῦ</span> <span class='ocrx_word' id='word_1_350' title='bbox 3416 1791 3572 1864; x_wconf 77' lang='grc' dir='ltr'>κῆρυξ</span> <span class='ocrx_word' id='word_1_351' title='bbox 3592 1792 3688 1859; x_wconf 82' lang='grc' dir='ltr'>ἐγέ-</span> 
     </span>
    </p>
   </div>
   <div class='ocr_carea' id='block_1_47' title="bbox 2160 1883 3687 1963">
    <p class='ocr_par' dir='ltr' id='par_1_47' title="bbox 2160 1883 3687 1963">
     <span class='ocr_line' id='line_1_47' title="bbox 2160 1883 3687 1963; baseline -0.007 -16"><span class='ocrx_word' id='word_1_352' title='bbox 2160 1912 2301 1958; x_wconf 89' lang='grc' dir='ltr'>νετο,</span> <span class='ocrx_word' id='word_1_353' title='bbox 2325 1892 2585 1947; x_wconf 83' lang='grc' dir='ltr'>δεικνύων</span> <span class='ocrx_word' id='word_1_354' title='bbox 2618 1891 2879 1963; x_wconf 85' lang='grc' dir='ltr'>μέλλοντα</span> <span class='ocrx_word' id='word_1_355' title='bbox 2902 1890 3072 1958; x_wconf 87' lang='grc' dir='ltr'>Λόγον</span> <span class='ocrx_word' id='word_1_356' title='bbox 3107 1886 3390 1958; x_wconf 76' lang='grc' dir='ltr'>φαίνεσθαι</span> <span class='ocrx_word' id='word_1_357' title='bbox 3429 1887 3482 1937; x_wconf 88' lang='grc' dir='ltr'><strong>ἐν</strong></span> <span class='ocrx_word' id='word_1_358' title='bbox 3516 1883 3687 1956; x_wconf 82' lang='grc' dir='ltr'>ἀνθρὼ-</span> 
     </span>
    </p>
   </div>
   <div class='ocr_carea' id='block_1_48' title="bbox 2161 1977 3687 2056">
    <p class='ocr_par' dir='ltr' id='par_1_48' title="bbox 2161 1977 3687 2056">
     <span class='ocr_line' id='line_1_48' title="bbox 2161 1977 3687 2056; baseline -0.007 -18"><span class='ocrx_word' id='word_1_359' title='bbox 2161 2003 2303 2049; x_wconf 77' lang='grc' dir='ltr'>τιοις,</span> <span class='ocrx_word' id='word_1_360' title='bbox 2334 1985 2400 2038; x_wconf 80' lang='grc' dir='ltr'><strong>δι’</strong></span> <span class='ocrx_word' id='word_1_361' title='bbox 2427 1987 2492 2056; x_wconf 87' lang='grc' dir='ltr'>ἣν</span> <span class='ocrx_word' id='word_1_362' title='bbox 2517 1983 2695 2038; x_wconf 81' lang='grc' dir='ltr'>αἰτίαν</span> <span class='ocrx_word' id='word_1_363' title='bbox 2713 1983 2884 2046; x_wconf 75' lang='grc' dir='ltr'>οὕτως</span> <span class='ocrx_word' id='word_1_364' title='bbox 2907 1981 3036 2034; x_wconf 76' lang='grc' dir='ltr'>ἐϐόα</span> <span class='ocrx_word' id='word_1_365' title='bbox 3059 1997 3073 2010; x_wconf 89' lang='grc'><strong>·</strong></span> <span class='ocrx_word' id='word_1_366' title='bbox 3109 1999 3128 2031; x_wconf 78' lang='grc' dir='ltr'><strong>ι</strong></span> <span class='ocrx_word' id='word_1_367' title='bbox 3171 1978 3444 2050; x_wconf 73' lang='grc' dir='ltr'>Ἐμφανὴς</span> <span class='ocrx_word' id='word_1_368' title='bbox 3465 1977 3687 2046; x_wconf 77' lang='grc' dir='ltr'>ἐγενόμην</span> 
     </span>
    </p>
   </div>
   <div class='ocr_carea' id='block_1_49' title="bbox 2161 2069 3687 2148">
    <p class='ocr_par' dir='ltr' id='par_1_49' title="bbox 2161 2069 3687 2148">
     <span class='ocr_line' id='line_1_49' title="bbox 2161 2069 3687 2148; baseline -0.005 -20"><span class='ocrx_word' id='word_1_369' title='bbox 2161 2081 2272 2140; x_wconf 74' lang='grc' dir='ltr'>τοῖς</span> <span class='ocrx_word' id='word_1_370' title='bbox 2293 2079 2392 2146; x_wconf 78' lang='grc' dir='ltr'><strong>ἐμὲ</strong></span> <span class='ocrx_word' id='word_1_371' title='bbox 2422 2076 2495 2148; x_wconf 79' lang='grc' dir='ltr'>μὴ</span> <span class='ocrx_word' id='word_1_372' title='bbox 2530 2075 2805 2146; x_wconf 76' lang='grc' dir='ltr'>ζητοῦσιν,</span> <span class='ocrx_word' id='word_1_373' title='bbox 2839 2073 3069 2145; x_wconf 80' lang='grc' dir='ltr'>εὑρέοην</span> <span class='ocrx_word' id='word_1_374' title='bbox 3099 2073 3214 2136; x_wconf 82' lang='grc' dir='ltr'>τοῖς</span> <span class='ocrx_word' id='word_1_375' title='bbox 3256 2071 3353 2142; x_wconf 81' lang='grc' dir='ltr'>ἐμὲ</span> <span class='ocrx_word' id='word_1_376' title='bbox 3402 2069 3470 2140; x_wconf 85' lang='grc' dir='ltr'>μὴ</span> <span class='ocrx_word' id='word_1_377' title='bbox 3514 2072 3687 2138; x_wconf 84' lang='grc' dir='ltr'>ἐπερω-</span> 
     </span>
    </p>
   </div>
   <div class='ocr_carea' id='block_1_50' title="bbox 2161 2160 3686 2236">
    <p class='ocr_par' dir='ltr' id='par_1_50' title="bbox 2161 2160 3686 2236">
     <span class='ocr_line' id='line_1_50' title="bbox 2161 2160 3686 2236; baseline -0.007 -14"><span class='ocrx_word' id='word_1_378' title='bbox 2161 2169 2344 2222; x_wconf 82' lang='grc' dir='ltr'>τῶσιν.</span> <span class='ocrx_word' id='word_1_379' title='bbox 2384 2187 2402 2221; x_wconf 77' lang='grc' dir='ltr'><strong>ι</strong></span> <span class='ocrx_word' id='word_1_380' title='bbox 2443 2170 2538 2232; x_wconf 89' lang='grc' dir='ltr'><strong>Τίς</strong></span> <span class='ocrx_word' id='word_1_381' title='bbox 2566 2168 2621 2222; x_wconf 84' lang='grc' dir='ltr'>δέ</span> <span class='ocrx_word' id='word_1_382' title='bbox 2654 2170 2801 2221; x_wconf 89' lang='grc' dir='ltr'>ἐστιν</span> <span class='ocrx_word' id='word_1_383' title='bbox 2833 2168 2862 2220; x_wconf 94' lang='lat'><strong>6</strong></span> <span class='ocrx_word' id='word_1_384' title='bbox 2896 2165 3142 2236; x_wconf 72' lang='grc' dir='ltr'>ἐμφανὴς</span> <span class='ocrx_word' id='word_1_385' title='bbox 3188 2164 3504 2234; x_wconf 87' lang='grc' dir='ltr'>γενόμενος,</span> <span class='ocrx_word' id='word_1_386' title='bbox 3545 2160 3686 2231; x_wconf 73' lang='grc' dir='ltr'>ἀλλ’ἢ</span> 
     </span>
    </p>
   </div>
   <div class='ocr_carea' id='block_1_51' title="bbox 2162 2255 3688 2332">
    <p class='ocr_par' dir='ltr' id='par_1_51' title="bbox 2162 2255 3688 2332">
     <span class='ocr_line' id='line_1_51' title="bbox 2162 2255 3688 2332; baseline -0.006 -18"><span class='ocrx_word' id='word_1_387' title='bbox 2162 2263 2190 2314; x_wconf 91' lang='lat'><strong>6</strong></span> <span class='ocrx_word' id='word_1_388' title='bbox 2210 2260 2380 2330; x_wconf 83' lang='grc' dir='ltr'><strong>Λόγος</strong></span> <span class='ocrx_word' id='word_1_389' title='bbox 2401 2260 2494 2314; x_wconf 89' lang='grc' dir='ltr'><strong>τοῦ</strong></span> <span class='ocrx_word' id='word_1_390' title='bbox 2522 2260 2735 2332; x_wconf 82' lang='grc' dir='ltr'><strong>Πατρός</strong></span> <span class='ocrx_word' id='word_1_391' title='bbox 2756 2277 2770 2325; x_wconf 91' lang='grc'><strong>;</strong></span> <span class='ocrx_word' id='word_1_392' title='bbox 2804 2258 2869 2312; x_wconf 84' lang='grc' dir='ltr'>ὃν</span> <span class='ocrx_word' id='word_1_393' title='bbox 2885 2256 3229 2312; x_wconf 78' lang='grc' dir='ltr'>ἀποστέλλων</span> <span class='ocrx_word' id='word_1_394' title='bbox 3247 2257 3433 2327; x_wconf 74' lang='grc' dir='ltr'>Πατὴρ</span> <span class='ocrx_word' id='word_1_395' title='bbox 3461 2255 3688 2308; x_wconf 77' lang='grc' dir='ltr'>ἐδείκνυεν</span> 
     </span>
    </p>
   </div>
   <div class='ocr_carea' id='block_1_52' title="bbox 2163 2343 3690 2426">
    <p class='ocr_par' dir='ltr' id='par_1_52' title="bbox 2163 2343 3690 2426">
     <span class='ocr_line' id='line_1_52' title="bbox 2163 2343 3690 2426; baseline -0.007 -16"><span class='ocrx_word' id='word_1_396' title='bbox 2163 2354 2474 2426; x_wconf 77' lang='grc' dir='ltr'>ἀνθρώποις</span> <span class='ocrx_word' id='word_1_397' title='bbox 2506 2355 2604 2425; x_wconf 74' lang='grc' dir='ltr'><strong>τὴν</strong></span> <span class='ocrx_word' id='word_1_398' title='bbox 2626 2355 2755 2424; x_wconf 85' lang='grc' dir='ltr'>παρ’</span> <span class='ocrx_word' id='word_1_399' title='bbox 2787 2351 2979 2404; x_wconf 88' lang='grc' dir='ltr'>ἐαυτοῦ</span> <span class='ocrx_word' id='word_1_400' title='bbox 3015 2351 3284 2416; x_wconf 80' lang='grc' dir='ltr'>ἐξουσίαν.</span> <span class='ocrx_word' id='word_1_401' title='bbox 3318 2349 3494 2412; x_wconf 82' lang='grc' dir='ltr'>Οῦτως</span> <span class='ocrx_word' id='word_1_402' title='bbox 3521 2343 3600 2401; x_wconf 78' lang='grc' dir='ltr'><strong>οὖν</strong></span> <span class='ocrx_word' id='word_1_403' title='bbox 3615 2349 3690 2417; x_wconf 75' lang='grc' dir='ltr'><strong>ἑμ-</strong></span> 
     </span>
    </p>
   </div>
   <div class='ocr_carea' id='block_1_53' title="bbox 2163 2439 3688 2519">
    <p class='ocr_par' dir='ltr' id='par_1_53' title="bbox 2163 2439 3688 2519">
     <span class='ocr_line' id='line_1_53' title="bbox 2163 2439 3688 2519; baseline -0.007 -17"><span class='ocrx_word' id='word_1_404' title='bbox 2163 2450 2335 2519; x_wconf 79' lang='grc' dir='ltr'>φανὴς</span> <span class='ocrx_word' id='word_1_405' title='bbox 2365 2448 2576 2518; x_wconf 84' lang='grc' dir='ltr'>ἐγένετο</span> <span class='ocrx_word' id='word_1_406' title='bbox 2601 2449 2629 2499; x_wconf 90' lang='lat'><strong>6</strong></span> <span class='ocrx_word' id='word_1_407' title='bbox 2653 2445 2843 2514; x_wconf 81' lang='grc' dir='ltr'>Λόγος,</span> <span class='ocrx_word' id='word_1_408' title='bbox 2862 2443 3043 2508; x_wconf 75' lang='grc' dir='ltr'>καθὼς</span> <span class='ocrx_word' id='word_1_409' title='bbox 3057 2444 3226 2512; x_wconf 84' lang='grc' dir='ltr'>λέγει,</span> <span class='ocrx_word' id='word_1_410' title='bbox 3250 2439 3688 2512; x_wconf 65' lang='grc' dir='ltr'>ἀνακεφαλαιοῦται</span> 
     </span>
    </p>
   </div>
   <div class='ocr_carea' id='block_1_54' title="bbox 2163 2531 3692 2609">
    <p class='ocr_par' dir='ltr' id='par_1_54' title="bbox 2163 2531 3692 2609">
     <span class='ocr_line' id='line_1_54' title="bbox 2163 2531 3692 2609; baseline -0.005 -18"><span class='ocrx_word' id='word_1_411' title='bbox 2163 2537 2270 2609; x_wconf 80' lang='grc' dir='ltr'>γὰρ</span> <span class='ocrx_word' id='word_1_412' title='bbox 2299 2541 2328 2591; x_wconf 88' lang='lat'><strong>6</strong></span> <span class='ocrx_word' id='word_1_413' title='bbox 2359 2537 2624 2609; x_wconf 77' lang='grc' dir='ltr'>μακάριος</span> <span class='ocrx_word' id='word_1_414' title='bbox 2657 2534 2907 2605; x_wconf 77' lang='grc' dir='ltr'>Ἰωάννης</span> <span class='ocrx_word' id='word_1_415' title='bbox 2936 2534 3005 2588; x_wconf 76' lang='grc' dir='ltr'>τὰ</span> <span class='ocrx_word' id='word_1_416' title='bbox 3031 2533 3120 2587; x_wconf 76' lang='grc' dir='ltr'>διὰ</span> <span class='ocrx_word' id='word_1_417' title='bbox 3149 2533 3258 2586; x_wconf 78' lang='grc' dir='ltr'><strong>τῶν</strong></span> <span class='ocrx_word' id='word_1_418' title='bbox 3289 2531 3564 2604; x_wconf 76' lang='grc' dir='ltr'>προφητῶν</span> <span class='ocrx_word' id='word_1_419' title='bbox 3577 2532 3692 2601; x_wconf 81' lang='grc' dir='ltr'>εἰρη-</span> 
     </span>
    </p>
   </div>
   <div class='ocr_carea' id='block_1_55' title="bbox 2167 2619 3690 2702">
    <p class='ocr_par' dir='ltr' id='par_1_55' title="bbox 2167 2619 3690 2702">
     <span class='ocr_line' id='line_1_55' title="bbox 2167 2619 3690 2702; baseline -0.007 -18"><span class='ocrx_word' id='word_1_420' title='bbox 2167 2631 2320 2702; x_wconf 81' lang='grc' dir='ltr'>μένα,</span> <span class='ocrx_word' id='word_1_421' title='bbox 2355 2631 2566 2694; x_wconf 78' lang='grc' dir='ltr'>δεικνὺς</span> <span class='ocrx_word' id='word_1_422' title='bbox 2597 2629 2784 2683; x_wconf 88' lang='grc' dir='ltr'>τοῦτον</span> <span class='ocrx_word' id='word_1_423' title='bbox 2812 2623 2950 2682; x_wconf 85' lang='grc' dir='ltr'>εἷναι</span> <span class='ocrx_word' id='word_1_424' title='bbox 2981 2628 3072 2681; x_wconf 77' lang='grc' dir='ltr'><strong>τὸν</strong></span> <span class='ocrx_word' id='word_1_425' title='bbox 3089 2627 3285 2694; x_wconf 82' lang='grc' dir='ltr'>Λόγον,</span> <span class='ocrx_word' id='word_1_426' title='bbox 3311 2626 3376 2679; x_wconf 79' lang='grc' dir='ltr'><strong>δι’</strong></span> <span class='ocrx_word' id='word_1_427' title='bbox 3395 2619 3454 2678; x_wconf 76' lang='grc' dir='ltr'><strong>οὗ</strong></span> <span class='ocrx_word' id='word_1_428' title='bbox 3475 2623 3690 2676; x_wconf 53' lang='lat' dir='ltr'><strong>eam</strong></span> 
     </span>
    </p>
   </div>
   <div class='ocr_carea' id='block_1_56' title="bbox 2164 2713 3689 2792">
    <p class='ocr_par' dir='ltr' id='par_1_56' title="bbox 2164 2713 3689 2792">
     <span class='ocr_line' id='line_1_56' title="bbox 2164 2713 3689 2792; baseline -0.003 -19"><span class='ocrx_word' id='word_1_429' title='bbox 2164 2721 2398 2790; x_wconf 85' lang='grc' dir='ltr'>ἐγένετο.</span> <span class='ocrx_word' id='word_1_430' title='bbox 2431 2723 2597 2792; x_wconf 75' lang='grc' dir='ltr'>Φησὶν</span> <span class='ocrx_word' id='word_1_431' title='bbox 2622 2721 2730 2792; x_wconf 77' lang='grc' dir='ltr'><strong>γὰρ</strong></span> <span class='ocrx_word' id='word_1_432' title='bbox 2765 2719 2959 2778; x_wconf 68' lang='grc' dir='ltr'>οὕτως·</span> <span class='ocrx_word' id='word_1_433' title='bbox 2983 2738 3000 2770; x_wconf 76' lang='grc' dir='ltr'><strong>ι</strong></span> <span class='ocrx_word' id='word_1_434' title='bbox 3049 2719 3137 2772; x_wconf 85' lang='grc' dir='ltr'>Ἐν</span> <span class='ocrx_word' id='word_1_435' title='bbox 3171 2720 3316 2791; x_wconf 82' lang='grc' dir='ltr'>ἀρχῇ</span> <span class='ocrx_word' id='word_1_436' title='bbox 3367 2713 3433 2788; x_wconf 79' lang='grc' dir='ltr'>ἦν</span> <span class='ocrx_word' id='word_1_437' title='bbox 3462 2715 3490 2769; x_wconf 76' lang='grc' dir='ltr'><strong>ὁ</strong></span> <span class='ocrx_word' id='word_1_438' title='bbox 3524 2715 3689 2783; x_wconf 81' lang='grc' dir='ltr'>Λόγος,</span> 
     </span>
    </p>
   </div>
   <div class='ocr_carea' id='block_1_57' title="bbox 2165 2804 3689 2884">
    <p class='ocr_par' dir='ltr' id='par_1_57' title="bbox 2165 2804 3689 2884">
     <span class='ocr_line' id='line_1_57' title="bbox 2165 2804 3689 2884; baseline -0.007 -18"><span class='ocrx_word' id='word_1_439' title='bbox 2165 2814 2259 2866; x_wconf 70' lang='grc' dir='ltr'><strong>καὶ</strong></span> <span class='ocrx_word' id='word_1_440' title='bbox 2281 2815 2308 2866; x_wconf 93' lang='lat'><strong>6</strong></span> <span class='ocrx_word' id='word_1_441' title='bbox 2336 2814 2505 2881; x_wconf 82' lang='grc' dir='ltr'>Λόγος</span> <span class='ocrx_word' id='word_1_442' title='bbox 2534 2809 2602 2884; x_wconf 78' lang='grc' dir='ltr'>ἦν</span> <span class='ocrx_word' id='word_1_443' title='bbox 2631 2811 2767 2884; x_wconf 76' lang='grc' dir='ltr'>πρὸς</span> <span class='ocrx_word' id='word_1_444' title='bbox 2801 2811 2894 2865; x_wconf 79' lang='grc' dir='ltr'><strong>τὸν</strong></span> <span class='ocrx_word' id='word_1_445' title='bbox 2913 2809 3066 2873; x_wconf 81' lang='grc' dir='ltr'>Θεὸν,</span> <span class='ocrx_word' id='word_1_446' title='bbox 3097 2809 3191 2862; x_wconf 75' lang='grc' dir='ltr'>καὶ</span> <span class='ocrx_word' id='word_1_447' title='bbox 3224 2810 3357 2873; x_wconf 77' lang='grc' dir='ltr'>Θεὸς</span> <span class='ocrx_word' id='word_1_448' title='bbox 3383 2804 3448 2880; x_wconf 72' lang='grc' dir='ltr'>ἦν</span> <span class='ocrx_word' id='word_1_449' title='bbox 3470 2810 3495 2860; x_wconf 91' lang='grc' dir='ltr'><strong>ό</strong></span> <span class='ocrx_word' id='word_1_450' title='bbox 3535 2807 3689 2873; x_wconf 87' lang='grc' dir='ltr'>Λόγος.</span> 
     </span>
    </p>
   </div>
   <div class='ocr_carea' id='block_1_58' title="bbox 2166 2897 3694 2972">
    <p class='ocr_par' dir='ltr' id='par_1_58' title="bbox 2166 2897 3694 2972">
     <span class='ocr_line' id='line_1_58' title="bbox 2166 2897 3694 2972; baseline -0.005 -16"><span class='ocrx_word' id='word_1_451' title='bbox 2166 2904 2349 2957; x_wconf 80' lang='grc' dir='ltr'>Πάντα</span> <span class='ocrx_word' id='word_1_452' title='bbox 2379 2904 2448 2957; x_wconf 87' lang='grc' dir='ltr'><strong>δι’</strong></span> <span class='ocrx_word' id='word_1_453' title='bbox 2487 2904 2647 2956; x_wconf 81' lang='grc' dir='ltr'>αὐτοῦ</span> <span class='ocrx_word' id='word_1_454' title='bbox 2685 2903 2931 2972; x_wconf 86' lang='grc' dir='ltr'>ἐγένετο,</span> <span class='ocrx_word' id='word_1_455' title='bbox 2979 2901 3074 2956; x_wconf 77' lang='grc' dir='ltr'><strong>καὶ</strong></span> <span class='ocrx_word' id='word_1_456' title='bbox 3106 2903 3276 2972; x_wconf 69' lang='grc' dir='ltr'>χωρὶς</span> <span class='ocrx_word' id='word_1_457' title='bbox 3328 2898 3485 2955; x_wconf 83' lang='grc' dir='ltr'>αὑτοῦ</span> <span class='ocrx_word' id='word_1_458' title='bbox 3519 2897 3694 2966; x_wconf 78' lang='grc' dir='ltr'>ἐγένετο</span> 
     </span>
    </p>
   </div>
   <div class='ocr_carea' id='block_1_59' title="bbox 2164 2988 3691 3071">
    <p class='ocr_par' dir='ltr' id='par_1_59' title="bbox 2164 2988 3691 3071">
     <span class='ocr_line' id='line_1_59' title="bbox 2164 2988 3691 3071; baseline -0.003 -23"><span class='ocrx_word' id='word_1_459' title='bbox 2164 2996 2285 3049; x_wconf 81' lang='grc' dir='ltr'>οὐδὲ</span> <span class='ocrx_word' id='word_1_460' title='bbox 2315 2996 2372 3048; x_wconf 77' lang='grc' dir='ltr'>ἓν</span> <span class='ocrx_word' id='word_1_461' title='bbox 2402 2995 2534 3067; x_wconf 72' lang='lat'><strong>(96).</strong></span> <span class='ocrx_word' id='word_1_462' title='bbox 2577 3015 2596 3048; x_wconf 76' lang='grc' dir='ltr'><strong>ι</strong></span> <span class='ocrx_word' id='word_1_463' title='bbox 2645 2994 2927 3071; x_wconf 75' lang='grc' dir='ltr'>’Υπο[6ὰς]</span> <span class='ocrx_word' id='word_1_464' title='bbox 2983 3001 3039 3053; x_wconf 82' lang='grc' dir='ltr'><strong>δὲ</strong></span> <span class='ocrx_word' id='word_1_465' title='bbox 3113 2993 3251 3064; x_wconf 82' lang='grc' dir='ltr'><strong>ἔφη·</strong></span> <span class='ocrx_word' id='word_1_466' title='bbox 3287 3012 3306 3045; x_wconf 85' lang='grc'><strong><em>‹</em></strong></span> <span class='ocrx_word' id='word_1_467' title='bbox 3355 2994 3410 3047; x_wconf 88' lang='grc'><strong>’0</strong></span> <span class='ocrx_word' id='word_1_468' title='bbox 3441 2992 3618 3061; x_wconf 85' lang='grc' dir='ltr'>κόσμος</span> <span class='ocrx_word' id='word_1_469' title='bbox 3639 2988 3691 3043; x_wconf 80' lang='grc' dir='ltr'><strong>δι’</strong></span> 
     </span>
    </p>
   </div>
   <div class='ocr_carea' id='block_1_60' title="bbox 2166 3078 3694 3157">
    <p class='ocr_par' dir='ltr' id='par_1_60' title="bbox 2166 3078 3694 3157">
     <span class='ocr_line' id='line_1_60' title="bbox 2166 3078 3694 3157; baseline -0.006 -17"><span class='ocrx_word' id='word_1_470' title='bbox 2166 3087 2332 3141; x_wconf 69' lang='grc' dir='ltr'>αὑτοῦ</span> <span class='ocrx_word' id='word_1_471' title='bbox 2356 3089 2591 3156; x_wconf 86' lang='grc' dir='ltr'>ἐγένετο,</span> <span class='ocrx_word' id='word_1_472' title='bbox 2621 3087 2716 3142; x_wconf 82' lang='grc' dir='ltr'><strong>καὶ</strong></span> <span class='ocrx_word' id='word_1_473' title='bbox 2748 3089 2776 3140; x_wconf 90' lang='lat'><strong>6</strong></span> <span class='ocrx_word' id='word_1_474' title='bbox 2803 3088 3003 3157; x_wconf 91' lang='grc' dir='ltr'>κόσμος</span> <span class='ocrx_word' id='word_1_475' title='bbox 3024 3085 3186 3140; x_wconf 76' lang='grc' dir='ltr'>αὐτὸν</span> <span class='ocrx_word' id='word_1_476' title='bbox 3217 3085 3317 3138; x_wconf 77' lang='grc' dir='ltr'>οὐκ</span> <span class='ocrx_word' id='word_1_477' title='bbox 3347 3084 3497 3153; x_wconf 74' lang='grc' dir='ltr'>ἔγνω.</span> <span class='ocrx_word' id='word_1_478' title='bbox 3537 3080 3616 3145; x_wconf 76' lang='grc' dir='ltr'><strong>Εἰς</strong></span> <span class='ocrx_word' id='word_1_479' title='bbox 3639 3078 3694 3132; x_wconf 62' lang='grc' dir='ltr'>τὰ</span> 
     </span>
    </p>
   </div>
   <div class='ocr_carea' id='block_1_61' title="bbox 496 3163 2061 3250">
    <p class='ocr_par' dir='ltr' id='par_1_61' title="bbox 496 3169 2061 3247">
     <span class='ocr_line' id='line_1_61' title="bbox 496 3169 2061 3247; baseline -0.003 -18"><span class='ocrx_word' id='word_1_480' title='bbox 496 3177 712 3247; x_wconf 86' lang='lat' dir='ltr'><strong>propria</strong></span> <span class='ocrx_word' id='word_1_481' title='bbox 753 3175 918 3239; x_wconf 85' lang='lat' dir='ltr'><strong>venit,</strong></span> <span class='ocrx_word' id='word_1_482' title='bbox 966 3183 1021 3229; x_wconf 80' lang='lat' dir='ltr'><strong>et</strong></span> <span class='ocrx_word' id='word_1_483' title='bbox 1071 3173 1153 3228; x_wconf 91' lang='lat' dir='ltr'><strong>sui</strong></span> <span class='ocrx_word' id='word_1_484' title='bbox 1198 3189 1322 3228; x_wconf 89' lang='lat' dir='ltr'><strong>eum</strong></span> <span class='ocrx_word' id='word_1_485' title='bbox 1355 3189 1466 3227; x_wconf 91' lang='lat' dir='ltr'><strong>non</strong></span> <span class='ocrx_word' id='word_1_486' title='bbox 1506 3181 1826 3242; x_wconf 87' lang='lat' dir='ltr'><strong>receperunt</strong></span> <span class='ocrx_word' id='word_1_487' title='bbox 1853 3174 1917 3224; x_wconf 77' lang='lat'><strong>“.</strong></span> <span class='ocrx_word' id='word_1_488' title='bbox 1956 3189 1974 3221; x_wconf 86' lang='grc'>›</span> <span class='ocrx_word' id='word_1_489' title='bbox 2011 3169 2061 3225; x_wconf 92' lang='lat' dir='ltr'><strong>Si</strong></span> 
     </span>
    </p>
   </div>
   <div class='ocr_carea' id='block_1_62' title="bbox 2166 3163 3694 3250">
    <p class='ocr_par' dir='ltr' id='par_1_62' title="bbox 2167 3163 3694 3250">
     <span class='ocr_line' id='line_1_62' title="bbox 2167 3163 3694 3250; baseline -0.007 -21"><span class='ocrx_word' id='word_1_490' title='bbox 2167 3177 2273 3231; x_wconf 74' lang='grc' dir='ltr'>ἴδια</span> <span class='ocrx_word' id='word_1_491' title='bbox 2306 3174 2488 3250; x_wconf 79' lang='grc' dir='ltr'>ἦλθεν,</span> <span class='ocrx_word' id='word_1_492' title='bbox 2515 3178 2608 3230; x_wconf 72' lang='grc' dir='ltr'><strong>καὶ</strong></span> <span class='ocrx_word' id='word_1_493' title='bbox 2633 3178 2684 3230; x_wconf 88' lang='grc' dir='ltr'><strong>οἱ</strong></span> <span class='ocrx_word' id='word_1_494' title='bbox 2717 3177 2835 3229; x_wconf 74' lang='grc' dir='ltr'>ἴδιοι</span> <span class='ocrx_word' id='word_1_495' title='bbox 2867 3175 3026 3228; x_wconf 84' lang='grc' dir='ltr'>αύτδν</span> <span class='ocrx_word' id='word_1_496' title='bbox 3050 3175 3111 3228; x_wconf 85' lang='grc' dir='ltr'><strong>ού</strong></span> <span class='ocrx_word' id='word_1_497' title='bbox 3129 3173 3452 3246; x_wconf 79' lang='grc' dir='ltr'>παρέλαϐον.</span> <span class='ocrx_word' id='word_1_498' title='bbox 3485 3189 3500 3222; x_wconf 72' lang='grc' dir='ltr'><strong>ι</strong></span> <span class='ocrx_word' id='word_1_499' title='bbox 3530 3163 3694 3231; x_wconf 81' lang='grc' dir='ltr'>Ειοῦν,</span> 
     </span>
    </p>
   </div>
   <div class='ocr_carea' id='block_1_63' title="bbox 499 3261 2067 3333">
    <p class='ocr_par' dir='ltr' id='par_1_63' title="bbox 499 3261 2067 3333">
     <span class='ocr_line' id='line_1_63' title="bbox 499 3261 2067 3333; baseline -0.003 -14"><span class='ocrx_word' id='word_1_500' title='bbox 499 3267 754 3329; x_wconf 85' lang='lat' dir='ltr'><strong>mundus,</strong></span> <span class='ocrx_word' id='word_1_501' title='bbox 789 3264 980 3333; x_wconf 89' lang='lat' dir='ltr'><strong>inquit,</strong></span> <span class='ocrx_word' id='word_1_502' title='bbox 1011 3277 1108 3332; x_wconf 91' lang='lat' dir='ltr'><strong>per</strong></span> <span class='ocrx_word' id='word_1_503' title='bbox 1141 3263 1312 3332; x_wconf 88' lang='lat' dir='ltr'><strong>ipsum</strong></span> <span class='ocrx_word' id='word_1_504' title='bbox 1342 3261 1513 3318; x_wconf 81' lang='lat' dir='ltr'><strong>factus</strong></span> <span class='ocrx_word' id='word_1_505' title='bbox 1533 3272 1634 3328; x_wconf 90' lang='lat' dir='ltr'><strong>est,</strong></span> <span class='ocrx_word' id='word_1_506' title='bbox 1667 3263 1807 3317; x_wconf 89' lang='lat' dir='ltr'><strong>sicut</strong></span> <span class='ocrx_word' id='word_1_507' title='bbox 1832 3261 1908 3315; x_wconf 88' lang='lat' dir='ltr'><strong>ait</strong></span> <span class='ocrx_word' id='word_1_508' title='bbox 1934 3261 2067 3315; x_wconf 86' lang='lat' dir='ltr'><strong>Pro-</strong></span> 
     </span>
    </p>
   </div>
   <div class='ocr_carea' id='block_1_64' title="bbox 499 3352 2069 3426">
    <p class='ocr_par' dir='ltr' id='par_1_64' title="bbox 499 3352 2069 3426">
     <span class='ocr_line' id='line_1_64' title="bbox 499 3352 2069 3426; baseline -0.001 -18"><span class='ocrx_word' id='word_1_509' title='bbox 499 3357 661 3426; x_wconf 81' lang='lat' dir='ltr'><strong>pheta</strong></span> <span class='ocrx_word' id='word_1_510' title='bbox 695 3372 707 3408; x_wconf 93' lang='lat'><strong>:</strong></span> <span class='ocrx_word' id='word_1_511' title='bbox 741 3375 759 3406; x_wconf 77' lang='grc' dir='ltr'><strong>ι</strong></span> <span class='ocrx_word' id='word_1_512' title='bbox 799 3354 973 3410; x_wconf 88' lang='lat' dir='ltr'><strong>Verbo</strong></span> <span class='ocrx_word' id='word_1_513' title='bbox 1000 3353 1211 3408; x_wconf 90' lang='lat' dir='ltr'><strong>Domini</strong></span> <span class='ocrx_word' id='word_1_514' title='bbox 1243 3354 1364 3408; x_wconf 77' lang='lat' dir='ltr'><strong>coeli</strong></span> <span class='ocrx_word' id='word_1_515' title='bbox 1395 3353 1587 3407; x_wconf 84' lang='lat' dir='ltr'><strong>ﬁrmati</strong></span> <span class='ocrx_word' id='word_1_516' title='bbox 1603 3361 1731 3408; x_wconf 90' lang='lat' dir='ltr'><strong>sunt</strong></span> <span class='ocrx_word' id='word_1_517' title='bbox 1752 3353 1825 3418; x_wconf 81' lang='grc'><strong>⁶⁶;</strong></span> <span class='ocrx_word' id='word_1_518' title='bbox 1854 3371 1874 3404; x_wconf 83' lang='grc'><strong><em>›</em></strong></span> <span class='ocrx_word' id='word_1_519' title='bbox 1909 3352 2069 3424; x_wconf 81' lang='lat' dir='ltr'><strong>igitur</strong></span> 
     </span>
    </p>
   </div>
   <div class='ocr_carea' id='block_1_65' title="bbox 501 3445 2065 3516">
    <p class='ocr_par' dir='ltr' id='par_1_65' title="bbox 501 3445 2065 3516">
     <span class='ocr_line' id='line_1_65' title="bbox 501 3445 2065 3516; baseline -0.001 -16"><span class='ocrx_word' id='word_1_520' title='bbox 501 3449 603 3502; x_wconf 91' lang='lat' dir='ltr'><strong>hoc</strong></span> <span class='ocrx_word' id='word_1_521' title='bbox 630 3456 714 3502; x_wconf 89' lang='lat' dir='ltr'><strong>est</strong></span> <span class='ocrx_word' id='word_1_522' title='bbox 739 3447 994 3509; x_wconf 88' lang='lat' dir='ltr'><strong>Verbum,</strong></span> <span class='ocrx_word' id='word_1_523' title='bbox 1035 3445 1177 3516; x_wconf 92' lang='lat' dir='ltr'><strong>quod</strong></span> <span class='ocrx_word' id='word_1_524' title='bbox 1207 3447 1405 3501; x_wconf 82' lang='lat' dir='ltr'><strong>factum</strong></span> <span class='ocrx_word' id='word_1_525' title='bbox 1427 3455 1512 3501; x_wconf 88' lang='lat' dir='ltr'><strong>est</strong></span> <span class='ocrx_word' id='word_1_526' title='bbox 1533 3446 1896 3502; x_wconf 76' lang='lat' dir='ltr'><strong>manifestum.</strong></span> <span class='ocrx_word' id='word_1_527' title='bbox 1926 3446 2065 3516; x_wconf 81' lang='lat' dir='ltr'><strong>Ergo</strong></span> 
     </span>
    </p>
   </div>
   <div class='ocr_carea' id='block_1_66' title="bbox 499 3537 2069 3608">
    <p class='ocr_par' dir='ltr' id='par_1_66' title="bbox 499 3537 2069 3608">
     <span class='ocr_line' id='line_1_66' title="bbox 499 3537 2069 3608; baseline -0.002 -15"><span class='ocrx_word' id='word_1_528' title='bbox 499 3540 739 3594; x_wconf 89' lang='lat' dir='ltr'><strong>Verbum</strong></span> <span class='ocrx_word' id='word_1_529' title='bbox 769 3539 1105 3593; x_wconf 71' lang='lat' dir='ltr'><strong>incarnatum</strong></span> <span class='ocrx_word' id='word_1_530' title='bbox 1131 3539 1438 3605; x_wconf 88' lang='lat' dir='ltr'><strong>cernimus;</strong></span> <span class='ocrx_word' id='word_1_531' title='bbox 1468 3537 1680 3593; x_wconf 87' lang='lat' dir='ltr'><strong>Patrem</strong></span> <span class='ocrx_word' id='word_1_532' title='bbox 1708 3553 1805 3608; x_wconf 88' lang='lat' dir='ltr'><strong>per</strong></span> <span class='ocrx_word' id='word_1_533' title='bbox 1831 3553 1954 3592; x_wconf 89' lang='lat' dir='ltr'><strong>eum</strong></span> <span class='ocrx_word' id='word_1_534' title='bbox 1991 3538 2069 3591; x_wconf 88' lang='lat' dir='ltr'><strong>in-</strong></span> 
     </span>
    </p>
   </div>
   <div class='ocr_carea' id='block_1_67' title="bbox 502 3629 2067 3703">
    <p class='ocr_par' dir='ltr' id='par_1_67' title="bbox 502 3629 2067 3703">
     <span class='ocr_line' id='line_1_67' title="bbox 502 3629 2067 3703; baseline 0 -18"><span class='ocrx_word' id='word_1_535' title='bbox 502 3631 789 3703; x_wconf 86' lang='lat' dir='ltr'><strong>telligimus</strong></span> <span class='ocrx_word' id='word_1_536' title='bbox 819 3648 832 3694; x_wconf 91' lang='lat'><strong>;</strong></span> <span class='ocrx_word' id='word_1_537' title='bbox 865 3631 998 3685; x_wconf 85' lang='lat' dir='ltr'><strong>Filio</strong></span> <span class='ocrx_word' id='word_1_538' title='bbox 1040 3631 1339 3696; x_wconf 85' lang='lat' dir='ltr'><strong>credimus;</strong></span> <span class='ocrx_word' id='word_1_539' title='bbox 1379 3629 1636 3702; x_wconf 88' lang='lat' dir='ltr'><strong>Spiritum</strong></span> <span class='ocrx_word' id='word_1_540' title='bbox 1665 3640 1909 3686; x_wconf 89' lang='lat' dir='ltr'><strong>sanctum</strong></span> <span class='ocrx_word' id='word_1_541' title='bbox 1939 3631 2067 3685; x_wconf 86' lang='lat' dir='ltr'><strong>ado—</strong></span> 
     </span>
    </p>
   </div>
   <div class='ocr_carea' id='block_1_68' title="bbox 502 3722 2067 3795">
    <p class='ocr_par' dir='ltr' id='par_1_68' title="bbox 502 3722 2067 3795">
     <span class='ocr_line' id='line_1_68' title="bbox 502 3722 2067 3795; baseline 0.001 -18"><span class='ocrx_word' id='word_1_542' title='bbox 502 3739 703 3778; x_wconf 80' lang='lat' dir='ltr'><strong>ramus.</strong></span> <span class='ocrx_word' id='word_1_543' title='bbox 761 3723 1045 3779; x_wconf 88' lang='lat' dir='ltr'><strong>Videamus</strong></span> <span class='ocrx_word' id='word_1_544' title='bbox 1089 3722 1249 3794; x_wconf 81' lang='lat' dir='ltr'><strong>igitur</strong></span> <span class='ocrx_word' id='word_1_545' title='bbox 1293 3740 1412 3794; x_wconf 67' lang='lat' dir='ltr'><strong>quze</strong></span> <span class='ocrx_word' id='word_1_546' title='bbox 1465 3724 1663 3795; x_wconf 82' lang='lat' dir='ltr'><strong>scripta</strong></span> <span class='ocrx_word' id='word_1_547' title='bbox 1714 3733 1868 3789; x_wconf 87' lang='lat' dir='ltr'><strong>sunt,</strong></span> <span class='ocrx_word' id='word_1_548' title='bbox 1923 3724 2067 3794; x_wconf 82' lang='lat' dir='ltr'><strong>quod</strong></span> 
     </span>
    </p>
   </div>
   <div class='ocr_carea' id='block_1_69' title="bbox 503 3811 2075 3884">
    <p class='ocr_par' dir='ltr' id='par_1_69' title="bbox 503 3811 2075 3884">
     <span class='ocr_line' id='line_1_69' title="bbox 503 3811 2075 3884; baseline 0.002 -17"><span class='ocrx_word' id='word_1_549' title='bbox 503 3815 896 3884; x_wconf 64' lang='lat' dir='ltr'><strong>prmdicabatur</strong></span> <span class='ocrx_word' id='word_1_550' title='bbox 923 3813 1140 3884; x_wconf 89' lang='lat' dir='ltr'><strong>quidem</strong></span> <span class='ocrx_word' id='word_1_551' title='bbox 1170 3813 1405 3869; x_wconf 86' lang='lat' dir='ltr'><strong>Verbum</strong></span> <span class='ocrx_word' id='word_1_552' title='bbox 1433 3811 1674 3868; x_wconf 80' lang='lat' dir='ltr'><strong>futurum</strong></span> <span class='ocrx_word' id='word_1_553' title='bbox 1700 3814 2075 3870; x_wconf 73' lang='lat' dir='ltr'><strong>manifestum:</strong></span> 
     </span>
    </p>
   </div>
   <div class='ocr_carea' id='block_1_70' title="bbox 564 3894 2070 3972">
    <p class='ocr_par' dir='ltr' id='par_1_70' title="bbox 564 3894 2070 3972">
     <span class='ocr_line' id='line_1_70' title="bbox 564 3894 2070 3972; baseline 0.003 -23"><span class='ocrx_word' id='word_1_554' title='bbox 564 3894 699 3950; x_wconf 77' lang='lat' dir='ltr'><strong>XIII.</strong></span> <span class='ocrx_word' id='word_1_555' title='bbox 739 3895 1005 3952; x_wconf 85' lang='lat' dir='ltr'><strong>.I-eremias</strong></span> <span class='ocrx_word' id='word_1_556' title='bbox 1027 3897 1193 3951; x_wconf 89' lang='lat' dir='ltr'><strong>etiam</strong></span> <span class='ocrx_word' id='word_1_557' title='bbox 1221 3898 1378 3954; x_wconf 90' lang='lat' dir='ltr'><strong>dicit:</strong></span> <span class='ocrx_word' id='word_1_558' title='bbox 1423 3917 1442 3950; x_wconf 76' lang='grc' dir='ltr'><strong>ι</strong></span> <span class='ocrx_word' id='word_1_559' title='bbox 1480 3897 1616 3964; x_wconf 87' lang='lat' dir='ltr'><strong>Quis</strong></span> <span class='ocrx_word' id='word_1_560' title='bbox 1637 3903 1788 3955; x_wconf 89' lang='lat' dir='ltr'><strong>stetit</strong></span> <span class='ocrx_word' id='word_1_561' title='bbox 1817 3902 1870 3955; x_wconf 91' lang='lat' dir='ltr'><strong>iu</strong></span> <span class='ocrx_word' id='word_1_562' title='bbox 1907 3902 2070 3972; x_wconf 78' lang='lat' dir='ltr'><strong>hypo-</strong></span> 
     </span>
    </p>
   </div>
   <div class='ocr_carea' id='block_1_71' title="bbox 494 3985 2066 4058">
    <p class='ocr_par' dir='ltr' id='par_1_71' title="bbox 494 3985 2066 4058">
     <span class='ocr_line' id='line_1_71' title="bbox 494 3985 2066 4058; baseline 0.002 -17"><span class='ocrx_word' id='word_1_563' title='bbox 494 3986 626 4042; x_wconf 83' lang='lat' dir='ltr'><strong>stasi</strong></span> <span class='ocrx_word' id='word_1_564' title='bbox 656 3985 894 4050; x_wconf 88' lang='lat' dir='ltr'><strong>Domini,</strong></span> <span class='ocrx_word' id='word_1_565' title='bbox 912 3995 966 4041; x_wconf 77' lang='lat' dir='ltr'><strong>et</strong></span> <span class='ocrx_word' id='word_1_566' title='bbox 994 3986 1126 4041; x_wconf 81' lang='lat' dir='ltr'><strong>vidit</strong></span> <span class='ocrx_word' id='word_1_567' title='bbox 1155 3985 1387 4042; x_wconf 89' lang='lat' dir='ltr'><strong>Verbum</strong></span> <span class='ocrx_word' id='word_1_568' title='bbox 1409 3987 1629 4058; x_wconf 77' lang='lat' dir='ltr'><strong>ejus&quot;?</strong></span> <span class='ocrx_word' id='word_1_569' title='bbox 1650 4009 1669 4041; x_wconf 68' lang='grc' dir='ltr'>ο</span> <span class='ocrx_word' id='word_1_570' title='bbox 1693 3988 1928 4044; x_wconf 88' lang='lat' dir='ltr'><strong>Verbum</strong></span> <span class='ocrx_word' id='word_1_571' title='bbox 1965 4007 2066 4044; x_wconf 83' lang='lat' dir='ltr'><strong>au-</strong></span> 
     </span>
    </p>
   </div>
   <div class='ocr_carea' id='block_1_72' title="bbox 496 4076 2068 4146">
    <p class='ocr_par' dir='ltr' id='par_1_72' title="bbox 496 4076 2068 4146">
     <span class='ocr_line' id='line_1_72' title="bbox 496 4076 2068 4146; baseline 0.004 -14"><span class='ocrx_word' id='word_1_572' title='bbox 496 4087 601 4133; x_wconf 78' lang='lat' dir='ltr'><strong>tem</strong></span> <span class='ocrx_word' id='word_1_573' title='bbox 642 4076 735 4132; x_wconf 87' lang='lat' dir='ltr'><strong>Dei</strong></span> <span class='ocrx_word' id='word_1_574' title='bbox 778 4079 955 4134; x_wconf 86' lang='lat' dir='ltr'><strong>solum</strong></span> <span class='ocrx_word' id='word_1_575' title='bbox 996 4087 1080 4133; x_wconf 91' lang='lat' dir='ltr'><strong>est</strong></span> <span class='ocrx_word' id='word_1_576' title='bbox 1114 4078 1361 4146; x_wconf 88' lang='lat' dir='ltr'><strong>visibile;</strong></span> <span class='ocrx_word' id='word_1_577' title='bbox 1404 4081 1629 4136; x_wconf 84' lang='lat' dir='ltr'><strong>verbum</strong></span> <span class='ocrx_word' id='word_1_578' title='bbox 1660 4099 1789 4138; x_wconf 89' lang='lat' dir='ltr'><strong>vero</strong></span> <span class='ocrx_word' id='word_1_579' title='bbox 1836 4084 2068 4138; x_wconf 90' lang='lat' dir='ltr'><strong>hominis</strong></span> 
     </span>
    </p>
   </div>
   <div class='ocr_carea' id='block_1_73' title="bbox 492 4171 2069 4243">
    <p class='ocr_par' dir='ltr' id='par_1_73' title="bbox 492 4171 2069 4243">
     <span class='ocr_line' id='line_1_73' title="bbox 492 4171 2069 4243; baseline 0.004 -17"><span class='ocrx_word' id='word_1_580' title='bbox 492 4171 749 4227; x_wconf 80' lang='lat' dir='ltr'><strong>audibile.</strong></span> <span class='ocrx_word' id='word_1_581' title='bbox 792 4171 1021 4239; x_wconf 88' lang='lat' dir='ltr'><strong>Quando</strong></span> <span class='ocrx_word' id='word_1_582' title='bbox 1053 4172 1185 4229; x_wconf 89' lang='lat' dir='ltr'><strong>dicit</strong></span> <span class='ocrx_word' id='word_1_583' title='bbox 1214 4175 1396 4230; x_wconf 83' lang='lat' dir='ltr'><strong>videre</strong></span> <span class='ocrx_word' id='word_1_584' title='bbox 1427 4173 1660 4230; x_wconf 88' lang='lat' dir='ltr'><strong>Verbum</strong></span> <span class='ocrx_word' id='word_1_585' title='bbox 1681 4218 1696 4243; x_wconf 87' lang='lat'><strong>,</strong></span> <span class='ocrx_word' id='word_1_586' title='bbox 1737 4192 1957 4232; x_wconf 88' lang='lat' dir='ltr'><strong>necesse</strong></span> <span class='ocrx_word' id='word_1_587' title='bbox 1985 4188 2069 4233; x_wconf 87' lang='lat' dir='ltr'><strong>est</strong></span> 
     </span>
    </p>
   </div>
   <div class='ocr_carea' id='block_1_74' title="bbox 494 4265 2068 4331">
    <p class='ocr_par' dir='ltr' id='par_1_74' title="bbox 494 4265 2068 4331">
     <span class='ocr_line' id='line_1_74' title="bbox 494 4265 2068 4331; baseline 0.006 -13"><span class='ocrx_word' id='word_1_588' title='bbox 494 4265 629 4318; x_wconf 87' lang='lat' dir='ltr'><strong>mihi</strong></span> <span class='ocrx_word' id='word_1_589' title='bbox 659 4275 720 4319; x_wconf 90' lang='lat' dir='ltr'><strong>ut</strong></span> <span class='ocrx_word' id='word_1_590' title='bbox 757 4267 997 4331; x_wconf 83' lang='lat' dir='ltr'><strong>credam,</strong></span> <span class='ocrx_word' id='word_1_591' title='bbox 1035 4267 1139 4320; x_wconf 92' lang='lat' dir='ltr'><strong>hoc</strong></span> <span class='ocrx_word' id='word_1_592' title='bbox 1180 4265 1391 4322; x_wconf 90' lang='lat' dir='ltr'><strong>visibile</strong></span> <span class='ocrx_word' id='word_1_593' title='bbox 1434 4268 1660 4324; x_wconf 87' lang='lat' dir='ltr'><strong>missurn</strong></span> <span class='ocrx_word' id='word_1_594' title='bbox 1695 4285 1834 4325; x_wconf 90' lang='lat' dir='ltr'><strong>esse.</strong></span> <span class='ocrx_word' id='word_1_595' title='bbox 1867 4271 2068 4328; x_wconf 80' lang='lat' dir='ltr'><strong>Missus</strong></span> 
     </span>
    </p>
   </div>
   <div class='ocr_carea' id='block_1_75' title="bbox 493 4356 2064 4429">
    <p class='ocr_par' dir='ltr' id='par_1_75' title="bbox 493 4356 2064 4429">
     <span class='ocr_line' id='line_1_75' title="bbox 493 4356 2064 4429; baseline 0.005 -20"><span class='ocrx_word' id='word_1_596' title='bbox 493 4366 676 4412; x_wconf 87' lang='lat' dir='ltr'><strong>autem</strong></span> <span class='ocrx_word' id='word_1_597' title='bbox 711 4370 821 4411; x_wconf 87' lang='lat' dir='ltr'><strong>non</strong></span> <span class='ocrx_word' id='word_1_598' title='bbox 860 4367 942 4411; x_wconf 88' lang='lat' dir='ltr'><strong>est</strong></span> <span class='ocrx_word' id='word_1_599' title='bbox 983 4356 1123 4411; x_wconf 90' lang='lat' dir='ltr'><strong>alius</strong></span> <span class='ocrx_word' id='word_1_600' title='bbox 1161 4371 1325 4429; x_wconf 87' lang='lat' dir='ltr'><strong>quam</strong></span> <span class='ocrx_word' id='word_1_601' title='bbox 1374 4356 1632 4412; x_wconf 89' lang='lat' dir='ltr'><strong>Verbum.</strong></span> <span class='ocrx_word' id='word_1_602' title='bbox 1686 4359 1839 4426; x_wconf 90' lang='lat' dir='ltr'><strong>Quod</strong></span> <span class='ocrx_word' id='word_1_603' title='bbox 1887 4370 2064 4417; x_wconf 89' lang='lat' dir='ltr'><strong>autem</strong></span> 
     </span>
    </p>
   </div>
   <div class='ocr_carea' id='block_1_76' title="bbox 492 4445 2068 4516">
    <p class='ocr_par' dir='ltr' id='par_1_76' title="bbox 492 4445 2068 4516">
     <span class='ocr_line' id='line_1_76' title="bbox 492 4445 2068 4516; baseline 0.003 -14"><span class='ocrx_word' id='word_1_604' title='bbox 492 4448 729 4502; x_wconf 85' lang='lat' dir='ltr'><strong>missum</strong></span> <span class='ocrx_word' id='word_1_605' title='bbox 776 4445 880 4501; x_wconf 84' lang='lat' dir='ltr'><strong>fuit</strong></span> <span class='ocrx_word' id='word_1_606' title='bbox 902 4488 921 4514; x_wconf 90' lang='lat'><strong>,</strong></span> <span class='ocrx_word' id='word_1_607' title='bbox 967 4456 1198 4504; x_wconf 88' lang='lat' dir='ltr'><strong>testatur</strong></span> <span class='ocrx_word' id='word_1_608' title='bbox 1220 4447 1447 4516; x_wconf 90' lang='lat' dir='ltr'><strong>Petrus,</strong></span> <span class='ocrx_word' id='word_1_609' title='bbox 1492 4465 1614 4505; x_wconf 92' lang='lat' dir='ltr'><strong>cum</strong></span> <span class='ocrx_word' id='word_1_610' title='bbox 1648 4451 1784 4505; x_wconf 82' lang='lat' dir='ltr'><strong>dixit</strong></span> <span class='ocrx_word' id='word_1_611' title='bbox 1814 4453 2068 4507; x_wconf 83' lang='lat' dir='ltr'><strong>Cornelio</strong></span> 
     </span>
    </p>
   </div>
   <div class='ocr_carea' id='block_1_77' title="bbox 2167 3257 3693 3342">
    <p class='ocr_par' dir='ltr' id='par_1_77' title="bbox 2167 3257 3693 3342">
     <span class='ocr_line' id='line_1_77' title="bbox 2167 3257 3693 3342; baseline -0.007 -20"><span class='ocrx_word' id='word_1_612' title='bbox 2167 3270 2290 3342; x_wconf 75' lang='grc' dir='ltr'><strong>ἔφη,</strong></span> <span class='ocrx_word' id='word_1_613' title='bbox 2317 3271 2346 3323; x_wconf 89' lang='grc' dir='ltr'><strong>ό</strong></span> <span class='ocrx_word' id='word_1_614' title='bbox 2387 3271 2588 3340; x_wconf 79' lang='grc' dir='ltr'>κόσμος</span> <span class='ocrx_word' id='word_1_615' title='bbox 2634 3268 2700 3320; x_wconf 86' lang='grc' dir='ltr'><strong>δι’</strong></span> <span class='ocrx_word' id='word_1_616' title='bbox 2733 3267 2896 3320; x_wconf 80' lang='grc' dir='ltr'>αὑτοῦ</span> <span class='ocrx_word' id='word_1_617' title='bbox 2927 3266 3220 3336; x_wconf 84' lang='grc' dir='ltr'>γεγένηται</span> <span class='ocrx_word' id='word_1_618' title='bbox 3243 3307 3258 3329; x_wconf 93' lang='grc'><strong>,</strong></span> <span class='ocrx_word' id='word_1_619' title='bbox 3312 3263 3486 3326; x_wconf 83' lang='grc' dir='ltr'>καθὼς</span> <span class='ocrx_word' id='word_1_620' title='bbox 3527 3257 3693 3328; x_wconf 82' lang='grc' dir='ltr'>λέγειὸ</span> 
     </span>
    </p>
   </div>
   <div class='ocr_carea' id='block_1_78' title="bbox 2167 3348 3688 3433">
    <p class='ocr_par' dir='ltr' id='par_1_78' title="bbox 2167 3348 3688 3433">
     <span class='ocr_line' id='line_1_78' title="bbox 2167 3348 3688 3433; baseline -0.008 -19"><span class='ocrx_word' id='word_1_621' title='bbox 2167 3363 2489 3433; x_wconf 75' lang='grc' dir='ltr'>Προφήτης·</span> <span class='ocrx_word' id='word_1_622' title='bbox 2523 3379 2542 3411; x_wconf 73' lang='grc' dir='ltr'><strong>ι</strong></span> <span class='ocrx_word' id='word_1_623' title='bbox 2576 3358 2665 3430; x_wconf 81' lang='grc' dir='ltr'><strong>Τῷ</strong></span> <span class='ocrx_word' id='word_1_624' title='bbox 2697 3359 2853 3429; x_wconf 87' lang='grc' dir='ltr'>Λόγῳ</span> <span class='ocrx_word' id='word_1_625' title='bbox 2888 3358 3093 3431; x_wconf 84' lang='grc' dir='ltr'>Κυρίου</span> <span class='ocrx_word' id='word_1_626' title='bbox 3135 3357 3186 3410; x_wconf 87' lang='grc' dir='ltr'><strong>οί</strong></span> <span class='ocrx_word' id='word_1_627' title='bbox 3225 3357 3441 3428; x_wconf 74' lang='grc' dir='ltr'>οὐρανοὶ</span> <span class='ocrx_word' id='word_1_628' title='bbox 3470 3348 3688 3424; x_wconf 82' lang='grc' dir='ltr'>ἐστερεώ-</span> 
     </span>
    </p>
   </div>
   <div class='ocr_carea' id='block_1_79' title="bbox 2167 3440 3693 3522">
    <p class='ocr_par' dir='ltr' id='par_1_79' title="bbox 2167 3440 3693 3522">
     <span class='ocr_line' id='line_1_79' title="bbox 2167 3440 3693 3522; baseline -0.002 -19"><span class='ocrx_word' id='word_1_629' title='bbox 2167 3451 2368 3522; x_wconf 70' lang='grc' dir='ltr'><strong>ϐησαν⁸</strong></span> <span class='ocrx_word' id='word_1_630' title='bbox 2406 3468 2424 3502; x_wconf 71' lang='grc' dir='ltr'><strong>ι</strong></span> <span class='ocrx_word' id='word_1_631' title='bbox 2472 3451 2578 3521; x_wconf 78' lang='grc' dir='ltr'>ἄρα</span> <span class='ocrx_word' id='word_1_632' title='bbox 2631 3445 2783 3513; x_wconf 76' lang='grc' dir='ltr'>οὗτός</span> <span class='ocrx_word' id='word_1_633' title='bbox 2825 3451 2970 3503; x_wconf 85' lang='grc' dir='ltr'>ἐστιν</span> <span class='ocrx_word' id='word_1_634' title='bbox 3008 3451 3038 3502; x_wconf 89' lang='lat'><strong>6</strong></span> <span class='ocrx_word' id='word_1_635' title='bbox 3063 3449 3237 3517; x_wconf 86' lang='grc' dir='ltr'>Λόγος</span> <span class='ocrx_word' id='word_1_636' title='bbox 3286 3449 3315 3501; x_wconf 89' lang='grc' dir='ltr'><strong>ό</strong></span> <span class='ocrx_word' id='word_1_637' title='bbox 3353 3447 3443 3500; x_wconf 77' lang='grc' dir='ltr'><strong>καὶ</strong></span> <span class='ocrx_word' id='word_1_638' title='bbox 3489 3440 3693 3515; x_wconf 73' lang='grc' dir='ltr'>ἐμφανὴς</span> 
     </span>
    </p>
   </div>
   <div class='ocr_carea' id='block_1_80' title="bbox 2165 3534 3696 3612">
    <p class='ocr_par' dir='ltr' id='par_1_80' title="bbox 2165 3534 3696 3612">
     <span class='ocr_line' id='line_1_80' title="bbox 2165 3534 3696 3612; baseline -0.007 -18"><span class='ocrx_word' id='word_1_639' title='bbox 2165 3541 2527 3612; x_wconf 86' lang='grc' dir='ltr'>δεικνύμενος.</span> <span class='ocrx_word' id='word_1_640' title='bbox 2555 3541 2761 3594; x_wconf 79' lang='grc' dir='ltr'>οὐκοῦν</span> <span class='ocrx_word' id='word_1_641' title='bbox 2783 3540 3043 3612; x_wconf 76' lang='grc' dir='ltr'>ἔνσαρκον</span> <span class='ocrx_word' id='word_1_642' title='bbox 3070 3540 3243 3608; x_wconf 88' lang='grc' dir='ltr'>Λόγον</span> <span class='ocrx_word' id='word_1_643' title='bbox 3267 3537 3579 3610; x_wconf 77' lang='grc' dir='ltr'>θεωροῦμεν,</span> <span class='ocrx_word' id='word_1_644' title='bbox 3609 3534 3696 3585; x_wconf 73' lang='grc' dir='ltr'>Πα-</span> 
     </span>
    </p>
   </div>
   <div class='ocr_carea' id='block_1_81' title="bbox 2166 3623 3694 3704">
    <p class='ocr_par' dir='ltr' id='par_1_81' title="bbox 2166 3623 3694 3704">
     <span class='ocr_line' id='line_1_81' title="bbox 2166 3623 3694 3704; baseline -0.01 -15"><span class='ocrx_word' id='word_1_645' title='bbox 2166 3633 2301 3704; x_wconf 79' lang='grc' dir='ltr'>τέρα</span> <span class='ocrx_word' id='word_1_646' title='bbox 2337 3633 2404 3686; x_wconf 78' lang='grc' dir='ltr'><strong>δι’</strong></span> <span class='ocrx_word' id='word_1_647' title='bbox 2448 3633 2612 3687; x_wconf 79' lang='grc' dir='ltr'>αὑτοῦ</span> <span class='ocrx_word' id='word_1_648' title='bbox 2653 3632 2880 3703; x_wconf 89' lang='grc' dir='ltr'>νοοῦμεν</span> <span class='ocrx_word' id='word_1_649' title='bbox 2905 3673 2918 3697; x_wconf 90' lang='grc'><strong>,</strong></span> <span class='ocrx_word' id='word_1_650' title='bbox 2951 3631 3064 3703; x_wconf 62' lang='lat' dir='ltr'><strong>mp</strong></span> <span class='ocrx_word' id='word_1_651' title='bbox 3088 3631 3144 3686; x_wconf 84' lang='grc' dir='ltr'><strong>δὲ</strong></span> <span class='ocrx_word' id='word_1_652' title='bbox 3179 3631 3521 3699; x_wconf 79' lang='grc' dir='ltr'>πιστεύομεν,</span> <span class='ocrx_word' id='word_1_653' title='bbox 3554 3623 3694 3678; x_wconf 74' lang='lat' dir='ltr'><strong>Ilvati-</strong></span> 
     </span>
    </p>
   </div>
   <div class='ocr_carea' id='block_1_82' title="bbox 2172 3715 3696 3795">
    <p class='ocr_par' dir='ltr' id='par_1_82' title="bbox 2172 3715 3696 3795">
     <span class='ocr_line' id='line_1_82' title="bbox 2172 3715 3696 3795; baseline -0.007 -19"><span class='ocrx_word' id='word_1_654' title='bbox 2172 3741 2300 3793; x_wconf 81' lang='grc' dir='ltr'>ματι</span> <span class='ocrx_word' id='word_1_655' title='bbox 2327 3723 2468 3795; x_wconf 84' lang='grc' dir='ltr'>ἁγίῳ</span> <span class='ocrx_word' id='word_1_656' title='bbox 2507 3722 2933 3794; x_wconf 80' lang='grc' dir='ltr'>προσκυνοῦμεν.</span> <span class='ocrx_word' id='word_1_657' title='bbox 2977 3720 3204 3792; x_wconf 87' lang='grc' dir='ltr'>Ἴδωμεν</span> <span class='ocrx_word' id='word_1_658' title='bbox 3251 3715 3346 3773; x_wconf 84' lang='grc' dir='ltr'><strong>οῦν</strong></span> <span class='ocrx_word' id='word_1_659' title='bbox 3383 3717 3450 3770; x_wconf 78' lang='grc' dir='ltr'>τὰ</span> <span class='ocrx_word' id='word_1_660' title='bbox 3493 3729 3696 3784; x_wconf 76' lang='grc' dir='ltr'>γεγραμ-</span> 
     </span>
    </p>
   </div>
   <div class='ocr_carea' id='block_1_83' title="bbox 2172 3806 3694 3886">
    <p class='ocr_par' dir='ltr' id='par_1_83' title="bbox 2172 3806 3694 3886">
     <span class='ocr_line' id='line_1_83' title="bbox 2172 3806 3694 3886; baseline -0.01 -18"><span class='ocrx_word' id='word_1_661' title='bbox 2172 3815 2326 3886; x_wconf 81' lang='grc' dir='ltr'>μένα,</span> <span class='ocrx_word' id='word_1_662' title='bbox 2356 3815 2436 3867; x_wconf 85' lang='grc' dir='ltr'><strong>ὅτι</strong></span> <span class='ocrx_word' id='word_1_663' title='bbox 2469 3814 2570 3885; x_wconf 80' lang='grc' dir='ltr'><strong>μὲν</strong></span> <span class='ocrx_word' id='word_1_664' title='bbox 2601 3814 2889 3885; x_wconf 80' lang='grc' dir='ltr'>ἐμφανὴςὸ</span> <span class='ocrx_word' id='word_1_665' title='bbox 2913 3813 3083 3882; x_wconf 84' lang='grc' dir='ltr'>Λόγος</span> <span class='ocrx_word' id='word_1_666' title='bbox 3099 3810 3357 3882; x_wconf 84' lang='grc' dir='ltr'>ἐσόμενος</span> <span class='ocrx_word' id='word_1_667' title='bbox 3389 3806 3694 3880; x_wconf 78' lang='grc' dir='ltr'>ἐκηρύσσετο.</span> 
     </span>
    </p>
   </div>
   <div class='ocr_carea' id='block_1_84' title="bbox 2239 3893 3695 3976">
    <p class='ocr_par' dir='ltr' id='par_1_84' title="bbox 2239 3893 3695 3976">
     <span class='ocr_line' id='line_1_84' title="bbox 2239 3893 3695 3976; baseline -0.008 -18"><span class='ocrx_word' id='word_1_668' title='bbox 2239 3907 2347 3958; x_wconf 78' lang='grc' dir='ltr'>Καὶ</span> <span class='ocrx_word' id='word_1_669' title='bbox 2377 3904 2643 3976; x_wconf 83' lang='grc' dir='ltr'>Ἱερεμίας</span> <span class='ocrx_word' id='word_1_670' title='bbox 2675 3904 2818 3972; x_wconf 81' lang='grc' dir='ltr'>λέγει</span> <span class='ocrx_word' id='word_1_671' title='bbox 2841 3917 2898 3953; x_wconf 79' lang='grc' dir='ltr'>Ἲ</span> <span class='ocrx_word' id='word_1_672' title='bbox 2929 3902 3024 3966; x_wconf 90' lang='grc' dir='ltr'><strong>Τίς</strong></span> <span class='ocrx_word' id='word_1_673' title='bbox 3039 3902 3165 3973; x_wconf 69' lang='grc' dir='ltr'>ἔστη</span> <span class='ocrx_word' id='word_1_674' title='bbox 3192 3903 3252 3956; x_wconf 84' lang='grc' dir='ltr'><strong>ἐν</strong></span> <span class='ocrx_word' id='word_1_675' title='bbox 3273 3893 3695 3970; x_wconf 71' lang='grc' dir='ltr'>ύποστήματι(97)</span> 
     </span>
    </p>
   </div>
   <div class='ocr_carea' id='block_1_85' title="bbox 2168 3982 3695 4071">
    <p class='ocr_par' dir='ltr' id='par_1_85' title="bbox 2168 3982 3695 4071">
     <span class='ocr_line' id='line_1_85' title="bbox 2168 3982 3695 4071; baseline -0.01 -19"><span class='ocrx_word' id='word_1_676' title='bbox 2168 3999 2394 4071; x_wconf 83' lang='grc' dir='ltr'>Κυρίου,</span> <span class='ocrx_word' id='word_1_677' title='bbox 2425 3998 2517 4052; x_wconf 74' lang='grc' dir='ltr'><strong>καὶ</strong></span> <span class='ocrx_word' id='word_1_678' title='bbox 2551 3997 2655 4050; x_wconf 82' lang='grc' dir='ltr'>ῐδεν</span> <span class='ocrx_word' id='word_1_679' title='bbox 2680 3997 2767 4049; x_wconf 78' lang='grc' dir='ltr'><strong>τὸν</strong></span> <span class='ocrx_word' id='word_1_680' title='bbox 2797 3995 2968 4065; x_wconf 88' lang='grc' dir='ltr'>Λόγον</span> <span class='ocrx_word' id='word_1_681' title='bbox 2993 3993 3196 4058; x_wconf 66' lang='lat' dir='ltr'><strong>adt-0&#39;3;</strong></span> <span class='ocrx_word' id='word_1_682' title='bbox 3238 4011 3258 4046; x_wconf 73' lang='grc' dir='ltr'><strong>ι</strong></span> <span class='ocrx_word' id='word_1_683' title='bbox 3303 3993 3470 4062; x_wconf 85' lang='grc' dir='ltr'>Λόγος</span> <span class='ocrx_word' id='word_1_684' title='bbox 3511 3989 3560 4042; x_wconf 74' lang='grc' dir='ltr'><strong>δὲ</strong></span> <span class='ocrx_word' id='word_1_685' title='bbox 3587 3982 3695 4039; x_wconf 85' lang='grc' dir='ltr'>Θεοῦ</span> 
     </span>
    </p>
   </div>
   <div class='ocr_carea' id='block_1_86' title="bbox 2171 4077 3695 4163">
    <p class='ocr_par' dir='ltr' id='par_1_86' title="bbox 2171 4077 3695 4163">
     <span class='ocr_line' id='line_1_86' title="bbox 2171 4077 3695 4163; baseline -0.008 -18"><span class='ocrx_word' id='word_1_686' title='bbox 2171 4094 2330 4163; x_wconf 84' lang='grc' dir='ltr'>μόνος</span> <span class='ocrx_word' id='word_1_687' title='bbox 2367 4089 2594 4162; x_wconf 83' lang='grc' dir='ltr'>ὁρατὸς,</span> <span class='ocrx_word' id='word_1_688' title='bbox 2627 4086 2912 4160; x_wconf 81' lang='grc' dir='ltr'>ἀνθρώπου</span> <span class='ocrx_word' id='word_1_689' title='bbox 2952 4087 3010 4141; x_wconf 83' lang='grc' dir='ltr'><strong>δέ</strong></span> <span class='ocrx_word' id='word_1_690' title='bbox 3061 4085 3347 4150; x_wconf 81' lang='grc' dir='ltr'>ἁκουστός.</span> <span class='ocrx_word' id='word_1_691' title='bbox 3391 4085 3552 4138; x_wconf 87' lang='grc' dir='ltr'>Ὅπου</span> <span class='ocrx_word' id='word_1_692' title='bbox 3591 4077 3695 4149; x_wconf 81' lang='grc' dir='ltr'>ὀρᾷν</span> 
     </span>
    </p>
   </div>
   <div class='ocr_carea' id='block_1_87' title="bbox 2167 4166 3696 4252">
    <p class='ocr_par' dir='ltr' id='par_1_87' title="bbox 2167 4166 3696 4252">
     <span class='ocr_line' id='line_1_87' title="bbox 2167 4166 3696 4252; baseline -0.01 -15"><span class='ocrx_word' id='word_1_693' title='bbox 2167 4185 2256 4238; x_wconf 81' lang='grc' dir='ltr'><strong>τὸν</strong></span> <span class='ocrx_word' id='word_1_694' title='bbox 2283 4183 2457 4252; x_wconf 90' lang='grc' dir='ltr'>Λόγον</span> <span class='ocrx_word' id='word_1_695' title='bbox 2493 4180 2659 4249; x_wconf 83' lang='grc' dir='ltr'>λέγει,</span> <span class='ocrx_word' id='word_1_696' title='bbox 2694 4180 2939 4251; x_wconf 79' lang='grc' dir='ltr'>ἀνάγκην</span> <span class='ocrx_word' id='word_1_697' title='bbox 2961 4179 3067 4250; x_wconf 78' lang='grc' dir='ltr'><strong>ἔχω</strong></span> <span class='ocrx_word' id='word_1_698' title='bbox 3094 4177 3372 4232; x_wconf 84' lang='grc' dir='ltr'>πιστεύειν</span> <span class='ocrx_word' id='word_1_699' title='bbox 3402 4173 3578 4245; x_wconf 79' lang='grc' dir='ltr'>ὁρατὸν</span> <span class='ocrx_word' id='word_1_700' title='bbox 3601 4166 3696 4222; x_wconf 84' lang='grc' dir='ltr'>τοῦ-</span> 
     </span>
    </p>
   </div>
   <div class='ocr_carea' id='block_1_88' title="bbox 2167 4260 3694 4342">
    <p class='ocr_par' dir='ltr' id='par_1_88' title="bbox 2167 4260 3694 4342">
     <span class='ocr_line' id='line_1_88' title="bbox 2167 4260 3694 4342; baseline -0.011 -15"><span class='ocrx_word' id='word_1_701' title='bbox 2167 4292 2258 4329; x_wconf 90' lang='grc' dir='ltr'><strong>τον</strong></span> <span class='ocrx_word' id='word_1_702' title='bbox 2290 4271 2712 4342; x_wconf 89' lang='grc' dir='ltr'>ἀπεσταλμένον,</span> <span class='ocrx_word' id='word_1_703' title='bbox 2747 4271 2861 4323; x_wconf 87' lang='grc' dir='ltr'>Ούκ</span> <span class='ocrx_word' id='word_1_704' title='bbox 2882 4269 3038 4332; x_wconf 79' lang='grc' dir='ltr'>ἄλλος</span> <span class='ocrx_word' id='word_1_705' title='bbox 3057 4264 3124 4339; x_wconf 75' lang='grc' dir='ltr'>ἦν</span> <span class='ocrx_word' id='word_1_706' title='bbox 3148 4267 3264 4321; x_wconf 80' lang='grc' dir='ltr'>ἀλλ’</span> <span class='ocrx_word' id='word_1_707' title='bbox 3290 4268 3323 4339; x_wconf 82' lang='grc' dir='ltr'>ἢ</span> <span class='ocrx_word' id='word_1_708' title='bbox 3346 4268 3375 4320; x_wconf 89' lang='lat'><strong>6</strong></span> <span class='ocrx_word' id='word_1_709' title='bbox 3393 4265 3569 4333; x_wconf 87' lang='grc' dir='ltr'>Λόγος.</span> <span class='ocrx_word' id='word_1_710' title='bbox 3601 4260 3694 4310; x_wconf 86' lang='grc' dir='ltr'>Ὀτι</span> 
     </span>
    </p>
   </div>
   <div class='ocr_carea' id='block_1_89' title="bbox 2167 4349 3695 4435">
    <p class='ocr_par' dir='ltr' id='par_1_89' title="bbox 2167 4349 3695 4435">
     <span class='ocr_line' id='line_1_89' title="bbox 2167 4349 3695 4435; baseline -0.012 -17"><span class='ocrx_word' id='word_1_711' title='bbox 2167 4367 2224 4425; x_wconf 82' lang='grc' dir='ltr'><strong>δέ</strong></span> <span class='ocrx_word' id='word_1_712' title='bbox 2255 4364 2596 4435; x_wconf 81' lang='grc' dir='ltr'>ὰπεστάλοη,</span> <span class='ocrx_word' id='word_1_713' title='bbox 2648 4364 2914 4434; x_wconf 84' lang='grc' dir='ltr'>μαρτυρεῖ</span> <span class='ocrx_word' id='word_1_714' title='bbox 2957 4361 3193 4434; x_wconf 83' lang='grc' dir='ltr'>Πέτρος,</span> <span class='ocrx_word' id='word_1_715' title='bbox 3231 4359 3366 4432; x_wconf 70' lang='grc' dir='ltr'>πρὸς</span> <span class='ocrx_word' id='word_1_716' title='bbox 3391 4358 3477 4411; x_wconf 81' lang='grc' dir='ltr'><strong>τὸν</strong></span> <span class='ocrx_word' id='word_1_717' title='bbox 3513 4349 3695 4407; x_wconf 79' lang='grc' dir='ltr'>ἑκατόν-</span> 
     </span>
    </p>
   </div>
   <div class='ocr_carea' id='block_1_90' title="bbox 2169 4441 3695 4530">
    <p class='ocr_par' dir='ltr' id='par_1_90' title="bbox 2169 4441 3695 4530">
     <span class='ocr_line' id='line_1_90' title="bbox 2169 4441 3695 4530; baseline -0.011 -19"><span class='ocrx_word' id='word_1_718' title='bbox 2169 4475 2362 4530; x_wconf 83' lang='grc' dir='ltr'>ταρχον</span> <span class='ocrx_word' id='word_1_719' title='bbox 2386 4456 2678 4528; x_wconf 81' lang='grc' dir='ltr'>Κορνήλιον</span> <span class='ocrx_word' id='word_1_720' title='bbox 2709 4455 2882 4523; x_wconf 86' lang='grc' dir='ltr'>λέγων</span> <span class='ocrx_word' id='word_1_721' title='bbox 2900 4471 2913 4483; x_wconf 73' lang='grc' dir='ltr'><strong>ο</strong></span> <span class='ocrx_word' id='word_1_722' title='bbox 2945 4472 2964 4504; x_wconf 78' lang='grc' dir='ltr'><strong>ι</strong></span> <span class='ocrx_word' id='word_1_723' title='bbox 3011 4451 3419 4518; x_wconf 75' lang='grc' dir='ltr'>Ἐξαπέστειλεν</span> <span class='ocrx_word' id='word_1_724' title='bbox 3441 4449 3475 4502; x_wconf 78' lang='grc' dir='ltr'><strong>ό</strong></span> <span class='ocrx_word' id='word_1_725' title='bbox 3492 4444 3608 4507; x_wconf 84' lang='grc' dir='ltr'>Θεὸς</span> <span class='ocrx_word' id='word_1_726' title='bbox 3626 4441 3695 4494; x_wconf 70' lang='grc' dir='ltr'>τὸν</span> 
     </span>
    </p>
   </div>
   <div class='ocr_carea' id='block_1_91' title="bbox 492 4525 2061 4618">
    <p class='ocr_par' dir='ltr' id='par_1_91' title="bbox 492 4536 2061 4606">
     <span class='ocr_line' id='line_1_91' title="bbox 492 4536 2061 4606; baseline 0.006 -14"><span class='ocrx_word' id='word_1_727' title='bbox 492 4536 830 4606; x_wconf 86' lang='lat' dir='ltr'><strong>centurioni:</strong></span> <span class='ocrx_word' id='word_1_728' title='bbox 869 4557 890 4591; x_wconf 79' lang='grc' dir='ltr'><strong>ι</strong></span> <span class='ocrx_word' id='word_1_729' title='bbox 931 4538 1077 4596; x_wconf 82' lang='lat' dir='ltr'><strong>Misit</strong></span> <span class='ocrx_word' id='word_1_730' title='bbox 1109 4539 1252 4596; x_wconf 91' lang='lat' dir='ltr'><strong>Deus</strong></span> <span class='ocrx_word' id='word_1_731' title='bbox 1277 4538 1514 4596; x_wconf 84' lang='lat' dir='ltr'><strong>Verbum</strong></span> <span class='ocrx_word' id='word_1_732' title='bbox 1555 4558 1715 4597; x_wconf 80' lang='lat' dir='ltr'><strong>suum</strong></span> <span class='ocrx_word' id='word_1_733' title='bbox 1745 4544 1871 4599; x_wconf 76' lang='lat' dir='ltr'><strong>[iliis</strong></span> <span class='ocrx_word' id='word_1_734' title='bbox 1902 4544 2061 4601; x_wconf 83' lang='lat' dir='ltr'><strong>Israel</strong></span> 
     </span>
    </p>
   </div>
   <div class='ocr_carea' id='block_1_92' title="bbox 2166 4525 3694 4618">
    <p class='ocr_par' dir='ltr' id='par_1_92' title="bbox 2170 4525 3694 4618">
     <span class='ocr_line' id='line_1_92' title="bbox 2170 4525 3694 4618; baseline -0.009 -14"><span class='ocrx_word' id='word_1_735' title='bbox 2170 4525 2343 4618; x_wconf 84' lang='grc' dir='ltr'>Λόγον</span> <span class='ocrx_word' id='word_1_736' title='bbox 2367 4525 2675 4610; x_wconf 76' lang='grc' dir='ltr'>αὐτοῦτοῖς</span> <span class='ocrx_word' id='word_1_737' title='bbox 2702 4547 2838 4609; x_wconf 86' lang='grc' dir='ltr'>υἱοῖς</span> <span class='ocrx_word' id='word_1_738' title='bbox 2881 4544 3093 4616; x_wconf 80' lang='grc' dir='ltr'>Ἰσραὴλ</span> <span class='ocrx_word' id='word_1_739' title='bbox 3117 4544 3206 4597; x_wconf 81' lang='grc' dir='ltr'><strong>διὰ</strong></span> <span class='ocrx_word' id='word_1_740' title='bbox 3243 4541 3577 4616; x_wconf 79' lang='grc' dir='ltr'>κηρύγματος</span> <span class='ocrx_word' id='word_1_741' title='bbox 3610 4536 3694 4602; x_wconf 75' lang='grc' dir='ltr'><strong>’1η-</strong></span> 
     </span>
    </p>
   </div>
   <div class='ocr_carea' id='block_1_93' title="bbox 491 4629 2064 4704">
    <p class='ocr_par' dir='ltr' id='par_1_93' title="bbox 491 4629 2064 4704">
     <span class='ocr_line' id='line_1_93' title="bbox 491 4629 2064 4704; baseline 0.007 -22"><span class='ocrx_word' id='word_1_742' title='bbox 491 4643 590 4698; x_wconf 80' lang='lat' dir='ltr'><strong>per</strong></span> <span class='ocrx_word' id='word_1_743' title='bbox 619 4629 1057 4696; x_wconf 69' lang='lat' dir='ltr'><strong>praedicationem</strong></span> <span class='ocrx_word' id='word_1_744' title='bbox 1085 4629 1212 4686; x_wconf 85' lang='lat' dir='ltr'><strong>Jesu</strong></span> <span class='ocrx_word' id='word_1_745' title='bbox 1247 4631 1472 4686; x_wconf 88' lang='lat' dir='ltr'><strong>Christi.</strong></span> <span class='ocrx_word' id='word_1_746' title='bbox 1513 4631 1613 4688; x_wconf 82' lang='lat' dir='ltr'><strong>Hic</strong></span> <span class='ocrx_word' id='word_1_747' title='bbox 1639 4643 1720 4690; x_wconf 88' lang='lat' dir='ltr'><strong>est</strong></span> <span class='ocrx_word' id='word_1_748' title='bbox 1749 4634 1912 4704; x_wconf 89' lang='lat' dir='ltr'><strong>Deus,</strong></span> <span class='ocrx_word' id='word_1_749' title='bbox 1946 4653 2064 4692; x_wconf 90' lang='lat' dir='ltr'><strong>om-</strong></span> 
     </span>
    </p>
   </div>
   <div class='ocr_carea' id='block_1_94' title="bbox 491 4721 2065 4800">
    <p class='ocr_par' dir='ltr' id='par_1_94' title="bbox 491 4721 2065 4800">
     <span class='ocr_line' id='line_1_94' title="bbox 491 4721 2065 4800; baseline 0.005 -23"><span class='ocrx_word' id='word_1_750' title='bbox 491 4721 644 4778; x_wconf 86' lang='lat' dir='ltr'><strong>nium</strong></span> <span class='ocrx_word' id='word_1_751' title='bbox 676 4721 942 4778; x_wconf 90' lang='lat' dir='ltr'><strong>Dominus</strong></span> <span class='ocrx_word' id='word_1_752' title='bbox 983 4724 1048 4777; x_wconf 78' lang='grc'><strong>⁸⁸.</strong></span> <span class='ocrx_word' id='word_1_753' title='bbox 1101 4742 1120 4776; x_wconf 84' lang='grc'>›</span> <span class='ocrx_word' id='word_1_754' title='bbox 1169 4723 1227 4778; x_wconf 90' lang='lat' dir='ltr'><strong>Si</strong></span> <span class='ocrx_word' id='word_1_755' title='bbox 1272 4739 1402 4794; x_wconf 88' lang='lat' dir='ltr'><strong>ergo</strong></span> <span class='ocrx_word' id='word_1_756' title='bbox 1432 4725 1665 4781; x_wconf 86' lang='lat' dir='ltr'><strong>Verbum</strong></span> <span class='ocrx_word' id='word_1_757' title='bbox 1700 4727 1929 4784; x_wconf 87' lang='lat' dir='ltr'><strong>mittitur</strong></span> <span class='ocrx_word' id='word_1_758' title='bbox 1971 4747 2065 4800; x_wconf 88' lang='lat' dir='ltr'><strong>per</strong></span> 
     </span>
    </p>
   </div>
   <div class='ocr_carea' id='block_1_95' title="bbox 489 4809 2060 4879">
    <p class='ocr_par' dir='ltr' id='par_1_95' title="bbox 489 4809 2060 4879">
     <span class='ocr_line' id='line_1_95' title="bbox 489 4809 2060 4879; baseline 0.006 -12"><span class='ocrx_word' id='word_1_759' title='bbox 489 4809 678 4868; x_wconf 63' lang='lat' dir='ltr'><strong>Iesum</strong></span> <span class='ocrx_word' id='word_1_760' title='bbox 701 4812 1000 4879; x_wconf 85' lang='lat' dir='ltr'><strong>Christum,</strong></span> <span class='ocrx_word' id='word_1_761' title='bbox 1031 4815 1282 4872; x_wconf 84' lang='lat' dir='ltr'><strong>voluntas</strong></span> <span class='ocrx_word' id='word_1_762' title='bbox 1307 4815 1484 4872; x_wconf 89' lang='lat' dir='ltr'><strong>Patris</strong></span> <span class='ocrx_word' id='word_1_763' title='bbox 1505 4827 1587 4873; x_wconf 88' lang='lat' dir='ltr'><strong>est</strong></span> <span class='ocrx_word' id='word_1_764' title='bbox 1609 4817 1770 4874; x_wconf 80' lang='lat' dir='ltr'><strong>Iesus</strong></span> <span class='ocrx_word' id='word_1_765' title='bbox 1791 4819 2060 4877; x_wconf 83' lang='lat' dir='ltr'><strong>Christus.</strong></span> 
     </span>
    </p>
   </div>
   <div class='ocr_carea' id='block_1_96' title="bbox 2172 4629 3690 4713">
    <p class='ocr_par' dir='ltr' id='par_1_96' title="bbox 2172 4629 3690 4713">
     <span class='ocr_line' id='line_1_96' title="bbox 2172 4629 3690 4713; baseline -0.004 -19"><span class='ocrx_word' id='word_1_766' title='bbox 2172 4641 2265 4694; x_wconf 86' lang='grc' dir='ltr'><strong>σοῦ</strong></span> <span class='ocrx_word' id='word_1_767' title='bbox 2296 4639 2546 4713; x_wconf 80' lang='grc' dir='ltr'>Χριστοῦ.</span> <span class='ocrx_word' id='word_1_768' title='bbox 2581 4633 2747 4702; x_wconf 71' lang='grc' dir='ltr'>Οὗτός</span> <span class='ocrx_word' id='word_1_769' title='bbox 2782 4639 2928 4690; x_wconf 86' lang='grc' dir='ltr'>ἐστιν</span> <span class='ocrx_word' id='word_1_770' title='bbox 2954 4638 2982 4689; x_wconf 91' lang='grc' dir='ltr'><strong>ό</strong></span> <span class='ocrx_word' id='word_1_771' title='bbox 3009 4636 3140 4700; x_wconf 84' lang='grc' dir='ltr'>Θεὸς</span> <span class='ocrx_word' id='word_1_772' title='bbox 3167 4637 3198 4689; x_wconf 90' lang='lat'><strong>6</strong></span> <span class='ocrx_word' id='word_1_773' title='bbox 3229 4635 3442 4689; x_wconf 82' lang='grc' dir='ltr'>πάντων</span> <span class='ocrx_word' id='word_1_774' title='bbox 3475 4629 3690 4700; x_wconf 67' lang='grc' dir='ltr'>Κύριος-ν</span> 
     </span>
    </p>
   </div>
   <div class='ocr_carea' id='block_1_97' title="bbox 2170 4714 3694 4799">
    <p class='ocr_par' dir='ltr' id='par_1_97' title="bbox 2170 4714 3694 4799">
     <span class='ocr_line' id='line_1_97' title="bbox 2170 4714 3694 4799; baseline -0.009 -14"><span class='ocrx_word' id='word_1_775' title='bbox 2170 4733 2233 4785; x_wconf 87' lang='grc' dir='ltr'>Εί</span> <span class='ocrx_word' id='word_1_776' title='bbox 2260 4731 2316 4785; x_wconf 80' lang='grc' dir='ltr'><strong>δέ</strong></span> <span class='ocrx_word' id='word_1_777' title='bbox 2351 4727 2442 4785; x_wconf 83' lang='grc' dir='ltr'><strong>οῦν</strong></span> <span class='ocrx_word' id='word_1_778' title='bbox 2466 4730 2634 4799; x_wconf 80' lang='grc' dir='ltr'>Λόγος</span> <span class='ocrx_word' id='word_1_779' title='bbox 2665 4729 3050 4783; x_wconf 86' lang='grc' dir='ltr'>ἀποστέλλεται</span> <span class='ocrx_word' id='word_1_780' title='bbox 3075 4727 3163 4780; x_wconf 72' lang='grc' dir='ltr'><strong>διὰ</strong></span> <span class='ocrx_word' id='word_1_781' title='bbox 3195 4723 3370 4798; x_wconf 83' lang='grc' dir='ltr'>Ἰησοῦ</span> <span class='ocrx_word' id='word_1_782' title='bbox 3398 4717 3630 4794; x_wconf 86' lang='grc' dir='ltr'>Χριστοῦ,</span> <span class='ocrx_word' id='word_1_783' title='bbox 3648 4714 3694 4768; x_wconf 77' lang='grc' dir='ltr'><strong>τὸ</strong></span> 
     </span>
    </p>
   </div>
   <div class='ocr_carea' id='block_1_98' title="bbox 2170 4814 3548 4894">
    <p class='ocr_par' dir='ltr' id='par_1_98' title="bbox 2170 4814 3548 4894">
     <span class='ocr_line' id='line_1_98' title="bbox 2170 4814 3548 4894; baseline -0.009 -17"><span class='ocrx_word' id='word_1_784' title='bbox 2170 4823 2378 4894; x_wconf 81' lang='grc' dir='ltr'>θέλημα</span> <span class='ocrx_word' id='word_1_785' title='bbox 2401 4822 2494 4876; x_wconf 89' lang='grc' dir='ltr'><strong>τοῦ</strong></span> <span class='ocrx_word' id='word_1_786' title='bbox 2517 4822 2727 4894; x_wconf 87' lang='grc' dir='ltr'>Πατρός</span> <span class='ocrx_word' id='word_1_787' title='bbox 2752 4824 2897 4875; x_wconf 83' lang='grc' dir='ltr'>ἐστιν</span> <span class='ocrx_word' id='word_1_788' title='bbox 2942 4818 3146 4890; x_wconf 82' lang='grc' dir='ltr'>Ἰησοῦς</span> <span class='ocrx_word' id='word_1_789' title='bbox 3169 4817 3402 4890; x_wconf 88' lang='grc' dir='ltr'>Χριστός</span> <span class='ocrx_word' id='word_1_790' title='bbox 3428 4814 3548 4886; x_wconf 82' lang='grc'><strong>(98).</strong></span> 
     </span>
    </p>
   </div>
   <div class='ocr_carea' id='block_1_99' title="bbox 566 4929 2061 5007">
    <p class='ocr_par' dir='ltr' id='par_1_99' title="bbox 566 4929 1992 5001">
     <span class='ocr_line' id='line_1_99' title="bbox 566 4929 1992 5001; baseline 0.008 -18"><span class='ocrx_word' id='word_1_791' title='bbox 566 4929 731 4989; x_wconf 75' lang='lat' dir='ltr'><strong>&quot;Isa.</strong></span> <span class='ocrx_word' id='word_1_792' title='bbox 763 4933 963 4997; x_wconf 56' lang='lat' dir='ltr'><strong>uni.</strong></span> <span class='ocrx_word' id='word_1_793' title='bbox 1040 4934 1085 4967; x_wconf 74' lang='lat'><strong>“</strong></span> <span class='ocrx_word' id='word_1_794' title='bbox 1107 4932 1264 4990; x_wconf 85' lang='lat' dir='ltr'><strong>Joan.</strong></span> <span class='ocrx_word' id='word_1_795' title='bbox 1298 4951 1335 5000; x_wconf 85' lang='lat' dir='ltr'><strong>I,</strong></span> <span class='ocrx_word' id='word_1_796' title='bbox 1365 4936 1474 4990; x_wconf 84' lang='grc'>1-5.</span> <span class='ocrx_word' id='word_1_797' title='bbox 1553 4937 1597 4970; x_wconf 80' lang='grc'><strong>⁸³</strong></span> <span class='ocrx_word' id='word_1_798' title='bbox 1619 4937 1748 4994; x_wconf 92' lang='lat' dir='ltr'><strong>ibid.</strong></span> <span class='ocrx_word' id='word_1_799' title='bbox 1782 4939 1870 5001; x_wconf 87' lang='grc'>10,</span> <span class='ocrx_word' id='word_1_800' title='bbox 1907 4941 1992 4994; x_wconf 89' lang='grc'><strong>11.</strong></span> 
     </span>
    </p>
   </div>
   <div class='ocr_carea' id='block_1_100' title="bbox 2166 4929 3581 5007">
    <p class='ocr_par' dir='ltr' id='par_1_100' title="bbox 2166 4929 3581 5007">
     <span class='ocr_line' id='line_1_100' title="bbox 2166 4929 3581 5007; baseline -0.01 -10"><span class='ocrx_word' id='word_1_801' title='bbox 2166 4943 2287 4998; x_wconf 73' lang='lat' dir='ltr'><strong>’sal.</strong></span> <span class='ocrx_word' id='word_1_802' title='bbox 2328 4957 2502 5007; x_wconf 66' lang='grc' dir='ltr'>χχχιι,</span> <span class='ocrx_word' id='word_1_803' title='bbox 2533 4942 2586 4996; x_wconf 89' lang='grc'>6.</span> <span class='ocrx_word' id='word_1_804' title='bbox 2624 4942 2666 4973; x_wconf 72' lang='grc'><strong>⁸⁷</strong></span> <span class='ocrx_word' id='word_1_805' title='bbox 2698 4938 2806 4995; x_wconf 82' lang='lat' dir='ltr'><strong>Jer.</strong></span> <span class='ocrx_word' id='word_1_806' title='bbox 2836 4955 2995 5004; x_wconf 80' lang='lat' dir='ltr'><strong>xxut,</strong></span> <span class='ocrx_word' id='word_1_807' title='bbox 3027 4937 3112 4992; x_wconf 89' lang='grc'>18.</span> <span class='ocrx_word' id='word_1_808' title='bbox 3187 4937 3232 4969; x_wconf 78' lang='grc'>⁸⁸</span> <span class='ocrx_word' id='word_1_809' title='bbox 3262 4936 3381 4991; x_wconf 80' lang='lat' dir='ltr'><strong>Act.</strong></span> <span class='ocrx_word' id='word_1_810' title='bbox 3413 4951 3468 5000; x_wconf 71' lang='grc' dir='ltr'>ι,</span> <span class='ocrx_word' id='word_1_811' title='bbox 3499 4929 3581 4986; x_wconf 82' lang='grc'><strong>56.</strong></span> 
     </span>
    </p>
   </div>
   <div class='ocr_carea' id='block_1_101' title="bbox 561 5044 2057 5122">
    <p class='ocr_par' dir='ltr' id='par_1_101' title="bbox 561 5044 2057 5122">
     <span class='ocr_line' id='line_1_101' title="bbox 561 5044 2057 5122; baseline 0.005 -22"><span class='ocrx_word' id='word_1_812' title='bbox 561 5044 677 5113; x_wconf 83' lang='lat'><strong>(95)</strong></span> <span class='ocrx_word' id='word_1_813' title='bbox 723 5044 1089 5122; x_wconf 60' lang='grc' dir='ltr'>ᾘνᾴγκασεν</span> <span class='ocrx_word' id='word_1_814' title='bbox 1107 5047 1354 5122; x_wconf 76' lang='grc' dir='ltr'>τούτους</span> <span class='ocrx_word' id='word_1_815' title='bbox 1384 5047 1768 5122; x_wconf 58' lang='grc' dir='ltr'>φθέγξασθαι.</span> <span class='ocrx_word' id='word_1_816' title='bbox 1814 5070 1832 5102; x_wconf 88' lang='grc'><strong><em>‹</em></strong></span> <span class='ocrx_word' id='word_1_817' title='bbox 1870 5053 2057 5122; x_wconf 83' lang='lat' dir='ltr'><strong>Coegit</strong></span> 
     </span>
    </p>
   </div>
   <div class='ocr_carea' id='block_1_102' title="bbox 493 5114 2056 5189">
    <p class='ocr_par' dir='ltr' id='par_1_102' title="bbox 493 5114 2056 5189">
     <span class='ocr_line' id='line_1_102' title="bbox 493 5114 2056 5189; baseline 0.006 -20"><span class='ocrx_word' id='word_1_818' title='bbox 493 5115 594 5170; x_wconf 88' lang='lat' dir='ltr'><strong>bos</strong></span> <span class='ocrx_word' id='word_1_819' title='bbox 623 5131 720 5186; x_wconf 84' lang='lat' dir='ltr'><strong>per</strong></span> <span class='ocrx_word' id='word_1_820' title='bbox 753 5114 1016 5187; x_wconf 83' lang='lat' dir='ltr'><strong>Spiritum</strong></span> <span class='ocrx_word' id='word_1_821' title='bbox 1040 5127 1289 5189; x_wconf 86' lang='lat' dir='ltr'><strong>sanctum</strong></span> <span class='ocrx_word' id='word_1_822' title='bbox 1320 5114 1538 5186; x_wconf 54' lang='lat' dir='ltr'><strong>loqui.)</strong></span> <span class='ocrx_word' id='word_1_823' title='bbox 1570 5119 1808 5189; x_wconf 81' lang='lat' dir='ltr'><strong>Cogebat</strong></span> <span class='ocrx_word' id='word_1_824' title='bbox 1839 5114 2056 5178; x_wconf 72' lang='lat' dir='ltr'><strong>sanctos</strong></span> 
     </span>
    </p>
   </div>
   <div class='ocr_carea' id='block_1_103' title="bbox 491 5188 2054 5258">
    <p class='ocr_par' dir='ltr' id='par_1_103' title="bbox 491 5188 2054 5258">
     <span class='ocr_line' id='line_1_103' title="bbox 491 5188 2054 5258; baseline 0.006 -22"><span class='ocrx_word' id='word_1_825' title='bbox 491 5193 807 5255; x_wconf 74' lang='lat' dir='ltr'><strong>panphctas,</strong></span> <span class='ocrx_word' id='word_1_826' title='bbox 830 5196 1100 5258; x_wconf 88' lang='lat' dir='ltr'><strong>quatenus</strong></span> <span class='ocrx_word' id='word_1_827' title='bbox 1126 5188 1370 5258; x_wconf 85' lang='lat' dir='ltr'><strong>volentes</strong></span> <span class='ocrx_word' id='word_1_828' title='bbox 1397 5191 1547 5257; x_wconf 85' lang='lat' dir='ltr'><strong>sequi</strong></span> <span class='ocrx_word' id='word_1_829' title='bbox 1577 5188 1906 5246; x_wconf 87' lang='lat' dir='ltr'><strong>voluntatem</strong></span> <span class='ocrx_word' id='word_1_830' title='bbox 1941 5193 2054 5258; x_wconf 86' lang='lat' dir='ltr'><strong>Dei,</strong></span> 
     </span>
    </p>
   </div>
   <div class='ocr_carea' id='block_1_104' title="bbox 493 5257 2059 5328">
    <p class='ocr_par' dir='ltr' id='par_1_104' title="bbox 493 5257 2059 5328">
     <span class='ocr_line' id='line_1_104' title="bbox 493 5257 2059 5328; baseline 0.006 -19"><span class='ocrx_word' id='word_1_831' title='bbox 493 5272 600 5312; x_wconf 73' lang='lat' dir='ltr'><strong>non</strong></span> <span class='ocrx_word' id='word_1_832' title='bbox 633 5265 881 5328; x_wconf 79' lang='lat' dir='ltr'><strong>poterant</strong></span> <span class='ocrx_word' id='word_1_833' title='bbox 901 5273 1026 5328; x_wconf 84' lang='lat' dir='ltr'><strong>non</strong></span> <span class='ocrx_word' id='word_1_834' title='bbox 1059 5257 1206 5328; x_wconf 85' lang='lat' dir='ltr'><strong>loqui</strong></span> <span class='ocrx_word' id='word_1_835' title='bbox 1238 5257 1328 5310; x_wconf 90' lang='lat' dir='ltr'><strong>illa</strong></span> <span class='ocrx_word' id='word_1_836' title='bbox 1357 5275 1478 5326; x_wconf 75' lang='lat' dir='ltr'><strong>qua:</strong></span> <span class='ocrx_word' id='word_1_837' title='bbox 1525 5261 1904 5328; x_wconf 83' lang='lat' dir='ltr'><strong>loquebantur.</strong></span> <span class='ocrx_word' id='word_1_838' title='bbox 1968 5265 2059 5318; x_wconf 87' lang='lat' dir='ltr'><strong>Sic</strong></span> 
     </span>
    </p>
   </div>
   <div class='ocr_carea' id='block_1_105' title="bbox 494 5327 2058 5400">
    <p class='ocr_par' dir='ltr' id='par_1_105' title="bbox 494 5327 2058 5400">
     <span class='ocr_line' id='line_1_105' title="bbox 494 5327 2058 5400; baseline 0.006 -23"><span class='ocrx_word' id='word_1_839' title='bbox 494 5328 687 5400; x_wconf 74' lang='lat' dir='ltr'><strong>Petrus</strong></span> <span class='ocrx_word' id='word_1_840' title='bbox 711 5328 763 5380; x_wconf 89' lang='lat' dir='ltr'><strong>in</strong></span> <span class='ocrx_word' id='word_1_841' title='bbox 795 5327 946 5400; x_wconf 75' lang='lat' dir='ltr'><strong>Actis</strong></span> <span class='ocrx_word' id='word_1_842' title='bbox 968 5327 1197 5396; x_wconf 87' lang='lat' dir='ltr'><strong>apostol.</strong></span> <span class='ocrx_word' id='word_1_843' title='bbox 1220 5343 1359 5400; x_wconf 21' lang='lat' dir='ltr'><strong>cum</strong></span> <span class='ocrx_word' id='word_1_844' title='bbox 1383 5345 1394 5380; x_wconf 89' lang='lat'>:</span> <span class='ocrx_word' id='word_1_845' title='bbox 1433 5347 1450 5379; x_wconf 71' lang='grc' dir='ltr'><strong>ι</strong></span> <span class='ocrx_word' id='word_1_846' title='bbox 1490 5327 1608 5383; x_wconf 79' lang='lat' dir='ltr'><strong>Non</strong></span> <span class='ocrx_word' id='word_1_847' title='bbox 1633 5346 1944 5400; x_wconf 87' lang='lat' dir='ltr'><strong>possumus,</strong></span> <span class='ocrx_word' id='word_1_848' title='bbox 1972 5335 2058 5387; x_wconf 90' lang='lat' dir='ltr'><strong>iu—</strong></span> 
     </span>
    </p>
   </div>
   <div class='ocr_carea' id='block_1_106' title="bbox 492 5397 2060 5482">
    <p class='ocr_par' dir='ltr' id='par_1_106' title="bbox 492 5397 2060 5482">
     <span class='ocr_line' id='line_1_106' title="bbox 492 5397 2060 5482; baseline 0.005 -33"><span class='ocrx_word' id='word_1_849' title='bbox 492 5399 643 5482; x_wconf 39' lang='lat' dir='ltr'><strong>quit,</strong></span> <span class='ocrx_word' id='word_1_850' title='bbox 667 5411 787 5465; x_wconf 51' lang='lat' dir='ltr'><strong>quat</strong></span> <span class='ocrx_word' id='word_1_851' title='bbox 815 5397 1052 5482; x_wconf 67' lang='lat' dir='ltr'><strong>vidimus</strong></span> <span class='ocrx_word' id='word_1_852' title='bbox 1087 5398 1492 5482; x_wconf 46' lang='lat' dir='ltr'><strong>etﬁaudivimn‘s&#39;</strong></span> <span class='ocrx_word' id='word_1_853' title='bbox 1522 5397 1835 5482; x_wconf 19' lang='lat' dir='ltr'><strong>nouil‘oqui.</strong></span> <span class='ocrx_word' id='word_1_854' title='bbox 1879 5428 1897 5455; x_wconf 74' lang='grc' dir='ltr'>ο</span> <span class='ocrx_word' id='word_1_855' title='bbox 1933 5397 1940 5399; x_wconf 10' lang='grc' dir='ltr'><em>ἡ</em></span> <span class='ocrx_word' id='word_1_856' title='bbox 1969 5407 2060 5458; x_wconf 78' lang='lat' dir='ltr'><strong>Sic</strong></span> 
     </span>
    </p>
   </div>
   <div class='ocr_carea' id='block_1_107' title="bbox 492 5466 2058 5537">
    <p class='ocr_par' dir='ltr' id='par_1_107' title="bbox 492 5466 2058 5537">
     <span class='ocr_line' id='line_1_107' title="bbox 492 5466 2058 5537; baseline 0.008 -21"><span class='ocrx_word' id='word_1_857' title='bbox 492 5469 765 5536; x_wconf 55' lang='lat' dir='ltr'><strong>propheta</strong></span> <span class='ocrx_word' id='word_1_858' title='bbox 816 5468 1110 5521; x_wconf 85' lang='lat' dir='ltr'><strong>audiebant</strong></span> <span class='ocrx_word' id='word_1_859' title='bbox 1150 5466 1409 5537; x_wconf 89' lang='lat' dir='ltr'><strong>Spiritum</strong></span> <span class='ocrx_word' id='word_1_860' title='bbox 1454 5468 1611 5522; x_wconf 85' lang='lat' dir='ltr'><strong>Verbi</strong></span> <span class='ocrx_word' id='word_1_861' title='bbox 1663 5466 1753 5525; x_wconf 80' lang='lat' dir='ltr'><strong>Dei</strong></span> <span class='ocrx_word' id='word_1_862' title='bbox 1788 5475 1933 5528; x_wconf 88' lang='lat' dir='ltr'><strong>intus</strong></span> <span class='ocrx_word' id='word_1_863' title='bbox 1979 5475 2058 5527; x_wconf 91' lang='lat' dir='ltr'><strong>lo-</strong></span> 
     </span>
    </p>
   </div>
   <div class='ocr_carea' id='block_1_108' title="bbox 491 5539 2058 5608">
    <p class='ocr_par' dir='ltr' id='par_1_108' title="bbox 491 5539 2058 5608">
     <span class='ocr_line' id='line_1_108' title="bbox 491 5539 2058 5608; baseline 0.008 -21"><span class='ocrx_word' id='word_1_864' title='bbox 491 5548 772 5605; x_wconf 81' lang='lat' dir='ltr'><strong>qtn-ntem,</strong></span> <span class='ocrx_word' id='word_1_865' title='bbox 805 5551 982 5592; x_wconf 88' lang='lat' dir='ltr'><strong>etnon</strong></span> <span class='ocrx_word' id='word_1_866' title='bbox 1019 5547 1299 5606; x_wconf 85' lang='lat' dir='ltr'><strong>poterant,</strong></span> <span class='ocrx_word' id='word_1_867' title='bbox 1335 5539 1477 5594; x_wconf 84' lang='lat' dir='ltr'><strong>sicut</strong></span> <span class='ocrx_word' id='word_1_868' title='bbox 1527 5541 1718 5596; x_wconf 88' lang='lat' dir='ltr'><strong>Petrus</strong></span> <span class='ocrx_word' id='word_1_869' title='bbox 1762 5544 1850 5598; x_wconf 89' lang='lat' dir='ltr'><strong>hic</strong></span> <span class='ocrx_word' id='word_1_870' title='bbox 1899 5546 2058 5608; x_wconf 81' lang='lat' dir='ltr'><strong>dixit,</strong></span> 
     </span>
    </p>
   </div>
   <div class='ocr_carea' id='block_1_109' title="bbox 493 5608 1755 5686">
    <p class='ocr_par' dir='ltr' id='par_1_109' title="bbox 493 5608 1755 5686">
     <span class='ocr_line' id='line_1_109' title="bbox 493 5608 1755 5686; baseline 0.005 -28"><span class='ocrx_word' id='word_1_871' title='bbox 493 5622 612 5686; x_wconf 58' lang='lat' dir='ltr'><strong>non</strong></span> <span class='ocrx_word' id='word_1_872' title='bbox 625 5609 788 5686; x_wconf 72' lang='lat' dir='ltr'><strong>loqui</strong></span> <span class='ocrx_word' id='word_1_873' title='bbox 803 5609 1279 5686; x_wconf 57' lang='lat' dir='ltr'><strong>qu:e_audiebant._</strong></span> <span class='ocrx_word' id='word_1_874' title='bbox 1291 5608 1412 5686; x_wconf 45' lang='lat' dir='ltr'><strong>ER.“</strong></span> <span class='ocrx_word' id='word_1_875' title='bbox 1424 5613 1462 5664; x_wconf 82' lang='lat' dir='ltr'><strong>&#39;l&#39;</strong></span> <span class='ocrx_word' id='word_1_876' title='bbox 1473 5627 1755 5686; x_wconf 56' lang='lat' dir='ltr'><strong>uenimus.</strong></span> 
     </span>
    </p>
   </div>
   <div class='ocr_carea' id='block_1_110' title="bbox 562 5678 2060 5746">
    <p class='ocr_par' dir='ltr' id='par_1_110' title="bbox 562 5678 2060 5746">
     <span class='ocr_line' id='line_1_110' title="bbox 562 5678 2060 5746; baseline 0.005 -15"><span class='ocrx_word' id='word_1_877' title='bbox 562 5678 674 5746; x_wconf 67' lang='lat'><strong>(96)</strong></span> <span class='ocrx_word' id='word_1_878' title='bbox 717 5678 870 5732; x_wconf 74' lang='grc' dir='ltr'><strong>Οὐδὲ</strong></span> <span class='ocrx_word' id='word_1_879' title='bbox 913 5679 1002 5732; x_wconf 80' lang='grc' dir='ltr'>ἓν.</span> <span class='ocrx_word' id='word_1_880' title='bbox 1052 5678 1181 5734; x_wconf 84' lang='lat' dir='ltr'><strong>Post</strong></span> <span class='ocrx_word' id='word_1_881' title='bbox 1227 5679 1347 5731; x_wconf 88' lang='grc' dir='ltr'><strong>ούδέ</strong></span> <span class='ocrx_word' id='word_1_882' title='bbox 1391 5681 1448 5733; x_wconf 79' lang='grc' dir='ltr'>ἓν</span> <span class='ocrx_word' id='word_1_883' title='bbox 1499 5683 1550 5734; x_wconf 89' lang='lat' dir='ltr'><strong>in</strong></span> <span class='ocrx_word' id='word_1_884' title='bbox 1605 5684 1783 5738; x_wconf 83' lang='lat' dir='ltr'><strong>verbis</strong></span> <span class='ocrx_word' id='word_1_885' title='bbox 1834 5682 2060 5739; x_wconf 83' lang='lat' dir='ltr'><strong>Joannis</strong></span> 
     </span>
    </p>
   </div>
   <div class='ocr_carea' id='block_1_111' title="bbox 499 5749 2061 5821">
    <p class='ocr_par' dir='ltr' id='par_1_111' title="bbox 499 5749 2061 5821">
     <span class='ocr_line' id='line_1_111' title="bbox 499 5749 2061 5821; baseline 0.006 -22"><span class='ocrx_word' id='word_1_886' title='bbox 499 5749 754 5821; x_wconf 78' lang='grc' dir='ltr'>στιγμὴν,</span> <span class='ocrx_word' id='word_1_887' title='bbox 790 5758 979 5816; x_wconf 59' lang='lat' dir='ltr'><strong>praeter</strong></span> <span class='ocrx_word' id='word_1_888' title='bbox 1011 5749 1374 5821; x_wconf 89' lang='lat' dir='ltr'><strong>Hippolyt_um,</strong></span> <span class='ocrx_word' id='word_1_889' title='bbox 1409 5752 1613 5808; x_wconf 74' lang='lat' dir='ltr'><strong>faciunt</strong></span> <span class='ocrx_word' id='word_1_890' title='bbox 1641 5751 1904 5818; x_wconf 63' lang='lat' dir='ltr'><strong>Irenmus,</strong></span> <span class='ocrx_word' id='word_1_891' title='bbox 1941 5755 2061 5808; x_wconf 76' lang='lat' dir='ltr'><strong>Cle-</strong></span> 
     </span>
    </p>
   </div>
   <div class='ocr_carea' id='block_1_112' title="bbox 493 5819 2062 5892">
    <p class='ocr_par' dir='ltr' id='par_1_112' title="bbox 493 5819 2062 5892">
     <span class='ocr_line' id='line_1_112' title="bbox 493 5819 2062 5892; baseline 0.003 -19"><span class='ocrx_word' id='word_1_892' title='bbox 493 5831 646 5873; x_wconf 67' lang='lat' dir='ltr'><strong>mens</strong></span> <span class='ocrx_word' id='word_1_893' title='bbox 677 5819 827 5872; x_wconf 78' lang='lat' dir='ltr'><strong>Alex.</strong></span> <span class='ocrx_word' id='word_1_894' title='bbox 851 5859 865 5883; x_wconf 86' lang='lat'><strong>,</strong></span> <span class='ocrx_word' id='word_1_895' title='bbox 907 5819 1564 5892; x_wconf 19' lang='lat' dir='ltr'><strong>0rigeues,rTheopltiltts</strong></span> <span class='ocrx_word' id='word_1_896' title='bbox 1609 5823 1975 5880; x_wconf 84' lang='lat' dir='ltr'><strong>Atttiocltcntts</strong></span> <span class='ocrx_word' id='word_1_897' title='bbox 2010 5834 2062 5880; x_wconf 83' lang='lat' dir='ltr'><strong>et</strong></span> 
     </span>
    </p>
   </div>
   <div class='ocr_carea' id='block_1_113' title="bbox 2163 5043 3694 5123">
    <p class='ocr_par' dir='ltr' id='par_1_113' title="bbox 2163 5043 3694 5123">
     <span class='ocr_line' id='line_1_113' title="bbox 2163 5043 3694 5123; baseline -0.008 -16"><span class='ocrx_word' id='word_1_898' title='bbox 2163 5052 2429 5110; x_wconf 87' lang='lat' dir='ltr'><strong>Eusebius</strong></span> <span class='ocrx_word' id='word_1_899' title='bbox 2460 5053 2705 5123; x_wconf 90' lang='lat' dir='ltr'><strong>pluribus</strong></span> <span class='ocrx_word' id='word_1_900' title='bbox 2730 5054 2894 5109; x_wconf 89' lang='lat' dir='ltr'><strong>locis:</strong></span> <span class='ocrx_word' id='word_1_901' title='bbox 2926 5063 3087 5122; x_wconf 87' lang='lat' dir='ltr'><strong>atque</strong></span> <span class='ocrx_word' id='word_1_902' title='bbox 3125 5066 3156 5104; x_wconf 87' lang='lat' dir='ltr'><strong>e</strong></span> <span class='ocrx_word' id='word_1_903' title='bbox 3196 5048 3402 5123; x_wconf 85' lang='lat' dir='ltr'><strong>Latinis</strong></span> <span class='ocrx_word' id='word_1_904' title='bbox 3447 5043 3694 5123; x_wconf 64' lang='lat' dir='ltr'><strong>Tertulliao</strong></span> 
     </span>
    </p>
   </div>
   <div class='ocr_carea' id='block_1_114' title="bbox 2163 5119 3693 5191">
    <p class='ocr_par' dir='ltr' id='par_1_114' title="bbox 2163 5119 3693 5191">
     <span class='ocr_line' id='line_1_114' title="bbox 2163 5119 3693 5191; baseline -0.01 -12"><span class='ocrx_word' id='word_1_905' title='bbox 2163 5142 2264 5179; x_wconf 88' lang='lat' dir='ltr'><strong>nus</strong></span> <span class='ocrx_word' id='word_1_906' title='bbox 2293 5140 2356 5177; x_wconf 87' lang='lat' dir='ltr'><strong>ac</strong></span> <span class='ocrx_word' id='word_1_907' title='bbox 2382 5119 2717 5185; x_wconf 78' lang='lat' dir='ltr'><strong>Lactantius,</strong></span> <span class='ocrx_word' id='word_1_908' title='bbox 2754 5119 3082 5187; x_wconf 84' lang='lat' dir='ltr'><strong>Victorinus,</strong></span> <span class='ocrx_word' id='word_1_909' title='bbox 3113 5121 3464 5191; x_wconf 77' lang='lat' dir='ltr'><strong>Augustinus,</strong></span> <span class='ocrx_word' id='word_1_910' title='bbox 3493 5127 3541 5191; x_wconf 81' lang='lat' dir='ltr'><strong>et</strong></span> <span class='ocrx_word' id='word_1_911' title='bbox 3564 5119 3693 5190; x_wconf 82' lang='lat' dir='ltr'><strong>longe</strong></span> 
     </span>
    </p>
   </div>
   <div class='ocr_carea' id='block_1_115' title="bbox 2162 5188 3692 5264">
    <p class='ocr_par' dir='ltr' id='par_1_115' title="bbox 2162 5188 3692 5264">
     <span class='ocr_line' id='line_1_115' title="bbox 2162 5188 3692 5264; baseline -0.009 -17"><span class='ocrx_word' id='word_1_912' title='bbox 2162 5206 2285 5264; x_wconf 85' lang='lat' dir='ltr'><strong>post</strong></span> <span class='ocrx_word' id='word_1_913' title='bbox 2333 5193 2606 5249; x_wconf 86' lang='lat' dir='ltr'><strong>Honorius</strong></span> <span class='ocrx_word' id='word_1_914' title='bbox 2644 5191 3150 5264; x_wconf 72' lang='lat' dir='ltr'><strong>Augustodunensis</strong></span> <span class='ocrx_word' id='word_1_915' title='bbox 3195 5188 3286 5264; x_wconf 67' lang='lat' dir='ltr'><strong>lib.</strong></span> <span class='ocrx_word' id='word_1_916' title='bbox 3335 5188 3464 5264; x_wconf 75' lang='lat' dir='ltr'><strong>t_D¢</strong></span> <span class='ocrx_word' id='word_1_917' title='bbox 3501 5188 3692 5264; x_wconf 69' lang='lat' dir='ltr'><strong>imagine</strong></span> 
     </span>
    </p>
   </div>
   <div class='ocr_carea' id='block_1_116' title="bbox 2162 5259 3690 5331">
    <p class='ocr_par' dir='ltr' id='par_1_116' title="bbox 2162 5259 3690 5331">
     <span class='ocr_line' id='line_1_116' title="bbox 2162 5259 3690 5331; baseline -0.007 -13"><span class='ocrx_word' id='word_1_918' title='bbox 2162 5259 2380 5329; x_wconf 66' lang='lat' dir='ltr'><strong>inundi,</strong></span> <span class='ocrx_word' id='word_1_919' title='bbox 2443 5281 2493 5318; x_wconf 94' lang='lat' dir='ltr'><strong>c.</strong></span> <span class='ocrx_word' id='word_1_920' title='bbox 2538 5264 2592 5316; x_wconf 75' lang='grc'>2.</span> <span class='ocrx_word' id='word_1_921' title='bbox 2641 5259 2908 5328; x_wconf 78' lang='lat' dir='ltr'><strong>Quoniam</strong></span> <span class='ocrx_word' id='word_1_922' title='bbox 2957 5277 3087 5317; x_wconf 86' lang='lat' dir='ltr'><strong>vero</strong></span> <span class='ocrx_word' id='word_1_923' title='bbox 3133 5262 3320 5315; x_wconf 90' lang='lat' dir='ltr'><strong>eadem</strong></span> <span class='ocrx_word' id='word_1_924' title='bbox 3365 5259 3690 5331; x_wconf 72' lang='lat' dir='ltr'><strong>interpunctjo</strong></span> 
     </span>
    </p>
   </div>
   <div class='ocr_carea' id='block_1_117' title="bbox 2196 5327 3688 5403">
    <p class='ocr_par' dir='ltr' id='par_1_117' title="bbox 2196 5327 3688 5403">
     <span class='ocr_line' id='line_1_117' title="bbox 2196 5327 3688 5403; baseline -0.007 -16"><span class='ocrx_word' id='word_1_925' title='bbox 2196 5327 2376 5389; x_wconf 75' lang='lat' dir='ltr'><strong>Iacuit</strong></span> <span class='ocrx_word' id='word_1_926' title='bbox 2415 5327 2904 5403; x_wconf 12' lang='lat' dir='ltr'><strong>etiamgbzeretieis</strong></span> <span class='ocrx_word' id='word_1_927' title='bbox 2971 5331 3298 5403; x_wconf 63' lang='lat' dir='ltr'><strong>Valentino,</strong></span> <span class='ocrx_word' id='word_1_928' title='bbox 3372 5327 3688 5403; x_wconf 65' lang='lat' dir='ltr'><strong>Heracleum.</strong></span> 
     </span>
    </p>
   </div>
   <div class='ocr_carea' id='block_1_118' title="bbox 2209 5393 3691 5469">
    <p class='ocr_par' dir='ltr' id='par_1_118' title="bbox 2209 5393 3691 5469">
     <span class='ocr_line' id='line_1_118' title="bbox 2209 5393 3691 5469; baseline -0.008 -12"><span class='ocrx_word' id='word_1_929' title='bbox 2209 5406 2434 5458; x_wconf 86' lang='lat' dir='ltr'><strong>heodoto</strong></span> <span class='ocrx_word' id='word_1_930' title='bbox 2459 5443 2471 5465; x_wconf 93' lang='lat'><strong>,</strong></span> <span class='ocrx_word' id='word_1_931' title='bbox 2506 5415 2560 5457; x_wconf 88' lang='lat' dir='ltr'><strong>et</strong></span> <span class='ocrx_word' id='word_1_932' title='bbox 2595 5401 3028 5469; x_wconf 81' lang='lat' dir='ltr'><strong>Macedonianis,</strong></span> <span class='ocrx_word' id='word_1_933' title='bbox 3068 5399 3548 5468; x_wconf 83' lang='lat' dir='ltr'><strong>Eunomianisque;</strong></span> <span class='ocrx_word' id='word_1_934' title='bbox 3589 5393 3691 5469; x_wconf 61' lang='lat' dir='ltr'><strong>hinc</strong></span> 
     </span>
    </p>
   </div>
   <div class='ocr_carea' id='block_1_119' title="bbox 2159 5459 3690 5546">
    <p class='ocr_par' dir='ltr' id='par_1_119' title="bbox 2159 5459 3690 5546">
     <span class='ocr_line' id='line_1_119' title="bbox 2159 5459 3690 5546; baseline -0.013 -14"><span class='ocrx_word' id='word_1_935' title='bbox 2159 5476 2227 5528; x_wconf 85' lang='lat' dir='ltr'><strong>ab</strong></span> <span class='ocrx_word' id='word_1_936' title='bbox 2255 5459 2556 5546; x_wconf 60' lang='lat' dir='ltr'><strong>Epiphanio</strong></span> <span class='ocrx_word' id='word_1_937' title='bbox 2585 5483 2622 5526; x_wconf 92' lang='lat' dir='ltr'><strong>t.</strong></span> <span class='ocrx_word' id='word_1_938' title='bbox 2666 5472 2708 5525; x_wconf 90' lang='lat' dir='ltr'><strong>ll</strong></span> <span class='ocrx_word' id='word_1_939' title='bbox 2729 5515 2742 5539; x_wconf 94' lang='lat'><strong>,</strong></span> <span class='ocrx_word' id='word_1_940' title='bbox 2779 5491 2899 5546; x_wconf 79' lang='lat' dir='ltr'><strong>pag.</strong></span> <span class='ocrx_word' id='word_1_941' title='bbox 2929 5459 3028 5539; x_wconf 35' lang='lat'><strong>80,,</strong></span> <span class='ocrx_word' id='word_1_942' title='bbox 3058 5481 3110 5526; x_wconf 89' lang='lat' dir='ltr'><strong>et</strong></span> <span class='ocrx_word' id='word_1_943' title='bbox 3140 5486 3168 5524; x_wconf 89' lang='lat' dir='ltr'><strong>a</strong></span> <span class='ocrx_word' id='word_1_944' title='bbox 3196 5459 3568 5539; x_wconf 79' lang='lat' dir='ltr'><strong>Chrysosiomo</strong></span> <span class='ocrx_word' id='word_1_945' title='bbox 3592 5459 3690 5529; x_wconf 85' lang='lat' dir='ltr'><strong>reji-</strong></span> 
     </span>
    </p>
   </div>
   <div class='ocr_carea' id='block_1_120' title="bbox 2159 5544 2594 5600">
    <p class='ocr_par' dir='ltr' id='par_1_120' title="bbox 2159 5544 2594 5600">
     <span class='ocr_line' id='line_1_120' title="bbox 2159 5544 2594 5600; baseline 0 0"><span class='ocrx_word' id='word_1_946' title='bbox 2159 5547 2323 5600; x_wconf 86' lang='lat' dir='ltr'><strong>citur.</strong></span> <span class='ocrx_word' id='word_1_947' title='bbox 2377 5544 2594 5600; x_wconf 75' lang='lat' dir='ltr'><strong>FABRIC.</strong></span> 
     </span>
    </p>
   </div>
   <div class='ocr_carea' id='block_1_121' title="bbox 2238 5605 3687 5684">
    <p class='ocr_par' dir='ltr' id='par_1_121' title="bbox 2238 5605 3687 5684">
     <span class='ocr_line' id='line_1_121' title="bbox 2238 5605 3687 5684; baseline -0.012 -12"><span class='ocrx_word' id='word_1_948' title='bbox 2238 5613 2348 5684; x_wconf 88' lang='lat'><strong>(97)</strong></span> <span class='ocrx_word' id='word_1_949' title='bbox 2395 5617 2488 5680; x_wconf 81' lang='grc' dir='ltr'>Τίς</span> <span class='ocrx_word' id='word_1_950' title='bbox 2508 5616 2655 5682; x_wconf 78' lang='grc' dir='ltr'>ἔστη</span> <span class='ocrx_word' id='word_1_951' title='bbox 2678 5615 2748 5668; x_wconf 77' lang='grc' dir='ltr'><strong>ἐν</strong></span> <span class='ocrx_word' id='word_1_952' title='bbox 2771 5614 3164 5684; x_wconf 74' lang='grc' dir='ltr'>ὑποστήματι.</span> <span class='ocrx_word' id='word_1_953' title='bbox 3202 5611 3383 5684; x_wconf 78' lang='lat' dir='ltr'><strong>Victor</strong></span> <span class='ocrx_word' id='word_1_954' title='bbox 3423 5610 3472 5662; x_wconf 88' lang='lat' dir='ltr'><strong>in</strong></span> <span class='ocrx_word' id='word_1_955' title='bbox 3497 5605 3687 5684; x_wconf 58' lang='lat' dir='ltr'><strong>catena:</strong></span> 
     </span>
    </p>
   </div>
   <div class='ocr_carea' id='block_1_122' title="bbox 2164 5671 3686 5756">
    <p class='ocr_par' dir='ltr' id='par_1_122' title="bbox 2164 5671 3686 5756">
     <span class='ocr_line' id='line_1_122' title="bbox 2164 5671 3686 5756; baseline 0.001 -20"><span class='ocrx_word' id='word_1_956' title='bbox 2164 5687 2221 5736; x_wconf 87' lang='grc' dir='ltr'><strong>ἐν</strong></span> <span class='ocrx_word' id='word_1_957' title='bbox 2247 5671 2347 5756; x_wconf 14' lang='grc' dir='ltr'>’γτῇῖ</span> <span class='ocrx_word' id='word_1_958' title='bbox 2381 5671 2712 5756; x_wconf 72' lang='grc' dir='ltr'>ύπόστάσέιε</span> <span class='ocrx_word' id='word_1_959' title='bbox 2755 5701 2850 5756; x_wconf 93' lang='lat' dir='ltr'><strong>pro</strong></span> <span class='ocrx_word' id='word_1_960' title='bbox 2901 5671 3022 5755; x_wconf 47' lang='lat' dir='ltr'><strong>quo.</strong></span> <span class='ocrx_word' id='word_1_961' title='bbox 3055 5681 3462 5755; x_wconf 76' lang='lat' dir='ltr'><strong>Symmmacbus</strong></span> <span class='ocrx_word' id='word_1_962' title='bbox 3485 5716 3500 5742; x_wconf 89' lang='lat'><strong>,</strong></span> <span class='ocrx_word' id='word_1_963' title='bbox 3548 5675 3602 5726; x_wconf 69' lang='grc' dir='ltr'><strong>ἐν</strong></span> <span class='ocrx_word' id='word_1_964' title='bbox 3632 5671 3686 5738; x_wconf 66' lang='grc' dir='ltr'><strong>τῇ</strong></span> 
     </span>
    </p>
   </div>
   <div class='ocr_carea' id='block_1_123' title="bbox 2164 5755 2663 5826">
    <p class='ocr_par' dir='ltr' id='par_1_123' title="bbox 2164 5755 2663 5826">
     <span class='ocr_line' id='line_1_123' title="bbox 2164 5755 2663 5826; baseline 0 -18"><span class='ocrx_word' id='word_1_965' title='bbox 2164 5755 2347 5826; x_wconf 71' lang='grc' dir='ltr'>ὁμιλίᾳ</span> <span class='ocrx_word' id='word_1_966' title='bbox 2377 5756 2567 5826; x_wconf 57' lang='lat' dir='ltr'><strong>edidit.</strong></span> <span class='ocrx_word' id='word_1_967' title='bbox 2590 5755 2663 5809; x_wconf 85' lang='lat' dir='ltr'><strong>In.</strong></span> 
     </span>
    </p>
   </div>
   <div class='ocr_carea' id='block_1_124' title="bbox 2238 5813 3686 5896">
    <p class='ocr_par' dir='ltr' id='par_1_124' title="bbox 2238 5813 3686 5896">
     <span class='ocr_line' id='line_1_124' title="bbox 2238 5813 3686 5896; baseline -0.017 -11"><span class='ocrx_word' id='word_1_968' title='bbox 2238 5813 2348 5896; x_wconf 54' lang='lat'><strong>(96&#39;)</strong></span> <span class='ocrx_word' id='word_1_969' title='bbox 2395 5827 2461 5881; x_wconf 81' lang='grc' dir='ltr'><strong><em>Τὸ</em></strong></span> <span class='ocrx_word' id='word_1_970' title='bbox 2505 5824 2798 5896; x_wconf 67' lang='grc' dir='ltr'>θέλημα...</span> <span class='ocrx_word' id='word_1_971' title='bbox 2825 5827 3095 5896; x_wconf 79' lang='grc' dir='ltr'>Χριστός.</span> <span class='ocrx_word' id='word_1_972' title='bbox 3127 5825 3218 5882; x_wconf 90' lang='lat' dir='ltr'><strong>Sic</strong></span> <span class='ocrx_word' id='word_1_973' title='bbox 3249 5822 3436 5879; x_wconf 85' lang='lat' dir='ltr'><strong>Filium</strong></span> <span class='ocrx_word' id='word_1_974' title='bbox 3466 5813 3686 5890; x_wconf 70' lang='grc' dir='ltr'>βούληαι-ι</span> 
     </span>
    </p>
   </div>
  </div>
