3830 7152
479 392 585 448 825

1149 399 1207 454 S.
1251 396 1609 454 HlPPOLYTl
1648 396 1797 452 ()PP.
1842 393 2022 450 PARS
2055 390 2119 448 ll.
2156 422 2221 433 —
2261 389 2564 448 DOGMAT.
2604 387 2693 443 ET
2732 386 3081 444 HISTORIC.
3587 395 3670 453 εει

486 508 725 567 Verbum
758 516 974 584 quidem
1013 518 1177 573 dicit.
1214 519 1304 573 scd
1342 519 1498 573 aliter
1523 533 1617 587 per
1642 518 1949 587 allegoriam
1985 516 2049 571 in-

2160 512 2450 584 ἀλληγορεῖ
2490 512 2587 583 (6).
2631 512 2816 575 Οὒτως
2855 509 2962 582 γὰρ
2990 508 3246 563 δεικνύων
3290 509 3377 563 τδν
3409 512 3557 580 Λόγον
3597 516 3670 567 τοῦ

480 612 831 675 terpretatur.
881 612 1030 677 lmo,
1077 627 1184 665 non
1224 610 1379 664 aliter
1420 625 1514 678 per
1546 609 1855 679 allegoriam
1900 608 2063 662 inter-

481 704 768 763 pretatur:
802 701 881 756 sic
912 703 1056 757 enim
1092 701 1383 756 ostendens
1407 700 1507 754 hoc
1533 698 1768 755 Verbum
1795 696 1889 753 Dei
1916 699 2059 768 quod

484 780 555 835 ab
584 781 739 839 initio
773 794 908 851 erat,
957 797 1011 842 et
1040 804 1183 842 nunc
1210 788 1438 842 missum
1471 799 1589 852 est,
1628 787 1764 843 dixit
1790 797 1973 858 postea
2004 788 2059 842 in

483 869 845 945 Apocalypsi:
876 893 894 926 ι
926 874 988 930 Et
1020 876 1124 930 vidi
1155 877 1350 929 caelum
1371 883 1637 943 apertum,
1663 882 1715 929 et
1739 890 1864 929 ecce
1885 887 2060 942 equus

486 961 676 1027 albus;
710 977 764 1019 et
790 967 880 1034 qui
917 967 1135 1022 sedebat
1166 968 1346 1032 ineo,
1386 968 1561 1021 lidelis
1602 975 1655 1021 et
1676 982 1840 1021 verax
1862 1007 1878 1029 ,
1917 976 1970 1021 et
2003 966 2056 1020 in

482 1052 690 1123 iustitia
714 1055 923 1124 judirat
960 1067 1013 1112 et
1061 1067 1283 1129 pugnat.
1331 1058 1485 1115 Oculi
1512 1059 1632 1127 ejus
1660 1060 1800 1114 sicut
1842 1058 2058 1113 flamma

486 1146 667 1214 ignis;
715 1155 771 1201 et
839 1148 893 1202 in
945 1150 1119 1219 capite
1177 1149 1298 1220 ejus
1369 1150 1676 1207 diademata
1728 1152 1935 1217 multa;
1971 1150 2057 1203 ha-

481 1236 617 1293 bens
698 1255 891 1295 nomen
958 1241 1217 1311 scriptum
1249 1283 1265 1310 ,
1319 1244 1463 1312 quod
1515 1258 1675 1299 nemo
1736 1244 1886 1298 novit
1951 1242 2056 1297 nisi

482 1329 619 1398 ipse,
685 1328 752 1384 Et
804 1331 1028 1387 vestitus
1077 1341 1194 1387 erat
1251 1343 1403 1387 veste
1458 1348 1673 1403 aspersa
1743 1333 2052 1402 sanguine;

482 1430 537 1475 et
562 1430 811 1476 vocatum
835 1433 919 1477 est
947 1438 1141 1477 nomen
1168 1423 1311 1493 ejus.
1340 1423 1573 1479 Verbum
1600 1423 1692 1477 Dei
1718 1425 1785 1478 ".
1821 1443 1839 1475 ι
1871 1420 2056 1478 Videte

482 1512 667 1582 igitur,
700 1511 917 1576 fratres,
948 1514 1224 1583 quomodo
1244 1514 1412 1568 vestis
1436 1515 1698 1584 sanguine
1721 1529 1966 1583 aspersa.
2000 1514 2053 1570 in

481 1601 730 1672 symbolo
757 1601 1080 1673 significavit
1108 1617 1327 1670 carnem
1348 1645 1362 1666 ,
1393 1619 1500 1672 qua
1535 1604 1684 1658 Venit
1716 1603 1783 1657 ad
1813 1604 2055 1659 subeun-

481 1693 607 1746 dam
640 1692 946 1761 passionem
992 1692 1289 1763 impatibile
1318 1693 1408 1748 Dei
1437 1692 1667 1748 Verbum
1691 1734 1706 1755 ,
1737 1694 1880 1749 sicut
1920 1694 2050 1749 mihi

482 1783 762 1853 prophetae
789 1791 1078 1838 testantur.
1121 1784 1213 1840 Sic
1241 1785 1383 1839 enim
1423 1786 1499 1840 ait
1529 1786 1719 1841 beatus
1762 1786 2049 1843 Michaeas:

2163 604 2299 658 Θεοῦ
2329 603 2517 658 τοῦτον
2543 604 2673 657 ὄντα
2703 604 2799 657 ἀπ’
2830 602 3007 674 ἀρχῆς
3028 602 3123 654 καὶ
3158 601 3253 655 νῦν
3298 603 3674 674 ἀπεσταλμένον,

2163 696 2371 759 ὐποσὰς
2395 698 2453 749 ὲν
2476 699 2543 767 τῇ
2594 693 2957 764 ’Λποκαλύψει
2988 694 3121 763 ἔφη·
3163 712 3181 743 ι
3222 693 3330 747 Καὶ
3360 693 3466 746 ἴδον
3496 696 3575 748 τὸν
3601 698 3678 750 οὖ-

2164 786 2322 858 ρανὸν
2354 786 2715 857 ἠνεῳγμένον,
2740 786 2833 839 καὶ
2864 785 2971 838 ἰδοὺ
2999 784 3161 847 ἵππος
3185 783 3394 846 λευκὸς,
3414 786 3502 837 καὶ
3527 788 3553 838 6
3574 788 3680 840 καθ-

2161 879 2361 947 ⁴ήμενος
2396 877 2484 930 ἐπ’
2526 876 2687 931 αὑτοῦ
2729 875 2917 940 πιστὸς
2937 876 3031 929 καὶ
3060 873 3330 944 ἀληθινὸς,
3346 875 3437 928 καὶ
3459 876 3511 928 ὲν
3523 875 3685 932 δικαιο-

2161 967 2294 1039 σύνῃ
2324 967 2497 1038 κρίνει
2528 967 2621 1020 καὶ
2650 966 2893 1037 πολεμεῖ.
2920 968 2981 1019 Οἱ
3012 966 3070 1019 δὲ
3095 964 3360 1035 ὀφθαλμοὶ
3395 966 3546 1019 αὑτοῦ
3576 969 3683 1036 φλὸξ

2160 1058 2328 1130 πυρός
2345 1075 2359 1088 ο
2398 1058 2490 1111 καὶ
2520 1058 2825 1130 διαδήματα
2850 1057 3018 1111 πολλὰ
3039 1058 3131 1111 ἐπὶ
3156 1058 3257 1127 τὴν
3285 1058 3514 1130 κεφαλὴν
3528 1060 3683 1127 αὑτοῦ,

2157 1147 2294 1217 ἒχων
2320 1148 2493 1218 ὄνομα
2516 1147 2896 1219 γεγραμμένον
2920 1148 2949 1201 6
2970 1148 3140 1212 οὐδεὶς
3172 1144 3317 1201 οἶδεν
3352 1150 3399 1201 εἰ
3436 1150 3505 1221 μὴ
3531 1152 3685 1215 αὐτός.

2156 1238 2267 1291 Καὶ
2296 1238 2753 1310 περιὸεὸλημένος
2779 1238 2990 1309 ἱμάτιον
3026 1238 3449 1310 ὲρραντισμένον
3487 1242 3684 1312 αἵματι·

2157 1330 2250 1382 καὶ
2277 1330 2536 1400 κέκληται
2569 1331 2630 1383 τὸ
2654 1331 2827 1401 ὄνομα
2878 1330 3071 1394 αὐτοῦ,
3108 1333 3137 1384 6
3168 1332 3346 1399 Λόγος
3374 1332 3466 1385 τοῦ
3496 1333 3633 1386 Θεοῦ.
3666 1354 3684 1385 ι

2169 1422 2360 1493 Ὁρᾶτε
2387 1418 2498 1485 οὖν,
2530 1421 2769 1492 ἀδελφοὶ,
2795 1423 2912 1486 πῶς
2940 1424 2998 1475 ὲν
3024 1423 3279 1495 συμϐόλῳ
3315 1422 3393 1493 (7)
3418 1424 3476 1477 τὸ
3510 1425 3690 1496 ἱμάτιον

2153 1512 2215 1565 τὸ
2238 1514 2656 1585 ἐρραντισμένον
2676 1513 2883 1583 αἵματι,
2916 1514 3014 1581 τὴν
3061 1515 3243 1586 σάρκα
3299 1516 3579 1585 διηγήσατο
3599 1557 3612 1576 .
3634 1518 3687 1570 δι’

2151 1601 2219 1676 ἧς
2238 1605 2331 1658 καὶ
2362 1606 2466 1658 ὑπὸ
2497 1606 2666 1669 πάθος
2696 1602 2877 1677 ἦλθεν,
2908 1609 2937 1660 6
2963 1606 3182 1677 ἀπαθὴς
3216 1606 3315 1660 τοῦ
3351 1607 3480 1659 Θεοῦ
3527 1609 3688 1676 Λόγος,

2152 1694 2333 1755 καθὼς
2354 1696 2715 1768 μαρτυροῦσίν
2743 1714 2832 1767 μοι
2863 1700 2910 1751 οἱ
2933 1698 3222 1769 προφῆται.
3252 1698 3416 1765 Λέγει
3436 1698 3689 1769 γὰροῦτως

2152 1789 2181 1840 6
2224 1788 2490 1860 μακάριος
2542 1790 2806 1859 Μιχαίας
2867 1808 2885 1840 ι
2935 1784 3097 1854 Οἶκος
3169 1789 3364 1843 Ἰακὼϐ
3411 1791 3689 1861 παρώργισε

486 1890 507 1923 ι
537 1869 740 1933 Domus
760 1871 930 1927 Iacob
958 1873 1190 1928 irritavit
1222 1874 1482 1945 Spiritum
1503 1875 1740 1932 Domini.
1771 1876 1894 1933 Haec
1924 1888 2049 1932 sunt

2157 1879 2375 1950 Πνεῦμα
2393 1880 2615 1950 Κυρίου.
2646 1880 2827 1935 Ταῦτα
2849 1881 2915 1934 τὰ
2931 1881 3337 1952 ἐπιτηδεύματα
3352 1882 3527 1946 αὐτοῖς
3551 1886 3686 1937 ὲπιν.

479 1978 669 2019 eorum
702 1963 902 2020 studia.
944 1962 1133 2021 Nonne
1164 1966 1289 2021 boni
1321 1980 1600 2023 sermones
1633 1968 1783 2037 ejus;
1821 1977 1876 2023 et
1908 1978 2051 2024 recte

477 2067 603 2107 cum
627 2053 759 2123 ipsis
775 2055 1078 2111 ambulant?
1097 2055 1163 2111 Et
1183 2056 1283 2127 ipsi
1303 2058 1699 2114 suscitaverunt
1716 2059 2049 2115 inimicitiam

478 2155 666 2201 contra
711 2162 901 2217 pacem
940 2149 1080 2219 ejus,
1129 2149 1357 2220 gloriam
1390 2150 1510 2221 ejus
1544 2151 1894 2207 detraxerunt
1916 2154 1981 2208 ⁷³.
2026 2171 2045 2205 ι

475 2235 533 2291 Id
582 2246 704 2303 est,
772 2238 1016 2296 fecerunt
1081 2255 1207 2297 eum
1272 2242 1382 2311 pati
1438 2241 1491 2296 in
1540 2257 1722 2297 carne.
1794 2240 2052 2298 Similiter

475 2326 670 2383 beatus
710 2327 913 2385 Paulus
954 2330 1064 2385 ait:
1101 2348 1121 2380 ι
1170 2329 1327 2397 Quod
1364 2332 1509 2387 enim
1557 2333 1890 2403 impossibile
1935 2344 2053 2389 erat

476 2416 616 2486 legis
647 2416 701 2470 in
731 2432 842 2486 quo
866 2417 1242 2474 inﬁrmahatur
1269 2436 1367 2491 per
1396 2436 1651 2487 carnem;
1688 2420 1829 2476 Deus
1854 2419 2049 2476 Filium

480 2524 643 2563 suum
670 2508 889 2564 mittens
919 2511 972 2564 in
1002 2511 1359 2566 similitudine
1403 2514 1585 2567 carnis
1617 2514 1857 2581 peccati,
1892 2513 2051 2568 dam-

479 2602 629 2657 navit
656 2612 933 2671 peccatum
968 2602 1022 2656 in
1059 2618 1254 2658 carne:
1292 2612 1349 2656 ut
1375 2602 1691 2671 justilicatio
1724 2600 1854 2671 legis
1877 2611 2053 2656 osten-

478 2694 697 2748 deretur
722 2693 774 2748 in
804 2692 990 2756 nobis,
1018 2694 1110 2763 qui
1142 2709 1247 2748 non
1284 2695 1579 2749 secundum
1611 2708 1827 2748 carnem
1861 2694 2051 2747 ambu-

478 2785 685 2853 lamus,
722 2786 817 2841 sed
851 2786 1148 2840 secundum
1176 2784 1434 2854 Spiritum
1465 2785 1531 2838 ".
1568 2803 1588 2835 ι
1620 2782 1844 2849 Qualem
1886 2784 2051 2854 igitur

476 2875 673 2932 Filium
709 2894 867 2936 suum
901 2878 1044 2933 Deus
1069 2892 1162 2947 per
1195 2892 1416 2932 carnem
1453 2876 1624 2941 misit,
1652 2878 1758 2933 nisi
1787 2875 2046 2942 Verbum,

477 2964 623 3033 quod
652 2979 681 3018 a
711 2966 979 3035 principio
1012 2965 1220 3021 scilicet
1259 2964 1457 3019 Filium
1494 2967 1747 3033 vocavit,
1792 2967 1920 3037 quia
1967 2966 2051 3022 fu-

477 3060 660 3107 turum
686 3063 804 3109 erat
839 3063 899 3109 ut
922 3063 1102 3108 ortum
1130 3053 1381 3123 caperet?
1416 3053 1480 3108 Et
1518 3070 1641 3109 cum
1682 3054 1855 3110 Filius
1885 3072 2047 3112 voca-

474 3152 597 3209 tur,
635 3160 923 3201 commune
955 3162 1148 3201 nomen
1192 3146 1394 3200 amoris
1426 3160 1553 3217 erga
1584 3148 1833 3204 homines
1860 3149 2044 3203 sumit.

2153 1971 2265 2040 Οὑχ
2300 1973 2349 2024 οἱ
2375 1971 2523 2039 λόγοι
2555 1970 2718 2025 αὑτοῦ
2742 1972 2898 2025 καλοὶ
2924 1975 3041 2042 μετ’
3072 1972 3277 2036 αὐτῶν,
3312 1973 3410 2025 καὶ
3436 1972 3576 2043 ὀρθοὶ
3612 1991 3690 2026 που

2154 2063 2429 2134 ρεύονταις
2449 2058 2558 2117 Kal.
2571 2064 2721 2117 αὐτοὶ
2739 2064 3066 2135 ἀντέστησαν
3086 2065 3164 2128 εἰς
3178 2064 3380 2136 ἐχθρὰν
3405 2065 3535 2117 κατᾶ
3555 2064 3690 2135 πρός⁸

2152 2172 2297 2207 ωπον
2343 2156 2442 2226 τῆς
2493 2156 2709 2227 εἰρήνης
2754 2156 2951 2219 αὐτοῦ,
3001 2156 3100 2227 τὴν
3135 2156 3293 2223 δόξαν
3335 2156 3410 2227 (8)
3460 2156 3689 2227 ἐξέδειρεν

2151 2244 2336 2299 αὑτοῦ.
2381 2264 2399 2296 ι
2429 2246 2739 2311 Τουτέστιν,
2767 2246 2828 2299 τὸ
2856 2247 3016 2317 σαρκὶ
3054 2247 3248 2301 παθεῖν
3290 2247 3470 2301 αὐτόν.
3527 2246 3685 2300 Ὡσαύ-

2151 2354 2257 2401 τως
2283 2338 2420 2399 καὶό
2450 2340 2717 2411 μακάριος
2744 2339 2953 2403 Παῦλος
2986 2338 3170 2407 λέγει’
3217 2359 3236 2390 ι
3272 2340 3348 2392 T6
3389 2339 3495 2410 γὰρ
3531 2339 3691 2391 ἀδύνα-

2149 2445 2243 2481 τον
2271 2428 2364 2483 τοῦ
2397 2429 2583 2501 νόμου,
2608 2432 2664 2483 ἐν
2700 2424 2746 2499 ᾧ
2778 2421 3014 2501 ἠσθένει,
3038 2432 3068 2483 6
3098 2430 3231 2494 Θεὸς
3255 2430 3351 2484 τὸν
3379 2429 3562 2483 ἑαυτοῦ
3589 2430 3688 2484 Υἰδν

2153 2520 2370 2591 πέμψας
2385 2522 2442 2574 ἐν
2470 2521 2775 2593 ὁμοιώματι
2796 2522 2999 2593 σαρκὸς
3015 2522 3292 2594 ἁμαρτίας
3317 2522 3394 2592 (9)
3411 2521 3688 2593 κατέκρινεν

2150 2613 2248 2681 τὴν
2297 2614 2568 2684 ἁμαρτίαν
2594 2618 2660 2686 τῇ
2713 2616 2898 2687 σαρκὶ,
2931 2616 3017 2669 ἴνα
3041 2616 3103 2669 τὸ
3133 2616 3413 2685 δικαίωμα
3447 2614 3533 2668 τοῦ
3555 2615 3688 2684 νόμον

2152 2704 2435 2776 φανερωθῇ
2487 2708 2546 2759 ὲν
2588 2707 2716 2777 ἡμῖν
2748 2709 2860 2771 τοῖς
2892 2706 2965 2778 μὴ
2996 2705 3136 2759 κατὰ
3165 2706 3350 2777 σάρκα
3396 2705 3689 2777 περιπατοῦ-

2153 2816 2262 2861 σιν,
2291 2798 2428 2854 ἀλλὰ
2458 2800 2598 2854 κατὰ
2629 2800 2871 2871 Πνεῦμα.
2918 2819 2937 2852 ι
2971 2801 3128 2854 Ποῖον
3174 2795 3271 2854 οὖν
3306 2799 3438 2853 Υἱδν
3485 2796 3689 2852 ἑαυτοῦό

2151 2890 2281 2954 Θεὸς
2308 2891 2394 2945 διὰ
2422 2892 2518 2964 τῆς
2566 2893 2766 2964 σαρκὸς
2810 2891 3180 2963 κατέπεμψεν,
3197 2891 3318 2946 ἀλλ’
3353 2891 3388 2963 ἢ
3421 2889 3509 2944 τὸν
3528 2888 3687 2957 Λόγον,

2149 2981 2207 3034 ὃν
2238 2982 2365 3035 Υἱὸν
2397 2984 2767 3056 προσηγόρευε
2792 2984 2880 3037 διὰ
2908 2982 2972 3036 τὸ
3000 2983 3213 3054 μέλλειν
3242 2983 3410 3037 αὑτὸν
3440 2981 3686 3051 γενέσθαις

2150 3072 2261 3125 Καὶ
2289 3072 2350 3125 τὺ
2384 3073 2559 3126 κοινὸν
2597 3074 2764 3145 ὄνομα
2802 3074 2897 3145 τῆς
2947 3075 3027 3137 εἰς
3070 3071 3398 3145 ἀνθρώπους
3448 3073 3679 3142 (pilos-top

2149 3163 2273 3231 γίας
2312 3164 2423 3237 (10)
2456 3165 2826 3237 ὰναλαμὸάνει
2854 3168 2883 3220 6
2904 3166 3033 3228 Υἱὸς
3055 3165 3412 3237 καλούμενος.
3457 3164 3582 3219 οὔτε
3602 3161 3688 3231 γὰρ

473 3233 587 3290 Nec
622 3237 766 3291 enim
820 3236 1052 3293 Verbum
1098 3254 1194 3308 per
1222 3254 1279 3294 se
1314 3247 1368 3294 et
1409 3239 1527 3294 sine
1566 3254 1729 3294 carne
1777 3240 2048 3310 perfectus

2157 3224 2386 3326 ἀσαρκος
2402 3224 2494 3312 καὶ
2517 3224 2845 3311 καθ”ὲαυτὸν
2868 3261 2897 3312 6
2914 3224 3101 3327 Λόγος,
3123 3224 3333 3322 τέλειος
3358 3224 3426 3328 ἦν
3443 3258 3562 3320 Υἱὸς
3577 3224 3684 3324 (fl);

474 3324 647 3385 Filius
678 3339 832 3393 erat,
879 3346 1003 3386 cum
1032 3339 1212 3386 tamen
1251 3340 1395 3386 esset
1428 3329 1726 3401 perfectum
1774 3331 2007 3388 Verbum
2029 3376 2045 3399 ,

2154 3344 2328 3398 καίτοι
2366 3347 2569 3411 τέλειος
2616 3348 2788 3415 Λόγος
2829 3346 2925 3414 ὢν,
2961 3349 3298 3419 Μονογενής.
3347 3346 3471 3402 0³30⁸
3513 3348 3543 3415 ἠ
3581 3340 3687 3413 σὰρξ

536 3461 586 3496 ⁷⁸
621 3463 789 3534 Apoc.
825 3480 939 3532 xu,
971 3465 1157 3520 “~15.
1231 3466 1278 3498 "
1307 3465 1467 3521 Mich.
1496 3481 1555 3532 ιι,
1583 3467 1638 3533 7,
1672 3466 1726 3522 8.
1801 3469 1847 3501 ⁷⁵
1876 3469 2032 3527 Rom.

2165 3519 2178 3543 ,
2211 3481 2264 3541 5,
2294 3482 2343 3534 4.

474 3602 654 3671 locum
687 3611 817 3671 puto
859 3618 887 3655 a
924 3603 1193 3659 Turriano
1231 3606 1412 3661 minus
1450 3607 1584 3660 bene
1620 3608 1700 3663 sic
1734 3610 2035 3666 redditum:

481 3690 501 3722 ι
538 3669 745 3726 Novum
778 3673 997 3727 verbum
1031 3675 1163 3728 mihi
1202 3676 1381 3740 affers,
1415 3692 1538 3730 cum
1571 3676 1763 3732 Filium
1797 3696 1990 3739 vocas:
2014 3702 2033 3734 ι

476 3750 639 3810 atque
679 3741 1022 3815 Hippolytum
1060 3746 1238 3813 potius
1282 3746 1335 3799 in
1379 3746 1519 3800 hanc
1559 3750 1880 3810 sententiam
1912 3754 2048 3806 scri-

477 3826 683 3878 psnsse:
726 3831 745 3863 ι
790 3811 996 3867 Novum
1028 3811 1161 3868 mihi
1196 3815 1390 3880 affers,
1422 3832 1545 3871 cum
1577 3816 1771 3872 Filium
1812 3820 2044 3876 Verbum

475 3897 674 3953 vocas,
716 3900 734 3933 ι
768 3883 881 3953 sive.
917 3882 1074 3937 Verbi
1103 3887 1339 3953 appellas
1372 3887 1611 3941 nomine.
1639 3887 1906 3946 FABRIC...
1937 3890 2015 3945 Ne

476 3967 583 4032 que
606 3950 1184 4032 aliter_Wess:-lingiu's
1212 3954 1501 4032 Probabil._
1533 3973 1655 4027 cap.
1683 3960 1773 4025 26,
1795 3977 1917 4032 pag.
1943 3962 2050 4017 252

477 4021 631 4090 cujus
664 4023 887 4091 proinde
930 4021 1233 4079 versionem
1263 4021 1649 4095 expressimus.

551 4136 629 4204 (6)
681 4137 831 4191 Ἀλλ’
860 4128 1059 4205 ἄλλως
1092 4139 1430 4208 ἀλληγορεῖ.
1471 4160 1490 4191 ι
1540 4141 1645 4196 Sed
1685 4143 1840 4201 aliter
1880 4143 2047 4197 inter-

477 4216 740 4279 pretatur.
785 4227 805 4259 ι
852 4208 1155 4277 Statimque
1194 4209 1293 4263 ista
1336 4211 1388 4263 in
1431 4215 1679 4267 versione
1707 4212 2042 4268 subduntur:

480 4275 698 4351 i_lmo,
747 4284 849 4351 non
893 4275 1192 4351 aliter—per
1239 4279 1548 4348 allegoriam
1578 4283 1986 4351 interpretatur;
2023 4303 2041 4335 ι

474 4346 722 4419 adeoque
782 4348 971 4419 legerit
1027 4348 1292 4417 interpres
1334 4346 1366 4402 ξ
1390 4352 1649 4419 μενοῦνγε
1710 4346 1809 4405 οὐκ
1876 4346 2049 4417 ἄλλως

473 4416 798 4494 ᾁλληγορεῖς
840 4416 964 4494 quae
1004 4416 1222 4494 quidem
1260 4416 1715 4494 sive'exserip'tori
1751 4423 1865 4477 sive
1895 4416 2050 4494 typo-

477 4490 637 4562 theta:
678 4487 748 4541 ob
772 4487 1055 4557 repetitum
1092 4487 1380 4562 ἀλληγορεῖ
1406 4487 1745 4544 exciderint:
1778 4508 1839 4546 ea
1873 4487 2049 4562 siqui-

476 4556 598 4611 dem
641 4556 928 4614 contextus

478 4626 654 4681 locum
693 4629 806 4683 haec
835 4626 1055 4683 adnotat
1097 4629 1432 4683 Turrianus:
1472 4649 1489 4680 ι
1528 4628 1760 4684 Verbum
1804 4630 1898 4686 Dei
1948 4648 2052 4685 non

476 4696 796 4769 allegorice,
847 4699 938 4754 sed
992 4700 1211 4769 proprie
1236 4697 1431 4752 Filium
1468 4698 1561 4754 Dei
1603 4702 1890 4769 signiticat.
1942 4700 2056 4756 lloc

477 4766 654 4835 ipsum
692 4766 1155 4841 beatustly‘rillus
1204 4768 1297 4841 lih.
1341 4784 1413 4822 vit
1460 4766 1757 4841 Thesauri,
1807 4787 1927 4841 cap.
1983 4772 2053 4835 1,

477 4834 666 4911 contra
691 4834 1018 4911 E_t_inomiuin
1058 4838 1274 4903 docuit;
1310 4847 1364 4892 et
1395 4855 1489 4909 per
1520 4839 1836 4911 Scripturas
1868 4834 2058 4911 proba-

476 4908 553 4959 vit
575 4922 697 4961 esse
725 4905 955 4978 Verbum
980 4912 1258 4978 proprium
1292 4905 1671 4964 nonieu'FiliiE
1704 4911 1756 4965 id
1787 4905 1889 4976 est,
1918 4912 2057 4966 hanc

477 4991 704 5050 vocem,
747 4975 1004 5042 Verbum,
1049 4975 1263 5048 proprie
1298 4990 1350 5032 ct
1385 4980 1671 5043 decenter,
1696 4989 1761 5050 et
1808 4997 1915 5035 non
1965 4997 2057 5050 per

473 5047 795 5103 abusionem
846 5059 941 5104 aut
1010 5047 1363 5119 allegoriam,
1428 5050 1627 5105 Filium
1685 5049 1780 5105 Dei
1844 5047 2056 5121 signiti-

475 5129 623 5171 care.
656 5137 676 5167 ι

568 5207 625 5275 7)
651 5203 751 5264 Ἐν
779 5211 1078 5277 συμϐόλῳ.
1119 5207 1231 5265 Hoc
1262 5219 1378 5270 est.
1425 5209 1478 5281 ip
1515 5211 1684 5275 ﬁgura
1704 5251 1719 5275 ,
1747 5226 1853 5281 qua
1888 5211 2056 5267 utitur

478 5278 642 5336 etiam
674 5283 932 5350 propheta
959 5281 1123 5334 Isaias
1157 5296 1310 5346 uiti,
1344 5283 1395 5335 l.
1428 5279 1646 5335 FABRIC.

551 5375 625 5445 (8)
672 5374 791 5444 Τὴν
815 5373 1021 5445 δόξαν.
1063 5372 1155 5429 Sic
1192 5373 1462 5445 habebant
1503 5372 1643 5425 LXX
1676 5373 1728 5426 in
1760 5373 2053 5442 exemplari

475 5442 748 5516 ljippolyti
773 5488 789 5509 ,
837 5444 1032 5509 δόξαν,
1090 5460 1197 5498 non
1245 5442 1436 5516 δορα».
1484 5452 1543 5516 ut
1577 5460 1724 5516 nunc
1752 5445 1804 5496 in
1837 5455 2053 5499 llOSll'ls.

474 5511 745 5570 convenit
772 5517 885 5569 haec
911 5517 1069 5570 lectio
1104 5511 1494 5583 cumisagnu,
1517 5514 1553 5565 2
1582 5531 1596 5568 :
1626 5533 1645 5565 ι
1686 5513 1801 5569 Non
1831 5525 1915 5570 est
1942 5530 2058 5583 spe-

478 5586 589 5639 cies
615 5586 685 5651 ei,
713 5602 888 5655 neque
914 5586 1099 5655 decor.
1143 5602 1162 5634 ι
1198 5582 1295 5655 Fit.
1329 5581 1503 5639 Tum.

549 5656 627 5726 (9)
678 5654 1004 5728 Ἀμάρτίας.
1048 5654 1481 5728 Otnittitmverba
1515 5692 1531 5717 ,
1578 5654 1671 5728 καὶ
1710 5655 1839 5728 περὶ
1873 5654 2049 5728 ἁμαρέ

660 5724 781 5795 qua:
811 5737 865 5781 et
898 5727 956 5782 in
986 5742 1097 5780 uno
1120 5724 1325 5780 Covelli
1349 5724 1538 5778 codice
1574 5724 1807 5779 absunt':
1852 5728 1945 5781 sed
1988 5724 2058 5779 ab

479 5796 603 5867 aliis
633 5796 912 5867 codicibus
933 5836 948 5860 .
979 5795 1437 5867 quemadmodum
1464 5804 1517 5848 et
1546 5795 1887 5867 versionibus
1917 5795 2057 5850 anti-

479 5866 606 5936 quis
642 5865 894 5940 Epistolas
922 5865 1326 5936 adllomauos,
1354 5874 1741 5942 agnoscuntur.
1767 5865 1985 5923 lanata.

974 4559 1254 4643 postulare.
1288 4559 1646 4643 νήπιοι-,νινε
1680 4562 1843 4643 hunc“
1870 4559 2053 4643 autem
2085 4584 2130 4643 ι)

2215 3618 2233 3688 (
2246 3624 2257 3669 ι
2271 3619 2324 3684 0)
2350 3621 2416 3673 Τὸ
2441 3622 2645 3674 κοινὸν
2661 3622 2843 3691 ὄνομα
2860 3624 3032 3691 τῆς...
3051 3622 3494 3692 φιλοστοργίας.
3517 3637 3536 3671 ι
3554 3617 3684 3673 Com-

2146 3706 2307 3742 mune
2327 3706 2520 3744 nomen
2537 3690 2790 3746 amoris.)
2812 3693 2978 3750 Filius
2996 3690 3111 3755 Dei,
3131 3694 3277 3748 filius
3297 3690 3525 3746 hominis
3542 3692 3685 3742 nomi-

2147 3772 2308 3813 natus
2324 3769 2406 3813 est
2426 3772 2478 3816 et
2501 3761 2620 3825 fuit,
2647 3773 2704 3816 ut
2721 3779 2819 3817 nos
2836 3764 2928 3817 lilii
2960 3762 3051 3818 Dei
3068 3769 3418 3817 nominemur
3441 3774 3491 3813 et
3510 3760 3682 3813 simus:

2148 3831 2289 3897 quod
2324 3829 2425 3883 fuit
2454 3848 2681 3886 summa:
2716 3848 2841 3899 erga
2882 3849 2980 3887 nos
3010 3833 3318 3887 cbaritatis.
3365 3850 3384 3881 ε
3431 3828 3627 3893 Videle.
3663 3846 3679 3876 ³

2150 3900 2326 3968 inquit
2354 3900 2596 3955 Joannes
2623 3904 2676 3955 in
2714 3901 2881 3970 Epist.
2918 3901 2959 3966 I,
2986 3918 3106 3970 cap.
3142 3918 3181 3964 ι.
3214 3903 3267 3967 1,
3308 3922 3327 3953 ι
3357 3901 3558 3970 qualem
3580 3899 3683 3950 cha-

2148 3971 2363 4022 ritatem
2396 3971 2543 4023 dedit
2566 3972 2725 4025 nobis
2752 3972 2930 4036 Pater,
2959 3983 3015 4027 ut
3043 3973 3135 4026 lilii
3176 3972 3270 4026 Dei
3305 3970 3624 4025 nomineinur
3640 3973 3683 4017 ct

2152 4040 2353 4114 simus!
2390 4060 2407 4090 ι
2443 4039 2554 4095 Nisi
2587 4042 2728 4114 enim
2759 4043 3015 4114 sicl’ater
3038 4042 3321 4114 dilexisset
3350 4037 3612 4114 mundum.
3636 4042 3681 4114 ειῑ

2157 4108 2349 4162 Filium
2389 4125 2547 4164 suum
2594 4110 2791 4165 factum
2840 4113 3007 4166 lilium
3051 4112 3289 4166 hominis
3336 4102 3607 4179 proinobis
3638 4104 3679 4156 in

2155 4192 2380 4233 mortem
2413 4181 2751 4245 tradidisset,
2786 4182 3127 4251 adoptionem
3158 4178 3394 4251 ﬁliorum
3426 4178 3515 4231 Dei
3548 4187 3680 4245 quam

2152 4251 2480 4325 accepimus,
2509 4268 2621 4325 non
2642 4250 3059 4325 accepissemus.
3090 4252 3197 4325 fit.
3225 4250 3487 4325 Tutiam}:
3623 4312 3634 4325 .

2225 4316 2334 4391 (ll)
2378 4321 2525 4391 0638
2562 4316 2786 4389 γὰρηηξ
2820 4322 3046 4387 τέλειος
3077 4317 3154 4391 ἦν
3191 4322 3345 4385 Υἱός.
3381 4338 3413 4391 3
3440 4316 3679 4391 Necenim

2155 4387 2426 4458 perfectus
2454 4387 2817 4446 Filius'erata
2845 4390 2990 4446 Nihil
3015 4387 3199 4445 deerat
3224 4391 3364 4444 Filio
3380 4388 3471 4443 Dei
3496 4387 3557 4441 ad
3583 4397 3681 4454 per-

2158 4460 2445 4534 fectionem
2478 4462 2843 4534 generationis
2874 4471 3088 4534 aeternae
3113 4477 3175 4534 es
3204 4460 3388 4525 Patre,
3428 4467 3677 4534 antequam

2158 4531 2310 4584 fieret
2337 4531 2478 4609 ﬁlius
2510 4531 2783 4609 hominis;
2815 4532 2909 4609 sed
2949 4532 3353 4609 allmperjectum
3392 4530 3678 4609 mysterium

2158 4601 2478 4655 oeconomiae
2506 4603 2695 4654 deerat
2717 4601 2936 4656 Christo
2963 4594 3099 4655 Filio
3130 4601 3223 4654 Dei
3248 4643 3262 4665 ,
3291 4612 3355 4654 ut
3385 4594 3529 4653 ﬁeret
3562 4594 3677 4649 filius

2159 4670 2419 4733 hominis,
2448 4680 2502 4724 et
2529 4670 2608 4725 sic
2631 4681 2775 4725 esset
2801 4671 3069 4737 perfectus
3090 4672 3363 4726 Christus.
3387 4668 3518 4723 Cum
3546 4676 3679 4737 carne

2158 4739 2341 4818 itaque
2386 4742 2562 4818 factus
2602 4735 2985 4818 es_t__perfec_tt_t_s
3014 4741 3302 4818 Christus,
3342 4735 3677 4818 ει-ρεήςεψξ

2158 4805 2273 4881 sive
2318 4812 2619 4881 completus
2650 4805 2852 4874 Filius;
2881 4812 3052 4866 Filius
3085 4811 3288 4865 scilicet
3339 4805 3461 4872 Dei,
3490 4817 3540 4881 et
3563 4805 3677 4881 illius

2158 4880 2426 4935 hominis:
2445 4873 2582 4949 'quia
2604 4881 2910 5004 li¥postasis
2921 4881 3147 4947 Christi,
3164 4891 3222 4935 ut
3244 4881 3451 4962 antiqui
3478 4873 3675 4937 theologi

2158 4958 2213 5002 et
2262 4950 2614 5004 ecclesiastici
2690 4961 2833 5004 atres
2872 4951 3123 5004 tradunt.
3177 4961 3263 5004 est
3304 4950 3432 5004 (lllld
3477 4943 3675 5004 comple-

2158 4958 2213 5002 ct
2262 4943 2614 5006 ecclesiastici
2641 4943 2833 5006 Patres
2872 4943 3144 5015 tradunt,
3177 4961 3263 5004 est
3304 4943 3432 5020 quid
3477 4943 3677 5020 comple-

2159 5028 2272 5074 tum
2317 5037 2383 5075 ex
2426 5022 2638 5077 duabus
2670 5021 2909 5081 naturis.
2942 5020 3123 5074 divina
3150 5017 3356 5075 scilicet
3383 5028 3436 5073 et
3478 5017 3674 5070 humana

2159 5092 2307 5145 unita
2343 5090 2541 5145 Verbo.
2563 5089 2630 5144 Et
2656 5092 2845 5146 beatus
2872 5090 3109 5162 Cyrillus
3139 5092 3231 5145 lib.
3254 5107 3290 5144 ιι
3317 5098 3494 5143 contra
3514 5083 3677 5161 Νςιιο-
3700 5110 3706 5117 ο

2159 5163 2297 5231 rium
2324 5180 2341 5214 :
2374 5181 2392 5213 ι
2423 5162 2654 5229 Corpus,
2680 5162 2874 5231 inquit,
2905 5161 2969 5215 ex
2997 5162 3224 5215 muliere
3257 5170 3461 5218 natum,
3495 5161 3669 5231 uomuit

2160 5230 2336 5303 Verbo
2366 5216 2661 5303 secundum
2687 5216 3021 5303 hypos'lasin,
3042 5231 3327 5303 Christum
3360 5216 3516 5303 unum
3543 5216 3674 5303 etFi-

2157 5301 2290 5354 lium
2317 5310 2373 5355 et
2412 5300 2697 5355 Dominum
2726 5289 2976 5371 perfecit,
3007 5289 3122 5354 sive
3154 5299 3437 5371 complevit
3459 5289 3668 5371 cumdel"

2162 5372 2327 5424 Deum
2352 5380 2404 5441 et
2430 5357 2738 5437 hominem
2759 5392 2775 5420 δ
2797 5373 2939 5441 quod
2962 5357 3185 5441 perinde
3208 5357 3292 5424 est
3317 5378 3373 5424 ut
3386 5357 3671 5441 diceret,Fij

2159 5442 2291 5496 lium
2343 5440 2436 5494 Dei
2477 5450 2531 5494 et
2568 5436 2831 5495 eumdeni'
2861 5436 3029 5496 tilium
3084 5442 3341 5496 hominis.
3374 5436 3671 5496 Conveniunt

2158 5528 2282 5567 cum
2314 5510 2399 5564 his
2430 5526 2551 5581 qua;
2582 5510 2841 5583 Leontius
2886 5495 3174 5583 Byzantius
3205 5495 3309 5564 lib.
3340 5514 3557 5583 [forum
3586 5495 3670 5583 Ni-

2158 5583 2420 5655 storjanor
2448 5578 2515 5634 ἀ
2568 5578 2943 5655 βυιῃεΙιιαιιοέ
2976 5582 3220 5651 scripsit,
3262 5580 3517 5655 duplicent

2159 5651 2544 5723 perfectionem
2569 5652 2621 5705 in
2653 5636 2872 5707 Christo
2901 5636 2917 5703 έ
2943 5636 3105 5723 unani
3136 5636 3254 5721 qua:
3282 5636 3572 5723 simpliciter
3596 5636 3664 5723 (ἱξ-

2159 5719 2334 5796 eitur,
2365 5723 2588 5777 alteram
2630 5737 2761 5796 qua:
2790 5723 2844 5796 in
2881 5719 3197 5796 habitudine
3225 5720 3481 5796 cernitur,
3502 5719 3663 5796 εεαξξ·

2158 5795 2286 5848 dum
2330 5806 2584 5864 magnum
2618 5790 2961 5864 Gregorium.
3009 5811 3028 5844 ι
3058 5790 3359 5864 Perfectum
3406 5790 3659 5864 eninjij'f'

2159 5864 2314 5943 quit,
2344 5851 2686 5920 estUVcrbum
2717 5851 2772 5921 Et
2797 5863 3036 5935 plenum,
3069 5871 3121 5919 et
3157 5862 3398 5937 praebens
3419 5851 3659 5928 perwa
