3882 6332
161 394 246 461 825

1283 400 1561 457 CONTRA
1600 403 1924 460 HERESIN
1960 404 2185 462 ΝΟΙΞΠ.

3248 416 3353 473 821i

158 519 257 574 καθ’
274 517 458 589 ἑαυτὴν
482 517 603 588 δίχα
627 517 719 570 τοῦ
760 518 929 588 Λόγου
968 518 1266 574 ὐποστᾶναι
1303 520 1566 591 ἠδύνατο,
1599 522 1672 576 διό

1788 523 2126 596 Unigenitus.
2166 525 2350 598 Neque
2371 544 2499 586 caro
2522 546 2618 601 per
2638 546 2696 588 se
2718 533 2836 589 sine
2859 532 3033 590 Verbo
3058 536 3353 593 sul-sistere

156 614 204 667 τὺ
230 614 280 665 ἐν
303 609 450 680 Λόγῳ
478 611 573 682 τὴν
601 611 855 664 σύστασιν
886 611 1049 683 ἔχειν.
1080 611 1266 677 Οὕτως
1293 608 1386 668 οῦν
1433 610 1513 679 εἷς
1556 615 1685 681 Υίδς

155 705 328 767 τέλειος
350 703 479 756 Θεοῦ
506 703 821 776 ἐφανερώθη
854 703 984 776 (12).

210 888 304 943 Καὶ
327 887 487 940 ταῦτα
523 886 620 958 μὲν
650 888 778 960 περὶ
807 887 1132 959 σαρκώσεως
1153 888 1248 943 τοῦ
1276 887 1446 958 Λόγου
1480 889 1684 961 μαρτύ-

154 998 253 1053 pur
285 980 420 1033 ἐστιν
449 980 507 1033 δὲ
539 981 633 1035 καὶ
663 980 824 1053 ἕτερα
859 980 1104 1035 πλεῖστα.
1142 981 1372 1051 Ἴδωμεν
1411 981 1468 1035 δὲ
1498 984 1593 1035 καὶ
1620 983 1684 1035 τὸ

152 1073 468 1146 προκείμενον
489 1089 504 1102 ·
536 1073 617 1126 ὅτι
663 1073 851 1136 ὅντως,
890 1073 1141 1143 ἀδελφοὶ,
1170 1076 1204 1146 ἡ
1236 1073 1463 1145 δυνάμις
1505 1077 1538 1145 ἡ
1570 1075 1685 1127 Πα-

149 1166 292 1239 τρῷα,
314 1166 340 1219 ὅ
362 1168 506 1219 ἐστιν
536 1166 709 1234 Λόγος
727 1206 741 1230 ,
772 1168 865 1219 ἀπ’
890 1167 1118 1239 ούρανοῦ
1156 1168 1440 1240 κατῆλθεν,
1469 1170 1561 1223 mi.
1584 1169 1684 1223 οὐκ

151 1261 284 1323 αὐτὸς
302 1261 328 1311 6
349 1258 555 1330 Πατήρ.
584 1258 746 1327 Λέγει
771 1257 880 1331 γὰρ
902 1258 1071 1323 οὕτως
1089 1279 1103 1289 ·
1140 1279 1158 1311 ι
1196 1259 1337 1329 Ἐγὼ
1365 1262 1429 1314 ὲκ
1453 1261 1545 1314 τοῦ
1574 1262 1685 1314 Πα-

149 1352 253 1424 τρὸς
279 1350 509 1420 ἐξῆλθον,
538 1352 634 1404 κα)⁵
664 1352 803 1422 ἦκω.
833 1372 852 1403 ι
872 1350 937 1404 Τί
961 1351 1016 1405 δέ
1048 1354 1193 1406 ἐστιν
1208 1353 1287 1417 τὸ,
1310 1353 1681 1426 ἐξῆλθον(12’)

149 1446 200 1495 ἐκ
216 1442 293 1495 τοῦ
314 1441 543 1515 Πατρὸς,
571 1442 686 1496 ἀλλ’
712 1443 745 1515 ἦ
774 1445 803 1496 6
828 1443 997 1513 Λόγος
1022 1461 1036 1511 ;
1059 1445 1123 1497 Τί
1137 1445 1195 1499 δὲ
1214 1445 1277 1498 τὸ
1297 1444 1354 1510 ἐξ
1376 1445 1538 1499 αὑτοῦ
1561 1463 1684 1513 γεν-

146 1536 296 1607 νηθὲν,
316 1534 425 1589 ἀλλ’
454 1536 486 1607 ἦ
520 1536 746 1608 Πνεῦμα
778 1536 909 1609 (l5),
936 1538 1214 1592 τουτέστιν
1245 1540 1274 1591 6
1302 1538 1474 1606 Λόγος
1498 1555 1512 1604 ;
1542 1538 1680 1591 ‘AD,’

144 1634 263 1702 ἐρεῖς
300 1647 418 1702 μοι’
455 1630 581 1694 Πῶς
612 1631 970 1701 γεγέννηται;
1012 1630 1121 1701 Τὴν
1165 1630 1264 1701 μὲν
1296 1629 1437 1683 κατά
1470 1635 1528 1684 σε
1565 1631 1680 1702 διή-

143 1739 301 1792 γησιν,
337 1721 410 1785 ὡς
440 1723 763 1796 ὲγέννησαι,
799 1723 858 1775 οὐ
900 1722 1028 1794 δύνῃ
1060 1722 1328 1789 ἐξειπεῖν,
1374 1722 1549 1776 καίτοι
1580 1723 1680 1792 τῆς

142 1815 344 1885 ἑκάστης
373 1814 587 1887 ἡμέρας
629 1815 769 1888 ὀρῶν
815 1816 912 1886 τὴν
955 1814 1096 1868 κατὰ
1154 1814 1439 1885 ἄνθρωπον
1469 1816 1676 1879 αἰτίαν,

141 1908 216 1961 καὶ
248 1908 336 1979 τὴν
367 1910 493 1979 περὶ
522 1908 715 1963 τοῦτον
742 1908 1050 1980 οἰκονομίαν
1078 1908 1321 1981 ἀκριϐῶς
1349 1908 1582 1974 ἐξειπεῖν
1614 1909 1674 1961 οὐ

139 1998 343 2053 δύνασαι.
376 2000 447 2053 Οὐ
481 2000 592 2073 γὰρ
622 2002 883 2073 πάρεστίν
917 2018 998 2053 σοι
1023 1999 1310 2069 γινώσκειν
1337 2001 1435 2072 τὴν
1457 1999 1550 2053 τοῦ
1583 2000 1677 2072 δη-

142 2089 533 2160 μιουργήσαντος
566 2090 827 2164 ἔμπειρον
872 2091 965 2144 καὶ
1005 2090 1394 2161 ἀνεκδιήγητον
1442 2090 1672 2159 τέχνην,

139 2181 230 2233 ἀλλ’
258 2180 286 2235 ἢ
324 2182 478 2252 μόνον
518 2181 733 2253 ὁρῶντα
775 2184 913 2234 νοεῖν
946 2181 1040 2235 καὶ
1083 2179 1357 2233 πιστεύειν
1388 2182 1470 2235 ὅτι
1516 2182 1674 2253 ἔργον

139 2271 247 2324 Θεοῦ
268 2268 559 2343 ἄνθρωπος.
587 2274 725 2340 Περὶ
750 2273 806 2325 δὲ
828 2272 996 2340 Λόγου
1025 2271 1238 2340 γένεσιν
1270 2272 1449 2343 ζητεῖς
1467 2313 1481 2335 ,
1509 2273 1675 2345 ὅνπερ

142 2364 382 2433 βουληθεὶς
410 2366 438 2417 ό
467 2365 604 2427 Θεὸς
631 2365 821 2436 Πατὴρ
846 2364 1132 2433 ἐγέννησεν
1169 2365 1245 2427 ὡς
1275 2363 1556 2436 ἠθέλησεν.
1598 2365 1672 2418 Οὐ

140 2455 225 2527 γὰρ
257 2456 517 2527 αὑτάρκες
567 2457 656 2508 σοί
699 2457 845 2509 ἐστιν
881 2455 1071 2527 μαθεῖν
1116 2457 1199 2510 ὅτι
1233 2458 1435 2528 κόσμον
1474 2459 1501 2510 6
1543 2456 1674 2521 Θεὸς

141 2549 383 2620 ἐποίησεν,
416 2550 551 2604 ἀλλὰ
584 2550 681 2604 καὶ
710 2551 872 2604 πόθεν
910 2551 1160 2622 ἐποίησεν
1180 2594 1194 2616 ,
1241 2551 1443 2623 τολμᾷς
1481 2549 1674 2623 ἐπιζη-

139 2642 255 2704 τεῖνς
286 2641 351 2692 Ἢ
389 2642 487 2694 οὐκ
530 2641 808 2710 αὑτάρκες
850 2641 931 2694 σοί
971 2643 1121 2694 ἐστιν
1158 2641 1381 2712 μαθεῖν,
1433 2642 1514 2694 ὅτι
1547 2640 1674 2704 Υἱὸς

140 2731 247 2785 θεοῦ
290 2750 362 2786 σοι
397 2733 717 2805 ἐφανερώθη
759 2736 838 2796 εἰς
870 2732 1140 2804 σωτηρίαν
1160 2774 1174 2797 ,
1221 2733 1314 2786 ἐὰν
1343 2733 1670 2807 πιστεύσῃς,

140 2819 250 2873 ἀλλὰ
272 2822 357 2875 καὶ
388 2822 503 2886 πῶς
536 2822 803 2894 ἐγεννήθη
833 2820 974 2876 κατὰ
1002 2821 1224 2893 Πνεῦμα
1244 2865 1259 2889 ,
1285 2823 1673 2895 πολυπραγμο-

140 2914 252 2976 vi“
287 2914 390 2966 Καὶ
430 2914 526 2984 τὴν
574 2915 674 2985 μὲν
710 2914 853 2968 κατὰ
897 2915 1074 2987 σάρκα
1121 2914 1371 2986 γέννησιν
1415 2915 1577 2969 αὐτοῦ
1610 2915 1672 2968 οὐ

140 3004 344 3068 πλείονες
382 3006 781 3076 ἐπιστεύθησαν
808 3007 1172 3078 διηγήσασθαι
1205 3006 1342 3079 πλὴν
1387 3007 1480 3061 δύο
1521 3007 1666 3078 (14)⁶

138 3098 212 3151 καὶ
240 3099 295 3150 σὺ
316 3099 514 3171 τολμᾷς
546 3097 826 3171 ἐπιζητεῖν
858 3100 955 3171 τὴν
979 3100 1120 3153 κατὰ
1145 3099 1369 3171 Πνεῦμα
1399 3101 1667 3171 διήγησιν,

1784 627 2032 688 poterat,
2079 619 2205 690 quia
2241 620 2293 674 in
2327 620 2504 678 Verbo
2539 623 2770 681 habebat
2810 629 2908 699 τὴν
2951 628 3206 685 σύστασιν
3230 673 3245 695 ,
3297 630 3352 684 id

1783 720 1887 775 est,
1921 711 1974 765 in
2007 710 2180 766 Verbo
2214 713 2559 769 subsistebat.
2594 716 2685 772 Sic
2728 734 2858 790 ergo
2884 735 3026 775 unus
3059 720 3098 774 F
3104 722 3230 777 ilius
3255 721 3352 778 Dei

1783 800 2054 869 perfectus
2069 841 2083 865 ,
2117 804 2493 860 manifestatus
2514 815 2616 861 est.

1856 894 1994 949 XVI.
2045 894 2222 964 Atque
2268 896 2381 951 haec
2423 899 2641 966 quidem
2691 908 2818 954 sunt
2862 902 2929 957 de
2979 904 3352 960 incarnatione

1786 986 1945 1041 Verbi
1991 987 2339 1041 testimonia:
2379 998 2614 1057 suntque
2643 998 2696 1044 et
2724 991 2829 1045 alia
2863 992 3115 1061 plurima.
3155 992 3351 1049 Videa-

1785 1096 1908 1134 mus
1939 1095 2082 1133 nune
2108 1080 2253 1149 quod
2289 1086 2625 1149 propositum
2675 1083 2835 1138 nobis
2865 1093 2949 1139 est
2980 1103 2993 1138 :
3028 1087 3173 1154 quod
3204 1103 3348 1152 vere,

1784 1173 1998 1239 fratres,
2033 1174 2206 1228 virtus
2230 1171 2427 1239 Patris,
2455 1174 2601 1244 quod
2626 1183 2711 1229 est
2739 1174 2978 1230 Verbum
3018 1176 3135 1243 Dei,
3159 1193 3188 1232 e
3212 1180 3351 1234 coelo

1782 1266 2092 1331 descendit,
2119 1275 2173 1320 et
2205 1282 2311 1320 nou
2341 1268 2453 1335 ipse
2488 1268 2664 1323 Pater.
2714 1268 2807 1324 Sic
2852 1272 2996 1325 enim
3030 1274 3107 1326 ait
3135 1291 3150 1327 :
3180 1292 3200 1324 ι
3234 1273 3347 1343 Ego

1782 1373 1848 1412 ex
1880 1357 2038 1411 Patre
2066 1357 2242 1424 exivi,
2278 1367 2332 1412 et
2357 1359 2517 1414 venio
2540 1361 2607 1414 ⁷⁵.
2641 1379 2661 1412 ι
2716 1361 2855 1427 Quid
2889 1371 2972 1418 est
2997 1374 3177 1439 autem
3205 1366 3350 1435 quod

1782 1462 1846 1500 ex
1872 1445 2027 1500 Patre
2048 1446 2234 1513 exivit,
2267 1448 2372 1502 nisi
2402 1449 2672 1503 Verbum?
2694 1448 2833 1515 Quid
2858 1459 2943 1505 est
2968 1452 3113 1521 quod
3135 1467 3201 1506 ex
3231 1453 3350 1522 ipso

1782 1540 2019 1608 genitum
2048 1548 2152 1605 est,
2180 1540 2286 1595 nisi
2317 1540 2575 1611 Spiritus,
2600 1543 2653 1597 id
2679 1551 2793 1607 est,
2827 1542 3104 1600 Verbum?
3134 1545 3237 1601 Sed
3267 1548 3352 1601 di-

1782 1643 1873 1682 ces
1926 1629 2057 1681 mihi
2089 1647 2103 1681 :
2132 1626 2418 1694 Quomodo
2466 1630 2705 1699 genitum
2747 1630 2873 1685 est?
2924 1630 3346 1700 Explicationem

1766 1718 2052 1790 'quomodo
2101 1729 2161 1776 tu
2209 1722 2424 1791 genitus
2472 1737 2562 1785 es,
2620 1737 2729 1777 non
2780 1730 2933 1791 potes
2996 1736 3345 1791 expromere,

1780 1815 2030 1885 quamvis
2066 1814 2310 1884 quotidie
2340 1814 2491 1869 vides
2522 1830 2744 1870 causam
2783 1814 3076 1869 humanam
3099 1857 3114 1881 ,
3143 1824 3198 1869 et
3224 1831 3346 1870 mo-

1777 1906 1905 1960 dum
1942 1905 2310 1974 generationis
2350 1920 2460 1958 non
2502 1912 2657 1973 potes
2696 1902 2932 1972 perfecte
2967 1902 3177 1958 efferre.
3228 1900 3345 1957 Non

1775 1998 1919 2052 enim
1966 1997 2092 2052 licet
2144 1997 2240 2051 tibi
2270 2011 2601 2067 cognoscere
2632 2005 2803 2050 artem
2835 1995 2953 2067 ejus
2983 1997 3076 2065 qui
3107 1996 3344 2058 crearit,

1777 2092 1831 2147 in
1863 2091 2196 2162 experientia
2225 2101 2280 2146 et
2316 2107 2418 2146 usu
2446 2091 2702 2162 positam,
2735 2100 2787 2145 et
2818 2106 2923 2144 non
2952 2090 3342 2153 enarrabilem;

1776 2184 1869 2239 sed
1895 2184 2072 2238 solum
2097 2182 2331 2237 videndo
2361 2182 2657 2253 intelligere
2680 2192 2734 2237 et
2765 2183 3008 2245 credere,
3033 2183 3177 2252 quod
3205 2197 3346 2251 opus

1777 2273 1868 2328 Dei
1903 2282 1988 2328 est
2013 2273 2195 2328 homo.
2230 2271 2304 2327 De
2342 2271 2502 2326 Verbi
2533 2281 2712 2326 autem
2744 2273 3109 2343 generationis
3136 2272 3346 2327 ratione

1774 2366 1973 2435 quaeris
1993 2409 2008 2432 ,
2038 2381 2144 2435 qua
2176 2366 2319 2419 Deus
2348 2363 2508 2419 Pater
2531 2380 2790 2434 generare
2828 2366 3033 2430 voluit;
3067 2365 3345 2433 generavit

1774 2459 1915 2512 sicut
1954 2458 2147 2511 voluit.
2196 2455 2313 2510 Non
2357 2457 2490 2511 satis
2540 2465 2626 2511 est
2668 2457 2767 2511 tibi
2815 2457 2956 2513 scire
3003 2456 3147 2526 quod
3201 2456 3345 2512 Deus

1773 2549 2036 2604 mundum
2063 2549 2337 2615 condidit,
2386 2549 2489 2605 nisi
2532 2550 2734 2605 audeas
2769 2550 3043 2616 inquirere
3069 2550 3344 2619 quomodo

1774 2642 2047 2697 condidit?
2084 2640 2202 2697 Non
2249 2642 2446 2697 sufficit
2474 2643 2570 2696 tibi
2599 2657 2956 2714 cognoscere,
2990 2644 3134 2712 quod
3172 2642 3344 2697 Filius

1774 2733 1868 2789 Dei
1911 2734 2009 2789 tibi
2052 2735 2303 2805 apparuit
2338 2734 2403 2789 ad
2446 2736 2713 2799 salutem,
2762 2734 2809 2788 si
2841 2743 3021 2787 tamen
3054 2733 3105 2787 id
3131 2733 3341 2800 credis;

1773 2823 1867 2881 sed
1912 2826 2135 2895 insuper
2176 2826 2451 2896 quomodo
2480 2826 2693 2896 genitus
2718 2833 2798 2879 est
2829 2824 3125 2878 secundum
3166 2820 3342 2891 Spiri-

1774 2918 2135 2984 tum,curiose
2160 2918 2414 2989 indagas?
2427 2917 2587 2987 Atqui
2608 2916 3003 2987 generationem
3025 2915 3144 2983 eius
3156 2927 3350 2967 secun-

1772 3012 1899 3065 dum
1938 3025 2157 3065 carnem
2195 3024 2472 3075 enarrare,
2516 3024 2622 3064 non
2662 3008 2908 3079 pluribus
2936 3023 3097 3077 quam
3127 3006 3342 3060 duobus

1772 3103 2140 3157 concreditum
2172 3112 2288 3168 est;
2325 3112 2378 3157 et
2420 3111 2477 3156 tu
2509 3101 2676 3156 audes
2713 3101 3112 3170 generationem
3146 3112 3343 3153 secun-

136 3189 189 3256 ἧν
214 3191 327 3259 παρ’
355 3191 527 3262 ἐαυτῷ
567 3190 823 3262 φυλάττει
859 3191 1045 3263 Πατὴρ
1068 3231 1082 3255 ,
1114 3191 1516 3246 ἀποκαλύπτειν
1553 3193 1672 3263 μέλ-

1777 3182 1918 3249 όιιιιι
1947 3193 2210 3264 Spiritum
2246 3195 2511 3260 scrutari,
2557 3209 2720 3264 quam
2753 3192 2895 3263 apud
2931 3208 2989 3246 se
3034 3189 3195 3245 Pater
3226 3204 3343 3245 ser-

135 3279 220 3334 λων
255 3283 364 3336 :61;
405 3288 517 3349 τοῖς
561 3285 740 3353 ἁγίοις
786 3286 879 3338 καὶ
922 3284 1093 3351 ἀξίοις
1121 3284 1249 3339 ἰδεῖν
1284 3285 1345 3339 τὸ
1381 3286 1669 3358 πρόσωπον

136 3371 297 3437 circa;
343 3374 628 3446 Λῦτάρκες
686 3391 767 3428 σοι
818 3375 933 3447 ἤτω
985 3375 1045 3428 τὸ
1092 3376 1377 3448 εἰρημένον
1426 3377 1528 3430 ὑπὸ
1577 3378 1668 3432 τοῦ

135 3462 357 3534 Χριστοῦ·
391 3467 475 3519 ὅτι
524 3487 543 3518 ι
573 3467 639 3520 τὸ
666 3467 1060 3539 γεγεννημένον
1098 3469 1162 3521 ἐκ
1191 3467 1285 3521 τοῦ
1318 3468 1667 3538 Πνεύματος,

137 3554 317 3625 πνεῦμά
338 3558 515 3612 ἐστιν·
549 3578 569 3610 ι
619 3557 799 3622 καθὼς
835 3557 921 3612 διὰ
968 3557 1063 3612 τοῦ
1109 3560 1391 3630 Προοήτου
1433 3561 1531 3631 τὴν
1572 3562 1667 3616 τοῦ

135 3645 276 3714 Λόγου
302 3648 547 3721 γέννησιν
584 3651 868 3720 σημαίνων
895 3650 974 3703 ὅτι
1004 3651 1354 3722 γεγέννηται,
1386 3654 1446 3705 τὸ
1469 3654 1524 3707 δὲ
1550 3655 1669 3719 πῶς

135 3738 354 3804 φυλάσσει
401 3741 579 3815 καιρῷ
613 3742 901 3814 ὡρισμένῳ
931 3744 1059 3816 παρ’
1109 3744 1256 3816 αὐτῷ
1298 3746 1502 3816 μέλλων
1534 3747 1668 3800 ἀπο-

135 3827 405 3887 καλύπτειν.
476 3834 645 3903 Λέγει
692 3833 748 3887 δὲ
802 3833 1007 3899 οὕτως’
1068 3856 1086 3887 ‹
1131 3837 1223 3889 Ἐκ
1277 3837 1509 3910 γαστρὸς
1561 3839 1665 3911 πρὸ

136 3924 367 3998 ἑωσφόρου
394 3927 727 3999 ὲξεγέννησά
762 3946 842 3981 σε.
871 3947 891 3981 ι

190 4018 464 4093 Λύτάρκεις
500 4014 663 4074 αὗται
701 4021 758 4075 αί
809 4020 1112 4093 μαρτυρίαι
1153 4022 1362 4085 πιστοῖς
1407 4021 1661 4093 ἀλήθειαν

133 4107 379 4165 ἀσκοῦσινο
408 4114 456 4166 οἱ
480 4113 537 4168 δὲ
562 4114 778 4168 ἄπιστοι
813 4112 989 4166 οὐδενὶ
1028 4111 1391 4168 πιστεύουσιν.
1416 4114 1525 4167 Καὶ
1555 4114 1662 4186 γὰρ

134 4200 180 4253 τδ
198 4202 395 4276 Πνεῦμα
417 4207 477 4260 τὸ
504 4207 661 4275 ἆγιον
687 4208 751 4260 ὲκ
781 4192 1071 4277 προσώπου
1102 4204 1210 4258 τῶν
1233 4206 1544 4260 ἀποστόλων
1564 4207 1664 4260 διε-

138 4296 436 4368 μαρτύρατο,
477 4298 687 4368 λέγων’
729 4316 748 4348 ι
782 4297 890 4351 Καὶ
937 4297 1021 4361 τίς
1061 4296 1375 4351 ἐπίστευσεν
1414 4300 1478 4369 τῇ
1524 4297 1658 4368 ἀκοῇ

134 4385 286 4455 tum;
316 4408 333 4439 ι
370 4391 530 4444 Ὥστε
579 4389 653 4462 μὴ
699 4388 985 4461 γενώμεθα
1019 4390 1267 4455 ἄπιστοι,
1316 4390 1523 4460 μήποτε
1573 4390 1659 4458 ἐφ’

135 4476 239 4544 ἡμῖν
262 4480 469 4554 τελεσθῇ
494 4482 555 4535 τὸ
584 4482 889 4553 εἰρημένον.
928 4480 1315 4553 Πιστεύσωμεν
1340 4476 1450 4547 οῦν,
1483 4482 1658 4549 μακά-

1772 3296 1901 3351 vat,
1953 3287 2295 3342 revelaturus
2329 3298 2459 3341 tunc
2500 3286 2736 3350 sanctis,
2769 3285 2860 3354 qui
2895 3293 2953 3337 ut
3000 3282 3189 3337 faciem
3221 3284 3343 3350 ejus

1770 3378 1990 3433 videant
2013 3378 2161 3449 digni
2194 3379 2391 3433 erunt?
2423 3377 2569 3432 Satis
2602 3376 2740 3430 habe
2771 3375 2916 3445 quod
2947 3390 2976 3427 a
3002 3374 3222 3427 Christo
3250 3373 3340 3427 di-

1770 3477 1919 3523 ctum
1961 3477 2089 3524 est:
2129 3487 2148 3520 ‹
2178 3467 2329 3534 Quod
2381 3477 2569 3521 natum
2615 3475 2699 3521 est
2743 3482 2807 3519 ex
2841 3465 3081 3534 Spiritu,
3116 3465 3341 3533 spiritus

1770 3569 1856 3616 est
1876 3562 1953 3628 ";
1987 3580 2005 3613 ι
2032 3561 2176 3617 sicut
2207 3576 2303 3631 per
2331 3559 2656 3630 Prophetam
2686 3558 2956 3628 significat
2980 3556 3141 3610 Verbi
3177 3572 3342 3626 gene-

1768 3654 2055 3718 rationem,
2091 3655 2235 3724 quod
2266 3655 2480 3724 genitus
2509 3662 2625 3718 est;
2653 3650 2926 3722 quomodo
2960 3665 3087 3703 vero
3109 3689 3124 3712 ,
3161 3664 3339 3704 reser-

1766 3755 1856 3799 vat
1888 3746 2028 3816 apud
2059 3762 2117 3806 se
2143 3747 2196 3800 in
2237 3755 2451 3816 tempus
2485 3753 2691 3800 eertum
2731 3758 2795 3797 ac
2824 3741 3147 3811 praeﬁnitum
3169 3781 3185 3806 ,
3209 3755 3335 3796 cum

1766 3838 1898 3892 illud
1931 3838 2263 3891 revelaturus
2287 3846 2392 3891 est.
2419 3835 2511 3891 Sic
2537 3835 2681 3891 enim
2715 3834 2830 3888 ait:
2863 3852 2882 3884 ι
2915 3832 2993 3887 Ex
3028 3842 3180 3887 utero
3213 3840 3340 3887 ante

1765 3929 2053 3985 luciferum
2081 3928 2241 3999 genui
2266 3938 2317 3984 te
2330 3930 2395 3983 ⁷⁷.
2430 3947 2448 3980 ι

1835 4019 1997 4074 XVII.
2040 4020 2329 4074 Sufﬁciunt
2362 4021 2476 4074 hate
2503 4016 2812 4073 testimonia
2851 4015 3102 4071 ﬁdelibus
3137 4014 3340 4068 verita-

1766 4113 1833 4168 tis
1860 4113 2158 4169 studiosis:
2192 4112 2434 4167 infideles
2473 4112 2616 4165 enim
2668 4110 2800 4165 nulli
2829 4108 3078 4164 credunt.
3126 4105 3335 4159 Etenim

1765 4203 1998 4275 Spiritus
2053 4213 2276 4260 sanctus
2337 4206 2391 4259 in
2448 4219 2682 4274 persona
2740 4203 3112 4273 apostolorum
3168 4208 3343 4257 testa-

1764 4308 1852 4354 tus
1898 4307 1999 4361 est,
2031 4297 2258 4352 dicens:
2303 4315 2322 4348 ι
2365 4296 2625 4363 Domine,
2669 4297 2793 4366 quis
2845 4294 3075 4350 credidit
3125 4286 3336 4348 auditni

1761 4395 1949 4442 nostro
1963 4390 2011 4421 ⁷⁸
2025 4388 2444 4455 ῗιρυειιιοὶιιιοιη
2468 4403 2533 4441 ne
2549 4388 2722 4442 simus
2745 4386 3011 4450 infideles,
3029 4400 3096 4438 ne
3117 4384 3343 4453 quando

1762 4479 1816 4532 in
1853 4479 2040 4541 nobis,
2088 4481 2232 4549 quod
2268 4480 2473 4534 dictum
2506 4488 2618 4542 est,
2666 4477 2981 4547 impleatur.
3035 4476 3337 4532 Credamus

140 4580 218 4633 ριοι
240 4549 621 4641 ἀδελφοὶξκατά
757 4571 1052 4645 παράδοσιν
1065 4570 1175 4626 τῶν
1195 4549 1504 4626 ἀποστόλων
1526 4571 1657 4644 (15),

1777 4572 1951 4641 igitur,
2001 4571 2180 4627 dilecti
2211 4571 2435 4637 fratres,
2469 4569 2768 4624 secundum
2817 4568 3156 4623 traditionem
3201 4582 3336 4636 apo-

135 4653 200 4707 ὗτι
225 4658 340 4725 Θεὸς
373 4663 539 4732 Λόγος
573 4663 667 4716 ἀπ’
696 4661 936 4735 οὐρανῶν
968 4662 1237 4733 κατῆλθεν
1268 4664 1348 4725 είς
1374 4661 1471 4734 την
1500 4662 1659 4732 ἁγίαν

1777 4666 2032 4720 stolorum
2052 4705 2068 4725 .
2102 4666 2245 4735 quod
2278 4664 2418 4718 Deus
2453 4662 2689 4719 Verbum
2728 4679 2760 4718 e
2783 4663 2938 4718 caelis
2971 4660 3250 4716 descendit
3282 4661 3334 4713 in

136 4744 365 4820 Παρθένον
395 4756 634 4829 Μαρίαν,
666 4756 751 4809 ἴνα
781 4754 1086 4828 σαρκωθεὶς
1126 4753 1183 4821 ἐξ
1227 4754 1397 4825 αὐτῆς
1416 4795 1429 4817 ,
1481 4754 1660 4807 λαϐὼν

1777 4768 2009 4812 sanctam
2050 4755 2323 4826 Virginem
2377 4754 2643 4829 Mariam,
2694 4766 2753 4808 ut
2803 4770 2869 4807 ex
2909 4769 2971 4807 ea
3022 4753 3338 4806 incarnatus

134 4834 180 4889 δὲ
202 4843 281 4895 καὶ
300 4844 467 4918 ψυχὴν
500 4848 598 4919 τὴν
622 4846 988 4920 ἀνθρωπίνην,
1022 4845 1242 4918 λογικὴν
1270 4846 1325 4899 δὲ
1359 4846 1532 4921 λέγω,
1566 4863 1660 4915 γε-

1777 4859 1980 4918 sumpta
2021 4848 2201 4901 anima
2235 4828 2494 4911 humana,
2525 4845 2757 4901 rationis
2800 4846 3023 4914 inquam
3052 4842 3335 4912 participe.

138 4932 280 4999 γονὼς
319 4939 486 4993 πάντα
508 4941 610 4995 ὅσα
638 4940 788 4993 ἐστὶν
827 4940 1145 5012 ἄνθρωπος,
1181 4922 1338 5005 sint»;
1365 4940 1672 5012 ἁμαρτίας,

1777 4940 1940 4994 'actus
1972 4939 2155 4994 omnia
2201 4954 2544 5009 quaecunque
2579 4939 2747 4993 homo
2792 4946 2906 5002 est,
2951 4945 3177 5007 excepto
3208 4950 3336 5004 pec-

189 5050 227 5084 ⁷³
252 5051 395 5112 Joan.
424 5075 534 5120 xw.
565 5057 656 5113 28.
732 5058 781 5090 ⁷⁸
808 5057 968 5113 Joan.
996 5074 1086 5121 ιιι,
1118 5059 1172 5113 6.
1250 5059 1295 5092 ⁷⁷
1317 5057 1462 5113 Psal.
1502 5074 1613 5125 οικ,
1643 5059 1672 5112 3

1777 5059 1818 5090 ’⁸
1848 5058 1952 5112 lsa.
1983 5071 2099 5121 LIII,
2124 5056 2175 5111 1.

136 5155 253 5223 ηεῗηιβ
272 5152 491 5223 perfecta
518 5163 698 5209 autem
727 5162 811 5208 est
826 5154 1071 5208 etanima
1105 5154 1645 5223 hominis.qnautum
1753 5146 2072 5223 t6~i...,qu;e
2087 5151 2302 5223 quidem
2325 5151 2482 5207 lectio
2497 5168 2561 5206 ex
2579 5148 3334 5223 sequentibusconﬂrmatur;

138 5215 188 5295 {3|
213 5219 550 5295 definitionem
594 5225 850 5295 essentia:
897 5240 1009 5277 suae
1048 5242 1061 5277 :
1106 5224 1197 5278 sed
1239 5215 1418 5278 tamen
1475 5240 1650 5293 neque

1777 5241 1878 5277 nox
1904 5215 2046 5277 enim
2068 5215 2260 5295 legitur
2282 5242 2294 5276 :
2314 5223 2365 5275 τί
2382 5223 2444 5295 ᾐδὲ
2466 5223 2594 5277 τὸ...
2615 5215 2893 5295 γεννηθὲν.
2916 5224 3070 5276 Eutr.
3094 5220 3331 5295 ΡιιτιιοιιΓ

143 5280 336 5369 Verbum
372 5302 453 5347 est
485 5294 755 5369 perfectus
788 5295 1040 5369 ClLl'iSlllS
1061 5309 1177 5369 _nou
1206 5296 1362 5369 unita
1398 5280 1653 5369 huma'ni-
1827 5294 1938 5369 (l3)
1990 5280 2147 5349 Ἅλ.ί”
2247 5293 2519 5369 Πνεῦμα,Δ
2552 5280 2740 5369 l-iivina
2767 5280 2979 5369 'Christi
3012 5303 3227 5369 natura,
3252 5289 3331 5369 uti

137 5362 251 5434 tate,
292 5361 531 5429 quamvis
554 5364 826 5434 perfectus
854 5363 995 5419 Deus
1027 5365 1135 5429 sit;
1172 5366 1315 5418 sicut
1342 5378 1441 5418 nec
1468 5367 1649 5434 anima
1755 5361 1874 5427 est,
1920 5361 1999 5418 ita
2041 5365 2241 5434 passim
2276 5364 2439 5417 etiam
2471 5366 2673 5419 dicitur
2718 5384 2735 5415 ι
2765 5364 3000 5432 Spiritus
3031 5381 3049 5411 ι
3088 5361 3332 5434 antiquis

138 5427 368 5506 perfectus
417 5427 575 5487 homo
617 5444 701 5489 est
744 5435 862 5506 sine
903 5427 1170 5506 corpore.
1211 5435 1311 5489 etsi
1359 5433 1652 5506 perfectam
1756 5427 2339 5506 Ecclesizndoctoribus
2363 5433 2538 5506 6:316
2558 5427 2986 5506 ἀσχημάτιστον,
3012 5442 3065 5485 ιιι
3087 5429 3333 5506 loquitur

138 5495 455 5575 substantiam
487 5506 667 5575 habet.
702 5495 1026 5575 {Hactenus
1060 5504 1336 5559 Leontius.
1359 5495 1646 5575 Fu.Tuau.
1754 5504 1982 5560 Proclus
2025 5505 2366 5575 (Spolitanus.
2421 5503 2556 5561 Vide
2605 5495 2885 5575 H'u'gonem
2946 5503 3195 5558 Grotiqu
3262 5499 3333 5553 ad

181 5566 511 5650 βξὴρῦτως
541 5571 653 5631 οὖν
683 5571 775 5650 εἷς
825 5575 955 5650 Υἱὸς
991 5575 1218 5650 τέλειος
1257 5574 1648 5650 Θεοῆ-ὲξξανε-

1777 5566 2113 5650 darer",
2148 5575 2409 5650 Fannio.“
2499 5645 2511 5650 Δ
2775 5630 2819 5650 ἠ,

301 5639 391 5697 Hie
419 5637 567 5701 locus
586 5662 696 5715 quo
725 5637 1018 5714 plurimum
1049 5662 1107 5701 se
1128 5637 1357 5717 ellerunt
1392 5637 1646 5712 Un'itarii,

1777 5715 1793 5717 _
1824 5645 1936 5717 (14)
1975 5644 2312 5717 ΑΠᾸὴνρύο.
2364 5645 2616 5701 Μιιιιιιαιο
2653 5637 2911 5699 nimirum
2938 5684 2953 5708 ,
2981 5650 3034 5694 et
3073 5640 3234 5694 Lucas
3270 5639 3333 5696 in

141 5710 545 5788 ?§lruit_u_r_atque
578 5710 881 5788 illustratur
922 5717 1174 5786 superius
1214 5717 1269 5771 in
1296 5710 1644 5788 Prolegome-l
1754 5710 2009 5788 Evangel.
2039 5710 2134 5788 Fit.
2163 5715 2493 5788 Tunnusos.

144 5778 432 5859 his'tlubhde
459 5778 558 5841 hoc
590 5786 858 5859 Hippolyti
886 5778 1149 5859 opusculo
1175 5802 1356 5859 sermo
1390 5778 1638 5859 recurrit.

1822 5778 1936 5859 (153
1960 5787 2120 5841 Κατὰ
2148 5785 2628 5859 τὴνίπαράδοσιν
2656 5782 2773 5859 τῶνς
2794 5781 3172 5859 ἀποστόλων.
3190 5778 3330 5849 Vide

200 5847 315 5919 (η’)
336 5850 389 5907 Si
419 5847 871 5931 interpreti-lid'es,
913 5847 1229 5933 legendum:
1258 5857 1311 5911 τί
1331 5857 1388 5913 δὲ
1414 5857 1477 5911 τὸ
1504 5857 1644 5925 ἔξελ-

1777 5874 1807 5915 ιι
1828 5847 1993 5919 ἰιιιήο
2015 5847 2478 5917 ιοοιιιιιάόηοὶοιιι
2512 5870 2678 5935 supra
2704 5854 2773 5911 ad
2797 5868 2917 5931 cap.
2950 5853 3005 5915 9.
