3882 6332
550 305 659 368 8ἳῖ

1232 311 1291 367 S.
1333 313 1701 370 IIIPPOLYTI
1736 316 1881 371 OPP.
1925 316 2105 372 PARS
2140 315 2203 370 II.
2238 347 2312 359 —
2347 315 2654 374 DOGIIAT.
2695 316 2783 372 ET
2824 313 3162 370 IIISTORIC.
3627 322 3704 377 8‘28

553 438 699 497 cato,
730 430 963 487 salvaret
992 429 1162 486 Adam
1195 433 1290 503 qui
1322 434 1629 503 ceciderat,
1660 444 1715 490 et
1746 436 2115 493 immortalita-

2233 436 2382 511 σώθῃ
2405 437 2497 491 τὸν
2527 434 2870 500 πεπτωκότα,
2902 436 2996 488 καὶ
3021 433 3315 503 ἀφθαρσίαν
3340 433 3601 506 ἀνθρώπεις
3629 456 3711 493 παι.

554 530 666 577 tem
699 522 1013 578 hominibus
1057 522 1444 595 largireturiis
1475 527 1569 597 qui
1601 528 1881 584 crederent
1925 529 1979 583 in
2024 546 2125 585 no-

554 613 703 667 mine
750 629 873 667 suo.
942 611 1000 667 In
1044 614 1305 670 omnibus
1351 615 1516 688 igitur
1556 617 1985 674 demonstratum
2043 631 2129 677 est

553 704 715 759 nobis
747 704 973 759 verbum
1001 705 1266 771 veritatis,
1291 708 1436 777 quod
1468 725 1614 764 unus
1643 719 1729 766 est
1758 710 1936 777 Pater,
1968 713 2127 781 cujus

553 796 706 850 adest
736 794 976 851 Verbum
1017 812 1115 866 per
1152 798 1296 869 quod
1328 801 1511 856 omnia
1558 800 1718 868 fecit;
1766 803 1911 874 quod
1947 815 2128 874 poste-

553 886 793 942 rioribus
818 887 1175 957 temporibus,
1226 890 1370 945 sicut
1398 893 1649 957 superius
1680 893 1950 962 diximus,
1979 896 2128 950 misit

552 975 713 1032 Pater
742 977 810 1032 ad
845 979 1076 1033 salutem
1113 981 1418 1036 hominum.
1465 980 1582 1038 Hoc
1603 999 1698 1054 per
1721 985 1894 1054 legem
1922 997 1976 1041 et
2002 1003 2127 1057 pro—

549 1068 745 1136 phetas
788 1070 1142 1139 praedicatum
1173 1082 1257 1129 est
1280 1083 1570 1130 venturum
1601 1091 1722 1133 esse
1746 1078 1801 1132 in
1837 1080 2122 1136 mundum.

550 1160 706 1217 Sicut
749 1177 877 1233 ergo
902 1163 1252 1233 praedicatum
1295 1175 1405 1233 est,
1447 1167 1529 1223 sic
1565 1183 1807 1238 praesens
1858 1185 1917 1225 se
1947 1172 2123 1241 ipsum

550 1254 902 1310 manifestum
932 1255 1060 1311 fecit
1082 1272 1149 1312 ex
1174 1257 1396 1329 Virgine
1426 1268 1481 1315 et
1508 1260 1710 1331 Spiritu
1737 1271 1928 1318 sancto
1952 1281 2127 1321 novus

547 1345 715 1401 homo
762 1344 975 1401 factus:
1010 1348 1216 1406 habens
1249 1351 1468 1407 caeleste
1497 1355 1643 1423 quod
1672 1352 1962 1410 Paternum
1987 1367 2124 1422 erat,

548 1446 808 1507 tanquam
831 1436 1067 1494 Verbum
1090 1458 1105 1507 ;
1132 1449 1405 1498 terrenum
1426 1460 1555 1499 vero
1577 1454 1835 1516 tanquam
1859 1464 1927 1503 ex
1947 1458 2127 1505 vetere

547 1529 720 1583 Adam
743 1569 759 1595 ,
797 1544 894 1599 per
931 1529 1208 1603 Virginem
1245 1535 1578 1593 incarnatus.
1634 1537 1727 1593 Sic
1774 1540 1828 1594 in
1861 1541 2125 1596 mundum

547 1633 825 1686 egressus,
865 1621 1010 1679 Deus
1037 1636 1359 1695 corporatus
1390 1628 1673 1697 apparuit,
1719 1645 1973 1701 egressus
2003 1649 2125 1703 per-

548 1709 724 1766 fectus
750 1712 937 1769 homo.
974 1714 1093 1770 Non
1123 1717 1268 1772 enim
1302 1734 1398 1787 per
1429 1719 1702 1776 ﬁctionem
1735 1731 1831 1777 aut
1865 1725 2122 1781 mutatio-

548 1818 674 1857 nem
695 1843 712 1869 ,
741 1806 835 1860 sed
867 1822 995 1862 vere
1025 1806 1201 1864 factus
1234 1819 1320 1865 est
1349 1810 1538 1867 homo.

619 1893 805 1952 XVIII.
849 1897 941 1953 Sic
986 1899 1151 1970 igitur
1196 1900 1435 1956 humana
1471 1919 1569 1958 sua
1623 1922 1732 1962 non
1765 1915 1982 1962 recusat
2025 1909 2119 1978 qui

545 1986 1027 2046 demonstrabatur
1072 2007 1195 2048 esse
1234 1993 1399 2060 Deus,
1433 2012 1558 2051 cum
1589 2000 1763 2054 esurit
1791 2007 1847 2055 et
1888 2001 2117 2068 laborat,

544 2088 601 2134 et
633 2080 962 2154 defatigatus
992 2083 1136 2151 sitit;
1171 2100 1295 2141 cum
1330 2086 1635 2145 formidans
1663 2090 1836 2162 fugit,
1866 2100 1921 2147 et
1954 2107 2119 2150 orans

543 2173 798 2228 tristatur
820 2215 837 2241 ,
879 2184 935 2230 et
976 2190 1142 2246 super
1170 2177 1450 2247 pulvinum
1480 2180 1711 2245 dormit,
1745 2184 1840 2254 qui
1866 2192 2117 2239 naturam

546 2263 712 2320 habet
749 2265 1055 2323 insomnem
1090 2277 1149 2324 ut
1187 2268 1331 2326 Deus
1357 2290 1370 2326 :
1397 2286 1520 2327 cum
1571 2274 1796 2330 calicem
1853 2277 2119 2346 passionis

542 2353 780 2425 refugit,
808 2356 902 2426 qui
945 2366 1165 2428 propter
1211 2359 1315 2416 hoc
1360 2360 1415 2415 in
1468 2364 1731 2419 mundum
1772 2364 2113 2421 advenerat:

541 2458 669 2499 cum
715 2445 769 2500 in
801 2438 1072 2504 anxietate
1101 2451 1265 2507 sudat
1288 2461 1342 2507 ct
1366 2452 1436 2507 ab
1461 2455 1653 2525 angelo
1681 2455 1990 2524 roboratur,
2023 2457 2117 2527 qui

542 2551 641 2591 cos
670 2537 765 2607 qui
791 2538 845 2592 in
872 2554 931 2595 se
955 2541 1187 2597 credunt
1215 2544 1459 2611 roborat,
1481 2554 1537 2600 et
1568 2560 1731 2615 opere
1757 2547 1945 2603 docuit
1970 2564 2118 2603 mor-

539 2635 653 2682 tem
689 2638 1069 2701 contemnere;
1112 2648 1239 2690 cum
1266 2651 1297 2690 a
1321 2634 1459 2692 .Iuda
1488 2638 1756 2706 proditur,
1790 2638 1884 2710 qui
1909 2654 2113 2710 cogno-

540 2719 729 2776 scrbat
760 2720 954 2777 Judam
986 2724 1111 2794 quis
1141 2734 1323 2795 esset;
1369 2736 1425 2783 et
1450 2744 1481 2782 a
1505 2728 1711 2800 Caipba
1734 2730 2113 2799 inbonoratur,

441 2818 448 2823 ‘
540 2810 635 2879 qui
668 2821 786 2866 erat
808 2814 878 2868 ab
907 2829 972 2869 eo
1001 2817 1310 2873 sacerdotio
1340 2817 1597 2891 fungente
1642 2823 1807 2892 paulo
1832 2832 1959 2879 ante
1996 2834 2116 2878 tan-

541 2918 709 2972 quam
746 2903 888 2960 Deus
942 2906 1274 2978 honoratus;
1313 2927 1438 2966 cum
1471 2912 1541 2967 ab
1574 2911 1786 2970 Herode
1818 2915 2112 2985 spernitur.

539 2999 638 3068 qui
684 3007 853 3055 totam
887 3009 1088 3055 terram
1125 3002 1473 3070 iudicaturus
1505 3014 1621 3074 est;
1652 3016 1706 3061 et
1740 3008 2053 3065 verberatur
2083 3029 2113 3064 a

542 3275 726 3331 decies
749 3287 973 3334 centena
1003 3279 1167 3335 millia
1202 3282 1517 3352 angelorum
1548 3292 1603 3339 et
1628 3287 2109 3357 arcltangelorum;

539 3376 596 3421 et
625 3383 654 3421 a
686 3365 888 3424 Iudaeis
930 3371 985 3424 in
1013 3371 1160 3442 ligno
1185 3371 1388 3444 ﬁgitur,
1420 3376 1512 3445 qui
1542 3385 1800 3446 tanquam
1840 3394 2111 3434 cameram

541 3459 741 3514 caelum
778 3460 923 3529 fixit;
972 3471 1027 3518 et
1058 3463 1302 3519 clamans
1329 3465 1398 3519 ad
1431 3464 1646 3520 Patrem
1680 3467 1929 3537 spiritum
1962 3485 2112 3524 com-

542 3552 797 3617 mendat,
843 3554 936 3624 qui
967 3563 1052 3609 est
1084 3571 1114 3609 a
1147 3554 1307 3612 Patre
1338 3559 1748 3628 inseparabilis;
1778 3570 1833 3615 et
1854 3563 2113 3619 inclinato

537 3644 719 3713 capite
746 3644 1019 3715 exspirat,
1051 3646 1146 3718 qui
1190 3646 1325 3703 dixit
1352 3667 1365 3704 :
1399 3649 1775 3717 «,Potcstatem
1808 3652 1983 3709 habeo
2010 3670 2111 3724 po-

540 3736 706 3791 neudi
748 3736 988 3793 animam
1037 3755 1247 3809 meam,
1279 3749 1335 3797 et
1365 3751 1685 3813 potestatem
1713 3745 1888 3803 habeo
1914 3746 2110 3802 iterum

539 3827 792 3882 sumendi
817 3844 937 3884 eam
963 3831 1029 3887 ".
1062 3850 1081 3883 ι
1119 3829 1274 3900 Quod
1304 3843 1487 3890 autem
1515 3852 1622 3891 non
1650 3836 2039 3893 dominabatur
2062 3839 2110 3893 ei

539 3933 693 3973 mors
723 3919 818 3990 qui
864 3920 973 3977 vita
1004 3931 1157 3990 erat,
1216 3925 1489 3995 significat
1518 3942 1642 3982 cum
1669 3928 1807 3985 dixit
1835 3945 1848 3983 :
1885 3949 1905 3982 ι
1935 3929 2048 4001 Ego
2080 3946 2113 3986 a

539 4027 628 4068 me
665 4014 785 4083 ipso
819 4029 963 4085 pono
988 4016 1189 4071 eam“.
1222 4035 1241 4069 ι
1281 4016 1347 4072 Ει
1373 4018 1516 4074 latus
1548 4020 1734 4079 lancea
1768 4022 2008 4093 aperitur
2038 4023 2110 4089 ei,

534 4106 634 4176 qui
659 4108 825 4161 vitam
857 4109 1112 4164 omnibus
1144 4110 1407 4181 largitur;
1438 4123 1493 4167 et
1522 4113 1690 4169 linteo
1723 4114 2018 4180 involutus,
2055 4118 2112 4173 in

539 4207 897 4253 monumento
928 4201 1168 4269 ponitur,
1187 4203 1280 4273 qui
1315 4213 1562 4260 mortuos
1588 4206 1849 4276 suscitat;
1878 4218 1933 4264 et
1954 4210 2111 4267 tertia

535 4290 627 4344 die
672 4307 699 4345 a
736 4290 896 4347 Patre
927 4294 1231 4363 excitatur,
1265 4297 1361 4366 qui
1407 4306 1491 4352 est
1535 4298 1654 4368 ipse
1698 4304 2026 4360 resurrectio
2058 4314 2114 4360 et

539 4385 670 4440 vita.
722 4384 849 4442 Ηωο
887 4390 1033 4443 enim
1097 4389 1283 4444 omnia
1335 4390 1496 4446 nobis
1547 4402 1801 4463 operatus
1854 4403 1965 4462 est,
2019 4396 2111 4466 qui

2233 529 2405 599 ράσχη
2433 532 2547 592 τοῖς
2579 526 2925 581 πιστεύουσιν
2954 527 3032 589 εἰς
3057 524 3118 577 τὸ
3150 524 3312 593 όνομα
3338 526 3500 580 αἰτοῦ.
3529 528 3602 581 Ἐν
3635 535 3712 584 πᾶ·
3758 564 3763 585 ι

2228 638 2312 673 σιν
2339 616 2432 674 οὖν
2456 619 2828 674 ἀποδέδεικται
2853 619 2982 689 ἡμῖν
3009 618 3105 689 τῆς
3132 616 3375 687 ἀληθείας
3393 616 3547 685 λόγος,
3568 620 3633 675 ὅτι
3653 617 3713 686 εξ

2226 713 2372 766 ἐστιν
2400 713 2429 764 6
2458 712 2649 782 Πατὴρ
2668 752 2684 776 ,
2718 706 2779 765 o6
2804 710 3035 782 πάρεστι
3068 708 3264 777 Λόγος,
3303 707 3364 760 δι’
3403 703 3457 763 οὗ
3496 708 3555 762 τὰ
3580 709 3717 764 πάντα

2225 802 2479 873 ἐποίησεν
2499 817 2513 831 ο
2545 799 2605 853 ὂν
2637 799 2885 870 ὑστέροις
2918 798 3130 868 καιροῖς
3148 837 3163 861 ,
3191 795 3362 859 καθὼς
3391 797 3592 867 εἴπαμεν
3612 801 3710 853 ἀνω-

2225 894 2388 964 τέρω,
2408 890 2724 945 ἀπέστειλεν
2749 892 2777 943 6
2804 890 2993 961 Πατὴρ
3016 887 3152 961 πρὸς
3176 888 3434 959 σωτηρίαν
3458 888 3713 958 ἀνθρώπων.

2227 980 2393 1048 Οὗτος
2422 983 2511 1037 διὰ
2534 982 2699 1053 νόμου
2728 982 2822 1035 καὶ
2854 978 3149 1053 προφητῶν
3182 978 3442 1051 ἐκηρύχθη
3476 980 3726 1051 παρεσόμε-

2225 1095 2316 1140 νος
2364 1078 2443 1141 εἰς
2486 1074 2577 1129 τὸν
2610 1075 2832 1145 κόσμον.
2868 1072 3005 1126 Καθ’
3046 1073 3105 1125 ὃν
3130 1067 3224 1125 οὖν
3250 1071 3436 1143 τρόπον
3472 1070 3717 1143 ἐκηρύχθη,

2228 1168 2369 1224 κατὰ
2397 1167 2585 1221 τοῦτον
2617 1167 2710 1220 καὶ
2744 1162 2935 1237 παρὼν
2971 1162 3311 1234 ἐφανέρωσεν
3335 1161 3508 1215 ἑαυτὸν
3541 1164 3597 1215 ὲκ
3618 1162 3729 1234 Bap.

2228 1260 2380 1314 θὲνου
2420 1259 2511 1313 καὶ⁵
2554 1258 2711 1328 ἁγίου
2739 1257 3090 1328 Πνεύματος,
3122 1256 3305 1318 καινὸς
3334 1255 3587 1328 ἄνθρωπος
3610 1257 3714 1325 γενό

2230 1370 2391 1423 μενος
2409 1370 2423 1382 ·
2449 1352 2509 1405 τὸ
2543 1352 2640 1422 μὲν
2667 1351 2914 1422 οὐράνιον
2943 1349 3080 1420 ἔχων
3111 1348 3172 1401 τὸ
3198 1347 3446 1420 Πατρῷον
3474 1348 3540 1413 ὡς
3566 1349 3721 1418 Δόγος,

2225 1444 2288 1497 τὺ
2334 1444 2391 1497 δὲ
2437 1444 2675 1513 ἐπίγειον
2715 1443 2790 1506 ὡς
2823 1441 2888 1495 ἐκ
2934 1440 3163 1494 παλαιοῦ
3201 1440 3369 1512 ᾋδὰμ
3398 1440 3479 1494 διὰ
3506 1440 3723 1511 Παρθένου

2229 1536 2614 1608 σαρκούμενος.
2663 1530 2829 1600 Οὗτος
2871 1533 3149 1606 προελθὼν
3195 1536 3276 1597 εἰς
3315 1534 3503 1605 κόσμον
3540 1532 3648 1596 Θεὸς
3684 1534 3724 1585 ὲν

2229 1629 2440 1700 σώματι
2469 1628 2808 1700 ἐφανερώθη,
2843 1627 3128 1698 ἄνθρωπος
3155 1625 3359 1690 τέλειος
3391 1624 3649 1697 προελθών.
3671 1626 3725 1677 05

2225 1717 2333 1789 γὰρ
2351 1716 2488 1771 κατὰ
2511 1717 2811 1786 φαντασίαν
2837 1716 2871 1788 ἢ
2901 1714 3127 1789 τροπὴν,
3149 1713 3265 1768 ἀλλ’
3281 1713 3484 1785 ἀληθῶς
3500 1713 3725 1783 γενόμενος

2152 1794 2197 1852 Β
2223 1810 2529 1883 ἄνθρωπος,

2290 1901 2475 1966 Οὖτως
2505 1897 2599 1955 οὖν
2629 1902 2724 1954 καὶ
2755 1900 2824 1955 τὰ
2862 1899 3177 1974 ἀνθρώπινα
3210 1898 3403 1953 ἑαυτοῦ
3432 1898 3524 1951 οὒκ
3550 1895 3725 1949 ἀπαναί-

2219 2010 2368 2047 νεται
2387 1992 2793 2064 ἐνδεικνύμενος
2807 1992 2939 2056 Θεὸς
2960 1991 3054 2056 ῶν,
3070 1992 3159 2046 ὅτε
3184 1993 3350 2063 πεινᾷ
3368 1992 3457 2044 καὶ
3474 1991 3618 2060 κοπιᾷ
3630 1988 3731 2059 (16),

2219 2085 2315 2139 καὶ⁸
2351 2085 2575 2157 κάμνων
2623 2084 2777 2157 διψᾷ·
2811 2085 2907 2139 καὶ
2938 2083 3152 2138 δειλιῶν
3184 2083 3403 2152 φεύγει,
3438 2082 3525 2135 καὶ
3550 2095 3727 2151 προσεν·

2218 2177 2445 2249 χόμενος
2476 2177 2759 2241 λυπεῖται,
2787 2176 2883 2231 καὶ
2910 2176 3003 2231 ἐπὶ
3029 2173 3463 2248 προσκεφάλαιον
3502 2170 3727 2233 καθεύδει,

2219 2267 2249 2320 6
2269 2266 2472 2321 ἄϋπνον
2497 2266 2638 2337 ἔχων
2665 2265 2763 2338 τὴν
2787 2265 2946 2335 φύσιν
2968 2264 3044 2329 ὼς
3075 2264 3206 2327 Θεός
3227 2281 3242 2294 ο
3274 2264 3369 2318 καὶ
3404 2262 3634 2334 ποτηρίου
3659 2259 3728 2313 πά-

2219 2357 2310 2422 θος
2332 2360 2703 2429 παραιτεῖται,
2730 2360 2758 2411 6
2778 2356 2867 2410 διὰ
2892 2356 3050 2410 τοῦτο
3081 2352 3473 2427 παραγεγονὼς
3494 2355 3545 2406 ἐν
3570 2352 3726 2423 κόσμῳ·

2218 2449 2313 2503 καὶ
2343 2447 2594 2518 ἀγωνιῶν
2627 2448 2781 2521 ἱδροῖ,
2806 2449 2901 2502 καὶ
2922 2448 3014 2502 ὑπ’
3044 2446 3281 2517 ἀγγέλου
3310 2441 3731 2516 ὲνδυναμοῦται,ό
3834 2516 3835 2519 η

2216 2539 2527 2612 ὲνδυναμῶν
2555 2541 2680 2605 τοὺς
2711 2541 2791 2604 εἰς
2824 2539 2986 2594 αὐτὸν
3014 2538 3372 2603 πιστεύοντας
3391 2577 3405 2602 ,
3438 2538 3525 2593 καὶ
3553 2536 3731 2590 θανάτου

2218 2637 2577 2707 καταφρονεῖν
2602 2632 2750 2707 ἔργῳ
2770 2630 2987 2698 διδάξας
3006 2648 3020 2662 ⁸
3042 2631 3136 2685 καὶ
3166 2631 3277 2685 ὑπὸ
3315 2630 3481 2685 Ἰούδα
3503 2624 3729 2698 παραδίδο-
3834 2656 3835 2697 φ

2216 2744 2327 2790 ται,
2355 2726 2384 2778 6
2417 2722 2699 2795 γινώσκων
2727 2723 2819 2777 τὸν
2865 2721 3065 2776 Ἰούδαν
3087 2721 3170 2785 τίς
3195 2722 3347 2775 ἐστιν
3365 2737 3380 2750 ’
3406 2719 3499 2775 καὶ
3530 2714 3735 2787 ἀτιμάζει

2214 2819 2304 2872 ταὶ
2329 2818 2432 2872 ὑπὸ
2460 2817 2706 2887 Καῖάφα,
2723 2818 2751 2870 6
2784 2817 3047 2888 πρότερον
3071 2815 3164 2868 ὑπ’
3185 2813 3355 2869 αὑτοῦ
3389 2810 3732 2886 ἱερατευόμενος

2215 2910 2290 2975 ὡς
2321 2911 2455 2975 Θεὸς
2476 2909 2585 2982 (17)
2609 2927 2624 2941 ·
2652 2910 2747 2964 καὶ
2778 2908 2885 2962 ὑπὸ
2921 2906 3159 2981 Ἡρώδου
3184 2907 3572 2975 ὲξουθενεῖται,
3599 2899 3734 2973 6M-

2216 3004 2322 3057 λων
2354 3006 2532 3076 κρῖναι
2562 3004 2742 3057 πᾶσαν
2775 3001 2875 3073 τὴν
2907 3000 3013 3073 γῆν
3032 3015 3045 3031 °
3077 3000 3171 3054 xui.
3204 2997 3523 3071 μαστίζεται
3555 2992 3643 3047 ὑπὸ
3664 2991 3734 3081 llt—

544 3089 755 3153 Pilato,
811 3090 858 3145 is
892 3092 986 3160 qui
1038 3092 1379 3149 inlirmitates
1426 3106 1643 3152 nostras
1684 3099 1951 3168 suscepit;
2000 3110 2053 3155 et
2084 3118 2111 3153 a

2219 3092 2403 3157 λάτου,
2431 3093 2461 3146 6
2484 3092 2583 3157 τὰς
2617 3088 3091 3188 ἀσθενείαςηήμῶν
3122 3089 3544 3188 ἀναδεξάμενος·
3568 3080 3735 3188 καὶιῧῖξδ
3834 3150 3835 3161 η

541 3182 810 3238 militibus
841 3184 1085 3240 illuditur
1126 3186 1206 3253 is,
1235 3187 1323 3241 cui
1347 3196 1528 3243 astant
1558 3189 1725 3246 millza
1758 3166 1986 3247 mil—lium
2011 3233 2027 3258 ,
2060 3204 2113 3248 et

2219 3184 2564 3256 στρατιωτῶν
2596 3182 2874 3248 παίζεται,
2901 3175 2946 3251 ᾧ
2968 3183 3378 3255 παρεστήκουσι
3399 3181 3582 3252 ’χίλιαι
3605 3174 3733 3248 χιλιά·
3834 3198 3835 3247 ι

2212 3276 2300 3342 δες
2348 3278 2443 3330 καὶ
2467 3274 2656 3349 μυρίαι
2686 3274 2943 3347 μυριάδες
2969 3274 3218 3344 ἀγγέλων
3263 3275 3364 3329 καί
3403 3269 3729 3345 ἀρχαγγέλων³

2213 3369 2308 3423 καὶ⁵
2341 3368 2441 3422 ὑπὸ
2477 3366 2743 3422 Ἰουδαίων
2772 3366 2912 3439 ξύλῳ
2959 3370 3377 3440 προσπήγνυται
3400 3407 3416 3433 ,
3443 3368 3471 3420 6
3500 3364 3651 3435 πήξας
3680 3358 3733 3421 ὥς

2213 3464 2471 3535 καμάραν
2495 3461 2587 3514 τὸν
2619 3460 2843 3532 οὐρανόν
2867 3477 2880 3490 ·
2917 3460 3012 3513 καὶ
3040 3459 3178 3530 πρὸς
3201 3459 3429 3531 Πατέρα
3450 3457 3576 3528 βοῶν
3604 3468 3733 3525 παρα-
3834 3504 3835 3515 1

2213 3552 2419 3608 τίθεται
2461 3552 2523 3606 τὸ
2565 3551 2786 3623 πνεῦμα
2811 3590 2827 3616 ,
2869 3550 2898 3603 6
2942 3549 3249 3624 ἀχώριστος
3289 3550 3387 3605 τοῦ
3417 3547 3644 3620 Πατρός
3667 3541 3733 3596 καὶ

2213 3645 2410 3700 κλίνων
2444 3643 2717 3716 κεφαλὴν,
2747 3644 2963 3711 ὲκπνεῖ,
2995 3646 3024 3697 6
3070 3644 3267 3708 εἴπως’
3305 3640 3626 3708 ‹.Ἐξουσίαν
3656 3634 3733 3707 ἔχω

2213 3737 2384 3791 θεῖναι
2404 3736 2504 3809 τὴν
2526 3734 2703 3809 ψυχήν
2738 3752 2860 3808 μου,
2892 3735 2987 3790 καὶ
3010 3735 3261 3800 ἐξουσίαν
3292 3734 3404 3807 ἔχω
3426 3728 3577 3788 πάλιν
3597 3727 3733 3782 λαϐεῖν
3834 3810 3835 3815 γ

2213 3830 2403 3903 αὑτήν.
2432 3848 2451 3882 ι
2501 3831 2625 3883 Ὅτι
2671 3828 2730 3883 δὲ
2773 3828 2874 3883 οὐκ
2918 3827 3233 3901 ἐκυριεύετο
3276 3828 3385 3882 ὑπὸ
3422 3818 3734 3887 θανάτου,ὦς

2214 3922 2358 3997 ζωὴ.
2393 3920 2575 3978 εἶπεν·
2620 3942 2639 3976 ι
2684 3922 2827 3993 Ἐγὼ
2868 3923 2962 3977 ἀπ’
2990 3921 3229 3993 ἐμαυτοῦ
3280 3921 3477 3994 τίθημι
3522 3916 3732 3987 αὐτήνοι

2214 4018 2307 4073 καὶ
2337 4017 2576 4091 πλευρὰν
2605 4016 2776 4090 λόγχῃ
2804 4015 3082 4080 νύσσεται,
3102 4015 3131 4067 6
3156 4015 3256 4086 τὴν
3280 4014 3429 4086 ζωὴν
3456 4014 3607 4067 πᾶσιν
3623 4021 3739 4080 καρι-

2213 4109 2464 4183 ξάμενος
2512 4110 2603 4164 καὶ
2639 4108 2833 4164 σίνδονι
2875 4107 3222 4178 ἑλισσόμενος
3254 4108 3316 4160 ὲν
3357 4104 3595 4179 μνημείῳ
3626 4098 3735 4152 cios—

2211 4220 2334 4269 ται,
2382 4205 2411 4257 6
2460 4202 2587 4265 τοὺς
2624 4201 2855 4275 νεκροὺς
2898 4201 3155 4272 ὲγείρων’
3198 4199 3299 4254 καὶ
3344 4199 3626 4272 τριήμερος
3661 4186 3739 4245 ὑπδ

2214 4299 2328 4351 Πατ
2338 4296 2427 4368 ρὸς
2454 4296 2770 4361 ἀνίσταται,
2800 4293 2961 4358 αὐτὸς
2981 4292 3057 4348 ὢν
3086 4294 3120 4365 ἡ
3153 4292 3459 4356 ἀνάστασις
3480 4290 3568 4344 καὶ
3590 4290 3618 4358 ἡ
3637 4284 3736 4353 ζωή.

2213 4387 2397 4442 Ταῦτα
2422 4386 2529 4460 γὰρ
2560 4386 2736 4440 πάντα
2761 4387 2892 4459 ἡμῖν
2922 4383 3309 4457 κατώρθωσεν,
3345 4385 3405 4448 ὃς
3427 4383 3492 4436 δι’
3519 4381 3647 4454 ἡμᾶς
3670 4375 3739 4444 γέ-

537 4485 760 4547 propter
790 4495 891 4536 nos
917 4480 1093 4536 factus
1116 4491 1198 4536 est
1228 4481 1372 4537 sicut
1415 4497 1546 4552 nos;
1586 4503 1605 4536 ι
1635 4485 1750 4555 ipse
1779 4487 1924 4541 enim
1960 4487 2112 4542 infir-

2219 4497 2370 4551 γονεν
2406 4478 2526 4532 καθ’
2568 4480 2737 4549 ἡμᾶς.
2788 4497 2807 4530 ί
2831 4477 3002 4541 Αὐτὸς
3032 4476 3144 4567 γὰρ
3167 4476 3286 4567 ,τὰς
3315 4474 3599 4567 ἀσθενείαῗ
3624 4468 3740 4567 Ψδῖ

539 4569 757 4623 ιιιίιιιιεε
787 4580 1002 4626 nostras
1036 4574 1294 4643 suscepit,
1327 4583 1383 4630 et
1411 4575 1701 4645 languores
1734 4586 1951 4633 nostros
1983 4593 2110 4648 por-

538 4661 703 4726 tavit,
737 4679 756 4711 ι
806 4671 862 4716 et
893 4677 992 4733 pro
1026 4665 1184 4720 nobis
1214 4666 1389 4735 dolet,
1423 4668 1566 4725 sicut
1613 4668 1751 4724 dixit
1782 4667 1952 4725 Isaias
1983 4686 2111 4740 pro-

538 4749 701 4823 pheta
715 4753 783 4807 ".
816 4754 899 4809 Ab
930 4758 1134 4828 angelis
1167 4760 1442 4828 laudatus,
1477 4775 1508 4816 a
1541 4761 1854 4832 pastoribus
1882 4762 2055 4827 visus,
2078 4777 2109 4815 a

537 4839 798 4900 Simeone
842 4858 1219 4919 exspectatus,
1251 4852 1321 4906 ab
1352 4852 1508 4907 Anna
1544 4860 1804 4917 testatus,
1859 4868 1890 4907 a
1932 4852 2110 4924 magis

536 4935 835 5004 quaesitus,
884 4939 953 4995 ab
1002 4941 1156 4997 stella
1199 4943 1569 5014 signiﬁcatus,
1616 4944 1673 4999 in
1722 4944 1887 5000 domo
1930 4942 2110 4999 Patris

535 5036 816 5097 versatus,
864 5047 893 5086 a
920 5031 1129 5091 Joanne
1158 5035 1328 5109 digito
1356 5048 1649 5106 ostensus;
1696 5038 1783 5094 cui
1824 5036 1986 5092 Pater
2015 5051 2107 5092 su-

608 5173 832 5235 ".loan.
864 5194 922 5247 ιι,
948 5177 1036 5234 I8.
1109 5181 1158 5220 ³ο
1177 5176 1314 5238 Ibid.
1391 5184 1432 5215 '“
1465 5182 1566 5239 lsa.
1604 5199 1726 5251 Lm,
1753 5183 1808 5239 6.

614 5359 724 5433 (l6)
749 5361 879 5418 Ὅτε
905 5363 1083 5432 πεινᾷ
1108 5365 1205 5419 καὶ
1233 5364 1413 5434 κοπιᾷ
1436 5411 1450 5434 ,
1481 5385 1537 5422 κ.
1571 5386 1620 5421 τ.
1652 5367 1702 5422 λ.
1738 5367 1870 5435 Quae
1899 5369 1987 5425 hic
2017 5385 2106 5425 se-

538 5443 818 5510 quuntur,
866 5438 931 5510 ad
961 5439 1182 5510 verbum
1228 5437 1355 5510 fere
1375 5443 1704 5494 conveniunt
1730 5455 1855 5494 cum
1874 5439 1956 5510 Aiis
1985 5458 2107 5510 qua:

536 5518 604 5555 ex
640 5502 1008 5576 S._Hippolyti
1052 5505 1309 5560 Memoria
1336 5508 1612 5563 hwresium
1643 5511 1829 5565 laudat
1865 5508 1923 5564 S.
1949 5502 2108 5565 Gela-

541 5576 656 5645 {ius
688 5571 761 5628 De
798 5571 1005 5629 duabus
1038 5579 1242 5630 naturis
1268 5578 1322 5630 in
1357 5578 1600 5645 Christo,
1630 5588 1762 5636 tom.
1804 5580 1920 5637 Vlll
1960 5581 2105 5638 Bibl.

541 5638 788 5718 Patrum,
819 5647 950 5701 edit.
979 5647 1151 5717 Lugd.
1183 5663 1304 5718 pag.
1335 5648 1459 5704 70L
1490 5638 1708 5707 mm.

613 5712 723 5784 (I7)
775 5712 1343 5789 ἰερατευόῇενὸς
1369 5720 1527 5788 Θεός.
1588 5741 1605 5775 ι
1637 5721 1919 5795 Tanquam
1960 5721 2105 5779 Deus

2215 4569 2498 4634 ἀνεδέξατο
2553 4569 2647 4623 καὶ
2687 4567 2788 4633 τὰς
2848 4568 3036 4631 νόσους
3084 4565 3424 4629 ἐϐάστασεν,
3452 4584 3470 4615 ι
3524 4561 3607 4617 καὶ
3646 4555 3740 4626 περὶ

2217 4664 2371 4736 ἡμῶν
2396 4663 2667 4727 ὠδυνᾶτο,
2695 4660 2877 4725 καθὼς
2902 4656 3052 4713 εἶπεν
3095 4659 3326 4724 Ἡσαΐας
3360 4660 3390 4711 6
3425 4650 3741 4753 προφήτης.τῖ

2217 4758 2309 4811 ὑπ’
2339 4756 2582 4826 ἀγγέλων
2610 4754 2944 4828 ὑμνούμενος
2972 4753 3065 4807 καὶ
3103 4751 3208 4807 ὑπὸ
3238 4752 3516 4823 ποιμένων
3551 4749 3734 4815 θεωρθῠο

2221 4867 2380 4923 μενος
2399 4892 2413 4915 ,
2457 4850 2551 4904 καὶ
2581 4848 2686 4902 ὑπὸ
2711 4847 2994 4919 Συμεῶνος
3029 4844 3483 4918 προσδοκώμενος
3504 4884 3519 4909 ,
3557 4841 3638 4895 καὶ
3665 4833 3744 4888 ὑπὺ

2223 4945 2389 4997 Ἀννα
2444 4939 2900 5015 μαρτυρούμενος.
2939 4931 3106 5002 Οὗτος
3137 4933 3206 5009 ἦν
3249 4939 3280 4991 6
3315 4936 3632 5009 ζητούμενος
3664 4926 3744 4982 ὑπὸ

2219 5038 2441 5111 μάγων,
2484 5035 2578 5088 καὶ
2625 5031 3018 5105 σημαινόμενος
3066 5029 3160 5085 ὑπ’
3203 5028 3476 5102 ἀστέροςο
3521 5028 3550 5081 6
3589 5023 3670 5080 καὶ
3701 5022 3745 5073 ὲν

2213 5371 2534 5426 honoratus.
2564 5388 2583 5421 ι
2631 5369 2769 5436 Quia
2811 5386 2937 5427 cum
2970 5379 3118 5428 esset
3160 5366 3407 5438 pontifex
3441 5363 3562 5423 anni
3581 5359 3749 5438 illius.

2212 5442 2555 5512 prophetavit
2581 5431 2819 5510 CaﬂipbaS
2844 5441 3003 5497 Joan.
3032 5458 3109 5502 XI.
3141 5431 3233 5503 Si,
3260 5438 3358 5503 52,
3408 5458 3427 5491 ι
3456 5434 3592 5506 quod
3617 5431 3745 5512 Iesus
3834 5482 3835 5485 η

2212 5507 2511 5583 inor-iturus
2532 5521 2651 5583 erat
2675 5507 2775 5583 pro
2800 5523 2989 5583 gente,
3017 5522 3073 5568 et
3103 5529 3209 5566 non
3234 5519 3446 5583 tantum
3473 5521 3566 5576 pro
3596 5507 3742 5583 ςενιῇ

2212 5583 2302 5637 sed
2336 5590 2397 5635 ut
2432 5581 2572 5636 ﬁlios
2623 5566 2718 5659 Dei
2742 5566 3041 5659 ﬁniatis
3063 5581 3291 5652 dispersi
3344 5566 3745 5659 congregat-rati?
3834 5596 3835 5659 ι

2211 5668 2414 5715 unum;
2440 5671 2467 5723 ί»
2497 5653 2643 5723 quod
2663 5638 2887 5723 quidem
2911 5652 3094 5711 facere
3116 5638 3222 5709 non
3245 5638 3483 5723 poterat",
3501 5638 3599 5701 nisi
3627 5638 3753 5695 Deut

2210 5732 2376 5780 esset.
2411 5722 2509 5780 Fn.
2539 5722 2803 5780 Tueatur.
