3882 6332
127 404 208 459 853
1058 384 1335 443 CONTRA
1372 380 1696 438 BERONEM
1735 381 1823 436 ΕΤ
1863 379 2281 438 HELICONEM.

3217 378 3325 434 835

124 520 237 575 οἶδεν
257 518 406 580 αὐτὸς
438 515 610 588 μόνος,
663 510 920 582 ὑπάρχων
965 507 1214 580 τεχνίτης
1271 507 1498 575 φυσικὸς
1546 502 1655 555 τῶν

1768 490 1912 564 cato;
1930 511 1991 557 ut
2017 479 2165 556 novit
2199 501 2316 570 ipse
2364 499 2539 565 solus,
2575 514 2698 555 cum
2727 499 2801 554 sit
2835 495 3029 552 artifex
3060 498 3329 555 naturalis

124 612 239 683 ΰπὲρ
262 609 474 663 ἔννοιανο
508 606 621 660 κατ’
662 603 829 673 αὐτὴν
869 600 985 673 ἅμα
1013 600 1111 671 τὴν
1144 598 1407 669 σωτήριον
1437 595 1655 666 σάρκω-

128 720 212 767 σιν,
237 700 330 771 τῆς
354 699 488 762 ιδίας
515 696 763 768 θεότητος
791 692 1094 764 ἐμποιήσας
1115 691 1182 759 τῇ
1206 687 1368 760 σαρκὶ
1385 686 1483 757 τὴν
1505 683 1656 756 ἐνέρ-

120 809 270 863 γειαν,
299 791 354 844 οὐ
409 785 882 860 περιγραφομένην
926 783 1066 853 αὐτῇ
1114 779 1200 833 διὰ
1251 777 1351 850 τὴν
1403 775 1650 831 κένωσιν·

116 889 211 942 οὐδ’
234 885 404 953 ὥσπερ
436 882 537 952 τῆς
562 876 725 934 αὐτοῦ
754 877 1023 948 θεότητος,
1054 872 1197 926 οῦτω
1241 872 1336 925 καὶ
1357 869 1528 940 αὐτῆς
1552 886 1654 939 φυ-

127 977 263 1041 σικῶς
287 973 617 1045 ὲκφυομένην
652 969 783 1041 (24)·
825 967 940 1022 ἀλλ’
989 967 1047 1019 ὲν
1102 961 1184 1028 οἷς
1235 962 1300 1017 ἂν
1349 959 1657 1033 σαρκωθεὶς

127 1069 288 1131 θεῖκῶς
324 1066 617 1136 ἐνήργησε,
651 1063 718 1115 δι’
752 1060 923 1130 αὐτῆς
963 1056 1381 1127 ἐκφαινομένην.
1432 1054 1506 1106 Οὐ
1545 1052 1655 1126 γὰρ

125 1162 284 1231 γέγονε
318 1156 475 1225 φύσει
536 1154 725 1224 θεότης
777 1148 1175 1222 μεταϐληθεῖσα
1233 1145 1331 1218 τὴν
1385 1143 1568 1214 φύσιν,
1619 1146 1652 1215 ή

127 1251 239 1323 σὰρξ
264 1247 517 1319 γενομένη
554 1248 621 1317 τῇ
656 1245 814 1314 φύσει
852 1242 1104 1313 θεότητος
1165 1237 1317 1309 σάρξ·
1373 1235 1485 1289 ἀλλ’
1520 1236 1655 1307 ὅπερ

125 1342 179 1416 ἦν
209 1344 289 1396 καὶ
316 1340 521 1410 θεότητι
578 1339 884 1407 συμφυεῖσα
921 1332 1193 1405 μεμένηκε
1227 1329 1324 1401 τὴν
1377 1330 1535 1398 φύσιν
1564 1329 1657 1381 καὶ

125 1436 203 1505 τὴν
229 1431 490 1503 ἐνέργειαν
517 1427 651 1498 (25)·
698 1422 879 1486 καθὼς
931 1418 1082 1475 εἶπεν
1107 1423 1135 1473 ὁ
1167 1419 1375 1491 Σωτήρ·
1409 1438 1426 1469 ε
1454 1418 1525 1470 Τὸ
1559 1418 1657 1488 μὲν

128 1522 305 1593 πνεῦμα
336 1519 442 1591 (26)
488 1518 789 1592 πρόθυμον,
819 1517 852 1586 ἡ
888 1514 945 1568 δὲ
1001 1512 1137 1585 σὰρξ
1175 1511 1425 1582 ἀσθενής·
1455 1529 1474 1562 ι
1534 1508 1656 1562 καθ’

124 1621 176 1686 ἦν
204 1615 485 1687 ἐνεργήσας
529 1629 589 1663 τε
619 1610 715 1666 καὶ
754 1605 942 1661 παθών
1000 1605 1143 1676 ἅπερ
1177 1599 1244 1675 ἦν
1275 1604 1656 1675 ἀναμαρτήτου

126 1709 311 1779 σαρκὸς,
340 1705 435 1776 τὴν
490 1704 631 1774 ὑπὲρ
685 1701 843 1772 ἡμῶν
894 1696 1231 1752 ἐπιστώσατο
1266 1697 1378 1768 (27)
1432 1696 1658 1749 κένωσιν

125 1802 356 1873 θεότητος,
386 1797 625 1869 θαύμασι
679 1797 773 1849 καὶ
825 1794 1027 1865 σαρκὸς
1075 1792 1358 1864 παθήμασι
1416 1788 1657 1859 φυσικῶς

126 1889 490 1961 βεϐαιουμένην.
546 1886 645 1940 Διὰ
691 1884 799 1957 γάρ
848 1883 1008 1937 τοῦτο
1050 1884 1271 1951 γέγονεν
1325 1880 1657 1953 ἄνθρωποςὸ

122 1982 210 2034 τῶν
233 1981 355 2035 ὅλων
390 1979 545 2043 Θεὸς.
574 1980 661 2031 ἵνα
694 1977 857 2048 σαρκὶ
883 1974 981 2047 μὲν
1008 1975 1224 2045 παθητῇ
1250 1975 1491 2044 πάσχων,
1514 1971 1657 2025 ἅπαν

124 2071 251 2142 ἡμῶν
277 2070 332 2123 τὸ
357 2068 433 2141 τῷ
466 2069 684 2137 θανάτῳ
715 2065 922 2138 πραθὲν
946 2063 1288 2136 λυτρώσηται
1318 2062 1491 2132 γένος·
1520 2063 1660 2115 ἀπα-

125 2164 191 2218 θεῖ
211 2164 260 2217 δὲ
282 2162 487 2233 θεότητι
520 2161 611 2214 διά
668 2160 868 2233 σαρκὸς
911 2156 1360 2229 θαυματουργῶν,
1393 2156 1528 2228 πρὸς
1560 2154 1659 2226 τὴν

123 2258 357 2327 ἀκήρατον
387 2254 557 2308 αὐτοῦ
597 2254 691 2307 καὶ
742 2252 1014 2324 μακαρίαν
1044 2249 1365 2320 ὲπαναγάγη
1402 2246 1567 2318 ζωὴν,
1592 2242 1659 2321 ἧς

126 2349 358 2402 ἀπέπεσεν
400 2347 479 2418 τῷ
512 2345 747 2416 διαϐόλῳ
792 2343 1110 2414 πειθόμενος
1133 2342 1275 2412 (28)·
1318 2341 1510 2394 καὶτὰ
1538 2343 1657 2395 κατ’

126 2440 345 2511 οὐρανοὺς
390 2437 500 2508 (29)
564 2436 692 2504 ἅγια
740 2434 993 2503 τάγματα
1046 2431 1154 2483 τῶν
1208 2429 1408 2501 νοερῶν
1463 2428 1659 2483 οὐσιῶν

386 2527 525 2596 πρὸς
577 2523 837 2595 ἀτρεψίαν
896 2519 973 2591 τῷ
1020 2518 1303 2590 μυστηρίῳ
1363 2517 1461 2588 τῆς
1495 2514 1658 2570 αὐτοῦ

126 2618 478 2690 accusabam:
539 2613 608 2689 ἧς
642 2615 800 2687 ἔργον
829 2615 862 2684 ή
896 2611 1002 2665 τῶν
1031 2610 1167 2664 ὅλων
1218 2609 1365 2662 ἐστὶν
1394 2610 1474 2670 εἰς
1501 2606 1660 2661 αὑτὸν

123 2712 576 2783 ἀνακεφαλαίωσις.
609 2708 931 2780 Μεμένηκεν
959 2701 1049 2759 οῦν
1072 2692 1168 2757 καὶ
1193 2700 1493 2772 σαρκωθεὶς
1519 2699 1659 2754 κατά

124 2809 202 2879 τὴν
229 2806 378 2877 φύσιν
412 2806 551 2868 Θεὸς
608 2801 994 2873 ὑπεράπειρος,
1049 2794 1146 2866 τὴν
1196 2791 1372 2862 ἑαυτῷ
1427 2790 1659 2862 συγγενῆ

126 2901 201 2953 καὶ
230 2898 556 2969 κατάλληλον
606 2895 744 2963 ἔχων
791 2891 1091 2962 ἐνέργειαν·
1125 2886 1225 2957 τῆς
1285 2885 1382 2956 μὲν
1414 2883 1662 2952 θεότητος

125 2992 358 3054 οὐσιωδῶς
388 2986 757 3059 ὲκφυομένηνο
793 2982 882 3038 διὰ
917 2982 977 3035 δὲ
1031 2979 1132 3051 τῆς
1178 2977 1342 3033 αὐτοῦ
1393 2977 1661 3044 παναγίας

127 3079 294 3153 σαρκδς
313 3082 366 3133 ἐν
398 3082 512 3142 τοῖς
567 3076 837 3146 θαύμασιν
860 3068 1216 3140 οἰκονομικῶς
1242 3065 1659 3137 ὲκφαινομὲνην·

1755 611 1941 650 eorum
1981 610 2104 664 quae
2155 603 2283 649 sunt
2313 606 2477 662 supra
2514 607 2758 659 sensum,
2790 591 2844 645 in
2880 591 2997 662 ipsa
3026 591 3190 646 simul
3242 607 3330 645 sa~

1756 687 1918 742 lutari
1973 685 2344 741 incarnatione
2406 682 2626 738 deitatis
2675 698 2788 737 suze
2863 692 3124 752 coaptans
3174 682 3326 736 carni

1755 778 2151 848 operationem,
2189 791 2298 830 non
2326 775 2797 844 circumscriptam
2844 789 2905 828 ca
2951 784 3173 844 propter
3197 788 3329 828 eva-

1756 867 2087 931 cuationem,
2125 881 2221 919 nec
2262 865 2405 920 sicut
2439 879 2503 919 ex
2540 865 2741 919 deitate
2770 880 2890 924 sua,
2930 865 3003 919 ita
3032 874 3087 920 et
3115 881 3180 919 ex
3208 868 3327 935 ipsa

1757 953 2075 1007 naturaliter
2106 961 2362 1017 enatam;
2391 951 2485 1007 sed
2519 951 2571 1006 in
2622 952 3042 1023 quibuscunque
3077 955 3330 1009 incarna-

1758 1052 1846 1098 tus
1876 1043 2067 1099 deiiice
2097 1053 2354 1112 operatus
2381 1053 2483 1109 est,
2507 1059 2603 1114 per
2632 1045 2803 1112 ipsam
2829 1045 3178 1100 declaratam.
3210 1046 3328 1101 Non

1755 1138 1899 1191 enim
1944 1151 2073 1191 caro
2097 1137 2237 1191 facta
2294 1146 2378 1191 est
2430 1153 2525 1207 per
2561 1146 2808 1192 naturam
2850 1137 3025 1192 deitas
3069 1140 3330 1192 translata

1757 1238 1950 1283 natura
1972 1271 1986 1291 ,
2029 1227 2171 1283 facta
2201 1228 2449 1283 videlicet
2479 1228 2778 1283 secundum
2830 1238 3077 1281 naturam
3114 1229 3331 1283 deitatis

1757 1335 1918 1372 caro:
1952 1319 2043 1373 sed
2083 1319 2228 1388 quod
2257 1326 2374 1372 erat
2403 1318 2567 1372 etiam
2609 1319 2795 1373 deit‘ati
2830 1327 3078 1386 coaptata
3108 1320 3329 1384 mansit,

1758 1412 1810 1465 id
1844 1419 1929 1465 est
1976 1425 2104 1465 caro
2156 1410 2371 1463 inﬁrma
2425 1419 2479 1463 et
2519 1409 2800 1478 passibilis
2835 1417 3030 1462 natura
3064 1417 3116 1460 et
3136 1424 3333 1477 opera-

1759 1502 1938 1570 tione;
1962 1500 2420 1572 quemadmodum
2458 1501 2710 1555 Salvator
2745 1501 2860 1553 ait:
2899 1519 2916 1551 ι
2958 1500 3195 1569 Spiritus
3218 1502 3334 1568 qui-

1758 1595 1878 1648 dem
1907 1604 2224 1663 promptus;
2254 1607 2382 1645 caro
2429 1602 2609 1644 autem
2659 1591 2871 1645 inlirma
2903 1590 2987 1644 83:
3030 1609 3048 1640 ι
3114 1591 3166 1642 in
3224 1605 3333 1659 qua

1759 1694 2016 1754 operatus
2046 1693 2099 1737 et
2132 1698 2325 1751 passus
2376 1698 2499 1753 quae
2543 1692 2697 1736 erant
2730 1682 2913 1736 carnis
2958 1682 3166 1749 absque
3200 1698 3329 1751 pec-

1761 1785 1905 1839 cato,
1934 1775 2354 1829 exinanitionem
2387 1788 2486 1844 pro
2526 1774 2684 1827 nobis
2716 1771 2974 1826 indicarit
3003 1771 3329 1836 divinitatis,

1760 1868 2039 1923 miraculis
2070 1876 2123 1921 et
2175 1866 2356 1921 carnis
2406 1865 2757 1934 passionibus
2802 1863 3120 1917 naturaliter
3154 1865 3327 1919 robo'

1758 1969 1954 2014 ratam.
1983 1958 2210 2029 Propter
2240 1958 2345 2012 hoc
2392 1959 2537 2011 enim
2584 1955 2760 2011 factus
2783 1965 2868 2010 est
2916 1958 3080 2010 homo
3117 1957 3334 2011 univer-

1759 2066 1946 2105 sorum
1986 2049 2149 2114 Deus,
2210 2056 2270 2104 ut
2330 2064 2494 2103 carne
2531 2047 2750 2115 quidem
2813 2047 3060 2117 passibili
3095 2047 3331 2116 patiens,

1761 2153 1930 2199 totum
1976 2152 2225 2198 nostrum
2278 2142 2441 2212 morti
2484 2141 2760 2196 venditum
2807 2142 3099 2197 redimeret
3121 2124 3332 2211 genus:

1760 2235 2082 2306 impassibili
2133 2249 2263 2289 vero
2318 2233 2519 2289 deitate
2585 2249 2682 2303 per
2735 2249 2954 2287 carnem
3015 2234 3338 2289 mirabiliter

1759 2343 2012 2399 Operans,
2045 2327 2110 2382 ad
2136 2327 2499 2381 immortalem
2534 2326 2667 2379 illud
2712 2334 2765 2379 ct
2802 2326 3013 2381 beatam
3052 2327 3334 2383 reduceret

1757 2422 1951 2484 vitam,
1979 2421 2046 2477 de
2066 2436 2173 2491 qua
2203 2419 2474 2475 ceciderat
2501 2418 2720 2473 diabolo
2747 2433 2944 2488 parens
2970 2436 2984 2483 ;
3022 2429 3185 2487 atque
3217 2436 3339 2475 san.

1759 2524 1877 2571 ctos
1910 2511 2356 2569 intellectualium
2397 2512 2825 2565 substantiarum
2854 2510 2973 2565 cmli
3019 2511 3239 2565 ordines
3268 2511 3336 2565 ad

1761 2604 2327 2662 inconvertibilitatem
2363 2602 2624 2674 mysterio
2656 2617 2770 2656 suae
2794 2602 3060 2657 stabiliret
3092 2601 3340 2672 incorpo-

1762 2698 2010 2753 rationis.
2038 2696 2209 2765 Cujus
2266 2710 2405 2765 opus
2437 2694 2682 2751 omnium
2711 2695 2790 2748 iu-
2809 2710 2932 2749 eum
2959 2694 3338 2764 recapitulatio

1760 2802 1861 2846 est.
1904 2790 2103 2844 Mansit
2133 2805 2263 2857 ergo
2313 2788 2476 2842 etiam
2532 2789 2850 2843 incarnatus
2899 2788 3199 2841 secundum
3237 2803 3338 2841 na-

1764 2893 1946 2938 turam
1984 2882 2125 2936 Deus
2155 2882 2650 2952 superimmensus,
2694 2881 2797 2936 sibi
2828 2889 3115 2951 cognatam
3138 2890 3340 2935 etcon-

1761 2977 2065 3031 venientem
2091 2975 2295 3030 habens
2323 2974 2696 3044 operationem
2726 2989 2741 3026 :
2776 2986 2843 3025 ex
2880 2970 3081 3025 deitate
3113 2969 3337 3039 quidem

1765 3065 2196 3125 substantialiter
2229 3074 2449 3131 natam;
2490 3080 2587 3135 per
2608 3062 3016 3119 sanctissimam
3047 3077 3178 3117 vero
3217 3078 3341 3117 car-

105 3164 199 3227 ’ῐνα
222 3172 466 3243 πιστευθῇ
524 3169 659 3231 Θεὸς
690 3161 849 3228 εἶναι,
877 3163 944 3216 δι’
982 3159 1241 3224 ἀσθενοῦς
1266 3159 1427 3230 φύσει
1460 3156 1661 3231 σαρκὸς

1768 3174 1886 3215 nem
1916 3158 1972 3211 in
2003 3156 2284 3212 miraculis
2311 3155 2711 3226 dispensatorie
2737 3154 3100 3219 declaratam;
3129 3164 3189 3209 ut
3220 3169 3343 3209 cre—

124 3262 402 3336 ιιύτουργῶν
433 3261 540 3331 τὴν
572 3257 663 3312 τοῦ
692 3254 890 3316 παντὸς
924 3249 1214 3322 σωτηρίαν.

308 3481 414 3535 Τοῦ
449 3476 664 3540 αὑτοῦ,
694 3475 763 3529 ἐκ
784 3471 891 3527 τοῦ
914 3470 1099 3527 αὐτοῦ
1130 3470 1338 3539 λόγου.
1382 3474 1451 3537 γ’.

180 3592 342 3662 Κάμοὶ
378 3590 508 3661 γὰρ,
550 3587 639 3640 ἴνα
688 3582 953 3656 τρανώσω
1008 3579 1411 3653 παραδείγματι
1439 3579 1501 3632 τὸ
1536 3579 1666 3652 περὶ

128 3682 344 3756 Σωτῆρος
372 3682 589 3754 λεχθὲν,
621 3681 649 3731 ὁ
673 3676 899 3748 φυσικός
932 3691 1031 3745 μου
1070 3672 1229 3741 λόγος
1256 3672 1523 3741 συγγενής
1549 3672 1665 3724 ὲστι

129 3775 205 3829 καὶ
238 3773 569 3845 κατάλληλος
612 3770 725 3823 ὄντι
768 3764 972 3836 λογικῷ
999 3781 1059 3817 τε
1092 3764 1187 3817 καὶ
1218 3760 1388 3832 νοερῷ
1413 3761 1513 3833 τὴν
1564 3761 1666 3831 ψυ-

130 3868 228 3939 χήν
256 3863 318 3940 ἧς
364 3865 504 3920 κατά
539 3861 699 3933 φύσιν
748 3860 894 3912 ἐστὶν
944 3855 1293 3926 αὐτοκίνητος
1332 3852 1581 3925 ἐνέργειά
1604 3870 1665 3906 τε

131 3955 207 4008 καὶ
228 3954 401 4027 πρώτη
432 3954 687 4021 δύναμις,
717 3948 1041 4019 ἀεικίνητος,
1065 3948 1093 3999 ὁ
1119 3945 1275 4014 λόγος
1304 3942 1549 4015 φυσικῶς
1567 3943 1667 3996 αὐ-

130 4046 211 4116 τῆς
234 4048 622 4118 πηγαζόμενος.
656 4044 752 4096 Ὀν
806 4040 1112 4113 ρηματίσας
1156 4054 1216 4090 τε
1255 4037 1350 4091 καὶ
1381 4039 1668 4108 γραμμαῖς

129 4135 177 4192 εὖ
201 4140 443 4212 χαράξας,
499 4136 722 4207 γλώσσῃ
758 4135 854 4207 μὲν
879 4129 1203 4205 ὀργανικῶς,
1236 4130 1324 4183 ὅτε
1382 4128 1487 4199 χρὴ
1532 4144 1667 4200 προ-

133 4231 272 4301 φέρω,
298 4234 387 4286 καὶ
418 4231 713 4302 γράμμασι
746 4224 1009 4297 τεχνικῶς
1035 4222 1121 4277 διὰ
1142 4222 1250 4276 τῶν
1273 4220 1537 4293 ἀνομοίων
1571 4221 1668 4292 μὲν

134 4321 408 4395 ὑπάρχοντα
458 4323 576 4391 (50)
604 4321 696 4374 καὶ
721 4318 809 4372 διὰ
835 4316 942 4371 τῶν
971 4315 1237 4386 ἀνομοίων
1283 4312 1357 4385 μὴ
1394 4313 1668 4384 τραπέντα

134 4415 312 4481 δεικνὺς
362 4417 528 4471 αὑτὸν
583 4412 991 4482 ὲξακουόμενον.
1028 4408 1102 4461 σὺ
1145 4406 1254 4479 γὰρ
1283 4404 1533 4475 γλώσσης
1578 4405 1670 4458 καὶ

1764 3254 1926 3309 datur
1955 3252 2093 3310 Deus
2142 3269 2284 3318 esse,
2314 3267 2413 3321 per
2439 3249 2711 3304 inﬁrmam
2759 3257 2953 3303 natura
2995 3262 3214 3303 carnem
3245 3260 3342 3318 per

1765 3360 1825 3401 se
1856 3359 2091 3415 operans
2136 3342 2506 3399 universitatis
2531 3340 2785 3397 salutem.

2044 3456 2317 3523 Eiusdem,
2345 3471 2409 3509 ea:
2437 3454 2617 3508 eodem
2642 3468 2896 3506 sermone.
2939 3449 3058 3504 ΙΙΙ.

1834 3570 1923 3625 Ill.
1974 3569 2190 3625 Etenim
2243 3577 2296 3623 et
2328 3569 2485 3633 inibi,
2544 3574 2603 3620 ut
2648 3565 3020 3636 paradigmate
3075 3562 3221 3633 quod
3270 3560 3339 3615 de

1767 3663 2049 3719 Salvatore
2102 3662 2308 3716 dictum
2368 3669 2451 3714 est
2504 3658 2827 3728 exprimam,
2859 3653 3125 3709 naturalis
3163 3666 3345 3709 sermo

1765 3768 1921 3809 meus
1947 3760 2212 3822 cognatus
2248 3757 2333 3839 est
2390 3757 2444 3802 et
2480 3752 2818 3815 competens,
2855 3757 2978 3797 cum
3032 3741 3135 3795 sim
3168 3738 3342 3793 ratio-

1767 3847 1909 3901 nalis
1956 3854 2010 3900 et
2043 3833 2421 3898 intella’tualis
2459 3839 2670 3902 anima;
2710 3835 2868 3905 cujus
2907 3833 3204 3889 secundum
3241 3845 3343 3884 na-

1768 3947 1949 3993 turam
1983 3943 2068 3989 est
2100 3949 2131 3987 a
2159 3948 2217 3986 se
2266 3930 2483 3985 mobilis
2515 3925 2761 3997 operatio
2821 3940 2884 3980 ac
2930 3924 3106 3993 prima
3139 3923 3339 3988 virtus,

1769 4043 1984 4097 semper
2008 4025 2247 4091 mobilis,
2284 4036 2465 4079 sermo
2488 4018 2806 4074 naturaliter
2834 4032 2901 4072 ex
2939 4031 3003 4069 ea
3040 4014 3340 4084 proﬂuens.

1771 4123 1945 4192 Quem
1984 4120 2165 4176 verbis
2201 4117 2492 4189 prolatum,
2523 4122 2576 4169 et
2604 4113 2762 4167 lineis
2813 4116 3118 4169 exaratum,
3155 4107 3342 4176 lingua

1769 4216 1988 4288 quidem
2021 4212 2280 4283 organice
2310 4225 2432 4265 cum
2482 4214 2694 4276 oportet
2744 4203 3009 4275 produco,
3058 4209 3111 4255 ct
3150 4198 3346 4253 litteris

1772 4307 2068 4366 artificiose
2094 4303 2167 4376 (θ)
2222 4317 2319 4372 per
2354 4296 2701 4354 indissimilia
2732 4310 2841 4349 non
2883 4292 3257 4355 exsistentem,
3291 4300 3346 4344 et

1771 4396 2131 4456 dissimilibus
2159 4409 2267 4448 non
2319 4390 2615 4463 fugientem
2661 4389 2957 4444 ostendens
2989 4402 3112 4442 eum
3147 4386 3348 4441 subau-

134 4477 436 4582 γραμμάτων
463 4514 491 4564 ὁ
530 4477 752 4579 φυσικός
776 4477 875 4577 μου
903 4502 1057 4581 λόγος
1086 4477 1231 4561 ἐστὶ,
1251 4500 1354 4552 κᾶν
1396 4498 1464 4550 δι’
1491 4497 1661 4551 αὐτῶν

1773 4492 1969 4547 ditum.
2020 4485 2140 4540 Non
2181 4484 2326 4539 enim
2367 4484 2568 4553 linguae
2607 4496 2673 4537 ac
2726 4481 3029 4536 litterarum
3080 4477 3347 4532 naturalis

135 4601 271 4654 αὐτοῦ
318 4602 575 4673 ποιοῦμαι
622 4598 722 4670 τὴν
751 4593 1047 4668 προφοράν·
1083 4589 1196 4645 ἀλλ’
1238 4588 1372 4660 ἐμοῦ
1401 4588 1494 4642 τοῦ
1525 4588 1666 4643 κατά

136 4691 269 4758 φύσιν
322 4692 629 4755 λαλοῦντος,
687 4688 782 4744 κα),
835 4687 900 4740 δι’
933 4686 1133 4756 ἀμφοῖν
1194 4682 1355 4735 αὑτὸν
1402 4680 1478 4743 ὼς
1533 4679 1667 4749 ὲμὸν

134 4782 467 4852 immo-Syro;
485 4801 499 4814 ·
529 4784 628 4853 τῆς
654 4781 752 4852 μὲν
776 4777 965 4849 νοερᾶς
999 4792 1099 4847 μου
1121 4773 1300 4844 ψυχῆς
1324 4770 1565 4841 φυσικῶς
1592 4771 1680 4823 ἀεὶ

192 4902 231 4934 ⁸³
266 4903 448 4959 Matth.
484 4917 634 4961 xxvr.
665 4900 755 4955 42.

193 4996 291 5071 (ει)
328 4997 774 5071 Ἐκφυομένην..
797 5014 817 5047 ι
841 4993 1122 5071 Epatam.»
1159 4988 1296 5045 Male
1338 4987 1493 5055 edit.,
1532 5006 1551 5039 ι
1574 5002 1669 5043 co-

137 5017 324 5136 ειιξιῗέξη
342 5017 1101 5139 ῗέἶῖἒῇῖιῖἅζζὶ)ῗιτξὲἒί¹ᾇῗςέἓ

195 5127 617 5210 (25)Μεμένη)ἷε
665 5127 994 5210 τὴνί-φύσιν
1041 5130 1137 5210 καὶ
1187 5128 1301 5197 τὴν
1333 5127 1664 5210 ῥνέργειᾳνζ

138 5196 345 5281 Omnino
376 5196 658 5281 lcgendum
707 5196 1279 5281 fidelitr,_uepévnxs\f
1330 5196 1497 5281 ἦγουν
1532 5196 1671 5268 σὰρξ

136 5279 336 5401 trbavi};
388 5269 480 5334 κᾶὶ
525 5277 736 5349 παθητὴ
767 5277 865 5347 τὴν
894 5269 1059 5344 φύσιν
1082 5269 1179 5324 καῖ
1226 5269 1324 5341 τὴν
1355 5269 1667 5340 ἐνέργειαν.

172 5366 440 5401 nemo“.

172 5366 440 5406 APPEBONX.

195 5419 294 5491 (26)
326 5420 393 5475 Τὸ
414 5421 531 5490 μὲν
557 5416 906 5491 Πνεῦμᾳηκ.
954 5429 1006 5466 τ.
1031 5413 1100 5491 ..1.
1123 5409 1400 5491 .Spiritus,
1432 5408 1494 5462 τὸ
1543 5424 1671 5479 νοη-

138 5481 213 5560 τὸν
237 5481 550 5560 in'AChr'isto,
603 5481 727 5560 ipsa
762 5488 965 5551 deitas;
1001 5482 1079 5537 sic
1109 5481 1311 5535 Atban.
1343 5493 1446 5534 etc.
1472 5495 1487 5545 ;
1518 5493 1669 5545 caro,

138 5558 187 5610 τδ
213 5558 492 5632 ὁρώμενον.
517 5558 799 5632 Cottianis.

140 5620 329 5749 Β(ΞἸΥ
382 5629 797 5685 Ἐπιστώσατο.
869 5645 887 5679 ι
942 5623 1241 5688 Probavit,
1312 5620 1606 5692 persuasit.
1646 5637 1666 5671 ›

178 5718 282 5749 ΑΗΚ.

178 5718 283 5754 ΑΠΝ.

201 5770 298 5840 (9.8)
323 5766 428 5837 Ἦς
452 5812 467 5827 .
494 5811 505 5823 .
531 5812 545 5824 .
576 5772 936 5839 πειθόμενος.
969 5764 1094 5820 llaec
1124 5765 1177 5818 in
1210 5760 1362 5815 editt.
1390 5755 1669 5840 Sirmond.

143 5848 181 5883 νιν
207 5831 429 5897 ’β’άιιτὶό.
489 5845 621 5900 male
665 5831 1012 5907 omittuntur,
1039 5850 1160 5906 qua:
1220 5831 1467 5902 agnoscit
1500 5833 1669 5884 inter-

1773 4596 1952 4640 sermo
1976 4594 2131 4634 meus
2159 4587 2263 4641 est,
2314 4576 2437 4630 licet
2468 4589 2564 4643 per
2591 4589 2686 4629 eas
2723 4572 2893 4643 ipsius
2926 4571 3189 4626 faciamus
3213 4582 3345 4639 pro-

1774 4672 2212 4736 nuntiationem;
2245 4667 2340 4731 sed
2390 4683 2565 4731 meus,
2601 4664 2728 4735 quia
2762 4665 3059 4719 secundum
3093 4671 3346 4716 naturam

1785 4768 2004 4838 loquor,
2027 4774 2081 4818 et
2104 4777 2201 4832 per
2234 4768 2495 4829 utrasque
2521 4758 2673 4811 illum
2707 4765 2767 4810 ut
2798 4771 2978 4810 meum
3014 4753 3305 4825 pronuntio
3330 4770 3347 4805 :

1766 5002 2013 5056 pres._——
2036 4980 2194 5056 Forte
2228 4979 2334 5048 leg.
2368 4974 2714 5047 πειθόμενον,
2748 4982 2806 5029 ιιι
2838 4973 2906 5028 ad
2940 4973 3098 5043 γένος
3147 4970 3351 5027 refera-

1768 5051 1877 5113 tur.
1913 5054 2074 5109 EDIT.
2106 5051 2353 5106 PATBOL.

1843 5168 1974 5240 (‘29)_
2015 5164 2124 5240 Kal
2168 5161 2240 5216 τὰ
2281 5159 2741 5240 κᾳτόὺραξτούς.
2806 5155 2969 5240 Atqui
3001 5154 3179 5240 angeli
3223 5160 3349 5240 ante

1772 5223 1977 5293 Ch‘ris'ti
2018 5223 2514 5302 incorporatioueui
2547 5223 2762 5298 alioque
2793 5223 2983 5302 ordine
3016 5223 3342 5302 continuati:

1772 5310 2013 5363 ϐοηθεῖ.
2041 5333 2109 5345 -—
2156 5293 2479 5372 Respexisse
2525 5293 2739 5372 videtur
2790 5295 3158 5372 S._Pater__ad
3211 5293 3342 5346 illud

1776 5378 1976 5448 Ephes.
2012 5392 2051 5439 ι,
2079 5374 2145 5428 10
2182 5392 2195 5428 :
2240 5364 2340 5426 o'ln
2386 5370 2796 5448 dispensatione
2824 5364 3180 5448 plenitudinis
3207 5374 3344 5416 tem-

1776 5440 1997 5518 porum,
2028 5448 2335 5518 instaurare
2367 5443 2572 5518 omnia
2609 5442 2662 5518 in
2708 5440 2949 5504 Christo,
2983 5450 3104 5506 qua:
3150 5440 3206 5486 in
3237 5449 3344 5488 οων

1777 5512 1865 5579 iis,
1898 5527 1952 5573 et
1982 5532 2102 5586 qua:
2136 5516 2188 5567 in
2214 5524 2356 5568 terra
2384 5522 2533 5577 sunt,
2561 5512 2614 5565 in
2649 5512 2822 5581 ipso.»

1849 5611 1959 5681 (ὅθ)
1981 5606 2108 5662 Mer
2128 5605 2494 5681 ὑπάρχοντα.
2523 5602 2849 5657 Anastasius
2869 5597 3105 5681 legitpﬁ.
3125 5594 3190 5648 Et
3220 5610 3339 5681 mox

1779 5666 2062 5750 ποιοῦμεν.
2101 5744 2112 5750 Α
2149 5666 2509 5750 Coriibelisius
2589 5682 2769 5750 tamen
2840 5666 3021 5724 edidit
3071 5666 3348 5750 ’ποιουμέτ

1777 5768 1871 5805 νου
1892 5734 2175 5814 ;:itqueita
2203 5749 2593 5815 interpretatur
2618 5762 2631 5797 :
2665 5761 2682 5794 ι
2712 5742 2837 5795 licet
2865 5754 2963 5810 pcr
2983 5753 3077 5793 eas
3092 5734 3350 5810 (litteras)

1784 5823 1960 5891 ipsum
1993 5817 2344 5890 (scrmoncml
2374 5816 2643 5870 profero.»
