3830 7152
537 324 648 381 835

1192 320 1250 377 S.
1295 316 1666 375 HiPPOLYTI
1707 316 1858 373 OPP.
1899 314 2081 371 PARS
2122 314 2199 371 ιι.
2231 346 2298 355 ——
2336 314 2643 372 DOGMAT.
2683 314 2771 370 ΕΤ
2807 312 3145 373 ιιιδτοιιιο.
3707 319 3791 373 ΒῦΓι

538 443 613 497 ab
649 439 999 497 intellectuali
1040 436 1260 509 quidem
1299 436 1483 492 anima
1512 451 1634 491 mea
1666 448 1883 504 semper
1912 442 2129 487 natura-

2247 433 2631 505 πηγαζόμενοψ
2669 431 2757 486 διὰ
2809 431 2867 485 δὲ
2904 430 3005 501 τῆς
3032 429 3372 503 σωματικῆς
3426 445 3529 499 μου
3582 427 3795 501 γλώσσης

541 536 667 590 liter
730 533 1034 588 derivatum
1065 573 1083 599 ,
1136 548 1233 603 per
1289 530 1630 603 corporalem
1685 543 1819 584 vero
1885 526 2128 598 linguam

543 642 721 682 meam
751 624 1032 695 organice,
1067 633 1129 680 ut
1174 624 1312 691 dixi,
1344 640 1468 680 cum
1501 628 1736 694 oportet,
1778 622 2126 692 productum.

545 717 704 774 Sicut
728 731 859 787 ergo
910 715 965 769 in
997 715 1178 779 nobis,
1206 727 1474 785 quantum
1525 715 1589 789 (ι)
1631 716 1904 773 aestimare
1935 732 2134 788 possu-

542 826 671 865 mus
698 808 850 880 quod
898 809 1077 865 modis
1119 809 1379 865 omnibus
1438 819 1525 865 est
1581 809 1983 877 inaestimabile,
2036 825 2133 880 per

540 898 882 969 corporalem
914 898 1155 970 linguam
1183 908 1425 953 nostram
1460 899 1971 965 inconvertibiliter,
2008 916 2133 971 quae

544 990 851 1047 secundum
884 1001 1137 1046 naturam
1166 1000 1272 1058 est,
1317 992 1513 1047 animae
1550 992 1894 1049 rationabilis
1929 994 2135 1063 produ-

544 1085 690 1139 citur
713 1085 924 1139 virtus:
978 1084 1053 1138 ita
1091 1092 1147 1139 et
1183 1083 1238 1138 in
1289 1084 1528 1155 gloriosa
1584 1082 1683 1140 Dei
1730 1086 2132 1152 incarnatione,

544 1191 643 1246 per
673 1175 1078 1231 sanctissimam
1135 1189 1357 1232 carnem
1417 1193 1574 1232 suam
1623 1178 1679 1234 in
1707 1180 2135 1252 quibuscunque

545 1264 728 1319 divine
749 1275 1094 1336 aperaretur,
1141 1266 1261 1321 sine
1299 1268 1762 1323 convertibilitate
1789 1270 2137 1340 omnipoten-

544 1356 663 1411 tiva
691 1363 747 1410 et
796 1364 1119 1411 cunctorum
1151 1355 1373 1417 (activa.
1410 1357 1580 1413 totius
1639 1356 1861 1413 deitatis
1891 1357 2136 1427 operatio

548 1449 996 1511 monstrabatur,
1055 1450 1263 1520 alisque
1303 1450 1454 1504 omni
1520 1449 1823 1505 secundum
1881 1462 2136 1505 naturam

544 1542 1056 1611 curcumscriptione
1109 1557 1455 1611 permanens,
1490 1541 1567 1614 (κ)
1611 1543 1738 1599 licet
1765 1559 1862 1614 per
1913 1559 2136 1599 carnem

546 1631 778 1703 fuigcret
811 1642 1004 1687 natura
1037 1632 1427 1689 circumlinita.
1458 1632 1578 1690 Non
1610 1634 1757 1691 enim
1790 1635 2139 1692 circumscri-

548 1724 695 1779 bitur
718 1724 923 1780 t‘actitia
946 1736 1143 1780 natura
1171 1726 1314 1796 quod
1333 1727 1633 1781 secundum
1653 1735 1907 1782 naturam
1932 1727 2137 1783 factum

549 1833 661 1871 non
695 1827 799 1883 est,
825 1817 953 1873 licet
975 1818 1050 1888 (λ)
1076 1819 1354 1873 cooriatur
1380 1819 1429 1873 ei
1455 1834 1551 1889 per
1576 1820 1992 1890 conceptionem
2020 1835 2135 1875 om-

549 1924 675 1963 nem
727 1926 951 1965 sensum
986 1911 1529 1967 circumscribentem
1558 1929 1572 1976 ;
1632 1909 1720 1982 (μ)
1754 1927 1855 1968 nec
1880 1913 2047 1968 etiam
2079 1913 2136 1968 in

547 2002 739 2058 eodem
799 2003 920 2073 ipso
953 2002 1059 2057 sibi
1105 2012 1302 2058 natura
1349 2002 1600 2059 diﬂ'ertur
1633 2004 1930 2075 aliquando
1960 2014 2013 2060 et
2045 2020 2141 2059 na-

547 2094 744 2149 turalis
779 2094 1050 2164 operatio,
1095 2094 1272 2150 donec
1323 2104 1617 2165 utrumque
1667 2095 1812 2151 intra
1862 2096 2134 2167 propriam

551 2196 737 2242 manet
769 2188 1071 2242 naturalem
1118 2187 1713 2246 iuconvertibilitatem.
1751 2189 1825 2263 (ν)
1856 2189 2136 2247 Connatu—

550 2279 752 2333 ralium
781 2281 927 2333 enim
962 2288 1175 2334 tantum
1205 2294 1298 2349 per
1327 2295 1386 2335 se
1418 2296 1652 2351 operans
1677 2291 1759 2337 est
1788 2292 1993 2349 motus,
2024 2298 2137 2337 ma-

2231 525 2558 599 ὀργανικῶς,
2595 525 2671 589 ὡς
2698 524 2854 595 ἔφην,
2876 525 2965 579 ὅτε
3008 523 3112 596 χρὴ
3143 521 3594 594 προφερόμενον.
3622 524 3795 596 Ὠσπερ

2231 614 2325 672 οὖν
2359 617 2472 690 (51)
2503 617 2587 687 ἐφ’
2614 616 2791 689 ἡμῶν,
2828 616 2951 670 ὅσον
2997 614 3224 669 εἰκάσαι
3278 614 3344 667 τὸ
3375 612 3652 679 παντελῶς
3681 615 3797 670 ἀνείο

2232 722 2455 770 καστον,
2478 704 2567 758 διὰ
2586 705 2686 776 τῆς
2718 703 3040 776 σωματικῆς
3068 703 3236 775 ἡμῶν
3265 700 3532 773 γλώσσης
3553 705 3797 777 ἀτρέπτως

2232 802 2266 872 ἡ
2298 801 2439 855 κατὰ
2477 799 2639 870 φύσιν
2689 799 2791 871 τῆς
2823 799 3003 871 ψυχῆς
3045 798 3248 869 λογικὴ
3303 796 3645 870 προφέρεται
3678 799 3797 856 δύνα-

2238 912 2347 965 μις’
2384 893 2526 950 οὕτω
2554 894 2648 948 καὶ
2699 893 2794 946 ἐπὶ
2838 892 2941 963 τῆς
2970 889 3303 964 ὑπερφυοῦς
3341 888 3444 943 τοῦ
3474 888 3610 944 Θεοῦ
3660 910 3800 963 σωρι-

2233 986 2475 1051 τὼσεως,
2510 984 2600 1039 διὰ
2625 985 2727 1056 τῆς
2771 983 2939 1040 αὐτοῦ
2987 983 3276 1054 παναγίας
3312 982 3549 1054 σαρκὸς,
3586 984 3643 1035 έν
3668 979 3739 1047 οἷς
3757 985 3801 1039 ἂν

2236 1078 2435 1142 θεῖκῶς
2480 1077 2775 1150 ἐνήργησε,
2825 1077 2947 1149 δίχα
3006 1076 3225 1150 τροπῆς
3257 1077 3297 1147 ἡ
3340 1078 3798 1150 παντοκρατοριιὴ.

2236 1171 2332 1225 καὶ
2362 1170 2471 1224 τῶν
2496 1169 2630 1224 ἂιων
2667 1169 2926 1242 ποιητικὴ
2952 1169 3053 1240 τῆς
3102 1167 3243 1249 ρλης
3292 1166 3562 1237 θεότητος
3599 1166 3801 1237 ἐνέργεια

2236 1260 2597 1317 διαδείκνυται
2653 1262 2791 1335 (32),
2847 1262 3029 1333 πάσης
3086 1260 3253 1325 ἐκτὸς
3291 1258 3446 1314 κατὰ
3497 1257 3660 1329 φύσιν
3687 1278 3800 1334 περι-

2237 1353 2457 1428 γραφῆς
2480 1354 2831 1426 διαμένουσα,
2857 1352 2961 1408 κᾶν
2994 1352 3084 1407 διὰ
3123 1352 3351 1426 σαρκὸς
3377 1352 3651 1423 διέλαμψε
3678 1353 3799 1421 φύσει

2240 1448 2667 1521 πεπερασμένης
2698 1449 2836 1523 (33).
2878 1449 2954 1503 Οὐ
2985 1448 3096 1520 γὰρ
3135 1447 3373 1517 πέφυκε
3404 1445 3800 1518 περιγράφεσθαι

2238 1544 2440 1614 γενητῇ
2471 1542 2632 1613 φύσει
2665 1542 2727 1597 τὸ
2785 1541 2929 1598 κατὰ
2964 1542 3125 1613 φύσιν
3155 1540 3469 1610 ἀγένητον·
3517 1539 3617 1592 κᾶν
3645 1540 3801 1609 συνέφη

2241 1635 2390 1706 αὐτῷ
2441 1634 2585 1690 κατὰ
2646 1634 2906 1706 σύλληψιν
2955 1634 3135 1688 πάντα
3172 1630 3646 1703 περιγράφουσαν
3690 1631 3797 1685 νοῦ-ιο

2240 1727 2363 1782 οὔτε
2391 1729 2496 1800 μὴν
2535 1730 2615 1792 είς
2660 1728 2708 1781 τ’
2732 1726 2893 1781 αὑτὸν
2950 1724 3101 1797 αὐτῷ
3155 1723 3448 1795 φέρεσθαι
3480 1721 3591 1791 (⁸54)
3634 1720 3802 1792 φύσεώς

2239 1839 2368 1876 ποτε
2395 1822 2490 1876 καὶ
2522 1821 2757 1893 φυσικῆς
2807 1819 3111 1893 ἐνεργείας,
3162 1818 3282 1882 ἕως
3336 1816 3411 1870 ἂν
3458 1814 3705 1887 ἑκάτερον
3728 1816 3799 1885 τῆς

2242 1914 2380 1979 ίδίας
2410 1912 2563 1976 ἐντὸς
2594 1911 2747 1985 μένει
2790 1912 3026 1983 φυσικῆς
3055 1910 3362 1983 άτρεψίας.
3424 1909 3698 1979 Ὀμοφυῶν
3720 1912 3799 1981 γὰρ

2242 2007 2418 2080 μόνων
2470 2004 2868 2078 ἡταυτουργός
2912 2005 3028 2058 ἐστι
3081 2004 3314 2076 κίνησις
3378 1994 3705 2074 σημαίνουσα
3727 2004 3797 2070 τίς-θ

2238 2100 2450 2162 οὐσίαν,
2499 2093 2569 2172 ἦς
2617 2096 2820 2168 φυσικὴ
2877 2095 3188 2168 καθέστηκε
3218 2094 3498 2167 δύναμις,
3525 2096 3797 2166 trementi;

2245 2190 2504 2263 ἰδιότητος
2524 2189 2713 2254 οὐσίας
2735 2185 2875 2244 εἶναι
2927 2188 3049 2244 κατ’
3072 2186 3275 2243 οὐδένα
3303 2187 3501 2259 λόγον,
3529 2188 3563 2260 ἢ
3597 2188 3794 2258 γενέσθαι

2241 2282 2367 2353 δίχα
2387 2283 2595 2355 τροπῆς
2616 2282 2939 2354 δυναμένην.

554 2371 826 2429 ιιίΐρεισιις
890 2375 1289 2439 substantiam,
1342 2376 1503 2444 cujus
1532 2379 1837 2432 naturalem
1865 2386 2082 2433 constat
2124 2393 2247 2434 esse
2276 2380 2561 2446 virtutem;
2595 2378 2825 2433 diversa:
2879 2388 3091 2432 natura:
3121 2373 3505 2447 proprietatis
3548 2372 3794 2429 substantia

551 2471 700 2524 nulla
735 2471 946 2526 ratione
961 2486 1083 2525 esse
1108 2472 1188 2526 vel
1222 2470 1339 2526 fieri
1370 2472 1489 2526 sine
1517 2474 1976 2529 convertibilitate
2000 2474 2231 2529 valente.

840 2590 1117 2662 Ejusdem,
1144 2608 1209 2648 ex
1234 2592 1415 2647 eodem
1454 2610 1712 2649 sermone.
1746 2593 1774 2649 1
1791 2593 1851 2650 ν.

625 2704 715 2761 ιν.
745 2704 1064 2779 Mysterium
1103 2722 1343 2777 namque
1375 2707 1573 2762 divina:
1601 2708 1995 2765 incarnationis
2015 2724 2143 2780 apo-

552 2801 712 2855 stolis
749 2811 805 2855 et
829 2801 1114 2872 pr0plietis
1143 2811 1311 2872 atque
1349 2802 1667 2857 doctoribus
1714 2802 1933 2871 duplam
1967 2818 2032 2859 ac
2063 2803 2142 2858 di-

556 2908 772 2947 versam
832 2892 886 2946 in
945 2892 1202 2948 omnibus
1254 2891 1455 2947 habere
1513 2892 1821 2946 naturalem
1869 2892 2138 2949 theoriam

2462 2594 2572 2651 Τοῦ
2600 2592 2910 2663 abtamen
2956 2590 3064 2647 τοῦ
3084 2590 3283 2647 αὐτοῦ
3331 2592 3551 2661 λόγου.
3574 2589 3632 2643 δ’.

2316 2711 2392 2766 Τδ
2412 2709 2522 2783 γάρ
2566 2708 2863 2781 μυστήριον
2902 2706 3005 2777 τῆς
3035 2704 3182 2770 θείας
3212 2703 3586 2774 σαρκώσεως,
3611 2700 3789 2757 ἀποστό-

2242 2803 2357 2869 λοις
2388 2822 2469 2868 τε,
2499 2804 2595 2858 καὶ
2635 2800 2965 2873 προφήταις,
2995 2798 3089 2851 καὶ
3127 2796 3514 2860 διδασκάλοις,
3547 2795 3707 2868 διττὴν
3726 2797 3792 2849 καὶ

2240 2896 2507 2970 διαφορὰν
2528 2895 2648 2968 ἔχον
2676 2893 2999 2962 διέγνωσται
3023 2891 3123 2963 τὴν
3157 2892 3216 2944 ὲν
3264 2892 3412 2945 πᾶσι
3456 2887 3675 2960 φυσικὴν
3697 2888 3793 2942 θεω-

552 2982 920 3053 dignoscitur,
952 2999 1077 3037 cum
1109 2983 1181 3038 sit
1205 2983 1463 3053 perfectae
1507 2983 1727 3039 deitatis
1751 2994 1802 3038 et
1829 2984 2004 3054 plena:
2040 2985 2140 3040 de-

2247 2990 2388 3064 piav'
2417 2985 2735 3050 άνελλιποῦς
2762 2984 3008 3057 ὑπάρχον
3040 2982 3328 3055 θεότητος,
3365 2983 3465 3036 καὶ
3502 2980 3716 3054 πλήρους
3730 2982 3788 3069 ἐν·

555 3075 978 3128 monstrativum
1046 3073 1429 3129 humanitatis.
1508 3072 1580 3145 (ξ)
1652 3073 1897 3141 Quarum
1967 3075 2143 3132 donec

557 3182 728 3220 unum
765 3168 1067 3223 secundum
1104 3166 1471 3222 substantiam
1510 3181 1619 3221 non
1652 3167 1932 3239 cOgnitum
1978 3166 2144 3223 fuerit

557 3257 800 3314 Verbum
833 3259 1001 3314 unius
1024 3260 1384 3330 operationis,
1408 3276 1534 3315 cum
1569 3259 1856 3331 utriusque
1885 3260 1977 3329 sit,
1998 3277 2142 3316 nuu-

556 3367 725 3423 quam
778 3352 1078 3423 aliquando
1130 3362 1493 3423 cognoscetnr
1539 3362 1743 3409 motus.
1794 3352 1930 3409 Cum
1993 3354 2143 3410 enim

556 3459 771 3515 seraper
798 3445 1101 3500 secundum
1129 3454 1380 3499 naturam
1411 3445 1640 3501 exsistat
1659 3444 1822 3512 Dens,
1852 3447 2144 3517 superinli-

559 3538 673 3592 nita
702 3537 904 3592 virtute
935 3535 1134 3601 factus,
1169 3536 1312 3592 sicut
1337 3536 1529 3603 voluit,
1562 3537 1728 3592 homo
1752 3538 1872 3593 sine
1901 3549 2147 3608 peccato,

559 3630 714 3699 quod
755 3637 875 3684 erat
917 3637 1024 3697 est,
1057 3645 1182 3685 cum
1215 3631 1435 3699 quantis
1480 3631 1832 3700 cognoscitur
1869 3629 2059 3687 Deus:
2097 3639 2153 3687 ct

561 3723 711 3793 quod
739 3722 920 3778 factus
947 3731 1054 3785 est,
1110 3731 1195 3777 est
1220 3738 1343 3777 cum
1385 3723 1607 3792 quantis
1648 3737 1772 3777 esse
1800 3723 2151 3793 cognoscitur

563 3815 756 3870 homo.
789 3815 858 3886 (ο)
896 3813 1210 3870 Secundum
1245 3824 1541 3883 utrumque
1563 3801 1724 3878 su'tun
1777 3829 1995 3883 semper
2025 3829 2148 3883 per—

561 3921 792 3961 manens
826 3907 946 3961 sine
975 3920 1130 3969 casu,
1165 3905 1370 3975 quibus
1390 3904 1575 3959 divine
1604 3904 1810 3974 pariter
1829 3913 1885 3959 et
1907 3905 2146 3959 humane

560 4008 823 4069 operatus
873 4008 988 4065 est;
1055 3998 1451 4069 perfectionem
1518 4013 1613 4067 per
1668 4011 1886 4053 omrem
1949 3996 2149 4052 utrius—

562 4107 672 4162 que
698 4087 968 4148 rationem
1008 4092 1110 4147 sibi
1144 4092 1471 4148 naturaliter
1501 4090 2007 4148 incommutabilem
2031 4090 2143 4149 sal-

561 4200 720 4242 ναιιε.

871 4295 1152 4367 Ejusdem,
1177 4310 1243 4351 ea:
1268 4296 1451 4350 eodem
1476 4310 1734 4349 sermone.
1772 4292 1837 4348 V.

634 4409 702 4466 ν.
731 4407 872 4465 Bero
893 4409 1041 4465 enim
1074 4408 1296 4480 quidam
1340 4421 1535 4477 nuper,
1564 4416 1619 4461 et
1646 4406 1741 4462 alii
1768 4404 2017 4476 quidam,
2039 4403 2141 4460 Va-

2245 3080 2515 3138 δεικτικδν
2561 3079 2983 3153 ἀνθρωπότητος
3023 3075 3103 3130 δν.
3158 3076 3314 3143 Ἕως
3359 3076 3431 3132 ἃν
3476 3076 3574 3147 οὐχ
3613 3074 3707 3147 (35)
3734 3068 3789 3137 εἷς

2248 3177 2389 3232 κατὰ
2435 3175 2531 3249 τὴν
2563 3175 2750 3229 οὐσίαν
2780 3172 3105 3245 γνωρίζεται
3156 3171 3341 3240 Λόγος
3379 3170 3514 3241 μιᾶς
3546 3166 3789 3241 ἐνεργείαςί

2247 3269 2504 3323 οὐδέποτε
2568 3267 2691 3322 καθ’
2743 3264 2921 3320 ὁτιοῦν
2972 3261 3305 3335 ἀμφοτέρων
3357 3260 3710 3332 γνωσθήσεται
3726 3256 3786 3310 κῖ-

2249 3379 2424 3435 νησις.
2501 3361 2560 3416 '0
2618 3360 2732 3433 γάρ
2784 3360 2873 3414 ἀεὶ
2923 3359 3066 3419 κατὰ
3125 3359 3294 3428 φύσιν
3361 3354 3621 3425 ὑπάρχων
3663 3348 3785 3410 Θεὸς.

2251 3455 2607 3527 ὑπεραπείρῳ
2635 3454 2860 3526 δυνάμει
2889 3451 3183 3524 γενόμενος
3211 3450 3294 3517 ὡς
3329 3449 3600 3522 ἠθέλησεν
3622 3445 3784 3516 άνθρωυ

2252 3565 2353 3612 πος
2390 3547 2793 3618 ἀναμάρτητος,
2828 3546 2967 3618 ὅπερ
3023 3541 3093 3617 ἦν
3124 3545 3266 3609 ἐστι,
3298 3544 3429 3617 μεθ’
3472 3545 3609 3598 ὅσων
3633 3539 3783 3593 νοεῖται

2247 3639 2398 3704 Θεόςο
2428 3639 2521 3693 καὶ
2550 3640 2689 3711 ὅπερ
2726 3637 2972 3708 γέγονεν,
3010 3637 3129 3701 ἐστὶ
3161 3637 3285 3708 μεθ’
3334 3636 3482 3690 ὅσων
3510 3634 3688 3687 νοεῖται
3716 3638 3780 3680 και

2246 3732 2608 3805 γνωρίζεσθαι
2635 3731 2879 3802 πέφυκεν
2925 3729 3232 3801 ἄνθρωπος·
3264 3726 3467 3783 ἑαυτοῦ
3492 3724 3611 3781 καθ’
3639 3720 3781 3775 Excite-

2249 3842 2340 3897 ρον
2386 3824 2475 3878 ἀεὶ
2528 3823 2706 3896 μένων
2759 3822 3127 3885 ἁνέκπτωτος,
3172 3815 3257 3886 οἷς
3289 3819 3494 3883 θεῖκῶς
3540 3814 3663 3887 ὁμοῦ
3710 3810 3776 3864 καὶ

2252 3915 2610 3988 ἀνθρωπίνως
2678 3916 2985 3987 ἐνήργησε,
3060 3914 3267 3969 τέλειον
3342 3911 3507 3967 κατὰ
3555 3908 3638 3962 τὸν
3686 3905 3780 3956 ἑκε-

2251 4008 2413 4081 τέρου
2480 4007 2637 4077 λόγον
2696 4008 2884 4074 σώζων
2954 4006 3150 4062 ἑαυτοῦ
3217 4004 3477 4076 φυσικῶς
3548 3996 3777 4056 ἀναλλοίω·

2250 4118 2361 4156 τον.

2472 4298 2582 4352 Τοῦ
2612 4299 2822 4363 αὐτοῦ,
2852 4299 2921 4353 ἐκ
2954 4297 3061 4354 τοῦ
3104 4300 3292 4354 αὑτοῦ
3319 4300 3528 4370 λόγου.
3558 4300 3613 4348 ε’.

2325 4413 2518 4485 Βηρων
2564 4413 2675 4487 γάρ
2714 4431 2797 4477 τις
2843 4411 3094 4485 ἔναγχος,
3150 4412 3268 4485 μεθ’
3295 4413 3500 4484 ἑτέρων
3525 4400 3770 4471 τινῶνβῆν

565 4503 758 4558 lentini
774 4500 1071 4573 phantasia
1091 4499 1330 4565 deserta,
1354 4497 1611 4554 deteriori
1649 4497 1846 4553 irretiti
1870 4506 2000 4553 sunt
2018 4512 2142 4567 pra-

2252 4506 2566 4561 Βαλεντίνου
2601 4505 2901 4575 φαντασίαν
2930 4505 3179 4574 ἀφέντες,
3228 4505 3437 4577 χείρονι
3468 4498 3612 4570 κακῷ
3654 4509 3769 4548 κατε·

563 4596 741 4660 vitati,
774 4597 1019 4651 dicentes
1051 4603 1390 4663 assumptam
1424 4607 1455 4646 a
1487 4588 1671 4646 Verbo
1700 4605 1949 4656 carnem,
1976 4588 2147 4644 fuisse

565 4686 755 4742 eadem
791 4701 913 4757 quae
945 4685 1206 4740 divinitas
1229 4692 1453 4754 operata
1483 4693 1569 4736 est
1591 4689 1871 4752 operatam
1911 4698 1925 4735 :
1959 4678 2152 4735 divini-

564 4787 732 4834 tatem
763 4793 894 4835 vero
928 4776 1371 4848 compassibilem
1433 4774 1586 4830 carni
1619 4781 1841 4844 propter
1902 4770 2153 4827 exinanio

567 4872 810 4940 tionem;
833 4870 1348 4927 convertibilitatem
1372 4867 1538 4923 simul
1566 4877 1621 4922 et
1671 4865 2113 4922 commistionem
2132 4904 2149 4928 ,

568 4979 666 5019 seu
701 4963 1104 5027 confusionem,
1139 4973 1306 5033 atque
1350 4960 1638 5030 utriusque
1684 4960 1738 5013 in
1766 4958 1998 5014 invicem
2037 4973 2153 5012 mu-

568 5056 832 5111 tationem
885 5056 1339 5128 dogmatilantes.
1397 5052 1458 5107 Si
1513 5052 1662 5108 enim
1708 5059 1990 5121 assumpta
2021 5063 2152 5105 caro

643 5212 756 5285 (51)
789 5215 1013 5284 Ὠσπερ
1038 5211 1172 5270 οὖν.
1196 5211 1538 5283 Nicephorius
1558 5209 1888 5285 patriarcha
1921 5207 2033 5285 ΟΡ,
2067 5209 2147 5264 ci-

569 5279 663 5361 tat
683 5279 831 5340 hunc
866 5279 1041 5361 locum
1069 5288 1120 5340 in
1146 5286 1285 5339 libro
1332 5279 1965 5361 contraimpugnatores
2013 5279 2154 5361 ima-

571 5358 783 5426 ginum,
825 5358 917 5427 qui
980 5372 1084 5411 ms.
1133 5363 1312 5410 exstat
1337 5355 1390 5407 in
1430 5349 1763 5408 bibliotheca
1805 5349 1976 5419 Regia
2006 5361 2061 5404 ct
2091 5351 2149 5405 in

571 5427 907 5483 Uulnertina.
936 5427 1197 5482 SIRIOND.

645 5497 1228 5570 (ὄέλΔιαδείιινυται.
1279 5492 1515 5566 Legebat
1540 5490 1868 5548 Anastasius
1918 5489 2148 5544 διεδείκ-

572 5568 743 5624 νυτο.
766 5568 931 5624 wa.

650 5642 761 5711 ('55)
790 5635 1285 5711 Hsaspacmérnc.
1307 5634 1471 5711 Addit
1502 5631 1840 5711 Nicephorus
1874 5630 2015 5711 hanc
2048 5629 2151 5711 ad:

575 5700 910 5782 uolati'onem
937 5700 961 5765 ἶ
980 5781 983 5782 ν
1009 5700 1350 5782 Σημειωτέον
1392 5705 1476 5782 ὅτι
1506 5702 1569 5757 τὸ
1598 5700 2063 5782 πεπερασμένης
2102 5702 2151 5754 τ’

575 5780 740 5839 αὐτόν
779 5785 894 5836 ἐστι
922 5781 1001 5855 τῷ
1024 5774 1594 5851 πέριγεγρομμέιης.
1623 5779 1877 5843 διηκοκιι.

2252 4599 2532 4672 πάρησαν,
2556 4597 2828 4666 λέγοντες,
2856 4595 2953 4668 τὴν
2987 4595 3085 4667 μὲν
3111 4595 3548 4668 προσληφθεῖσαν
3564 4588 3632 4661 τῷ
3653 4586 3764 4651 Λάγῳ

2253 4691 2431 4762 σάρκα
2491 4688 2741 4759 γενέσθαι
2794 4684 3128 4757 ταυτουργὸν
3183 4689 3251 4758 τῇ
3309 4686 3543 4756 θεότητι,
3590 4676 3665 4732 διὰ

2252 4782 2577 4857 πρόσληψιν·
2619 4782 2719 4855 τὴν
2760 4782 2989 4853 θεότηνα
3021 4781 3077 4835 δὲ
3120 4781 3377 4851 γενέσθαι
3423 4771 3696 4841 ταυτοπαθῆ

2253 4878 2441 4950 σαρκὶ,
2491 4875 2580 4930 διά
2614 4876 2864 4929 κένωσιψ
2907 4876 3116 4949 τροπὴν
3140 4874 3299 4946 ὁμοῦ,
3327 4874 3424 4930 καὶ
3471 4870 3661 4943 φύρσιν,
3700 4860 3765 4914 καὶ

2254 4971 2538 5044 σύγχυσιν,
2560 4970 2657 5024 καὶ
2682 4970 2782 5042 τὴν
2830 4970 2911 5034 εἰς
2957 4968 3223 5040 ἀλλήλους
3250 4967 3568 5040 ἀμφοτέρων
3592 4950 3761 5051 μεταῆ

2252 5064 2351 5134 λὴν
2400 5043 2841 5134 δογματίζοντες.
2898 5061 2963 5115 El
3010 5059 3121 5133 γὰρ
3175 5057 3573 5133 προσληφθεῖσα
3604 5050 3634 5121 ἠ
3664 5043 3763 5114 σὰρξ

2326 5216 2437 5286 (54)
2469 5216 2778 5284 Φέρεσθαι.
2832 5210 3035 5286 Supple
3062 5212 3293 5282 πέφυκε.
3333 5212 3641 5286 Capreae“.

2326 5277 2437 5359 (35)
2475 5277 2626 5359 Ἕως
2664 5286 2740 5359 ᾂν
2785 5277 2930 5359 οὺχῖ
2950 5277 3287 5359 Persuasum
3333 5277 3761 5359 babetCappqtlll:

2257 5341 2485 5423 nieritis,
2506 5341 2797 5426 legendum
2822 5341 2910 5410 hic
2930 5370 3052 5411 esse
3083 5354 3191 5419 ἓως
3215 5355 3281 5409 ἂν
3316 5349 3429 5408 οὖν.
3461 5341 3756 5426 ξρειξὲιίειάβῇξ

2256 5427 2399 5483 infra
2425 5419 2539 5483 not.
2561 5419 2662 5482 ‘73.
2700 5426 2870 5481 Nemo
2896 5436 3078 5481 autem
3126 5441 3235 5480 non
3278 5426 3441 5484 videt.
3467 5419 3518 5476 in
3542 5419 3755 5490 Anastasll

2256 5500 2507 5534 ..ονεςηηα
2542 5512 2642 5534 nI-n
2699 5496 2982 5534 ,ηησινηηι
3019 5514 3038 5534 ι
3070 5497 3214 5534 ηιιηιι
3272 5496 3467 5534 ιιιιιιρηί
3509 5487 3640 5534 Mitt.
3669 5480 3753 5534 SH"

2255 5500 2507 5554 versione
2538 5512 2643 5620 pro
2699 5496 2983 5564 «Quarum
3019 5514 3038 5548 ι
3070 5497 3214 5565 quod
3264 5496 3468 5550 habent
3509 5491 3640 5571 editt.
3669 5491 3753 5534 sir-

2256 5568 2444 5624 mondi
2465 5578 2517 5623 et
2581 5568 2796 5635 abricii,
2814 5568 3096 5637 legendum
3123 5583 3247 5638 cum
3265 5561 3604 5638 Combeﬁsnot
3622 5549 3754 5638 Q3331”

2255 5639 2386 5709 diu;
2419 5657 2438 5690 ι
2467 5639 2644 5709 quiet
2669 5639 2759 5694 hic
2783 5631 3024 5694 adnotat
3050 5655 3065 5692 :
3122 5655 3142 5691 ι
3166 5636 3365 5694 Eadem
3394 5634 3498 5691 fere
3525 5631 3752 5687 ωηωιιιω

2257 5708 2542 5778 Chalccd.,
2573 5708 2682 5766 Leo
2713 5725 2871 5781 papa,
2901 5718 3041 5765 etc.»
