3882 6332
136 340 219 396 3:7
1072 306 1354 390 conm.
1392 330 1717 389 BERONEM
1757 330 1845 388 ET
1884 332 2319 390 mucosum
2550 364 2555 367 τ
3229 328 3379 391 sss'

134 460 296 528 γέγονε
347 454 672 528 ταυτουργὺθς
719 454 784 526 τῇ
822 452 1075 524 θεότητι,ο
1092 451 1334 524 δηλονότι
1388 450 1484 505 καὶ
1513 450 1667 521 φύσει

1809 461 1917 508 acta
1941 462 2026 507 est.
2055 449 2398 522 cooperatrix
2458 449 2756 516 divinitati,
2787 450 3130 521 liqueequod
3154 462 3208 506 et
3249 468 3342 506 na-

136 550 245 613 Θεὸς
270 548 382 621 μεθ’
405 548 543 603 ὅσων
579 546 825 617 φυσικῶς
874 548 1073 599 νοεῖται
1100 545 1253 609 Θεὸς⁸
1282 544 1377 599 καὶ
1400 545 1450 598 εί
1474 542 1665 613 γέγονε

1809 561 1891 602 ira
1923 544 2067 603 Deus
2120 561 2245 601 cum
2299 552 2567 616 quotquot
2595 553 2680 600 est
2708 544 3043 616 intelligatur
3071 542 3257 612 Deus;
3287 557 3342 600 et

136 638 399 694 κενωθεῖσα
455 641 523 711 τῇ
555 637 719 710 σαρκὶ
743 632 1087 705 ταυτοπαθὴς
1106 635 1141 705 ἡ
1172 632 1384 704 θεότης,
1425 630 1666 703 δηλονότι

1805 637 1979 693 il‘acta
2004 646 2091 693 est
2117 636 2394 691 exinanita
2425 636 2830 706 compassibilis
2853 635 3007 692 carni
3059 636 3338 698 divinitas.

137 730 212 785 καὶ
238 729 388 800 φύσει
441 729 595 803 σὰρξ,
658 728 777 800 μεθ’
805 730 947 784 ὅσων
982 725 1248 799 φυσικῶς
1304 723 1667 797 γνωρίζεσθαι

1810 739 1938 800 quet
1958 728 2102 800 quod
2118 737 2182 783 et
2205 736 2401 782 natura
2431 742 2561 783 caro
2594 742 2719 782 eum
2769 736 3142 799 quotquot-aest
3178 737 3338 783 natu-

126 824 315 892 πέφυκε
354 822 508 893 σάρξ.
538 821 618 875 Τὰ
666 822 775 894 γὰρ
801 820 1051 894 ἀλλήλοις
1103 817 1369 891 ὁμοεργῆ,
1398 816 1493 873 καὶ
1533 833 1659 870 ταυ-

1809 821 1957 875 aliter
1977 834 2097 875 esse
2119 818 2448 889 intelligatur
2471 833 2619 874 caro.
2662 816 2740 874 Ea
2779 819 2978 889 quippe
3006 834 3127 889 qua:
3149 829 3342 875 mutuo

128 912 327 983 τουργὰ,
377 911 493 964 καὶ·
522 911 767 983 ὁμόφυλα
797 912 1038 978 πάντως,
1069 911 1163 966 καὶ
1188 908 1526 981 ταυτοπαθῆ,
1551 908 1661 962 δια-

1805 920 1900 967 unt
1925 910 2296 982 cooperantia,
2343 919 2398 966 et
2432 910 2621 965 eadem
2669 910 2973 981 operantia,
3011 922 3068 967 et
3093 912 3338 982 ejusdem

133 1003 279 1076 φορὰν
318 1005 413 1057 οὐκ
467 1004 773 1074 ἐπιδέχεται
805 1004 1040 1075 φύσεως·
1101 1002 1197 1057 καὶ
1246 1002 1461 1073 φύσεων
1486 1001 1666 1064 αὐτοῖς

1806 1005 1996 1076 riginis
2022 1045 2040 1072 ,
2092 1002 2336 1075 profecto
2404 1011 2459 1058 et
2506 1003 2939 1073 compassibilia,
2982 1014 3191 1060 natura;
3229 1022 3339 1060 non

134 1095 537 1167 συγκεχυμένων,
556 1096 708 1151 ἔσται
734 1096 864 1161 δυὰς
890 1097 920 1149 ὁ
944 1095 1200 1168 Χριστὸς,
1229 1095 1323 1148 καὶ
1361 1091 1667 1166 προσώπων

1806 1096 2120 1168 uscipientia
2168 1095 2576 1151 diﬂ'erentiam:
2626 1103 2680 1150 et
2705 1096 2920 1150 naturis
2942 1095 3046 1161 sibi
3069 1094 3339 1162 confusis,

135 1187 519 1259 μεμερισμένων
567 1188 785 1260 τετρὰς,
838 1187 899 1242 τὺ
950 1186 1331 1258 φευκτότατον.
1393 1183 1505 1238 Καὶ
1551 1185 1668 1248 πῶς

1809 1190 1871 1244 rit
1896 1189 2130 1244 dualitas
2154 1187 2427 1252 Christus,
2452 1195 2511 1241 et
2531 1186 2780 1256 personis
2808 1187 3073 1256 separatis"
3103 1188 3342 1257 ﬁetqua-

132 1280 287 1342 αὐτοῖς
313 1276 391 1343 είς
417 1279 513 1333 καὶ
537 1282 566 1334 ὁ
589 1280 774 1344 αὐτὸς,
805 1279 937 1343 Θεὸς
979 1277 1118 1350 ὁμοῦ
1150 1275 1308 1348 φύσει
1338 1276 1433 1330 καὶ
1451 1274 1665 1346 ἄνθρω-

1809 1282 2029 1350 :rnitas;
2056 1280 2202 1353 quod
2236 1288 2320 1336 est
2350 1280 2578 1335 nimium
2602 1277 2940 1344 fugiendum.
2972 1279 3040 1334 Et
3065 1282 3342 1352 quomodo

130 1390 232 1437 πος,
251 1372 277 1425 ὁ
302 1372 533 1444 Χριστός
556 1389 571 1439 ;
603 1372 765 1427 ποίαν
788 1372 845 1425 δὲ
873 1373 993 1425 κατ’
1016 1371 1214 1436 αὐτοὺς
1236 1370 1347 1437 ἕξει
1367 1367 1464 1440 τὴν
1488 1366 1663 1439 ὓπαρ-

1816 1373 1881 1428 lis
1903 1388 2048 1427 unus
2076 1381 2130 1427 et
2162 1370 2305 1426 idem
2354 1371 2470 1441 ipse
2503 1370 2627 1437 erit,
2675 1370 2818 1427 Deus
2850 1370 3046 1429 natura
3096 1373 3260 1429 simul
3290 1383 3344 1428 ct

133 1467 216 1532 ξιν,
255 1464 513 1537 μεταϐολῇ
569 1464 822 1537 θεότητος
873 1462 1161 1534 γενόμενος
1222 1461 1527 1535 ἄνθρωπος,
1575 1462 1666 1516 καὶ

1812 1480 1955 1530 omo,
1989 1463 2280 1520 Christus?
2332 1462 2416 1535 (π)
2466 1461 2641 1530 Quam
2669 1463 2833 1517 etiam
2868 1466 3166 1530 secundum
3195 1464 3345 1534 ipsos

132 1560 302 1632 σαρκὸς
359 1558 715 1631 μεταποιήσει
767 1555 933 1625 Θεός;
1000 1558 1067 1611 Ἡ
1132 1556 1243 1628 γὰρ
1301 1558 1382 1619 είς
1435 1554 1665 1627 ἀλλήλας

1813 1556 1988 1612 ahebit
2014 1556 2330 1621 essentiam,
2352 1555 2655 1610 mutatione
2690 1555 2992 1613 divinitatis
3022 1555 3200 1611 factus
3246 1557 3346 1611 lio-

127 1654 299 1708 τούτων
351 1651 731 1724 μετάπτωσις,
796 1649 1066 1721 παντελής
1132 1651 1282 1703 ἐστιν
1341 1649 1660 1721 ἀμφοτέρων

1810 1662 1881 1714 ιο,
1914 1656 1969 1703 et
1990 1648 2173 1703 carnis
2197 1647 2553 1703 translatione
2586 1645 2766 1703 Deus?
2795 1646 2970 1704 Casus
2997 1649 3141 1704 enim
3171 1650 3226 1703 in
3260 1650 3343 1704 al-

128 1744 385 1816 ἁναίρεσις.
444 1741 765 1796 Σκοπείσθω
822 1741 886 1814 δὴ
952 1742 1116 1796 πάλιν
1188 1743 1322 1814 ἡμῖν
1378 1743 1580 1814 ἑτέρως
1635 1744 1661 1796 ὁ

1809 1744 2036 1799 :rutras.
2099 1737 2414 1794 omnimoda
2478 1746 2563 1792 est
2610 1747 2971 1807 utrarumque
3024 1739 3342 1811 peremptio.

121 1805 271 1907 λόγος.
349 1805 360 1808 ⁷
873 1805 886 1814 ’
1212 1805 1244 1814 Π
1473 1805 1485 1814 ’
1563 1805 1573 1807 7
1694 1805 1737 1861 Β
1765 1827 2093 1900 Inspiciatur
2128 1829 2312 1900 itaque
2346 1844 2377 1884 a
2411 1822 2569 1885 nubis
2602 1830 2760 1885 aliter
2787 1805 2991 1886 sermo.

309 1948 416 2003 Τοῦ
445 1946 657 2013 αὐτοῦ,
678 1946 748 2001 ἐκ
779 1944 885 2002 τοῦ
921 1946 1108 2003 αὐτοῦ
1137 1947 1342 2017 λόγου.
1377 1951 1451 2011 ς’.

2051 1939 2326 2012 Ejusdem,
2359 1956 2424 1995 ex
2453 1941 2635 1997 eodem
2659 1958 2917 1997 sermone.
2958 1941 3054 1996 VI.

181 2064 397 2129 Εὐσεϐἐς
443 2064 757 2137 κεκύρωται
779 2065 959 2137 δόγμα
1008 2065 1374 2134 Χριστιανοῖς,
1416 2061 1537 2115 κατ’
1571 2060 1668 2113 αύ-

1838 2051 1927 2106 Vl.
1951 2052 2106 2127 Pium
2133 2046 2463 2109 Christianis
2502 2032 2977 2131 "constitutumiest
3003 2055 3197 2127 dogma
3228 2073 3348 2113 cre-

125 2160 206 2229 τήν
234 2176 285 2212 τε
316 2158 496 2229 φύσιν,
528 2136 627 2213 καὶ
682 2159 782 2230 τὴν
831 2157 1131 2229 ἐνέργειαν,
1182 2154 1277 2209 καὶ
1332 2155 1441 2208 πᾶν
1482 2151 1658 2224 ἕτερον

1815 2138 2045 2214 antibus,
2075 2146 2151 2219 (ρ)
2198 2146 2501 2202 secundum
2555 2145 2800 2201 eamdem
2833 2156 3082 2202 naturam
3117 2164 3182 2204 ac
3224 2164 3348 2219 epe-

126 2248 251 2320 αὐτῷ
295 2250 592 2323 προσφυὲς,
647 2250 759 2304 ἴσον
812 2247 988 2319 ἑαυτῷ
1008 2300 1013 2304 ,
1036 2246 1131 2300 καὶ
1172 2245 1366 2299 ταυτὸν
1399 2240 1536 2298 εἶναι
1578 2244 1659 2297 τὸν

1812 2238 2060 2304 itionem,
2101 2248 2156 2293 et
2181 2254 2342 2293 omne
2367 2238 2517 2309 aliud
2548 2236 2651 2294 sibi
2693 2238 3047 2308 conveniens,
3081 2242 3345 2312 aequalem

127 2339 251 2393 Θεὸν·
303 2340 465 2411 μηδὲν
514 2338 699 2411 ἐαυτῷ
753 2339 862 2393 τῶν
916 2337 1111 2391 ἐαυτοῦ
1161 2334 1440 2398 παντελῶς
1486 2333 1660 2387 ἄνισοι

1815 2327 1874 2383 ηδί
1897 2337 1952 2384 et
1978 2328 2231 2383 eumdem
2259 2327 2436 2398 ipsum
2466 2344 2589 2385 esse
2614 2328 2808 2395 Deum,
2837 2330 2972 2384 nihil
3001 2332 3225 2386 omnino
3255 2349 3348 2388 co-

128 2431 305 2503 ἔχοντα,
340 2433 433 2487 καὶ⁴
482 2431 877 2503 ἀκατάλληλον.
916 2432 990 2494 ⁴Εί
1043 2428 1221 2483 τοίνυν
1269 2426 1411 2482 κατὰ
1443 2427 1661 2498 Βήρωνα

1810 2431 1894 2468 nm
1931 2432 2052 2485 quae
2074 2432 2172 2471 sua
2203 2426 2332 2471 sunt
2365 2417 2634 2488 inaequale
2678 2418 2967 2475 habentem
3004 2431 3059 2493 et
3087 2421 3343 2477 inconve-

125 2527 206 2597 τῆς
243 2527 403 2598 αὐτῆς
450 2525 607 2597 αὐτῷ
662 2502 1067 2597 προσληφθεῖσα
1120 2520 1356 2591 φυσικῆς
1394 2520 1658 2591 ἐνεργείας

1815 2504 1952 2559 iens.
1991 2502 2047 2558 Si
2095 2504 2257 2574 igitur
2279 2506 2575 2560 secundum
2623 2505 2888 2562 Beroncm
2931 2520 3208 2580 assumpta
3239 2511 3344 2566 sibi

129 2595 315 2689 γέγονεν
406 2595 838 2692 capitulo—v61:
860 2595 963 2671 καὶ
995 2618 1091 2688 τῆς
1114 2615 1286 2686 αὐτῆς
1312 2614 1457 2685 αὐτῷ
1482 2615 1662 2683 γέγονε

1811 2612 1900 2651 aro
1928 2595 2174 2666 ejusdem
2209 2596 2540 2666 operationis
2594 2597 2784 2653 cﬂ‘ecta
2805 2601 2916 2665 est,
2947 2598 3091 2653 haud
3119 2601 3344 2656 dubium

129 2687 310 2783 φύσεως
344 2687 459 2786 μεθ’
479 2687 719 2783 ⁷ὅσωνλίλ
771 2710 953 2781 φύσις,
1005 2687 1303 2780 ἀναρχίας,
1352 2708 1662 2780 ἀγενησίας,

1815 2689 1904 2742 uin
1934 2696 1990 2743 et
2012 2688 2256 2758 ejusdem
2282 2687 2420 2744 facta
2447 2698 2526 2745 est
2549 2689 2651 2744 sibi
2678 2694 2906 2754 naturai,
2930 2706 3053 2745 cum
3080 2702 3348 2763 quotquot

125 2780 366 2879 ἀπειρίας,
395 2780 723 2876 ἀῐδιότητος,
750 2780 1143 2873 ἀκαταληψίας,
1179 2800 1273 2854 καὶ
1295 2799 1401 2853 τῶν
1425 2801 1527 2855 ὅσα
1550 2799 1658 2853 τού-

1814 2789 1857 2833 ςι
1889 2790 2106 2846 natura,
2135 2781 2187 2835 id
2234 2789 2317 2836 est
2347 2780 2827 2852 inprincipalitate,
2872 2780 3186 2853 infactione,
3227 2784 3347 2839 inli-

128 2916 217 2955 των
236 2872 353 2954 καθ’
388 2872 668 2970 ὑπεροχὴν
702 2896 732 2948 ὁ
766 2872 1075 2963 θεολογικὸς
1104 2890 1395 2965 ὑπερφυῶς
1420 2893 1582 2964 ἐνορᾷ
1603 2896 1661 2964 τῇ

1815 2873 1961 2938 itate,
2013 2872 2477 2943 sempiternitate,
2536 2873 3222 2944 incomprehensibilitate,
3293 2882 3347 2932 et

128 2992 314 3061 θεὸτητι
346 2964 525 3061 λόγος’
564 2964 661 3043 καὶ
684 2987 891 3060 τροπὴν
916 2986 1202 3058 ἀμφότερα
1214 2964 1512 3048 πέπονθεν,
1549 2983 1661 3055 μηδ

1821 2979 2114 3034 nmcunque
2146 2964 2342 3019 horum
2371 2965 2670 3039 secundum
2723 2965 3154 3037 magnitudinem
3202 2969 3354 3023 theo-

128 3032 286 3158 στέρέυ
322 3032 430 3139 τὸν⁸
445 3032 564 3155 ῖῆς
616 3032 751 3145 ιδίαξ
780 3032 1243 3149 φέσεωξᾌῡσιὲιδη
1283 3076 1439 3146 λόγον
1468 3032 1661 3130 ετιτσξιν

1812 3056 1953 3127 igica
1985 3054 2323 3126 amplisSime
2352 3056 2407 3111 in
2458 3036 2660 3112 deitate
2708 3057 2853 3112 ratio
2880 3059 3304 3129 'cont'emplatur
3330 3079 3345 3116 :

127 3139 320 3249 ξάμενον
346 3139 591 3248 ἔχοντος.
634 3175 692 3228 '0
731 3139 849 3246 ⁷γάρ
904 3139 1397 3244 ἐτέροφυῶνέἱδως
1422 3185 1660 3239 ταυτουρ

1816 3150 2288 3205 tvicissitudinem
2338 3145 2571 3221 utraque
2615 3165 2779 3220 passa
2811 3159 2959 3223 sunt,
3017 3164 3212 3207 neutro
3250 3169 3349 3207 ria-

128 3271 247 3339 γίαν,
277 3270 543 3342 σύγχυσιν
593 3266 730 3341 ὁμοῦ
761 3265 1021 3337 φυσικὴν,
1053 3264 1149 3318 καὶ
1191 3263 1452 3334 διαίρεσιν
1498 3260 1661 3315 αύτῶι

1810 3255 1914 3294 ura:
1940 3244 2053 3296 sua:
2082 3238 2493 3296 substantialem
2550 3240 2817 3296 rationem
2854 3239 2994 3296 ultra
3025 3242 3343 3297 sal'vandam

128 3364 392 3433 εἰσηγεῖται
436 3360 835 3433 προσωπικήν·
888 3355 1252 3426 ἀδιαγνώστου
1302 3351 1577 3416 παντελῶς
1608 3355 1661 3423 τῇ

1819 3329 2027 3385 abente.
2059 3328 2161 3396 Qui
2187 3332 2330 3385 eni'm
2351 3332 2539 3385 eorum
2564 3334 2687 3402 quae
2716 3331 2940 3387 alterius
2978 3342 3107 3388 sunt
3137 3338 3346 3388 natitrm

131 3409 390 3433 ’⁷⁷ἸΙ⁷”“”“
442 3409 794 3433 ”Γ““⁷“”⁷”Ί’
893 3409 1067 3426 “”““”Ι⁷
1556 3409 1573 3416 ν
1647 3409 1656 3423 ι

129 3453 216 3506 τῶν
239 3454 535 3526 ἰδιωμάτων
565 3451 833 3524 μεταϐολῇ
852 3452 950 3522 τῆς
980 3450 1215 3521 φυσικῆς
1241 3446 1420 3502 αὐτῶν
1454 3445 1662 3518 γενομέ-

1816 3422 1940 3476 entit
1966 3420 2212 3501 eamdem
2243 3423 2637 3492 Opei'ationem,‘
2656 3422 3031 3480 confusionem
3045 3410 3217 3480 'siinul
3248 3443 3349 3480 na-

131 3562 210 3616 νης
236 3546 537 3619 ὑπάρξεως.

1815 3516 2030 3583 iralem,
2061 3525 2115 3571 et
2135 3514 2465 3571 divisionem
2504 3532 2694 3572 eorum
2731 3520 3075 3588 personalem
3099 3521 3348 3577 introdu—

1776 3609 1888 3663 cit:
1940 3608 2212 3678 incognita
2265 3623 2495 3677 prorsus
2545 3608 2865 3665 idiomatum
2921 3614 3352 3673 commutatione

1775 3699 2011 3755 naturali
2034 3715 2225 3755 eorum
2254 3699 2395 3755 facta
2426 3701 2766 3757 exsistentia.

314 3791 422 3847 Τοῦ
451 3789 669 3855 αὐτοῦ,
702 3791 771 3844 ἐκ
795 3788 902 3843 τοῦ
929 3789 1114 3845 αὑτοῦ
1143 3790 1348 3861 λόγου.
1397 3788 1457 3855 ζ’.

2024 3790 2299 3861 Ejusdem,
2331 3808 2396 3847 ea:
2446 3793 2627 3847 eodem
2676 3809 2932 3850 sermone.
2972 3792 3099 3848 VII.

190 3910 242 3962 El
263 3909 315 3963 δὲ
344 3910 442 3980 τῆς
467 3909 646 3980 αὐτῆς
674 3907 925 3979 αύτῷςμὴ
956 3906 1149 3977 γέγονε
1177 3905 1411 3977 φύσεως,
1428 3906 1548 3959 οὐδὲ
1575 3905 1674 3975 τῆς

1845 3904 1959 3960 ἮΙ.
1995 3906 2049 3961 Si
2083 3921 2213 3962 vero
2264 3906 2506 3977 ejusdem
2549 3907 2652 3963 sibi
2684 3907 2920 3963 nonfuit
2963 3919 3192 3974 naturae,
3248 3922 3349 3964 nec

130 3997 271 4071 αὐτῆς
292 3999 435 4072 αὕτῷ
475 4016 616 4053 ποτε
659 4000 950 4070 γενήσεται
983 3998 1216 4070 φυσικῆς
1237 3997 1534 4069 ἐνεργείαςο
1587 3998 1663 4051 ἵνα

1816 4000 2016 4066 iusdem
2053 3999 2155 4055 sihi
2202 4001 2496 4070 aliquando
2546 4002 2637 4054 liet
2678 4001 2943 4056 naturalis
2980 4002 3349 4072 operationis;

133 4089 193 4160 μὴ
218 4092 316 4163 (56)
345 4093 537 4165 δειχθῇ
564 4095 630 4164 τῇ
680 4091 839 4162 φύσει
868 4092 965 4163 τὴν
992 4090 1270 4163 ἐνέργειαν
1301 4091 1484 4146 ἄνισον
1515 4090 1666 4162 ἔχων,

1815 4106 1844 4144 e
1869 4102 2127 4162 appareat
2152 4092 2451 4146 secundum
2510 4102 2763 4147 naturam
2797 4093 3167 4163 operationem
3210 4095 3347 4149 intr-

132 4178 210 4230 καὶ
245 4181 634 4254 ἀκατάλληλον*
660 4180 755 4235 καὶ
780 4182 879 4252 τῆς
911 4180 1075 4235 αὐτοῦ
1098 4182 1166 4236 δι’
1191 4182 1326 4236 ὅλων
1344 4181 1454 4236 τῶν
1478 4180 1665 4235 ἑαυτοῦ

1816 4182 1992 4236 ualem
2020 4183 2223 4237 habere
2245 4191 2299 4236 et
2330 4183 2826 4249 inconvenientem,
2858 4181 2934 4253 (σ)
2959 4191 3014 4238 et
3041 4197 3152 4238 suae
3174 4182 3349 4252 ipsius

134 4273 332 4345 φυσικῆς
352 4275 458 4342 ἔξω
483 4272 729 4345 γεγονὼς
756 4274 1020 4347 ἰσότητος,
1049 4274 1145 4330 καὶ
1170 4275 1515 4349 ταυτότίγιος⁸
1537 4276 1667 4349 ὅπερ

1818 4289 1874 4329 ει·
1894 4273 2077 4329 omnia
2108 4288 2300 4329 eorum
2336 4290 2458 4345 qua:
2486 4290 2587 4331 sua
2609 4284 2738 4330 sunt
2759 4276 3028 4332 naturalis
3059 4285 3351 4332 extraneus

133 4358 316 4426 ἀσεϐές.
1772 4367 1953 4426 factus
1981 4370 2308 4441 mqualitatis
2357 4380 2413 4427 et
2456 4372 2794 4429 identitatis:
2835 4373 2980 4443 quod
3003 4382 3087 4429 est
3133 4374 3352 4443 penitus

1702 4480 1748 4536 ι)
1772 4465 2021 4535 impium.

316 4566 425 4621 Τοῦ
456 4567 669 4633 αὐτοῦ,
697 4567 765 4621 ὲκ
792 4567 898 4622 τοῦ
928 4567 1113 4623 αὐτοῦ
1152 4571 1358 4640 λόγου.
1390 4578 1459 4642 η’.

2028 4577 2305 4649 Ejusdem,
2330 4592 2396 4631 ea:
2423 4578 2601 4631 eodem
2636 4594 2890 4634 sermone.
2935 4577 3099 4632 VIII.

190 4679 271 4744 Ei;
311 4681 514 4753 ταύτην
559 4680 617 4734 δὲ
647 4680 745 4752 τὴν
802 4680 1009 4752 πλάνην
1053 4682 1420 4755 κατήχθησαν,
1488 4685 1675 4751 κακῶς

1853 4692 1988 4748 Vlll.
2020 4692 2081 4748 ιη
2133 4694 2282 4750 hunc
2319 4702 2501 4749 autem
2553 4708 2797 4749 errorem
2827 4695 2961 4748 illati
3024 4702 3171 4759 sunt,
3214 4695 3356 4749 male

134 4769 414 4835 πεισθέντες
452 4772 593 4826 ἰδίαν
624 4771 874 4842 γενέσθαι
922 4773 1023 4844 τῆς
1052 4774 1253 4846 σαρκὸς
1292 4774 1389 4846 τὴν
1415 4776 1482 4830 δι’
1504 4777 1667 4849 αὐτῆς

1823 4786 2060 4842 redentes
2076 4786 2346 4857 propriam
2368 4786 2549 4842 carnis
2564 4786 2810 4842 effectam
2831 4787 3071 4842 divinam
3092 4789 3356 4858 operatio-

134 4862 466 4933 ἐκφανθείσαι
492 4866 551 4917 ὲν
585 4867 698 4929 τοῖς
734 4863 975 4937 θαύμασι
1031 4865 1180 4921 θείαν
1224 4867 1524 4940 ἐνέργειαψ
1555 4864 1667 4945 ᾖτδ

1821 4892 1929 4943 ειη,
1953 4893 2076 4947 quae
2100 4878 2383 4948 peripsam
2408 4878 2464 4932 in
2494 4878 2773 4934 miraculis
2790 4877 3134 4936 manifestata
3157 4891 3262 4949 est;
3279 4890 3352 4951 (τ)

136 4955 225 5006 πᾶν
250 4958 276 5009 ὁ
302 4957 535 5028 Χριστὸς
567 4956 836 5021 ούσιώσας
863 4958 986 5012 καθ’
1026 4958 1057 5012 ὃ
1101 4962 1301 5016 νοεῖται
1338 4961 1490 5027 Θεὸς,
1523 4964 1669 5019 συνέ-

1822 4985 1889 5025 ua
1912 4977 2087 5026 totum
2114 4970 2366 5026 Christus
2388 4970 2762 5027 substantians
2783 4974 3082 5029 secundum
3101 4973 3249 5045 quod
3272 4974 3355 5027 in-

135 5062 205 5137 χει
230 5050 609 5122 κρατούμενον.
660 5051 736 5104 Οὐ
791 5051 901 5124 γὰρ
939 5052 1200 5123 ἔγνωσαν,
1246 5054 1504 5113 ἀδύνατον
1537 5053 1668 5114 εῖναι

1819 5061 2041 5131 :Iligitur
2061 5059 2225 5127 Deus,
2257 5068 2406 5116 tenet
2432 5070 2724 5118 retentum.
2758 5060 2875 5118 Non
2902 5065 3048 5120 enim
3076 5080 3352 5137 cognove-

137 5135 262 5203 θείας
286 5142 563 5215 ἐνέργειαν
609 5143 821 5213 φύσεως
876 5146 1233 5219 ἐτεροφανοῦς
1263 5151 1451 5215 οὐσίας
1483 5152 1670 5224 ἰδίωμα

1819 5162 1932 5220 unt,
1968 5153 2305 5224 impossibile
2352 5168 2475 5209 esse
2505 5154 2700 5211 divinae
2722 5158 3096 5226 operationem
3122 5135 3352 5221 naturae.

134 5230 361 5320 γενέσθαι
389 5234 517 5305 δίχα
542 5237 772 5308 τροπῆςο
795 5237 916 5291 ούδέ
958 5239 1217 5310 συνῆκαν,
1248 5240 1325 5306 ὡς
1378 5243 1440 5296 ού
1478 5245 1667 5310 παντὸς

1820 5246 2008 5301 lterius
2067 5255 2277 5301 natura:
2330 5247 2653 5304 substantias
2706 5248 2911 5304 idioma
2967 5251 3084 5306 lieri
3148 5251 3353 5320 absque

137 5318 244 5413 ἴδιόν
276 5325 388 5378 ἐστι
427 5328 649 5397 σαρκὸς,
700 5330 762 5383 τὸ
787 5329 854 5383 δι’
889 5331 1059 5402 αὐτῆς
1108 5332 1207 5403 μὲν
1259 5335 1670 5406 ὲκφαινόμενον,

1817 5338 2238 5394 onvertibilitate
2295 5358 2308 5394 :
2363 5355 2539 5410 neque
2590 5341 3002 5410 intellexerunt,
3054 5343 3198 5413 quod
3244 5318 3350 5399 non

137 5410 218 5466 οὐκ
246 5415 410 5487 αὐτῆς
433 5417 492 5471 δὲ
514 5420 753 5488 φυσικῶς
777 5422 1125 5494 ἐκφυόμενον’
1152 5423 1329 5478 καίτοι
1353 5426 1557 5496 σαφοῦς
1581 5427 1670 5481 αύ-

1824 5433 1970 5502 tique
1999 5432 2279 5503 proprium
2314 5433 2384 5489 sit
2412 5434 2628 5495 carnis,
2675 5434 2819 5504 quod
2859 5450 2955 5506 per
2985 5410 3104 5490 eam
3133 5434 3350 5507 quidem

138 5505 232 5597 τῐξῖς
276 5505 460 5597 οὔσης.
514 5513 604 5565 καὶ
659 5515 968 5585 προφανοῦς
1000 5518 1100 5588 τῆς
1151 5517 1498 5585 ἀποδείξεως.
1538 5520 1671 5590 Ἐγὼ

1822 5534 2065 5580 stcnsum
2094 5535 2198 5592 est,
2225 5540 2335 5582 non
2365 5541 2429 5581 ex
2454 5541 2517 5581 ea
2550 5527 2870 5582 naturaliter
2895 5536 3096 5592 ortum,
3125 5541 3355 5597 praescr-

138 5589 230 5666 γὰρ
256 5595 471 5668 γλώσσῃ
497 5599 689 5667 λαλῶν,
716 5605 808 5659 καὶ
835 5607 982 5679 χειρὶ
1007 5609 1255 5679 γράφων,
1296 5610 1422 5683 μίαν
1454 5611 1549 5666 καὶ
1579 5589 1671 5666 αύ-

1820 5618 1884 5673 im
1908 5632 2035 5673 cum
2059 5617 2219 5685 clarae
2245 5618 2316 5674 sit
2340 5618 2419 5675 eis
2449 5628 2502 5676 et
2526 5618 2827 5676 manifestae
2850 5619 3209 5690 probationis.
3242 5620 3353 5694 Ego

203 5795 305 5868 (36)
346 5800 463 5870 Μή.
517 5801 585 5861 lta
634 5822 755 5864 cum
786 5808 1078 5883 interprete
1121 5812 1503 5874 Combclisins.
1530 5815 1670 5875 Editi
1709 5817 1736 5875 ε

1425 5830 1503 5874 us.
1530 5815 1670 5875 Editi
1709 5817 1988 5877 Sirmond.
2018 5830 2072 5879 et
2100 5821 2312 5881 Fabric.
2345 5834 2536 5895 pratter
2563 5841 2695 5892 rem,
2734 5825 2851 5896 μέν.
