3882 6332
192 403 270 457 su
601 385 610 400 ⁷
1175 409 1450 465 conrna
1489 412 1811 468 cuneum
1850 381 1935 468 ετ
1976 413 2383 473 llELlCONEM.

560 525 633 582 Ea:
664 511 888 584 editione
921 531 1316 588 Sirmwrdiana.

247 617 303 671 ll.
352 615 579 689 Utraque
602 619 712 692 (40)
736 624 1024 679 ostendens
1060 641 1222 694 super
1253 643 1373 696 quze
1404 627 1711 698 dupliciter,

189 709 343 764 divine
378 711 576 766 scilicet
609 721 661 765 et
691 713 944 783 humane,
982 727 1262 786 operatum
1290 726 1374 774 est
1411 719 1710 773 secundum

186 801 401 857 eamdem
446 817 562 870 qua:
596 803 857 860 veraciter
903 822 1026 862 vera
1068 817 1150 863 est
1193 818 1247 862 et
1278 811 1545 865 naturalis
1575 812 1708 866 sub-

186 893 378 957 stantia,
405 891 565 948 Deum
605 893 928 954 immensum
963 899 1124 955 simul
1155 909 1210 956 et
1237 902 1707 973 circumscriptum

185 986 423 1041 hominem
472 991 814 1046 exsistentem
866 1001 919 1048 et
964 994 1311 1062 intellectum,
1348 997 1704 1053 substantiam

183 1081 430 1149 utriusque
457 1080 686 1151 perfecte
712 1083 1004 1154 perfectam
1035 1087 1320 1142 habentem
1354 1103 1478 1144 cum
1507 1105 1706 1160 opera~

183 1171 302 1227 tione
334 1189 460 1236 sua,
508 1174 559 1228 id
595 1185 678 1230 est
709 1178 943 1233 naturali
981 1181 1327 1250 proprietate.
1373 1181 1442 1236 Et
1485 1200 1704 1243 rursus:

177 1263 274 1318 Non
299 1265 430 1319 enim
464 1266 573 1332 (41)
606 1267 744 1324 facta
774 1279 858 1325 est
899 1280 1092 1326 natura
1127 1273 1303 1331 deitas
1336 1284 1698 1332 transmutata

179 1366 339 1410 natura
388 1373 532 1425 caro,
592 1359 732 1416 facta
785 1372 980 1419 natura
1030 1365 1328 1424 divinitatis
1372 1384 1500 1425 caro
1552 1387 1564 1423 :
1608 1373 1701 1428 sed

176 1449 294 1519 quod
326 1460 434 1504 erat
463 1454 623 1508 etiam
655 1455 841 1511 deitati
887 1469 1134 1530 coaptata
1177 1464 1381 1519 mansit
1421 1481 1569 1532 caro,
1619 1467 1702 1522 in-

175 1539 303 1596 ﬁrma
341 1553 391 1598 et
432 1548 705 1614 passibilis
750 1560 942 1606 natura
977 1562 1030 1608 et
1059 1557 1405 1625 Operatione,
1459 1560 1600 1616 sicut
1625 1562 1702 1616 ait

177 1634 426 1690 Salvator:
458 1657 476 1690 ί
506 1637 740 1708 Spiritus
771 1645 986 1713 quidem
1023 1659 1325 1720 promptus,
1355 1667 1482 1708 caro
1514 1665 1695 1710 autem

175 1727 356 1782 inﬁrma
377 1729 438 1783 ⁸⁵.
469 1749 487 1779 ι
527 1731 596 1785 Et
622 1735 810 1789 iterum
835 1753 852 1790 :
875 1737 976 1793 Per
1007 1756 1165 1812 quam
1201 1741 1314 1813 (42)
1359 1758 1614 1814 operatus
1644 1758 1696 1803 et

170 1822 351 1889 patiens
386 1839 502 1894 qure
545 1837 703 1882 erant
742 1831 923 1886 carnis
973 1834 1090 1890 sine
1123 1844 1365 1904 peccato,
1408 1854 1506 1908 pro
1537 1841 1696 1898 nobis

3227 407 3234 410 ’
3275 395 3381 480 ista

2135 537 2215 591 Ea:
2250 537 2475 593 editione
2511 540 2893 612 Contheﬁsiana
2927 541 3061 610 (49).

1882 627 1944 680 ll.
1992 627 2228 699 Utraque
2259 631 2548 687 ostendens
2580 648 2659 700 se,
2687 649 2753 688 co
2779 635 2922 704 quod
2955 634 3242 705 dupliciter
3275 639 3380 710 (di-

1811 719 1938 774 vine
1977 721 2182 776 scilicet
2221 730 2275 776 et
2319 723 2578 796 humane)
2614 737 2895 797 operatum
2923 737 3038 795 est,
3081 731 3378 785 secundum

1809 811 2054 866 eamdem
2099 828 2220 882 qua:
2254 816 2515 871 veraciter
2546 833 2672 872 vera
2701 828 2755 874 et
2784 821 3048 877 naturalis
3075 823 3378 877 substantia

1811 914 1914 970 est,
1951 906 2118 960 Deum
2156 906 2479 963 immensum
2509 911 2690 977 simul,
2717 921 2770 966 et
2793 913 3261 985 circumscriptum
3287 933 3381 971 ex-

1809 993 2000 1047 sistere
2048 1009 2110 1048 ae
2158 993 2382 1068 intelligi
2430 997 2748 1067 hominem;
2813 1003 3095 1074 utriusque
3141 1005 3379 1074 perfecte

1757 1077 1764 1082 ’
1806 1081 2098 1152 perfectam
2131 1088 2423 1142 essentiam
2457 1089 2906 1155 babentem,cum
2935 1094 3080 1151 illius
3113 1099 3380 1166 operatio-

1807 1189 1906 1239 ne,
1956 1175 2010 1230 id
2041 1189 2154 1243 est,
2209 1180 2442 1234 naturali
2482 1181 2832 1252 proprietate.
2899 1184 2964 1238 Et
2996 1204 3178 1242 rursus
3209 1205 3226 1242 :
3258 1190 3378 1245 Non

1803 1265 1948 1319 enim
1979 1282 2108 1322 caro
2146 1267 2287 1324 facta
2318 1281 2400 1326 est
2429 1279 2624 1327 natura
2652 1273 2845 1344 deilas,
2873 1279 3132 1334 translata
3157 1291 3376 1346 natura,

1803 1352 1944 1411 facta
1972 1358 2230 1416 videlicet
2257 1364 2555 1419 secundum
2591 1376 2844 1422 naturam
2876 1370 3178 1430 divinitatis
3205 1389 3334 1430 caro
3359 1393 3374 1442 ;

1803 1448 1896 1503 sed
1925 1451 2069 1518 quod
2093 1461 2228 1517 erat,
2265 1454 2428 1508 etiam
2471 1456 2654 1510 deitati
2684 1468 2897 1529 coapta,
2936 1463 3157 1530 mansit,
3189 1463 3239 1518 id
3271 1475 3373 1532 est,

1802 1557 1929 1597 caro
1955 1544 2168 1599 inlirma
2201 1555 2254 1602 et
2277 1549 2552 1618 passibilis
2583 1561 2778 1607 natura
2812 1554 3377 1626 ctoperatione,sicut

1800 1635 1876 1688 ait
1927 1634 2176 1692 Salvator
2215 1659 2226 1693 :
2288 1658 2307 1691 ι
2353 1642 2584 1711 Spiritus
2650 1629 3235 1719 quidem‘promptus,
3277 1667 3375 1706 ca-

1801 1741 1861 1779 ro
1909 1735 2091 1784 autem
2140 1731 2374 1788 infirma.
2414 1754 2432 1786 ι
2492 1734 2560 1789 Et
2595 1754 2781 1803 rursus
2812 1754 2831 1792 :
2874 1739 2990 1806 Qua
3035 1753 3289 1810 operatus
3321 1753 3375 1798 et

1799 1836 2012 1889 passus,
2036 1839 2158 1894 quae
2181 1836 2339 1880 erant
2368 1828 2550 1883 carnis
2581 1830 2649 1885 ab
2673 1831 2820 1886 omni
2842 1843 3063 1902 peccato
3085 1833 3369 1902 immunis,

169 1912 392 1968 indicavit
423 1916 847 1976 exinanitionem
885 1923 1129 1992 deitatis,
1165 1929 1444 1986 miraculis
1489 1942 1545 1987 et
1577 1949 1689 1989 car-

1801 1911 2102 1972 divinitatis
2148 1933 2246 1987 pro
2299 1920 2461 1976 nobis
2506 1923 2933 1980 exinanitionem
2983 1927 3267 1985 miraculis
3319 1937 3374 1984 et

167 2003 237 2059 nis
261 2007 591 2075 passionibus
619 2016 940 2072 naturaliter
972 2019 1304 2077 roboratam.
1360 2022 1430 2078 Et
1467 2026 1696 2082 iterum:

166 2095 442 2167 Mysterium
488 2103 602 2174 (45)
649 2105 841 2162 divinae
904 2109 1291 2170 incarnationis
1335 2119 1597 2185 apostolis
1645 2131 1698 2176 et

165 2190 404 2260 prophetis
432 2203 597 2264 atque
634 2197 948 2257 doctoribus
980 2203 1198 2274 duplam
1229 2215 1284 2261 et
1310 2207 1578 2265 diversam
1608 2212 1699 2267 ba-

164 2283 267 2336 bere
310 2283 643 2356 dignoscitur
680 2293 980 2348 naturalem
1017 2295 1070 2349 in
1107 2297 1360 2354 omnibus
1405 2301 1694 2370 theoriam,

165 2371 464 2432 indiminutaa
489 2379 707 2436 deitatis
738 2385 1027 2452 exsistens,
1059 2396 1112 2443 et
1149 2390 1320 2458 plenae
1357 2392 1695 2451 demonstra~

163 2465 301 2520 tivum
332 2468 705 2529 humanitatis.
765 2475 834 2530 Et
862 2479 1052 2533 iterum
1082 2496 1100 2534 :
1131 2481 1341 2549 Quibus
1369 2486 1482 2556 (44)
1514 2489 1694 2545 divine

162 2557 331 2623 pariter
355 2569 408 2615 et
435 2562 674 2620 humane
699 2578 952 2636 operatus
981 2581 1064 2628 est
1084 2614 1098 2638 ,
1132 2563 1554 2645 perfectionem,
1598 2596 1693 2651 per

160 2662 342 2705 omnem
372 2655 660 2726 utriusque
689 2660 978 2728 rationem,
1001 2665 1102 2719 sibi
1135 2669 1456 2725 naturaliter
1479 2672 1692 2728 incom-

160 2744 438 2833 mutabilem
491 2750 733 2806 salvans.
776 2751 846 2806 Et
889 2754 1077 2809 iterum
1106 2773 1126 2811 :
1167 2756 1253 2813 Nil
1298 2761 1540 2818 divinum
1577 2765 1690 2838 (45)

159 2835 330 2890 nudum
373 2828 605 2910 corpore
635 2854 912 2913 operatus,
961 2848 1036 2902 nil
1070 2849 1368 2908 humanum
1403 2856 1544 2913 idem
1576 2860 1692 2931 ipse

159 2923 390 2992 privatum
410 2929 693 2988 divinitate
713 2950 905 3005 gerens
925 2958 937 2993 :
973 2953 1198 2996 servans
1221 2943 1439 3000 sibimet
1468 2923 1688 3006 modum

157 3017 414 3074 secundum
444 3033 736 3094 utrumque
763 3025 1151 3085 immutabilem
1173 3072 1188 3097 ,
1240 3049 1338 3102 per
1360 3052 1520 3106 quem
1558 3055 1690 3110 ope-

157 3116 284 3164 ratus
310 3120 385 3167 est
426 3124 661 3184 utraque
688 3116 899 3173 decenti
931 3135 1102 3188 more,
1145 3123 1211 3178 ad
1245 3129 1692 3195 approbationem

156 3198 367 3266 perfectae
395 3220 457 3260 ac
489 3221 632 3262 verae
662 3208 905 3281 nihilque
929 3211 1179 3269 habentis
1211 3219 1492 3285 pravitatis
1524 3223 1687 3276 inhu-
1715 3247 1756 3301 ο

154 3297 442 3352 manationis
470 3313 610 3354 sum.

208 3383 283 3440 Ill.
318 3387 392 3444 De
417 3391 494 3446 Itis
517 3409 673 3461 vero,
709 3395 798 3466 qui
824 3413 983 3452 unam
1029 3399 1243 3456 deitatis
1265 3412 1317 3458 et
1340 3405 1684 3462 humanitatis

151 3475 243 3544 ejus
282 3485 626 3550 operationem
650 3527 665 3553 ,
713 3497 762 3542 et
805 3501 1054 3544 naturam
1092 3509 1253 3547 unam
1296 3497 1680 3568 dogmatizant,

151 3568 258 3625 dicit
282 3573 427 3630 :Non
455 3580 607 3634 enim
639 3580 750 3652 (46)
786 3582 1258 3642 circumscribitur
1289 3587 1493 3645 factitia
1525 3601 1686 3647 natu-

154 3675 199 3714 ra
223 3663 268 3718 id
292 3670 426 3737 quod
455 3686 554 3741 per
585 3682 837 3728 naturam
886 3676 1088 3732 factum
1119 3695 1223 3735 non
1254 3691 1358 3747 est,
1401 3685 1526 3740 licet
1555 3701 1684 3742 eoo-

153 3755 295 3812 riatur
324 3762 369 3816 ei
402 3779 494 3833 per
526 3768 966 3837 conceptionem,
986 3786 1201 3828 omnem
1227 3776 1682 3833 circumscriben-

151 3853 236 3901 tem
273 3866 475 3910 sensum
511 3875 524 3912 :
563 3874 665 3913 nec
689 3860 849 3914 etiam
886 3859 937 3914 in
966 3863 1154 3918 eodem
1196 3865 1313 3935 ipso
1343 3867 1444 3922 sibi
1486 3881 1678 3925 natura

150 3940 356 4000 ditl‘ertur
395 3949 691 4019 aliquando
745 3960 802 4007 et
853 3954 1118 4010 naturalis
1174 3960 1453 4028 operatio,
1505 3959 1678 4018 donec

148 4036 400 4105 utrumque
447 4040 588 4094 intra
624 4043 895 4111 propriam
929 4053 1111 4100 manet
1156 4048 1455 4103 naturalem
1485 4051 1674 4104 incon-

148 4124 531 4184 versibilitatem.
577 4129 644 4184 Et
671 4133 794 4186 item
820 4151 837 4187 :
859 4133 1306 4192 Connaturalium
1335 4140 1446 4211 (47)
1477 4142 1674 4212 quippe

149 4219 321 4272 tantum
365 4232 446 4276 est
482 4224 670 4280 eadem
721 4225 837 4296 ipsa
867 4244 1100 4298 operans
1126 4241 1337 4298 motus,
1381 4236 1671 4290 essentiam

65 4350 79 4364 ,
147 4302 375 4378 indicans,
425 4317 586 4386 cujus
633 4320 936 4374 naturalem
987 4333 1200 4379 constat
1240 4341 1360 4380 esse
1392 4327 1666 4394 virtutem,

146 4398 330 4458 alterius
372 4417 583 4463 natura:
632 4411 960 4480 proprietate
1006 4418 1322 4472 substantiae
1368 4422 1666 4478 secundum

143 4491 312 4548 nullam
345 4499 608 4554 rationem
640 4515 763 4556 esse
790 4503 873 4557 vel
901 4504 1015 4559 ﬁeri
1048 4505 1167 4562 sine
1209 4512 1668 4570 conversibilitate

1797 2007 1982 2062 carnis
2005 2009 2355 2078 passionibus
2383 2014 2700 2072 naturaliter
2727 2017 3101 2073 conﬁrmatam
3123 2059 3137 2084 ,
3173 2021 3370 2090 proba-

1796 2098 1892 2153 vit.
1958 2098 2028 2153 Et
2078 2102 2315 2158 iterum:
2350 2103 2665 2176 Mysterium
2713 2108 2910 2164 divina:
2955 2110 3365 2180 incarnationis,

1801 2192 2063 2261 apostolis
2093 2203 2145 2248 et
2175 2196 2453 2265 prophetis
2479 2206 2640 2268 atque
2673 2199 3020 2269 doctoribus,
3057 2203 3272 2274 duplam
3304 2221 3368 2261 ac

1798 2283 2066 2339 diversam
2103 2287 2154 2340 in
2180 2287 2434 2344 omnibus
2463 2289 2660 2345 habere
2685 2303 3019 2363 compertum
3043 2303 3368 2351 estnatura~

1794 2375 1897 2430 lem
1935 2378 2458 2450 considerationem;
2495 2398 2618 2438 cum
2642 2384 2892 2456 perfectae
2919 2387 3156 2455 deitatis,
3178 2399 3230 2444 et
3250 2390 3366 2460 ple-

1794 2481 1878 2521 nae
1911 2468 2018 2522 vim
2052 2469 2246 2526 habeat
2275 2473 2620 2530 ostendenda:
2646 2476 3022 2534 humanitatis.
3048 2479 3115 2536 Et
3142 2482 3366 2537 iterum:

1792 2559 2001 2627 Quibus
2026 2559 2208 2619 divine
2238 2565 2442 2634 pariter
2465 2576 2518 2621 et
2548 2569 2788 2625 humane
2821 2581 3077 2640 operatus
3102 2583 3204 2638 est,
3239 2590 3365 2646 per--

1795 2652 1933 2708 fecte
1976 2664 2207 2727 utroque
2239 2657 2321 2713 sui
2356 2659 2621 2714 rationem
2664 2670 2857 2717 natura
2895 2679 3118 2721 servans
3151 2666 3365 2722 incom-

1794 2746 2134 2802 mutabilem.
2189 2747 2259 2803 Et
2290 2750 2521 2804 iterum:
2553 2750 2697 2806 Nihil
2733 2741 2974 2809 divinum
3007 2757 3211 2812 nudum
3241 2773 3366 2814 cor—

1792 2853 1924 2908 pore
1970 2849 2261 2910 operatus,
2320 2843 2453 2897 nihil
2491 2843 2789 2900 humanum
2830 2847 2968 2902 idem
3017 2849 3131 2918 ipse
3170 2866 3364 2922 gerens

1791 2931 1934 3001 quod
1960 2947 2158 3002 expers
2191 2943 2336 2988 esset
2361 2935 2578 2992 deitatis
2613 2955 2626 2991 :
2660 2952 2766 3006 qua
2804 2938 2919 3006 ipsa
2949 2955 3087 2995 nova
3121 2941 3362 2997 decenti-

1789 3037 1896 3093 que
1922 3024 2130 3080 ratione
2164 3033 2393 3095 utraque
2422 3036 2678 3097 Operatus
2703 3038 2806 3091 est,
2836 3031 3121 3102 utriusque
3153 3034 3362 3089 ratione

1790 3115 2089 3172 immunem
2124 3133 2182 3173 se
2209 3133 2237 3172 a
2269 3119 2570 3176 mutatione
2598 3136 2843 3188 servans,
2879 3124 2943 3178 ad
2979 3125 3226 3194 perfecta:
3248 3143 3362 3184 suae

1791 3205 2219 3276 humanationis,
2253 3226 2373 3280 quae
2401 3211 2558 3280 plane
2583 3228 2706 3267 vera
2732 3214 2822 3280 sit,
2847 3215 3092 3288 nihilque
3124 3230 3218 3274 aut
3243 3223 3358 3277 vitii

1791 3307 1887 3354 aut
1912 3301 2050 3356 labis
2081 3302 2352 3370 admittat,
2379 3304 2538 3360 fidem
2567 3310 2933 3364 astruendam.

1861 3391 1949 3445 ΠΙ.
1992 3391 2068 3447 De
2089 3394 2169 3448 his
2189 3412 2330 3460 vero,
2367 3398 2458 3467 qui
2492 3414 2651 3451 unam
2680 3399 2894 3456 deitatis
2928 3411 2976 3456 et
3008 3403 3356 3464 humanitatis

1786 3484 1900 3554 ejus
1930 3489 2303 3556 operationem,
2356 3500 2406 3543 et
2452 3503 2702 3546 naturam
2743 3495 3128 3568 dogmatizaut,
3179 3502 3354 3560 dicit:

1785 3574 1904 3630 Non
1931 3578 2076 3632 enim
2107 3579 2480 3635 circumscribi
2533 3592 2722 3638 natura
2767 3588 2945 3656 genita
2975 3605 3352 3662 comparatum

1784 3676 1904 3727 est.
1965 3668 2110 3738 quod
2162 3671 2461 3725 secundum
2498 3685 2746 3732 naturam
2793 3680 3090 3750 ingenitum
3124 3694 3239 3752 est,
3273 3697 3349 3742 ta-

1785 3757 1942 3812 metsi
1971 3759 2021 3813 ei
2045 3760 2266 3825 coaluit,
2292 3778 2389 3832 per
2410 3769 2844 3839 conceptionem,
2861 3787 2982 3840 quae
3004 3774 3110 3828 vim
3135 3791 3348 3831 omnem

1782 3853 1980 3905 mentis
2024 3851 2452 3920 circumscribit;
2509 3872 2572 3912 ac
2604 3873 2702 3914 nec
2730 3877 2968 3932 unquam
3013 3865 3069 3920 in
3103 3869 3347 3922 eamdem

1781 3951 2036 3997 naturam
2081 3946 2498 4017 naturalemque
2542 3950 2795 4005 virtutem
2841 3968 2937 4008 seu
2977 3957 3346 4026 Operationem

1778 4044 2079 4104 vertantur,
2115 4037 2287 4093 donec
2313 4049 2604 4112 utrumque
2635 4044 2776 4099 intra
2817 4048 3093 4116 propriam
3123 4059 3347 4106 natura-

1778 4125 1881 4180 lem
1927 4126 2492 4187 inconvertibilitatem
2539 4145 2740 4190 manet.
2802 4137 2870 4190 Et
2908 4139 3033 4194 item
3075 4154 3095 4192 .’
3141 4141 3344 4199 Eorum

1775 4220 1920 4274 enim
1948 4221 2244 4290 duntaxat,
2291 4240 2415 4295 quae
2437 4226 2681 4295 ejusdem
2715 4239 2921 4286 naturae
2947 4244 3106 4300 sunt,
3164 4247 3345 4294 motus

1772 4311 2015 4382 ejusdem
2048 4315 2262 4372 virtutis
2289 4331 2353 4371 ac
2378 4317 2628 4374 etlicaeia:
2656 4328 2769 4382 est,
2799 4324 3158 4382 substantiam
3192 4329 3344 4383 desi-

1773 4423 1971 4477 gnans,
2020 4409 2178 4480 cujus
2203 4419 2286 4465 est
2313 4413 2578 4469 naturalis
2601 4416 2804 4483 virtus;
2861 4433 2986 4472 cum
3037 4422 3342 4480 substantia

1771 4499 1999 4554 diversa:
2029 4510 2224 4555 natura
2252 4504 2602 4572 pr0prietatis
2629 4507 2773 4560 nulla
2798 4509 3009 4566 ratione
3025 4526 3144 4566 esse
3167 4515 3342 4583 possit

143 4581 337 4641 γειεηιε,
405 4588 541 4644 “em
571 4606 590 4644 ;
624 4590 700 4648 Ea
748 4596 944 4664 quippe
967 4596 1078 4668 (48)
1099 4637 1113 4664 ,
1161 4615 1284 4670 qua,
1315 4614 1506 4658 mutuo
1536 4619 1664 4662 sum
1697 4591 1740 4644 D
1769 4597 1862 4642 aut
1896 4588 2010 4643 fieri
2034 4631 2048 4651 .
2095 4591 2301 4662 absque
2349 4595 2816 4652 convertibilitate.
2857 4597 2990 4653 Item
3014 4617 3034 4654 :
3063 4601 3136 4657 Ea
3169 4581 3340 4672 enim,

141 4680 480 4747 cooperantia,
531 4684 798 4739 eteadem
844 4689 1156 4756 operantia,
1191 4701 1244 4745 et
1268 4691 1510 4762 ejusdem
1549 4698 1663 4752 ori—

141 4763 281 4834 ginis;
311 4772 547 4840 profecto
591 4785 646 4830 et
686 4779 1084 4848 compassibilia
1110 4791 1319 4839 natura:
1354 4802 1460 4841 non
1486 4791 1658 4844 susei-

140 4861 309 4926 pientia
354 4867 712 4926 diﬂ‘erentiam
745 4889 759 4926 :
791 4881 846 4927 et
886 4875 1098 4930 naturis
1139 4877 1241 4931 sibi
1284 4877 1527 4936 confusis
1557 4882 1663 4937 erit

138 4953 334 5014 dealitas
358 4959 629 5029 Christus,
659 4973 712 5020 et
743 4968 992 5035 personis
1022 4969 1286 5038 separatis
1320 4973 1410 5026 lict
1442 4983 1661 5043 quater-

138 5046 282 5104 nitas:
308 5055 444 5123 quod
470 5065 555 5112 est
581 5057 808 5112 nimium
835 5058 1175 5132 fugiendum.
1211 5062 1275 5116 Et
1316 5065 1506 5119 iterum
1536 5082 1554 5121 :
1599 5065 1657 5123 Si

188 5182 230 5216 “
259 5185 438 5245 Matth.
477 5209 625 5258 xxvi,
666 5194 756 5250 42.

327 5301 569 5380 ζζιναῳιε.
605 5307 778 5376 Supra
813 5325 930 5380 cap.
968 5312 1016 5376 l,
1049 5328 1141 5368 seu
1175 5313 1446 5372 testimon.
1481 5316 1532 5371 l.

191 5369 285 5436 (Η)
319 5373 432 5428 Non
466 5369 618 5434 enim.
661 5369 960 5436 TestimH.

191 5439 286 5517 (ᾗ)
329 5444 424 5517 Per
453 5465 627 5517 quam.
665 5453 798 5506 lbid.

192 5508 287 5586 liii)
323 5508 643 5586 Mysterium.
685 5524 909 5578 Testim.
946 5525 998 5579 4.

191 5579 286 5648 (44)
321 5579 531 5650 Quibus.
575 5593 706 5649 Ibid.

192 5649 286 5726 (45)
326 5649 414 5710 Nil
439 5661 688 5718 divinum.
730 5664 952 5722 Testim.
985 5666 1036 5726 8.

191 5720 283 5791 (46)
324 5726 437 5780 Non
463 5735 618 5790 enim.
656 5735 878 5790 Testim.
907 5720 958 5792 '5.

190 5793 286 5862 (47)
322 5796 769 5859 Connaturalium.
812 5807 944 5862 Ibid.

190 5859 283 5935 (48)
322 5866 395 5921 Ea
423 5874 624 5943 quippe.
667 5859 974 5933 Testim./ii.

407 5968 674 6034 Pnact.
745 5977 861 6038 Gn.
901 5977 984 6043 Χ.

1769 4696 1890 4751 quae
1932 4682 2174 4752 ejusdem
2221 4685 2361 4740 inter
2408 4701 2467 4742 se
2503 4687 2716 4743 virtutis
2743 4701 2870 4747 sunt
2895 4702 2948 4747 et
2977 4697 3334 4766 operationis,

1762 4773 2116 4844 ejusdemque
2156 4792 2382 4846 prorsus
2420 4779 2657 4852 originis
2685 4797 2750 4837 ac
2772 4786 3086 4842 earumdem
3124 4791 3336 4858 passio-

1763 4881 1916 4932 num,
1947 4883 2010 4922 ea
2038 4876 2243 4922 naturae
2271 4870 2674 4928 distinctionem
2708 4890 2815 4930 non
2853 4878 3174 4949 admittunt;
3202 4900 3334 4940 con-

1761 4957 2008 5030 fusisque
2057 4976 2242 5017 secum
2300 4964 2544 5028 naturis,
2595 4967 2698 5021 erit
2751 4968 3002 5027 Christus
3061 4974 3329 5045 dualitas,

1759 5054 2118 5124 personisque
2150 5055 2340 5111 divisis
2368 5054 2460 5112 liet
2495 5061 2832 5128 quaternitas
2863 5082 2876 5118 :
2905 5065 3050 5135 quod
3081 5071 3325 5124 omnium

1830 5321 1940 5392 (49)
1981 5320 2104 5377 [hec
2138 5323 2446 5402 testimonia
2469 5366 2484 5389 ,
2542 5340 2620 5402 ex_
2652 5325 2931 5402 superiore
2967 5328 3023 5383 S.
3053 5327 3323 5402 Hippolyti

1757 5408 2007 5448 sermone
2050 5404 2230 5447 contra
2273 5394 2526 5468 Beronem
2573 5398 2642 5451 ab
2684 5394 2973 5452 Anastasio
3015 5394 3322 5468 desunipia,

1754 5463 2827 5539 recensuitcastigavitqueACombeﬁsius
2856 5470 2907 5521 in
2934 5471 3173 5524 editione
3195 5463 3324 5539 opt-

1754 5550 1874 5608 rum
1909 5532 1966 5587 S.
1998 5532 2251 5608 Maximi,
2289 5532 2470 5608 torui
2494 5578 2508 5600 ,
2539 5553 2659 5608 pag.
2691 5540 2756 5593 76
2777 5581 2790 5603 ,
2825 5555 2891 5593 eo
2915 5545 3057 5608 quod
3089 5542 3141 5594 in
3174 5532 3320 5594 edito

1756 5603 2141 5692 Sirmpndiano
2172 5607 2443 5692 Anastasii
2496 5603 2674 5663 versio
2707 5603 2955 5692 .implexa
3006 5611 3208 5679 passim
3239 5626 3324 5692 .ac

1755 5675 2015 5729 mendosa
2069 5687 2341 5730 noscatur.
2404 5675 2642 5747 Utraque
2675 5675 2934 5734 sive—cum
2974 5675 3157 5743 textu,
3208 5680 3322 5735 sive

1753 5747 2044 5818 cumnotis
2065 5748 3154 5818 etanimadversionibusCappcronnierii
3180 5751 3315 5807 intra

1751 5814 1934 5870 relatis
1957 5817 2297 5872 conferenda.

2929 5983 3002 6041 27
3175 5925 3428 6079 /

3133 6083 3175 6151 ,τί
