3882 6332
516 368 623 424 ΕΚ)

912 488 995 542 Ea:
1031 488 1259 540 editione
1291 486 1686 542 Sirmondiana.

506 586 670 650 igitur
693 577 806 652 (50)
860 585 1157 634 secundum
1203 578 1465 634 Beronem
1497 587 1774 649 assumpta
1809 577 1912 633 sibi
1940 591 2067 634 caro

507 675 754 744 ejusdem
781 673 1118 742 operationis
1143 673 1331 728 effecta
1367 681 1469 738 est,
1506 673 1650 727 haud
1684 672 1908 727 dubium
1938 672 2068 741 quin

510 775 563 820 et
609 766 849 834 ejusdem
886 764 1027 819 facta
1065 773 1147 820 est
1193 765 1294 819 sibi
1347 774 1584 831 naturae,
1635 779 1759 819 cum
1806 772 2073 834 quotquot

512 868 595 913 est
625 866 839 923 natura,
886 857 938 911 id
968 865 1050 912 est
1076 857 1548 927 inprincipalitate,
1580 857 1890 922 infactione,
1946 857 2068 911 infi-

513 950 716 1016 nitate,
775 949 1233 1019 sempiternitate,
1300 949 1971 1017 incomprehensibilitate;
2021 958 2074 1004 et

515 1056 850 1111 quaecunque
876 1040 1069 1095 horum
1103 1039 1399 1094 secundum
1422 1040 1848 1111 magnitudinem
1869 1041 2075 1096 theolo-

516 1133 633 1202 gica
667 1130 1000 1199 amplissime
1035 1129 1101 1183 in
1151 1128 1347 1183 deitate
1375 1129 1513 1183 ratio
1561 1129 1953 1198 contemplatur
1979 1147 1992 1182 :
2020 1139 2075 1184 et

515 1222 942 1278 vicissitudinem
981 1232 1209 1292 utraque
1242 1238 1400 1292 passa
1448 1231 1594 1286 sunt,
1643 1232 1836 1278 neutro
1872 1232 2076 1279 naturae

517 1331 629 1370 suae
658 1313 1063 1368 substantialem
1088 1312 1349 1367 rationem
1375 1313 1512 1366 ultra
1539 1313 1848 1367 salvandam
1871 1311 2077 1366 haben-

517 1413 590 1460 te.
634 1403 703 1457 Et
734 1419 960 1457 rursus:
1000 1402 1101 1469 Qui
1134 1402 1278 1457 enim
1317 1402 1424 1472 (51)
1459 1417 1680 1466 eorum,
1710 1416 1831 1471 quae
1855 1400 2078 1456 alterius

518 1507 646 1554 sunt
695 1501 942 1560 naturae;
975 1495 1219 1551 eamdem
1265 1495 1436 1565 ipsam
1485 1494 2075 1563 sentitoperationem;

518 1591 893 1648 confusionem
941 1591 1143 1661 pariter
1173 1590 1475 1645 naturalem
1497 1629 1512 1654 ,
1555 1597 1609 1643 et
1635 1588 1956 1644 divisionem
1987 1601 2079 1642 eo-

519 1698 638 1738 rum
696 1683 902 1738 inducit
945 1681 1320 1752 personalem;
1369 1680 1640 1750 incognita
1675 1695 1899 1749 prorsus
1933 1678 2077 1733 idio-

520 1785 724 1830 matum
767 1774 1124 1829 translatione
1167 1771 1404 1826 naturali
1433 1787 1620 1826 eorum
1655 1769 1796 1825 facta
1821 1769 2074 1825 essentia.

522 1864 660 1921 Item
684 1883 702 1920 :
744 1864 799 1920 Si
845 1881 973 1920 vero
1009 1864 1120 1936 (52)
1165 1863 1405 1932 ejusdem
1437 1863 1538 1918 sibi
1579 1878 1686 1918 non
1720 1859 1828 1916 fuit
1850 1870 2079 1928 naturai,

519 1974 695 2029 neque
738 1958 978 2028 ejusdem
1031 1957 1134 2012 sibi
1183 1956 1272 2010 fiet
1316 1955 1577 2010 naturalis
1621 1955 1970 2025 operationis.
2013 1951 2080 2005 Et

518 2052 712 2105 iterum
739 2067 757 2104 :
791 2049 847 2102 ln
876 2049 1126 2103 eumdem
1149 2048 1261 2120 (55)
1291 2055 1474 2102 autem
1510 2061 1748 2102 errorem
1775 2045 1904 2100 illati
1932 2054 2080 2112 sunt,

521 2144 663 2198 male
708 2143 987 2198 credentes
1030 2141 1304 2211 propriam
1353 2138 1550 2194 faciant
1613 2139 1793 2194 carnis
1845 2138 2085 2193 divinam

453 2220 462 2230 ’
523 2234 911 2306 operationem,
947 2250 1067 2302 quae
1102 2234 1153 2286 iu
1182 2232 1460 2286 miraculis
1490 2247 1588 2302 per
1614 2231 1784 2301 ipsam
1812 2231 2082 2301 apparuit,

524 2343 631 2397 qua
677 2335 848 2379 totum
897 2325 1148 2380 Christus
1198 2325 1569 2379 substantians
1615 2324 1911 2380 secundum
1939 2323 2085 2394 quod

525 2420 842 2490 intelligitur
886 2419 1028 2475 Deus
1070 2419 1308 2473 continet
1358 2427 1643 2473 retentum.
1715 2417 1784 2472 Et
1835 2417 2026 2472 iterum
2065 2431 2086 2471 :

525 2511 644 2568 Non
673 2515 815 2567 enim
843 2513 952 2583 (54)
985 2520 1352 2582 cognoverunt
1383 2510 1717 2580 impossibile
1741 2525 1860 2565 esse
1892 2511 2086 2565 divina:

525 2604 895 2675 operationem
945 2613 1151 2656 natura:
1194 2602 1395 2655 idioma
1426 2601 1540 2654 fieri
1570 2601 1688 2655 sine
1723 2598 2087 2655 convertibili-

528 2705 657 2752 tate.
709 2695 777 2749 Et
806 2697 993 2749 iterum
1025 2710 1044 2748 :
1077 2692 1318 2760 Quarum
1350 2691 1460 2762 (55)
1495 2691 1668 2746 donec
1698 2707 1862 2746 unam
1893 2707 2087 2746 secun-

525 2788 654 2843 dum
687 2787 1044 2843 substantiam
1089 2793 1446 2855 cognoscatur
1477 2781 1713 2837 Verbum
1761 2782 1926 2836 unius
1958 2796 2087 2850 ope-

525 2880 776 2943 rationis,
809 2893 1085 2947 nunquam
1120 2875 1411 2946 aliquando
1440 2889 1506 2929 eo
1530 2873 1674 2944 quod
1707 2874 1992 2942 utriusque
2016 2872 2088 2926 sit

524 2982 880 3041 cognoscctur
931 2979 1132 3023 motus.
1199 2968 1265 3022 Et
1305 2968 1543 3020 iterum:
1582 2965 1766 3035 Itaque
1811 2964 1948 3019 Bero
1972 2963 2085 3037 (56)

525 3064 739 3132 quidem
768 3062 844 3116 sic
877 3075 936 3114 se
966 3060 1192 3124 habens,
1221 3067 1278 3112 ut
1303 3057 1435 3122 dixi,
1467 3056 1795 3127 operationis
1829 3055 2088 3110 unalitate

525 3155 778 3210 deitatem
811 3153 1013 3207 Christi
1048 3160 1102 3206 et
1131 3150 1520 3204 humanitatem
1551 3149 1714 3204 simul
1742 3146 2080 3203 confundens

527 3245 878 3308 naturaliter,
912 3253 966 3298 et
1008 3243 1247 3312 partiens
1297 3242 1690 3312 personaliter,
1733 3239 1977 3297 dissolvit
2001 3240 2082 3294 vi-

529 3342 670 3398 tam;
720 3334 976 3402 ignorans
1029 3332 1198 3387 solius
1242 3331 1675 3386 connaturalium
1728 3345 2083 3400 personarum

529 3426 896 3482 connaturalis
918 3425 1214 3481 identitatis
1233 3424 1475 3480 eamdem
1511 3425 1682 3495 ipsam
1712 3423 2085 3494 operationem

529 3534 651 3576 esse
683 3517 1109 3590 signiﬁcativam.

606 3913 627 3948 ι
657 3883 749 3949 Ν.
787 3891 882 3949 His
917 3891 1082 3962 igitur
1112 3889 1185 3945 ita
1214 3896 1268 3945 et
1295 3887 1363 3943 ab
1412 3886 1518 3943 hoc
1563 3898 1780 3956 quoque
1831 3884 2089 3940 sacratis-

532 3987 672 4043 simo
717 3995 770 4040 et
822 4000 1016 4055 magno
1060 3983 1280 4038 doctore
1323 3997 1387 4036 ac
1437 3992 1676 4051 martyre
1727 3978 1969 4033 veritatis
2002 3977 2093 4046 (id

530 4081 709 4151 ipsum
743 4086 920 4132 autem
947 4084 1049 4140 est,
1082 4076 1128 4130 si
1163 4076 1405 4130 dicamus
1447 4088 1477 4126 a
1515 4071 1880 4134 sanctissimo,
1910 4070 2002 4140 qui
2038 4070 2094 4124 in

527 4190 598 4229 eo
631 4173 888 4242 loquitur,
922 4168 1187 4239 Spiritu),
1236 4164 1577 4220 manifestius
1603 4165 1783 4230 dictis,
1813 4163 2094 4233 diligenter

531 4264 814 4319 intendant
861 4261 954 4331 qui
983 4259 1187 4322 volunt,
1217 4266 1269 4310 et
1317 4255 1551 4308 maxime
1574 4255 1666 4323 qui
1693 4254 2097 4308 communicant

534 4357 642 4421 his,
671 4356 761 4424 qui
787 4354 1048 4407 novitates
1085 4364 1229 4403 nunc
1275 4345 1481 4417 Operati
1515 4354 1671 4400 sunt:
1700 4353 1752 4399 et
1777 4345 1950 4399 sciant
1973 4359 2095 4398 cer-

532 4449 764 4515 tissime,
800 4447 926 4516 quia
953 4443 1045 4514 qui
1069 4443 1203 4496 duas
1231 4438 1525 4494 Salvatoris
1559 4437 1732 4492 nostri
1765 4435 1966 4491 Christi
1996 4449 2086 4490 v0-

1182 366 1238 422 8.
1281 362 1638 420 HIPPOLYTI
1673 360 1826 418 OPP.
1867 357 2045 414 PARS
2084 355 2149 415 ll.
2213 386 2258 398 -
2295 353 2594 412 DOGMAT.
2633 353 2720 408 ET
2761 351 3098 410 HISTONC.

2106 3198 2147 3257 C

3596 358 3683 414 θα

2563 476 2644 530 Ex
2681 476 2905 530 editione
2941 465 3340 543 Combe/ieiuna.

2171 570 2405 624 maxime
2431 569 2750 624 cavendum.
2793 566 2861 619 Et
2898 568 3085 620 iterum
3113 580 3129 615 :
3161 564 3429 635 Siquidem
3457 564 3619 633 igitur,
3643 579 3692 622 ut

2173 671 2360 716 auctor
2383 660 2518 714 Bero
2550 670 2651 725 est,
2699 669 2971 728 assumpta
2996 659 3072 711 illi
3101 672 3229 712 caro
3260 656 3491 726 ejusdem
3514 672 3570 712 ac
3592 658 3691 728 ipse

2171 755 2385 810 virtutis
2413 769 2507 809 seu
2540 751 2873 822 operationis
2907 750 3045 804 facta
3074 759 3189 816 est;
3215 749 3367 818 plane
3396 749 3546 802 etiam
3570 750 3694 817 ejus-

2173 849 2293 904 dem
2341 847 2480 901 facta
2525 857 2606 901 est
2635 855 2864 907 naturae,
2895 858 3018 898 cum
3046 841 3243 911 quibus
3266 839 3508 894 omnibus
3529 852 3694 896 natura

2173 949 2276 1004 est,
2311 939 2456 1009 quod
2489 938 2743 1007 principii
2774 950 2987 1005 expers,
3016 934 3161 1003 quod
3190 932 3442 1003 ingenita,
3472 933 3601 1001 quod
3627 934 3697 987 in-

2175 1027 2344 1088 finita,
2394 1024 2538 1094 quod
2563 1023 2915 1092 sempiterna,
2947 1021 3089 1090 quod
3120 1018 3575 1087 incomprehensa,
3596 1019 3698 1074 etsi

2175 1130 2282 1185 qua
2317 1112 2583 1183 ejusmodi
2631 1112 2927 1168 secundum
2977 1107 3350 1164 excellentiam
3397 1107 3700 1178 theologicus

2178 1223 2356 1262 sermo
2406 1204 2603 1260 eximie
2652 1203 2707 1257 in
2755 1203 2952 1256 deitate
2981 1199 3703 1269 contemplaturzetvicissi-

2177 1297 2416 1351 tudinem
2454 1304 2683 1364 utraque
2725 1307 2887 1362 passa
2916 1297 3072 1355 sunt,
3105 1297 3302 1344 neutro
3331 1288 3702 1343 substantialem

2177 1397 2384 1442 naturae
2431 1402 2542 1442 suae
2587 1387 2854 1440 rationem
2899 1383 3042 1437 ultra
3095 1380 3426 1436 incolumem
3457 1388 3700 1436 servante.

2180 1480 2247 1534 Et
2283 1496 2502 1536 rursus:
2529 1477 2633 1545 Qui
2662 1477 2803 1533 enim
2831 1491 3045 1542 eorum,
3078 1489 3200 1544 quae
3242 1483 3370 1529 sunt
3399 1473 3607 1528 diversa
3624 1487 3703 1526 na-

2133 1556 2347 1638 \tura:,
2391 1571 2634 1626 eamdem
2687 1569 2848 1623 sentit
2897 1567 3304 1637 operationem;
3369 1563 3702 1619 confusionem

2179 1664 2385 1734 pariter
2435 1661 2734 1717 naturalem
2775 1659 3206 1728 divisionemque
3257 1657 3494 1726 ipsorum
3530 1655 3704 1709 inducit

2181 1755 2484 1811 naturalem
2510 1771 2524 1821 ;
2547 1754 2726 1824 ignota
2758 1766 2979 1821 prorsus
3001 1765 3064 1804 ac
3087 1750 3378 1804 obscurata
3411 1763 3501 1818 per
3521 1747 3706 1801 idiom:-

2114 1854 2155 1909 Β
2185 1856 2296 1902 tum
2326 1845 2804 1901 commutationem
2835 1841 3070 1896 naturali
3100 1855 3293 1896 eorum
3321 1837 3606 1895 substantia
3630 1851 3705 1890 ex-

2183 1940 2554 2009 sistentiaque.
2602 1937 2734 1992 Item
2763 1951 2782 1990 :
2811 1935 2869 1991 Si
2898 1950 3030 1991 vero
3058 1949 3167 1988 non
3191 1932 3433 2004 ejusdem
3456 1946 3516 1986 ac
3538 1931 3616 1984 ille
3639 1928 3697 1982 fa-

2183 2045 2267 2090 cta
2302 2042 2383 2088 est
2409 2041 2638 2097 naturae,
2687 2045 2786 2084 nec
2813 2028 3055 2098 ejusdem
3087 2040 3334 2096 unquam
3365 2023 3454 2078 fiet
3475 2021 3706 2092 Operatio-

2147 2127 2288 2181 -nis.
2348 2123 2416 2177 Et
2455 2125 2646 2177 iterum
2678 2136 2696 2174 :
2731 2120 2789 2176 In
2824 2119 2969 2175 hunc
3003 2126 3180 2173 autem
3216 2130 3452 2172 errorem
3500 2115 3702 2184 impege-

2183 2225 2347 2282 runt,
2409 2215 2687 2270 credentes
2745 2211 2885 2266 male
2935 2210 3211 2280 propriam
3271 2207 3451 2264 carnis
3497 2205 3702 2260 eﬂ‘ectam

2184 2311 2420 2365 divinam
2455 2308 2844 2378 Operationem,
2897 2319 3017 2373 qua:
3050 2318 3145 2373 per
3176 2302 3350 2372 ipsam
3386 2299 3438 2353 in
3472 2295 3706 2352 miraculis

2183 2402 2525 2457 manifestata
2573 2409 2683 2466 est;
2739 2413 2845 2469 qua
2873 2396 3145 2460 Christus,
3195 2408 3383 2449 rerum
3411 2393 3507 2445 hac
3530 2391 3707 2445 univer-

2185 2483 2344 2549 sitate
2396 2491 2634 2554 condita,
2687 2487 2983 2544 secundum
3031 2486 3174 2556 quod
3219 2484 3534 2553 intelligitur
3573 2480 3706 2542 Deus,

2183 2583 2329 2654 quod
2377 2583 2448 2636 ita
2479 2581 2754 2636 conditum
2783 2586 2899 2644 est,
2941 2584 3085 2630 tenet
3112 2589 3176 2629 ac
3198 2581 3504 2629 conservat.
3547 2569 3605 2623 Et
3627 2570 3707 2622 ite-

2185 2693 2301 2729 rum
2336 2691 2354 2730 :
2398 2673 2515 2727 Non
2556 2672 2696 2726 enim
2731 2677 3133 2740 cognoverunt,
3180 2665 3302 2721 fieri
3336 2679 3442 2718 non
3467 2678 3635 2733 posse,
3666 2670 3708 2712 ut

2185 2767 2380 2823 divina:
2431 2774 2638 2819 natura:
2668 2763 2937 2834 operatio,
2984 2761 3205 2815 alterius
3260 2758 3580 2824 diversaeque
3606 2754 3701 2808 sub-

2187 2860 2400 2915 stantia:
2440 2857 2740 2928 prOprietas
2793 2855 2977 2921 tieret,
3027 2852 3235 2921 absque
3283 2847 3708 2905 convertibilitate.

2187 2949 2255 3004 Et
2285 2953 2476 3004 iterum
2522 2967 2540 3004 :
2579 2947 2824 3015 Quandiu
2862 2961 2969 3000 non
3020 2958 3189 2999 unum
3229 2940 3524 2996 secundum
3553 2952 3706 2992 essen-

2187 3044 2314 3098 tiam
2342 3043 2504 3097 unius
2529 3041 2771 3096 noscitur
2801 3037 3035 3092 Verbum
3063 3034 3402 3106 operationis
3423 3073 3436 3098 ,
3477 3031 3608 3086 nulla
3631 3043 3709 3082 un-

2188 3151 2349 3206 quam
2383 3136 2592 3189 ratione
2619 3135 2731 3197 fiat,
2766 3139 2824 3186 ut
2851 3131 3134 3185 amborum
3161 3137 3346 3182 motus
3376 3131 3707 3196 cognoscatur.

2188 3228 2256 3282 Et
2283 3229 2473 3281 iterum
2521 3242 2539 3280 :
2579 3224 2763 3294 Itaque
2791 3223 2962 3288 Bero,
2997 3223 3088 3291 qui
3131 3221 3211 3275 sic
3245 3221 3472 3284 habeat,
3503 3225 3558 3272 ut
3590 3216 3705 3270 dioe-

2189 3321 2335 3384 bam,
2366 3335 2471 3374 una
2494 3318 2805 3389 operatione
2833 3315 3033 3370 Christi
3061 3314 3273 3384 pariter
3299 3313 3538 3367 deitatem
3569 3316 3615 3362 et
3634 3306 3711 3359 hu-

2195 3412 2514 3467 manitatem
2549 3419 2740 3463 natura
2767 3407 3104 3463 confundens
3131 3421 3194 3459 ac
3214 3403 3464 3474 personis
3486 3401 3711 3463 dividens,

2200 3505 2367 3560 vitam
2413 3503 2691 3570 dissolvit;
2745 3502 2836 3571 qui
2885 3515 3075 3569 nempe
3103 3498 3326 3568 nesciatj
3349 3495 3578 3550 eamdem
3608 3505 3710 3560 ope-

2192 3593 2480 3654 rationem,
2533 3605 2886 3660 personarum
2920 3603 3042 3658 qua:
3079 3587 3330 3657 ejusdem
3378 3593 3574 3640 natura:
3608 3580 3710 3642 sint,

2195 3682 2530 3738 identitatem
2571 3682 2831 3746 duntaxat
2860 3679 3159 3751 designare.

2107 487 2150 543 Δ

2195 3881 2487 3938 fessionem
2540 3883 2810 3952 abnegant
2841 3887 2894 3934 et
2940 3877 3223 3949 abjiciunt,
3260 3885 3422 3947 atque
3450 3871 3648 3944 impiam
3672 3875 3712 3922 ct

2197 3977 2426 4032 alienam
2450 3993 2480 4031 a
2505 3975 2867 4031 Christianico
2915 3972 3167 4042 dogmate
3200 3985 3324 4026 esse
3349 3971 3650 4026 asseverant,
3672 3970 3712 4016 et

2199 4085 2351 4140 aeque
2380 4079 2437 4124 ut
2468 4069 2756 4140 praedictus
2793 4068 3100 4133 haereticus,
3133 4065 3268 4136 quin
3291 4064 3473 4136 potius
3493 4069 3547 4115 ut
3561 4068 3714 4114 omnes

2200 4166 2362 4222 simul
2393 4164 2604 4235 profani
2629 4161 2887 4227 haeretici,
2922 4162 3014 4230 qui
3052 4161 3107 4214 in
3140 4159 3462 4214 confusione
3489 4170 3548 4210 ac
3580 4152 3715 4223 phan-

2198 4254 2336 4308 tasia
2359 4263 2413 4308 et
2440 4253 2703 4308 divisiOne
2725 4250 2930 4320 decepti
2953 4258 3099 4314 sunt,
3124 4249 3302 4304 solum
3341 4243 3712 4317 supersubsun—

2201 4348 2344 4402 tialis
2375 4346 2658 4420 theologia:
2686 4361 2748 4401 ac
2778 4346 3072 4399 incantata:
3087 4342 3503 4414 dispensationis
3519 4353 3613 4394 non
3636 4335 3713 4388 ab-

2196 4447 2395 4510 negant
2413 4447 2466 4493 et
2488 4439 2802 4494 subvertunt
2834 4439 3180 4508 mysterium:
3212 4444 3609 4506 quaternttatem
3629 4425 3716 4498 qui-

535 4540 768 4595 luntates
811 4535 1086 4592 naturales
1110 4544 1162 4588 ct
1191 4532 1533 4602 operationes
1585 4530 1924 4599 denegantel
1953 4527 2094 4598 abji-
2129 4536 2170 4588 D
2201 4532 2322 4586 dem
2380 4529 2744 4586 Personarum
2781 4539 3021 4586 sanctam
3065 4528 3383 4584 confitentes
3403 4525 3714 4581 Trinitatem;

493 4654 496 4658 ι
536 4634 706 4694 ciunt,
734 4631 952 4699 impiam
983 4643 1046 4682 ac
1068 4626 1296 4680 alienam
1321 4622 1664 4678 Christianici
1694 4620 1959 4691 dogmatis
1988 4629 2096 4674 tam

537 4739 748 4778 sacram
798 4731 851 4775 et
905 4719 1262 4774 orthodoxam
1325 4714 1723 4772 confessionem
1777 4713 2047 4782 appellant
2080 4751 2097 4776 ,

538 4830 813 4883 unamque
848 4813 1064 4868 tlcitatis
1089 4821 1142 4866 et
1176 4809 1529 4864 humanitatis
1547 4808 1665 4878 ejus
1683 4807 2017 4862 voluntatem
2049 4815 2102 4860 et

537 4906 903 4978 operationem
933 4905 1324 4970 dogmatizant,
1349 4917 1442 4956 eos
1471 4901 1573 4970 ;qui
1617 4900 1790 4954 taliter
1824 4899 1926 4953 sibi
1965 4911 2099 4953 con-

451 4989 462 5000 \
539 5014 674 5055 sonc
706 5013 812 5052 non
865 4997 1192 5052 confitentur
1229 4994 1770 5057 anathematizantes,
1807 4990 2016 5061 liquido
2049 4998 2103 5044 ct

540 5093 744 5162 absque
770 5090 878 5144 ullo
923 5097 1136 5159 tegente
1161 5088 1425 5142 velamine
1469 5095 1685 5141 sanctos
1723 5084 2017 5154 prophetas
2049 5093 2104 5136 et

541 5183 812 5254 apostolos
847 5190 1008 5250 atque
1028 5179 1316 5246 doctores;
1358 5179 1442 5232 vel
1494 5178 1676 5240 etiam,
1703 5185 1759 5230 ut
1805 5176 1986 5230 verius
2023 5175 2107 5230 di-

538 5284 720 5340 catur,
748 5273 1151 5329 sanctissimum
1193 5271 1454 5340 Spiritum
1501 5270 1596 5340 qui
1644 5270 1698 5323 in
1739 5269 1846 5322 illis
1891 5267 2106 5322 locutus

539 5377 645 5431 est,
679 5366 924 5436 quinimo
956 5371 1010 5420 et
1057 5363 1317 5432 loquitur,
1365 5359 1844 5423 auathematizant,
1872 5361 2014 5413 etab
2040 5373 2105 5414 eo

541 5471 638 5531 per
669 5457 790 5513 illos
817 5457 1066 5512 traditam
1092 5454 1250 5508 nobis
1269 5468 1479 5507 sacram
1502 5460 1555 5507 et
1579 5450 1936 5507 orthodoxam
1970 5465 2097 5504 con-

614 5594 726 5663 (50)
769 5589 828 5646 Si
857 5594 1038 5662 igitur.
1080 5589 1304 5663 Testim.
1333 5588 1380 5642 6.

613 5661 726 5729 (51)
769 5661 1061 5726 Quiettim.
1106 5661 1235 5715 Ibid.

615 5729 727 5807 (se)
856 5749 1007 5807 vero._
1035 5731 1260 5807 Test_im.
1280 5729 1340 5807 _7.

616 5798 729 5875 (55)
765 5802 831 5856 In
856 5803 1110 5858 eumdem.
1149 5800 1370 5879 Testim.
1398 5798 1450 5854 8.

2200 4629 2255 4675 at
2287 4636 2415 4675 vero
2445 4637 2612 4675 unum
2647 4620 2828 4689 huius,
2878 4619 2934 4674 id
2958 4626 3041 4674 est
3069 4617 3359 4671 Dominum
3388 4624 3618 4670 nostrum
3648 4607 3717 4662 Je-

2200 4728 2321 4768 sum
2339 4711 2639 4778 Christum,
2662 4711 3038 4776 inanimatum,
3060 4717 3113 4764 et
3133 4709 3249 4764 sine
3266 4708 3530 4762 intellectu
3551 4718 3607 4758 ac
3625 4701 3718 4754 sine

2201 4803 2431 4870 ratione,
2450 4804 2745 4859 secundum
2763 4803 2907 4872 quod
2924 4811 3141 4872 propter
3164 4816 3263 4856 nos
3284 4799 3454 4855 factus
3469 4806 3544 4854 est
3561 4797 3714 4853 homo,

2203 4895 2627 4960 introducentes,
2662 4904 2716 4949 et
2761 4893 3266 4949 eonvertibilitatem
3319 4891 3480 4946 simul
3525 4896 3573 4943 et
3613 4899 3717 4940 cou-

2203 4989 2539 5058 spersionem
2589 5002 2653 5042 ac
2685 4987 3120 5050 mutabilitatem,
3170 4985 3628 5049 confusionemque
3668 4985 3717 5027 ac

2205 5076 2550 5148 phantasiam
2597 5084 2652 5129 et
2677 5075 2998 5129 divisionem
3029 5073 3310 5143 utriusque
3356 5082 3550 5126 naturae
3579 5063 3717 5135 ipsius

2205 5170 2643 5240 pronuntiantes,
2672 5175 2725 5222 et
2765 5167 2886 5237 puri
2920 5182 3013 5235 per
3061 5166 3165 5221 hoc
3191 5163 3444 5227 hominis,
3468 5159 3542 5214 vel
3566 5153 3716 5228 prodi-

2207 5261 2279 5333 gii
2307 5259 2592 5329 cujusdam
2629 5268 2856 5313 matrem
2885 5266 3129 5312 sanctam
3153 5271 3364 5326 semper
3408 5251 3642 5324 virginem
3666 5257 3717 5297 Ic

2207 5354 2303 5410 Dei
2334 5354 2648 5424 genitricem
2673 5351 2898 5408 Mariam
2925 5350 3242 5406 scribentes.

2287 5466 2304 5498 ι
2329 5444 2394 5498 V.
2417 5445 2619 5500 Deinde
2646 5458 2776 5500 vero
2799 5444 2956 5509 hanc,
2984 5457 3104 5511 qua:
3125 5439 3369 5497 videlicet
3396 5438 3447 5492 in
3473 5449 3533 5491 eo
3555 5424 3716 5488 abillis

2280 5586 2393 5656 (54)
2419 5584 2540 5656 Non
2567 5582 2892 5656 enim._lbid.

2281 5652 2394 5727 (55)
2435 5655 2694 5727 Quarum.
2725 5653 2948 5727 Testim.
2961 5652 3032 5727 ΔΔγ.

2427 5727 2614 5795 Itaque
2643 5724 2800 5778 Bero.
2826 5722 3052 5779 'l‘estim.
3084 5721 3136 5776 8.
