3882 6332
233 338 332 396 855

1232 338 1510 395 CONTRA
1550 336 1872 397 BERONEM
1912 339 2001 395 ET
2038 335 2444 395 HELICONEM.

3338 339 3443 397 846

231 454 589 526 dogmatizata
619 462 720 521 est,
736 468 897 509 unam
926 453 1253 509 voluntatem
1271 465 1324 509 et
1341 470 1501 509 unam
1519 456 1792 525 operatio—
1818 460 1863 516 Α
1891 454 2061 510 tivum
2117 454 2545 524 uniuscujusque
2585 463 2789 510 natura:
2817 454 3058 525 operatio
3086 463 3139 511 et
3170 464 3323 511 estet
3345 472 3441 513 co-

229 562 351 602 nem
381 554 721 617 respuentes,
747 555 801 601 et
838 561 1010 616 neque
1039 562 1226 609 unam,
1252 563 1426 617 neque
1450 548 1609 615 duas,
1634 550 1684 603 id
1705 559 1788 604 est

227 635 470 691 divinam
506 647 560 691 et
595 639 884 691 humanam
938 637 1269 692 voluntatem
1296 640 1378 693 vel
1420 642 1784 709 operationem

226 730 284 782 in
321 743 412 792 eo,
441 730 525 783 vel
555 731 841 798 quamdam
878 745 942 785 ex
970 732 1224 786 omnibus
1252 733 1495 787 conﬁteri
1526 735 1784 800 volentes,

224 835 332 873 non
364 821 543 874 solum
598 821 876 875 instabiles
898 829 952 873 et
981 822 1445 892 tergiversatores,
1475 825 1567 878 sed
1597 839 1649 879 et
1680 827 1791 880 Ιιτες

223 913 409 966 reticis
435 912 529 981 qui
561 913 616 966 in
662 913 984 968 confusione
1011 929 1075 967 ac
1102 914 1389 984 phantasia
1438 926 1491 971 et
1519 917 1786 973 divisione

223 1012 565 1069 erraverunt,
596 1005 771 1075 magis
800 1004 992 1074 impios
1027 1004 1128 1074 ipsi
1154 1006 1362 1075 seipsos
1399 1008 1636 1077 pr0priis
1665 1024 1786 1063 ver-

223 1095 308 1149 bis
332 1103 389 1149 et
419 1096 764 1165 dogmatibus
819 1109 1142 1154 monstrant.
1178 1098 1311 1154 Nam
1353 1100 1430 1155 illi
1459 1101 1677 1171 quidem
1702 1103 1783 1157 vel

224 1185 523 1251 unam,isti
554 1201 682 1239 vero
721 1202 821 1243 nec
871 1204 1031 1243 unam
1082 1191 1414 1245 voluntatem
1461 1194 1545 1247 vel
1595 1208 1788 1263 opera-

224 1278 427 1333 tionem
455 1293 577 1331 eum
614 1280 813 1335 habere
836 1281 1045 1345 volunt,
1082 1297 1145 1337 ac
1202 1298 1296 1353 per
1328 1284 1432 1338 hoc
1477 1285 1786 1341 insubstan-

224 1366 407 1421 tialem
445 1368 594 1422 illum
624 1378 677 1423 et
716 1370 1149 1438 inessentialem;
1199 1373 1380 1428 minus
1404 1376 1547 1429 enim
1574 1384 1658 1430 est
1702 1376 1785 1431 di-

220 1470 366 1521 cere,
405 1457 522 1512 sine
568 1460 839 1515 voluntate
890 1477 954 1517 ac
1006 1462 1440 1535 impotem(57)
1487 1469 1782 1523 secundum

220 1558 487 1619 utrasque
514 1560 738 1607 naturas
764 1554 1136 1623 pronuntiant,
1162 1571 1283 1611 cum
1306 1558 1461 1627 juxta
1485 1575 1670 1615 sacras
1691 1560 1784 1615 de-

217 1640 497 1697 ﬁnitiones
522 1654 574 1697 et
604 1645 840 1700 rationes
881 1649 1174 1717 corruptio,
1226 1649 1279 1703 id
1329 1658 1411 1704 est
1443 1652 1784 1722 interemptio

216 1743 271 1789 et
290 1736 667 1791 inexsistentia
696 1748 921 1801 naturai,
965 1740 1291 1794 naturalium
1327 1740 1703 1797 habitudinum
1728 1753 1784 1799 et

1888 546 2168 614 gnoscitur
2196 543 2461 601 naturalis
2486 562 2499 598 :
2549 554 2603 600 et
2623 545 2801 600 omnis
2838 557 3032 601 natura
3058 547 3290 617 propriae
3313 562 3442 618 ope-

1884 640 2113 694 rationis
2140 639 2480 694 substantiali
2505 639 2714 693 ratione
2759 640 3126 710 cognoscitur,
3160 653 3214 695 et
3262 643 3443 696 omnis

1885 739 2076 784 natura
2107 730 2509 785 convenientem
2540 731 2641 785 sibi
2673 745 2838 801 seque
2867 732 3257 803 signiﬁcantem
3281 735 3443 789 habet

1886 821 2276 889 operationem,
2318 822 2456 877 hanc
2476 822 2545 875 ab
2571 823 2692 877 aliis
2732 824 3147 892 discernentem,
3175 828 3443 881 deﬁnitio.

1885 925 2090 980 nesqne
2116 912 2543 967 substantiarum
2566 915 2839 970 naturales
2886 930 3070 971 earum
3102 920 3442 988 operationes

1884 1016 2010 1055 vera
2060 1004 2201 1058 ratio
2228 1004 2395 1058 novit.
2432 1003 2499 1058 Et
2541 1014 2601 1059 ut
2632 1006 3012 1075 compendiose
3064 1008 3296 1075 dicatur,
3344 1022 3444 1063 nec

1884 1103 2133 1148 naturam
2163 1094 2279 1149 sine
2310 1096 2622 1165 operatione
2653 1112 2774 1166 quae
2823 1097 2971 1151 illam
3017 1099 3445 1155 substantialiter

1884 1186 2295 1249 characterizet,
2323 1201 2423 1241 nec
2456 1202 2646 1242 rursus
2699 1188 3029 1243 voluntatem
3059 1188 3141 1243 vel
3172 1191 3441 1259 operatio-

1883 1291 2006 1331 nem
2037 1285 2248 1330 constat
2295 1291 2417 1333 esse
2464 1277 2580 1331 sine
2618 1278 2851 1347 quadam
2904 1280 3229 1345 substantia,
3280 1283 3331 1335 id
3359 1291 3443 1337 est
3490 1266 3493 1269 ﬁ

1881 1367 2140 1436 possibile
2170 1368 2321 1438 (6i);
2364 1369 3009 1437 quemadmodumdiviua
3049 1372 3444 1427 concionantur

1882 1457 2131 1530 Eloguio,
2181 1468 2237 1514 et
2283 1460 2397 1529 ipsa
2426 1475 2607 1515 rerum
2636 1469 2828 1516 natura
2859 1463 3079 1519 clamat.

1956 1567 1977 1600 ‹
2026 1549 2135 1604 νη.
2174 1550 2342 1621 lgitur
2385 1552 2717 1607 voluntatem
2750 1562 2804 1608 et
2853 1556 3223 1624 operationem
3274 1574 3440 1615 unam

1880 1651 2077 1710 praeter
2101 1641 2237 1697 duas
2270 1644 2413 1697 circa
2464 1643 2796 1698 Salvatorem
2828 1646 3106 1701 Christum
3154 1651 3439 1720 ﬁngentes.

1878 1737 1934 1783 et
1959 1731 2280 1786 necessitate
2309 1731 2423 1803 (62)
2459 1736 2620 1789 etiam
2652 1735 2811 1789 aliam
2862 1745 3112 1792 naturam
3142 1751 3338 1809 praeter
3358 1744 3441 1797 di~

217 1827 599 1894 Operationum
630 1836 794 1898 atque
823 1829 1082 1883 virtutum
1119 1830 1405 1886 inﬁrmitas
1435 1840 1489 1886 et
1538 1832 1780 1890 defectus

1886 1822 2083 1887 vinam,
2106 1832 2164 1876 ut
2184 1823 2386 1877 dictum
2409 1833 2513 1889 est,
2535 1834 2589 1880 et
2609 1826 2902 1881 humanam
2924 1838 3233 1886 extraneam
3256 1848 3444 1902 quam-

216 1920 467 1983 exsistat,
503 1930 556 1975 et
577 1923 723 1991 quod
748 1922 1120 1977 universaliter
1152 1926 1427 1978 voluntate
1450 1926 1684 1980 naturali
1714 1942 1778 1981 ac

219 2012 566 2067 substantiali
604 2015 915 2083 operatione
948 2014 1211 2083 privatur,
1268 2030 1441 2086 neque
1467 2027 1571 2084 est,
1606 2034 1777 2088 neque

217 2102 424 2173 aliquid
455 2113 557 2167 est,
588 2120 762 2175 neque
777 2105 1072 2175 estqumvis
1093 2106 1215 2175 ejus
1244 2108 1499 2163 essentia.

293 2208 313 2240 σ
355 2191 447 2246 Vl.
474 2192 542 2247 Et
590 2209 701 2249 non
749 2195 924 2264 ipsum
958 2204 1189 2260 tantum,
1224 2197 1318 2252 sed
1368 2207 1421 2253 et
1456 2198 1689 2261 Patrem,
1725 2208 1779 2254 et

220 2279 486 2352 Spiritum
513 2297 782 2351 sanctum,
809 2287 1265 2342 insubstantivum
1284 2298 1534 2344 astruunt
1554 2299 1608 2345 et
1630 2292 1779 2347 inex-

220 2376 531 2431 sistentem.
584 2376 837 2446 Ejusdem
885 2379 1028 2432 enim
1078 2379 1323 2449 utrisque
1370 2380 1475 2436 illis
1525 2382 1780 2436 substan-

217 2470 327 2535 tia3,
370 2468 424 2523 id
462 2479 549 2525 est
579 2470 818 2537 deitatis,
878 2479 932 2525 et
969 2472 1283 2537 voluntatis,
1333 2488 1398 2528 ac
1452 2470 1805 2542 Operationis‘

220 2560 475 2616 Salvator
502 2562 733 2628 exsistit,
759 2562 1054 2617 secundum
1085 2564 1226 2633 quod
1253 2574 1335 2619 est
1372 2574 1425 2619 et
1454 2564 1662 2621 dicitur
1680 2582 1779 2620 na-

213 2660 337 2707 tura
374 2652 553 2717 Deus;
590 2655 662 2708 ita
718 2662 778 2707 ut
832 2654 1223 2725 subsequenter
1253 2665 1307 2711 et
1355 2657 1629 2712 dominam
1680 2672 1781 2712 no-

217 2753 391 2799 stram
445 2761 571 2801 vere
623 2748 1043 2814 sanctissimam,
1096 2762 1259 2818 super
1312 2763 1503 2805 omnes
1562 2761 1779 2807 sanctos

212 2837 584 2891 venerandam
628 2839 834 2895 scilicet
892 2849 947 2893 et
982 2839 1325 2905 laudandam,
1375 2849 1435 2894 ut
1471 2842 1683 2912 proprie
1717 2856 1783 2898 ac

213 2942 323 2981 non
355 2927 639 2991 fallaciter,
679 2930 943 2984 veraciter
976 2929 1071 2984 Dei
1112 2930 1420 2999 genitricem
1462 2947 1781 3002 semperque

213 3017 508 3086 virginem,
542 3034 648 3073 non
681 3020 896 3090 proprie
921 3035 985 3075 ac
1022 3022 1285 3077 veraciter
1314 3030 1538 3077 matrem
1566 3023 1657 3077 Dei
1687 3024 1781 3078 de—

212 3108 482 3172 scribant,
520 3110 611 3164 sed
639 3110 758 3181 ejus
782 3112 876 3182 qui
920 3112 1232 3168 nullomodo
1284 3114 1582 3168 secundum
1632 3115 1779 3184 ipsos

1876 1912 2003 1967 dam
2037 1914 2412 1969 exsistentium
2444 1917 2684 1970 omnium
2710 1919 2941 1973 alienam
2966 1922 3297 1990 plasmantes
3342 1940 3439 1994 ap-

1876 2005 2078 2075 plicant
2103 2007 2175 2073 ei,
2204 2007 2360 2076 cujus
2388 2023 2510 2064 esse
2537 2010 2647 2081 (65)
2678 2010 2791 2081 jam
2849 2013 3048 2067 dictam
3082 2029 3111 2067 a
3164 2030 3221 2068 se
3274 2032 3438 2071 unam

1875 2096 2228 2161 voluntatem,
2258 2113 2379 2167 qua:
2407 2098 2566 2155 inane
2609 2102 2918 2172 ﬁgmentum
2966 2104 3105 2158 ﬁctae
3157 2106 3440 2175 cogitatio-

1876 2188 1964 2243 nis
1979 2195 2080 2255 est,
2108 2198 2160 2243 et
2180 2204 2396 2257 germen
2420 2192 2562 2261 quod
2594 2194 2662 2248 ab
2688 2194 2988 2250 idololatria
3012 2197 3085 2249 ml
3110 2198 3322 2267 penitus
3336 2196 3440 2252 dif-

1877 2279 1998 2335 fert.
2025 2280 2167 2337 Deus
2189 2283 2332 2337 enim
2362 2284 2526 2338 simul
2573 2294 2627 2340 et
2666 2287 2829 2342 homo
2863 2288 3110 2343 Salvator
3150 2290 3440 2356 exsistens,

1877 2372 2015 2429 duas
2038 2381 2246 2428 tantum
2271 2385 2627 2444 congruentes
2660 2378 2762 2432 sibi
2808 2388 3029 2435 naturas
3055 2387 3109 2435 et
3137 2380 3442 2437 voluntates

1879 2472 1934 2518 et
1963 2466 2327 2534 operationes,
2363 2465 2414 2520 id
2443 2476 2526 2522 est
2551 2467 2788 2522 divinam
2820 2479 2873 2524 et
2916 2470 3212 2525 humanam
3258 2471 3439 2533 habet.

1879 2557 2337 2626 quemadmodum
2358 2558 2545 2630 inclyti
2588 2572 2946 2633 praaceptores
2968 2565 3141 2619 nostri
3171 2580 3237 2620 ac
3264 2565 3444 2621 docto.

1879 2663 1967 2702 res
1998 2646 2268 2705 aﬁirmant
2302 2669 2315 2704 :
2368 2665 2477 2704 non
2507 2666 2669 2706 unam
2702 2664 2756 2729 et
2806 2654 2965 2717 duas,
2996 2655 3050 2708 id
3104 2664 3187 2710 est
3222 2664 3351 2721 tres,
3382 2664 3443 2709 ut

1880 2740 2177 2796 adversarii
2230 2740 2631 2810 dogmatizant;
2695 2759 2806 2813 quo
2857 2744 2989 2799 illud
3039 2747 3442 2802 evidentissima

1880 2841 2091 2902 gerant,
2154 2832 2296 2900 quod
2348 2833 2477 2887 olim
2532 2849 2561 2886 a
2616 2833 2723 2889 Deo
2774 2850 2870 2904 per
2896 2835 3089 2891 Isaiam
3121 2839 3437 2908 prophetam

1878 2923 1935 2978 in
1964 2923 2293 2978 calumniam
2321 2924 2539 2992 dicitur,
2570 2925 2623 2980 id
2675 2935 2794 2982 est:
2841 2927 3111 2997 Caupones
3162 2934 3239 2985 tui
3262 2934 3441 2987 vinum

1882 3032 2020 3085 aqua
2050 3016 2263 3070 miscent
2287 3015 2354 3069 ⁸⁵.
2386 3014 2455 3071 Ut
2486 3018 2629 3071 enim
2658 3029 2876 3089 apparet
2904 3061 2919 3084 ,
2978 3030 3030 3076 et
3071 3022 3162 3077 isti
3217 3023 3439 3078 verbum

1881 3108 2123 3163 veritatis
2182 3122 2485 3177 cauponum
2553 3112 2703 3165 niore
2757 3111 3110 3168 adulterando
3142 3153 3157 3175 ,
3222 3123 3444 3169 natura-

212 3199 454 3254 exsistit.
484 3199 550 3255 Et
578 3202 667 3256 isti
690 3204 904 3272 quidem
934 3203 1130 3258 talibus
1150 3218 1215 3258 ac
1236 3206 1396 3259 tantis
1416 3188 1845 3275 impietatibusC
1877 3200 1984 3256 lem
2037 3201 2350 3255 dualitalem
2394 3201 2732 3256 voluntatum
2783 3211 2837 3257 et
2891 3204 3265 3272 operationum
3321 3203 3445 3259 Sal-

212 3291 388 3361 capti,
412 3307 508 3361 per
536 3300 635 3347 'sua
680 3294 851 3363 ipsius
879 3293 992 3365 (58)
1023 3294 1276 3365 dogmata
1314 3295 1681 3364 propalantur.
1714 3295 1779 3350 Hi

212 3396 374 3449 vero,
407 3383 500 3453 qui
536 3384 699 3438 simul
721 3400 843 3440 cum
868 3385 1080 3439 duabus
1107 3386 1555 3442 voluntatibus'et
1587 3402 1782 3457 opera-

210 3474 484 3541 tionibus,
516 3490 637 3544 quze
686 3476 887 3530 sanctis
918 3476 1198 3530 catholicae
1241 3477 1642 3534 institutoribus
1674 3478 1781 3534 Ec-

212 3566 398 3621 desim
416 3565 504 3635 pie
519 3565 572 3619 in
598 3563 872 3621 Salvatore
888 3574 1076 3621 nostro
1092 3565 1310 3621 Christo
1321 3567 1594 3632 dicuntur,
1618 3569 1779 3622 aliam

212 3671 386 3712 unam
410 3657 594 3711 nescio
621 3657 758 3711 unde
782 3658 1040 3733 ﬁngentes
1064 3658 1305 3713 conﬁteri
1328 3660 1533 3725 volunt,
1564 3670 1617 3715 et
1645 3677 1778 3716 ana-

213 3749 579 3803 thematizant
602 3763 695 3803 eos
719 3749 812 3818 qui
841 3764 948 3803 non
970 3764 1207 3805 consone
1223 3750 1324 3804 sibi
1352 3767 1516 3805 unam
1545 3760 1599 3806 et
1622 3753 1778 3817 duas,

212 3841 273 3897 id
305 3850 391 3896 est
420 3850 529 3895 tres
585 3841 887 3895 voluntates
918 3850 971 3895 et
1017 3842 1356 3910 operationes
1402 3844 1454 3896 in
1509 3858 1575 3898 eo
1620 3844 1783 3897 conli-

212 3942 440 4000 tentur;
490 3934 842 3989 nihilominus
893 3942 948 3990 et
1004 3934 1088 3989 isti
1130 3942 1346 3989 sanctos
1391 3937 1674 4006 pr0phetas
1729 3946 1784 3991 et

211 4025 502 4095 apostolos
534 4039 597 4078 ac
638 4024 907 4088 doctores,
934 4023 1065 4092 quin
1095 4031 1149 4077 et
1204 4039 1366 4092 super
1417 4025 1540 4089 hos,
1589 4025 1680 4092 qui
1727 4026 1778 4078 in

213 4119 355 4189 ipsis
380 4119 591 4175 locutus
612 4125 715 4180 est,
737 4117 845 4169 imo
861 4124 913 4170 et
941 4128 1084 4168 nunc
1102 4130 1194 4178 per
1209 4131 1302 4168 eos
1320 4114 1531 4179 affatur,
1554 4116 1781 4169 sanctis-

213 4217 419 4270 simum
448 4214 705 4284 Spiritum
723 4211 1197 4277 anathematizant,
1222 4222 1275 4265 et
1292 4212 1539 4265 traditam
1568 4227 1661 4282 per
1686 4226 1781 4266 eos

216 4309 382 4362 nobis
407 4307 478 4360 ab
500 4307 591 4359 illo
636 4312 874 4359 sanctam
923 4311 977 4357 et
1006 4301 1406 4357 immaculatum
1437 4303 1594 4359 ﬁdem
1626 4305 1781 4359 novis

214 4396 1067 4454 adulterantesadinventionibus
1102 4399 1389 4466 abnegant,
1427 4409 1481 4452 et
1511 4398 1671 4452 aliam
1726 4397 1780 4451 in

215 4490 507 4546 Salvatore
564 4490 780 4547 Christo
829 4499 1076 4544 naturam
1119 4496 1312 4559 praeter
1339 4488 1575 4542 divinam
1602 4496 1655 4543 et
1679 4489 1781 4541 hu-

213 4600 465 4651 manam,
492 4592 801 4638 extrancam
850 4581 1139 4652 quamdam
1190 4588 1245 4635 et
1269 4581 1509 4633 omnium
1544 4579 1774 4633 alienam

212 4677 596 4733 exsistentium
648 4676 854 4746 ﬁngunt
885 4674 1022 4747 (59),
1052 4673 1210 4743 cujus
1259 4686 1380 4727 esse
1422 4672 1610 4726 volunt
1647 4687 1677 4724 a
1718 4686 1777 4727 se

216 4770 403 4824 ﬁctam
431 4770 485 4822 in
508 4769 597 4823 illo
621 4784 781 4822 unam
798 4767 1127 4821 voluntatem
1149 4764 1605 4833 etoperationem.
1630 4761 1777 4828 Quo-

214 4862 367 4914 niam
394 4859 573 4913 omnis
597 4859 847 4913 voluntas
870 4856 1136 4910 naturalis
1159 4864 1213 4909 et
1262 4852 1633 4909 substantialis
1655 4867 1779 4923 ope-

214 4954 385 5018 ratio,
412 4961 537 5006 natu
547 4966 616 5005 rte
635 4949 875 5019 profecto
893 4947 1235 5002 voluntativa:
1257 4961 1321 5000 ac
1337 4943 1622 5015 oporativa:
1642 4942 1779 4997 idio-

216 5056 369 5101 mata
404 5051 549 5099 sunt.
579 5042 645 5096 Et
674 5041 850 5097 omnis
872 5040 1111 5098 oocratio
1131 5038 1394 5091 naturalis
1419 5034 1777 5091 substantiam

216 5140 449 5203 indicat,
472 5152 540 5192 ex
565 5151 670 5206 qua
707 5133 950 5205 procedit
998 5141 1053 5187 et
1107 5132 1245 5186 inest
1275 5128 1386 5199 (60)
1414 5146 1427 5183 2
1491 5137 1545 5184 et
1576 5127 1781 5181 indica-

292 5326 340 5356 ⁸⁸
373 5325 481 5377 lsa.
513 5336 554 5387 ι,
576 5321 668 5374 2-2.
746 5319 793 5349 ⁸⁸
818 5315 859 5369 ll
877 5315 1003 5370 Cor.
1032 5330 1106 5380 vt,
1136 5313 1319 5366 H-lﬁ.

293 5507 407 5577 (5'1)
431 5504 1087 5577 {mpotem.lmpotentem.
1114 5501 1280 5556 Bson.

297 5578 411 5646 t58)
443 5576 639 5645 Ipsius.
665 5577 930 5645 Ipsorum.
964 5576 1040 5627 In.

292 5639 407 5717 (59)
426 5639 491 5699 Et
512 5639 809 5717 omniain...
834 5640 1142 5717 ﬁngunt._Et
1157 5642 1224 5694 ab
1238 5639 1486 5695 omnibus
1508 5653 1627 5709 quae
1653 5644 1782 5693 sunt

224 5717 283 5771 in
306 5714 472 5770 rebus
498 5717 749 5776 alienam,
785 5715 1007 5784 ﬁngunt.
1038 5714 1273 5784 βοηθεῖ.

301 5787 412 5857 (60)
445 5786 514 5838 Et
548 5787 695 5839 inest.
722 5786 818 5839 Cui
855 5782 1011 5839 inest.
1044 5782 1113 5837 lo.

1882 3292 2085 3347 vatoris
2111 3293 2285 3347 nostri
2314 3293 2517 3348 Christi
2548 3310 2655 3348 una
2671 3294 2948 3349 voluntate
2992 3312 3056 3351 ac
3105 3297 3441 3367 Operatione,

1881 3401 2004 3456 quae
2028 3385 2081 3439 in
2113 3385 2230 3455 ipso
2256 3384 2325 3439 ab
2369 3385 2636 3441 haereticis
2669 3387 2759 3456 qui
2787 3388 2840 3442 in
2871 3388 3190 3444 confusione
3218 3404 3283 3445 ac
3305 3389 3444 3445 divi-

1881 3476 2037 3531 sione
2070 3490 2164 3529 seu
2196 3475 2479 3544 phantasia
2526 3474 2731 3545 decepti
2773 3486 2920 3545 sunt,
2968 3479 3131 3549 impie
3173 3480 3443 3551 dogmati-

1882 3575 2000 3621 zata
2025 3575 2128 3632 est,
2164 3566 2331 3621 veluti
2360 3564 2543 3618 vinum
2568 3581 2708 3635 aqua
2741 3567 3049 3633 miscentes,
3076 3580 3331 3642 utrasque
3353 3587 3442 3627 se-

1881 3662 1997 3708 ctas
2030 3654 2273 3707 conﬁteri
2296 3652 2664 3721 compellunt;
2708 3661 2853 3724 quod
2910 3657 3135 3729 impium
3177 3661 3449 3716 veraciter

1880 3756 1965 3799 est
2000 3753 2055 3798 et
2084 3744 2319 3799 alienum
2368 3743 2727 3799 immaculata:
2763 3745 2887 3801 ﬁdei
2927 3758 3133 3803 nostrae
3178 3750 3444 3808 Christia-

1881 3851 2111 3903 norum;
2165 3836 2258 3906 qui
2291 3851 2358 3891 ex
2386 3835 2652 3892 diametro
2687 3836 2937 3893 similiter
2971 3847 3031 3893 ut
3084 3855 3442 3908 praecessores

1882 3928 1967 3982 sui
1991 3928 2154 3982 etiam
2206 3944 2303 3997 per
2336 3930 2483 3987 hunc
2540 3946 2573 3986 a
2628 3929 2853 3984 veritate
2896 3930 3152 3985 decidunt
3196 3934 3439 3989 modum.

1882 4018 2115 4089 Equale
2135 4020 2335 4089 quippe
2371 4036 2439 4076 ex
2482 4021 2749 4077 diametro
2792 4029 2847 4076 et
2894 4021 3069 4077 simile
3125 4024 3328 4078 malum
3360 4034 3446 4079 est

1882 4126 2005 4165 cum
2040 4112 2292 4167 haeretica
2322 4114 2579 4182 opinione
2609 4123 2889 4184 paternam
2937 4115 3200 4184 projicere
3248 4131 3312 4171 ac
3355 4132 3442 4171 re-

1881 4202 2115 4271 probare
2142 4203 2545 4268 orthodoxiam,
2570 4213 2623 4258 et
2654 4220 2684 4259 e
2701 4206 2918 4259 diverso
2962 4222 3085 4260 cum
3120 4207 3221 4261 hac
3242 4207 3443 4275 pariter

1882 4303 1936 4349 et
1959 4293 2102 4348 illam
2134 4293 2380 4348 conﬁteri
2402 4302 2455 4348 et
2494 4295 2825 4364 approbare:
2880 4294 3011 4360 Qua:
3041 4296 3179 4349 enim
3216 4298 3442 4366 partici—
3504 4330 3509 4337 -

1881 4388 2027 4457 patio
2050 4387 2281 4455 justitia:
2310 4398 2358 4441 et
2393 4387 2665 4456 iniquitati
2690 4389 2714 4441 ?
2735 4397 2826 4440 aut
2848 4404 2963 4458 qua:
2990 4390 3209 4442 societas
3235 4389 3342 4442 luci
3370 4390 3440 4442 ad

1884 4479 2122 4533 tenebras
2140 4480 2165 4531 ἱ)
2194 4488 2285 4531 aut
2308 4495 2425 4549 qua:
2451 4482 2720 4534 conventio
2752 4479 2949 4533 Christi
2978 4480 3047 4532 ad
3090 4479 3305 4533 Belial?
3349 4493 3442 4534 aut

1880 4588 1998 4643 qua:
2023 4587 2145 4638 pars
2183 4570 2327 4639 ﬁdeli
2380 4588 2499 4624 cum
2553 4570 2803 4641 infideli?
2828 4571 2917 4640 qui
2947 4580 3121 4623 autem
3162 4585 3440 4624 consensus

1883 4664 2073 4735 templo
2102 4664 2195 4718 Dei
2222 4681 2339 4719 cum
2362 4664 2517 4719 idolis
2542 4665 2630 4719 “.9
2663 4663 2880 4719 divinus
2910 4664 2988 4716 ait
3011 4662 3325 4732 Apostolus.
3356 4661 3443 4716 ln-

1882 4774 2047 4829 quam
2078 4772 2209 4813 vero
2236 4768 2291 4813 et
2340 4758 2489 4827 ipse:
2521 4758 2651 4824 Quae
2680 4755 3040 4826 participatio,
3074 4756 3158 4810 vel
3192 4771 3439 4811 commu-

1883 4849 2106 4915 nicatio,
2138 4850 2444 4914 conventio,
2489 4859 2583 4903 aut
2606 4863 2751 4918 pars,
2774 4855 2866 4901 aut
2886 4862 3183 4901 consensus
3208 4856 3445 4917 paterna:

1884 4942 2237 5007 orthodoxize,
2270 4940 2337 4995 ad
2399 4956 2630 5011 nequam
2671 4939 3049 4994 haereticorum
3107 4940 3443 5010 opinionem,

1886 5044 1946 5088 ut
1962 5048 2086 5089 cum
2111 5034 2277 5088 altera
2302 5032 2467 5088 altera
2488 5032 2825 5102 praedicetur,
2844 5032 2927 5086 vel
2943 5032 3103 5086 etiam
3120 5031 3446 5103 respuatur?

1965 5143 1985 5177 ι
2032 5123 2169 5180 Vill.
2196 5124 2263 5179 Et
2292 5126 2396 5179 hoc
2418 5138 2637 5194 quoque
2670 5124 2954 5195 diligenter
2984 5122 3287 5188 intendant,
3316 5121 3444 5191 quia

1955 5497 2066 5570 (6i)
2091 5498 2311 5553 Constat
2438 5499 2704 5568 possibile.
2766 5499 3031 5556 Constare
3070 5496 3186 5551 sine
3209 5492 3445 5565 quadam

1887 5571 2213 5631 substantia,
2250 5579 2332 5624 est
2360 5571 2634 5641 possibile.
2665 5574 2743 5625 In.

1958 5662 2071 5733 (62)
2098 5660 2167 5714 Et
2196 5663 2515 5715 necessitate.
2555 5661 2631 5714 Ex
2662 5666 2999 5715 necessutate.
3025 5656 3101 5709 lo.

1962 5753 2073 5825 (63)
2100 5752 2265 5823 Cujus
2295 5767 2422 5808 esse.
2452 5753 2622 5823 Cujus
2654 5754 2816 5807 velint
2844 5765 2979 5804 esse.
3010 5748 3080 5803 In.
