3882 6332
423 360 431 366 “
493 356 598 412 8ιῖ

1145 351 1201 407 s.
1243 349 1601 406 IllPPOLYTl
1641 348 1789 405 ore.
1831 348 2010 404 rans
2051 348 2115 404 ιι.
2156 380 2224 391 -
2260 347 2559 405 possm.
2602 347 2689 402 ET
2727 309 3084 402 utsromo:
3569 355 3655 410 tua

495 476 541 529 si
573 472 1026 546 quemadmodum
1058 487 1286 542 magnus
1319 472 1388 525 ab
1419 471 1820 526 immortalitate
1848 485 2049 540 cogno-
2077 474 2123 530 A
2152 480 2385 526 creatam
2403 468 3660 541 etcreatam,sineinceptioneetcumineeptione,

497 569 738 622 minatus
768 565 902 636 (64),
931 568 1043 620 imo
1072 579 1200 620 vero
1230 572 1457 618 cunctus
1501 571 1812 617 sanctorum
1855 561 2059 619 chorus

496 659 746 724 aﬂirmal,
774 657 920 728 quod
961 671 1096 727 pene
1130 655 1260 710 ﬁdes
1283 654 1581 709 Salvatoris
1610 653 1778 709 nostri
1823 668 1930 706 non
1971 651 2060 706 ad-

496 751 693 818 mittat,
725 765 849 807 cum
889 749 992 804 hoc
1025 746 1270 802 instabile
1290 745 1547 816 quiddam
1573 744 1869 800 secundum
1903 759 2057 798 suam

497 843 665 913 ipsius
695 842 959 896 rationem
985 839 1230 895 exsistat.
1259 836 1413 904 Quod
1441 837 1487 890 si
1517 838 1620 891 hoc
1664 836 1831 890 fuerit
1872 848 2056 906 passa,

497 933 714 1004 etquod
745 933 869 988 huic
889 940 972 987 est
1010 929 1343 986 contrarium
1403 927 1589 998 procul
1627 927 1791 981 dubio
1825 929 2060 982 sustine-

496 1028 596 1091 bit,
645 1026 1070 1081 additamentum
1123 1021 1349 1088 scilicet,
1389 1029 1443 1074 et
1491 1009 1768 1090 quomodo
1817 1019 2060 1073 manebit

497 1120 724 1176 ulterius
749 1118 882 1172 fides
923 1115 1216 1171 defectibus
1246 1128 1310 1168 ac
1359 1109 1690 1182 profectibus
1731 1110 2060 1166 immutata?

496 1212 709 1274 Dicant,
743 1210 938 1280 inquit,
992 1207 1162 1273 nobis,
1196 1207 1284 1276 qui
1338 1221 1430 1275 per
1481 1203 1715 1274 singulos
1767 1203 1875 1256 dies
1929 1203 2058 1271 ﬁdes

497 1313 697 1369 creant,
732 1303 834 1356 imo
854 1302 974 1356 deos
1007 1299 1107 1354 sibi
1146 1299 1375 1352 diversos
1404 1297 1628 1366 ﬁngunt,
1659 1296 1908 1365 quoniam
1941 1311 2058 1347 cum

498 1395 620 1463 ﬁdei
644 1392 791 1447 verba
823 1400 1060 1446 mutatur
1091 1398 1246 1460 atque
1292 1385 1673 1456 multiplicatur
1723 1402 1756 1439 a
1787 1387 1980 1439 talibus
2006 1385 2060 1438 id

497 1485 634 1556 quod
662 1485 913 1538 creditur.
947 1480 1090 1552 Ergo
1118 1489 1173 1536 et
1202 1480 1499 1534 adversarii
1528 1478 1658 1534 fides
1691 1477 1794 1533 sibi
1826 1477 2060 1543 conden-

498 1588 579 1634 tes
600 1577 863 1641 diversas,
885 1576 1093 1644 absque
1121 1572 1270 1627 omni
1299 1570 1725 1627 contradictione
1763 1571 2058 1626 secundum

499 1667 810 1738 qualitatem
841 1673 896 1720 et
917 1663 1274 1734 quantitatem
1306 1669 1469 1732 atque
1499 1659 1928 1714 immutationem
1960 1660 2060 1714 do-

499 1768 738 1829 gmatum
770 1771 1016 1821 suorum,
1050 1755 1340 1809 immutant
1388 1751 1552 1808 simul
1596 1760 1650 1806 et
1701 1751 2062 1821 multiplicant

500 1851 552 1905 id
586 1850 730 1920 quod
752 1849 1010 1911 creditur,
1040 1855 1095 1901 et
1123 1845 1365 1916 quinque
1410 1841 1662 1898 Christos
1691 1851 1915 1896 eatenus
1943 1841 2058 1911 pla-

499 1956 708 1999 smasse
733 1949 1129 1997 monstrantur.
1169 1937 1326 1993 Hunc
1355 1935 1573 2007 quidem
1599 1949 1762 1989 unam
1783 1935 2055 2005 operatio»

500 2049 644 2102 nem,
679 2033 830 2088 illum
864 2046 992 2087 vero
1020 2047 1120 2087 nec
1148 2046 1313 2086 unam
1367 2029 1756 2102 operationem,
1792 2035 1848 2081 et
1886 2026 2052 2080 alium

500 2142 664 2181 unam
691 2132 1044 2192 v0tuntatem,
1097 2135 1149 2180 et
1199 2125 1427 2179 alterum
1465 2138 1566 2178 nec
1604 2137 1767 2178 unam
1805 2121 2057 2176 volunta-

499 2233 645 2274 tem:
690 2235 852 2289 porro
884 2219 1130 2289 quintum
1183 2232 1343 2272 unam
1403 2225 1458 2272 et
1498 2217 1656 2284 duas,
1683 2224 1845 2285 atque
1893 2229 2056 2270 unam

500 2317 554 2366 et
580 2311 738 2376 duas,
765 2309 815 2363 id
836 2317 919 2364 est
947 2317 1055 2363 tres
1085 2309 1424 2378 Operationes
1479 2317 1533 2363 et
1577 2316 1687 2362 tres
1734 2297 2056 2370 voluntates,

502 2410 562 2456 nt
588 2401 763 2464 aiunt,
802 2401 1109 2454 habentem.
1135 2399 1198 2455 Et
1237 2400 1420 2455 dicant
1475 2400 1520 2455 si
1563 2400 1777 2454 volunt-
1805 2399 1881 2453 illi
1934 2399 2056 2468 ipsi,

501 2494 594 2563 qui
640 2492 766 2547 talia
809 2491 1380 2562 cxponuntdogmata,
1423 2499 1477 2546 et
1527 2491 1620 2562 qui
1657 2491 2061 2546 communicant

501 2585 604 2649 eis,
638 2583 693 2637 in
712 2598 871 2654 quem
901 2583 1087 2637 talium
1109 2598 1173 2637 ac
1197 2591 1275 2638 tot
1311 2581 1648 2638 Christorum
1671 2598 1700 2637 a
1730 2597 1788 2637 se
1814 2582 2060 2636 lictorum

503 2675 785 2730 credentes
805 2674 1064 2744 baptizati
1121 2683 1248 2730 sunt
1276 2675 1358 2729 vel
1381 2675 1723 2744 baptizantur
1750 2691 1764 2728 :
1792 2680 1884 2726 aut
1904 2672 2062 2740 cujus

502 2784 691 2824 eorum
737 2783 934 2838 corpus
967 2779 1020 2823 et
1052 2768 1368 2838 sanguinem
1419 2775 1648 2831 sumunt,
1686 2775 1846 2836 atque
1875 2766 2061 2819 distri-

504 2863 712 2931 buunt;
744 2873 924 2918 utrum
947 2863 1066 2933 ejus
1088 2863 1180 2932 qui
1213 2877 1396 2928 unam,
1421 2877 1486 2914 an
1510 2861 1602 2930 qui
1629 2875 1730 2915 nec
1749 2875 1910 2914 unam
1943 2874 2066 2927 ope-

506 2959 808 3023 rationem;
840 2957 959 3026 ejus
980 2955 1072 3026 qui
1107 2969 1272 3007 unam
1301 2953 1657 3015 voluntatem,
1708 2966 1775 3006 an
1827 2949 1945 3019 ejus
1973 2948 2066 3019 qui

507 3065 670 3104 unam
697 3057 750 3104 et
783 3049 940 3111 duas,
973 3055 1024 3100 et
1047 3060 1209 3099 unam
1233 3054 1281 3100 et
1311 3044 1468 3108 duas,
1523 3042 1576 3096 id
1608 3050 1692 3098 est
1739 3051 1850 3098 tres
1875 3056 2067 3111 opera-

506 3139 684 3194 tiones
711 3145 764 3192 et
785 3145 895 3191 tres
930 3137 1258 3199 voluntates,
1291 3145 1341 3189 et
1371 3141 1653 3204 propterea
1710 3133 1822 3203 jam
1871 3149 1935 3189 ex
1964 3148 2061 3188 ne-

505 3227 758 3282 cessitate
789 3235 900 3279 tres
929 3224 1089 3278 etiam
1119 3231 1341 3288 naturas
1367 3222 1545 3277 habet.
1574 3218 1678 3276 Sed
1703 3236 1804 3274 non
1836 3230 2067 3274 eratvoa:

504 3331 553 3374 et
585 3336 686 3372 non
708 3327 821 3372 erat
844 3315 1044 3369 auditio
1064 3315 1130 3380 ⁸⁷,
1173 3314 1630 3384 quemadmodum
1683 3313 1758 3366 ait
1807 3312 2065 3382 propheta

509 3426 736 3483 magnus
760 3409 926 3473 Elias,
950 3408 1206 3464 scelestos
1227 3407 1535 3461 sacerdotes
1558 3413 1612 3461 et
1631 3403 2068 3475 pseudopmphe-

511 3511 593 3555 tas
621 3500 956 3555 confusionis
986 3500 1338 3567 redarguens.

585 3611 605 3645 ‹
640 3593 729 3648 IX.
761 3592 897 3648 Nam
930 3591 1192 3663 quidquid
1250 3589 1444 3644 horum
1479 3589 1732 3651 dixerint,
1769 3587 1917 3640 illinc
1942 3600 2064 3640 cum

510 3685 784 3755 impietate
803 3683 965 3738 etiam
983 3680 1414 3752 redargutioncm
1440 3694 1616 3735 sermo
1631 3694 1818 3733 eorum
1841 3678 2073 3732 circum-

509 3778 682 3842 feret;
720 3778 974 3848 quoniam
1008 3789 1115 3828 non
1145 3775 1198 3828 in
1225 3788 1410 3828 verum
1436 3782 1489 3826 et
1515 3771 1780 3826 veraciter
1800 3770 2070 3825 exsisten-

508 3882 615 3926 tem
660 3868 936 3923 Christum
977 3867 1203 3921 credunt
1242 3875 1402 3934 atque
1458 3862 1752 3931 baptizant,
1801 3876 1900 3915 nec
1924 3860 2068 3914 illius

509 3975 708 4032 corpus
732 3969 785 4014 et
821 3961 1138 4030 sanguinem
1171 3955 1886 4027 accipiuntetdistribuunt.
1912 3952 2066 4006 illum

513 4057 681 4119 enim,
722 4068 908 4108 verum
962 4051 1185 4116 scilicet,
1215 4051 1381 4118 etqui
1428 4063 1553 4102 vere
1602 4047 1871 4112 consistit,
1907 4045 2067 4100 Chri-

519 4157 664 4202 stum
696 4145 860 4199 Denm
882 4143 1045 4198 simul
1073 4151 1127 4196 et
1173 4143 1442 4196 hominem
1476 4139 1658 4210 inclyti
1705 4139 1946 4208 magistri
1983 4154 2071 4192 nc-

509 4237 612 4292 stri
640 4251 704 4290 ac
722 4245 1074 4305 praeceptores
1095 4233 1348 4297 scientes,
1373 4231 1508 4285 duas
1551 4240 1606 4284 et
1642 4239 1851 4283 tantum
1876 4243 2070 4298 quem-

511 4328 802 4386 admodum
821 4336 1064 4391 naturas,
1082 4324 1160 4379 sic
1178 4325 1342 4378 etiam
1359 4331 1413 4376 et
1427 4322 1563 4377 duas
1579 4321 1904 4385 voluntates,
1923 4329 1976 4376 et
1991 4331 2073 4377 to-

511 4423 676 4478 tidem
693 4419 1038 4490 operationes
1054 4424 1413 4486 congruentes
1429 4415 1555 4480 sibi,
1569 4415 1806 4469 divinam
1841 4416 2069 4482 scilicet,

511 4523 573 4568 nt
587 4513 700 4584 jam
719 4512 923 4568 dictum
949 4519 1032 4566 est
1054 4507 1552 4578 ettcomprobatum,
1569 4515 1624 4563 et
1651 4507 1967 4576 humanam,
1990 4508 2074 4563 in-

2163 562 2217 614 in
2245 562 2361 628 ipso
2377 560 2703 614 confitentur
2719 567 2774 613 et
2792 557 3038 634 conﬁteri
3061 558 3215 614 nobis
3233 560 3545 629 praecipiunt.
3564 563 3663 619 Non

2161 661 2366 717 autem,
2397 660 2457 705 ut
2487 651 2539 704 hi
2572 665 2718 705 nunc
2741 650 3008 705 novitates
3042 648 3297 715 fecerunt,
3327 667 3478 706 unam
3515 663 3562 708 et
3584 670 3668 709 nec

2161 762 2350 812 unam,
2376 760 2475 799 nec
2497 744 2652 809 duas,
2683 751 2736 796 et
2768 758 2959 797 rursus
2977 757 3140 795 unam
3172 749 3226 796 et
3243 743 3392 807 duas,
3419 743 3465 796 id
3484 753 3557 797 est
3578 755 3668 798 tres

2159 839 2463 893 voluntates
2484 846 2537 891 et
2563 836 2908 906 operationes
2947 835 3147 889 habere
3169 835 3316 888 illum
3349 834 3581 890 fatentur.

2235 951 2253 982 ι
2291 930 2356 984 Χ.
2387 930 2560 1000 Super
2591 929 2706 983 haec
2729 937 2909 983 autem
2935 928 3115 982 omnia
3149 943 3269 996 qua:
3297 929 3433 982 dicta
3474 938 3600 992 sunt,
3629 941 3670 981 r-t

2161 1022 2290 1076 illud
2320 1037 2536 1092 quoque
2573 1022 2878 1077 certissime
2937 1019 3206 1085 noverint,
3237 1020 3480 1089 quoniam
3534 1037 3670 1074 unam

2160 1129 2261 1169 nec
2291 1130 2476 1179 unam,
2507 1129 2680 1183 neque
2719 1113 2877 1178 duas,
2910 1120 2964 1166 et
3031 1113 3226 1166 iterum
3277 1127 3432 1166 unam
3484 1121 3534 1166 et
3560 1114 3674 1169 duas

2159 1208 2463 1262 voluntates
2487 1215 2540 1260 et
2573 1207 2937 1277 Operationes,
2964 1212 3018 1259 et
3044 1207 3228 1260 omnia
3253 1220 3371 1259 cum
3399 1205 3677 1260 anathema-

2164 1299 2306 1353 tibus
2322 1307 2372 1353 et
2388 1297 2814 1368 depositionibus
2841 1311 2906 1350 ac
2926 1296 3473 1350 excommunicatione
3489 1297 3677 1366 dogma-

2161 1390 2410 1452 tizantes,
2447 1397 2630 1458 aperte
2653 1388 2754 1444 sibi
2779 1396 2832 1442 et
2860 1387 3138 1442 alterutris
3166 1402 3458 1456 repugnare
3478 1387 3678 1456 proban-

2161 1492 2291 1548 tur;
2329 1491 2383 1537 et
2409 1481 2510 1551 ipsi
2546 1497 2640 1550 per
2691 1494 2751 1535 se
2781 1478 2928 1547 ipsos
2953 1486 3008 1532 et
3058 1477 3286 1532 invicem
3318 1480 3605 1533 subvertant
3626 1493 3676 1533 ac

2161 1577 2466 1650 destruunt,
2493 1573 2693 1626 alterna
2726 1572 2886 1625 verba
2947 1577 3000 1625 et
3032 1571 3308 1640 dogmata,
3364 1585 3519 1639 seque
3557 1569 3678 1638 ipsos

2161 1679 2216 1724 et
2236 1669 2543 1732 alterutros,
2573 1672 2625 1717 ct
2655 1679 2748 1718 eos
2777 1663 2869 1732 qui
2896 1661 2998 1717 sibi
3043 1661 3463 1725 communicant,
3490 1661 3678 1714 anathe-

2162 1759 2442 1825 matizant,
2482 1758 2623 1812 etab
2654 1757 2801 1811 omni
2828 1771 2983 1810 sacra
3015 1754 3278 1822 dignitate
3320 1767 3382 1807 ac
3421 1752 3679 1806 ministerio

2161 1851 2368 1920 pel‘lnnt
2403 1857 2562 1917 atque
2593 1849 2889 1916 deponunt.
2920 1845 3137 1900 Necnon
3162 1853 3217 1898 et
3243 1859 3271 1897 a
3300 1843 3612 1913 perceptione
3627 1843 3680 1895 il-

2161 1942 2338 1996 libatae
2350 1938 2749 1995 communionis
2763 1937 2956 1991 vivifici
2974 1937 3216 2006 corporis
3236 1946 3289 1990 et
3316 1936 3576 2006 sanguinis
3590 1950 3682 1990 rna-

2161 2036 2247 2106 gni
2266 2033 2358 2088 Dei
2375 2043 2426 2088 et
2442 2031 2740 2087 Salvatoris
2752 2031 2921 2086 nostri
2938 2030 3063 2085 Jesu
3081 2030 3283 2083 Christi
3298 2037 3638 2098 sequestrant.’

2239 2147 2256 2178 ‹
2288 2125 2376 2180 XI.
2405 2125 2470 2179 Et
2494 2126 2606 2179 haec
2646 2123 2853 2193 liquido
2899 2139 3020 2187 nos,
3063 2132 3116 2177 et
3145 2123 3297 2178 nullo
3351 2122 3603 2176 intuentes
3641 2126 3683 2172 et

2164 2217 2396 2272 scientes
2417 2215 2666 2271 obstante
2682 2213 2967 2279 velamine,
2990 2227 3099 2267 non
3125 2213 3302 2268 solum
3322 2209 3686 2282 proptermulti-

2165 2309 2392 2364 formem
2425 2322 2684 2370 errorem,
2736 2321 2922 2360 verum
2951 2306 3113 2361 etiam
3147 2314 3200 2359 et
3229 2315 3443 2374 propter
3472 2300 3687 2357 instabili-

2168 2408 2330 2455 tatem
2361 2407 2415 2452 et
2466 2397 2858 2452 absurditatem
2907 2411 2971 2451 ac
3022 2397 3502 2466 reciprocationem
3532 2396 3683 2449 talium

2165 2493 2406 2547 virorum
2442 2499 2494 2545 et
2519 2489 2852 2560 dogmatnm,
2889 2489 3038 2544 omni
3088 2489 3339 2543 custodia
3371 2487 3685 2555 nosmetipsos

2169 2585 2236 2639 ab
2281 2585 2496 2638 illorum
2556 2583 2834 2651 impietate
2879 2592 2934 2637 et
2989 2583 3378 2638 communione
3431 2595 3684 2645 servemus,

2168 2682 2435 2746 quotquot
2470 2674 2524 2727 in
2568 2673 2795 2728 veritate
2847 2689 2967 2729 esse
2996 2689 3061 2729 ac
3087 2675 3194 2728 dici
3252 2674 3538 2729 Christiani
3573 2672 3689 2726 volu-

2169 2783 2314 2822 mus.
2342 2767 2591 2820 Alienum
2617 2767 2814 2836 quippe
2837 2781 2868 2820 a
2897 2766 3226 2821 Christianis
3258 2776 3366 2832 est,
3397 2781 3512 2821 cum
3532 2765 3686 2819 ortho-

2169 2860 2328 2914 doxia
2390 2860 2551 2914 etiam
2613 2859 2943 2928 impietatem
3001 2859 3309 2928 suscipere;
3364 2867 3453 2912 aut
3488 2854 3686 2912 confiteri

2167 2951 2383 3022 quidem
2399 2952 2756 3008 orthodoxam
2777 2951 2959 3017 fidem,
2974 2953 3382 3007 communicare
3397 2965 3516 3005 vero
3533 2949 3604 3003 his
3616 2945 3686 3016 qui

2167 3044 2308 3098 hanc
2334 3060 2430 3114 per
2459 3059 2628 3098 novas
2647 3045 2985 3099 inventiones
3011 3044 3288 3114 abnegant
3330 3053 3377 3098 et
3405 3042 3685 3096 adulterant.

2169 3133 2393 3205 Propter
2421 3136 2566 3206 quod
2593 3136 2770 3190 divina
2809 3136 2965 3192 nobis
3011 3137 3094 3190 lex
3137 3137 3304 3190 simul
3359 3146 3412 3190 et
3439 3131 3687 3204 apostolica

2163 3228 2334 3299 jubet,
2363 3244 2457 3283 eos
2486 3229 2577 3298 qui
2604 3229 2749 3283 aliud
2785 3237 2976 3298 praeter
2995 3229 3137 3298 quod
3168 3245 3199 3283 a
3232 3227 3553 3283 Christiferis
3587 3225 3688 3276 viris

2168 3323 2475 3393 accepimus
2505 3324 2571 3389 ⁸⁸,
2601 3321 2795 3377 docere
2819 3337 2881 3376 ac
2914 3321 3267 3377 introducere
3301 3322 3474 3376 conati
3504 3317 3686 3377 iuerint,

2147 3417 2407 3467 'avertere
2445 3410 2556 3481 (65)
2579 3419 2634 3464 et
2660 3409 3145 3474 anathematizare,
3175 3425 3287 3462 non
3316 3418 3514 3462 tantum
3545 3405 3584 3459 si
3612 3404 3683 3456 ho-

2171 3503 2347 3558 mines
2380 3501 2598 3566 fuerint,
2633 3501 2724 3555 sed
2749 3508 2800 3554 et
2831 3500 2956 3554 licet
3003 3499 3178 3569 angeli
3240 3498 3488 3553 fortassis
3535 3493 3689 3550 ecaalo

2170 3593 2557 3649 descendentes
2585 3592 2908 3646 exstiterint.
2951 3589 3017 3643 Et
3039 3591 3084 3646 si
3117 3591 3223 3646 hoc
3249 3590 3548 3652 fecerimus,
3570 3598 3613 3642 et
3632 3585 3690 3638 di-

2169 3685 2351 3739 vinam
2403 3684 2521 3738 sine
2576 3682 3020 3753 przevaricatione
3068 3681 3538 3751 adimpleverimns
3583 3691 3688 3748 prte-

2169 3775 2491 3844 ceptionem,
2525 3788 2842 3841 sacramque
2867 3787 2929 3826 ac
2958 3772 3317 3826 orthodoxam
3351 3772 3498 3825 fidem
3523 3769 3690 3836 absque

2169 3865 2560 3920 adulteratione
2586 3863 2747 3918 simul
2779 3874 2833 3917 et
2866 3862 3220 3917 innovatione
3255 3861 3628 3933 possederimus
3647 3863 3690 3908 et

2169 3955 2406 4011 confessi
2465 3955 2765 4020 fuerimus;
2822 3952 2890 4008 ad
2913 3955 3078 4007 vitam
3100 3954 3238 4007 salvi
3261 3953 3544 4008 eﬂiciemur
3566 3957 3690 4002 teter-

2171 4065 2295 4104 nam
2326 4048 2623 4105 in.Cltrisl0
2644 4045 2773 4102 Jesu
2819 4044 3050 4130 Domino
3073 4056 3298 4102 nostro:
3329 4061 3449 4100 cum
3480 4057 3576 4113 quo
3608 4038 3690 4092 Deo

2170 4151 2222 4196 et
2267 4141 2436 4204 Patri,
2471 4156 2576 4194 una
2609 4154 2732 4194 cum
2764 4131 3112 4194 sanctissimo
3137 4148 3191 4193 et
3233 4139 3380 4194 bono
3401 4153 3462 4191 ac
3512 4132 3688 4188 vivilico

2173 4231 2398 4301 Spiritu,
2428 4231 2618 4302 gloria,
2652 4232 2847 4296 honor,
2893 4231 3202 4300 imperium,
3237 4240 3290 4284 et
3323 4227 3553 4283 adoratio
3577 4235 3690 4278 nunc

2169 4331 2223 4378 et
2251 4338 2482 4392 semper,
2534 4331 2588 4376 et
2619 4322 2672 4375 in
2708 4323 2889 4376 omnia
2924 4336 3316 4392 nunquamque
3366 4318 3582 4373 ﬁnienda
3613 4328 3690 4368 sa:-

2172 4417 2292 4472 cula
2320 4417 2665 4472 saeculorum.
2697 4414 2889 4470 Amen.
2933 4431 2952 4467 ι

514 4697 766 4764 Claudii
825 4693 1301 4775 Cappcronnier
1329 4712 1391 4775 v.
1434 4709 1502 4775 _c.
1555 4691 2148 4775 animadversiones
2200 4699 2267 4760 in
2319 4695 2631 4759 Anastasii
2663 4690 3353 4775 Ve_rsionem_Lati_nam
3385 4687 3688 4762 Fragmeno

768 4769 976 4838 torum
1013 4771 1370 4852 Hippolyti,
1411 4773 1641 4836 Contra
1678 4771 1979 4834 Beronem
2010 4786 2068 4837 et
2097 4778 2376 4840 Helicem
2405 4797 2420 4836 :
2445 4775 2626 4854 juxta
2657 4771 3008 4834 editionem
3039 4769 3492 4831 Fabricianam.

826 4894 1010 4953 Ana‘st.
1037 4897 1221 4954 versio.

583 4989 620 5026 a
679 4968 1026 5026 Naturalibus
1088 4968 1349 5038 producta
1405 4966 1540 5038 legi-

512 5044 632 5098 bus.

1608 5053 1676 5091 να
1698 5038 1902 5107 νόμοις.

587 5112 617 5182 β
655 5109 987 5182 Vertibilitas
1008 5109 1163 5182 enim
1189 5108 1306 5178 ejus
1339 5105 1539 5182 quiest

515 5254 612 5308 niti
644 5252 776 5323 (66).
1611 5263 1786 5316 νησις.

583 5411 622 5464 γ
657 5392 813 5448 Omni
856 5391 1017 5447 etiam
1059 5397 1282 5464 excepta
1309 5389 1542 5444 circum-

517 5462 813 5534 scriptione
842 5462 1163 5535 permansit.
1613 5473 1698 5512 κε.

585 5582 628 5614 ⁸⁷
653 5578 716 5634 Ill
741 5577 873 5647 Reg.
894 5591 1045 5642 xvul,
1083 5573 1171 5627 26.
1248 5571 1293 5604 ⁸⁸
1317 5570 1435 5626 Gal.
1474 5586 1513 5637 ι,
1546 5569 1599 5624 8.

589 5697 699 5767 (64)
720 5695 939 5763 Magnus
963 5693 1025 5767 ali
1054 5690 1451 5767 immortalitate
1473 5688 1884 5767 cognominatus.
1905 5684 2065 5767 Atha-

519 5758 707 5822 nasius
742 5758 1040 5835 de'synod.
1092 5763 1312 5835 Seleuc._
1329 5770 1380 5814 et
1407 5760 1632 5835 Arimin.
1661 5758 1763 5812 Sed
1806 5758 2060 5835 ntendtnn

523 5841 576 5891 in
623 5851 754 5891 voce
774 5827 920 5903 pene.
958 5833 1096 5888 Num
1133 5829 1387 5896 consules,
1435 5830 1517 5884 vel
1562 5838 1760 5896 tempus
1791 5836 1883 5882 aut
1918 5827 2060 5894 defe-

2023 4899 2230 4956 Grazca.

1679 4966 1802 5040 Τρῖς
1827 4966 2030 5023 ἕκαστα
2060 4973 2305 5040 φυσικοῖς
2330 4967 2641 5039 διεξαγόμε-

914 5119 987 5190 las
1007 5109 1163 5190 _enim
1189 5108 1306 5190 ejus
1339 5107 1438 5190 qui.
1457 5115 1539 5190 est
1679 5107 1997 5190 Tponi;_ydp
2018 5109 2110 5190 τοᾷ
2135 5110 2272 5165 κατὰ
2293 5109 2451 5190 φιξσιν
2479 5109 2638 5190 attal-

515 5176 765 5249 inéxpers
794 5180 1074 5246 motionis,
1109 5176 1290 5234 motus
1313 5186 1396 5231 est
1426 5176 1541 5230 infi-
1611 5176 2013 5248 pou,'xtvsi36at
2045 5199 2062 5252 ι

2165 5176 2469 5250 τεφυκότος,
2494 5181 2527 5250 ἡ
2551 5179 2636 5232 κί-

1682 5385 1866 5457 Πάσης
1895 5386 1999 5452 ἔξω
2026 5391 2368 5462 περιγραφῆς
2401 5387 2638 5460 μεμένη-

3064 4891 3385 4947 Emendata.

2783 4964 2909 5020 Suis
2934 4979 3162 5036 qumque
3189 4962 3393 5033 legibus
3416 4954 3688 5022 temperata.

2711 5037 2787 5091 uel
2815 5037 3081 5090 ordinata.
3205 5100 3270 5103 __
3431 5096 3460 5103 __
3518 5092 3529 5103 .

2783 5105 3006 5160 Mutatio
3034 5119 3143 5158 non
3190 5100 3347 5156 debet
3380 5096 3530 5152 trihui
3553 5096 3593 5143 ei
3616 5097 3689 5153 qu!

2712 5175 2779 5231 de
2814 5185 3006 5230 natura
3039 5190 3138 5229 sua
3186 5173 3255 5227 sit
3281 5162 3588 5224 immotionis
3612 5169 3662 5207 ei

2711 5262 2854 5316 pers.
2897 5247 3222 5300 Immensum
3265 5237 3461 5295 moveri
3496 5245 3590 5287 non
3612 5238 3689 5295 p0-

2803 5325 2840 5369 ι.

2713 5327 2914 5440 tesSline
2971 5383 3132 5464 omni
3231 5366 3688 5440 circumscriptione

2711 5464 3030 5526 permansrt.

2169 5692 2310 5737 ctum
2335 5680 2358 5733 Ρ
2387 5681 2622 5733 Conuer.

2243 5751 2353 5820 (63)
2387 5752 2647 5804 Avertere.
2677 5748 2960 5820 Aversari.
2983 5745 3149 5820 lium.
3191 5814 3203 5820 _

2239 5802 2351 5894 (de
2388 5802 2515 5876 litec
2549 5819 2727 5876 versio
2758 5819 2962 5873 nullum
3012 5814 3205 5888 legenti
3239 5826 3447 5869 sensum
3479 5802 3678 5862 exhibet.
