3830 7152
487 352 588 408 ειη

553 487 586 524 τ
623 467 742 536 Qua
775 479 946 526 totum
979 470 1229 528 Christus
1256 473 1513 527 substan-

481 539 648 613 t_ians,
689 542 986 596 secundum
1019 543 1160 610 quod
1199 544 1515 613 intelligitur

485 607 650 676 Deus,
683 620 828 667 tenet
856 607 1147 667 retentum.
1371 607 1397 613 ⁷
1584 615 1864 686 τοὺμενον.

551 769 583 803 υ
623 751 882 820 Ignorans
930 753 1102 810 solius
1131 762 1320 809 contra
1352 763 1509 807 natu-

479 821 677 874 ralium
734 838 1088 890 personarum
1140 825 1512 879 connaturalis

478 890 774 962 identitatis
823 894 1067 946 eamdem
1119 897 1289 962 ipsam
1321 895 1513 960 opera-

479 961 677 1015 tionem
714 977 834 1018 esse
865 961 1275 1034 significativam
1305 964 1437 1035 (75).
1581 961 1763 1037 ri'xr'jv.

1655 469 1731 546 ᾝ
1763 477 1824 528 τὸ
1866 479 1975 530 πᾶν
2009 480 2036 530 ό
2068 478 2299 544 Χριστὸς
2330 478 2616 545 οὑσιώσας,

1585 545 1711 622 καβί
1735 546 1763 598 ὅ
1790 550 1988 601 νοεῖται
2039 549 2059 599 ε

2130 565 2191 611 ig,
2226 550 2434 619 συνέχει
2486 567 2619 622 κρα-
2693 551 3005 618 intelligitur
3029 549 3188 622 Deus)
3207 545 3509 618 productam
3533 545 3664 604 lianc-

1664 757 1958 837 Exponam;
2011 757 2175 837 μόνης
2202 758 2304 829 τῆς
2322 757 2452 837 ρῶν
2489 760 2608 837 ὀμο-

2108 827 2382 898 ὁμοφυοζις
2424 827 2617 882 ταυτό-
2687 827 2812 882 tilas
2860 830 3030 882 solam
3060 827 3343 898 isigniticet
3385 840 3671 882 connatura-

1623 844 1733 879 υων
1764 844 2070 879 ποοσωπων

1583 843 1733 896 φυων
1764 844 2059 898 προσωπωι

1581 913 1742 969 τητος
1779 899 1876 968 τὴν
1902 914 2059 950 ταυτο

2130 845 2382 898 ιμοφυους
2424 843 2617 882 ταυτο-
2687 843 2812 882 tuas
2860 843 3030 882 sciam
3077 843 3343 898 sngnmcet
3385 843 3670 882 eonnatura-

2130 898 2259 967 ιγίαν
2290 893 2428 952 εἶναι
2451 899 2615 969 δηλω-
2687 898 2790 951 lem
2831 899 3158 969 identitatem
3194 915 3534 967 personarum
3571 915 3670 968 qua:

1148 353 1203 408 S.
1247 354 1611 411 HIPPOLYTI
1647 358 1790 412 OPP.
1835 359 2011 414 PARS
2051 360 2112 412 ll.
2157 390 2223 399 —-
2259 359 2562 415 DOGMAT.
2609 361 2698 416 ET
2736 361 3056 419 HISTORIC
3576 367 3660 422 852

2762 479 2877 545 Qua
2903 479 3152 551 Christus
3199 480 3516 551 (secundum
3542 487 3664 550 quod

2690 636 2752 674 cc
2784 636 2959 673 rerum
2992 621 3394 674 universitatem
3421 636 3668 678 conservat

2687 701 2740 744 et
2765 692 2866 742 sub
2893 691 3118 760 imperio
3147 700 3311 744 tenet.

2758 759 3015 828 Ignorans
3043 761 3179 828 quod
3202 759 3520 827 operationis
3545 760 3669 813 iden~

2690 968 2799 1023 sint
2829 968 3070 1039 ejusdem
3101 978 3334 1023 naturae.

547 1073 658 1143 (75)
698 1073 854 1130 Hunc
887 1092 1106 1147 quoque
1136 1077 1316 1133 locum
1345 1078 1633 1135 emendare
1655 1080 1766 1148 jam
1799 1092 2095 1150 occuparat
2126 1080 2450 1135 Franciscus
2483 1079 2776 1136 Combetis.

693 1345 1130 1519 ΤΟΥ
1311 1346 1984 1520 ΑΓΙοΥ

2168 1232 3644 1526 ΙΠΠΟΑΥΞῙ

1592 1595 1990 1649 ΕΠΙΣΚΟΠΟΥ
2054 1595 2168 1650 ΚΑΙ
2223 1597 2592 1652 ΜΑΡΤΥΡΟΣ

841 1755 1366 1878 ΛΟΓΟΣ
1440 1763 1679 1876 ΕΙΣ
1751 1764 1949 1875 ΤΑ
2001 1765 2362 1878 ΑΓΙΑ
2435 1763 3354 1883 ΘΕΟΦΑΝΕΙΑ.

1310 2148 1874 2279 SANGTI
2024 2149 2879 2325 HIPPOLYTI

1690 2379 1996 2439 EPISCOPI
2035 2382 2125 2440 ET
2160 2382 2511 2440 MARTYRIS

907 2565 1372 2687 SERMO
1448 2565 1595 2680 IN
1672 2563 2236 2679 SANCTA
2319 2513 3275 2683 THEOPHANIA.

531 2943 574 2997 ι.
602 2941 795 2998 Omnia
813 2951 958 2996 certe
977 2940 1071 2994 Dei
1099 2949 1152 2996 et
1169 2939 1466 2994 Salvatoris
1491 2939 1665 2994 nostri
1682 2952 1867 3008 opera,
1884 2938 2028 2992 bona
2055 2987 2059 2998 ,

2201 2938 2383 2994 Πάντα
2419 2937 2522 3009 μὲν
2560 2937 2720 3003 καλὰ,
2754 2939 2845 2992 καὶ
2896 2939 3032 2994 καλὰ
3063 2938 3180 2992 λίαν
3206 2938 3282 2993 τὰ
3323 2939 3417 2992 τοῦ
3448 2937 3567 2993 Θεοῦ
3590 2937 3666 2995 καὶ

465 3045 593 3092 sunt
624 3050 690 3091 ac
715 3035 854 3089 bona
881 3033 1059 3096 valde,
1095 3037 1363 3102 quotquot
1389 3045 1580 3085 eorum
1609 3029 1693 3084 vel
1731 3028 1922 3085 oculus
1948 3030 2032 3083 vi-

464 3127 556 3182 det
581 3125 667 3180 vel
693 3139 849 3178 mens
877 3121 1101 3192 COgitat,
1131 3125 1396 3190 quotquot
1425 3116 1508 3174 vel
1554 3133 1732 3174 sermo
1758 3119 2030 3190 eloquitur

464 3217 549 3272 vel
580 3231 774 3271 manus
801 3220 1122 3280 contrectat,
1155 3219 1418 3282 quotquot
1455 3211 1756 3266 intellectus
1784 3225 2031 3281 compre-

466 3309 674 3372 hendit,
709 3317 762 3362 et
809 3307 1050 3361 humana
1098 3314 1291 3359 natura
1340 3304 1500 3372 capit.
1535 3303 1667 3369 Qua:
1716 3303 1863 3359 enim
1901 3303 2032 3360 orbe

465 3402 672 3458 ccclesti
703 3398 1087 3455 multiformior
1115 3397 1498 3468 pulchritudo?
1528 3397 1611 3451 vel
1637 3412 1885 3466 quaenam
1919 3405 2029 3451 ter-

464 3495 627 3551 restri
666 3494 782 3550 solo
822 3491 1010 3548 ﬂorida
1053 3489 1226 3561 magis
1275 3504 1340 3544 ac
1384 3489 1654 3572 variegata
1706 3499 1884 3545 exstat
1909 3504 2032 3559 spe-

465 3586 620 3642 cies?
650 3585 781 3655 quid
813 3583 1045 3640 celerius
1089 3582 1157 3636 ad
1202 3596 1423 3636 cursum
1459 3595 1620 3635 curru
1651 3581 1854 3635 solari?
1880 3596 2028 3650 qua:-

465 3691 590 3729 nam
640 3675 745 3729 alia
789 3674 931 3727 luna:
963 3670 1138 3727 sidere
1157 3670 1452 3740 jucundior
1491 3669 1646 3740 biga?
1673 3668 1866 3738 ecquid
1899 3684 2029 3724 vero

464 3768 680 3838 dignius
713 3766 1072 3822 admiratione
1098 3777 1260 3834 quam
1303 3760 1663 3816 inenarrabile
1691 3776 1829 3831 Opus
1855 3762 2027 3816 musi-

464 3876 590 3914 vum
625 3857 936 3914 astrorum?
981 3855 1111 3926 quid
1144 3853 1475 3923 tempestivis
1518 3852 1694 3907 ventis
1748 3852 2030 3909 fecundius

463 3952 536 4007 ad
578 3951 796 4021 frugum
839 3946 1200 4018 proventum?
1232 3944 1505 4014 quodnam
1533 3942 1655 3999 luce
1681 3944 1875 3998 diurna
1907 3959 2031 4014 spe-

462 4043 617 4099 cular
648 4041 880 4112 purius?
909 4038 1118 4109 ecquod
1147 4035 1349 4091 animal
1391 4034 1736 4105 praestantius
1766 4035 2032 4090 homine?

464 4135 600 4189 adeo
646 4132 828 4188 omnia
881 4131 975 4186 Dei
1024 4140 1079 4186 et
1116 4128 1411 4184 Salvatoris
1462 4127 1638 4182 nostri
1668 4142 1853 4196 opera,
1887 4127 2030 4182 bona

465 4233 593 4281 sunt
621 4222 797 4278 valde.
845 4221 1127 4287 Quodnam
1157 4235 1286 4274 vero
1314 4218 1399 4274 vel
1438 4234 1593 4288 aqua:
1618 4228 1812 4274 natura
1842 4234 2029 4274 neces-

464 4315 672 4372 sarium
732 4313 903 4384 magis
960 4327 1159 4366 munus
1208 4310 1510 4381 reperitur?
1553 4311 1689 4364 nihil
1735 4311 1877 4364 enim
1924 4325 2030 4366 non

464 4408 621 4479 aquis
674 4406 932 4471 abluitur,
981 4403 1143 4473 aquis,
1193 4403 1376 4468 alitur,
1417 4410 1702 4472 purgatur,
1733 4401 2028 4470 rigaturve.

463 4498 618 4566 Aqua
656 4506 828 4551 terras
857 4493 980 4560 fert,
1007 4508 1151 4563 aqua
1184 4507 1362 4548 rorem
1405 4499 1646 4562 generat,
1688 4491 1924 4547 laetiﬁcat
1954 4491 2031 4546 vi-

463 4599 594 4651 tem,
625 4587 832 4657 spicam
861 4593 1116 4651 maturat,
1139 4599 1296 4638 uvam
1320 4583 1616 4640 acerbitate
1643 4585 1811 4652 exuit,
1831 4584 2030 4640 olivam

462 4676 691 4741 emollit,
744 4675 1035 4746 palmulam
1093 4674 1373 4730 edulcorat
1404 4693 1416 4728 :
1449 4690 1590 4744 aqua
1637 4689 1818 4729 rosam
1859 4675 2030 4730 rubeo

465 4765 638 4837 pingit
663 4766 864 4833 colore,
898 4765 1056 4822 viola:
1098 4766 1373 4837 protrudit
1411 4766 1618 4829 florem,
1647 4766 1816 4820 lilium
1849 4767 2032 4836 splen-

464 4858 607 4916 didis
654 4858 1096 4928 conspiciendum
1145 4858 1406 4914 calicibus
1451 4858 1566 4912 alit.
1595 4857 1661 4913 Et
1686 4857 1816 4928 quid
1862 4857 2029 4912 multa

461 4950 626 5005 verba
663 4949 840 5004 facio?
867 4949 985 5006 sine
1009 4965 1164 5020 aqua}
1188 4958 1381 5006 natura
1407 4949 1544 5004 nihil
1568 4964 1748 5004 rerum
1781 4965 1918 5018 quas
1947 4948 2026 5001 vi-

463 5047 655 5102 demus
682 5046 981 5102 consistere
1004 5048 1149 5101 valet
1179 5065 1192 5102 :
1223 5060 1395 5116 usque
1425 5045 1559 5100 adeo
1604 5043 1912 5100 necessaria
1938 5043 2029 5099 illa

462 5148 567 5203 est,
602 5147 662 5193 ut
686 5147 878 5193 caetera
911 5139 1176 5197 elementa
1207 5137 1345 5192 infra
1367 5135 1891 5191 concamerationem
1919 5150 2030 5189 coe-

465 5232 642 5286 lorum
674 5231 951 5295 habitent;
983 5245 1124 5299 aqua
1153 5229 1314 5283 etiam
1347 5243 1510 5298 supra
1542 5227 1709 5282 caelos
1740 5227 1920 5281 locum
1954 5227 2028 5281 si-

463 5323 519 5377 bi
575 5322 796 5391 ceperit.
828 5320 1002 5391 Cujus
1045 5322 1123 5375 rei
1167 5321 1319 5376 testis
1357 5320 1626 5388 Propheta
1658 5336 1671 5372 :
1713 5335 1731 5369 ι
1763 5317 2024 5380 Laudate,

465 5413 660 5483 inquit,
696 5414 986 5470 Dominum
1015 5414 1139 5475 cmli
1167 5415 1451 5482 caelorum,
1480 5420 1532 5468 et
1558 5427 1698 5484 aqua
1730 5426 1892 5482 supra
1918 5425 2029 5465 coe-

465 5505 548 5568 los
561 5507 628 5560 ⁸⁸.
663 5525 680 5558 ι

1909 5644 1916 5678 l

549 5802 594 5840 "
621 5800 760 5864 Psal.
799 5823 1023 5877 cxsvm,
1057 5808 1110 5867 ι.

2132 3029 2380 3102 Σωτῆρος
2402 3029 2555 3102 ἡμῶν
2575 3030 3044 3103 δημιουργήματα,
3068 3032 3168 3085 ὅσα
3191 3049 3256 3084 τε
3284 3029 3548 3102 ὀφθαλμὸς
3565 3032 3664 3101 ὁρᾷ,

2131 3121 2226 3175 καί
2250 3122 2350 3175 ὅσα
2376 3121 2521 3193 ψυχὴ
2543 3122 2855 3176 διανοεῖται·
2889 3123 2987 3175 ὅσα
3011 3139 3069 3174 τε
3092 3123 3251 3191 λόγος
3277 3124 3574 3194 ἐρμηνεὺει,
3591 3121 3667 3176 καὶ

2129 3215 2230 3267 ὅσα
2279 3213 2398 3286 χεὶρ
2433 3214 2808 3286 περιστρέφει·
2842 3216 2940 3268 ὅσα
2988 3216 3021 3286 ἠ
3069 3214 3278 3270 διάνοια
3315 3216 3566 3289 περιέχει,
3592 3215 3666 3268 καὶ

2129 3307 2231 3360 ὅσα
2259 3309 2292 3378 ἡ
2325 3307 2676 3379 άνθρωπότης
2715 3307 3227 3378 καταλαμϐάνει.Τί
3262 3307 3372 3380 γὰρ
3410 3308 3500 3360 τοῦ
3526 3308 3662 3378 οὐρα-

2131 3399 2244 3453 νίου
2276 3398 2458 3452 δίσκου
2507 3397 2990 3474 πολυμορφώτερον
3023 3399 3256 3465 κάλλος;
3287 3401 3340 3454 τί
3371 3400 3428 3453 δὲ
3459 3399 3542 3452 τοῦ
3572 3402 3666 3452 ὲπι-

2129 3493 2276 3562 γείου
2310 3491 2508 3565 χωρίου
2539 3491 2988 3564 πολυανΘέστερον
3030 3487 3203 3557 εἶδοςς
3236 3491 3292 3544 τί
3332 3491 3391 3544 δὲ
3430 3490 3518 3543 τοῦ
3543 3491 3667 3560 ﬁlia-

2131 3579 2227 3633 κοῦ
2258 3579 2499 3652 ἅρματος
2529 3580 2913 3652 ὁξυτικώτερον
2946 3582 3025 3644 εἰς
3067 3580 3298 3653 δρόμον,
3328 3581 3379 3634 τί
3411 3581 3464 3633 δὲ
3495 3580 3576 3632 τοῦ
3597 3596 3664 3631 σε·

2129 3669 2380 3740 ληνιακοῦ
2431 3670 2690 3739 στοιχείου
2745 3670 3086 3741 χαριέστερον
3138 3667 3371 3738 ζεῦγοςς
3415 3669 3466 3721 τί
3503 3668 3555 3720 δὲ
3591 3664 3664 3718 τοῦ

2131 3761 2511 3833 πολυπηγήτου
2543 3760 2650 3814 τῶν
2685 3761 2894 3833 ἄστρων
2931 3760 3170 3831 μουσίου,
3200 3759 3578 3829 άξιαγάστερον
3596 3755 3664 3825 ἕρ-

2130 3868 2256 3919 γον;
2289 3851 2342 3904 τί
2382 3850 2439 3903 δὲ
2472 3851 2578 3904 τῶν
2605 3850 2918 3922 ἐπιτηδείων
2950 3851 3164 3922 ἀνέμων
3196 3849 3576 3920 πλουσιώτερον
3604 3849 3664 3910 εἰς

2131 3942 2422 4014 πρόσοδον;
2455 3943 2515 4004 τί,
2553 3942 2611 3996 δὲ
2660 3941 2754 3995 τοῦ
2802 3942 3059 4014 ἡμερινοῦ
3099 3943 3276 4012 φωτὸς
3309 3941 3664 4014 ἁκηλιδώτερον

2131 4034 2424 4108 [σοπτρονς
2458 4035 2510 4088 τί
2563 4035 2621 4088 δὲ
2663 4034 2755 4088 τοῦ
2799 4034 3082 4107 ἀνθρώπου
3133 4037 3474 4107 ἐντιμότερον
3517 4032 3661 4096 (Em;

2129 4127 2314 4183 Πάντα
2360 4129 2456 4199 μὲν
2487 4123 2578 4181 οὖν
2608 4127 2746 4181 καλὰ
2784 4126 2902 4181 λίαν
2933 4127 3001 4180 τά
3031 4126 3124 4179 τοῦ
3163 4126 3298 4180 Θεοῦ
3327 4126 3421 4180 καὶ
3452 4123 3662 4192 Σωτῆρος

2128 4219 2287 4291 ἡμῶν
2317 4220 2788 4291 δημιουργήματα.
2821 4218 2885 4271 Τί
2911 4219 2968 4272 δὲ
3001 4219 3095 4272 καὶ
3127 4219 3224 4290 τῆς
3251 4219 3346 4272 τοῦ
3381 4217 3558 4278 ὓδατος
3581 4211 3662 4280 <73-

2133 4328 2269 4376 σεως
2307 4311 2724 4383 ἀναγκαιότερον
2762 4310 3039 4383 χάρισμα;
3093 4311 3268 4364 πάντα
3294 4311 3402 4381 γὰρ
3431 4310 3533 4370 τοῖς
3563 4303 3664 4356 ὓδαο

2132 4418 2214 4454 σιν
2265 4402 2357 4455 καὶ
2404 4401 2638 4466 λούεται,
2673 4403 2764 4455 καὶ
2811 4402 3083 4473 τρέφεται,
3119 4400 3213 4454 καὶ
3261 4400 3562 4470 καθαίρεται
3589 4393 3662 4445 καὶ

2129 4493 2622 4566 άρδεὺεται.”Υδωρ
2651 4493 2768 4565 τὴν¹
2782 4493 2882 4564 γῆν
2916 4491 3190 4563 βαστάζει,
3223 4493 3369 4565 ὕδωρ
3392 4491 3484 4561 τὴν
3507 4486 3662 4559 δρόσον

2129 4586 2321 4651 τίκτει,
2360 4585 2458 4657 τὴν
2492 4585 2731 4655 ἄμπελον
2765 4584 3030 4655 ἱλαρύνει’
3064 4585 3206 4655 ὕδωρ
3253 4584 3344 4637 τὸν
3377 4581 3562 4650 στάχυν
3587 4590 3661 4627 τε-

2130 4676 2399 4748 λεσφορεῖ,
2426 4674 2568 4749 ὕδωρ
2592 4676 2683 4729 τὸν
2715 4676 2905 4748 βότρυν
2930 4675 3321 4747 άπομφακίζει,
3348 4674 3486 4744 ὓδωρ
3516 4669 3662 4722 ἔλαιον

2130 4769 2412 4833 άπαλύνει,
2449 4770 2589 4842 ὕδωρ
2623 4770 2713 4823 τὸν
2757 4769 2972 4840 φοίνικα.
3014 4768 3308 4838 γλυκαίνει,
3346 4765 3484 4835 ὕδωρ
3511 4763 3564 4814 τὸ
3591 4759 3660 4831 ῥά·

2128 4862 2217 4916 δον
2265 4861 2590 4935 ὲρυθραίνει,
2619 4862 2713 4916 καὶ
2761 4862 2821 4914 τὸ
2876 4861 2952 4914 ἴον
2986 4859 3209 4925 άνϐίζει,
3243 4859 3387 4930 ὕδωρ
3421 4856 3478 4909 τὸ
3509 4851 3659 4923 κρίνον

2129 4955 2400 5026 λαμπροῖς
2437 4957 2547 5018 τοῖς
2587 4955 2806 5018 κάλυξιν
2848 4954 3056 5024 τρέφει.
3089 4954 3196 5006 Καὶ
3238 4952 3290 5005 τί
3340 4941 3656 5022 μακρολογῷι

2133 5049 2294 5101 Ἀνευ
2337 5049 2438 5119 τῆς
2480 5047 2585 5101 τῶν
2616 5048 2819 5101 ὑδάτων
2853 5046 3066 5116 φύσεως
3095 5045 3246 5099 οὐδὲν
3275 5046 3383 5098 τῶν
3414 5041 3658 5112 παρόντων

2131 5138 2476 5191 συνίσταταιο
2509 5137 2679 5201 οὕτως
2728 5141 2762 5211 ἡ
2814 5138 2920 5191 τῶν
2967 5138 3170 5193 ὑδάτων
3211 5137 3369 5207 φύσις
3399 5127 3654 5201 ἀναγκαίαν

2129 5233 2210 5284 ὅτι
2257 5230 2323 5283 τά
2371 5230 2468 5301 μὲν
2497 5228 2630 5284 ἄλλα
2659 5235 2892 5301 στοιχεῖα
2925 5233 3028 5285 ὑπὸ
3057 5231 3162 5284 τῶν
3195 5223 3657 5300 καμαρωδεστάτων

2128 5320 2370 5393 οὐρανῶν
2393 5321 2490 5392 τὴν
2522 5322 2732 5393 οἴκησιν
2764 5322 2950 5375 ἔλαϐεν
2969 5340 2983 5353 ·
3011 5325 3042 5393 ἡ
3077 5322 3134 5375 δὲ
3164 5322 3272 5374 τῶν
3308 5321 3501 5375 ὑδάτων
3524 5313 3654 5382 φύσις

2129 5415 2223 5468 καὶ
2251 5403 2434 5468 ἐπάνω
2461 5413 2568 5466 τῶν
2596 5413 2839 5486 οὐρανῶν
2861 5415 2957 5485 τὴν
2988 5413 3153 5485 μονὴν
3177 5414 3403 5481 ἐδέξατο.
3434 5409 3530 5463 Καὶ
3558 5402 3649 5457 τούν

2127 5524 2220 5560 του
2270 5507 2478 5579 μάρτυς
2527 5506 2685 5570 αὐτὸς
2726 5507 2755 5560 ό
2800 5509 3084 5579 Προφήτης
3118 5505 3255 5577 βοῶν
3277 5523 3290 5537 ·
3327 5525 3344 5558 ι
3371 5505 3556 5558 Αἰνεῖτε
3580 5493 3652 5548 τὸν

2131 5601 2351 5663 Κύριον,
2373 5601 2422 5654 οἱ
2452 5600 2668 5672 οὐρανοὶ
2692 5599 2798 5654 τῶν
2821 5599 3080 5671 οὐρανῶν,
3105 5600 3195 5654 καὶ
3220 5600 3278 5653 τὸ
3305 5598 3440 5668 ὕδωρ
3467 5593 3520 5647 τὸ
3539 5585 3648 5644 ἐπά-

2129 5713 2205 5750 νω
2237 5693 2339 5750 τῶν
2370 5692 2628 5765 οὐρανῶν.
2656 5713 2675 5745 ι
