3882 6332
225 302 324 358 853

1244 302 1477 360 SERMO
1515 303 1583 358 ΙΝ
1625 303 1893 359 SANCTA
1931 303 2392 361 THEOPMANIA.

3323 311 3432 366 836

284 416 358 472 οὐ
394 415 557 488 μόνον
576 418 635 472 δὲ
652 418 809 474 τοῦτο
834 420 931 494 τὴν
952 421 1289 486 ἀξιοπιστίαν
1314 422 1407 477 τοῦ
1432 422 1620 487 ὕδατος
1644 439 1766 494 παρ

1949 422 2015 478 ll.
2052 420 2237 493 Neque
2259 426 2361 479 hoc
2387 425 2758 481 tantummodo
2781 426 3091 498 dignitatem
3110 443 3264 499 aqua:
3286 430 3437 485 evin-

225 508 463 579 ίστησιν,
509 510 647 564 ἀλλά
684 512 779 566 καὶ
818 514 880 567 τὸ
915 513 1129 569 πάντων
1170 515 1610 587 αἰδεσιμώτερον,
1643 516 1724 568 ὅτι
1755 517 1784 568 6

223 616 425 656 παντων
456 601 791 676 δημιουργὸς
817 606 1068 678 Χριστὸς,
1100 607 1176 671 ὠς
1209 607 1363 671 ὑετὸς
1386 607 1672 680 κατῆλθεν,
1688 602 1785 663 καὶ

218 691 289 755 ὼς
333 694 481 764 πηγὴ
531 694 800 768 ἐγνώσθη,
836 697 929 752 καὶ
958 698 1034 762 ὼς
1064 699 1304 772 ποταμὸς
1334 700 1563 772 διεδόθη,
1595 701 1688 756 καὶ
1725 703 1782 755 ὲν

219 782 289 853 τῷ
323 782 558 859 Ἰορδάνῃ
587 785 1151 858 ὲ6απτίσθη.Ἤκουες
1179 792 1287 862 γὰρ
1319 791 1519 862 ἀρτίως
1548 791 1664 854 πιῖις
1696 790 1781 843 ex.
1802 782 1820 812 ¹

220 874 318 928 θὼν
361 877 391 928 6
424 876 649 948 Ἰησοῦς*
681 880 818 951 πρὸς
877 880 966 933 τὸν
1015 882 1264 953 Ἰωάννην
1310 884 1367 936 ὲν
1418 881 1495 953 τῷ
1542 879 1780 957 Ἰορδάνῃ

220 967 506 1040 ἐϐαπτίσθη
533 969 629 1022 ὑπ’
651 966 917 1025 αὐτοῦ.Ὧ
940 973 1257 1046 παραδόξων
1287 974 1643 1047 πραγμάτων·
1664 974 1779 1039 πῶς

217 1061 244 1112 6
266 1058 668 1131 ἀπερίγραπτος
693 1063 935 1134 ποταμὸς
964 1066 994 1118 6
1022 1066 1325 1137 εὐφραίνων
1360 1065 1457 1138 τὴν
1490 1066 1644 1120 πόλιν
1682 1066 1777 1120 τοῦ

218 1147 357 1212 Θεοῦ,
384 1151 443 1203 ἐν
467 1150 639 1223 ὀλίγῳ
670 1152 818 1207 ὕδατι
851 1154 1173 1223 ἐλούετο;Ἥ
1196 1157 1573 1229 ἀκατάληπτος
1603 1158 1773 1230 πηγὴ,

219 1241 248 1309 ἡ
283 1238 419 1311 ζωὴν
458 1239 832 1311 βλαστάνουσα
864 1247 1029 1301 πᾶσιν
1066 1245 1369 1319 ἀνθρώποις
1397 1248 1491 1302 καὶ
1521 1248 1670 1313 τέλος
1700 1248 1774 1319 μὴ

216 1330 413 1401 ἔχουσα,
448 1332 554 1385 ὑπὸ
590 1335 859 1407 πενιχρῶν
903 1338 998 1392 καὶ
1036 1340 1378 1413 προσκαίρων
1413 1339 1616 1394 ὑδάτων
1643 1343 1775 1393 ἐκα-

216 1417 525 1474 λύπτετοέο
557 1424 733 1495 παντῆ
761 1424 970 1497 παρὼν,
993 1428 1094 1507 ’καὶ
1128 1428 1376 1500 μηδαμοῦ
1403 1430 1775 1500 άπολιμπανό-

218 1527 378 1581 μενος,
410 1512 439 1563 6
468 1512 855 1587 ἀκατάληπτος
896 1518 1147 1589 ἀγγέλοις
1176 1520 1271 1574 καὶ
1300 1521 1529 1588 ἀόρατος
1564 1520 1774 1593 ἀνθρώ-

214 1618 341 1664 ποις.
364 1602 455 1655 ἐπὶ
487 1602 550 1656 τὸ
582 1604 861 1678 βάπτισμα
884 1608 1122 1681 ἔρχεται,
1146 1611 1221 1675 ὡς
1249 1612 1570 1683 ηὐδόκησεν.
1591 1613 1772 1668 Ταῦτα

213 1686 429 1752 ἀκούων,
460 1690 739 1765 ἀγαπητὲ,
770 1695 843 1768 μὴ
871 1699 1111 1768 φυσικῶς
1134 1699 1439 1772 ὲκλάμόανε
1458 1702 1526 1757 τὰ
1550 1703 1773 1773 λεγόμε-

214 1796 290 1842 να,
333 1780 443 1834 ἀλλ’
476 1784 837 1857 οἰκονομικῶς
884 1788 1040 1859 δέχου
1086 1790 1154 1845 τὰ
1202 1793 1628 1867 παρατιθέμενα.
1683 1797 1777 1852 Διὸ

214 1869 297 1922 καὶ
339 1871 367 1923 6
417 1870 626 1943 Κύριος
670 1877 735 1946 τῇ
789 1876 1166 1954 φιλανθρωπίᾳ
1191 1882 1291 1954 τῆς
1322 1884 1775 1953 συγκαταϐάσεως

214 1962 301 2015 sint
324 1961 508 2016 ἔλαθεν
537 1966 641 2037 τὴν
673 1966 779 2023 τῶν
813 1970 1021 2025 ὑδάτων
1050 1971 1231 2042 φύσιν,
1264 1975 1401 2048 ὅπερ
1432 1978 1682 2049 ἐποίησεν
1715 1981 1774 2037 ἐν

213 2056 397 2124 κρυφῇ.
438 2074 457 2106 ι
490 2050 651 2111 Εἶδον
694 2057 804 2131 γὰρ
853 2061 1015 2117 αὐτὸν
1056 2063 1122 2118 τὰ
1165 2063 1350 2131 ὕδατα,
1381 2068 1476 2122 καὶ
1505 2068 1773 2142 ἐφοϐήθη-

217 2161 354 2199 σαν.»
374 2146 704 2245 ’ξέξιὲστησαν
738 2153 932 2225 μικροῦ
962 2154 1092 2222 δεῖν,
1108 2158 1200 2212 καὶ
1229 2159 1329 2231 τῆς
1354 2160 1628 2245 ὁροθεσίας
1641 2163 1773 2216 ἀπέ-

214 2239 552 2305 φυγον.”Οθεν
573 2242 918 2316 ὁεΠροφήτης
942 2247 1006 2300 ὲκ
1034 2247 1238 2302 πολλῶν
1277 2250 1383 2304 τῶν
1424 2239 1625 2322 χρόνων
1646 2253 1770 2308 τοῦ·

213 2346 266 2381 το
290 2328 579 2403 θεωρήσας,
616 2336 868 2408 ἐπερωτᾷ
899 2337 1101 2407 λέγων·
1138 2359 1157 2392 ι
1191 2340 1255 2395 Τί
1290 2360 1372 2397 σοι
1400 2345 1535 2410 ἐστὶ,
1572 2345 1765 2401 θάλασ-

214 2436 292 2484 σα,
318 2421 394 2474 δτι
442 2423 669 2493 ἔφυγες,
700 2427 795 2481 καὶ
843 2429 927 2494 σὺ,
973 2431 1228 2503 Ἰορδάνῃ,
1260 2433 1341 2488 ὅτι
1388 2436 1660 2508 ὲστράφης
1689 2441 1769 2505 εἰς

212 2512 273 2567 τὰ
294 2513 491 2581 ὸπίσως
518 2536 538 2569 ι
569 2518 723 2572 Αὐτά
750 2519 807 2572 δὲ
838 2521 1198 2594 ἀποκριθέντα
1221 2521 1390 2581 εἷπον·
1425 2527 1528 2582 Τὸν
1556 2530 1768 2585 πάντων

213 2607 413 2678 κτιστὴν
442 2609 500 2661 ὲν
535 2610 723 2683 μορφῇ
757 2611 944 2666 δούλου
976 2614 1204 2687 εἴδομεν,
1241 2619 1334 2671 καὶ
1368 2618 1429 2673 τὸ
1462 2622 1769 2693 μυστήριον

213 2700 298 2771 τῆς
316 2702 627 2776 οἰκονομίας
654 2706 1037 2779 ἀγνοήσαντες,
1067 2710 1174 2764 ἀπὸ
1203 2712 1301 2783 τῆς
1326 2712 1523 2781 δειλίας
1551 2713 1768 2769 ἐλαυνό-

216 2791 357 2862 μεθα.

274 2885 378 2942 Νῦν
399 2888 453 2942 δὲ
481 2890 709 2959 γνόντες
738 2890 836 2964 τὴν
867 2893 1195 2966 οἰκονομίαν,
1230 2898 1636 2973 προσκυνοῦμεν
1665 2901 1764 2956 αὑ-

1882 513 1993 581 cit;
2021 514 2113 570 sed
2156 522 2212 569 et
2256 515 2401 585 quod
2432 516 2682 573 omnibus
2710 517 2831 574 aliis
2857 518 3018 575 rebus
3046 527 3129 575 est
3157 522 3437 574 venerabi-

1881 603 2007 669 lius,
2040 604 2222 675 opifex
2249 605 2493 662 omnium
2526 607 2774 664 Christus
2791 608 2985 679 pluvia:
3012 609 3067 664 in
3096 625 3300 665 morem
3336 609 3435 665 de-

1882 695 2167 762 scendit“,
2200 706 2259 751 ut
2303 696 2425 753 fons
2456 708 2540 753 est
2568 699 2815 769 cognitus
2832 701 2899 766 “,
2934 709 3188 770 tanquam
3230 699 3432 755 ﬂumen

1880 802 2001 842 sese
2043 787 2339 851 diﬂ’udit",
2370 797 2420 842 et
2468 788 2520 843 in
2560 787 2793 844 Jordane
2836 791 3139 860 baptizatus
3175 800 3277 847 est.
3313 790 3431 846 Jam

1843 924 1849 935 .
1879 878 2023 932 enim
2051 880 2213 934 modo
2245 880 2459 935 audiisti
2481 880 2623 950 quod
2646 881 2712 934 ad
2735 878 2995 936 Joannem
3025 883 3169 937 venit
3193 880 3431 948 Iesus”,

1878 978 1933 1024 et
1960 970 2285 1040 baptismum
2320 972 2389 1026 ab
2416 986 2480 1026 eo
2508 973 2763 1044 suscepit.
2794 971 2839 1027 Ο
2866 990 2951 1029 res
2972 974 3317 1044 dignissimas
3339 975 3434 1031 ad-

1878 1061 2194 1116 miratione!
2219 1059 2486 1115 Inﬁnitum
2508 1061 2704 1116 ﬂumen
2733 1062 2876 1131 quod
2901 1062 3137 1117 laetiﬁcat
3154 1064 3430 1118 civitatem

1881 1151 1974 1206 Dei
1990 1150 2057 1216 “,
2091 1152 2285 1222 exigua
2328 1152 2565 1207 abluitur
2603 1168 2762 1222 aqua.
2802 1151 2946 1208 Fons
2970 1153 3434 1223 incomprehensi-

1875 1242 2000 1298 bilis
2027 1244 2121 1313 qui
2153 1244 2312 1298 vitam
2352 1245 2603 1300 omnibus
2646 1244 2960 1300 hominibus
2986 1245 3347 1316 progerminet
3379 1254 3434 1302 et

1874 1333 2108 1388 termino
2141 1342 2307 1400 caret,
2334 1348 2364 1387 a
2391 1334 2572 1403 parvis
2600 1341 2654 1388 et
2687 1334 3031 1402 temporariis
3063 1335 3217 1405 aquis
3241 1334 3431 1391 obrui-

1876 1430 1983 1476 tur.
2025 1421 2128 1490 Qui
2159 1420 2357 1492 ubique
2384 1438 2622 1493 praesens
2648 1431 2732 1477 est
2752 1438 2853 1477 nec
2882 1438 3110 1494 usquam
3145 1425 3320 1493 abest,
3346 1418 3433 1480 in-

1873 1514 2378 1585 comprehensibilis
2407 1515 2613 1585 angelis
2640 1522 2693 1569 et
2729 1514 2797 1569 ab
2831 1515 3110 1570 hominum
3141 1527 3432 1586 conspectu

1872 1615 2134 1671 remotus,
2164 1610 2231 1661 ad
2264 1605 2592 1675 baptismum
2626 1606 2834 1662 accedit
2861 1615 2918 1660 ut
2946 1607 3046 1676 ipsi
3072 1608 3291 1676 placuit.
3307 1607 3433 1665 Haec

1873 1713 1996 1753 cum
2039 1698 2213 1763 audis,
2241 1697 2454 1762 dilecte,
2491 1712 2557 1752 ne
2587 1697 2820 1752 naturali
2858 1712 3009 1753 more
3038 1700 3180 1755 dicta
3221 1700 3430 1770 accipe,

1805 1767 1846 1821 Β
1874 1791 1966 1846 sed
1997 1805 2093 1860 per
2120 1789 2579 1860 dispensationem
2614 1790 2858 1860 apposita
2893 1767 3432 1862 suscipitoneoquo

1873 1897 1975 1937 nec
2017 1896 2188 1951 aquas
2215 1880 2372 1936 latuit
2398 1881 2542 1951 quod
2576 1880 2837 1936 Dominus
2864 1897 2929 1936 ex
2957 1897 3140 1937 amore
3165 1883 3219 1937 in
3249 1883 3429 1939 horni-

1873 1986 1971 2026 nes
2000 1986 2060 2026 se
2083 1970 2389 2035 demittens,
2421 1970 2477 2025 in
2503 1971 2716 2026 occulto
2741 1972 3063 2041 operabatur
3087 1989 3099 2026 :
3124 1991 3143 2024 ι
3172 1970 3432 2030 Viderunt

1870 2065 2015 2119 enim
2062 2078 2185 2120 eum
2222 2077 2396 2133 aquae,
2435 2070 2488 2118 et
2538 2062 2915 2117 timuerunt".
2948 2081 2967 2114 ›
3023 2061 3221 2116 Parum
3258 2061 3431 2119 abfuit

1869 2155 2000 2225 quin
2032 2163 2385 2225 exsurgerent
2405 2162 2567 2225 atque
2593 2152 2858 2209 limitibus
2881 2153 2995 2212 suis
3025 2152 3216 2223 positis
3245 2167 3429 2209 erum-

1868 2254 2074 2316 perent.
2106 2243 2261 2300 Unde
2288 2243 2556 2315 Propheta
2589 2244 2751 2313 longo
2785 2253 3022 2313 tempore
3058 2252 3183 2298 ante
3218 2243 3323 2299 hoc
3347 2244 3425 2300 vi-

1869 2339 2021 2406 dens,
2046 2354 2141 2395 eas
2181 2339 2478 2411 interrogat
2520 2347 2575 2394 et
2619 2338 2695 2394 ait
2725 2358 2739 2395 :
2773 2357 2792 2390 ι
2823 2337 2961 2408 Quid
2989 2346 3073 2395 est
3101 2338 3216 2401 tibi.
3256 2354 3426 2408 mare,

1868 2433 2012 2504 quod
2065 2430 2293 2504 fugisti?
2321 2440 2375 2487 et
2423 2441 2502 2498 tu,
2527 2430 2798 2496 Jordanis,
2838 2432 2983 2503 quod
3036 2446 3329 2489 conversus
3366 2448 3430 2490 es

1866 2537 2163 2580 retrorsum
2185 2524 2266 2579 "?
2301 2544 2318 2576 ι
2353 2523 2460 2580 lllte
2494 2539 2623 2579 vero
2653 2524 3021 2594 respondent:
3058 2523 3311 2580 Omnium
3341 2540 3427 2581 re-

1867 2633 1988 2673 rum
2036 2617 2366 2673 conditorem
2416 2617 2472 2672 in
2500 2615 2675 2672 forma
2709 2617 2850 2673 servi
2882 2616 3121 2675 vidimus
3136 2618 3213 2685 ’7;
3242 2617 3429 2674 ethoc

1868 2709 2186 2781 mysterium
2236 2708 2659 2780 dispensationis
2711 2725 2837 2767 cum
2887 2709 3280 2781 ignoraremus,
3317 2726 3429 2782 prae

1866 2811 2013 2857 metu
2041 2810 2324 2858 commotae
2361 2817 2572 2859 sumus.
3038 2788 3063 2804 “

1934 2893 2022 2951 lll.
2062 2894 2174 2952 Nos
2205 2911 2337 2951 vero
2365 2894 2565 2967 quibus
2598 2894 2903 2951 oeconomia
2936 2895 3029 2951 illa
3074 2896 3288 2966 cognita
3308 2895 3425 2964 jam

213 2974 294 3031 τοῦ
316 2980 408 3053 τὴν
438 2982 865 3054 εὐσπλαγχνίαν,
898 2987 977 3040 ὅτι
1008 2988 1346 3060 παραγέγονε
1381 2991 1551 3046 σῶσαι
1578 2995 1673 3048 καὶ
1701 2996 1763 3049 οὐ

1865 2996 1968 3053 est,
1998 2987 2290 3046 adoramus
2314 2989 2441 3060 ejus
2461 2989 2911 3054 misericordiam,
2939 2991 3084 3060 quod
3123 2990 3269 3046 venit
3309 3005 3427 3047 ser-

214 3073 373 3141 κρῐναι
398 3072 493 3146 τὴν
535 3075 1054 3149 οἰκουμένην.“υθεν
1100 3081 1347 3153 Ἰωάννης
1376 3084 1406 3137 6
1436 3083 1530 3138 τοῦ
1558 3085 1761 3158 Κυρίου

214 3163 490 3190 -.ωηημ
527 3168 801 3190 ι,μ.-λ-μ
832 3169 1060 3190 --ρμμ
1253 3175 1265 3190 ,
1507 3177 1520 3190 .
1633 3174 1689 3190 λ.

1865 3089 2050 3136 vatum
2079 3089 2301 3148 terram,
2333 3096 2444 3137 non
2476 3081 2797 3153 iudicatum.
2815 3080 2967 3138 Unde
2995 3082 3156 3138 etiam
3185 3080 3424 3139 Joannes

214 3163 490 3236 πρόδρομος
522 3168 802 3239 ἀγνοήσας
828 3169 1069 3237 τοῦτοςτδ
1099 3175 1414 3245 μυστήριον,
1437 3177 1530 3230 καὶ
1555 3174 1760 3248 μαθὼν,

1865 3189 2166 3245 ριδαεοιιτεοι·
2196 3173 2431 3238 Domini,
2464 3189 2590 3229 cum
2640 3174 2744 3231 hoc
2790 3176 3134 3246 mysterium,
3152 3176 3297 3246 quod
3328 3191 3426 3231 ne-

212 3250 282 3307 ὂτι
308 3254 512 3326 ἀληθῶς
535 3260 563 3310 6
599 3257 803 3330 Κύριός
834 3260 1000 3324 ἐστιν,
1030 3261 1159 3316 ἐϐόα
1190 3262 1361 3333 λέγων
1392 3270 1504 3331 τοῖς
1529 3269 1765 3341 ἀπερχο-

1865 3266 2095 3320 sciverat
2136 3274 2315 3334 antea,
2345 3266 2570 3322 edoctus
2597 3267 2957 3337 cognovisset,
2985 3266 3129 3337 quod
3162 3282 3286 3323 vere
3315 3266 3423 3321 Do-

216 3346 391 3413 μένοις,
409 3348 494 3402 ὑπ’
511 3348 681 3404 αὐτοῦ
708 3351 1081 3424 βαπτισθῆναι·
1108 3373 1127 3406 ι
1149 3354 1467 3427 Γεννήματα
1484 3358 1757 3429 ἐχιδνῶν,ι

1865 3355 2044 3409 minus
2075 3365 2240 3421 esset,
2269 3356 2594 3411 exclamavit
2620 3356 2687 3411 ad
2719 3356 2819 3411 hos
2845 3358 2937 3427 qui
2976 3356 3042 3411 ad
3075 3372 3200 3411 eum
3244 3357 3424 3427 bapti-

212 3437 256 3488 τί
281 3455 359 3509 μοι
383 3441 630 3515 σφοδρῶς
655 3444 925 3511 ἀτενίζετε
943 3462 958 3511 ;
982 3464 1001 3498 ι
1024 3447 1136 3500 Οὐκ
1157 3448 1271 3520 εἰμὶ
1289 3447 1401 3518 ἐγὼ
1420 3452 1449 3504 6
1471 3451 1722 3522 Χριστός·
1736 3471 1756 3506 ι

217 3528 462 3605 ὑπηρέτης
492 3536 615 3607 εἰμὶ
661 3538 756 3590 καὶ
799 3536 899 3591 οὐκ
939 3537 1227 3610 αὐθέντης·
1285 3539 1497 3612 ἰδιώτης
1528 3543 1665 3613 εἰμὶ,
1699 3544 1760 3597 οὐ

215 3618 439 3689 βασιλεύς
455 3643 469 3657 ι
506 3627 780 3699 πρόϐατόν
812 3630 946 3700 εἰμι,
968 3630 1028 3683 οὐ
1060 3631 1260 3704 ποιμήν
1277 3647 1297 3663 “
1319 3631 1600 3705 ἄνθρωπός
1624 3635 1758 3706 εἰμι,

213 3712 263 3766 οὐ
289 3714 423 3781 Θεδς.
457 3718 752 3792 Στείρωσιν
780 3720 944 3775 ἔλυσα
974 3722 1176 3794 μητρὸς
1199 3723 1496 3797 γεννηθεὶς,
1527 3726 1587 3781 οὐ
1622 3743 1761 3799 παρ-

214 3803 369 3860 θενίαν
394 3809 694 3884 ὲστείρωσα
719 3812 848 3883 (76).
869 3814 962 3867 Ἐκ
987 3814 1096 3867 τῶν
1127 3813 1366 3870 κάτωθεν
1385 3816 1661 3889 ἀνεδόθην,
1695 3820 1761 3873 ἐκ

212 3897 304 3951 τῶν
332 3900 526 3957 ἄνωθεν
553 3904 620 3957 οὺ
649 3904 936 3975 κατῆλθον.
970 3907 1246 3978 Πατρικὴν
1283 3906 1469 3979 ἔδησα,
1488 3910 1757 3978 γλῶσσαν,

214 3990 264 4042 οὐ
289 3991 459 4067 Θεῖκὴν
491 3995 726 4068 ἥπλωσα
756 3997 933 4069 χάριν.
952 3997 1087 4050 Ὑπὸ
1116 4000 1319 4072 μητρὸς
1344 3999 1760 4073 ὲγνώσθην,ὑπὺ

215 4081 414 4156 ἀστέρος
455 4086 513 4142 δὲ
553 4087 659 4143 οὐκ
702 4088 995 4162 ἐμηνύθην.
1014 4089 1154 4160 Ἐγὼ
1190 4089 1414 4163 εὐτελὴς
1443 4091 1538 4146 καὶ
1581 4092 1760 4164 ἐλάχι-

215 4187 337 4242 στος,
363 4175 581 4250 ἔρχεται
608 4181 665 4236 δὲ
696 4181 872 4236 ὀπίσω
900 4199 999 4253 μου
1029 4182 1088 4248 ὃς
1120 4182 1425 4256 ἔμπροσθέν
1455 4202 1558 4257 μου
1590 4186 1756 4240 ἐστίν·

214 4261 365 4319 ὀπίσω
386 4267 472 4323 διὰ
493 4269 589 4324 τδν
616 4271 824 4343 χρόνον,
857 4272 1160 4347 ἔμπροσθεν
1185 4274 1241 4329 δὲ
1268 4274 1356 4329 διὰ
1379 4276 1438 4329 τὸ
1469 4277 1758 4349 ἀπρόσιτον

215 4353 293 4405 καὶ
340 4357 706 4432 άνέκφραστον
753 4362 851 4434 τῆς
892 4361 1142 4433 θεότητος
1196 4364 1331 4433 φῶς.
1379 4367 1667 4437 «Ἔρχεται
1728 4367 1757 4419 6

1863 3448 2020 3503 zandi
2046 3458 2305 3504 venerant
2331 3466 2346 3503 :
2384 3467 2403 3500 ι
2433 3447 2724 3517 Progenies
2744 3449 3050 3518 viperarum
3068 3449 3134 3517 ",
3165 3468 3184 3501 ι
3213 3449 3421 3519 quid'in

1861 3555 1950 3595 me
1999 3549 2108 3595 tam
2165 3539 2508 3595 vehementer
2538 3541 2868 3596 intuemini?
2925 3559 2944 3592 ι
2973 3539 3094 3596 Non
3147 3555 3268 3597 sum
3320 3556 3422 3612 ego

1859 3630 2188 3697 Christus”;
2221 3648 2240 3683 ι
2275 3631 2541 3699 minister,
2577 3646 2687 3688 non
2720 3631 2973 3687 dominus
2998 3647 3097 3702 ego
3125 3648 3283 3699 sum;
3310 3633 3423 3703 pri-

1859 3730 2039 3789 vatus,
2071 3737 2178 3789 non
2212 3738 2307 3777 rex
2336 3739 2352 3790 ;
2384 3723 2503 3778 ovi‘s
2542 3737 2683 3788 sum,
2714 3737 2823 3778 non
2852 3730 3066 3793 pastor;
3098 3724 3280 3787 homo,
3309 3740 3420 3779 non

1861 3812 2021 3870 Deus.
2056 3813 2400 3890 Sterilitatem
2446 3814 2636 3869 matris
2663 3828 2796 3869 mea:
2824 3829 2947 3869 cum
2976 3828 3230 3870 nascerer
3259 3814 3416 3882 solvi,

1859 3920 1971 3960 non
2000 3905 2359 3977 virginitatem
2390 3904 2583 3979 reliqui
2614 3904 2869 3961 sterilem.
2905 3904 3047 3960 Infra
3072 3906 3421 3974 emersi,non

1859 3997 2091 4068 desuper
2117 3996 2391 4053 descendi.
2422 3995 2599 4053 Patris
2622 3997 2862 4068 linguam
2887 3997 3104 4069 ligavi‘,
3135 4012 3245 4053 non
3278 3998 3419 4054 divi-

1860 4105 1983 4145 nam
2009 4089 2237 4160 gratiam
2263 4089 2516 4160 explicui.
2541 4088 2586 4142 A
2606 4099 2777 4145 matre
2808 4089 3044 4161 agnitus,
3066 4104 3177 4145 non
3199 4105 3231 4145 a
3264 4091 3415 4147 stella

1859 4180 2302 4253 pmsigniﬁcatus
2337 4182 2515 4236 sum”.
2547 4172 2751 4237 Tenuis
2790 4196 2889 4250 ego
2915 4191 2969 4236 et
2996 4182 3294 4248 minimus;
3324 4197 3418 4237 ve-

1860 4275 1939 4328 nit
1968 4283 2146 4329 autem
2178 4280 2302 4344 post
2339 4285 2426 4327 me
2463 4272 2556 4343 qui
2585 4280 2711 4327 ante
2737 4286 2825 4327 me
2848 4284 2932 4328 est
2951 4273 2992 4340 ⁸;
3023 4284 3144 4343 post
3176 4289 3262 4329 me
3293 4274 3416 4344 qui-

1858 4366 1978 4422 dem
2010 4366 2220 4421 ratione
2245 4364 2525 4436 temporis,
2552 4373 2677 4420 ante
2702 4379 2790 4422 me
2813 4374 2990 4421 autem
3020 4374 3238 4437 propter
3266 4367 3416 4422 inac-

218 4444 530 4523 ἰσχυρότερός
568 4469 689 4523 μου,
715 4446 775 4507 οὗ
804 4454 902 4508 οὐκ
943 4454 1057 4525 εἰμί⁵
1095 4454 1273 4520 ἱκανὸς
1317 4455 1386 4510 τά
1431 4456 1753 4527 ὑποδήματα

1865 4472 2068 4512 cessum
2116 4465 2170 4513 et
2216 4456 2576 4512 inenarrabile
2620 4457 2803 4512 lumen
2848 4457 3165 4514 divinitatis.
3205 4478 3225 4510 (
3256 4456 3414 4513 Venit

217 4536 471 4607 βαστάσαι,
507 4545 670 4609 αὐτὸς
719 4546 862 4616 ὑμᾶς
906 4544 1157 4616 βαπτίσει
1194 4549 1250 4601 ὲν
1294 4547 1568 4618 Πνεύματι
1611 4548 1750 4619 ἁγίῳ
1800 4552 1807 4557 ’

216 4630 295 4685 καὶ
338 4636 480 4707 πυρί.
503 4656 522 4690 ι
544 4635 685 4707 Ἐγὼ
719 4637 1053 4705 ὑπεξούσιος,
1082 4638 1240 4703 αὐτὸς
1286 4638 1344 4692 δὲ
1367 4638 1746 4711 ⁹αι’δτεξούσιος.

226 4721 344 4801 Ἰεξγὼ
367 4726 643 4801 ἁμαρτιῶν
672 4728 870 4800 ἔνοχος,
907 4729 1068 4792 αὐτὸς
1111 4727 1170 4783 δὲ
1212 4729 1489 4803 ἁμαρτιῶν
1522 4730 1747 4802 ἀφαιρέ-

214 4829 315 4885 της.
331 4818 461 4889 Ἐγὼ
488 4823 581 4877 τὸν
627 4822 786 4895 νόμον
831 4822 1120 4895 παράπτω,
1148 4822 1311 4887 αὐτὸς
1358 4823 1413 4878 δὲ
1454 4824 1551 4896 τὴν
1591 4826 1746 4898 χάριν

126 4934 130 4938 ‘
214 4915 525 4981 φῳταγωγεί.
543 4913 680 4982 Ἐγὼ
722 4914 796 4978 ὡς
850 4914 1032 4978 δοῦλος
1076 4915 1344 4987 κατηχῶν,
1372 4915 1532 4981 αὐτὸς
1577 4916 1633 4970 δὲ
1673 4918 1748 4982 ὡς

221 4996 460 5075 δεσπότης
484 5006 698 5078 κρίνων.
716 5005 855 5076 Ἐγὼ
892 5007 954 5061 τὸ
985 5006 1177 5079 ἔδαφος
1219 5007 1404 5080 κλίνην
1431 5008 1558 5081 ἔχω,
1586 5009 1747 5072 αὐτὸς

211 5090 287 5145 τὸν
307 5093 521 5167 οὐρανὸν
549 5098 678 5171 ἔχει.
699 5098 836 5168 Ἐγὼ
863 5100 1144 5171 μετανοίας
1175 5100 1417 5172 βαπτίζω
1442 5101 1744 5173 βάπτισμα,

1856 4545 2046 4603 fortior
2075 4563 2182 4615 me,
2211 4548 2367 4619 cujus
2406 4564 2507 4619 ego
2544 4562 2653 4603 non
2684 4563 2804 4604 sum
2835 4548 3030 4618 dignus
3058 4558 3274 4619 portare
3301 4549 3413 4605 cal--

1853 4646 2162 4704 ceamenta;
2214 4638 2328 4707 ipse
2371 4652 2470 4693 vos
2504 4637 2796 4707 baptizabit
2826 4638 2885 4693 in
2912 4635 3114 4708 Spiritu
3145 4648 3334 4694 sancto
3359 4650 3413 4695 et

1852 4728 1976 4799 igne
1995 4728 2037 4783 δ.
2072 4747 2090 4781 ι
2139 4727 2252 4799 Ego
2289 4728 2542 4799 potestati
2575 4727 2863 4796 obnoxius,
2899 4727 3013 4797 ipse
3037 4742 3133 4798 per
3176 4743 3236 4783 se
3268 4738 3447 4799 pote-‘

1852 4831 2046 4877 statem
2089 4821 2313 4876 habens.
2342 4818 2453 4891 Ego
2481 4830 2832 4890 peccatorum.
2855 4835 3002 4886 reus,
3045 4807 3161 4892 ipse
3198 4829 3281 4877 est
3315 4821 3410 4890 qui

1851 4911 2030 4968 aufert
2053 4908 2439 4983 peccata'.Ego
2469 4909 2638 4979 legem
2668 4909 2902 4971 inculco,
2967 4908 3057 4965 ille
3103 4911 3287 4980 gratiae
3324 4910 3410 4964 lu-

1847 5017 1968 5060 cem
2014 5002 2249 5074 praefert.
2280 5000 2392 5074 Ego
2418 5009 2479 5056 ut
2505 5015 2695 5056 servus
2722 5000 2968 5065 instituo,
3001 5001 3087 5057 ille
3117 5000 3322 5071 judicat
3350 5009 3409 5055 ut

1855 5098 2129 5156 dominus.
2156 5095 2284 5151 Mihi
2315 5094 2490 5151 solum
2526 5096 2700 5151 lectus
2727 5102 2829 5161 est,
2864 5094 2976 5165 ipse
3013 5095 3210 5151 coelum
3238 5102 3402 5151 tenet.

272 5253 313 5285 "
345 5254 476 5312 Osee
504 5274 578 5325 vt,
609 5260 661 5313 5.
733 5259 776 5291 "
814 5258 972 5314 Joan.
1009 5274 1082 5324 tv,
1115 5258 1201 5313 14.
1275 5260 1321 5293 ⁹⁹
1357 5258 1511 5315 Joan.
1539 5275 1632 5323 vn,
1664 5259 1752 5315 38.

1865 5261 1872 5292 ¹
1910 5258 2098 5314 Matth.
2126 5274 2207 5321 ιιι,
2244 5258 2330 5313 1⁸5.
2406 5256 2453 5290 ⁸⁸
2487 5256 2632 5313 Psal.
2663 5273 2784 5325 va,
2815 5258 2867 5313 5.
2953 5249 2998 5290 "
3038 5255 3179 5310 Psal.
3213 5272 3397 5323 txxvt,

215 5321 288 5400 f7:
353 5327 398 5359 “
431 5321 572 5400 Psal.
604 5344 767 5400 ειμι,
784 5332 837 5385 5.
912 5331 957 5363 ’7
996 5321 1315 5400 Philippi],
1345 5331 1395 5384 7.
1469 5321 1738 5400 “‘Matth.

1889 5329 1939 5385 7.
2015 5330 2059 5362 ”
2083 5326 2239 5383 Joan.
2278 5345 2317 5395 ι,
2354 5326 2445 5385 20.
2518 5330 2536 5361 ¹
2564 5321 2890 5396 Ιιιιο.-ι,’20.
2967 5328 2987 5359 ³
3024 5326 3212 5381 Matth.
3247 5343 3306 5394 ιι,
3342 5321 3400 5386 9.

216 5391 233 5421 ³
261 5390 402 5451 Joan.
442 5413 480 5465 ι,
504 5398 590 5453 27.
666 5399 689 5431 ‘
724 5399 912 5456 Matth.
942 5416 1022 5467 tn,
1055 5390 1190 5454 ll."
1216 5399 1238 5431 '
1275 5390 1429 5454 Joan.
1462 5416 1501 5467 ι,
1526 5398 1615 5456 29.

271 5546 372 5630 (76)
411 5556 837 5630 aestumat-[ar
862 5558 1207 5630 ἐστείρῳσα.
1247 5557 1731 5630 ςτείςονίιιετιιαιι-

222 5627 545 5699 glaturgusin
569 5640 749 5683 sancta
776 5628 1130 5699 Tlteopltania,
1162 5645 1216 5698 p.
1246 5627 1684 5685 106'edit.Vnssii
1717 5650 1730 5686 :

217 5685 279 5739 Σὺ
299 5690 347 5772 δέ
370 5685 569 5772 τεχθεὶς
587 5702 649 5772 ἐκ
678 5700 779 5772 τῆς
800 5685 1066 5772 παρθένου
1098 5685 1379 5772 Μαρίας...
1396 5700 1514 5772 οὐκ
1546 5685 1735 5764 ἔλυσας

1834 5560 2168 5633 τῆςᾼμητρδς
2197 5559 2333 5632 αὐτῇ
2366 5561 2731 5633 προσηγορίαν
2757 5560 3108 5633 ἐδώρησαςηι
3154 5557 3238 5633 Tu
3273 5574 3400 5615 vero

1838 5629 1905 5711 e_x'
1941 5629 2112 5711 Maria
2137 5629 2624 5711 ttattts'VVirgine._.‘.,
2644 5645 2773 5711 _non
2793 5629 3013 5711 solvisti
3037 5629 3398 5711 virginitatem

1840 5701 1990 5770 ejus:
2022 5700 2114 5757 sed
2137 5709 2195 5758 et.
2215 5702 2354 5756 hanc
2375 5700 2679 5771 custodisti,
2706 5709 2754 5757 ct
2792 5701 2961 5771 ipsam
2994 5700 3185 5757 matris
3209 5702 3396 5771 appel—

219 5759 479 5830 παρθενίαν
509 5759 698 5839 αὐτῆς·
732 5759 985 5826 ἀλλὰκαὶ
1020 5759 1216 5841 ταύτην
1247 5759 1607 5841 ἐφρούρησας,
1644 5759 1735 5826 καί.

1865 5759 2039 5829 itione
2066 5771 2297 5829 donasti.
2331 5789 2349 5824 ι
2384 5770 2601 5841 Ειιιιιιε,
