3830 7152
460 299 562 353 855

1119 297 1177 352 Β.
1216 295 1576 352 lllPPOLYTl
1615 297 1764 352 OPP.
1808 295 1987 352 PARS
2015 295 2078 348 ll.
2117 325 2188 335 --
2232 295 2530 352 DOGMAT.
2572 295 2659 350 ΕΤ
2699 296 3046 353 lllSTORlC.‘
3580 300 3668 356 856

457 414 569 481 Ego
607 414 934 483 pmnitentiat
964 413 1176 483 baptizo
1205 415 1545 485 baptismate,
1579 417 1667 470 ille
1713 417 2009 486 adoptionis

2118 417 2278 478 αὐτὸς
2329 415 2384 468 δὲ
2439 416 2705 479 υἱοθεσίας
2753 415 2998 486 δωρεῖται
3039 416 3329 485 χάρισμα⁸
3368 414 3524 479 αὐτὸς
3548 417 3674 488 ὑμᾶς

455 507 622 558 donat
654 510 880 574 gratiam
913 521 925 556 :
955 504 1066 572 ipse
1098 519 1194 559 vos
1225 504 1430 574 Spiritu
1464 515 1654 561 sancto
1679 515 1732 560 et
1770 506 1891 575 igne
1927 490 2020 560 ba;

454 595 699 664 ptizabit.
726 593 866 659 Quid
919 593 1053 648 mihi
1099 596 1414 651 attenditis?
1462 612 1573 653 non
1620 613 1720 669 ego
1770 597 2020 655 Christus

454 701 596 740 sunt.

524 774 612 830 ιν.
656 775 1034 833 Ηαξοιιοοηιιεε
1057 777 1123 832 ad
1149 780 1406 850 populum
1431 795 1554 835 cum
1585 782 1831 846 dixisset,
1859 794 1914 837 et
1933 783 2020 840 hic

453 870 680 926 arrectis
705 871 973 940 capitibus
997 881 1338 941 exspectaret
1367 888 1564 928 novum
1589 875 1790 944 aliquid
1815 887 2021 946 specta-

454 965 636 1020 culum
666 964 839 1019 oculis
867 965 1112 1034 corporis
1132 979 1376 1032 cernere,
1397 966 1614 1021 diabolo
1640 969 1802 1022 etiam
1825 970 1890 1023 ad
1916 971 2020 1024 hoc

452 1056 681 1112 Joannis
707 1055 1077 1111 testimonium
1121 1057 1402 1126 perculso;
1435 1074 1562 1114 ecce
1587 1058 1848 1116 Dominus
1885 1079 2020 1131 pra:-

453 1166 579 1206 sens
595 1151 749 1206 adest
768 1150 1016 1221 simplex,
1039 1149 1211 1214 solus,
1240 1150 1441 1219 nudus,
1466 1152 1585 1207 sine
1609 1154 1894 1220 comitatu,
1918 1155 2019 1209 liu-

452 1255 613 1298 mano
650 1257 881 1313 corpore
924 1242 1092 1297 veluti
1135 1252 1284 1298 veste
1316 1243 1559 1310 indutus,
1593 1246 2018 1318 dignitatemque

449 1333 748 1388 divinitatis
791 1334 1090 1399 occultans,
1127 1343 1186 1388 ut
1236 1335 1424 1391 lateret
1475 1337 1729 1394 draconis
1778 1339 2013 1394 fraudes.

449 1423 559 1480 Nec
611 1433 820 1480 tantum
869 1434 927 1479 ut
977 1423 1240 1480 Dominus
1289 1427 1407 1483 sine
1453 1430 1602 1499 regio
1655 1431 1905 1487 satellitio
1949 1433 2016 1487 ad

447 1516 711 1572 Joannem
764 1517 1024 1581 accessit;
1064 1518 1156 1572 sed
1207 1518 1368 1572 etiam
1419 1531 1475 1575 ut
1513 1521 1743 1591 simplex
1775 1524 1938 1580 homo
1963 1533 2018 1580 et

451 1608 720 1663 obnoxius
745 1609 1002 1678 peccatis,
1034 1617 1196 1679 caput
1224 1624 1382 1664 suum
1411 1611 1691 1667 inclinavit
1718 1623 1775 1668 ut
1801 1630 1831 1669 a
1851 1613 2016 1670 Joan-

2122 507 2367 578 βαπτίσει
2383 509 2439 561 ἐν
2455 507 2729 577 Πνεύματι
2755 508 2894 578 ἁγίῳ
2918 507 3010 560 καὶ
3037 507 3272 576 πυρί.Τί
3296 507 3420 578 ἐμοὶ⁸
3437 511 3680 580 προσανέρ-

2120 617 2275 670 χετε;
2307 601 2406 653 οὐκ
2437 601 2552 670 εἰμὶ
2580 599 2687 668 ἐγὼ
2711 601 2740 652 ὁ
2766 599 3013 670 Χριστός.

2189 781 2373 835 Ταῦτα
2399 781 2494 835 τοῦ
2537 782 2779 836 Ἰωάννου
2815 782 2949 856 πρὸς
2988 781 3076 836 τὸν
3121 780 3289 852 ὄχλον
3323 780 3566 849 λέγοντος
3601 781 3684 838 καὶ

2116 871 2209 926 τοῦ
2243 873 2371 927 λαοῦ
2409 874 2832 946 καραδοκοῦντος
2860 874 3005 939 ξένον
3030 892 3079 928 τι
3110 874 3305 944 θέαμα
3328 876 3440 936 τοῖς
3467 891 3684 944 σωματι-

2120 968 2232 1029 κοῖς
2278 965 2572 1036 ὀφθαλμοῖς
2619 966 2932 1032 θεάσασθαι,
2963 967 3057 1020 καὶ
3093 966 3197 1020 τοῦ
3237 964 3490 1018 διαϐόλου
3536 981 3687 1018 κατα-

2119 1058 2482 1129 πληττομένου
2515 1059 2624 1129 (77)
2653 1060 2743 1112 ἐπὶ
2773 1062 2838 1130 τῇ
2872 1059 3104 1132 τοσαύτῃ
3132 1057 3236 1111 τοῦ
3285 1055 3532 1110 Ἰωάννου
3564 1075 3688 1128 μαρ-

2118 1149 2310 1221 τυρίᾳ·
2371 1149 2478 1204 ἰδοὺ
2533 1152 2560 1204 ό
2609 1149 2810 1222 Κύριος
2867 1151 3235 1222 παραγίνεται
3292 1147 3471 1210 λιτὸς,
3524 1148 3686 1217 μόνος,

2117 1241 2340 1312 γυμνὸς,
2373 1241 2820 1312 ἁπροστάτευτος,
2853 1239 3053 1311 ἔνδυμα
3098 1239 3252 1309 ἔχων
3282 1237 3346 1290 τὸ
3373 1235 3688 1309 ἀνθρώπινον

2119 1333 2296 1404 σῶμα,
2334 1334 2587 1405 κρύπτων
2617 1333 2675 1386 δὲ
2698 1333 2757 1386 τὸ
2779 1333 2876 1403 τῆς
2904 1332 3155 1403 θεότητος
3181 1329 3433 1399 ἀξίωμα,
3461 1330 3545 1381 ἵνα
3567 1329 3690 1403 λάθῃ

2115 1425 2208 1478 τοῦ
2239 1425 2524 1498 δράκοντος
2553 1425 2615 1478 τὸ
2647 1425 3025 1498 πανούργημα.
3060 1425 3174 1478 Καὶ
3204 1425 3272 1477 οὐ
3306 1423 3466 1494 μόνον
3490 1423 3562 1487 ὡς
3590 1424 3688 1476 Κύ-

2118 1537 2231 1591 ριος
2264 1519 2418 1583 ἐκτὸς
2444 1519 2542 1590 τῆς
2569 1517 2848 1590 βασιλικῆς
2870 1517 3202 1591 δορυφορίας
3233 1516 3378 1588 πρὸς
3402 1517 3492 1568 τὸν
3532 1517 3691 1568 Ἰωάν-

2115 1628 2212 1682 νην
2245 1611 2634 1685 παραγέγονεν,
2663 1610 2799 1665 ἀλλὰ
2839 1611 2932 1665 καὶ
2963 1611 3038 1676 ὡς
3079 1609 3384 1682 ἄνθρωπος
3429 1607 3568 1672 λιτὸς
3609 1608 3689 1661 καὶ

452 1715 519 1755 ne
551 1700 934 1770 baptizaretur.
972 1699 1125 1756 Unde
1158 1703 1246 1758 ille
1273 1703 1464 1761 videns
1497 1715 1699 1761 tantam
1734 1708 2009 1766 demissio-

2117 1704 2395 1776 ὑπόχρεως
2427 1702 2729 1776 ἁμαρτιῶν,
2761 1703 2966 1757 ἔκλινεν
2991 1705 3088 1776 τὴν
3119 1702 3382 1774 κεφαλὴν
3421 1699 3580 1755 αὐτοῦ
3609 1700 3691 1770 βα-

452 1806 595 1859 nem,
628 1793 705 1848 rei
737 1793 1094 1849 admiratione
1124 1804 1347 1865 stupens
1371 1798 1536 1868 etepit
1565 1815 1688 1854 eum
1705 1801 2009 1870 prohibere,

2116 1770 2404 1867 πτισθῆναι
2604 1770 3057 1850 Ἰωάννουΐοθεν-
3084 1793 3114 1845 ὁ
3147 1770 3419 1864 Ἰωάννης
3445 1791 3691 1861 θεασάμε-

447 1891 628 1953 atque,
649 1892 707 1938 ut
732 1883 895 1938 modo
913 1885 1216 1951 audivistis,
1237 1886 1302 1942 ad
1325 1903 1448 1943 eum
1473 1890 1610 1944 dixit
1635 1909 1649 1946 :
1679 1910 1698 1944 ι
1726 1890 1854 1946 Mihi
1879 1909 2014 1964 opus

447 1984 529 2030 est
556 1976 817 2045 baptizari
841 1992 870 2030 a
899 1987 969 2042 te,
1002 1986 1055 2032 et
1088 1987 1141 2032 tu
1172 1980 1237 2033 ad
1271 1996 1355 2035 me
1385 1981 1613 2037 venis‘?
1633 2003 1650 2036 ι
1684 1983 1822 2050 Quid
1854 1983 2010 2052 facis,

449 2064 708 2121 Domine?
739 2069 902 2125 doces
952 2085 1074 2139 qua:
1127 2085 1252 2126 cum
1300 2073 1484 2141 regula
1530 2091 1638 2128 non
1699 2076 1834 2132 bene
1881 2093 2014 2133 con-

447 2169 668 2227 gruunt.
707 2159 824 2215 Alia
875 2163 943 2217 de
977 2171 1025 2216 te
1059 2163 1368 2232 prmdicavi,
1399 2175 1453 2220 et
1489 2167 1596 2222 alia
1633 2177 1689 2222 tu
1721 2169 1860 2226 obis.
1891 2169 2014 2226 Alia

447 2252 654 2306 audivit
687 2253 956 2320 diabolus,
989 2266 1043 2310 et
1087 2257 1191 2311 alia
1240 2257 1404 2312 videt.
1439 2259 1657 2328 Baptiza
1686 2269 1741 2314 tu
1776 2276 1862 2317 me
1891 2262 2014 2332 igne

445 2346 742 2402 divinitatis
787 2367 800 2402 :
841 2349 970 2418 quid
1018 2365 1215 2426 aquam
1267 2353 1596 2421 exspectas?
1642 2353 1886 2409 illumina
1927 2371 2014 2411 me

447 2436 688 2506 Spiritu;
726 2439 856 2508 quid
894 2455 1006 2494 rem
1057 2451 1292 2496 creatam
1328 2443 1692 2512 praestolaris?
1722 2462 1807 2501 me
1842 2447 2015 2516 bapti-

444 2536 582 2582 stam
634 2529 869 2600 baptiza,
924 2540 982 2586 ut
1031 2535 1384 2604 praerogativa
1434 2545 1526 2589 tua
1566 2546 1692 2592 nota
1728 2538 1840 2593 ﬁat.
1879 2540 2010 2610 Ego,

445 2619 692 2689 Domine,
739 2622 1006 2693 baptisma
1055 2625 1384 2694 paenitentia:
1430 2631 1666 2700 baptizo,
1697 2647 1872 2702 neque
1917 2649 2012 2691 eos

444 2715 536 2783 qui
565 2716 631 2770 ad
657 2732 744 2772 me
772 2717 1038 2774 accedunt
1063 2735 1286 2790 possum
1323 2722 1618 2792 baptizare,
1648 2725 1752 2780 nisi
1790 2735 2010 2795 peccata

443 2819 544 2860 sua
578 2807 812 2867 confessi
839 2811 992 2880 prius
1018 2809 1240 2867 fuerint.
1273 2811 1498 2869 Etiamsi
1536 2817 1810 2886 baptizare
1837 2827 1887 2874 tc
1921 2835 2013 2875 ve-

443 2898 558 2967 lim,
593 2901 724 2971 quid
767 2901 933 2958 babes
976 2904 1122 2972 quod
1155 2906 1506 2962 conﬁtearis?
1533 2907 1613 2963 Tu
1653 2925 1711 2965 es
1738 2911 1830 2980 qui
1869 2912 2012 2968 tollis

445 3003 696 3059 peccata,
732 3005 805 3050 ‘et
852 2995 1123 3065 baptismo
1174 2997 1256 3054 vis
1305 2997 1569 3069 baptizari
1632 3003 2013 3072 poenitentiae?

2113 1906 2202 1953 νος
2227 1889 2324 1960 τὴν
2348 1889 2614 1960 τοσαύτην
2639 1887 3146 1960 ταπεινοφροσύνην,
3175 1885 3493 1958 θαμϐηθεὶς
3523 1887 3608 1938 ἐπὶ
3623 1886 3689 1956 τῷ

2115 1983 2420 2054 πράγματι,
2455 1979 2657 2053 ῆρξατο
2703 1980 3016 2034 διακωλύειν
3067 1978 3238 2033 αὐτὸν
3288 1978 3488 2045 λέγων,
3527 1975 3686 2041 καθὼς

2112 2074 2312 2144 ἀρτίως
2343 2073 2637 2144 ἠκούσατεο
2669 2092 2688 2126 ι
2710 2071 2850 2142 Ἐγὼ
2881 2073 3066 2144 χρείαν
3090 2072 3204 2142 ἔχω
3234 2071 3349 2124 ὑπὸ
3387 2070 3482 2122 σοῦ
3516 2070 3688 2139 βαπτι-

2115 2168 2328 2239 σθῆναι,
2357 2166 2452 2220 καὶ
2485 2168 2549 2220 σὺ
2588 2166 2722 2239 ἔρχῃ
2748 2165 2883 2236 πρὸς
2913 2165 3014 2236 μέ;
3041 2183 3059 2215 ι
3099 2164 3164 2217 Τί
3196 2166 3406 2226 ποιεῖς,
3433 2155 3479 2215 ὦ
3507 2162 3686 2215 Δέσπο-

2111 2277 2214 2327 τα;
2249 2261 2574 2314 άκανόνιστα
2616 2257 3154 2330 δογματίζεις.Ἃλλα
3197 2255 3566 2326 κατήγγειλα,
3607 2256 3684 2308 καὶ

2112 2353 2247 2409 ἄλλα
2275 2353 2508 2425 μετέρχῃ
2525 2370 2539 2384 ·
2570 2351 2702 2407 ἄλλα
2724 2353 2952 2423 ἤκουσεν
2977 2353 3006 2404 ό
3032 2350 3308 2414 διάϐολος,
3333 2347 3430 2401 καὶ
3460 2346 3587 2401 ἄλλα
3608 2363 3686 2400 κα-

2112 2450 2308 2501 τανοεῖ.
2343 2446 2610 2500 Βάπτισόν
2651 2463 2719 2517 με
2747 2445 2824 2516 τῷ
2853 2444 2984 2516 πυρὶ
3016 2443 3114 2514 τῆς
3143 2443 3432 2512 θεότητος·
3467 2439 3518 2492 τί
3548 2455 3682 2509 ταρι-

2115 2542 2295 2614 μένεις
2337 2540 2398 2596 τὸ
2437 2541 2617 2612 ὓδωρς
2651 2539 2882 2593 Φώτισον
2917 2537 2995 2608 τῷ
3017 2538 3328 2610 Πνεύματι·
3358 2535 3414 2589 τί
3445 2533 3683 2606 προσανέ-

2112 2653 2228 2705 χεις
2269 2633 2346 2706 τῷ
2399 2634 2691 2705 κτίσματι;
2731 2632 3000 2686 Βάπτισόν
3030 2649 3097 2702 με
3126 2631 3220 2684 τὸν
3250 2627 3574 2698 βαπτιστὴν,
3605 2627 3678 2678 ἵνα

2113 2727 2326 2799 γνωσθῇ
2377 2744 2470 2780 σου
2516 2729 2549 2798 ἡ
2607 2725 3045 2798 ὑπεροχή.Ἐγὼ,
3080 2725 3356 2788 Δέσποτα,
3413 2719 3679 2793 μετανοίας

2113 2818 2359 2889 βαπτίζω
2399 2819 2698 2892 βάπτισμα,
2732 2820 2824 2874 καὶ
2868 2819 2993 2884 τοὺς
3038 2816 3518 2891 προσερχομένους
3559 2814 3675 2885 πρὸς

2115 2912 2185 2984 μὲ
2221 2915 2499 2986 ἀμήχανον
2547 2913 2805 2985 βαπτίσαι
2841 2912 2936 2967 ἐὰν
2970 2912 3044 2985 μὴ
3074 2912 3174 2977 τὰς
3204 2911 3494 2983 ἁμαρτίας
3518 2908 3677 2963 αὐτῶν

2113 3002 2628 3077 ὲξομολογήσωνται.
2677 3004 2890 3059 Κείσθω
2929 3006 3010 3059 ὅτι
3063 3005 3318 3076 βαπτίζω
3359 3020 3440 3068 σε,
3471 3001 3522 3054 τί
3550 3001 3674 3071 ἔχεις

445 3080 668 3139 Etiamsi
714 3099 814 3156 ego
847 3096 898 3140 te
930 3087 1203 3156 baptizare
1251 3090 1583 3159 sustinuero,
1611 3091 1872 3150 Jordanes
1900 3111 2007 3151 non

2115 3095 2635 3170 ὲξομολογήσασθαι;
2680 3096 2985 3170 Ἀμαρτιῶν
3029 3098 3339 3170 ἀφαιρέτης
3390 3094 3670 3166 ὑπάρχεις.

443 3173 604 3229 audet
641 3177 865 3246 propius
894 3177 962 3232 ad
990 3184 1040 3232 te
1073 3180 1330 3234 accedere
1362 3199 1375 3234 :
1415 3199 1433 3233 ι
1465 3182 1577 3254 Ego
1603 3197 1741 3254 opus
1775 3184 1949 3241 habeo
1979 3201 2012 3242 a

446 3275 496 3321 te
531 3267 817 3337 baptizari.
846 3279 898 3324 et
931 3270 1170 3352 tuvenis
1201 3269 1267 3325 ad
1295 3272 1418 3327 me?
1444 3292 1464 3325 ι

516 3535 576 3596 νζ
619 3542 758 3610 Quid
789 3545 950 3615 igitur
978 3546 1026 3600 ei
1055 3545 1317 3605 Dominus
1344 3549 1668 3619 respondet?
1705 3569 1722 3603 ι
1752 3549 2010 3608 Permitte

439 3633 572 3704 jam,
604 3636 676 3690 ita
703 3637 845 3692 enim
880 3637 1035 3693 decet
1058 3654 1158 3694 nos
1185 3639 1408 3710 implere
1440 3655 1652 3696 omnem
1678 3642 1964 3712 justitiam.
1984 3665 2002 3696 ι

443 3726 699 3782 Permitte
729 3727 866 3798 jam,
897 3727 1155 3796 Joannes,
1191 3747 1297 3786 non
1325 3749 1383 3786 es
1408 3749 1493 3787 me
1523 3734 1926 3804 sapientior.Tu
1953 3749 2010 3794 ut

445 3821 626 3883 homo,
644 3821 896 3891 respicis;
921 3837 1038 3894 ego,
1059 3832 1117 3877 ut
1133 3822 1291 3894 Deus,
1307 3824 1452 3879 novi.
1478 3823 1719 3881 Primum
1741 3844 1824 3884 me
1845 3845 2008 3899 opor-

441 3922 517 3968 tet
545 3912 744 3981 facere,
779 3923 941 3986 atque
986 3915 1059 3970 ita
1090 3916 1305 3972 docere.
1351 3914 1496 3970 Nihil
1547 3917 1802 3975 indecens
1847 3921 2004 3988 obeo,

440 4006 638 4063 decore
664 4016 810 4063 totus
841 4008 1082 4064 indutus.
1114 4007 1348 4073 Miraris,
1375 4024 1410 4064 o
1439 4008 1696 4076 Joannes,
1723 4013 1866 4082 quod
1899 4028 2008 4068 non

439 4099 564 4152 veni
613 4114 739 4154 cum
775 4099 1056 4171 dignitatis
1102 4116 1236 4155 mea:
1280 4101 1569 4172 insigniis?
1606 4103 1822 4160 Privato
1861 4107 2005 4161 enim

2115 3189 2209 3242 καὶ
2237 3189 2296 3243 τὸ
2326 3189 2426 3261 τῆς
2457 3189 2742 3262 μετανοίας
2771 3191 2942 3255 Θέλεις
2969 3190 3339 3262 βαπτισθῆναι
3371 3189 3666 3260 βάπτισμα;

2113 3281 2176 3335 Εί
2205 3281 2298 3336 καὶ
2325 3283 2436 3351 ἐγώ
2460 3299 2517 3335 σε
2538 3282 2792 3354 τολμήσω
2822 3283 3100 3356 βαπτίσαι,
3127 3286 3155 3337 ό
3187 3283 3467 3356 Ἰορδάνης
3494 3281 3550 3333 οὐ
3571 3277 3670 3332 τολ-

2115 3372 2194 3444 μᾷ
2221 3371 2536 3444 πλησιάσαι.
2567 3391 2587 3424 ι
2610 3371 2749 3442 Ἐγὼ
2777 3373 2964 3444 χρείαν
2996 3370 3102 3445 ἔχω
3127 3375 3233 3428 ὑπὸ
3269 3372 3369 3427 σοῦ
3401 3367 3667 3443 βαπτισθῆ-

2112 3481 2220 3526 ναι,
2253 3463 2346 3517 καὶ
2377 3466 2440 3518 σὺ
2473 3463 2608 3538 ἔρχῃ
2637 3465 2775 3536 πρὸς
2809 3466 2908 3535 μέ;
2944 3484 2962 3518 ι

2182 3553 2248 3606 Τί
2288 3549 2382 3608 οὖν
2407 3555 2436 3607 ὁ
2469 3554 2672 3625 Κύριος
2709 3557 2845 3626 πρὸς
2873 3555 3065 3622 αὑτόν;
3100 3557 3307 3626 ιἈφες
3340 3551 3664 3626 ἄρτι,-οὖτως

2111 3643 2220 3716 γὰρ
2269 3645 2476 3716 πρέπον
2508 3647 2638 3718 ἡμῖν
2683 3646 2829 3700 ἐστιν
2867 3647 3148 3718 πληρῶσαι
3201 3650 3386 3701 πᾶσαν
3419 3639 3663 3698 δικαιοσύσ

2111 3739 2443 3808 νην.›”Δφες
2474 3739 2878 3812 ἄρτι,’Ῑωάννη,
2909 3741 3008 3794 οὐκ
3037 3736 3088 3793 εἷ
3113 3757 3214 3810 μου
3249 3738 3568 3808 σοφώτερος·
3601 3733 3660 3785 Σὺ

2109 3829 2184 3893 ὡς
2231 3828 2515 3903 ἄνθρωπος
2563 3829 2798 3900 βλέπεις,
2847 3830 2956 3900 ἐγὼ
3001 3830 3077 3896 ὡς
3124 3832 3256 3896 Θεὸς
3305 3826 3658 3902 προγινώσκω.

2109 3921 2328 3994 Πρῶτόν
2374 3939 2441 3992 με
2484 3921 2566 3975 δεί⁹
2608 3923 2850 3994 ποιῆσαι,
2895 3924 2986 3976 καὶ
3036 3922 3204 3987 οὕτως
3249 3921 3476 3986 διδάξαι.
3520 3917 3660 3971 Οὐδὲν

2109 4014 2354 4086 ἀπρεπὲς
2386 4014 2738 4086 μετέρχομαι,
2766 4015 3092 4087 εὐπρέπειαν
3122 4017 3230 4088 γὰρ
3263 4011 3654 4086 περιϐέϐλημαι.

2109 4105 2438 4176 θαυμάζεις»
2465 4101 2508 4161 ὦ
2542 4107 2781 4180 Ἰωάννην
2805 4109 2885 4162 ὅτι
2911 4109 3008 4162 οὐκ
3033 4104 3194 4180 ἦλθον
3223 4108 3362 4179 μετὰ
3391 4104 3482 4160 τοῦ
3514 4099 3656 4168 ἀξιώ-

440 4204 551 4244 non
581 4191 842 4260 competit
873 4191 1022 4262 regia
1071 4207 1347 4262 purpura;
1397 4209 1580 4265 regem
1627 4207 1809 4253 autem
1857 4199 2009 4256 decet

2115 4199 2276 4269 ματός
2331 4216 2470 4270 μου;
2508 4198 2714 4274 ’ἰδιώτῃ
2766 4201 2863 4271 μὲν
2911 4200 3018 4272 γὰρ
3065 4202 3141 4262 ού,
3173 4201 3375 4275 πρέπει
3429 4190 3654 4269 βασιλικὴ

441 4281 694 4338 militaris
723 4294 946 4338 ornatus
975 4302 988 4337 :
1021 4299 1150 4338 num
1184 4285 1449 4341 adversus
1474 4295 1788 4357 tyrannum,
1819 4300 1871 4346 et
1900 4307 2007 4345 non

439 4377 507 4431 ad
537 4377 772 4432 amicum
804 4377 962 4431 veni?
1002 4376 1072 4430 At
1102 4378 1352 4448 permitte
1382 4395 1548 4445 nunc,
1595 4381 1668 4435 ita
1703 4383 1847 4437 enim
1879 4399 2008 4438 cou-

2107 4289 2378 4359 ἁλουργὶς,
2413 4288 2621 4360 βασιλεῖ
2665 4289 2722 4343 δὲ
2771 4290 2968 4362 πρέπει
3020 4292 3411 4363 στρατιωτικὸν
3457 4287 3654 4358 σχῆμα⁸

2109 4381 2243 4452 πρὸς
2276 4381 2532 4452 τύραννον
2557 4376 2740 4454 ἦλθον,
2773 4382 2846 4454 μὴ
2879 4383 2986 4456 γάρ
3011 4385 3145 4455 πρὸς
3170 4385 3359 4455 φίλον;
3395 4385 3554 4451 ’Ἄφες
3573 4378 3654 4448 ἄρ·

438 4471 589 4525 venit
619 4470 779 4526 nobis
801 4485 1015 4525 omnem
1035 4471 1302 4541 justitiam
1327 4472 1571 4544 implere.
1600 4471 1854 4544 lmpletor
1876 4475 2007 4545 legis

2115 4492 2181 4537 τι,
2213 4474 2384 4538 οὕτως
2409 4474 2517 4546 γὰρ
2547 4475 2754 4546 πρέπον
2781 4477 2910 4546 ἡμῖν
2940 4478 3104 4541 ἐστιν,
3130 4478 3310 4530 πᾶσαν
3338 4469 3654 4537 δικαιοσύνην

439 4579 596 4629 sum;
638 4563 772 4618 nihil
802 4564 927 4619 volo
962 4564 1385 4635 praetermissum
1426 4565 1494 4620 ad
1535 4565 1700 4621 totius
1735 4567 2005 4636 impletio—

439 4674 562 4716 nem
596 4659 926 4730 relinquere,
961 4668 1018 4714 ut
1045 4669 1163 4728 post
1191 4675 1278 4716 me
1306 4661 1619 4717 exclamare
1661 4663 1834 4732 possit
1865 4661 2006 4718 Pau-

437 4756 566 4808 lus:
596 4771 614 4803 ι
644 4751 892 4823 lmpletio
939 4752 1072 4822 legis
1121 4751 1395 4818 Christus,
1446 4753 1499 4808 in
1540 4753 1810 4824 justitiam
1856 4756 2004 4810 omni

437 4847 741 4903 credenti".
778 4844 907 4902 Sine
940 4845 1102 4902 modo
1133 4863 1147 4900 :
1183 4845 1263 4900 sic
1296 4845 1440 4900 enim
1474 4845 1628 4902 decet
1657 4861 1756 4902 nos
1783 4847 2004 4918 implere

438 4956 652 4996 omnem
680 4941 949 5011 justitiam
971 4943 1012 4994 ³.
1054 4961 1072 4992 ι
1120 4939 1335 5009 Baptiza
1369 4957 1475 5007 me,
1501 4939 1758 5007 Joannes,
1792 4958 1859 4997 ne
1879 4943 2004 5012 quis

438 5032 763 5102 baptismum
798 5045 1139 5102 aspernetur.
1171 5033 1216 5088 Δ
1241 5041 1292 5086 te
1320 5047 1476 5086 servo
1502 5033 1766 5103 baptizor,
1792 5048 1858 5088 ne
1880 5033 2004 5103 quis

438 5139 628 5195 regum
663 5131 761 5177 aut
799 5124 1139 5193 superiorum
1177 5134 1400 5190 respuat
1432 5138 1463 5176 a
1497 5133 1803 5194 contempto
1829 5139 2003 5178 sacer—

435 5221 558 5274 dote
580 5215 866 5287 baptizari.
893 5213 1150 5270 Permitte
1176 5215 1230 5269 in
1255 5213 1546 5270 Jordauem
1567 5215 1913 5282 descendam,
1944 5225 2003 5270 ut

435 5311 660 5365 audiant
692 5307 869 5363 Patris
902 5307 1299 5372 testimonium,
1325 5316 1378 5362 et
1415 5307 1536 5362 Filii
1571 5308 1867 5378 potentiam
1907 5324 2000 5364 co-

435 5411 720 5472 gnoscant.
765 5399 1024 5455 Permitte
1071 5416 1244 5467 nunc;
1292 5401 1367 5455 ita
1414 5400 1558 5455 enim
1595 5400 1750 5456 decet
1778 5415 1994 5455 omnem

505 5566 524 5595 ⁸
562 5563 752 5621 Matth.
788 5583 867 5634 Ill,
903 5567 991 5622 14.
1067 5565 1087 5597 ⁷
1124 5513 1280 5622 “om.
1311 5583 1366 5631 ι,
1395 5567 1446 5620 ιι.
1523 5569 1544 5600 ⁸
1569 5567 1759 5627 Matth.
1796 5571 1986 5637 "1,15.

504 5699 613 5769 (Πι
657 5702 765 5755 Τοῦ
793 5701 1073 5757 διαϐόλου
1113 5705 1692 5772 καταπληττομένων.
1744 5703 2001 5760 Commu-

435 5770 520 5827 nis
549 5779 786 5828 veterum
822 5776 1090 5832 sententia
1123 5783 1222 5831 est.
1247 5770 1521 5830 diabolum
1549 5777 1827 5848 ignorasse
1857 5793 2000 5833 ωρο-

2109 4565 2411 4638 πληρῶσαι.
2453 4566 2752 4638 Πληρωτής
2784 4567 2898 4636 είμι
2929 4567 3112 4638 νόμου,
3133 4568 3279 4621 οὐδὲν
3313 4567 3559 4640 βούλομαι
3579 4558 3651 4613 ἐλ-

2107 4659 2260 4722 λιπὲς
2300 4659 2620 4729 καταλεῖψαι
2662 4663 2742 4724 εἰς
2788 4663 2893 4714 πᾶν
2924 4661 2984 4714 τὸ
3013 4661 3282 4733 πλήρωμα
3314 4663 3400 4715 ἵνα
3430 4659 3537 4731 μετ’
3565 4651 3650 4724 ἐμὲ

2108 4755 2276 4827 βοήσῇ
2297 4754 2326 4806 ὁ
2350 4754 2557 4819 Παῦλος
2577 4771 2590 4785 ⁸
2632 4775 2650 4808 ο
2684 4754 2957 4826 Πλήρωμα
2990 4756 3152 4826 νόμου
3180 4759 3208 4810 ὁ
3230 4756 3461 4828 Χριστὸς
3489 4753 3560 4813 είς
3580 4748 3645 4800 δι-

2105 4846 2395 4918 καιοσύνην
2445 4847 2606 4901 παντὶ⁹
2645 4847 2722 4919 τῷ
2764 4847 3084 4902 πιστεύοντι.
3107 4848 3273 4917 ’Λφες
3324 4848 3464 4919 ἄρτι,
3498 4840 3646 4899 οὕτως

2109 4939 2214 5014 γὰρ
2261 4940 2469 5012 πρέπον
2514 4942 2644 5011 ἡμῖν
2692 4942 2859 5004 ἐστιν,
2889 4939 3170 5012 πληρῶσαι
3201 4943 3380 4994 πᾶσαν
3407 4927 3644 4990 δικαιοσύ-

2108 5051 2221 5104 νην.
2249 5051 2268 5084 ›
2298 5032 2565 5086 Βάπτισόν
2593 5050 2679 5103 με,
2697 5032 2937 5103 Ἰωάννη,
2974 5033 3056 5086 ἶνα
3086 5033 3270 5104 μηδεκ
3299 5028 3663 5102 βαπτίσματος⁹

2107 5123 2507 5194 καταφρονήσῃ.
2528 5123 2660 5176 Ὑπὸ
2707 5122 2801 5177 σοῦ
2843 5123 2937 5176 τοῦ
2969 5122 3152 5177 δούλου
3205 5123 3542 5192 βαπτίζομαι,
3569 5113 3638 5165 ἵνα

2109 5214 2297 5285 μηδεὶς
2330 5213 2588 5285 βασιλέων
2619 5214 2650 5286 ἢ
2683 5215 3049 5287 ὑπερεχόντων
3077 5215 3344 5289 διαπτύσῃ
3382 5212 3479 5267 ὑπὸ
3513 5222 3639 5260 πενι·

2103 5305 2235 5377 χροῦ
2261 5307 2448 5379 ἱερέως
2494 5307 3046 5380 βαπτισθῆναι.”Αφες
3079 5311 3135 5361 ὲν
3161 5308 3238 5380 τῷ
3279 5306 3504 5381 Ἰορδάνῃ
3526 5314 3634 5352 κατι

2103 5397 2258 5464 έλθω,
2303 5399 2390 5454 ἵνα
2435 5397 2737 5454 ἀκούσωσιν
2775 5401 2872 5472 τὴν
2917 5399 3179 5473 Πατρῷαν
3222 5398 3532 5473 μαρτυρίαν,
3559 5384 3635 5442 κδ’

2107 5705 2302 5833 ἓοπὶεἰτο
2355 5707 2690 5776 mysterium,
2744 5724 2808 5764 cx
2857 5707 3041 5765 Matth.
3088 5725 3161 5778 iv,
3193 5709 3247 5776 3,
3303 5704 3544 5765 ethor.
3577 5711 3624 5754 II.

2147 5817 2160 5833 .
2243 5793 2418 5833 ABRIC.

2147 5817 2160 5833 ο
2199 5793 2226 5829 ι·
2243 5793 2418 5834 ABRIC.
