1915 3576
71 148 131 178 85⁸1
610 152 726 181 SERMO
744 153 778 180 1N
797 151 932 180 SANCTA
951 151 1194 180 THEOPHANIA.‘
1646 156 1699 184 853

71 209 289 243 ἐπιγνώαωνται
304 210 355 247 τὴν
368 211 415 238 τοῦ
427 211 491 239 Υίοῦ
507 212 718 248 δύναμιν.”Αφες
735 214 807 249 ἄρτι⁷
825 212 871 240 οὓ-

923 220 972 240 nos
988 213 1100 247 implere
1114 213 1259 248 justitiam.
1275 212 1352 241 Tunc
1371 213 1498 249 deinceps
1514 213 1633 243 Joannes
1647 216 1699 250 ipsi

69 263 131 286 τως
151 256 214 292 γὰρ
233 256 335 292 πρέπον
346 257 412 292 ἡμῖν
425 259 497 285 ἐστιν
511 258 651 294 πληρῶσαι
666 260 755 286 πᾶσαν
770 259 871 286 δικαιο-

920 257 1052 292 permittit
1066 266 1072 284 :
1091 267 1100 283 ι
1119 257 1152 284 Ει
1169 258 1321 292 baptizatus
1338 257 1427 292 Jesus,
1443 259 1536 287 statim
1550 260 1647 287 iterum
1665 268 1699 287 ex

71 300 183 336 σύνην.
200 302 262 329 Τότε
284 302 376 330 λοιπον
389 303 498 339 ἀφίησιν
512 305 593 331 αὑτὸν
616 306 630 332 6
648 305 783 340 Ἰωάννης,
803 316 812 332 ι
824 306 870 333 καὶ

919 310 990 337 aqua
1003 303 1141 336 ascendit;
1154 307 1181 330 ct
1193 303 1278 337 aperti
1291 308 1355 330 sunt
1366 304 1417 339 ipsi
1430 305 1491 332 coeli
1504 315 1510 332 :
1524 310 1551 332 et
1562 313 1624 333 ecce
1637 305 1699 340 Spi-

70 345 243 380 βαπτισθεὶς
260 349 275 374 6
295 348 396 383 Ἰησοῦς
414 348 513 381 εὐθέως
527 349 610 385 ἀνέϐη
631 350 685 377 ἀπὸ
697 350 743 377 τοῦ
758 350 868 383 ὕδατος·

919 348 988 376 ritus
1006 348 1053 376 Dei
1075 349 1214 377 descendit
1237 350 1325 385 specie
1344 350 1485 384 columbae,
1504 357 1530 378 et
1545 359 1626 386 super
1640 352 1699 386 ipso

69 391 123 416 καὶ
138 391 320 428 ἠνεῴχθησαν
331 391 404 427 αὐτῷ
416 393 441 419 οἱ
455 394 573 430 οὐρανοὶ,
588 394 635 421 καὶ
647 394 700 422 [δοί)
713 395 743 422 τὸ
758 396 869 431 Πνεῦμα

919 394 1028 421 mansit.
1042 393 1075 421 Et
1087 402 1139 422 vox
1151 395 1183 423 de
1196 396 1276 428 cmlo,
1289 396 1381 424 dicens
1396 406 1402 424 :
1417 396 1465 425 llic
1475 401 1516 424 est
1526 396 1611 426 Filius
1622 405 1699 426 meus

68 435 122 462 τοῦ
137 436 212 463 Θεοῦ
226 438 384 474 κατέρχεται
398 441 427 467 ἐν
442 440 506 467 είδει
521 441 693 476 περιστερᾶς,
705 441 751 468 καὶ
764 441 869 477 ἔμεινεν

919 439 1044 473 dilectus,
1061 440 1087 467 in
1104 448 1159 476 quo
1174 442 1352 476 complucui’.
1372 452 1381 468 ι

69 481 119 507 ἐπ’
136 482 233 510 αὐτόν.
250 485 305 511 Καὶ
320 485 395 521 φωνὴ
409 488 442 513 ὲκ
460 486 514 513 τῶν
532 486 654 522 οὐρανῶν
669 486 783 521 λέγουσα
793 495 800 503 ·
818 484 869 514 οὗ-

67 526 121 558 τὸς
137 528 217 555 ἐστιν
229 530 244 555 6
260 529 322 562 Υίὸς
339 539 389 566 μου
403 532 417 558 6
430 532 580 568 ἀγαπητὸς,
591 534 619 559 ἐν
633 529 655 568 ᾧ
670 533 815 568 ηὐδόκησα-

110 574 199 607 Ἴδες,
216 576 352 612 ἀγαπητὴ
364 578 455 606 πόσων
469 579 517 606 καὶ
531 580 652 615 πηλίκων
665 579 774 615 ἀγαθῶν
788 580 867 616 ἐμέλ-

955 577 1000 605 Vl.
1021 577 1113 612 Vides,
1134 578 1241 611 dilecte,
1261 583 1328 613 quot
1342 583 1369 606 et
1385 585 1548 613 quantorum
1566 579 1698 607 bonorttm

68 619 355 657 λομεψζημιοῦσθαι,
369 626 392 651 εί
406 623 474 658 εἶξεν
490 626 505 652 6
519 626 620 663 Κύριος
633 628 665 662 τῇ
681 627 727 654 τοῦ
747 627 867 655 Ἰωάννου

916 622 1052 658 jacturam
1076 623 1173 651 facturi
1194 623 1359 657 fuissemus,
1382 624 1405 652 si
1426 624 1539 653 Joannis
1556 626 1699 653 munitioni

68 668 267 705 παρακλήσει,
281 671 328 697 καὶ
344 673 521 708 παρῃτήσατο
538 673 568 699 τὸ
585 673 741 709 βάπτισμας
759 674 869 701 Κεκλει-

918 668 1051 697 Dominus
1067 670 1204 703 cessisset,
1225 674 1252 697 et
1266 670 1430 705 baptismum
1446 679 1499 698 non
1516 672 1701 706 suscepisset?

69 713 176 747 σμένοι
191 714 246 751 γὰρ
258 712 326 751 ἦσαν
339 716 391 752 πρὸ
400 716 494 743 τούτου
509 718 533 743 οἰ
544 717 661 753 οὐρανοὶ,
677 717 774 745 ἄϐατον
788 715 822 753 ἦν
838 717 868 744 τὸ

918 713 1009 743 Clausi
1029 715 1101 743 enim
1121 720 1199 743 erant
1218 716 1333 743 antehac
1352 716 1424 748 ct‘eli,
1447 716 1585 744 inaccessa
1602 725 1700 752 supera

67 759 132 786 ἄνω
142 761 257 797 χωρίον.
277 763 319 789 Ἐν
329 764 385 795 τοῖς
397 763 471 790 κάτω
484 764 642 800 κατείημεν,
659 765 687 791 ὲν
702 765 758 797 τοῖς
772 764 827 791 ἄνω
839 765 868 791 δέ

917 762 1001 797 regio.
1017 760 1046 788 In
1067 761 1195 790 inferiora
1211 762 1401 790 descendimus
1418 772 1424 789 :
1443 763 1475 790 ad
1492 763 1634 798 superiora
1651 771 1699 790 au-

67 806 125 833 οὖκ
144 807 281 844 ἀνίειμεν.
295 809 382 836 Μόνον
396 809 424 836 δὲ
445 810 459 837 6
479 810 616 846 Δεσπότης
635 810 801 846 ἐϐαπτίσθης
820 811 868 837 καὶ

917 812 970 835 tem
984 815 1038 835 non
1055 808 1152 835 iterum
1174 808 1356 835 ascendimus.
1372 807 1441 834 Nunt
1459 815 1523 835 vero
1543 808 1631 835 solum
1647 808 1701 835 Do:

66 852 119 879 τὺν
141 853 261 881 παλαιὸν
275 854 416 890 ἄνθρωπον
437 856 615 888 ἀνεκαίνισεν,
634 856 680 883 καὶ
692 856 727 883 τὰ
742 856 868 892 σκῆπτρα

917 855 1008 882 minus
1022 854 1174 889 baptizatus
1185 854 1243 882 est?
1257 859 1283 882 et
1298 858 1416 881 veterem
1432 854 1571 881 hominem
1585 862 1701 882 renova-

67 897 126 932 τῆς
156 899 296 932 υἱοθεσίας
310 886 384 936 αῦτῷ
401 900 480 927 πάλιν
495 886 663 928 ἐπίστευσεν.
685 886 793 933 Εὐθέως
814 886 867 938 γαρ

918 900 967 933 vit,
980 905 1006 927 et
1018 886 1123 934 sceptra
1135 899 1288 935 adoptionis
1297 899 1348 934 ipsi
1359 899 1457 926 iterum
1469 899 1591 927 credidit.
1602 899 1699 927 Statim

71 953 81 968 ε
101 943 288 980 ἠνεῴχθησαν
302 945 376 981 αὑτῷ
396 947 419 973 οἱ
439 946 557 983 οὐρανοί,
573 957 582 974 ι
605 947 739 983 Διαλλαγὴ
756 948 866 983 γέγονεν

917 945 990 974 enim
1008 954 1018 971 ι
1035 945 1121 980 aperti
1141 945 1192 980 ipsi
1216 949 1280 973 sunt
1300 945 1373 973 creti.
1390 955 1400 971 ι
1418 944 1616 973 Reconciliatio
1627 945 1700 973 facta

67 990 128 1016 τῶν
148 991 257 1027 ὁρατῶν
271 991 339 1028 πρὸς
353 992 385 1018 τὰ
399 992 515 1029 ἀόρατα·
532 993 766 1030 ἐχαροποιήθησαν
777 993 811 1020 τὰ
822 994 866 1020 οὒ-

916 996 958 1019 est
972 990 1122 1018 visibilium
1145 998 1205 1018 cum
1229 991 1429 1024 invisibillbus;
1449 991 1574 1019 caelestes
1590 991 1700 1020 ordines

69 1036 160 1069 ρὰνια
176 1037 313 1073 τάγματα,
331 1037 390 1074 ίάθη
406 1039 440 1066 τὰ
453 1039 562 1074 ἐπίγεια
577 1041 726 1076 νοσήματα,
744 1040 864 1076 ἐγνώσθη

916 1036 1015 1073 gaudio
1038 1040 1102 1064 sunt
1117 1035 1238 1072 impleti;
1251 1041 1354 1064 sanatae
1371 1037 1398 1064 in
1413 1037 1494 1064 terris
1508 1031 1698 1073 aegritudines;

67 1082 104 1108 τὰ
128 1082 279 1118 ἀπόρρητα
300 1084 457 1120 πράγματα,
480 1085 609 1121 ἐφιλιώθη
626 1086 660 1113 τὰ
679 1086 863 1122 ἐχθραίνοντα.

915 1090 960 1111 res
982 1082 1148 1110 absconditae
1171 1090 1232 1118 quae
1256 1088 1345 1115 erant,
1371 1083 1511 1118 patefactae
1534 1089 1617 1117 sunt;
1639 1092 1700 1119 qua:

70 1128 199 1161 Ἦκουες
221 1130 275 1165 γὰρ
297 1130 344 1157 τοῦ
365 1131 555 1165 εὐαγγελιστοῦ
575 1132 714 1167 λέγοντος·
732 1142 742 1158 ι
767 1131 865 1167 Ἦνεῲ-

917 1128 1035 1156 hostium
1052 1132 1130 1154 erant
1146 1127 1173 1154 in
1189 1134 1314 1160 numero,
1332 1128 1437 1156 reddita
1449 1127 1524 1156 fuere
1536 1129 1633 1156 amica.
1648 1129 1701 1156 Au-

68 1174 183 1209 χθησαν
199 1175 273 1211 αὑτῷ
290 1177 315 1203 οἱ
328 1177 451 1214 οὐρανοί·
473 1188 483 1204 ι
498 1178 580 1214 τριῶν
601 1179 759 1214 παραδόξων
775 1179 863 1215 χάριν.

915 1173 979 1201 disti
993 1173 1066 1200 enim
1084 1174 1277 1209 evangelistam
1294 1174 1428 1202 dicentem
1442 1184 1450 1202 :
1469 1184 1478 1201 ι
1495 1174 1626 1203 Patefacti
1636 1179 1701 1203 sunt

69 1220 127 1246 Τοῦ
147 1221 205 1256 γὰρ
220 1222 336 1257 νυμφίου
350 1223 467 1259 Χριστοῦ
481 1223 687 1260 βαπτιζομένου,
701 1225 754 1252 ἔδει
766 1226 811 1252 τὸν
822 1226 866 1252 οὺ-

916 1219 967 1254 ipsi
980 1219 1058 1253 caeli;
1077 1229 1086 1245 ι
1106 1219 1141 1247 ob
1156 1220 1208 1247 tria
1232 1220 1289 1248 hzee
1308 1220 1489 1248 admirabilia.
1506 1220 1611 1256 Sponso
1627 1221 1700 1249 enim

70 1268 171 1302 ράνιον
194 1267 315 1304 θάλαμον
336 1271 386 1301 τὰς
411 1270 619 1307 λαμπροφόρους
644 1271 747 1305 ἀνοῖξαι
768 1271 863 1304 πύλας.

914 1264 1024 1293 Christo
1039 1266 1177 1301 baptizato
1192 1266 1335 1301 oportebat
1346 1267 1466 1294 caelestis
1483 1267 1593 1294 thalami
1606 1268 1698 1302 splen-

76 1313 224 1347 Ὡσαύτως
238 1315 266 1342 δὲ
280 1317 326 1343 καὶ
341 1316 387 1343 τοῦ
400 1317 478 1352 ἁγίου
493 1318 649 1353 Πνεῦματος
664 1319 693 1346 ὲν
706 1318 771 1345 εῖδει
787 1327 865 1354 περι-

914 1312 992 1340 didas
1005 1317 1099 1348 portas
1118 1313 1229 1349 aperiri.
1245 1312 1378 1341 Similiter
1398 1318 1425 1341 et
1442 1313 1544 1349 Spiritu
1561 1319 1656 1343 sancto
1672 1315 1700 1342 in

72 1368 119 1386 στε
125 1361 177 1396 ρᾶς
194 1362 341 1394 κατιόντος,
355 1363 401 1390 καὶ
414 1363 463 1399 τῆς
473 1363 604 1400 Πατρῴας
620 1364 710 1400 φωνῆς
728 1363 865 1399 πανταχοῦ

914 1358 1047 1386 columba:
1065 1359 1156 1394 specie
1176 1359 1369 1394 descendente,
1383 1363 1410 1388 et
1423 1359 1511 1388 Patris
1524 1368 1591 1389 voce
1606 1361 1700 1389 omnia

70 1404 300 1442 διαδεδραμένης,
317 1407 371 1434 ἔδει
390 1408 439 1440 τὰς
456 1418 465 1434 ‹
486 1410 661 1445 ἐπουρανίους
675 1409 762 1441 πύλας
777 1410 865 1447 ἐπῃρ-

913 1409 1088 1439 percurrente
1116 1405 1187 1437 loca,
1214 1405 1357 1441 oportebat
1381 1415 1391 1432 ι
1420 1411 1514 1442 portas
1530 1407 1616 1435 attolli
1644 1414 1701 1435 coa-

72 1450 162 1485 μένας
179 1451 321 1487 ὑπάρχειν.
339 1462 348 1479 ι
364 1453 419 1480 Καὶ
434 1453 487 1480 ἰδοὺ
503 1454 678 1490 ἠνεῴχθησαν
696 1454 770 1490 αὐτῷ
784 1456 808 1481 ot
820 1455 865 1481 οὐ·

913 1450 996 1479 lestes
1011 1452 1043 1479 ιο.
1064 1460 1074 1478 ι
1092 1451 1126 1479 Et
1139 1459 1202 1479 ecce
1218 1451 1303 1486 aperti
1316 1456 1380 1479 sunt
1391 1453 1416 1479 ei
1430 1453 1502 1485 coeli,
1519 1457 1546 1480 et
1562 1460 1614 1480 vox
1629 1452 1700 1480 facta

72 1496 164 1530 ρανοὶ,
185 1496 232 1523 καὶ
254 1497 328 1533 φωνὴ
352 1498 468 1532 ἐγένετο,
488 1499 645 1534 λέγουσα”’‹
665 1498 747 1533 Οὗτός
762 1501 835 1528 ἐστιν
849 1501 865 1528 ὸ

913 1501 955 1524 est
969 1497 1082 1524 dicens:
1101 1506 1110 1523 ι
1129 1497 1179 1525 llic
1193 1502 1235 1525 est
1255 1496 1340 1525 Filius
1357 1505 1436 1526 meus
1457 1497 1583 1531 dilectus,
1602 1499 1630 1526 in
1645 1506 1699 1535 quo

71 1540 137 1573 Υἱός
153 1551 208 1577 μου
224 1543 239 1569 ὁ
250 1543 400 1580 ἀγαπητὸς,
415 1545 443 1572 ὲν
457 1541 479 1579 ᾧ
490 1545 636 1581 ηὐδόκησα,
650 1556 660 1572 ι

914 1542 1077 1577 complacui.
1094 1553 1103 1569 ι

113 1574 283 1624 Ἀγαπητὸςῖ
298 1574 407 1626 ἀγαπην
428 1574 519 1627 γεννᾲ,
543 1574 590 1619 καί
613 1592 670 1626 φῶς
694 1592 782 1625 ἇῡλον,
806 1593 863 1628 φῶς

950 1588 1005 1616 Vll.
1026 1589 1139 1616 Amatus
1156 1596 1277 1616 amorem
1295 1593 1415 1624 generat,
1429 1595 1456 1617 et
1470 1589 1517 1617 lux
1533 1590 1699 1618 immateria-

69 1632 225 1667 ἀπρόσιτον
234 1633 297 1669 (78).
313 1643 322 1660 ‹
334 1632 416 1668 Οὗτός
430 1637 502 1663 ἐστιν
515 1637 529 1664 6
540 1637 602 1669 Υίὸς
616 1647 666 1674 μου
675 1639 860 1675 όὰγαπητὺς,›

69 1679 82 1704 6
98 1679 182 1706 κᾶτω
197 1679 338 1715 ἐπιφανεὶς
354 1682 401 1708 καὶ
418 1683 471 1709 τῶν
484 1683 621 1719 Πατρῴων
639 1684 748 1712 κόλπων
764 1686 801 1722 μὴ
812 1695 864 1722 χω-

71 1725 191 1760 ρισθεὶς,
213 1727 343 1763 ἐπεφάνη,
359 1727 408 1754 οὐκ
429 1729 528 1765 ἐφάνη·
545 1729 607 1756 ἄλλο
626 1730 680 1766 γὰρ
695 1730 725 1757 τὸ
738 1731 862 1767 φανῆναι,

71 1771 172 1807 ἐπειδὴ
195 1772 264 1807 πρὸς
285 1773 315 1799 τὸ
329 1773 488 1809 φαινόμενον
500 1776 513 1802 ὁ
530 1775 665 1811 βαπτίζων
676 1776 723 1803 τοῦ
736 1777 862 1813 βαπτιζο-

72 1817 161 1851 μένου
174 1819 297 1854 προέχει.
309 1820 409 1847 Τούτου
420 1821 511 1848 ἕνεκεν
523 1823 536 1849 6
556 1822 650 1859 Πατὴρ
669 1823 814 1859 οὐρανόθεν
833 1824 863 1851 τὸ

71 1863 155 1897 ἆγιον
183 1864 295 1900 Πνεῦμα
321 1866 367 1893 ἐπὶ
387 1867 432 1893 τὸν
456 1867 650 1903 βαπτιζόμενον
678 1869 861 1906 κατέπεμπεν.

72 1909 185 1946 Ὠσπρ
201 1912 256 1947 γὰρ
277 1912 305 1939 ἐν
327 1915 359 1949 τῇ
375 1914 482 1950 κιϐωτῷ
494 1914 540 1941 τοῦ
560 1915 621 1942 Νῶε
636 1916 678 1942 διὰ
701 1918 862 1952 περιστερᾶς

71 1957 238 1993 μηνύεταιή
253 1957 440 1994 φιλανθρωπία
454 1959 500 1986 τοῦ
515 1954 693 1994 omnium;
708 1962 754 1988 καὶ
768 1962 815 1989 νῦν
830 1962 864 1989 τὸ

70 2005 100 2030 ἐν
121 2004 189 2030 εἴδει
212 2005 375 2040 περιστερᾶς
401 2005 537 2033 κατελθὼν
560 2005 682 2042 Πνεῦμα,
703 2007 740 2038 ὼς
759 2008 864 2044 καρπὸν

71 2050 170 2081 ἐλαίας
193 2049 341 2085 βαστάσαν,
365 2051 410 2077 ἐπὶ
430 2051 475 2078 τὸν
493 2052 715 2088 μαρτυρούμενον
733 2053 860 2090 κατέστη.

71 2094 124 2120 Διά
134 2095 180 2127 τί;
196 2095 239 2121 ἵνα
251 2094 298 2121 καὶ
313 2095 361 2130 τῆς
374 2094 507 2131 Πατρῴας
517 2097 608 2132 φωνῆς
628 2097 658 2124 τὸ
673 2097 779 2133 βέϐαιον
795 2107 864 2133 γνω-

72 2140 169 2176 ρισθῇ,
186 2141 234 2167 καὶ
251 2142 268 2176 ἠ
292 2141 445 2177 προφητικὴ
470 2142 620 2179 πρόρρησις
642 2144 674 2170 ἐκ
689 2143 793 2170 πολλῶν
809 2144 863 2172 τῶν

70 2187 181 2222 χῴνων
193 2186 324 2223 πιστωθῇ.
338 2187 405 2214 Ποία
420 2187 506 2223 aiam;
531 2197 540 2214 ‹
553 2188 630 2224 Φωνὴ
642 2189 743 2225 Κυρίου
755 2189 863 2216 ἐπὶτῶν

913 1635 947 1663 lis
962 1635 1050 1663 lucem
1069 1634 1297 1663 inaccessibilem.
1318 1644 1327 1661 ι
1346 1635 1396 1663 Hic
1410 1641 1452 1664 est
1467 1636 1553 1664 Filius
1566 1644 1643 1664 meus
1656 1637 1699 1664 di-

913 1681 1011 1714 lectus,
1030 1690 1039 1706 »
1060 1681 1108 1716 qui
1131 1680 1202 1708 infra
1225 1679 1359 1716 apparuit,
1385 1690 1436 1710 nec
1462 1686 1551 1710 tamen
1574 1690 1590 1709 ιι
1612 1682 1699 1711 Patris

913 1727 974 1754 sinu
990 1727 1041 1754 fuit
1052 1733 1193 1762 separatus
1205 1736 1212 1754 :
1223 1728 1348 1762 apparuit
1358 1733 1385 1755 et
1400 1736 1454 1755 non
1470 1729 1604 1764 apparuit.
1618 1729 1698 1756 Aliud

913 1773 985 1800 enim
1008 1774 1081 1808 quod
1106 1774 1273 1808 apparebat:
1294 1774 1440 1809 siquidem,
1462 1779 1544 1809 prout
1561 1775 1697 1810 apparuit,

912 1819 1056 1854 baptizans
1066 1818 1204 1853 baptizata
1216 1820 1390 1854 praestantior
1401 1819 1462 1847 fuit.
1473 1820 1566 1856 itaque
1574 1820 1654 1848 Pater
1666 1821 1699 1848 de

913 1865 982 1893 coelo
993 1864 1122 1900 Spiritum
1136 1868 1260 1891 sanctum
1272 1865 1300 1891 in
1314 1865 1479 1900 baptizatum
1492 1866 1610 1893 demisit.
1621 1866 1699 1893 Sicut

913 1911 985 1939 enim
1000 1911 1027 1938 in
1042 1917 1104 1938 arca
1115 1910 1171 1937 Noe
1185 1918 1232 1946 per
1246 1911 1403 1938 columbam
1418 1911 1586 1946 signiﬁcatus
1596 1916 1638 1939 est
1650 1911 1697 1940 Dei

913 1957 941 1985 in
964 1957 1091 1984 homines
1115 1964 1209 1989 amor;
1232 1957 1271 1984 sic
1287 1962 1314 1984 et
1331 1965 1404 1985 nunc
1420 1957 1548 1993 Spiritus,
1565 1958 1698 1985 columba:

912 2003 1079 2031 descendens
1098 2003 1197 2039 specie,
1210 2003 1284 2031 velut
1298 2003 1416 2032 fructum
1429 2008 1542 2039 portans
1561 2004 1636 2037 oleae,
1650 2006 1699 2031 'su-

912 2058 962 2085 per
982 2058 1045 2078 eum
1069 2050 1114 2079 cui
1135 2050 1322 2078 testimonium
1349 2050 1542 2085 perhibebatur
1566 2050 1696 2078 substitit.

913 2096 1024 2130 Quare?
1042 2102 1071 2124 ut
1086 2096 1202 2124 Paterna
1218 2096 1300 2123 etiam
1316 2104 1369 2123 vox
1392 2100 1466 2124 certa
1483 2101 1510 2124 et
1531 2096 1612 2123 ﬁrma
1637 2104 1697 2125 esse
1724 2120 1733 2127 ,

913 2147 1060 2176 constaret,
1083 2147 1110 2170 et
1131 2142 1296 2177 prophetica:
1321 2142 1490 2177 prmdictioni
1518 2142 1611 2170 multis
1634 2146 1697 2170 ante
1718 2164 1721 2170 .

914 2189 1080 2223 temporibus
1102 2188 1181 2216 factae
1205 2188 1351 2215 haberetur
1383 2187 1460 2215 ﬁdes.
1486 2188 1615 2221 Quaenam
1634 2189 1697 2215 illa?

72 2233 191 2265 ὑδάτων,
215 2235 229 2260 6
249 2234 314 2266 Θεὺς
336 2235 385 2270 τῆς
399 2234 477 2270 δόξης
499 2235 671 2271 ἐϐρόντησεν,
697 2237 799 2272 Κύριος
815 2238 862 2264 ἐπὶ

916 2244 926 2261 ι
945 2234 1003 2262 Vox
1020 2234 1127 2262 Domini
1140 2242 1221 2269 super
1234 2241 1330 2269 aquas,
1347 2233 1418 2262 Deus
1433 2234 1524 2269 gloriae
1536 2234 1633 2268 tonuit,
1648 2234 1697 2262 Do-

73 2280 181 2306 ὖδὰτων
196 2279 310 2306 πολλῶν.
331 2290 339 2306 ι
358 2279 426 2306 Ποία
441 2281 534 2316 φωνή;
556 2290 565 2306 ι
580 2278 663 2312 Οὗτός
679 2282 752 2309 ἐστιν
767 2283 781 2309 6
796 2283 860 2314 Υἱός

73 2333 126 2361 μω
143 2325 159 2350 6
175 2325 323 2360 ἀγαπητὸς,
339 2326 367 2351 ὲν
379 2322 401 2359 ᾧ
414 2326 560 2362 ηὐδόκησα.
581 2336 591 2352 ι
606 2322 689 2359 Οὗτός
703 2328 776 2354 ἐστιν
789 2328 803 2354 6
813 2327 859 2354 τοῦ

80 2371 182 2405 Ἰωσὴφ
198 2371 394 2407 ὀνομαζόμενος
407 2372 473 2404 υίὸς,
488 2373 534 2399 καὶ
550 2372 614 2407 ἐμὸς
623 2372 775 2409 Μονογενὴς
790 2373 859 2400 κατὰ

73 2418 125 2452 τὴν
140 2416 233 2452 θεῖκὴν
243 2417 345 2444 οὐσίαν.
361 2427 370 2442 ι
385 2414 468 2449 Οὗτός
482 2418 554 2444 ἐστιν
566 2419 580 2444 6
592 2418 655 2450 Υιός
668 2427 718 2454 μου
728 2420 742 2445 ὁ
756 2419 859 2454 ἀγαπη-

73 2463 137 2494 τός·
161 2472 171 2489 ι
187 2464 202 2489 6
217 2463 325 2496 πεινῶν,
341 2463 387 2490 καὶ
402 2463 508 2499 τρέφων
526 2463 667 2499 μυριάδας·
687 2464 735 2491 καὶ
745 2464 857 2497 κοπιῶν,

75 2509 123 2535 καὶ
137 2502 284 2535 ἀναπαύων
297 2510 359 2542 τοὺς
374 2510 541 2541 κοπιῶνταςσ
562 2511 575 2536 6
597 2509 634 2546 μὴ
653 2509 722 2545 ἔχων
738 2510 789 2537 ποῦ
810 2510 859 2546 τὴν

75 2555 198 2590 κεφαλὴν
212 2555 309 2588 κλῖναι,
324 2556 370 2582 καὶ
388 2555 475 2582 πάντα
492 2556 520 2582 ὲν
536 2556 570 2591 τῇ
583 2556 655 2592 χειρὶ
672 2555 812 2591 βαστάζων
822 2564 828 2571 ·
845 2557 860 2583 6

75 2602 200 2637 πάσχων,
209 2601 295 2628 καὶτὰ
302 2602 375 2638 πάθη
386 2602 506 2638 ἰώμενος·
515 2604 529 2629 6
538 2602 726 2638 ραπιζόμενος,
735 2603 782 2629 καὶ
789 2602 860 2629 ἐλευ-

74 2648 102 2675 Θε
106 2649 168 2684 ρίαν
182 2647 220 2683 τῷ
230 2648 321 2684 κόσμῳ
331 2647 497 2684 δωρούμενος
510 2648 575 2684 (79)’
585 2650 599 2676 6
608 2648 657 2684 τὴν
668 2648 786 2684 πλευρὰν
796 2657 859 2675 νυτ-

110 2719 121 2734 ⁸
140 2717 238 2746 Matth.
252 2727 293 2751 Ill,
313 2718 356 2750 i6,
375 2719 418 2746 Π.

109 2774 168 2808 (78)
187 2773 249 2806 Φῶς
263 2774 362 2811 dolor
375 2774 466 2811 γεννᾷ
485 2775 548 2810 φῶς
567 2776 739 2810 ἀπρόσιτον.
762 2776 857 2809 Filius,

77 2820 87 2836 ι
106 2810 198 2847 lumen
211 2810 243 2837 de
261 2810 361 2847 lumine
376 2820 385 2836 ›
401 2810 490 2847 dictus
501 2812 588 2847 etiam
606 2812 640 2839 ab
656 2811 798 2847 Hippolyto
812 2820 859 2838 su-

75 2846 179 2888 pf'riu's.
187 2853 248 2888 crap.
265 2845 297 2872 10
311 2845 539 2888 coritrq‘Noetum.
550 2846 610 2879 Φῶς
611 2845 767 2888 3336:1109
777 2847 860 2882 respi-

76 2881 156 2907 citad
171 2879 263 2908 lTim.
280 2887 316 2914 Vt,
333 2880 372 2908 16.
394 2881 502 2909 Faenio.

912 2281 1003 2308 minus
1020 2288 1100 2316 super
1110 2288 1196 2316 aquas
1209 2280 1308 2307 multas
1319 2280 1366 2306 “.i
1381 2280 1511 2313 Quaenam
1536 2280 1608 2308 vox?
1625 2289 1634 2306 ‹
1646 2279 1696 2308 Hie

913 2332 955 2355 est
968 2326 1053 2354 Filius
1074 2334 1150 2354 meus
1172 2326 1298 2360 dilectus,
1322 2327 1348 2353 in
1365 2334 1421 2361 quo
1444 2326 1604 2361 romplacui.
1621 2336 1631 2352 ι
1646 2325 1695 2353 Hic

911 2377 952 2401 est
973 2372 1019 2407 qui
1043 2372 1153 2407 Josephi
1170 2373 1329 2399 nominatus
1343 2377 1385 2399 est
1400 2372 1484 2404 ﬁlius,
1511 2377 1538 2399 et
1558 2380 1636 2400 metts
1654 2377 1696 2399 est

912 2419 1073 2455 Unigenitus
1086 2418 1235 2446 secundum
1253 2418 1372 2445 divinam
1386 2419 1544 2447 essentiam.
1565 2428 1575 2444 ι
1591 2417 1639 2446 Hic
1654 2423 1696 2445 est

911 2463 996 2491 Filius
1013 2470 1091 2491 meus
1105 2462 1239 2490 dilectus:
1258 2472 1268 2489 ι
1286 2463 1411 2490 esuriens
1429 2463 1473 2490 ille
1488 2463 1535 2498 qui
1552 2463 1695 2490 innumera

911 2510 959 2537 alit
971 2509 1070 2542 millia;
1082 2509 1221 2542 laborans,
1240 2508 1367 2543 idemque
1381 2516 1506 2536 recreans
1522 2509 1693 2540 laborantes;
1724 2527 1726 2531 ι

912 2563 966 2583 ηοιι
993 2555 1095 2582 habens
1115 2555 1161 2582 ubi
1185 2559 1267 2589 caput
1289 2554 1401 2582 reclinet
1421 2562 1500 2582 suum
1517 2555 1549 2588 ¹¹,
1563 2559 1589 2582 et
1604 2555 1694 2582 omnia

912 2609 1008 2637 gerens
1032 2609 1133 2634 manu;
1158 2600 1206 2635 qui
1222 2600 1340 2635 patitur,
1370 2605 1397 2628 et
1423 2601 1549 2628 omnibus
1573 2601 1696 2628 medetur

913 2648 1101 2683 passionibus;
1120 2647 1167 2682 qui
1182 2647 1294 2675 auditur
1312 2647 1447 2683 colaphis,
1467 2651 1493 2675 et
1506 2647 1638 2674 mundum
1648 2647 1694 2674 do‘

455 2719 477 2735 ¹⁰
491 2718 562 2746 Psal.
579 2726 657 2753 χχιιι,
671 2719 697 2746 7;
735 2720 756 2735 ¹¹
769 2719 841 2747 Psal.
859 2727 956 2753 xxvnr,
971 2719 998 2747 ’5.
1037 2720 1059 2736 ι’
1071 2719 1138 2746 Luc.
1152 2726 1190 2751 ιι,
1206 2718 1233 2746 5.

944 2776 1000 2811 (79)
1026 2776 1053 2802 '0
1061 2775 1268 2810 ραπιζόμενος,
1287 2777 1337 2811 καί
1350 2773 1522 2811 ἐλευθερίαν
1537 2773 1577 2807 τῷ
1591 2774 1694 2808 κόσμῳ

907 2811 1102 2846 δωρούμενος.
1119 2811 1221 2838 Alludit
1235 2812 1279 2838 hic
1293 2810 1452 2846 Hippolytus
1466 2810 1498 2837 ad
1514 2817 1615 2837 morem
1634 2817 1693 2836 ma-

908 2840 1070 2874 nuinitt’endi
1081 2840 1185 2875 ‘servos
1199 2854 1246 2882 per
1260 2840 1376 2881 alapam.
1390 2840 1427 2872 in.
