3882 6332
538 345 640 401 859
1203 335 1261 392 S.
1304 332 1663 391 HIPPOLYTI
1699 333 1844 394 OPP.
1887 331 2065 388 PARS
2100 329 2168 388 II.

2204 360 2275 369 —
2313 326 2618 384 noenu.
2659 325 2748 381 ET
2784 303 3129 381 msromc.’
3601 325 3683 380 sse

540 469 634 515 nat
655 458 905 513 libertate
925 454 1004 518 ⁸⁸;
1032 451 1126 523 qui
1150 452 1205 506 in
1240 451 1408 506 latere
1447 449 1748 521 percutitur
1772 448 1837 518 ιδ,
1870 458 1925 504 et
1952 448 2096 503 latus

2211 443 2432 515 τόμενος,
2450 443 2544 498 καὶ
2555 442 2648 514 τὴν
2668 442 2798 497 πλευ
2807 439 2903 514 ράν
2923 439 3018 494 τοῦ
3046 438 3210 510 ’Δδάμ
3224 438 3568 510 διορθούμενος
3581 440 3687 512 (80).

541 552 651 606 Ada
661 551 729 604 mi
763 546 984 616 corrigit
1000 545 1064 598 ι’.

616 637 752 694 VIII.
792 635 899 691 Sed
945 643 1203 699 mentem,
1241 648 1449 703 quaeso,
1476 633 1612 686 mihi
1643 636 1893 688 accurate
1927 628 2102 683 inten~

546 730 657 784 dite
687 747 700 784 :
728 729 854 784 volo
887 728 1032 783 enim
1070 740 1349 782 recurrere
1378 727 1445 780 ad
1475 723 1674 779 fontem
1707 724 1852 785 vitae,
1883 728 1938 775 et
1977 719 2102 773 fon-

543 831 652 877 tem
688 819 925 875 medelas
966 819 1350 874 scaturientem
1395 814 1768 884 contemplari.
1811 811 1969 866 Pater
2001 810 2104 863 im-

546 912 890 969 mortaiitatis
916 910 1280 965 immortalem
1309 906 1504 961 Filium
1532 923 1596 960 ac
1618 904 1853 959 Verbum
1877 903 1932 957 in
1955 917 2104 954 mun-

542 1007 673 1060 dum
704 1003 870 1070 misit,
905 1002 1000 1072 qui
1032 1001 1180 1055 venit
1213 1000 1280 1055 ad
1321 999 1568 1054 homines
1605 999 1819 1052 loturus
1846 1012 1940 1051 eos
1963 1009 2102 1064 aqua

544 1105 599 1150 et
624 1093 826 1163 Spiritu
863 1112 877 1147 :
907 1102 959 1147 et
988 1101 1400 1163 regeneralurus
1434 1089 1501 1144 ad
1534 1089 1729 1143 animae
1754 1086 2103 1156 corporisque

549 1183 1131 1254 incorruptibilitatem,
1163 1180 1446 1251 inspiravit
1469 1179 1524 1233 in
1554 1195 1654 1234 nos
1683 1179 1933 1248 spiritum
1961 1176 2101 1241 vitm,

547 1282 604 1328 et
648 1271 1048 1342 incorruptibili
1107 1281 1378 1326 armatura
1428 1286 1529 1325 nos
1584 1269 1775 1325 induit.
1835 1268 1890 1322 Si
1944 1267 2106 1337 igitur

548 1364 711 1418 homo
739 1362 914 1418 factus
957 1362 1281 1416 immortalis
1318 1370 1420 1427 est,
1462 1361 1604 1415 Deus
1629 1361 1790 1415 etiam
1815 1359 1919 1413 erit
1944 1358 2007 1410 ”.
2045 1357 2104 1410 Si

443 1479 450 1485 -
545 1469 676 1509 vero
715 1469 810 1524 per
851 1469 1047 1522 aquam
1093 1462 1149 1507 et
1181 1450 1442 1522 Spiritum
1477 1461 1723 1507 sanctum
1754 1466 1784 1504 a
1818 1463 2104 1519 regenera-

550 1544 698 1598 tione
734 1558 801 1597 ex
830 1543 1044 1597 lavacro
1090 1541 1233 1597 Deus
1274 1541 1352 1604 lit,
1401 1539 1730 1611 comperitur
1772 1539 1934 1594 etiam
1985 1547 2108 1606 post

548 1635 1000 1690 resurrectionem
1043 1648 1075 1688 e
1117 1634 1348 1688 mortuis
1386 1633 1624 1688 cobmres
1667 1630 1872 1686 Christi
1904 1632 2103 1686 esse”.

548 1726 715 1794 Igitur
739 1725 1003 1796 praeconis
1032 1740 1166 1779 voce
1191 1725 1468 1795 proclamo
1502 1743 1516 1779 :
1548 1723 1760 1788 Venite,
1795 1738 1984 1778 omnes
2004 1724 2104 1777 tri-

678 1791 939 1884 gentium,
969 1814 1035 1868 ad
1061 1791 1403 1883 baptismatis
1426 1813 1904 1868 immortalitatem.
1930 1812 2106 1868 Vitam
2137 1791 2179 1845 Β

553 1907 707 1961 vobis
737 1907 828 1977 qui
857 1907 913 1960 in
938 1905 1254 1977 ignorantiae
1281 1908 1512 1978 caligine
1535 1907 1732 1962 versati
1755 1906 1932 1961 adhuc
1954 1907 2105 1972 estis,

551 1996 731 2050 fausto
757 1997 1002 2066 signiﬁco
1029 1998 1242 2051 nuntio.
1269 1995 1461 2051 Venite
1490 2011 1555 2050 ex
1586 1995 1845 2051 servitute
1875 1997 1927 2050 in
1949 1997 2110 2050 liber-

552 2097 738 2152 tatem,
769 2103 836 2142 ex
873 2089 1158 2158 tyrannide
1192 2089 1257 2143 ad
1288 2103 1534 2158 regnum,
1559 2103 1626 2143 ex
1662 2086 2008 2156 corruptione
2042 2087 2110 2141 ad

551 2179 1142 2250 lncorruptibilitatem.
1175 2179 1242 2233 Et
1266 2180 1560 2250 quomodo,
1581 2179 1777 2249 inquit,
1799 2178 2111 2233 veniemus?
2165 2223 2171 2231 .

549 2270 868 2336 Quomodo?
909 2271 1012 2328 Per
1052 2287 1250 2342 aquam
1296 2282 1351 2327 et
1396 2272 1658 2342 Spiritum
1691 2281 1961 2327 sanctum.
1989 2269 2114 2326 Haec

550 2370 636 2416 est
664 2379 803 2432 aqua
832 2377 956 2418 cum
985 2363 1189 2434 Spiritu
1220 2363 1532 2433 conjuncta,
1581 2378 1688 2434 qua
1721 2363 2004 2433 paradisus
2034 2364 2111 2417 ri-

551 2463 729 2525 gatur,
780 2464 924 2510 terra
977 2457 1301 2527 pinguescit,
1342 2457 1738 2512 incrementum
1780 2457 1976 2527 plantae
2021 2472 2113 2512 ca-

555 2545 729 2614 piunt,
760 2556 1020 2616 generant
1050 2547 1337 2614 animalia;
1373 2555 1536 2616 atque
1559 2555 1619 2602 ut
1650 2547 1831 2600 omnia
1855 2562 2112 2617 compen-

554 2633 647 2688 dio
675 2634 990 2703 amplectar,
1028 2650 1124 2703 per
1160 2651 1324 2705 quam
1356 2643 1703 2706 regeneratus
1736 2635 1900 2690 homo
1939 2636 2114 2689 viviti-

553 2732 729 2792 catur,
754 2741 860 2795 qua
889 2725 1138 2781 Christus
1163 2726 1582 2796 baptizatusest,
1613 2727 1667 2780 in
1689 2740 1851 2796 quam
1882 2723 2114 2795 Spiritus

555 2825 777 2872 sanctus
805 2816 1070 2873 columba:
1099 2819 1278 2887 specie
1303 2817 1602 2874 descendit.

626 2998 718 3054 IX.
758 2998 859 3055 Hic
891 3008 974 3055 est
1002 3000 1239 3070 Spiritus
1263 3001 1358 3072 qui
1384 3001 1452 3057 ab
1485 3000 1643 3058 initio
1677 3020 1697 3054 ι
1734 3000 2006 3058 ferebatur
2029 3019 2118 3059 su-

558 3106 654 3161 per
693 3105 863 3159 aquas
888 3091 961 3157 “;
999 3109 1017 3142 ι
1057 3107 1151 3160 per
1179 3107 1339 3160 quem
1372 3093 1607 3148 mundus
1633 3102 1898 3158 movetur,
1924 3106 2116 3150 natura
2143 3132 2184 3190 C

559 3189 740 3235 creata
779 3181 1048 3245 consistit,
1086 3190 1140 3235 et
1163 3183 1348 3237 omnia
1381 3183 1550 3237 vitam
1593 3184 1900 3256 accipiunt;
1933 3187 2026 3255 qui
2055 3187 2110 3242 in

558 3273 837 3342 prophetis
886 3281 1142 3343 operatus
1165 3283 1250 3328 est
1271 3277 1337 3341 υ,
1369 3274 1425 3329 in
1456 3275 1732 3332 Christum
1755 3278 2022 3333 devolavit
2045 3279 2111 3333 π.

560 3363 661 3420 llic
707 3374 790 3419 est
836 3364 1070 3436 Spiritus
1111 3367 1290 3435 specie
1322 3367 1627 3436 linguarum
1654 3369 1931 3439 ignearum
1961 3370 2118 3426 datus

555 3458 817 3527 apostolis
837 3459 902 3512 “.
937 3457 1092 3513 lIunc
1116 3459 1391 3528 quaerebat
1415 3458 1583 3514 David
1613 3476 1734 3538 cum
1766 3461 1902 3516 dixit
1929 3479 1943 3515 :
1969 3481 1986 3514 ι
2011 3462 2118 3518 Cor

559 3549 825 3603 mundum
861 3565 982 3604 crea
1020 3550 1072 3602 in
1103 3548 1385 3615 me,Deus,
1429 3563 1482 3606 et
1508 3551 1756 3621 spiritum
1790 3565 1996 3609 rectum
2036 3554 2118 3608 in-

559 3652 698 3692 nova
725 3637 780 3691 in
808 3635 1106 3691 visceribus
1135 3637 1272 3691 meis
1293 3638 1358 3690 ³⁸.
1381 3657 1399 3689 ι
1434 3636 1510 3693 De
1539 3639 1642 3694 hoc
1668 3638 1884 3696 Gabriel
1912 3641 1979 3696 ad
2005 3640 2118 3696 Vir-

561 3728 738 3799 ginem
767 3747 781 3782 :
816 3745 835 3781 ι
872 3727 1106 3798 Spiritus
1129 3738 1353 3784 sanctus
1382 3733 1721 3800 superveniet
1750 3732 1804 3786 in
1832 3743 1902 3801 te,
1932 3742 1985 3788 et
2003 3733 2118 3788 vir-

563 3831 651 3876 tus
676 3820 943 3876 Altissimi
978 3819 1328 3876 obumbrabit
1355 3821 1452 3875 tibi
1469 3823 1536 3877 ³³.
1570 3841 1590 3875 ι
1632 3822 1735 3878 Per
1774 3825 1918 3880 hunc
1949 3823 2118 3895 Spiri-

561 3923 674 3968 tum
697 3912 891 3968 Petrus
914 3913 1127 3968 beatam
1153 3914 1300 3968 illam
1332 3929 1520 3968 vocem
1539 3914 1731 3971 eﬂatus
1752 3925 1833 3972 est
1859 3935 1872 3970 :
1909 3935 1928 3969 ι
1953 3916 2034 3971 Tu
2057 3933 2116 3973 es

557 4003 810 4059 Christus
866 4003 1038 4060 Filius
1063 4003 1159 4059 Dei
1185 4005 1413 4062 viventis
1434 4007 1498 4060 ".
1526 4025 1544 4059 ι
1567 4005 1669 4062 Per
1693 4009 1836 4064 hunc
1856 4006 2116 4078 Spiritum

559 4097 769 4150 firmata
797 4095 1050 4151 Ecclesiae
1085 4105 1234 4165 petra
1263 4107 1347 4153 est
1368 4099 1432 4152 ³⁸.
1462 4097 1561 4154 ilic
1580 4109 1662 4153 est
1690 4097 1923 4170 Spiritus
1951 4099 2118 4155 Para-

558 4187 730 4242 cletus
751 4197 968 4256 propter
998 4196 1050 4243 te
1082 4189 1281 4245 missus
1321 4191 1388 4256 “,
1428 4197 1487 4245 ut
1513 4181 1908 4248 demonstraret
1943 4191 2116 4247 ﬁlium

559 4289 612 4336 te
633 4293 753 4334 esse
783 4278 898 4334 Dei.

630 4459 699 4515 Χ.
740 4460 947 4516 Accede
972 4461 1135 4531 igitur
1163 4469 1216 4516 et
1247 4475 1586 4530 regenerare,
1619 4476 1652 4516 ο
1682 4461 1864 4528 homo,
1889 4463 1955 4517 ad
1980 4463 2113 4518 ado-
2142 4459 2188 4514 D

559 4551 800 4621 ptionem
831 4552 885 4605 in
917 4552 1086 4606 [ilium
1113 4550 1228 4606 Dei.
1262 4550 1326 4605 Et
1354 4552 1662 4621 quomodo?
1690 4552 1885 4622 inquit.
1918 4553 1975 4607 Si
2002 4568 2112 4608 non

561 4642 885 4697 adulterium
913 4659 1012 4698 nec
1034 4643 1233 4698 caedem
1265 4643 1606 4699 commiseris
1624 4644 1691 4708 ³⁷,
1722 4658 1824 4699 nec
1855 4644 2003 4698 idola
2026 4659 2120 4699 co-

561 4735 756 4801 lueris;
783 4736 828 4790 si
852 4750 960 4789 non
983 4736 1218 4791 vincaris
1243 4753 1271 4790 a
1299 4736 1590 4806 voluptate,
1615 4737 1659 4791 si
1683 4751 1792 4791 non
1816 4737 2122 4792 committas

561 4836 622 4883 ut
646 4827 869 4882 ali‘ectus
890 4829 1153 4898 superbiae
1178 4830 1273 4884 tibi
1301 4830 1643 4897 dominetur;
1669 4831 1714 4884 si
1739 4829 1925 4884 sordes
1949 4827 2122 4898 impu-

560 4919 735 4974 ritatis
781 4919 1080 4990 abstergas,
1128 4930 1183 4976 et
1227 4937 1366 4977 onus
1392 4923 1599 4992 peccati
1633 4938 1664 4977 a
1699 4931 1749 4977 te
1782 4921 2038 4992 abjicias;
2074 4922 2122 4976 si

558 5026 729 5066 exuas
768 5021 1098 5066 armaturam
1144 5013 1344 5068 diaboli
1384 5023 1438 5069 et
1480 5014 1674 5069 induas
1711 5014 1832 5068 ﬁdei
1870 5013 2115 5078 loricam,

561 5104 704 5159 sicut
747 5103 917 5159 Isaias
948 5122 963 5160 :
1001 5121 1019 5156 ι
1052 5103 1354 5172 Lavamini,
1383 5106 1578 5175 inquit,
1621 5115 1676 5161 et
1720 5106 1945 5176 quaerite
1969 5105 2116 5175 judi-

561 5198 730 5262 cium,
761 5196 955 5266 eripite
983 5211 1327 5267 Oppressum,
1351 5198 1593 5268 judicate
1632 5199 1899 5269 orphano,
1934 5195 2112 5251 absol-

633 5309 678 5341 ⁸³
707 5307 840 5363 Heb.
867 5324 905 5372 ι,
928 5311 981 5364 5.
1061 5309 1104 5342 ⁸⁸
1132 5307 1319 5366 Matth.
1353 5327 1499 5371 τινι,
1533 5307 1620 5363 67.
1699 5309 1740 5339 "
1763 5307 1917 5362 Joan.
1954 5321 2070 5369 ιιι,
2092 5303 2178 5358 ³54.

563 5382 605 5413 ¹⁹
631 5379 750 5434 Act.
781 5394 968 5445 xxvut,
999 5380 1089 5434 25.
1167 5381 1210 5412 ³ο
1235 5381 1426 5435 Matth.
1465 5396 1546 5444 ιιι,
1580 5379 1665 5431 I6.
1741 5379 1784 5410 ²¹
1820 5378 1937 5431 Act.
1970 5393 2027 5440 ιι,
2058 5373 2110 5445 5.

562 5451 606 5483 ³⁸
634 5449 767 5504 Ibid.
808 5449 898 5504 18.
957 5444 1018 5483 ί²⁶
1063 5448 1220 5506 Joan.
1276 5466 1387 5515 xvr,
1432 5450 1523 5504 26.
1598 5450 1639 5480 ¹⁷
1670 5447 1865 5517 Ephes.
1913 5461 1986 5510 vt,
2023 5444 2114 5499 14.

635 5564 746 5634 (80)
789 5566 908 5645 Τὴν
951 5566 1218 5645 πλευρρ
1251 5564 1379 5645 τοῦ.
1399 5563 1569 5645 ᾈόὰμ
1593 5555 2116 5645 διορθούμενος.ἐά

568 5627 671 5715 est,
707 5627 984 5715 peccatum
1029 5627 1126 5706 per
1156 5636 1321 5715 Eva-tn
1367 5627 1754 5715 introductum,
1789 5627 1910 5700 quae
1941 5643 2005 5682 ex
2039 5627 2117 5680 la-

573 5711 686 5758 tere
710 5701 906 5758 Adami
935 5701 1162 5761 formata
1195 5722 1225 5760 a
1260 5705 1366 5760 Deo
1397 5703 1587 5758 fuerat.
1620 5701 1834 5755 heare.

649 5773 760 5842 ι81)
799 5776 1003 5829 Ἔσται
1029 5777 1127 5831 καὶ
1163 5779 1322 5842 Θεός.
1351 5774 1431 5830 Ad
1465 5773 1592 5829 illud
1622 5771 1842 5840 respicit
1864 5767 1903 5821 ll
1935 5766 2046 5822 Pet.
2081 5782 2119 5834 ι,

2279 619 2439 674 Ἀλλὰ
2479 619 2786 675 συντείνατέ
2833 637 2920 690 μοι
2948 619 3040 673 τὸν
3083 617 3224 683 νοῦν,
3255 617 3552 689 παρακαλῶ,
3583 621 3692 690 μετὰ

2198 711 2507 783 ἀκριϐείας·
2559 711 2814 783 βούλομαι
2837 711 2962 781 ,γὰρ
2996 712 3086 763 ἐπὶ
3121 709 3217 781 τὴν
3249 711 3420 781 πηγὴν
3461 711 3549 781 τῆς
3579 710 3695 783 ζωῆς

2149 828 2152 832 ’
2197 802 2544 874 ἀναδραμεῖν,
2579 803 2674 856 καὶ
2701 802 2992 857 θεάσασθαι
3025 803 3122 875 τὴν
3160 801 3336 872 πηγὴν
3367 802 3465 854 τῶν
3497 803 3696 873 ἰαμάτων

2199 890 2567 961 πηγάζουσαν.
2608 890 2665 944 'O
2693 891 2790 961 τῆς
2815 891 3109 954 ἀθανασίας
3139 892 3343 962 Πατὴρ,
3367 891 3450 944 τὸν
3480 891 3697 946 ἀθάνατον

2200 981 2325 1035 Υἱὸν
2346 983 2438 1035 καὶ
2457 982 2627 1050 Λόγον
2652 982 2964 1036 ἀπέστειλεν
2988 986 3066 1046 εἰς
3092 983 3183 1036 τὸν
3213 983 3406 1053 κόσμον
3423 999 3435 1012 ·
3469 982 3523 1046 ὃς
3548 983 3701 1051 astua-

2204 1091 2363 1146 μενος
2395 1077 2474 1138 είς
2507 1075 2596 1128 τὸν
2626 1074 2927 1146 ἄνθρωπον,
2967 1075 3256 1129 λούσασθαι
3290 1075 3432 1128 ῦδατι
3462 1077 3545 1128 καὶ
3566 1076 3700 1128 Πνεύ-

2204 1182 2331 1234 ματι
2347 1181 2361 1194 ·
2391 1164 2483 1216 καὶ
2504 1165 2872 1235 ἀναγεννήσας
2892 1166 3026 1236 πρὸς
3045 1165 3346 1237 ἀφθαρσίαν
3369 1165 3531 1236 ψυχῆς
3556 1183 3606 1220 τε
3629 1168 3703 1239 καί

2204 1254 2467 1325 σώματος,
2498 1255 2822 1327 ἐνεφύσησεν
2847 1258 2976 1326 ἡμῖν
2999 1256 3213 1326 πνεῦμα
3234 1255 3391 1325 ζωῆς,
3417 1257 3703 1327 περιαμφιά-

2203 1345 2471 1413 σαςήμᾶς
2490 1343 2747 1415 ἀφθάρτῳ
2779 1343 3068 1414 πανοπλία.
3102 1345 3164 1397 Εἰ
3193 1340 3284 1397 οὖν
3315 1344 3555 1407 ἀθάνατος
3579 1345 3705 1412 γέγο-

2203 1450 2290 1487 νεν
2318 1434 2346 1485 ὁ
2376 1433 2674 1503 ἄνθρωπος,
2717 1432 2867 1489 ἐσται
2907 1434 3002 1485 καὶ
3029 1433 3158 1496 Θεός
3357 1433 3416 1485 Ei
3451 1433 3501 1486 δὲ
3525 1433 3635 1497 Θεὸς
3654 1434 3703 1485 δι’

2206 1523 2395 1586 ὓδατος
2427 1523 2520 1576 καὶ
2552 1522 2862 1593 Πνεύματος
2889 1522 3044 1590 ἁγίου
3077 1521 3215 1593 μετά
3243 1521 3338 1592 τὴν
3366 1521 3458 1590 τῆς
3483 1521 3705 1591 κολυμϐή-

2207 1615 2338 1687 θρας
2371 1614 2722 1684 ἀναγέννησιν
2752 1613 2978 1683 γίνεται,
3010 1614 3320 1684 εὑρίσκεται
3352 1613 3443 1665 καὶ
3463 1611 3707 1682 συγκληρο-

2205 1706 2366 1776 νόμος
2402 1704 2634 1776 Χριστοῦ
2675 1705 2812 1775 μετά
2842 1704 2936 1776 τὴν
2971 1707 3034 1758 ὲκ
3065 1703 3273 1775 νεκρῶν
3308 1702 3598 1757 ἀνάστασιν.
3638 1701 3706 1754 Διὸ

2191 1796 2462 1868 ’κηρύσσω
2491 1796 2682 1864 λέγων·
2713 1795 2897 1863 Δεῦτε,
2930 1798 3100 1849 πᾶσαι
3131 1798 3189 1848 αἱ
3216 1796 3437 1866 πατριαὶ⁸
3456 1790 3708 1854 meets»,

2206 1889 2296 1942 ἐπὶ
2321 1887 2418 1959 τὴν
2437 1887 2525 1940 τοῦ
2554 1888 2920 1959 βαπτίσματος
2949 1888 3265 1942 ἀθανασίαν.
3296 1886 3440 1956 Ζωὴν
3460 1886 3572 1954 ὑμῖν
3593 1886 3708 1952 elav-

2206 1978 2506 2050 γελίζομαι,
2537 1982 2649 2042 τοῖς
2692 1981 2748 2032 ὲν
2786 1979 2862 2049 τῷ
2893 1978 3038 2048 ζόφῳ
3074 1979 3173 2048 τῆς
3204 1977 3471 2046 ἀγνωσίας
3497 1975 3710 2044 avem?!-

2207 2070 2410 2124 ϐουσιν.
2442 2071 2605 2124 Δεῦτε
2636 2073 2716 2134 είς
2757 2070 3064 2142 ἐλευθερίαν
3103 2071 3168 2123 ὲκ
3211 2069 3470 2132 δουλείας,
3503 2070 3570 2130 εἰς
3597 2067 3710 2136 βασι.

2207 2161 2355 2216 λείαν
2393 2163 2457 2215 ὲκ
2499 2162 2829 2233 τυραννίδος,
2863 2163 2941 2226 είς
2978 2161 3285 2232 ἀφθαρσίαν
3325 2163 3387 2213 ὲκ
3416 2161 3506 2230 τῆς
3531 2159 3707 2229 φθορᾶς.

2209 2254 2319 2307 Καὶ
2346 2253 2482 2319 πῶς,
2512 2255 2696 2324 φησὶν,
2736 2252 3098 2324 ὲλευσόμεθα;
3140 2253 3303 2318 Πῶς;
3349 2253 3424 2304 Δι’
3458 2251 3620 2310 ὓδατος
3643 2250 3710 2302 καὶ

2211 2345 2362 2415 ἁγίου
2390 2346 2719 2416 Πνεύματος.
2753 2344 2923 2398 Τοῦτο
2949 2343 3004 2397 δέ
3035 2347 3177 2398 ἐστιν
3221 2343 3284 2396 τὸ
3327 2342 3466 2412 ὕδωρ
3501 2342 3555 2392 τὸ
3585 2337 3712 2392 Ilvati-

2215 2453 2341 2506 ματι
2372 2435 2678 2500 κοινωνοῦν,
2708 2435 2775 2488 δι’
2798 2427 2858 2490 οῦ
2886 2434 3206 2508 παράδεισος
3241 2432 3526 2497 ποτίζεται,
3552 2431 3608 2483 δι’
3628 2425 3711 2499 οὖὴ

2211 2523 2284 2593 γῆ
2316 2524 2606 2588 πιαίνεται,
2635 2525 2700 2578 δι’
2732 2519 2793 2578 οῦ
2832 2524 2994 2593 φυτὸν
3019 2523 3198 2588 αῦξει,
3243 2522 3310 2576 δι’
3338 2518 3396 2574 οὗ
3437 2522 3540 2586 ζῶα
3575 2536 3714 2572 τεκνο-

2211 2616 2357 2683 γονεῐ
2373 2630 2386 2645 ·
2417 2615 2510 2666 καὶ
2536 2614 2622 2666 ἵνα
2651 2612 2826 2666 πάντα
2853 2610 3082 2665 συνελὼν
3105 2611 3266 2673 εἴπω,
3305 2609 3370 2662 δι’
3391 2604 3448 2662 οῦ
3475 2605 3714 2674 ἀναγιγνώ-

2217 2723 2373 2777 μενος
2421 2705 2762 2773 ζωογονεῖται
2811 2701 3112 2774 ἅνθρωπος,
3161 2702 3220 2754 ὲν
3349 2699 3439 2753 καὶ
3475 2700 3510 2764 ὁ⁴
3534 2695 3714 2767 Χριστὸς

2214 2797 2544 2852 ἐϐαπτίσατο
2562 2837 2577 2862 ,
2611 2798 2668 2849 ὲν
2693 2788 2736 2864 ᾧ
2767 2794 2859 2849 καὶ
2887 2795 2946 2848 τὸ
2979 2792 3198 2864 Πνεῦμα
3239 2794 3532 2863 κατήρχετο
3553 2792 3600 2842 ὲν
3621 2786 3714 2839 εῖδει

2216 2890 2560 2964 περιστερᾶς.

2287 2983 2457 3036 Τοῦτο
2477 2981 2533 3034 δέ
2561 2981 2706 3033 ἐστιν
2731 2978 2790 3032 τὸ
2809 2976 3051 3048 Πνεῦμα,
3077 2975 3136 3030 τδ
3156 2977 3255 3030 ἀπ’
3281 2976 3447 3048 ἀρχῆς
3475 2994 3492 3026 ι
3518 2970 3716 3041 ἐπιφερό-

2221 3091 2378 3146 μενον
2413 3072 2596 3126 ὲπάνω
2627 3070 2733 3123 τῶν
2771 3069 2976 3124 ὑδάτων
2997 3085 3013 3101 ο
3062 3086 3082 3120 ι
3111 3067 3175 3120 δι’
3202 3063 3267 3122 οῦ
3305 3058 3497 3136 κόσμος
3523 3066 3714 3123 κινεῖται,

2215 3167 2282 3220 δι’
2306 3159 2366 3220 οῦ
2395 3164 2571 3226 κτίσις
2601 3162 2812 3216 ἵσταται
2849 3160 2943 3214 καὶ
2973 3159 3040 3213 τὰ
3072 3158 3366 3230 σύμπαντα
3401 3158 3713 3224 ζωογονεῖταιο

2213 3256 2273 3309 τὸ
2294 3257 2350 3308 ὲν
2377 3255 2677 3326 προφήταις
2703 3252 3018 3322 ὲνεργῆσαν,
3035 3251 3098 3304 τὸ
3119 3252 3209 3303 ἐπὶ
3225 3251 3456 3322 Χριστὸν
3477 3244 3714 3302 καταπτάν.

2216 3344 2385 3400 Τοῦτό
2415 3347 2559 3398 ἐστιν
2590 3344 2648 3397 τὸ
2687 3341 2906 3412 Πνεῦμα
2937 3341 2997 3393 τὸ
3036 3340 3184 3393 δοθὲν
3231 3343 3340 3403 τοῖς
3382 3337 3654 3397 ἀποστόλοις
3679 3335 3718 3384 ὲν

2215 3437 2342 3490 εῖδει
2364 3434 2600 3508 πυρίνων
2632 3433 2905 3503 γλωσσῶν.
2934 3428 3102 3484 Τοῦτο
3131 3430 3190 3482 τὸ
3219 3430 3446 3500 Πνεῦμα
3464 3429 3618 3497 ἐζήτει
3642 3427 3714 3476 Δα-

2217 3527 2302 3580 διδ
2321 3527 2494 3594 λέγων
2512 3542 2526 3556 ο
2547 3544 2566 3578 ι
2584 3524 2821 3596 Καρδίαν
2847 3522 3090 3593 καθαρὰν
3113 3521 3298 3575 κτίσον
3323 3525 3380 3575 ὲν
3401 3521 3534 3591 ἐμοὶ,
3551 3519 3577 3570 ὁ
3605 3516 3716 3576 Θεὸς.

2216 3620 2310 3675 καὶ
2350 3617 2566 3689 πνεῦμα
2591 3617 2741 3679 εύθὲς
2768 3615 3072 3684 ὲγκαίνισον
3098 3615 3154 3668 ὲν
3186 3616 3303 3677 τοῖς
3326 3613 3562 3680 ἐγκάτοις
3589 3622 3713 3678 μου.»

2218 3712 2352 3784 Περὶ
2378 3709 2566 3764 τούτου
2597 3709 2690 3762 καὶ
2714 3706 2948 3779 Γαϐριὴλ
2977 3706 3156 3774 ἔλεγεν
3176 3707 3244 3776 τῇ
3263 3703 3536 3776 Παρθένῳσ
3565 3721 3580 3752 ι
3601 3695 3721 3752 Πνεῦ-

2219 3819 2297 3874 μα
2332 3803 2484 3870 ἀγιον
2513 3800 2856 3854 ἐπελεύσεται
2888 3798 2979 3851 ἐπὶ
3013 3799 3091 3862 σὲ,
3132 3795 3229 3850 καὶ
3267 3796 3486 3866 δύναμις
3524 3790 3720 3860 Ὑψίστου

2217 3893 2522 3947 ἐπισκιάσει
2551 3909 2651 3947 σοι.
2690 3910 2709 3944 ι
2745 3890 2842 3944 Διά
2884 3889 3069 3943 τούτου
3109 3888 3200 3942 τοῦ
3237 3887 3541 3958 Πνεύματος
3565 3881 3720 3950 Πέτρος

2217 3985 2512 4055 ἐφθέγξατο
2553 3985 2648 4056 τὴν
2698 3983 2970 4055 μακαρίαν
3010 3981 3223 4052 ἐκείνην
3267 3981 3470 4051 φωνήν·
3505 3997 3521 4029 ι
3551 3977 3610 4028 Σὺ
3642 3968 3721 4023 είό

2214 4078 2444 4149 Χριστὸς
2491 4079 2521 4130 ὁ
2565 4076 2692 4139 Υἱὸς
2735 4073 2828 4128 τοῦ
2859 4071 2989 4127 Θεοῦ
3030 4071 3248 4136 ζῶντος.
3285 4091 3304 4124 ›
3341 4070 3438 4125 Διά
3467 4069 3629 4123 τούτου
3654 4058 3720 4115 τοῦ

2215 4170 2526 4241 Πνεύματος
2549 4164 2848 4239 ὲστερεώθη
2866 4166 2898 4234 ή
2919 4164 3092 4234 πέτρα
3116 4163 3216 4232 τῆς
3248 4160 3575 4232 Ἑκκλησίας.
3593 4151 3721 4208 Τοῦτὸ

2217 4266 2364 4316 ἐστιν
2396 4261 2455 4314 τὸ
2486 4257 2730 4329 Πνεῦμα,
2759 4258 2786 4310 ὁ
2816 4255 3184 4328 Παράκλητος,
3217 4252 3280 4306 τὸ
3302 4252 3389 4307 διὰ
3409 4252 3464 4305 σὲ
3489 4246 3721 4319 πεμπόμε-

2215 4374 2326 4422 νον,
2356 4355 2443 4407 ῖνα
2478 4351 2624 4424 δείξῃ
2654 4367 2712 4403 σε
2745 4349 2928 4403 τέκνον
2959 4347 3115 4401 Θεοῦ.

2283 4444 2450 4518 Δεῦρο
2479 4443 2672 4508 τοίνυν,
2691 4439 3102 4511 ἀναγεννήθητι,
3124 4438 3394 4509 ἄνθρωπε,
3416 4437 3491 4498 είς
3510 4428 3722 4486 υἱοθεσίαν

2221 4541 2376 4598 Θεοῦ.
2409 4539 2518 4593 Καὶ
2549 4537 2694 4603 πῶς;
2731 4534 2920 4606 φησίνο
2967 4533 3061 4586 ἐάν
3094 4533 3288 4604 μηκέτι
3329 4529 3599 4603 μοιχεύσῃς
3624 4521 3720 4592 (8ὶ)ν

2227 4636 2360 4708 μηδὲ
2392 4632 2674 4704 φονεύσῃς,
2710 4628 2842 4701 μηδὲ
2870 4625 3384 4698 εἰδωλολατρεύσῃς·
3414 4624 3501 4676 ἐὰν
3531 4621 3596 4692 μὴ
3622 4631 3722 4685 κρι-

2221 4727 2388 4799 τηθῇς
2405 4724 2492 4794 ὑφ’
2508 4723 2720 4794 ἡδονῆς,
2738 4721 2831 4773 ἐὰν
2855 4718 2928 4790 μὴ
2949 4717 3116 4780 πάθος
3136 4714 3502 4788 ὑπερηφανίας
3515 4708 3722 4799 κυριεύσῃ

2224 4794 2354 4871 dou:
2383 4816 2477 4869 ἐὰν
2511 4814 2780 4886 ἀποξέσῃς
2817 4811 2909 4864 τὸν
2950 4809 3118 4881 ῥύπον
3154 4808 3253 4879 τῆς
3290 4803 3622 4877 ἀκαθαρσίας,
3657 4794 3724 4886 καὶ

2221 4905 2525 4981 άπορῤίψῃς
2570 4903 2631 4957 τὸ
2676 4884 2890 4971 φορτίον
2931 4899 3030 4968 τῆς
3067 4896 3366 4968 ἁμαρτίας·
3405 4892 3495 4946 ὲάν
3531 4884 3723 4981 ἀποδύσῃ

2222 4979 2642 5074 τὴνήπανοπλίαν
2680 4993 2773 5046 τοῦ
2804 4989 3068 5053 διαϐόλου,
3104 4989 3196 5041 καὶ
3224 4986 3413 5056 ἐνδύσῃ
3440 4985 3524 5036 τὸν
3549 4979 3723 5074 (lippam?

2220 5065 2318 5165 της
2352 5093 2605 5153 πίστεως,
2639 5084 2819 5148 καθώς
2845 5097 3007 5153 φησιν
3042 5079 3262 5142 Ἡσαΐας
3284 5095 3298 5108 ο
3334 5097 3350 5128 ι
3382 5070 3632 5129 Λούσασθε
3655 5065 3722 5165 καὶ

2219 5161 2485 5257 ζητήσατε
2515 5179 2715 5253 κρίσιν,
2751 5174 2984 5248 ῥύσασθε
3025 5172 3390 5243 ἀδικούμενον,
3431 5167 3626 5240 κρίνατε
3656 5161 3724 5229 ὀρ·

2225 5302 2289 5352 ¹⁶.
2333 5297 2378 5350 Il
2436 5294 2552 5349 Pet.
2601 5292 2720 5356 1,4.
2796 5291 2837 5321 "
2867 5287 3028 5343 Rom.
3076 5302 3194 5353 VIII,
3226 5279 3586 5356 I7.__“_Gen.
3623 5271 3719 5356 ηιξ.

2218 5338 2643 5432 ιεῬἐᾷιῘιῖΪιέῖ
2677 5338 2758 5392 ’λι
2800 5338 3028 5424 ιιῐεξῗῖζ
3071 5338 3194 5411 δεῖ
3235 5338 3499 5408 "Matth.
3529 5361 3624 5408 m,
3654 5338 3719 5394 ιδ.

2221 5557 2287 5608 4:
2323 5550 2437 5603 Ἵνα
2457 5546 2543 5600 διὰ
2566 5544 2766 5599 τούτων
2795 5541 3030 5613 γένησθε
3062 5539 3210 5613 θείας
3245 5532 3480 5589 κοινωνὼ
3510 5527 3686 5613 (pws

2231 5607 2248 5674 ἀ
2291 5619 2360 5674 Ut
2386 5633 2477 5688 per
2503 5619 2618 5688 haec
2648 5607 2954 5688 eﬂieiamini
2982 5611 3180 5688 divina:
3196 5614 3483 5688 consortes
3503 5607 3717 5688 ιιεξξιιςίξῇξ

3192 5678 3248 5760 In
3276 5678 3424 5760 hunc
3446 5674 3600 5760 locum
3631 5663 3722 5714 ride

2237 5745 2518 5818 Possinum
2557 5745 2622 5813 ad
2663 5745 2720 5812 S.
2756 5745 2859 5809 Nili
2883 5745 3163 5823 epistolam
3191 5749 3243 5802 2.
3276 5745 3481 5798 Fimuc.
