3882 6332
213 404 309 460 861

1373 405 1749 462 SERMONUM
1790 403 2228 461 FRAGMENTA.

3310 404 3418 460 86?.

208 517 380 586 ρανῷ,
426 520 520 574 καὶ
549 520 868 574 δικαιώσατε
901 516 1093 593 χήραν.
1133 521 1242 573 Καὶ
1275 520 1425 574 δεῦτε
1460 524 1551 576 καὶ
1587 522 1750 576 διαλε-

1868 525 1974 580 vite
1999 524 2239 578 viduam.
2266 521 2330 576 Et
2356 522 2531 577 venite
2551 531 2604 577 et
2627 522 3008 594 disceptemus,
3036 523 3112 578 ait
3132 520 3414 576 Dominus.

203 611 445 684 χθῶμεν,
499 613 644 681 λέγει
697 612 916 684 Κύριος.
967 612 1074 665 Καὶ⁸
1106 611 1200 665 ἐὰν
1241 606 1372 666 ὦσιν
1408 614 1463 666 αἱ
1499 614 1761 685 ἁμαρτίαι

203 703 357 773 ὑμῶν
385 702 462 766 ὡς
494 701 785 774 φοινικοῦν,
817 702 892 766 ὡς
914 702 1065 772 χιόνα
1094 701 1363 756 λευκανῶ·
1404 704 1500 758 ἐὰν
1539 704 1594 757 δὲ
1633 698 1764 757 ὦσιν

199 795 277 858 ὡς
311 795 582 857 κόκκινον,
616 791 745 845 ὡσεὶ
773 792 915 865 ἔριον
936 793 1199 848 λευκανῶ.
1227 795 1333 847 Καὶ
1353 793 1445 847 ἐὰν
1466 795 1651 865 θέλητε
1671 795 1764 847 καὶ

196 885 303 954 τῆς
339 886 522 956 φωνῆς
553 903 653 957 μου
679 885 974 957 ἀκούσητε,
1009 887 1076 940 τὰ
1112 887 1286 956 ἀγαθά
1323 889 1420 958 τῆς
1460 888 1558 958 γῆς
1599 887 1764 957 φάγε-

199 975 317 1028 σθε.
356 996 376 1028 ι
413 977 568 1040 Ἵδες,
598 977 866 1048 ἀγαπητὲ,
898 977 1012 1041 πῶς
1043 982 1295 1050 προεῖπεν
1321 980 1348 1032 ὁ
1378 980 1660 1050 προφήτης
1701 979 1762 1032 τὸ

195 1068 293 1121 τοῦ
317 1067 688 1138 βαπτίσματος
706 1067 996 1140 καθάρσιον
1016 1085 1031 1133 ;
1065 1070 1120 1122 '0
1139 1068 1242 1138 γὰρ
1263 1071 1600 1124 καταϐαίνων
1625 1070 1759 1140 μετά

194 1160 442 1242 πίστεως,
463 1162 542 1223 είς
563 1160 623 1213 τὺ
643 1161 740 1230 τῆς
758 1161 1161 1230 ἀναγεννήσεως
1182 1161 1398 1232 λουτρὸν
1419 1161 1759 1214 διατάσσεται

191 1250 274 1320 τῷ
306 1250 547 1322 πονηρῷ,
584 1252 933 1306 συντάσσεται
972 1252 1029 1305 δὲ
1056 1251 1133 1323 τῷ
1160 1252 1378 1323 Χριστῷ
1398 1269 1413 1283 ·
1443 1253 1758 1324 ἀπαρνεῖται

190 1343 287 1396 τὸν
326 1342 538 1415 ἐχθρὸν,
578 1343 826 1415 ὁμολογεῖ
852 1345 908 1398 δὲ
935 1346 1016 1409 τὸ,
1050 1345 1182 1398 Θεὸν
1209 1341 1346 1398 εἶναι
1374 1344 1465 1398 τὸν
1486 1344 1716 1416 Χριστόν
1739 1362 1753 1374 ·

192 1435 494 1490 ἀποδύεται
521 1436 620 1505 τὴν
650 1435 910 1508 δουλείαν,
945 1436 1185 1490 ἐνδύεται
1225 1436 1282 1489 δὲ
1317 1437 1416 1508 τὴν
1457 1435 1753 1490 υἱοθεσίανο

189 1531 484 1601 ἀνέρχεται
518 1529 625 1583 ἀπὸ
653 1529 749 1582 τοῦ
781 1528 1150 1600 βαπτίσματος
1179 1528 1423 1600 λαμπρὸς
1453 1528 1527 1592 ὡς
1556 1530 1584 1581 ὁ
1610 1527 1760 1599 ἥλιος

191 1622 332 1692 (85),
365 1621 774 1693 ἀπαστράπτων
798 1623 897 1685 τὰς
924 1621 1024 1692 τῆς
1051 1620 1393 1691 δικαιοσύνης
1424 1621 1644 1684 ἀκτῖνας
1661 1637 1674 1650 ·
1698 1620 1759 1673 τὸ

1860 617 1925 672 Et
1952 619 1996 672 si
2023 619 2130 673 sint
2153 625 2371 687 peccata
2392 626 2568 670 vestra
2594 616 2735 671 sicut
2760 616 3123 685 phmniceum,
3154 624 3213 670 ut
3239 616 3413 668 nivem

1859 709 2147 773 dealbabo;
2192 708 2345 777 sique
2384 703 2583 760 fuerint
2618 715 2680 761 ut
2722 708 3030 773 coccinum,
3063 707 3326 762 dealbabo
3359 714 3420 759 ut

1859 800 2055 854 lanam.
2099 798 2164 853 Et
2190 798 2407 868 quando
2437 797 2599 852 vultis
2629 813 2813 852 vocem
2845 816 3016 854 meam
3039 799 3246 863 audire,
3274 798 3416 851 bona

1861 900 2015 946 terra:
2042 889 2335 944 comedetis
2365 889 2431 944 ".
2465 908 2483 941 ι
2539 887 2718 953 Vides,
2750 889 2961 953 dilecte,
2995 890 3266 958 quomodo
3295 904 3421 957 pro-

1864 977 2023 1047 pheta
2059 976 2310 1046 baptismi
2340 976 2448 1030 vim
2484 977 2818 1048 purgativam
2847 977 3112 1046 praedixit.
3140 977 3243 1044 Qui
3271 978 3418 1032 enim

1865 1083 1987 1122 cum
2017 1068 2117 1122 [ide
2147 1068 2199 1121 in
2232 1067 2334 1121 hoc
2365 1067 2790 1136 regenerationis
2814 1067 3089 1121 lavacrum
3119 1067 3417 1132 descendit,

1864 1160 2137 1214 renuntiat
2158 1159 2393 1220 diabolo,
2422 1168 2475 1213 et
2503 1159 2718 1213 Christo
2744 1174 2802 1214 se
2827 1157 3061 1224 addicit;
3091 1159 3296 1213 hostem
3323 1158 3420 1212 ab-

1863 1259 2043 1320 negat,
2076 1259 2129 1303 at
2153 1248 2429 1305 Christum
2467 1249 2634 1303 Deum
2668 1265 2788 1304 esse
2823 1249 3142 1314 conﬁtetur;
3183 1251 3418 1304 servitu-

1863 1350 1969 1396 tem
2012 1341 2180 1406 exuit,
2229 1341 2402 1395 induit
2451 1340 2828 1410 adnptionem;
2879 1340 3018 1394 redit
3048 1356 3112 1394 ex
3151 1341 3420 1409 baptismo

1863 1431 2177 1503 splendidus
2211 1440 2270 1487 ut
2296 1431 2398 1496 soi,
2435 1431 2616 1486 radios
2641 1431 2866 1500 justitim
2886 1430 3246 1501 eﬂulgurans;
3269 1430 3416 1500 quod
3514 1421 3522 1430 ’

1860 1539 1988 1579 vero
2033 1523 2328 1577 maximum
2375 1531 2476 1588 est,
2525 1523 2814 1576 revertitur
2837 1521 2981 1577 ﬁlius
3013 1521 3109 1577 Dei
3139 1533 3190 1575 et
3217 1519 3419 1576 Christi

1862 1617 2120 1673 cohaarcs.
2171 1613 2278 1684 ipsi
2325 1615 2494 1685 gloria
2546 1624 2598 1669 et
2629 1616 2868 1685 potentia
2893 1631 3017 1670 cum
3048 1613 3416 1682 sanctissimo,

186 1711 562 1783 δὲ’μέγιστον,
605 1715 808 1768 ἄνεισιν
845 1715 958 1778 υἱὸς
999 1713 1153 1777 Θεοῦ,
1200 1714 1293 1767 καὶ
1327 1713 1750 1785 συγκληρονόμος

1862 1707 2005 1760 bono
2031 1714 2084 1760 et
2110 1705 2325 1760 viviﬁco
2353 1705 2474 1792 ejus
2503 1704 2732 1776 Spiritu,
2766 1721 2911 1760 nunc
2940 1707 3011 1760 sit
3040 1714 3093 1759 et
3121 1719 3333 1773 semper
3365 1710 3420 1757 et

185 1803 453 1872 Χριστοῦ.
484 1805 641 1875 Αὐτῷ
671 1808 702 1877 ἡ
726 1805 850 1870 δόξα
875 1805 1048 1860 καὶτὸ
1075 1807 1272 1877 κράτος
1299 1805 1394 1859 συν
1414 1805 1489 1876 τῷ
1512 1804 1758 1875 παναγίῳ

1865 1799 1919 1853 in
1948 1798 2128 1853 omnia
2158 1795 2353 1851 saecula
2379 1797 2721 1852 saeculorum.
2753 1798 2945 1852 Amen.

183 1896 281 1951 καὶ
312 1895 501 1967 ἀγαθῷ
524 1896 616 1949 καὶ
647 1894 890 1967 ζωοποιῷ
919 1897 1081 1951 αὑτοῦ
1108 1897 1404 1968 Ιινεύματι,
1428 1896 1523 1951 νῦν
1546 1897 1639 1950 καὶ
1662 1895 1768 1958 ἀεὶ,
1797 1893 1889 1948 καὶ
1913 1893 1992 1954 είς
2020 1890 2146 1952 τοὺς
2177 1887 2493 1960 σύμπαντας
2519 1890 2721 1955 αἰῶνας
2755 1891 2866 1946 τῶν
2902 1888 3130 1944 αἰώνων.
3180 1889 3380 1959 Ἀμήν.

188 2061 3412 2094 ________________________________________________.._..

1190 2233 1323 2348 S.
1406 2228 2410 2346 EIPPOLYTI

745 2469 1525 2589 SERMONUM
1618 2467 1976 2612 sm;
2034 2463 2941 2581 HOMILIABUM

1410 2705 2172 2798 FRAGMENTA.

539 3175 624 3230 Ea:
651 3191 883 3229 sermone
911 3173 988 3229 De
1016 3174 1431 3230 resurrectione.
1455 3204 1524 3213 —
1554 3175 1705 3244 Apud
1737 3175 2078 3228 Anastasium
2111 3173 2373 3230 Sinaitam
2408 3173 2462 3227 in
2500 3171 2738 3242 Hodego,
2778 3187 2901 3243 pag.
2930 3171 3049 3232 550.

199 3289 516 3352 Ἱππολύτου
568 3293 863 3347 ἐπισκόπου
903 3292 1148 3364 Ῥώμης,
1194 3295 1258 3347 ὲκ
1294 3293 1388 3346 τοῦ
1430 3293 1570 3362 Περὶ
1601 3293 1744 3349 ἀνα-

1859 3293 2116 3367 Hippolyti
2158 3293 2397 3367 episcopi
2430 3291 2682 3367 Romani,
2738 3307 2805 3347 ex
2840 3305 3094 3367 sermone
3128 3290 3203 3346 De
3233 3310 3409 3349 resur-

430 3382 700 3466 ᾳτάσεως
731 3384 826 3438 καὶ
859 3385 1193 3454 ἀφθαρσίας
1219 3387 1376 3457 λόγου
1403 3383 1536 3458 (84).

249 3480 568 3548 «Ἔσονται,
609 3477 792 3548 φησὶν,
834 3478 892 3531 ἐν
932 3481 996 3550 τῇ
1035 3481 1326 3534 ἀναστάσει
1359 3483 1408 3534 οἱ
1439 3479 1745 3554 ἄνθρωποι,

175 3571 249 3634 ὡς
291 3571 348 3622 οἱ
391 3568 610 3638 ἄγγελοι
651 3568 746 3622 τοῦ
775 3569 942 3622 Θεοῦ’
983 3588 1002 3622 ι
1049 3572 1108 3624 ὲν
1155 3572 1431 3645 ἀφθαρσίᾳ
1479 3572 1744 3644 δηλονότι,

175 3663 269 3714 καὶ
319 3659 619 3731 ἀθανασίᾳ,
658 3659 753 3714 καὶ
798 3660 1043 3733 ἀρευσίᾳ.
1083 3663 1390 3735 Ἀφθαρτος
1429 3663 1537 3736 γὰρ
1589 3663 1746 3718 οὐσία

173 3753 231 3805 ού
266 3751 558 3820 γεννᾶται,
602 3751 702 3805 οὐκ
741 3749 927 3816 αὔξει,
973 3752 1069 3822 οὐχ
1114 3753 1300 3827 ὑπνοῖ,
1347 3753 1408 3806 οὐ
1453 3755 1630 3825 πεινᾷ,
1681 3754 1743 3807 οὐ

172 3841 302 3912 διψᾷ
323 3881 340 3906 ,
381 3841 441 3893 ού
473 3841 657 3910 κοπιᾷ,
683 3841 744 3893 ού
778 3842 996 3911 πάσχει,
1025 3841 1084 3894 οὐ
1126 3840 1368 3913 θνήσκει,
1407 3842 1466 3895 ού
1495 3843 1743 3915 τιτρᾶται

174 3934 278 3987 ὑπὸ
329 3932 478 4002 ἦλων
524 3931 617 3985 καὶ
667 3931 896 4003 λόγχης,
942 3933 1040 4004 οὐχ
1089 3932 1240 4005 ἱδροῖ,
1292 3934 1389 4005 οὐχ
1438 3935 1740 4007 αἱμορῤοί.

172 4025 439 4082 Τοιαῦται
481 4025 658 4080 οὐσίαι
695 4025 831 4079 εἰσὶν
870 4028 904 4098 ἥ
943 4043 1003 4080 τε
1046 4027 1155 4082 τῶν
1197 4027 1460 4096 ἀγγέλων,
1489 4029 1598 4101 ἥτε
1635 4029 1744 4083 τῶν

171 4117 386 4188 ψυχῶν,
425 4117 535 4171 τῶν
585 4119 651 4171 ὲκ
687 4116 954 4188 σωμάτων
995 4118 1447 4191 ἀπηλλαγμένων.
1525 4119 1740 4193 Ἐπειδὴ

173 4211 265 4263 καὶ
295 4211 608 4282 ἀμφότεραι
647 4210 976 4282 ἑτερογενεῖς
1013 4213 1146 4275 είσι,
1188 4212 1282 4265 καὶ
1325 4209 1598 4284 ἀλλότριαι
1641 4211 1740 4282 τῆς

172 4300 498 4372 δρωμένης,
548 4301 648 4356 καὶ
708 4301 1066 4375 φθειρομένης
1133 4303 1335 4374 ταύτης
1393 4302 1486 4358 τοῦ
1533 4302 1738 4375 κόσμου

173 4392 429 4455 κτίσεως.

1759 4579 1824 4637 Π.

2251 3365 2475 3418 rectione
2505 3374 2554 3418 et
2586 3364 2993 3432 incorruptione.

1920 3457 2154 3524 «Erunt,
2189 3458 2384 3528 inquit,
2427 3457 2673 3512 homines
2711 3473 2764 3511 in
2809 3455 3226 3521 resurrectione,
3272 3455 3415 3512 sicut

1844 3552 2018 3622 angeli
2062 3551 2156 3606 Dei
2178 3551 2253 3619 ";
2297 3570 2315 3603 ι
2389 3551 2648 3605 nimirum
2701 3549 3070 3620 corruptionis
3138 3557 3409 3618 expertes,

1844 3643 2197 3711 immortales,
2246 3643 2381 3697 nihil
2423 3642 2640 3698 deﬂuxu
2683 3642 2866 3711 aliquo
2911 3638 3206 3710 deperdere
3241 3639 3408 3694 soliti.

1843 3735 1976 3791 Nam
2009 3737 2332 3791 immortalis
2377 3742 2572 3790 natura
2613 3749 2720 3787 non
2749 3741 2988 3802 generat,
3041 3745 3149 3784 non
3181 3745 3410 3799 genera-

1847 3838 1954 3894 tur,
1988 3844 2095 3883 non
2125 3839 2369 3900 augetur,
2399 3844 2507 3882 non
2532 3827 2750 3892 dormit,
2785 3839 2892 3878 non
2922 3822 3111 3884 esurit,
3138 3837 3245 3875 non
3271 3821 3407 3884 sitit,

1845 3935 1953 3974 non
2015 3919 2287 3989 fatigatur,
2340 3934 2447 3973 non
2491 3916 2710 3986 patitur,
2766 3929 2874 3969 non
2929 3912 3183 3978 moritur,
3233 3925 3408 3980 neque

1842 4024 1873 4064 a
1901 4011 2067 4066 clavis
2108 4020 2160 4065 et
2198 4011 2385 4066 lancea
2420 4009 2748 4080 perforatur,
2791 4022 2900 4061 non
2935 4007 3111 4074 sudat,
3143 4025 3249 4063 non
3283 4007 3407 4075 (un-

1843 4104 1922 4160 dit
1959 4104 2299 4173 sanguinem.
2335 4102 2612 4172 Ejusmodi
2654 4101 2865 4156 naturis
2914 4110 3164 4155 constant
3207 4099 3403 4170 angeli,

1843 4202 1897 4248 et
1929 4194 2122 4248 anima:
2157 4195 2435 4264 corporeis
2462 4193 2694 4249 vinculis
2727 4192 3010 4247 exsoluta.
3035 4191 3220 4246 Ambae
3257 4192 3402 4246 enim

1842 4278 1962 4335 istae
2014 4289 2225 4334 natura:
2275 4290 2402 4337 sunt
2448 4281 2673 4338 alterius
2719 4281 2954 4352 generis,
3006 4290 3061 4336 et
3101 4281 3324 4336 diversae
3371 4294 3402 4335 a

1842 4373 2106 4428 creaturis
2152 4373 2312 4443 hujus
2340 4372 2546 4439 mundi,
2580 4389 2700 4442 qum
2725 4374 2827 4430 sub
2861 4381 3137 4444 aspectum
3181 4373 3402 4439 cadunt,

1841 4475 1896 4520 et
1919 4465 2251 4538 corruptioni
2283 4466 2661 4537 subjiciuntur.

175 4665 259 4724 Et
303 4682 543 4724 sermone
571 4665 899 4739 Theologia,
930 4670 985 4723 id
1016 4678 1092 4725 est
1121 4670 1362 4727 Deitatis.
1392 4702 1464 4712 —
1494 4671 1686 4727 Exstat
1736 4675 1792 4728 in
1818 4676 1964 4732 Actis
2015 4679 2221 4732 concilii
2260 4679 2630 4733 Lateranensis
2664 4679 2758 4734 sub
2795 4679 3032 4734 Harttno
3071 4672 3103 4728 I
3140 4691 3265 4730 arm.
3294 4672 3399 4728 649

889 4739 1154 4808 celebrati,
1179 4753 1421 4796 secretar.
1459 4758 1506 4810 v,
1530 4761 1649 4814 pag.
1677 4745 1802 4809 287,
1834 4759 1959 4802 tom.
1987 4747 2076 4802 Vll
2106 4749 2230 4802 edit.
2277 4748 2663 4810 VenelocLabb.

241 4825 356 4882 Τοῦ
389 4826 546 4903 ἁγίου
578 4825 888 4903 Ἱππολύτου
910 4829 1337 4903 ’ἐπισκόπου-καὶ
1370 4831 1665 4903 μάρτυρος,

514 4899 579 4952 ὲκ
605 4896 700 4951 τοῦ
725 4897 865 4966 Περὶ
892 4899 1200 4969 θεολογίας
1227 4896 1402 4968 λόγου.

242 5011 324 5065 To
362 5011 534 5065 θέλειν
567 5011 682 5082 ἔχει
714 5013 742 5065 ὁ
769 5011 920 5076 Θεὸς,
959 5011 1018 5064 οὐ
1050 5012 1111 5065 τὸ
1147 5011 1220 5084 μὴ
1261 5011 1464 5067 θέλεινο
1505 5015 1733 5086 τρεπτοῦ

1769 4837 2019 4899 Βαεοηοιὶ
2060 4838 2333 4912 Hippolyti
2375 4842 2613 4912 episcopi
2645 4849 2698 4896 et
2727 4841 2998 4912 martyris,
3039 4853 3107 4894 ex
3148 4853 3399 4896 sermone

2185 4911 2267 4965 De
2293 4911 2570 4981 theologia,
2603 4911 2655 4965 id
2683 4920 2786 4976 est,
2816 4911 3042 4966 Deitate.

1907 5016 2055 5074 Velle
2105 5019 2257 5074 habet
2303 5019 2476 5088 Deus;
2517 5035 2624 5074 non
2673 5029 2853 5075 autem
2906 5035 3014 5074 non
3055 5019 3192 5076 velle
3229 5035 3244 5072 :
3292 5021 3395 5075 hoc

172 5102 284 5176 γὰρ
334 5103 493 5157 τοῦτο
548 5105 642 5158 καὶ⁸
698 5103 1050 5176 προαιρετοῦ’
1107 5105 1260 5177 ἀϊδίῳ
1311 5106 1417 5179 γὰρ
1476 5105 1734 5178 θελήματι

1859 5109 1978 5163 anim
2029 5111 2289 5166 vertibilis
2337 5121 2440 5178 est,
2482 5121 2535 5168 et
2578 5112 2825 5182 eligentis
2851 5131 2863 5167 :
2889 5113 2982 5168 sed
3010 5114 3391 5184 sempiternam

175 5194 312 5250 Θεοῦ
359 5195 553 5250 ἕπεται
596 5192 665 5250 τὰ
707 5196 993 5269 γινόμενα,
1041 5187 1086 5265 ᾧ
1125 5196 1222 5251 καὶ
1271 5198 1532 5271 γενόμενα
1583 5199 1733 5272 μένει

1859 5199 2165 5256 ποιυηῑιιιεω
2216 5201 2307 5258 Dei
2366 5214 2666 5274 sequuntur
2709 5219 2831 5276 qua:
2877 5205 3047 5273 ﬁunt,
3093 5219 3190 5274 per
3228 5219 3388 5275 quem

179 5286 486 5358 σωζόμενα.

241 5465 291 5498 ’⁸
321 5465 423 5521 lsa.
460 5481 498 5530 ι,
528 5463 711 5522 1649.
823 5470 866 5502 ³⁸
888 5467 1072 5524 Matth.
1107 5483 1236 5534 xm,
1263 5469 1354 5526 50.

253 5718 362 5788 (85)
397 5721 675 5794 Λαμπρός
718 5724 795 5788 ὡς
837 5725 870 5777 ό
913 5723 1104 5790 ἥλιος.
1148 5723 1281 5778 Illud
1325 5724 1534 5794 videtur
1564 5723 1738 5794 respi-

179 5800 326 5853 cere,
363 5792 503 5861 quod
539 5801 712 5862 poetae
747 5793 931 5849 dicunt
974 5795 1040 5851 de
1080 5795 1193 5850 sole
1244 5809 1309 5851 ex
1345 5792 1542 5852 Oceani
1582 5792 1736 5851 undis

183 5870 507 5934 emergente.
540 5861 747 5920 Γηιιιε.

1835 5301 1887 5348 et
1918 5292 2060 5349 facta
2088 5304 2309 5352 manent
2342 5304 2575 5351 servata.

2127 5453 2166 5480 μοι

1916 5715 2027 5789 (84)
2062 5718 2166 5768 Ἐκ
2194 5717 2297 5789 τοῦ
2329 5717 2462 5785 περὶ
2493 5719 2877 5789 ἀναστάσεως
2903 5722 3107 5789 λόγου.
3139 5723 3398 5778 Memine-

1843 5796 1968 5844 runt
2016 5788 2315 5842 interculus
2369 5801 2742 5849 marmoreus.
2803 5787 2859 5844 S.
2905 5787 3394 5856 Hieronvnitis,So-

1841 5860 2121 5932 phronius,
2143 5857 2497 5929 Nicephorus,
2522 5857 2809 5930 Honorius,
2835 5854 3130 5920 Freculi'vs'.
3166 5854 3310 5923 lora.
