3882 6332
164 326 249 382 865
675 323 689 336 '
815 316 820 321 ’
1273 322 1650 380 SERMONUM
1689 322 2126 383 FRAGMENTA.
3220 346 3323 402 356

162 462 233 507 vo;
258 441 414 514 ταύτῃ
447 438 857 511 κατηγγέλλετο,
884 437 947 492 τὸ
976 438 1243 510 μηδεμίαν
1282 439 1664 511 ἁμαρτήματος

1776 442 2007 511 trediuis
2047 453 2099 497 et
2129 444 2490 515 corruptionis
2535 462 2727 519 expers
2755 452 2875 523 ejus
2914 455 3320 515 tabernaculum

162 533 396 605 σηπεδόνα
434 531 624 601 φῦσαν.
679 532 739 585 ὐ
785 530 894 603 γάρ
930 530 1254 602 ἁμαρτήσας
1287 531 1382 585 καὶ
1424 529 1664 602 ἐξομολο-

1774 534 2208 619 signilicahatyr,
2255 538 2399 607 quod
2464 540 2665 596 nullam
2722 548 2924 614 peccati
2983 549 3319 616 putredinem

160 624 385 695 γούμινός
410 639 539 694 φησι
559 638 573 654 α
614 640 634 674 ι
656 621 1011 693 Πῳσώζεσαν
1041 621 1133 674 καὶ
1160 621 1442 693 ὲσάπησαν
1480 623 1528 674 οἱ
1556 621 1664 693 μώ-

1774 629 1973 691 genuit.
2004 627 2137 678 Nam
2168 625 2261 695 qui
2295 628 2552 696 peccavit,
2582 631 2870 691 comitetur
2895 643 2947 691 et
2977 638 3142 692 dicit:
3175 657 3191 689 ι
3212 638 3320 693 Pu-

158 714 307 778 λοιπές
354 731 447 783 μου
495 711 604 766 ἀπὸ
644 711 931 785 προσώπου
975 712 1077 783 τῆς
1125 712 1436 784 ἀφροσύνης
1492 729 1612 784 μου.
1644 731 1663 764 ι

1774 719 2021 769 truerunt
2057 724 2111 770 et
2140 727 2409 787 corruptae
2450 731 2580 776 sunt
2606 722 2885 782 cicatrices
2923 743 3073 794 meae,
3122 744 3152 783 a
3184 729 3322 784 facie

168 808 282 861 ’θδὲ
300 806 488 878 Κύριος
515 807 895 879 ἀναμάρτητος
923 801 1015 877 ἦν,
1045 806 1110 859 ὲκ
1147 804 1254 858 τῶν
1281 805 1540 887 άσὴπτων
1578 804 1664 870 ξύ-

1774 803 2088 875 ἱηείρίοηιίεε
2116 822 2247 862 mea?
2266 809 2330 863 ³³.
2350 828 2367 863 ι
2401 808 2660 869 Dominus
2689 825 2866 871 autem
2893 820 3097 887 peccati
3127 834 3320 889 expers

157 900 243 953 λων
276 898 331 953 τὸ
359 898 494 951 κατά
525 897 826 968 ἄνθρωπον,
863 898 1135 950 τουτέστιν
1168 899 1232 950 ὲκ
1260 896 1360 966 τῆς
1396 884 1664 968 Παρθένου

1774 904 1915 963 erat,
1937 906 1990 952 et
2018 913 2083 953 ex
2118 898 2276 967 lignis
2304 901 2680 970 putrefactioni
2712 922 2816 961 non
2844 884 3092 964 obnoxiis
3125 884 3321 965 secun-

157 992 233 1045 καὶ
270 989 353 1045 τοῦ
392 990 538 1058 άγίου
585 988 930 1060 Πνεύματος,
980 987 1175 1041 ἔσωθεν
1204 989 1297 1042 καὶ
1346 988 1541 1052 ἔξωθεν
1571 988 1664 1041 τοῦ

1774 986 1898 1043 dum
1949 988 2243 1057 hominem,
2297 992 2397 1047 hoc
2437 1004 2520 1050 est
2566 1012 2629 1051 ex
2657 996 2876 1068 Virgine
2922 1009 2978 1056 et
3015 1015 3079 1056 ex
3115 1001 3316 1072 Spiritu

156 1085 301 1152 Λόγου
326 1083 414 1136 τοῦ
438 1081 573 1136 Θεοῦ
600 1076 689 1139 οἷα
718 1080 1088 1152 καθαρωτάτῳ
1125 1080 1334 1154 χρυσίῳ
1374 1097 1664 1151 περικεκα-

1774 1088 1976 1157 sancto,
2015 1080 2160 1137 intus
2183 1090 2236 1137 et
2258 1082 2392 1140 foris
2427 1097 2681 1158 tanquam
2708 1092 3003 1160 purissimo
3034 1092 3192 1149 Verbi
3222 1094 3315 1150 Dei

156 1174 207 1228 λυ
212 1174 406 1246 μμένος.

1774 1185 1905 1226 auro
1931 1172 2338 1231 circumteclus.

1660 1263 1775 1319 Vll.

312 1359 392 1415 Ea:
429 1375 663 1415 sermone
683 1358 739 1413 in
764 1373 1021 1431 magnum
1069 1357 1373 1413 Canticum.
1400 1357 1646 1428 —Apud
1687 1357 1918 1412 eumdem
1952 1358 2319 1415 Theodoritum
2342 1361 2475 1418 Dial.
2512 1360 2575 1430 ll,
2598 1366 2726 1419 ibid.
2763 1384 2882 1436 pag.
2910 1368 2997 1432 88,
3036 1370 3124 1425 89.

157 1453 241 1509 Τοῦ
261 1453 426 1518 αὐτοῦ,
449 1451 518 1505 ἐκ
546 1450 653 1506 τοῦ
672 1451 899 1574 ,λόγιοιΞὶλ
906 1448 1010 1504 τοῦ
1030 1451 1108 1512 εἰς
1131 1448 1227 1520 τὴν
1258 1447 1419 1519 ’ῼδὴν
1447 1448 1543 1521 τὴν
1571 1465 1664 1519 με-

794 1538 829 1574 γ
900 1538 984 1574 ην.

1881 1446 2151 1518 Ejusdem,
2180 1466 2244 1504 ea:
2267 1468 2500 1507 sermone
2527 1452 2583 1507 lu
2617 1470 2870 1525 magnum
2904 1456 3208 1516 Canticum.

794 1538 984 1592 γαλην.

218 1633 269 1688 '0
302 1633 385 1687 τὸν
412 1631 725 1687 ἀπολωλότα
758 1632 822 1685 ὲκ
852 1631 957 1702 γῆς
1000 1630 1414 1703 πρωτόπλαστον
1457 1628 1664 1701 ἄνθρω-

1840 1626 1942 1695 Qui
1993 1629 2259 1698 perditum
2310 1634 2583 1693 hominem
2632 1652 2699 1691 ex
2745 1647 2884 1692 terra
2928 1637 3218 1694 formatum
3265 1652 3317 1698 et

155 1742 251 1789 πον,
277 1725 360 1778 καὶ
396 1726 451 1780 ὲν
488 1723 708 1794 δεσμοῖς
739 1722 965 1777 θανάτου
1005 1721 1386 1793 κρατούμενον,
1433 1721 1491 1788 ἐξ
1538 1720 1664 1792 ᾅδου

1774 1718 2001 1773 vinculis
2047 1722 2239 1775 mortis
2272 1723 2579 1787 astrictum,
2621 1741 2684 1779 ex
2715 1726 2902 1780 intimo
2951 1708 3161 1783 inferno
3203 1733 3313 1785 eri-

153 1817 419 1871 κατωτάτου
459 1816 692 1880 ἑλκύσας
709 1832 724 1846 ’
765 1817 793 1869 6
837 1814 1039 1869 ἄνωθεν
1081 1812 1375 1879 κατελθὼν,
1429 1813 1522 1867 καὶ
1574 1813 1663 1866 τὸν

1774 1810 1915 1880 puit;
1947 1811 2040 1880 qui
2072 1812 2300 1882 desuper
2330 1814 2568 1879 veniens,
2603 1818 2656 1871 in
2691 1817 2919 1872 sublime
2950 1820 3142 1873 extulit
3167 1822 3316 1878 humi

153 1911 274 1962 κάτω
287 1911 358 1971 εἰς
380 1908 443 1961 τά
467 1908 579 1964 ἄνω
609 1909 906 1977 ἀνενέγκας
923 1925 936 1937 ·
966 1910 995 1961 6
1018 1906 1125 1960 τῶν
1144 1905 1354 1977 νεκρῶν
1387 1904 1664 1975 εὐαγγελι-

1774 1900 2060 1969 iacentem;
2096 1902 2188 1972 qui
2237 1912 2571 1959 mortuorum
2606 1908 2964 1977 evangelista,
3021 1921 3072 1963 et
3106 1911 3318 1964 anima-

154 1998 273 2071 στὴς,
300 1978 387 2052 καὶ
413 1998 516 2052 τῶν
548 1998 737 2073 ψυχῶν
767 1998 1060 2070 λυτρωτὴς,
1096 1999 1186 2052 καὶ¹
1222 1998 1515 2062 ἀνάστασις
1558 1996 1664 2053 τῶν

1774 2006 1886 2046 rum
1916 1992 2241 2061 redemptor,
2272 2003 2326 2050 et
2357 1997 2682 2052 resurrectio
2712 1999 3072 2067 sepultorum,
3108 2001 3196 2055 hic
3222 2001 3317 2056 de-

151 2089 458 2160 τεθαμμένων
496 2089 780 2160 γινόμενος
798 2127 813 2151 ,
840 2081 993 2151 οὗτος
1022 2083 1089 2159 ἦν
1126 2090 1154 2140 6
1181 2088 1273 2141 τοῦ
1314 2089 1661 2159 νενικημένου

152 2184 393 2255 ἀνθρώπου
415 2182 778 2254 γεγενημένος
801 2182 1008 2253 βοηθὸς,
1039 2180 1155 2236 κατ’
1176 2182 1332 2236 αὑτὸν
1364 2183 1545 2253 ὅμοιος
1572 2181 1665 2235 αύ-

151 2278 228 2348 τῷ,
258 2278 578 2350 πρωτότοκος
614 2277 802 2346 Λόγος,
836 2277 927 2332 τὸν
955 2275 1369 2349 πρωτόπλαστον
1408 2272 1582 2345 Ἀδὰμ
1608 2277 1664 2331 ἐν

151 2374 203 2441 τῇ
247 2369 488 2443 Παρθένῳ
538 2367 1030 2440 ἐπισκεπτόμενος·
1086 2370 1114 2422 6
1167 2367 1528 2437 πνευματικὸς
1574 2366 1665 2421 τὸν

75 2492 83 2505 ο
151 2462 296 2531 χοῐκδν
318 2465 371 2516 ὲν
394 2465 457 2534 τῇ
483 2463 667 2535 μήτρᾳ
692 2461 983 2532 ἐπιζητῶν*
1008 2463 1036 2514 6
1064 2461 1150 2514 dei
1178 2458 1285 2524 ζῶν
1302 2460 1390 2514 τὸν
1419 2460 1507 2513 διά
1530 2476 1667 2532 παρ-

151 2553 285 2624 ακοῆς
324 2554 680 2608 ἀποθανόντα·
726 2554 754 2606 6
793 2554 1038 2624 οὐράνιος
1082 2551 1173 2606 τὸν
1209 2550 1446 2621 ἐπίγειον
1482 2552 1560 2616 εἰς
1600 2551 1666 2605 τά

151 2645 239 2698 ἄνω
260 2645 439 2701 καλῶν·
481 2648 510 2700 6
539 2644 768 2716 εὐγενὴς
792 2645 882 2699 τὸν
908 2643 1089 2697 δοῦλον
1116 2643 1203 2698 διά
1229 2643 1329 2714 τῆς
1360 2643 1493 2707 ἰδίας
1523 2645 1664 2697 ὑπα-

151 2738 257 2807 κοῆς
277 2737 536 2810 ἐλεύθερον
563 2736 846 2803 ἀποδεῖξαι
874 2734 1039 2789 θέλων
1057 2754 1073 2771 ο
1116 2737 1145 2790 6
1181 2734 1270 2788 τὸν
1311 2735 1389 2798 είς
1417 2733 1519 2805 γῆν
1545 2732 1665 2786 λυό-

155 2846 282 2899 μενον
309 2830 580 2902 ἄνθρωπον
610 2829 701 2883 καὶ
729 2828 1125 2903 βρῶμαόφεῳς
1158 2828 1519 2899 γεγενημένον
1537 2866 1553 2890 ,
1586 2826 1665 2891 είς

151 2921 388 2992 ἀδάμαντα
430 2922 658 2994 τρέψας,
713 2922 807 2975 καὶ
845 2920 1030 2975 τοῦτον
1090 2919 1183 2973 ἐπὶ
1235 2918 1391 2997 ξύλου
1460 2935 1667 2991 κρεμα-

154 3012 311 3068 σθέντα
337 3014 512 3087 κύριον
543 3013 692 3068 κατά
719 3011 812 3067 τοῦ
857 3012 1197 3084 νενικηκότος
1230 3010 1544 3077 ἀποδείξας,
1574 3009 1667 3064 καὶ

152 3103 223 3158 διὰ
246 3104 383 3159 τοῦτο
401 3104 486 3158 διὰ
509 3104 695 3173 ξύλου,
726 3102 1019 3175 νικηφόρος
1046 3102 1376 3175 εὑρίσκεται.

362 3197 467 3252 Τοῦ
499 3193 713 3263 αὐτοῦ,
752 3195 819 3248 ἐκ
855 3194 961 3249 τοῦ
989 3194 1174 3249 αὐτοῦ
1197 3196 1402 3264 λόγου.

206 3287 258 3341 οι
284 3287 380 3361 γάρ
408 3289 495 3343 τὸν
521 3287 656 3342 Υἱὸν
680 3285 773 3340 τοῦ
802 3285 936 3339 Θεοῦ
972 3284 1233 3358 ξνσαρκον
1258 3284 1352 3339 νῦν
1385 3282 1458 3355 μὴ
1482 3282 1666 3353 ὶπιγι-

150 3378 422 3446 νώσκοντες,
445 3377 839 3451 ἐπι-γνώσονται
865 3377 1025 3432 αὐτὸν
1050 3375 1236 3448 κριτὴν
1256 3377 1314 3428 ὲν
1339 3374 1465 3447 δόξῃ
1491 3390 1667 3447 παρα-

150 3475 408 3548 γινόμενον,
434 3476 524 3531 τὸν
547 3473 652 3531 νῦν
680 3475 737 3529 ὲν
769 3471 940 3544 ἀδόξῳ
968 3470 1178 3543 σώματι
1209 3468 1578 3543 ὑϐριζόμενον.

198 3721 204 3731 _
369 3658 474 3715 Τοῦ
505 3655 720 3724 αὐτοῦ,
746 3653 815 3709 ἐκ
841 3653 947 3708 τοῦ
978 3653 1164 3708 αὐτοῦ
1192 3652 1395 3722 λόγου.

206 3749 299 3804 Καὶ
321 3750 420 3823 γάρ
447 3750 496 3804 οἱ
522 3744 811 3805 ἀπόστολοι
836 3743 1077 3807 ἐλθόντες
1109 3744 1187 3805 είς
1213 3741 1274 3795 τὸ
1304 3759 1406 3813 μνη
1416 3742 1561 3813 μεῖον
1592 3742 1660 3814 τῇ

151 3836 297 3910 ἡμέρᾳ
321 3842 383 3912 τῇ
412 3839 593 3912 τρίτῃ,
621 3837 716 3907 οὐχ
747 3832 994 3907 εῦρισκον
1030 3832 1091 3886 τὸ
1134 3831 1291 3902 σῶμα
1318 3830 1410 3884 τοῦ
1453 3828 1624 3900 Ἰησοῦ
1644 3847 1657 3861 ο

1698 3097 1746 3159 C

1764 2083 1890 2138 victi
1922 2083 2159 2139 hominis
2194 2083 2295 2139 fuit
2324 2087 2643 2153 auxiliator,
2689 2090 2989 2143 secundum
3023 2091 3199 2161 ipsum
3240 2092 3317 2147 si-

1763 2174 1909 2241 milis
1936 2175 2033 2239 illi,
2065 2178 2480 2247 primogenitum
2514 2177 2747 2235 Verbum
2775 2181 3008 2249 primum
3039 2191 3313 2251 parentem

1762 2264 1931 2321 Adam
1972 2267 2024 2320 in
2058 2266 2279 2336 Virgine
2304 2267 2569 2326 visitans:
2616 2272 2915 2340 spiritualis
2943 2282 3219 2329 terrenum
3260 2276 3314 2330 iu

1765 2358 1985 2412 matrice
2007 2374 2283 2427 quaerens;
2308 2374 2519 2430 semper
2542 2362 2749 2427 vivens,
2773 2378 2870 2433 per
2895 2363 3315 2422 inobedientiam

1763 2459 2074 2519 mortuum;
2122 2452 2357 2508 caelestis
2409 2463 2714 2510 terrestrem
2772 2457 2840 2511 ad
2898 2457 3176 2527 superiora
3220 2473 3315 2512 γορ

1764 2555 1931 2607 cans;
1966 2542 2162 2597 nobilis
2192 2559 2407 2599 servum
2440 2559 2538 2613 per
2562 2545 2836 2615 propriam
2867 2546 3230 2601 obedientiam
3250 2546 3320 2601 li—

1765 2630 1972 2699 bertate
2021 2634 2225 2689 donare
2275 2635 2482 2690 volens.
2534 2634 2638 2701 Qui
2665 2638 2718 2690 in
2771 2624 2967 2691 terrain
3018 2637 3316 2692 resolutum

1767 2709 2037 2779 hominem
2083 2734 2136 2780 et
2164 2726 2422 2795 pabulum
2474 2729 2737 2797 serpentis
2780 2727 3052 2795 eﬂ‘ectum,
3095 2729 3153 2783 in
3186 2730 3317 2783 ada-

1767 2822 2004 2868 nantem
2034 2817 2348 2883 ,convcrtit;
2392 2825 2446 2872 et
2486 2817 2633 2873 hunc
2666 2819 2719 2873 in
2767 2820 2913 2890 ligno
2957 2834 3314 2889 suspensum,

1766 2904 2043 2960 dominum
2086 2907 2344 2963 adversus
2374 2908 2633 2964 victorem
2679 2909 3000 2979 declaravit;
3043 2920 3205 2983 atque
3241 2902 3316 2966 ita

1765 3009 1863 3065 per
1889 2995 2092 3066 lignum
2115 2997 2288 3052 victor
2312 2996 2602 3053 invenitur.

2129 3198 2379 3269 Ejusdem
2404 3218 2469 3256 ea:
2489 3204 2667 3257 eodem
2698 3220 2951 3259 sermone.

1839 3283 1939 3352 Qui
1964 3286 2108 3342 enim
2132 3287 2331 3344 Filium
2364 3291 2456 3346 Dei
2484 3292 2822 3348 incarnatum
2847 3308 2992 3349 nunc
3015 3307 3124 3348 non
3154 3307 3316 3365 agno-

1768 3384 1949 3445 scunt,
1978 3389 2270 3449 agnoscent
2307 3381 2483 3450 ipsum
2528 3383 2765 3452 iudicem
2808 3384 2863 3438 in
2889 3383 3055 3454 gloria
3095 3385 3316 3438 venien—

1769 3474 1897 3533 tem,
1939 3484 2098 3539 quem
2145 3486 2291 3551 nunc
2336 3472 2393 3527 in
2428 3487 2655 3544 corpore
2694 3473 2926 3545 inglorio
2975 3473 3316 3529 contumeliis

1769 3557 2028 3615 alliciunt.
2848 3618 2857 3624 .

2122 3649 2372 3722 Ejusdem
2398 3668 2463 3708 ea:
2486 3655 2663 3709 eodem
2687 3671 2939 3711 sermone.

1830 3738 2040 3798 Etenim
2079 3740 2309 3814 apostoli
2339 3761 2465 3801 cum
2497 3748 2771 3803 venissent
2796 3748 2863 3801 ad
2903 3755 3312 3802 monumentum

1761 3831 1848 3890 die
1891 3835 2068 3900 tertio,
2115 3852 2222 3891 non
2264 3838 2586 3894 invenerunt
2611 3854 2807 3908 corpus
2834 3837 2960 3894 Jesu
3007 3838 3317 3909 :quemad-

149 3927 196 3979 ὃν
216 3931 384 4001 τρόπον
410 3932 512 3985 υίοὶ
538 3928 639 3984 τοῦ
684 3925 896 4000 Ἰσραὴλ
929 3925 1026 3998 τὴν
1057 3923 1233 3993 ταφὴν
1260 3921 1354 3976 τοῦ
1388 3921 1661 3985 Μωῦσέως

1774 3926 1981 3981 modum
2013 3925 2110 3980 ﬁlii
2148 3925 2310 3983 Israel
2341 3929 2695 3983 ascendentes
2729 3929 2782 3982 in
2823 3939 3091 3990 montem,
3133 3928 3314 3998 sepul-

150 4016 401 4086 ἀναθάντες
430 4022 488 4075 ὲν
507 4017 593 4091 τῷ
615 4017 729 4090 ὅρει
756 4014 1003 4088 ἐζήτουν,
1043 4013 1138 4067 καὶ
1169 4013 1267 4084 οὐχ
1298 4011 1566 4085 εὕρισκον.

1774 4015 1962 4072 chrum
1987 4017 2186 4089 Moysis
2209 4019 2558 4090 quaesierunt,
2583 4028 2638 4075 et
2664 4032 2771 4074 non
2797 4020 3136 4074 invenerunt.

448 4206 533 4264 Ea:
581 4221 813 4262 sermone
837 4205 892 4261 in
920 4203 1193 4259 exordium
1227 4200 1409 4257 Isaiae.
1444 4201 1599 4273 Apud
1625 4204 1858 4259 eumdem
1890 4204 2258 4262 Theodorilum
2302 4205 2440 4260 Dial.
2468 4204 2510 4272 l,
2542 4204 2672 4261 ibid.
2725 4220 2845 4274 pag.
2879 4201 2967 4258 '56.

154 4316 239 4373 Τοῦ
278 4319 418 4389 ἁγίου
459 4318 799 4399 Ἱππολύτου,
925 4315 1017 4399 τοῦ
1058 4314 1214 4385 λόγου
1247 4315 1327 4379 εἷς
1354 4313 1453 4388 τὴν
1492 4311 1663 4386 ἀρχὴν
1689 4315 1742 4376 D
1902 4315 2086 4374 Sancti
2116 4317 2387 4390 Hippolyti
2415 4334 2481 4399 es
2519 4332 2546 4399 s

686 4390 780 4443 τοῦ
832 4386 1073 4442 Ἡσαΐου.
1411 4386 1419 4388 ἡ

2186 4386 2204 4390 ’
2222 4386 2239 4390 ⁷
2314 4386 2330 4390 ⁷
2448 4388 2620 4444 Isaiae.

206 4482 438 4557 Αἰγύπτῳ
476 4484 577 4557 μὲν
602 4482 693 4537 τὸν
724 4482 926 4553 κόσμον
964 4479 1249 4544 ἀπείκασε,
1275 4477 1664 4552 χειροποτήτοις

1833 4481 2065 4555 Egypto
2093 4481 2311 4552 quidem
2357 4480 2619 4535 mundum
2654 4478 3009 4548 comparavit,
3062 4475 3316 4534 manufa—

152 4570 302 4646 δὲτὴν
335 4572 760 4646 εὶδωλολατρίαν,
801 4570 1007 4644 σεισμῷ
1048 4569 1105 4624 δὲ
1132 4567 1230 4643 τὴν
1275 4567 1664 4641 μετανάστασιν

1774 4576 1867 4633 etis
1897 4592 2027 4632 vero
2059 4573 2439 4639 idololatriam,
2474 4582 2631 4627 terrae
2659 4571 2827 4627 motui
2858 4570 3091 4640 denique
3121 4570 3315 4625 interi-

153 4664 230 4718 καὶ
251 4667 525 4722 κατάλυσιν
552 4667 723 4739 αὐτῆς
741 4682 755 4696 ’
784 4664 985 4737 Κύριον
1011 4663 1069 4717 δὲ
1098 4662 1190 4717 τὸν
1215 4662 1405 4733 Λόγον,
1442 4660 1664 4732 νεφέλην

1774 4679 1880 4726 ιιιηι
1910 4677 1964 4725 et
1987 4668 2318 4724 eversionem
2341 4664 2512 4734 ipsius
2539 4680 2553 4717 :
2576 4660 2862 4717 Dominum
2886 4676 3048 4731 porro
3075 4659 3312 4716 Verbum

153 4751 199 4806 δὲ
219 4755 424 4830 κούφην,
438 4759 498 4812 τὸ
521 4756 900 4831 καθαρώτατον
929 4754 1147 4826 σκῆνος,
1164 4753 1243 4818 είς
1267 4753 1296 4807 6
1310 4752 1664 4827 ὲνθρονισθεὶς

1774 4760 1897 4816 nubi
1919 4758 2042 4824 levi,
2070 4756 2363 4827 purissimo
2392 4750 2778 4819 tabernaculo;
2813 4752 2867 4805 in
2895 4766 3004 4821 quo
3025 4749 3316 4835 considens

152 4847 176 4898 6
215 4848 394 4922 Κύριος
446 4851 603 4924 ἡμῶν
656 4850 857 4922 Ἰησοῦς
899 4847 1128 4922 Χριστὸς
1166 4846 1410 4920 εἰσῆλθεν
1457 4847 1535 4911 είς
1573 4846 1664 4902 τὸν

1774 4848 2027 4908 Dominus
2057 4857 2238 4904 noster
2265 4844 2423 4900 Jesus
2451 4842 2723 4909 Christus,
2755 4843 2811 4897 in
2844 4842 3006 4897 vitam
3035 4843 3315 4914 ingressus

156 4938 268 5012 βίον,
294 4948 458 5000 σεῖσαι
480 4946 582 5017 τὴν
605 4944 832 5016 πλάνην.

1902 4315 2086 4374 Sancti
2116 4317 2387 4390 Hippolyti
2415 4334 2481 4390 εκ
2519 4331 2765 4390 sermone
2805 4316 2858 4370 in
2895 4313 3176 4370 exordium
3269 4362 3281 4372 .

1767 4953 1851 5000 εει
1877 4951 1937 4997 ιιι
1964 4953 2202 4996 errorem
2228 4941 2558 4992 concuteret.

1687 5033 1780 5090 IX.

156 5121 225 5179 Ec
247 5131 463 5185 oratione
484 5129 711 5184 secunda
731 5129 786 5183 in
811 5126 1103 5182 Danielem.
1126 5155 1198 5168 -
1220 5130 1372 5199 Apud
1388 5127 1720 5183 Eustratium
1742 5126 2096 5199 presbyterum
2113 5118 2223 5199 (ΖΡ2
2238 5121 2303 5199 ξπ
2330 5127 2560 5199 tractatu
2571 5115 2962 5199 Adversuseos
2988 5114 3313 5199 quidicunt,

210 5199 401 5272 animas
421 5184 601 5255 statim
622 5209 782 5270 atque
798 5214 837 5272 9
861 5213 1088 5272 corpore
1113 5184 1305 5255 soluta:
1325 5210 1469 5272 sunt,
1493 5215 1605 5272 non
1633 5184 1866 5272 operari,
1887 5184 2010 5257 ita,
2038 5208 2155 5272 cap.
2203 5190 2289 5243 l9.
2327 5187 2622 5270 Ex'Allatio
2655 5185 2728 5241 De
2746 5184 3038 5272 utriusque
3060 5184 3316 5241 Ecclesia:

212 5256 759 5341 OccidentaliS'atque
789 5256 1079 5325 Orienialis
1109 5280 1365 5341 perpetua
1394 5256 1724 5341 iu'dogmaie
1749 5268 1815 5323 de
1838 5256 2155 5337 purgatorio
2180 5259 2555 5321 consensione,
2583 5273 2703 5327 pag.
2734 5256 2859 5311 492.

154 5357 292 5427 Λέγει
352 5363 528 5434 τοίνυν
591 5361 892 5434 Ἱππόλυτος
937 5361 980 5434 ,ό
1042 5360 1271 5434 μάρτυς
1302 5359 1398 5434 και,
1440 5361 1662 5434 ἐπίσκρτ.

1774 5358 1858 5412 Ait
1888 5370 2019 5426 ergo
2064 5351 2378 5434 Hippolytus
2427 5345 3313 5434 martyrnetepiscopusliomze,

211 5417 298 5494 πος
314 5500 340 5512 _
356 5432 571 5505 Ῥώμης
614 5434 671 5487 ὲν
698 5431 774 5503 τῷ
798 5417 1203 5504 δεύτέρῳ’λόγῳ
1228 5417 1308 5496 είς
1337 5431 1428 5485 τὸν
1467 5431 1664 5503 Δανιὴλ

1953 5417 1981 5426 ⁷
2008 5417 2509 5479 οταιὶόιιοέοοιιιιᾱε
2546 5417 2599 5473 in
2629 5417 2925 5482 Danielem,
2957 5418 3075 5472 sic:

207 5515 428 5556 τοιαυτα·
970 5515 974 5519 ⁴
1434 5538 1437 5545 -

207 5589 327 5645 Τότε
368 5592 462 5663 μὲν
490 5586 582 5647 οὗν
612 5592 809 5658 συστὰς
844 5591 1099 5666 Ἀζαρίας
1135 5591 1250 5663 ἅμα
1285 5593 1399 5657 τοῖς
1429 5591 1664 5655 λοιποῖς,

1840 5585 1995 5643 Tunc
2026 5597 2155 5640 vero
2187 5590 2340 5638 stans
2364 5579 2590 5635 Azarias
2623 5593 2747 5634 cum
2779 5575 3009 5640 caeteris,
3032 5574 3236 5646 hymno
3263 5583 3317 5629 et

153 5677 209 5732 δι’
235 5679 389 5753 ὕμνου
418 5685 515 5738 καὶ
539 5684 696 5756 εὐχῆς
732 5664 1144 5757 ἐξομολογοῦντο
1166 5684 1246 5756 τῷ
1277 5682 1395 5755 Θεῷ
1421 5684 1479 5738 ὲν
1521 5682 1664 5754 μέσῳ

1774 5679 2020 5751 precibus
2049 5674 2215 5731 Deum
2244 5673 2534 5729 laudabant
2569 5669 2624 5725 in
2655 5669 2833 5725 medio
2858 5666 3108 5723 fornacis.
3144 5664 3312 5722 timor-

213 5796 398 5855 “Psal.
430 5815 629 5864 “ml,
661 5801 714 5857 5.
