3830 7152
462 345 561 400 8⁵η

1090 344 1148 401 S.
1189 344 1552 402 HIPPOLYTI
1591 345 1738 402 OPP.
1777 343 1957 401 PARS
1991 344 2059 401 ll.

2206 340 2507 401 DOGMAT.
2546 340 2635 396 ET
2672 336 3009 407 HlSTORlC.

1420 747 1576 903 S.
1708 742 2752 901 HIPPOLYTI

1384 1134 1389 1139 ,
1751 1026 2368 1120 NARRATIO

852 1227 956 1288 DE
1008 1228 1347 1291 VIRGINE
1402 1221 1954 1290 CORINTHIACA
2012 1221 2117 1283 ET
2169 1222 2279 1283 DE
2334 1219 2677 1295 QUODAM
2742 1214 3363 1281 MAGISTRIANO.

1223 1393 1407 1472 Apud
1452 1390 1805 1453 Palladium
1855 1391 1925 1453 in
1954 1388 2235 1452 Historia
2293 1387 2614 1463 Lausiaca,
2675 1404 2811 1465 cap.
2853 1385 2989 1447 1&8.

1700 1553 1970 1619 (Casum.
2004 1549 2250 1613 Biblioth,
2270 1550 2338 1613 II,
2361 1552 2468 1602 513.

667 1855 927 1912 Narratio
962 1852 1234 1923 Hippolyti
1256 1894 1280 1923 ,Α
1306 1852 1395 1922 qui
1432 1851 1531 1919 fuit
1588 1850 1876 1922 familiaris

1078 1921 1455 1992 apostolorum.

568 2041 627 2096 ln
648 2040 755 2096 alio
778 2039 919 2094 libro
939 2038 1028 2093 cui
1060 2046 1177 2092 erat
1206 2034 1526 2105 inscriptum
1547 2048 1741 2089 nomen
1761 2031 2051 2105 Hippolyti,

492 2132 589 2202 qui
634 2130 739 2186 fuit
773 2127 1059 2183 familiaris
1100 2124 1511 2196 apostolorum,
1560 2122 1740 2178 inveni
1786 2122 2053 2191 ejusmodi

490 2218 900 2275 narrationem:
938 2234 957 2268 ι
989 2214 1113 2270 Fuit
1141 2213 1389 2285 quaedam
1420 2213 1759 2269 nobilissima
1798 2213 1952 2283 virgo
2002 2220 2056 2266 et

495 2309 917 2373 formosissima,
944 2320 1066 2377 qua:
1089 2308 1145 2360 in
1170 2305 1280 2359 vita
1304 2319 1372 2360 ex
1408 2305 1607 2360 virtute
1649 2303 1857 2373 agenda
1898 2319 2056 2359 exer-

496 2401 722 2456 cebatur
744 2396 1014 2453 Corinthi.
1054 2394 1207 2450 lianc
1230 2394 1323 2450 illo
1354 2402 1596 2465 tempore
1634 2394 1944 2450 detulerunt
1988 2393 2059 2449 ad

486 2491 749 2562 judicem,
773 2488 868 2558 qui
892 2496 1011 2542 erat
1027 2487 1264 2558 gentilis,
1293 2486 1350 2541 in
1372 2494 1611 2556 tempore
1631 2493 2058 2556 persecuturum,

497 2592 560 2639 ut
590 2596 713 2654 qua:
741 2579 1047 2636 maledictis
1068 2579 1363 2634 incesseret
1380 2586 1435 2632 et
1467 2587 1708 2648 tempora
1746 2586 1802 2631 et
1827 2576 2077 2646 imperaw

493 2690 642 2732 tores
668 2682 725 2730 et
775 2672 1089 2730 simulacra.
1145 2670 1529 2741 Proponebant
1575 2678 1753 2724 autem
1787 2668 1906 2739 ejus
1939 2667 2063 2738 pul-

495 2766 861 2825 chritudinem
887 2765 1082 2820 harum
1110 2778 1294 2819 rerum
1317 2768 1736 2832 cauponatores,
1778 2759 1947 2830 impio
1969 2759 2062 2831 jn-

497 2857 607 2914 dici
633 2856 866 2913 feminas
888 2855 1083 2911 insano
1103 2867 1290 2908 amore
1320 2852 1659 2923 depereunti.
1682 2852 1733 2907 Is
1760 2865 1890 2907 vero
1912 2849 2066 2920 cqui-

499 2950 589 3006 nis
626 2948 872 3012 auribus,
910 2955 966 3002 et
994 2944 1229 3001 feminas
1261 2943 1454 2999 insane
1497 2942 1808 2998 amantibus
1855 2942 2065 3014 cogita-

500 3041 743 3098 tionibus
770 3038 980 3108 accepit
1007 3035 1361 3093 calumniam.
1392 3033 1471 3090 Ea
1495 3042 1673 3090 autem
1712 3033 1974 3105 producta
1998 3031 2068 3088 ad

2072 1728 2143 1741 ’.-

2075 1861 2125 1918 Α

2298 1846 2583 1918 Διήγησις
2620 1848 2965 1904 Ἱππολύτου
2988 1848 3092 1904 τοῦ
3122 1848 3456 1918 γνωρίμου
3486 1847 3601 1902 τῶν

2742 1921 3113 1973 ἀποστόλων.

2236 2035 2323 2088 Ἔν
2351 2033 2493 2105 ἄλλῳ
2532 2032 2843 2103 βιϐλιδαρίῳ
2885 2030 3377 2104 ἐπιγεγραμμένῳ
3439 2030 3724 2086 Ἱππολύτου

2152 2125 2247 2181 τοῦ
2269 2125 2540 2197 γνωρίμου
2568 2124 2677 2178 τῶν
2714 2126 3043 2190 ἀποστόλων,
3083 2123 3256 2199 εὗρον
3299 2126 3559 2197 διήγημα
3586 2127 3728 2179 τοιοῦ-

2154 2235 2245 2272 τον
2263 2233 2276 2247 ·
2305 2216 2675 2288 Εύγενεστάτη
2699 2234 2782 2281 τις
2810 2217 2919 2288 (89)
2966 2217 3061 2271 καὶ
3096 2216 3439 2288 ὡραιοτάτη
3488 2216 3723 2285 παρθένος

2156 2307 2399 2380 ὑπῆρχεν
2432 2310 2489 2363 ἐν
2514 2311 2579 2380 τῇ
2614 2309 2862 2381 Κορίνθῳ
2891 2308 3040 2362 πόλει
3059 2307 3400 2379 ἀσκουμένη
3423 2309 3507 2369 είς
3526 2307 3612 2360 τὸν
3630 2307 3728 2360 ἐνά-

2159 2417 2310 2475 ρετον
2336 2400 2465 2471 βίον.
2517 2400 2731 2473 Ταύτην
2760 2403 2880 2456 κατ’
2922 2403 3094 2456 ἐκεῖνο
3129 2400 3348 2473 καιροῦ
3392 2398 3632 2453 διέϐαλον
3662 2398 3723 2469 τῷ

2158 2492 2275 2546 τότε
2307 2491 2573 2556 δικάζοντι
2598 2492 2815 2565 ’Έλληνι
2834 2492 2945 2546 ὄντι
2974 2493 3065 2547 ἐπὶ
3100 2491 3198 2546 τοῦ
3233 2489 3448 2563 καιροῦ
3492 2489 3596 2543 τῶν
3622 2490 3724 2542 διω-

2160 2583 2322 2648 κτῶν,
2348 2581 2422 2647 ὡς
2456 2582 2876 2655 βλασφημοῦσαν
2908 2582 3003 2636 καὶ
3046 2583 3173 2646 τοὺς
3221 2582 3471 2653 καιροὺς
3509 2579 3597 2632 καὶ
3625 2579 3725 2642 :05);

2163 2675 2429 2748 βασιλεῖς,
2474 2677 2567 2730 καὶ
2603 2676 2672 2731 τά
2720 2675 2934 2730 εἴδωλα.
2962 2674 3324 2747 Προεπείνων
3345 2675 3368 2697 ⁹
3394 2672 3456 2726 δὲ
3478 2672 3540 2725 τὸ
3559 2671 3724 2741 ταύτης

2163 2769 2376 2834 κάλλος,
2404 2770 2455 2823 οἱ
2487 2770 2616 2843 ’περί⁵
2638 2768 2709 2822 τὰ
2734 2769 2957 2824 τοιαῦτα
2989 2768 3233 2841 κάπηλοι
3254 2763 3720 2837 γυναικομανούπι

2163 2862 2241 2935 τῷ
2271 2862 2415 2934 ἀθέῳ
2440 2862 2548 2916 τῶν
2575 2862 2860 2916 δικαστῶν.
2903 2861 2963 2916 '0
2986 2862 3041 2915 δὲ
3066 2861 3243 2933 ἡδέως
3271 2859 3500 2924 ἐδέξατο
3527 2858 3617 2929 τὴν
3631 2856 3719 2909 δια·

2167 2951 2326 3025 σολὴν
2355 2956 2467 3018 τοῖς
2499 2955 2737 3017 ἱππικοῖς
2762 2952 2963 3018 ὡτίοις,
2998 2953 3091 3006 καὶ
3127 2954 3246 3015 τοῖς
3286 2950 3621 3022 θηλυμανέσι
3655 2948 3720 2999 λο-

2169 3049 2402 3118 γισμοῖς.
2429 3030 2834 3119 Προσαχθείσης
2857 3046 2914 3100 δὲ
2945 3045 3146 3117 ταύτης
3178 3045 3263 3117 τῷ
3284 3043 3579 3117 μιαιφόνῳ,
3610 3040 3717 3094 πολῦ

505 3132 785 3190 hominem
814 3130 1137 3185 sceleratum
1162 3167 1180 3195 ,
1209 3126 1382 3182 multo
1420 3127 1597 3198 magis
1643 3126 1833 3182 insana
1877 3133 2069 3195 captus

2178 3138 2334 3192 πλέον
2364 3140 2431 3210 τῇ
2470 3138 2676 3210 ἀσωτίᾳ
2696 3140 3026 3210 ἐκμέμηνεν.
3063 3138 3153 3202 Ὧς
3182 3137 3243 3190 δὲ
3279 3137 3477 3191 πᾶσαν
3510 3131 3719 3204 μηχανὴν

506 3234 591 3285 est
617 3223 1058 3294 intemperantia.
1086 3220 1379 3293 Postquam
1405 3197 1585 3276 autem
1607 3220 1859 3275 omnibus
1882 3220 2073 3277 adver-

2178 3230 2288 3284 κατ’
2319 3197 2499 3300 αὖθις
2521 3197 2799 3301 κινήσαςδ
2832 3197 3075 3301 ῥέύηλος,
3107 3197 3209 3298 τὴν
3242 3225 3349 3280 τοῦ
3375 3197 3522 3279 Θεοῦ·

507 3333 606 3374 sus
625 3332 744 3373 eam
768 3314 1027 3371 adhibitis
1044 3314 1312 3371 machinis
1334 3313 1477 3369 hanc
1494 3312 1588 3368 Dei
1615 3311 1888 3367 hominem
1914 3312 2069 3368 sedu-

507 3424 631 3467 cere
688 3424 799 3464 uon
849 3406 1023 3478 potuit
1069 3406 1332 3477 profanus
1381 3404 1566 3468 homo,
1590 3402 1759 3457 variis
1792 3401 2073 3457 tormentis

509 3499 740 3572 subjecit
764 3498 955 3555 fortem
982 3496 1261 3553 feminam.
1293 3494 1490 3553 Verum
1509 3510 1633 3550 cum
1662 3509 1730 3549 ne
1751 3493 1836 3548 his
1856 3492 2071 3562 quidem

508 3591 654 3663 quod
681 3590 894 3645 volebat
919 3588 1081 3645 fuerit
1101 3596 1403 3653 assecutus,
1423 3595 1483 3641 ut
1509 3585 1602 3655 qui
1627 3598 1734 3638 non
1760 3591 1940 3653 posset
1956 3596 2076 3635 eam

508 3685 779 3741 abducere
809 3698 841 3738 a
866 3682 1067 3738 Christi
1112 3678 1493 3741 confessione,
1538 3676 1593 3731 in
1630 3690 1751 3731 eam
1795 3673 2077 3729 insaniens

512 3775 770 3838 crudelis,
805 3771 1072 3843 ejusmodi
1101 3785 1263 3841 poena
1296 3766 1475 3840 ipsam‘
1521 3765 1719 3821 at'fecit.
1753 3763 1973 3820 Castam
2025 3772 2080 3819 et

513 3873 901 3937 temperantem
926 3863 1187 3920 feminam
1215 3876 1423 3932 ponens
1450 3859 1503 3914 in
1538 3857 1871 3928 prostibula,
1912 3855 2081 3925 jussit

514 3959 566 4015 ei
597 3960 692 4030 qui
737 3972 831 4013 eas
872 3955 1204 4028 possidebat,
1238 3953 1424 4008 dicens
1460 3966 1476 4006 :
1506 3949 1657 4005 Hanc
1684 3949 1818 4003 mihi
1847 3962 1998 4018 cape,
2027 3955 2081 4002 et

514 4060 628 4106 tres
656 4062 910 4105 nummos
946 4061 1099 4101 esea
1127 4045 1195 4100 ad
1231 4060 1317 4101 me
1338 4042 1488 4100 defer
1515 4041 1777 4115 quotidie.
1821 4039 1872 4098 ls
1901 4048 2081 4095 autem

517 4158 713 4198 aurum
740 4140 959 4212 exigens
980 4154 1048 4193 ex
1073 4135 1218 4206 turpi
1240 4135 1470 4199 actione,
1492 4148 1612 4189 eam
1645 4131 1868 4187 tradidit
1897 4129 2085 4184 volen-

518 4239 667 4295 tibus
688 4238 743 4292 in
770 4234 978 4291 ofﬁcina
1011 4230 1358 4288 abominandi
1391 4228 1601 4299 ﬂagitii.
1638 4227 1775 4282 Cum
1803 4227 1917 4280 haec
1953 4237 2082 4295 ergo

519 4330 802 4388 novissent
833 4326 929 4397 qui
962 4324 1283 4380 tenebantur
1312 4322 1508 4377 insano
1555 4335 1742 4376 amore
1771 4317 2080 4379 mulierum,

522 4422 835 4482 assidebant
861 4417 1134 4474 scelerata:
1157 4413 1307 4469 exitii
1336 4412 1584 4475 oﬂicinze,
1621 4409 1922 4466 mercedem
1950 4408 2084 4463 dan-

525 4525 609 4573 tes
656 4514 955 4569 inbonestas
999 4505 1335 4578 operationis
1383 4503 1770 4574 cupientesque
1822 4515 1945 4556 cum
1990 4500 2080 4554 illa

526 4607 764 4678 turpiter
786 4603 1063 4676 congredi.
1099 4600 1193 4655 llla
1230 4608 1412 4655 autem
1448 4598 1600 4667 virgo
1625 4592 2007 4650 honestissima
2034 4600 2090 4646 et

527 4700 585 4755 in
604 4699 796 4769 primis
822 4698 1152 4761 veneranda,
1182 4703 1237 4751 et
1249 4694 1412 4750 verba
1441 4693 1508 4748 ad
1527 4689 1895 4761 deceptionem
1924 4686 2091 4741 defle-

530 4800 704 4855 ctens,
730 4790 1044 4860 suppliciter
1066 4789 1146 4846 eis
1180 4788 1417 4851 dicebat,
1444 4799 1679 4858 rogans:
1714 4780 1899 4837 Habeo
1932 4780 2089 4835 ulcus

532 4883 588 4939 in
616 4882 735 4937 loco
756 4882 1002 4947 occulto,
1044 4881 1189 4953 quod
1240 4878 1552 4935 mirandum
1585 4878 1639 4931 iu
1681 4872 1902 4931 modum
1950 4872 2125 4953 male.

532 4971 675 5040 olet;
695 4980 750 5028 et
770 4973 933 5028 timeo
952 4988 1018 5028 ue
1045 4950 1142 5027 vos
1162 4970 1269 5026 mei
1291 4969 1477 5025 odium
1499 4967 1675 5038 capiat
1698 4973 1915 5036 pr0pter
1935 4950 2091 5019 ulcus

534 5064 915 5121 aversandum.
961 5064 1252 5120 Concedite
1288 5078 1417 5135 ergo
1463 5060 1598 5117 mihi
1640 5073 1842 5130 paucos
1870 5056 2006 5122 dies,
2039 5063 2092 5110 et

537 5168 668 5212 tunc
712 5155 895 5211 licebit
932 5171 1031 5211 vos
1075 5156 1160 5211 vel
1199 5169 1286 5210 me
1341 5154 1543 5209 habere
1571 5150 1756 5223 gratis.
1791 5148 1886 5203 llis
1911 5148 2091 5203 verbis

536 5264 827 5322 persuasus
853 5247 1274 5318 intemperantes
1308 5245 1522 5300 interim
1554 5242 1880 5298 amandabat
1910 5240 2088 5295 beata.

537 5337 787 5395 Assiduis
813 5346 991 5393 autem
1016 5337 1268 5408 precibus
1288 5335 1454 5390 Deum
1483 5335 1724 5404 placans,
1751 5343 1805 5388 et
1830 5346 2089 5401 compun-

516 5432 643 5488 'ctis
667 5429 1152 5502 supplicationibus
1172 5445 1295 5486 eum
1318 5427 1522 5483 inﬂexit
1546 5426 1613 5481 ad
1641 5424 2087 5481 misericordiam.

547 5523 838 5579 Attendens
871 5537 1001 5594 ergo
1041 5520 1185 5578 Deus
1222 5522 1315 5594 qui
1363 5520 1510 5576 novit
1533 5518 1919 5590 cogitationes,
1954 5530 2093 5586 quo—

2171 3339 2270 3377 πον
2297 3324 2479 3376 πεῖσαι
2505 3321 2605 3375 ούκ
2623 3320 2882 3393 ⁴ιλδυνήίλη.
2905 3321 3182 3393 διαφόροις
3203 3318 3427 3383 αἰκίαις
3445 3315 3633 3386 ταύτην
3645 3315 3719 3384 τὴν

2171 3412 2420 3484 γενναίαν
2457 3412 2739 3466 ὑπέϐαλεν.
2801 3412 2887 3476 Ὦς
2906 3412 2963 3466 δέ
2987 3413 3080 3467 καὶ
3110 3413 3167 3465 ἐν
3192 3410 3422 3473 τούτοις
3467 3408 3713 3476 ἀπέτυχεν,

2177 3503 2252 3577 μὴ
2273 3503 2493 3575 ἰσχύσας
2523 3503 2691 3576 αὐτὴν
2721 3504 3021 3575 ἀποστῆσαι
3042 3503 3140 3575 τῆς
3169 3500 3478 3575 ὁμολογίας
3523 3499 3615 3567 τῆς
3647 3495 3716 3549 τοῧ

2174 3595 2430 3669 Χριστοῦ.
2464 3596 2766 3667 ἀπομανεὶς
2791 3596 2929 3668 πρὸς
2951 3594 3117 3668 αὐτὴν
3133 3598 3162 3650 ὁ
3183 3597 3493 3668 ἀνήμερος,
3523 3591 3631 3644 τότε
3654 3604 3714 3639 rt-

2178 3690 2359 3762 μωρίᾳ
2403 3687 2628 3763 τοιαύτῃ
2660 3689 2829 3760 αὐτὴν
2864 3689 3194 3760 παρέδωκεν.
3241 3682 3463 3760 Στήσας
3497 3685 3590 3754 τὴν

2177 3797 2345 3852 φρονα
2367 3782 2446 3844 είς
2475 3783 2720 3851 πορνεῖον
2739 3819 2754 3845 ,
2805 3779 3103 3833 ἐνετείλατο
3153 3778 3231 3850 τῷ
3263 3779 3472 3842 ταύτας
3513 3776 3709 3844 νέμοντι,

2176 3867 2379 3938 λέγων’
2429 3867 2588 3932 Δέξαι
2629 3866 2853 3940 ταύτην.
2891 3868 3299 3939 καὶιήμερήσιά
3354 3885 3446 3940 μοι
3491 3864 3551 3930 ἐξ
3582 3860 3713 3927 mhi;

2176 3958 2305 4031 τρία
2326 3958 2631 4030 νομίσματα
2660 3957 2976 4030 ἀποκόμιζε.
3014 3959 3071 4012 '0
3096 3959 3153 4012 δὲ
3178 3957 3626 4028 εἰσπραττόμενος
3643 3950 3711 4003 τὸν

2179 4054 2244 4106 ἐκ
2271 4053 2368 4124 τῆς
2391 4051 2819 4123 αίσχροπραγίας
2849 4051 3067 4123 χρυσὸν,
3096 4050 3314 4104 ἔκδοτον
3336 4049 3505 4119 αὐτὴν
3528 4046 3710 4113 ἔστησεν

2178 4142 2291 4205 τοῖς
2312 4139 2668 4212 βουλομένοις,
2700 4142 2757 4193 ἐν
2791 4140 2868 4211 τῷ
2900 4138 2994 4194 τοῦ
3030 4140 3231 4212 μύσους
3255 4136 3608 4213 ἐργαστηρίῳ.
3647 4130 3708 4192 ὀἱ

2180 4230 2273 4289 οὖν
2294 4233 2534 4305 ἔγνωσαν
2559 4234 2610 4287 οἱ
2634 4233 2763 4305 περὶ
2785 4232 2854 4287 τὰ
2875 4230 3588 4303 τοιαῦταιςγυναικοῖέρακες,
3603 4239 3708 4294 παρ·

2181 4326 2402 4399 ήδρευον
2433 4324 2512 4396 τῷ
2561 4324 2858 4397 παρανόμῳ
2884 4323 3244 4396 ἐργαστηρίῳ,
3279 4322 3513 4382 διδόντες
3541 4317 3617 4370 τὸν
3633 4313 3706 4380 τῆς

2182 4418 2374 4489 ἀτίμου
2408 4417 2672 4490 ἐργασίας
2702 4415 2911 4489 μισθὸν,
2947 4417 3039 4469 καὶ
3070 4415 3380 4486 βουλόμενοι
3421 4410 3583 4481 ταύτῃ
3605 4405 3704 4476 πρὸς

2113 4544 2154 4602 c
2186 4508 2389 4581 φθορὰν
2411 4509 2635 4580 ὁμιλεῖν.
2676 4510 2740 4563 Ἦ
2770 4509 2826 4563 δέ
2855 4509 3154 4581 σεμνοτάτη
3188 4507 3352 4578 αὕτη,
3389 4502 3615 4562 καὶτοὺς
3640 4497 3703 4549 M-

2189 4622 2319 4675 γους
2344 4604 2477 4677 πρὸς
2506 4604 2721 4676 ἀπάτην
2754 4603 3101 4669 ἐκκλίνουσα,
3148 4597 3516 4673 ἐκλιπαροῦσα
3549 4593 3702 4650 αὐτοὺς

2194 4696 2511 4769 παρεκάλει,
2538 4696 2795 4766 λέγουσα’
2835 4696 2955 4751 Ὀτι
2977 4695 3133 4760 ἓλκος
3163 4696 3272 4767 ἔχω
3307 4713 3362 4750 τι
3392 4695 3469 4756 εἰς
3509 4701 3704 4758 stupui“

2196 4790 2357 4862 μένον
2385 4787 2567 4849 τόπον,
2601 4788 2737 4861 ὅπερ
2760 4787 3000 4859 ἐσχάτως
3024 4786 3134 4852 ὄζει
3151 4805 3164 4817 ·
3193 4789 3288 4841 καὶ
3318 4786 3525 4841 δέδοικα
3554 4779 3615 4850 μὴ
3643 4777 3700 4834 εἰς

2196 4882 2350 4952 μῖσος
2380 4895 2481 4951 μου
2518 4877 2707 4949 ἔλθητε
2746 4878 2823 4950 τῷ
2865 4878 3218 4951 ἀποτροπαίῳ
3258 4879 3350 4932 τοῦ
3381 4877 3574 4936 ἕλκους.
3608 4868 3701 4919 Ἕν-

2190 4972 2309 5027 δοτε
2338 4969 2429 5026 οὖν
2452 4988 2542 5043 μοι
2572 4971 2757 5041 ὀλίγας
2779 4971 3008 5043 ἡμέρας,
3042 4973 3136 5025 καὶ
3168 4972 3411 5038 ἐξουσίαν
3456 4984 3548 5041 μου
3583 4961 3695 5030 ἔχετε

2194 5064 2289 5119 καὶ
2312 5063 2517 5135 δωρεάν
2546 5079 2612 5134 με
2636 5062 2795 5133 ἐχειν.
2829 5061 3051 5126 Τούτοις
3069 5062 3125 5116 δὲ
3154 5065 3267 5125 τοῖς
3294 5059 3524 5135 λόγοις-ἡ
3560 5067 3696 5124 μακα-

2196 5153 2285 5225 ρία
2318 5132 2556 5207 πείσασα
2581 5132 2706 5215 τοὺς
2726 5150 2963 5216 ἀσώτους
2992 5152 3127 5215 τέως
3158 5132 3499 5223 ἀπέπεμψενῖ
3533 5144 3692 5212 Ἐμμε-

2191 5243 2475 5307 λεστάταις
2504 5243 2560 5297 δὲ
2589 5242 2799 5315 δεήσεσι
2821 5242 2913 5295 τὸν
2946 5243 3075 5297 Θεὸν
3106 5243 3479 5315 δυσωπήσασα,
3510 5235 3589 5290 καὶ
3624 5246 3695 5284 κα-

2191 5335 2609 5407 τανενυγμέναις
2630 5334 2853 5397 ἱκεσίαις
2892 5334 3074 5388 τοῦτον
3097 5336 3176 5399 είς
3209 5330 3575 5403 εύσπλαγχνίαν
3592 5337 3691 5377 κατ-

2201 5424 2462 5496 ἐκαμψεν.
2504 5412 2894 5497 Προσεσχηκὰῖς
2918 5426 3098 5491 ξτοίνυν
3125 5427 3155 5478 ὁ
3181 5425 3309 5490 Θεὸς
3349 5428 3376 5480 ὁ
3415 5422 3502 5483 τὰς
3531 5412 3690 5472 ἐννοίας

2200 5516 2374 5581 εἰδὼς,
2407 5517 2523 5581 πῶς
2556 5519 2620 5571 ἐκ
2653 5519 2874 5589 καρδίας
2912 5520 2946 5589 ὴ
2984 5517 3208 5590 σώφρων
3235 5520 3333 5590 τῆς
3366 5512 3561 5585 ἁγνείας
3590 5504 3684 5571 έκή⁰

580 5747 597 5760 θ
617 5676 729 5750 (89)
755 5677 1163 5760 Εὐτενεοντὰτη
1188 5677 1563 5760 τιςλΜοιῐιῖηίῑ
1589 5677 1752 5747 hujus
1779 5658 2010 5760 virginis
2039 5688 2076 5760 ei

2178 5675 2486 5745 icephorus,
2521 5675 2660 5732 Hist.
2692 5676 2959 5745 eccl.,lib.
3010 5692 3109 5745 vn,
3160 5691 3279 5748 cap.
3320 5677 3416 5743 i5,
3463 5668 3543 5728 sed
3585 5676 3678 5734 [κω-

550 5747 666 5819 cis;
694 5747 869 5820 neque
890 5750 1104 5821 uspiam
1134 5765 1253 5806 eam
1280 5748 1683 5805 Corinthiacam
1719 5762 1839 5804 esse
1864 5747 2092 5802 dictitat.
