3882 6332
183 362 265 417 ιῑδ
619 427 628 438 ,
1110 342 1464 403 NARRATIO
1485 342 1573 399 DE
1600 340 1878 399 VIBGINE
1892 339 2377 403 CORlNTHlACA.

3255 340 3358 396 ειη

183 484 307 541 δετο,
341 478 392 530 ἐν
431 472 655 535 ἐκείναις
680 473 799 535 ταῖς
830 468 1062 542 ἡμέραις
1085 467 1430 540 ᾠκονόμησεν
1473 464 1503 516 δ
1529 461 1694 533 φύλαξ

1805 462 1966 518 modo
1996 471 2147 517 easta
2182 458 2455 531 pudicitia:
2488 474 2671 515 curam
2701 448 2917 529 gerebat
2940 475 3006 515 ex
3055 459 3260 525 animo,
3300 460 3356 518 in

181 571 261 642 τῆς
284 560 796 633 πάντωνάνθρὼπων
823 560 1095 631 σωτηρίας
1123 557 1324 611 τοιόνδε
1347 574 1421 611 τι.

1801 554 1909 608 illis
1937 552 2130 609 diebus
2157 567 2257 623 pro
2284 550 2459 607 salute
2483 551 2726 608 omnium
2757 552 2863 607 tale
2896 551 3027 624 quid
3059 550 3281 608 struxit.

1468 692 1664 768 1bid.,
1704 708 1843 770 cap.
1884 691 2019 752 1&9.

513 822 645 890 Περὶ
673 817 1109 890 Μαγιστριανοῦ
1132 818 1310 884 τινός.

239 937 502 997 Νεανίσκος
536 950 618 996 τις
646 932 754 1003 (90)
787 931 1189 1004 Μαγιστριανδς
1213 930 1322 1002 (9|)
1350 968 1365 993 ,
1396 927 1595 1000 ὡραῖος
1620 927 1696 999 τῷ

181 1031 305 1091 εἴδει,
336 1025 547 1097 εὐσεϐὴς
577 1028 643 1096 τῇ
672 1023 886 1097 γνώμῃ,
991 1022 1290 1076 ἐντέθεικεν
1317 1024 1346 1076 ὁ
1377 1022 1507 1087 Θεὸς
1539 1021 1695 1093 ζῆλον

183 1114 501 1188 πνευματικὸν
520 1114 841 1185 πυριφλεγῆ,
865 1114 942 1178 ὡς
965 1114 1059 1167 καὶ
1086 1113 1317 1168 θανάτου
1352 1113 1695 1184 καταφρονῆ-

180 1227 279 1262 σαι·
300 1210 383 1260 καὶ
400 1204 638 1261 ἀπελθὼν
670 1204 749 1276 τῷ
788 1207 1024 1277 σχήματι
1061 1206 1158 1277 τῆς
1200 1204 1491 1269 ἀκολασίας
1520 1204 1697 1276 εἰσέρ-

179 1315 303 1369 χεται
329 1297 531 1368 βαθεῖαν
565 1295 803 1366 ἑσπέραν
844 1294 980 1367 πρὸς
1033 1295 1122 1349 τὸν
1159 1295 1424 1367 τρέφοντα
1465 1293 1693 1357 ταύτας,

178 1389 254 1442 καὶ
278 1388 469 1441 δίδωσιν
500 1384 648 1457 αὐτῷ
674 1385 833 1441 πέντε
857 1385 1188 1457 νομίσματα,
1218 1387 1310 1439 καὶ
1335 1385 1482 1454 λέγει
1508 1384 1655 1455 αὐτῷ
1679 1400 1692 1413 ⁸

176 1479 491 1551 Συγχώρησόν
523 1496 610 1551 μοι
646 1479 821 1549 μεῖναι
843 1476 1043 1548 ταύτην
1061 1476 1162 1548 τὴν
1195 1477 1365 1530 νύκτα
1396 1477 1533 1531 κατὰ
1564 1477 1695 1530 ταύ-

173 1572 361 1641 της’τῆς
383 1570 560 1641 κόρης.
596 1567 863 1623 Εἰσελθὼν
888 1564 980 1621 οὖν
1010 1570 1128 1639 μετ’
1164 1568 1332 1637 αὐτῆς
1354 1568 1431 1630 είς
1461 1566 1551 1620 τὸν
1570 1566 1695 1621 ἁπό-

174 1679 344 1734 κρυφον
366 1657 525 1725 οἷκον,
557 1660 706 1729 λέγει
732 1660 868 1731 αὐτῇ
895 1677 909 1689 ·
955 1660 1208 1724 Ἀνάστα,
1238 1657 1408 1713 σῶσον
1440 1660 1689 1731 σεαυτήν.

172 1752 261 1805 Καὶ
281 1749 489 1812 ἐκδύσας
511 1749 682 1819 αὐτὴν
705 1747 772 1801 τὰ
795 1747 1003 1818 ἱμάτια,
1033 1747 1126 1800 καὶ
1165 1749 1229 1818 τῇ
1270 1743 1463 1799 ἑαυτοῦ
1510 1742 1693 1815 ἐσθῆτι

2196 810 2272 868 De
2304 813 2531 884 quodam
2574 810 2935 883 Magistriano.

1868 925 2096 994 Quidam
2123 926 2456 990 adolescens,
2489 924 2898 998 Magistrianus,
2944 929 3121 998 specie
3149 927 3355 985 formo.

1800 1033 1914 1085 sus,
1943 1026 2120 1075 mente
2150 1019 2293 1089 pius,
2326 1019 2416 1073 cui
2444 1017 2585 1074 Deus
2611 1019 2785 1073 zelum
2811 1018 3032 1075 immisit
3056 1021 3352 1090 spiritalem

1799 1109 1933 1165 adeo
1955 1110 2231 1165 ardentem
2272 1119 2329 1164 ut
2349 1109 2513 1165 etiam
2543 1121 2771 1166 mortem
2813 1120 3199 1177 contemneret,
3229 1129 3352 1168 cum

1799 1208 2061 1269 praetextu
2113 1202 2541 1271 intemperantiae
2569 1217 2634 1257 eo
2683 1202 3037 1266 accessisset,
3086 1204 3355 1276 profundo

1799 1307 2024 1362 vespere
2069 1293 2366 1364 ingreditur
2398 1294 2465 1349 ad
2487 1308 2609 1350 eum
2635 1296 2726 1365 qui
2748 1296 2869 1371 illas
2891 1296 3083 1361 alebat,
3104 1307 3158 1353 ct
3182 1298 3274 1353 dat
3307 1300 3355 1354 ei

1801 1385 2040 1455 quinque
2064 1384 2289 1453 solidos,
2311 1393 2365 1441 et
2393 1385 2523 1442 dicit
2548 1391 2597 1442 ei
2620 1405 2633 1441 :
2659 1389 2905 1444 Concede
2954 1390 3088 1445 mihi
3139 1406 3357 1447 manere

1799 1477 1902 1531 hac
1933 1490 2089 1532 noete
2129 1492 2252 1532 cum
2278 1477 2377 1533 hac
2416 1479 2610 1549 puella.
2639 1477 2695 1533 ln
2726 1480 2900 1535 locum
2929 1496 3056 1551 ergo
3082 1483 3356 1538 occultum

1798 1580 1920 1620 cum
1950 1582 2012 1620 ea
2042 1567 2340 1636 ingressus,
2371 1565 2505 1621 dicit
2540 1567 2622 1623 ei:
2649 1567 2839 1638 Surge,
2877 1583 3031 1624 serva
3056 1578 3107 1625 te
3156 1570 3352 1640 ipsam.

1796 1654 1862 1711 Et
1889 1672 2011 1712 cum
2034 1672 2155 1712 eam
2185 1658 2299 1713 suis
2348 1656 2590 1713 veStibus
2618 1658 2912 1726 induisset,
2952 1660 3155 1727 tunica,
3188 1660 3357 1716 cami-

1798 1748 1901 1811 sia,
1932 1755 1986 1803 et
2016 1749 2332 1821 chlamyde,
2385 1758 2440 1804 et
2479 1749 2733 1805 omnibus
2756 1750 3033 1816 virilibus,
3087 1752 3218 1808 dicit
3267 1753 3352 1808 ei:

172 1842 510 1914 μεταμφιάσας
532 1840 720 1912 αὐτὴν,
747 1842 860 1903 τοῖς
890 1855 950 1892 τε
976 1837 1250 1909 καμισίοις
1269 1876 1284 1902 ,
1321 1837 1415 1890 καὶ
1448 1839 1514 1908 τῇ
1564 1834 1692 1907 χλα-

1802 1838 2079 1910 Egredere,
2130 1840 2185 1896 te
2228 1856 2442 1896 summa
2494 1841 2795 1913 chlamydis
2845 1852 2997 1913 parte
3040 1853 3354 1916 contegens.

171 1936 271 2006 μὺδι
293 1937 378 1989 καὶ
406 1937 513 1998 τοῖς
537 1934 800 2007 ἀνδρείοις
829 1934 1013 1996 πᾶσιν,
1041 1931 1189 1999 λέγει
1211 1931 1347 2002 αὐτῇ
1364 1946 1379 1960 ο
1424 1928 1514 1998 Τῷ
1542 1927 1696 2000 ἄκρῳ

166 2029 248 2097 τῆς
273 2026 520 2097 χλαμύδος
560 2023 1044 2098 περικαλυψαμένη
1106 2022 1306 2091 ἔξελθε.
1367 2022 1475 2075 Καὶ
1526 2021 1696 2084 οὕτως

168 2117 420 2191 ποιήσασα,
455 2120 546 2172 καὶ
576 2118 706 2190 ὅλην
749 2115 944 2188 ἑαυτὴν
994 2115 1336 2188 σφραγίσασα
1365 2113 1444 2185 τῷ
1488 2129 1693 2184 μυστη-

167 2213 250 2282 ρίῳ
266 2211 347 2264 τοῦ
370 2210 624 2283 σταυροῦ,
644 2208 929 2275 ἐξελθοῦσα
942 2206 1176 2279 ἅφθορος
1195 2206 1289 2260 τοῦ
1306 2206 1468 2259 τόπου
1490 2205 1692 2259 ἐκείνου

166 2290 242 2357 καὶ
277 2303 521 2375 ἀμίαντος
562 2300 840 2365 παντελῶς
874 2301 1228 2354 διασέσωσται
1268 2302 1337 2372 τῇ
1380 2299 1561 2373 χάριτι
1601 2297 1692 2353 τοῦ

166 2396 362 2467 Χριστοῦ
384 2437 399 2460 ,
431 2397 524 2450 καὶ
546 2398 619 2466 τῇ
662 2393 757 2448 τοῦ
795 2393 1075 2447 νεανίσκου
1112 2392 1295 2462 αἰτίᾳ,
1331 2390 1425 2446 τοῦ
1467 2391 1545 2462 τῷ
1580 2390 1694 2462 ίδίῳ

165 2489 323 2560 αἵματι
348 2489 545 2561 ταύτην
570 2488 671 2559 τῆς
687 2485 883 2557 ἀτίμου
909 2484 1111 2557 φθορᾶς
1136 2483 1558 2550 ἀπαλλάξαντος.
1584 2482 1695 2555 Τὴν

164 2579 200 2631 δ’
227 2578 368 2651 ἀλλην
391 2578 605 2652 ἡμέραν
632 2575 743 2648 (92)
777 2573 1021 2645 ἐγνώσθη
1051 2573 1111 2627 τὸ
1141 2573 1343 2645 δρᾶμα,
1367 2572 1460 2626 καὶ
1485 2587 1692 2643 προση-

166 2670 299 2742 νέχθη
343 2674 369 2726 ὁ
417 2668 824 2744 Μαγιστριανδς
857 2667 935 2739 τῷ
979 2665 1390 2737 θηριωδεστάτῳ
1443 2664 1691 2737 δικαστῇ.

175 2748 456 2837 Ἀνακρὶνας
493 2764 549 2818 δὲ
603 2762 695 2816 τὸν
729 2763 971 2832 γενναῖον
996 2759 1231 2832 ἀθλητὴν
1266 2758 1360 2812 τοῦ
1403 2757 1637 2832 Χριστοῦ
1667 2760 1696 2812 ὁ

166 2857 421 2929 ἀνήμερος,
451 2857 545 2910 καὶ
576 2855 754 2911 πάντα
789 2851 1006 2926 μαθὼν,
1041 2851 1249 2925 θηρίοις
1283 2850 1467 2905 τοῦτον
1513 2867 1694 2923 παρα-

166 2948 390 3021 δληθῆναι
415 2948 734 3002 ἐκέλευσεν·
761 2946 848 3000 ἴνα
889 2946 983 2999 καὶ
1025 2946 1082 3000 ὲν
1123 2943 1296 3014 τούτῳ
1333 2945 1361 2996 ὁ
1408 2942 1694 3014 μισόκαλος

166 3042 341 3115 δαίμων
367 3043 763 3118 καταισχυνθῇ.
794 3039 1038 3112 Νομίσας
1065 3038 1173 3109 γὰρ
1213 3036 1303 3091 τὸν
1344 3036 1584 3108 ἀνδρεῖον
1626 3038 1693 3108 τῇ

166 3135 370 3208 ἀθεμίτῳ
397 3136 639 3209 τιμωρία
663 3132 1004 3206 περιϐαλεῖν,
1046 3128 1262 3184 διπλοῦν
1304 3127 1552 3200 μάρτυρα
1600 3125 1694 3180 τοῦ

1797 1931 1927 1996 Quae
1954 1946 2077 1986 cum
2102 1932 2181 1989 sic
2211 1931 2448 1999 fecisset,
2473 1942 2527 1993 et
2556 1948 2616 1987 se
2639 1941 2808 1988 totam
2839 1934 2991 2004 signo
3020 1935 3197 1990 crucis
3236 1952 3358 1990 mu-

1796 2022 2003 2087 niisset,
2051 2038 2268 2093 egressa
2295 2039 2370 2094 ex
2404 2024 2494 2080 illo
2538 2025 2660 2080 loco
2694 2024 2917 2079 omnino
2968 2025 3276 2097 incorrupta
3304 2034 3359 2083 et

1795 2110 2098 2184 impolluta,
2133 2126 2344 2172 servata
2368 2126 2449 2172 est
2470 2116 2671 2172 Christi
2699 2116 2870 2187 gratia
2901 2125 2955 2172 et
2980 2133 3146 2173 causa
3175 2117 3359 2174 adole-

1796 2207 2015 2273 scentis,
2042 2208 2132 2279 qui
2155 2224 2274 2263 eam
2300 2224 2399 2266 suo
2419 2210 2684 2282 sanguine
2706 2209 2952 2265 liberavit
2978 2225 3009 2264 a
3034 2210 3174 2281 turpi
3200 2209 3354 2267 vitio.

1798 2297 2055 2369 Sequenti
2096 2310 2277 2356 autem
2303 2302 2389 2358 die
2417 2318 2503 2358 res
2557 2302 2659 2358 fuit
2689 2302 2901 2371 cognita
2922 2341 2937 2367 ,
2982 2310 3036 2358 et
3067 2302 3359 2373 productus

1795 2398 1879 2446 est
1906 2389 2286 2462 Magistrianus
2324 2392 2390 2448 ad
2422 2392 2779 2450 saevissimum
2799 2393 3059 2464 judicem.
3089 2394 3228 2450 Cum
3257 2410 3359 2450 au-

1796 2490 1902 2558 tem
1930 2490 2208 2536 strenuum
2237 2482 2440 2539 Christi
2466 2483 2725 2549 athletam
2754 2486 3116 2541 examinasset
3141 2486 3358 2558 impius,

1795 2582 1848 2626 ct
1900 2574 2080 2628 omnia
2132 2573 2451 2640 didicisset,
2494 2574 2661 2645 jussit
2698 2590 2822 2631 eum
2852 2576 3017 2647 objici
3063 2579 3271 2647 bestiis,
3304 2591 3362 2637 ut

1794 2662 1956 2717 etiam
1984 2663 2142 2720 bonis
2171 2664 2400 2722 infestus
2428 2666 2640 2724 daemon
2683 2670 2737 2724 in
2775 2684 2841 2725 eo
2873 2669 3175 2727 afﬁceretur
3202 2672 3361 2745 igno-

1795 2756 1982 2811 minia.
2014 2755 2149 2811 Nam
2175 2772 2297 2813 cum
2327 2759 2692 2816 existimas-set
2728 2762 2903 2817 virum
2953 2761 3147 2819 fortem
3173 2765 3227 2822 in
3261 2782 3363 2821 ne-

1797 2850 1992 2904 farium
2028 2850 2249 2921 injicere
2295 2851 2620 2922 supplicium
2646 2894 2661 2922 ,
2705 2869 2831 2909 eum
2865 2852 3042 2911 etl‘ecit
3093 2856 3361 2927 duplicem

1794 2942 1992 2998 Christi
2023 2952 2344 3016 martyrem;
2375 2945 2542 3015 utqui
2571 2952 2626 3001 et
2659 2961 2755 3018 pro
2783 2962 2880 3004 sua
2900 2947 3080 3004 anima
3112 2951 3367 3020 praelato

1795 3035 2233 3102 decertaverit,et
2251 3037 2447 3107 proilla
2468 3039 2622 3094 beata
2644 3038 2698 3093 in
2722 3039 2997 3097 laboribus
3012 3047 3229 3099 strenue
3244 3058 3366 3114 per-

1795 3129 2133 3183 severaverit.
2148 3127 2414 3195 Quocirca
2429 3128 2627 3200 duplici
2644 3130 2847 3186 honore
2861 3139 2914 3186 et
2928 3131 3137 3187 duabus
3152 3131 3373 3202 insigni-

166 3226 366 3298 Χριστοῦ
396 3230 584 3283 τοῦτον
611 3227 907 3298 ἀπέφηνεν,
936 3224 1028 3277 καὶ
1050 3222 1190 3295 ὑπὲρ
1222 3221 1319 3292 τῆς
1349 3219 1541 3273 ἑαυτοῦ
1571 3218 1694 3273 ἀθα-

1802 3220 1901 3276 bus
1928 3221 2145 3277 coronis
2171 3221 2365 3292 dignus
2399 3232 2481 3279 est
2503 3222 2718 3278 habitus
2739 3239 2768 3278 a
2793 3223 2993 3279 Christi
3018 3222 3367 3295 benignitate.

165 3320 298 3373 νάτου
324 3321 493 3392 ψυχῆς
514 3319 830 3391 ἀθλήσαντα
859 3315 1139 3385 γενναίως,
1171 3313 1265 3367 καὶ
1317 3310 1457 3381 ὑπὲρ
1513 3310 1614 3379 τῆς
1675 3310 1919 3382 ἀοιδίμου
1951 3313 2163 3385 ἐκείνης
2222 3314 2316 3367 καὶ
2356 3313 2629 3386 μακαρίας
2673 3313 2977 3388 ἀθλητικῶς
3025 3316 3136 3377 τοῖς
3188 3314 3372 3379 πόνοις

167 3417 639 3489 ἐγκαρτερήσαντα.
685 3413 773 3466 Διὸ
810 3414 903 3466 καὶ
945 3410 1137 3480 διπλῆς
1187 3406 1351 3478 τιμῆς
1403 3405 1552 3477 παρὰ
1606 3405 1699 3459 τοῦ
1738 3407 1973 3493 Χριστοῦ
2013 3410 2108 3463 καὶ
2171 3409 2279 3464 τῶν
2342 3410 2594 3483 ἀοιδίμων
2633 3411 2728 3466 καὶ
2766 3410 3047 3485 μακαρίων
3093 3408 3371 3479 στεφάνων

167 3508 293 3581 παρὰ
311 3509 403 3577 τῆς
426 3509 624 3561 τούτου
653 3502 1056 3576 φιλανθρωπίας
1084 3499 1308 3572 ἠξιώθη.

220 3661 320 3745 ίθθ)
346 3663 810 3745 Νεανίςριοςιτις.
844 3660 994 3745 ἰξαηο
1037 3660 1161 3715 item
1191 3658 1474 3714 historiam
1514 3673 1691 3728 perse-

167 3732 322 3799 quitur
345 3735 483 3790 idem
515 3732 859 3800 Nicephorus
880 3732 917 3785 ι.
950 3747 997 3785 c.

1798 3658 1988 3724 Cncn.
2025 3670 2162 3715 tom.
2184 3659 2233 3729 Vl,
2256 3674 2379 3729 pag.
2406 3658 2530 3714 8M.

1881 3723 1990 3800 (92)
2027 3730 2146 3799 Τὴν
2166 3728 2218 3783 δ’
2234 3723 2433 3800 ἄλλην
2455 3727 2700 3800 ἡμέραν.
2741 3726 2885 3800 Hist.
2926 3726 3201 3783 Lamiam!
3237 3723 3370 3782 edit.

227 3804 322 3873 (9|)
373 3796 1096 3875 Marw‘tpimqu.___G_loss_re
1150 3798 1266 3875 Lat.
1310 3798 1404 3875 Cr.
1443 3800 1623 3875 Agens
1649 3800 1694 3875 in

1808 3796 1981 3857 Paris;
2017 3796 2176 3869 16M,
2212 3802 2280 3873 τῇ
2312 3796 2622 3871 auqu
2648 3796 2846 3872 ἡμέρᾳ.

166 3869 323 3939 rebus;
366 3869 795 3946 Μαγιστριανός.
845 3870 974 3926 Vide
1018 3871 1280 3941 Cangium
1331 3871 1386 3925 in
1433 3869 1702 3924 Glossario

357 5850 630 5907 PAﬂwL.
673 5843 788 5907 Gn.
834 5844 919 5908 Χ.

3005 5812 3077 5866 28
