3882 6332
142 308 230 364 389
787 303 857 359 IN
894 302 1225 360 CANONEM
1255 302 1667 359 PASCHALEM
1705 302 2032 360 BCCHERH
2067 303 2735 365 ANIMADVEHSIONES.
3254 306 3360 363 890

146 442 277 488 nius;
301 423 454 493 juvat
489 433 543 478 et
586 423 807 478 alteram
843 424 1080 478 tabulam
1116 439 1439 495 proponere,
1475 440 1597 495 qua:
1622 424 1688 480 ad
1717 431 1762 486 Α
1791 423 2029 492 Quartus
2052 425 2585 496 quartadecimarum
2609 425 2791 489 ferias,
2810 426 3036 497 quintus
3061 425 3359 483 Dominieai

144 516 433 588 paschalem
465 513 833 569 Victorianant
867 515 1134 585 proxime,
1171 525 1433 586 quantum
1473 516 1689 585 quidem

146 605 408 675 patiuntur
449 602 724 675 Hippolyti
772 605 1034 670 rationes,
1079 605 1333 670 accedat;
1382 613 1440 660 ut
1482 607 1534 660 in
1582 621 1691 675 quo

149 707 357 767 uterque
380 696 667 751 conveniat
689 696 1043 767 discrepetve,
1074 698 1140 754 ad
1163 699 1381 753 oculum
1412 708 1686 769 appareat.

145 786 343 843 Primus
383 803 413 841 a
459 802 676 841 summo
717 787 972 843 deorsum
1022 804 1214 844 versus
1264 804 1435 845 annos
1486 790 1688 844 Christi

141 878 374 949 vulgares
419 891 543 931 cum
586 876 781 931 litteris
828 876 1252 933 Dominicalibus
1303 878 1543 933 continet
1574 897 1588 932 :
1622 878 1690 934 ab

142 984 274 1030 anno
294 968 415 1033 222,
443 969 585 1024 unde
610 967 878 1041 Hippolyti
928 968 1180 1040 periodus
1214 969 1419 1039 incipit.
1455 969 1523 1025 ad
1558 968 1686 1035 277,

143 1076 232 1131 per
257 1074 442 1126 annos,
477 1072 536 1114 ut
564 1058 697 1125 dixi,
723 1060 810 1115 56.
848 1060 951 1127 Qui
984 1062 1028 1116 si
1058 1071 1370 1132 repetantur
1398 1062 1690 1135 (superﬂue

142 1166 327 1219 tamen,
358 1163 417 1209 ut
450 1154 636 1227 supra)
664 1154 937 1228 Hippolyti
971 1158 1252 1226 periodum
1283 1173 1552 1212 annorum
1575 1173 1687 1214 crit

140 1246 388 1302 ellicient:
420 1248 566 1316 quod
597 1232 869 1304 secundus
899 1265 1089 1305 versus
1121 1251 1359 1306 exhibet.
1392 1251 1449 1305 in
1479 1267 1587 1322 quo
1626 1252 1690 1306 il-

140 1340 223 1394 lud
251 1339 405 1395 etiam
433 1355 650 1405 moneo,
698 1340 932 1411 primum
980 1343 1185 1411 periodi
1220 1342 1551 1415 Hippolyteze
1591 1360 1689 1399 an-

140 1447 279 1498 num,
311 1445 431 1487 esse
460 1432 709 1502 quintum
754 1433 889 1504 cycli
940 1431 1148 1490 lunaris
1181 1433 1687 1491 decemnovennalis

139 1522 375 1585 Victorii;
406 1524 915 1596 quinquagesimum
961 1527 1253 1595 septimum
1289 1541 1418 1581 vero
1444 1525 1686 1597 ejusdem

138 1612 349 1682 periodi,
385 1628 509 1668 esse
530 1614 667 1686 cycli
694 1614 934 1685 ejusdem
970 1614 1267 1670 Vietoriani
1296 1617 1348 1670 4.
1391 1613 1508 1670 Νοιι
1541 1617 1683 1671 enim

136 1720 235 1771 ιιι,
274 1703 364 1760 sed
412 1720 521 1760 Lvu
570 1706 698 1760 anni
744 1706 901 1762 solidi
945 1708 1126 1778 cyclos
1167 1707 1687 1763 decemnovennales

1793 516 2065 586 paschalis
2087 518 2201 572 dies
2226 517 2411 571 edunt.
2442 517 2637 571 Sextus
2659 526 2713 570 et
2737 518 2962 573 ultimus
2990 534 3021 574 a
3064 519 3223 576 nobis
3260 519 3360 573 ad»

1791 612 1937 667 ditus
1971 611 2114 666 lunze
2154 610 2539 682 Hippolytum,
2583 611 2636 665 in
2670 610 2970 669 Dominicis
3014 614 3361 682 paschalibus

1790 713 2002 759 aetatem
2026 704 2368 767 determinat,
2395 719 2503 757 non
2528 704 3038 771 Alexandrinorum,
3058 707 3151 761 sed
3177 704 3362 761 Victo-

1791 794 1856 849 rii
1895 793 2322 863 Latinorumque
2360 792 2560 865 regulis
2597 793 2755 863 plane
2792 792 3125 849 conformem
3151 834 3168 858 ,
3213 793 3357 865 quod

1791 886 1879 942 hic
1922 886 2263 958 potissimum
2308 887 2674 953 intendimus;
2717 897 2775 941 ut
2812 888 3094 957 paschales
3137 888 3359 943 Latino-

1790 993 1910 1032 rum
1949 978 2296 1049 epilogismos
2336 979 2525 1048 primre
2569 978 2624 1032 in
2673 976 2914 1039 Ecclesia
2956 981 3263 1045 vetustatis,
3305 990 3359 1035 et

1789 1068 2138 1138 probabiliter
2187 1070 2256 1124 ab
2304 1069 2564 1139 apostolis
2602 1086 2671 1124 ex
2722 1067 3072 1123 Hebraeorum
3119 1071 3358 1127 fontibus

1790 1162 2015 1218 haustos
2044 1162 2377 1233 traditosque
2403 1163 2742 1232 colligamus.
2781 1159 2849 1214 Et
2890 1160 3015 1216 licet
3052 1176 3170 1215 eam
3217 1161 3358 1215 lunae

1790 1255 2063 1323 paschalis
2111 1263 2320 1309 :etatem
2368 1252 2641 1325 Hippolyti
2682 1251 2867 1307 Canon
2915 1266 3023 1306 non
3071 1251 3354 1317 exhibeat;

1789 1354 1939 1401 certo
1973 1357 2150 1400 tamen
2196 1359 2264 1399 ex
2304 1343 2733 1414 praecedentibus
2764 1341 2882 1413 ejus
2919 1341 3357 1412 quartisdecimis

1787 1434 2064 1490 delinitur.
2099 1433 2323 1501 Quoties
2366 1434 2509 1489 enim
2550 1434 2654 1489 illae
2695 1434 2749 1488 in
2793 1433 2983 1489 feriam
3020 1442 3228 1489 sextam
3268 1434 3355 1487 in-

1788 1536 2039 1593 currunt,
2060 1527 2368 1597 paschalem
2396 1526 2735 1582 Dominicam
2776 1525 2903 1580 luna
2936 1542 3021 1579 xvi
3065 1525 3309 1579 indicunt
3339 1544 3352 1579 :

1788 1616 1833 1671 si
1853 1616 1907 1670 in
1925 1615 2114 1672 feriam
2133 1617 2400 1687 quintam,
2422 1618 2548 1672 luna
2567 1632 2697 1683 xvii;
2713 1616 2758 1672 si
2785 1617 2837 1670 in
2866 1615 3053 1671 feriam
3078 1624 3351 1686 quartam,

1790 1707 1919 1763 luna
1957 1725 2124 1778 svnt;
2150 1710 2273 1765 siin
2305 1709 2542 1775 tertiam,
2566 1709 2691 1762 luna
2722 1723 2815 1763 xix
2837 1726 2851 1775 ;
2877 1708 2924 1764 si
2956 1708 3010 1762 in
3034 1708 3352 1783 secundam,

136 1808 307 1853 ternos
341 1797 794 1867 complectuntur.
844 1797 1061 1854 Tertius
1101 1814 1295 1855 versus
1337 1798 1684 1868 quartadeei-
1716 1782 1759 1836 Β
1786 1801 1916 1856 luna
1950 1816 2056 1866 xx;
2103 1801 2152 1857 si
2191 1800 2247 1855 in
2283 1798 2646 1862 Dominicam,
2676 1800 2936 1855 vicesima
2973 1797 3180 1868 prima;
3211 1782 3270 1863 ,si
3296 1798 3353 1852 in

134 1902 331 1941 marum
364 1889 702 1958 paschalium
737 1889 854 1946 dies
879 1890 1135 1956 ostendit,
1167 1899 1371 1961 septem
1395 1890 1685 1945 octaeteri-

132 1979 297 2048 dibus,
324 1990 458 2052 quot
488 1981 578 2038 hic
606 1982 974 2052 continentur,
1006 1982 1204 2054 septies
1242 1982 1371 2038 item
1403 1980 1682 2053 repetitos.

1786 1892 2111 1961 Sabbatum,
2127 1892 2386 1949 vicesima
2407 1890 2667 1960 secunda,
2684 1898 2744 1946 ut
2764 1890 2816 1945 in
2841 1890 2945 1945 hoc
2963 1890 3354 1961 diagrammate

1782 1983 2049 2039 videmus.

795 2499 1156 2559 HIPPOLYTI
1194 2499 1428 2557 CANON
1468 2499 1535 2556 IN
1575 2497 1974 2555 VICTORIANI
2014 2499 2249 2558 TYPUM
2285 2500 2672 2558 HEDACTUS.

219 2729 346 2780 Anni
515 2727 650 2788 Cycli
665 2729 787 2779 solis
801 2730 855 2780 et
1017 2728 1148 2779 Anni
1420 2728 1572 2777 Lunsa
1596 2727 1617 2776 l
1630 2726 1672 2777 ι.
1979 2727 2142 2777 Ferize
2454 2729 2723 2780 Dominicaa
2964 2725 3101 2775 ditas

131 2787 290 2842 Cluisti
316 2793 449 2856 vulg.
516 2792 857 2903 liltntielrgalgo-
945 2791 1172 2842 lPeriodi
1355 2788 1742 2842 PASCHALES.
1907 2788 2131 2840 lunarum
2156 2788 2231 2840 il.
2396 2787 2780 2841 PASCilAl.ES.
2961 2787 3105 2836 luna.

239 2978 333 3028 222
671 2974 701 3023 ’ἶ
1070 2975 1095 3025 1

240 3041 333 3089 278
665 3036 703 3086 F
1042 3036 1101 3087 57
1363 3034 1529 3087 Idibus
1550 3034 1759 3099 Aprilis.
1956 3033 2188 3086 Sabbato.
2368 3049 2416 3087 xl
2441 3035 2651 3086 Kalend.
2697 3029 2828 3082 Maii.
2984 3043 3089 3079 xxii
3282 3031 3346 3081 22

234 3105 328 3151 223
667 3098 700 3146 8
1075 3102 1107 3148 2
1602 3098 1607 3099 ⁷

235 3165 330 3215 279
658 3159 699 3223 Ε.
1040 3157 1102 3223 58
1316 3171 1361 3204 IV
1385 3157 1546 3207 Nonas
1567 3158 1701 3223 __Apri

1789 3198 1792 3207 .
1950 3158 2096 3209 Feria
2122 3172 2186 3208 Iv.
2364 3172 2446 3207 vni
2474 3157 2589 3208 Idus
2613 3153 2817 3219 Aprilis.
2987 3166 3101 3203 xvnt

235 3226 332 3277 22L
669 3221 702 3270 9
1051 3220 1101 3271 ’ὅ
1317 3234 1381 3268 xu
1406 3227 1458 3269 et
1480 3235 1530 3269 χι
1564 3220 1770 3269 Kalend.

233 3288 328 3353 289
466 3330 475 3331 κ
1316 3348 1321 3353 η
1438 3281 1639 3344 Aprilis.
1936 3283 2205 3334 Dominica.
2394 3294 2421 3325 ν
2444 3282 2550 3333 Kal.
2586 3280 2789 3343 Aprilis.
2994 3289 3078 3326 xxi

231 3348 330 3461 gis
660 3345 719 3454 il?
1042 3344 1105 3454 6t)
1347 3417 1377 3451 ν
1409 3402 1523 3453 ldus
1549 3403 1749 3467 Aprilis.
1956 3404 2186 3455 Sabbato.
2363 3416 2424 3451 xv
2436 3385 2819 3454 Kalendas'liaii.
2988 3411 3094 3448 xxii
3288 3396 3352 3447 22

233 3471 329 3583 ἒξ
658 3467 711 3578 1A1
1042 3468 1106 3577 6:15
1347 3538 1395 3573 ιν
1419 3527 1526 3577 Kal.
1547 3526 1745 3588 Aprilis.
1953 3527 2100 3577 Feria
2121 3540 2189 3575 tv.
2364 3540 2411 3574 iv
2434 3527 2597 3575 Nonas
2617 3526 2820 3588 Aprilis.
2984 3534 3102 3571 xvtu

230 3594 326 3706 ἐξ
481 3680 491 3689 ι
1039 3588 1105 3699 ϐξ
1314 3636 1380 3701 xv
1423 3649 1532 3700 Kal.
1575 3646 1774 3711 Aprilis.
1932 3648 2202 3700 Dominiea.
2367 3662 2445 3696 vui
2470 3649 2581 3699 Kal.
2622 3648 2823 3709 Aprilis.
3004 3658 3086 3693 xxi

231 3718 327 3859 in?
834 3814 841 3822 .
1041 3712 1105 3859 ϐξ
1369 3772 1522 3821 Nonis
1543 3771 1746 3833 Aprilis.
1954 3770 2184 3822 Sabbato.
2367 3768 2536 3822 Idibus
2562 3770 2762 3833 Aprilis.
2992 3780 3094 3816 xxu
3285 3763 3350 3812 22

228 3840 327 3951 38$:
656 3836 717 3947 Ἡ
1038 3835 1108 3944 ϐῗ
1317 3908 1399 3943 vui
1426 3895 1532 3945 Kal.
1568 3894 1772 3957 Aprilis.
1946 3895 2093 3945 Feria
2118 3908 2186 3945 tv.
2366 3907 2411 3943 tv
2424 3894 2533 3943 Kal.
2558 3894 2759 3957 Aprilis.
2980 3901 3099 3937 xvtu

231 3964 327 4071 ξέἓ
1346 4016 1513 4068 Idibus
1542 4000 1745 4080 Aprilis.
1953 4018 2186 4068 Feriam.
2364 4029 2444 4066 xiv
2484 4016 2591 4066 Kal.
2630 4016 2758 4065 Maii.
2997 4026 3082 4061 xix

231 4085 324 4194 ἒξ]
658 4080 718 4193 ‘1?
1038 4079 1104 4191 gi)
1317 4154 1364 4189 tv
1386 4140 1550 4190 Nonas
1582 4139 1779 4201 Aprilis.
1953 4139 2184 4190 Sabbato.
2365 4152 2414 4187 tv
2460 4139 2576 4188 ldus
2620 4135 2823 4200 Aprilis.
2988 4148 3091 4184 xxu
3284 4131 3351 4179 22

232 4209 326 4256 2ῑ2
657 4204 715 4253 17
1045 4204 1098 4254 ll
1319 4217 1385 4252 xu
1417 4209 1469 4252 et
1492 4214 1540 4249 xi
1574 4201 1777 4251 Kalend.

234 4270 325 4317 288
648 4266 733 4326 AG
1042 4266 1104 4315 67
1440 4264 1646 4325 Aprilis.
1932 4262 2100 4326 {Feria
2122 4275 2188 4313 tv.
2366 4275 2449 4311 vm
2487 4261 2594 4311 Kal.
2621 4261 2820 4323 Aprilis.
2979 4270 3098 4305 xvm

232 4331 322 4379 εῖτ,
653 4325 715 4376 18
1047 4327 1105 4375 η

232 4393 325 4441 289
665 4388 703 4437 i‘
1042 4388 1105 4437 es
1347 4399 1379 4437 v
1408 4386 1524 4436 ldus
1546 4384 1699 4447 Aprili

1956 4384 2102 4436 Feria
2124 4397 2196 4435 ιιι.
2365 4397 2482 4432 xvut
2525 4383 2636 4435 Kal.
2690 4382 2817 4432 Maii.
2991 4394 3077 4429 xix

232 4454 326 4563 ἐξ
658 4450 718 4561 ἓ)
1040 4448 1109 4560 ἐξ
1346 4523 1393 4556 1v
1414 4509 1521 4559 Kal.
1552 4505 1754 4570 Aprilis.
1952 4508 2183 4559 Sabbato.
2365 4521 2441 4555 vm
2466 4506 2581 4556 Idus
2618 4505 2819 4569 Aprilis.
2987 4515 3095 4551 χιιι
3282 4500 3344 4549 22

232 4577 324 4626 235
658 4572 721 4622 20
1045 4572 1107 4621 ιι

230 4638 321 4705 gl
1317 4645 1382 4680 xv
1425 4631 1532 4681 Kal.
1574 4630 1701 4693 Apri?

1955 4634 2102 4683 Feria
2126 4645 2190 4681 tv.
2365 4642 2413 4678 xi
2458 4630 2569 4680 Kal.
2616 4627 2817 4705 Aprilis.
2977 4638 3093 4674 xriu

232 4700 325 4809 ἒξ
1358 4753 1511 4803 Nonis
1534 4753 1736 4817 Aprilis.
1960 4756 2106 4806 Feria
2130 4768 2199 4803 ui.
2364 4764 2411 4799 tv
2458 4750 2575 4800 ldus
2618 4749 2817 4813 Aprilis.
2994 4761 3075 4796 xix

232 4822 320 4870 237
656 4819 717 4869 22
1048 4817 1108 4867 16

657 4883 716 4958 ἐξ
1319 4889 1403 4925 vin
1433 4874 1542 4926 Kal.
1576 4876 1701 4941 Apri

1955 4876 2189 4927 Sabbato.
2363 4887 2410 4922 tv
2433 4873 2594 4923 Nonas
2614 4877 2650 4923 A
2660 4874 2817 4936 prliis.
2985 4885 3014 4919 x
3024 4884 3088 4919 xu
3281 4870 3345 4918 22

231 4944 328 5053 gi
657 4942 719 5054 265
1350 4997 1519 5048 Idibus
1550 4999 1750 5063 Aprilis.
1951 5000 2099 5050 Feria
2122 5010 2186 5049 vt.
2365 5010 2462 5046 xvu
2473 4995 2675 5047 Kalend.
2690 4995 2819 5047 Maii.
2997 5006 3077 5042 1V!
3286 4992 3344 5041 16

231 5066 329 5177 ἒξ
660 5065 723 5176 2!:
1138 5100 1144 5105 ”
1322 5135 1367 5169 Iv
1389 5121 1553 5171 Nonas
1580 5121 1777 5184 Aprilis.
1952 5119 2097 5174 Feria
2120 5124 2190 5172 lu.
2366 5132 2430 5168 vu
2454 5118 2569 5169 ldus
2599 5117 2801 5179 Aprilis.
2996 5131 3077 5166 xix

232 5190 327 5238 240
658 5188 721 5236 25
1048 5185 1108 5235 19
1324 5197 1391 5233 xit
1415 5190 1467 5232 el
1499 5198 1547 5231 xI
1574 5185 1776 5235 Kalend.

230 5251 325 5300 296
652 5249 737 5299 ΕΙ)
1048 5248 1109 5297 75
1443 5244 1645 5307 Aprilis.
1955 5244 2185 5295 Sabbato.
2387 5256 2432 5290 iv
2453 5242 2561 5294 Kal.
2596 5241 2796 5303 Aprilis.
2984 5253 3086 5290 xxtt
3281 5238 3343 5284 22

230 5312 321 5361 2M
661 5311 725 5358 26
1046 5309 1108 5358 20

230 5375 325 5423 297
669 5372 706 5422 C
1042 5371 1104 5418 76
1351 5379 1379 5415 v
1402 5365 1519 5417 Idus
1540 5368 1698 5432 Aprili

1953 5367 2100 5420 Feria
2120 5380 2184 5417 vi.
2360 5378 2411 5411 ιιι
2454 5363 2572 5415 Idus
2613 5362 2815 5427 Aprilis.
2996 5374 3077 5409 xvi
3280 5358 3343 5406 16

232 5435 329 5485 2ι2
657 5434 717 5482 27
1043 5431 1098 5481 2i
1594 5431 1599 5432 “

231 5497 326 5545 298
669 5496 708 5544 Β
1042 5495 1100 5543 77
1133 5514 1142 5527 -
1350 5507 1396 5542 tv
1418 5494 1526 5545 Kal.
1545 5492 1701 5553 Aprili

1952 5491 2097 5543 Feria
2120 5502 2187 5539 ιιι.
2362 5501 2413 5535 ιιι
2438 5486 2599 5538 Nonas
2616 5487 2814 5550 Aprilis.
2995 5498 3075 5535 xtx

230 5559 328 5669 ἐξ)
656 5557 719 5669 2.:
1320 5631 1388 5667 xv
1428 5617 1531 5667 Kal.
1580 5615 1778 5677 Aprilis.
1955 5613 2183 5665 Sabbato.
2361 5624 2425 5662 vn
2472 5613 2576 5665 Kal.
2616 5574 2831 5674 Aprilis;
2982 5622 3081 5660 xxu
3279 5606 3343 5656 22

233 5682 331 5793 ξιδό
648 5680 727 5797 (Ξὲ
1046 5680 1109 5789 ἓξ
1357 5741 1507 5792 Nonis
1548 5740 1746 5804 Aprilis.
1958 5738 2101 5790 Feria
2124 5750 2187 5790 rt.
2365 5751 2429 5788 vu
2468 5738 2582 5790 ldus
2616 5733 2799 5798 Aprilis
2995 5744 3074 5782 xvt
3285 5730 3348 5785 15
