3882 6332
153 349 242 407 895

755 338 824 393 IN
859 337 1190 394 CANONEM
1227 337 1644 394 PASCIIALEM
1681 337 2009 395 BUCIIERII
2051 336 2721 394 ANIMADVERSIONES.

3257 336 3362 394 893

153 477 249 522 tum
274 459 510 526 incurrit,
539 467 595 514 ut
620 460 778 515 annis
810 459 1018 530 periodi
1055 475 1108 512 IV
1135 469 1188 514 et
1224 475 1316 524 ιχ,
1339 474 1413 514 vn
1452 467 1683 527 etum,
1715 464 1758 523 Β
1786 460 1879 532 qui
1902 460 1971 515 84
1991 474 2258 515 annorum
2281 467 2385 522 est,
2413 459 2590 528 capite
2617 459 2671 512 3.
2702 455 2852 512 Adeo
2874 469 3060 510 verum
3085 463 3188 520 est,
3215 457 3358 524 quod

152 578 182 614 Χ
207 568 254 614 ει
288 572 425 620 LIVI,
451 569 546 608 XIII
588 561 641 607 et
673 567 820 616 LXIX,
859 567 948 606 ινι
986 561 1040 606 ει
1083 567 1255 619 LXXII,
1287 567 1378 605 XIX
1421 560 1474 606 et
1521 568 1682 618 LXXV,

152 665 250 707 nu
279 657 329 703 et
355 661 574 701 Lxan.
612 643 720 698 Nec
749 652 859 698 tota
883 643 1002 713 ejus
1036 643 1137 696 112
1161 657 1429 697 annorum
1463 643 1684 712 periodo

152 757 360 812 unquam
384 739 588 793 videbis
610 745 730 790 ante
753 737 936 789 lunam
965 751 1053 788 xv:
1077 734 1283 790 Pascha
1305 733 1682 789 Christianum

152 834 310 890 indici.
340 831 610 900 Ejusmodi
636 838 762 884 sunt
789 828 914 882 auni
943 843 1150 892 omnes,
1185 843 1418 897 quorum
1445 826 1684 893 termini,

152 942 230 981 seu
257 921 674 994 quartadecima:
706 920 990 990 paschales
1020 919 1071 972 in
1105 918 1293 972 feriam
1322 929 1378 972 vi
1405 918 1680 984 incidunt;

152 1030 200 1070 III
222 1031 315 1068 XVII
337 1023 388 1068 ει
420 1028 610 1076 LXXIII,
648 1028 719 1065 XX
749 1020 802 1066 CI.
847 1027 1030 1074 LXXVI,
1067 1025 1202 1063 XXIII
1246 1018 1301 1063 ει
1342 1025 1528 1073 LXXIX,
1559 1025 1685 1063 XXVI

150 1117 195 1162 et
219 1121 404 1170 tum,
434 1121 564 1158 xx1x
595 1111 647 1158 et
674 1119 874 1166 Lxxxv.
901 1118 1051 1157 xxxu
1075 1110 1128 1157 et
1149 1117 1415 1166 Lxxxvm,
1457 1117 1600 1156 xxxv
1635 1109 1689 1156 et

151 1213 240 1263 xei,
265 1213 459 1252 xxxvm
491 1204 545 1251 et
572 1211 714 1251 xcxv.

185 1337 251 1392 I'l.
272 1337 336 1391 Et
362 1337 694 1390 Dominicam
723 1336 1024 1406 pose/tatem
1057 1335 1244 1390 Martii
1272 1333 1344 1390 20
1380 1334 1645 1388 admittit.

207 1471 263 1525 Et
289 1471 429 1525 hisce
455 1471 672 1538 quidem
697 1471 840 1525 binis
866 1471 1264 1540 posterioribus
1287 1470 1443 1526 annis
1471 1471 1522 1524 id
1544 1485 1685 1540 prte-

150 1576 268 1620 terea
302 1563 569 1632 peculiare
607 1569 708 1626 est.
736 1571 796 1617 ut
825 1563 1036 1618 Pascha
1071 1563 1415 1637 Dominicum
1448 1579 1545 1616 xm
1580 1561 1688 1615 Ka-

149 1656 306 1710 lendas
331 1654 558 1722 Apriles,
594 1669 687 1708 seu
719 1653 898 1708 Martii
931 1655 1003 1710 20
1040 1656 1128 1711 die
1169 1656 1484 1720 decernant,
1509 1655 1687 1708 littera

149 1745 435 1801 Dominicali
458 1744 518 1796 B.
541 1744 694 1810 Quod
720 1754 895 1800 tamen
920 1747 1025 1801 line
1049 1747 1258 1816 prologi
1290 1749 1372 1801 sui
1391 1747 1682 1813 Victorius,

1800 550 1972 606 nostri
2019 550 2074 604 in
2103 549 2405 604 Victoriam
2452 546 2846 603 Commentarii
2865 545 3038 615 capite
3069 544 3102 598 4
3141 540 3359 598 tiniente

1786 645 2046 709 diximus,
2075 656 2253 711 neque
2283 639 2486 696 Judreis
2508 639 2799 702 veteribus,
2832 652 3007 707 neque
3037 637 3236 690 nostris
3264 651 3360 705 per

1786 735 1898 791 duo
1934 735 2118 804 priora
2153 733 2349 788 saecula
2374 730 2706 786 Christianis
2730 727 3154 784 astronomicum
3191 727 3356 795 aequi-

1787 826 1954 880 noctii
1984 826 2126 880 diem
2154 827 2418 896 agnitum,
2448 838 2557 878 non
2595 830 2739 877 certe
2778 829 2927 874 tanto
2968 819 3224 889 scrupulo
3261 818 3358 871 ob-

1789 927 2065 974 servatum
2094 937 2106 972 :
2139 935 2260 973 cum
2291 919 2346 972 hi
2380 916 2529 971 nullo
2555 914 2623 968 ad
2651 929 2744 968 eas
2778 913 2941 968 tricas
2966 913 3094 978 otio,
3128 912 3214 967 vix
3248 911 3354 964 ulla

1790 1024 1821 1065 a
1852 1019 1930 1064 tot
1965 1010 2438 1080 persecutionibus
2480 1005 2858 1074 respiratione,
2903 1003 3041 1057 nihil
3085 1017 3246 1072 supra
3303 1000 3355 1054 id

1788 1105 1958 1173 quod.
1989 1101 2253 1156 hactenus
2297 1114 2328 1154 a
2379 1098 2663 1170 Syuagoga
2710 1104 3028 1164 usurpatum
3069 1095 3354 1159 videbant,

1787 1192 2176 1264 inquirendum
2206 1200 2460 1262 putarent
2490 1197 2832 1253 eurarentvc,
2877 1202 2976 1241 nec
3008 1202 3231 1239 mensem
3263 1202 3357 1238 no-

1787 1301 1990 1350 vorum,
2024 1284 2198 1339 solum
2243 1299 2272 1337 a
2310 1282 2594 1351 Scriptura
2629 1288 3012 1346 memoratum,
3053 1278 3158 1332 alio
3191 1292 3354 1346 quam

1787 1373 1956 1428 Judaei
1988 1387 2152 1428 sensu
2188 1371 2694 1441 interpretarentur.
3101 1355 3112 1364 ’
3185 1356 3198 1363 ’
3236 1360 3240 1362 ⁷
3280 1361 3289 1364 “

1788 1486 1896 1541 VII.
1941 1485 2227 1564 Nunquam
2266 1485 2463 1564 lii-uitii
2492 1482 2762 1564 ansyluodo
2790 1480 3133 1564 ,διεξιφεῇδῇ
3161 1479 3355 1564 consti-

1859 1560 1958 1609 tuti
1992 1548 2146 1623 ﬁnem
2170 1555 2392 1608 excedit.
2425 1551 2570 1623 (ἴῃσιὶ
2593 1548 2917 1622 Ἠὶρροιυιεὶε
2942 1552 2994 1604 in
3027 1548 3352 1603 Kalendario

1857 1627 2076 1679 Juliano
2109 1627 2407 1692 dispositio.

1860 1736 1967 1793 Nec
1995 1738 2122 1791 illud
2162 1739 2251 1792 hic
2281 1737 2664 1804 omittendum,
2694 1735 3042 1805 Hippolytum
3070 1734 3354 1789 constituti

150 1853 384 1907 nunquam
407 1837 618 1903 penitus
652 1835 972 1890 celebratum
996 1837 1216 1890 inveniri
1241 1837 1429 1891 scribit
1455 1855 1468 1890 :
1494 1851 1686 1904 nempe
1717 1820 1759 1875 Β
1788 1830 1857 1883 ab
1890 1830 2096 1900 synodo
2121 1829 2447 1884 Caasariensi
2488 1828 2676 1881 limitis
2723 1827 2994 1896 paschalis
3045 1826 3206 1880 ﬁnem
3246 1842 3353 1880 non

149 1940 250 1999 post
277 1927 536 1983 Niczenam
575 1929 868 1999 synodum,
899 1940 993 1982 aut
1025 1927 1228 1983 fortean
1257 1944 1322 1983 ex
1365 1944 1472 1997 quo
1508 1927 1683 1982 Latini

149 2019 691 2075 hecka‘decaeteridem
749 2019 889 2074 hanc
949 2020 1288 2088 abjecerant,
1343 2018 1414 2074 ad
1470 2028 1682 2073 aetatem

147 2127 293 2181 usque
322 2110 562 2176 Victorii,
605 2121 667 2165 ut
704 2110 960 2166 diximus.
1007 2109 1121 2165 Nisi
1173 2111 1330 2166 malis
1373 2125 1494 2165 cum
1542 2111 1684 2165 Beda

147 2203 510 2268 celebrandum,
561 2217 726 2271 quam
791 2203 1106 2257 celebratum
1167 2203 1362 2272 legere.
1431 2202 1683 2271 Alioquin

146 2292 378 2363 Ilippolyti
409 2293 522 2348 hate
558 2293 850 2347 oetaeteris
892 2295 1195 2363 geminata,
1245 2293 1358 2348 sive
1405 2291 1683 2347 heckaede-

147 2384 361 2447 caeteris,
391 2398 665 2436 annorum
704 2382 802 2436 112
827 2383 1130 2447 intervallo,
1160 2381 1244 2436 bis
1287 2382 1392 2435 isto
1429 2381 1516 2434 die
1548 2396 1682 2435 eon-

147 2473 312 2530 stituit.
343 2471 488 2526 Uude
517 2473 674 2527 vides
704 2473 1046 2544 Hippolytum
1079 2489 1145 2528 ex
1176 2473 1354 2544 primo
1389 2481 1442 2527 et
1469 2473 1684 2542 rigidis-

147 2565 262 2617 simo
297 2563 618 2618 Latinorum
659 2580 856 2633 genere
897 2565 1192 2630 exstitisse,
1229 2565 1322 2634 qui
1369 2563 1681 2618 Iudaeorum

148 2656 373 2709 terminos
391 2657 915 2725 eomplectebantur;
932 2664 986 2711 et
1008 2655 1411 2724 atquinoetium,
1435 2655 1516 2709 vel
1539 2665 1683 2710 certe

147 2747 255 2800 solis
281 2748 327 2799 in
352 2749 595 2802 Arietem
630 2747 957 2817 ingressum,
994 2763 1100 2800 non
1129 2761 1252 2800 cum
1291 2745 1353 2799 21
1400 2744 1600 2810 Martii,
1625 2755 1684 2800 ut

135 2833 316 2890 hiemi
346 2837 564 2903 Patres;
599 2853 772 2907 neque
813 2853 936 2890 cum
968 2838 1058 2902 22,
1094 2845 1153 2890 ιιι
1191 2837 1394 2906 passim
1431 2835 1682 2890 Anatolio

145 2929 388 2995 tribuunt;
422 2932 513 2986 sed
548 2946 680 2985 cum
715 2930 780 2984 l8
815 2929 1235 2999 comparabant,
1287 2944 1352 2984 ex
1399 2929 1684 2984 nonnullo-

147 3033 246 3072 rum
276 3032 502 3077 veterum
536 3033 600 3077 et
627 3023 917 3078 cclelirium
952 3022 1350 3090 astrologorum
1382 3022 1679 3076 sententia:

147 3128 247 3167 cum
277 3118 462 3184 quibus
498 3116 723 3170 Iudaeos
770 3115 1142 3179 consensisse,
1187 3112 1453 3182 Iosephus
1494 3128 1680 3167 eorum

1785 1925 2062 1986 excedere,
2095 1922 2218 1977 licet
2260 1921 2472 1975 initium
2509 1921 2676 1975 biduo
2719 1928 3039 1974 antevertat.
3087 1919 3160 1974 Ea
3207 1922 3352 1974 enim

1785 2015 2024 2086 synodus
2049 2014 2116 2067 ab
2145 2029 2198 2066 xl
2231 2011 2500 2067 Kalendas
2536 2011 2768 2080 Apriles,
2812 2027 2906 2066 seu
2947 2011 3018 2064 22
3055 2010 3252 2077 Martii,
3286 2011 3353 2064 ad

1785 2123 1839 2161 x1
1871 2105 2139 2160 Kalendas
2174 2105 2320 2172 Maii,
2362 2123 2457 2161 seu
2490 2105 2553 2160 21
2591 2106 2792 2176 Aprilis
2831 2105 3114 2168 inclusive,
3153 2120 3247 2174 per
3285 2105 3346 2158 5|

1784 2198 1898 2251 dies
1933 2196 2138 2251 Pascha
2171 2197 2559 2268 ἀναστάσιμον,
2591 2213 2685 2252 seu
2727 2197 3037 2252 Dominicas
3070 2196 3354 2265 paschales

1786 2288 2080 2344 concludit.
2116 2287 2436 2360 Hippolytus
2467 2290 2536 2343 ab
2571 2305 2668 2342 xm
2700 2287 2966 2342 Kalendas
2995 2288 3225 2358 Apriles,
3257 2303 3351 2341 seu

1783 2380 1959 2435 Martii
1993 2381 2084 2447 20,
2115 2381 2182 2435 ad
2220 2399 2272 2435 xl
2301 2381 2572 2436 Kalendas
2601 2380 2744 2447 Maii,
2759 2397 2852 2450 per
2874 2381 2991 2435 dies
3031 2380 3256 2435 omnino
3285 2381 3354 2433 55

1783 2474 2045 2539 extendit,
2071 2481 2129 2527 ut
2158 2487 2224 2526 ex
2255 2473 2500 2542 subjecto
2545 2472 2935 2543 diagrammate
2963 2481 3124 2542 patet.
3158 2471 3214 2524 In
3246 2485 3354 2540 quo

1785 2579 1958 2618 annos
2009 2563 2567 2618 heckzedeeaeteridos
2611 2565 2732 2634 ejus
2781 2579 2941 2619 senos
2975 2565 3165 2628 denos,
3197 2564 3355 2632 quasi

1783 2653 2004 2708 totidem
2039 2669 2294 2709 numeros
2334 2656 2569 2719 Aureos.
2606 2670 2758 2726 teque
2804 2671 2865 2709 ac
2909 2673 2999 2710 XIX
3043 2654 3266 2708 Latinos
3302 2662 3356 2707 et

1782 2746 2202 2810 Alexandrinos,
2237 2747 2402 2801 certis
2425 2747 2692 2801 mensium
2726 2747 2902 2802 Martii
2937 2757 2990 2801 et
3018 2747 3217 2816 Aprilis
3241 2747 3355 2800 die-

1782 2839 1884 2893 bus
1908 2855 1973 2892 ex
2005 2837 2124 2907 ejus
2149 2838 2394 2892 doctrina
2420 2838 2689 2894 aﬂiximus
2717 2858 2728 2893 :
2759 2840 2830 2894 ita
2855 2849 3054 2906 tamen,
3085 2849 3143 2894 ut
3165 2839 3354 2893 sexde-

1783 2929 1889 2984 cim
1920 2929 2047 2982 anui
2083 2928 2195 2992 isti,
2226 2944 2333 2982 non
2373 2928 2477 2982 nisi
2522 2928 2587 2982 ad
2616 2938 2741 2983 octo
2772 2931 2886 2984 dies
2919 2930 3184 2983 mensium
3221 2929 3352 2982 isto-

1782 3035 1901 3073 rum
1937 3026 2313 3088 apponantur;
2360 3018 2489 3086 quia
2523 3017 2636 3071 bini
2689 3018 2743 3072 in
2791 3018 3037 3073 cellulam
3071 3035 3229 3073 unam
3271 3019 3355 3072 in-

1784 3117 2012 3165 currunt
2050 3129 2062 3162 :
2100 3108 2318 3178 quando
2350 3108 2500 3178 (nihil
2548 3109 2693 3164 aliud
2737 3110 3211 3166 heckaedecaetcris
3247 3121 3350 3175 est,

149 3204 400 3262 historicus
429 3210 709 3272 insinuat;
749 3215 802 3261 et
839 3222 937 3261 nos
984 3207 1228 3260 dicemus
1257 3206 1310 3257 in
1349 3212 1580 3258 tractatu
1616 3204 1686 3258 De
1713 3189 1754 3246 Ο
1788 3219 1951 3274 quam
1979 3202 2266 3258 oetaeteris
2299 3203 2595 3272 geminata,
2641 3214 2700 3259 ut
2731 3206 2843 3275 jam
2891 3207 3052 3264 toties
3092 3208 3351 3262 diximus.

146 3297 353 3361 paschali
379 3307 634 3363 veterum,
660 3307 886 3367 tempore
932 3297 1152 3363 Christi,
1181 3294 1490 3348 Judworum
1523 3294 1688 3365 cycto,

1790 3295 1870 3349 En
1903 3295 2039 3367 cycli
2075 3293 2346 3366 Hippolyti
2368 3294 2422 3348 in
2448 3294 2772 3354 Kalendario
2800 3297 3015 3356 Iuliano
3048 3300 3350 3372 dispositio.

749 3478 978 3546 CYCLI
1023 3476 1510 3540 HIPPOLYTEI
1546 3477 1628 3536 1N
1669 3474 2195 3536 KALENDARIO
2239 3473 2714 3541 DISPOSITIO.
2959 3456 2963 3460 ’
3035 3515 3056 3554 .

969 3609 1095 3689 βξ
1185 3607 1309 3687 ‹ἓ
1395 3611 1520 3693 ΣΞ

358 3746 773 3803 manus.

359 4017 420 4057 ιιι
550 4002 588 4057 5
784 4001 841 4054 Ἀ
984 4015 1080 4053 xix
1175 4013 1311 4052 xvm
1419 4013 1470 4052 τι
1652 4000 1678 4052 1

323 4103 460 4113 ——
531 4102 680 4118 --.
750 4101 890 4111 --
960 4100 1103 4114 ———
1173 4096 1314 4108 ————
1409 4083 1500 4122 xiv
1591 4099 1734 4112 ——

323 4141 470 4196 Prid.
595 4143 628 4196 6
806 4142 840 4195 b
980 4156 1077 4194 vm
1642 4141 1677 4194 2

322 4283 463 4339 Non.
597 4283 628 4336 7
805 4297 836 4336 c
1206 4294 1280 4332 vn
1639 4281 1674 4334 δ
1832 4257 1898 4367 ξς

323 4382 464 4479 ’ῖΠῖ
539 4377 1308 4477 ’ῖ-(Γῖῖῄ
1413 4399 1476 4510 ξξ
1583 4380 1724 4475 ’Τ
1853 4419 1880 4471 ι

359 4578 435 4619 vn
597 4563 630 4619 9
806 4577 836 4616 e
1010 4577 1044 4614 ιι
1205 4577 1272 4616 xv
1646 4563 1681 4616 5
1857 4560 1894 4613 2

325 4659 1948 4758 ’ἷῖἿῐΓἾ-’“Ῑ”“Ἷῐ““ἴ

377 4861 410 4896 v
581 4846 642 4898 11
810 4859 843 4913 g
986 4859 1080 4897 xm
1651 4843 1682 4897 7
1855 4842 1891 4896 4
2011 4825 2134 4935 π

326 4941 1735 5074 Τῗῖτῒῖῖζτξ-εῗ
1861 4943 1947 5038 5—
2076 4986 2101 5040 ι

327 5081 1316 5181 Ῑ“Ἶῖ“ιῖ”“““ἶ“
1592 5085 2154 5181 “si—TT

324 5223 2162 5321 ἱζῐιῖἷῖῖ-’ῗ’“““’ἷιῖ“ῗ“ἕ”

329 5364 2347 5495 ΕῈΤ”Ῑ“ῙΤᾟὼ

331 5504 2304 5638 ῐπγῑῆῇλῄῖῖῖι

333 5644 1318 5744 ἷῖῙῖΤῖῗ””““
1596 5648 1696 5742 TE

1805 5645 2367 5744 ἾιῙΤΤ
