3834 6752
94 357 183 417 895

707 349 777 405 IN
811 349 1144 406 CANONEM
1179 349 1598 409 PASCIIALEM
1634 352 1962 411 BUCIIERII
2002 350 2674 411 ANIMADVERSIONES.

3209 309 3316 411 sas

94 486 191 532 tum
214 469 456 537 incurrit,
486 479 547 526 ut
573 471 730 527 annis
762 471 973 542 periodi
1008 487 1062 525 tv
1087 482 1142 528 et
1176 488 1269 539 ιι,
1290 488 1367 528 vn
1404 480 1459 528 et
1482 488 1636 542 um,
1667 478 1711 538 Β
1738 474 1833 547 qui
1853 474 1924 531 84
1944 489 2212 530 annorum
2233 482 2338 539 est,
2366 474 2543 544 capite
2569 474 2624 530 5.
2654 471 2805 529 Adeo
2826 485 3013 527 verum
3037 479 3142 538 est,
3167 474 3312 542 quod

92 587 122 624 Χ
148 578 195 624 ει
228 582 369 631 LXVI,
396 580 495 619 XIII
537 573 595 620 et
624 578 773 629 LXII,
810 579 901 619 ινι
938 573 994 620 ει
1036 580 1208 632 LXXII,
1239 580 1331 620 ιιι
1372 574 1427 621 et
1472 582 1634 634 LXXV,

92 675 191 718 uti
220 667 271 714 et
296 672 522 713 uxvm.
564 654 671 711 Nec
700 664 812 711 tota
835 656 955 726 ejus
988 655 1091 711 “2
1113 671 1381 711 annorum
1415 657 1636 727 periodo

92 767 302 823 unquam
326 750 538 806 videbis
560 758 682 804 ante
703 750 888 803 lunam
916 763 1006 803 xvi
1028 746 1236 804 Pascha
1257 747 1635 805 Christianum

93 844 252 902 indici.
282 842 563 912 Ejusmodi
587 850 713 897 sunt
740 842 866 896 anni
894 856 1102 906 omnes,
1137 855 1371 911 quorum
1396 840 1636 908 termini,

92 954 172 992 seu
197 934 624 1005 quartadecima:
656 933 942 1003 paschales
970 931 1023 985 in
1056 930 1246 986 feriam
1274 942 1329 985 vi
1356 931 1632 999 incidunt;

92 1040 141 1082 ιιι
163 1041 258 1080 XVII
279 1033 332 1080 et
364 1040 562 1088 ιιιιιι,
597 1040 671 1079 XX
699 1033 753 1079 CI.
797 1039 982 1087 ιικνι,
1017 1038 1155 1078 XXIII
1197 1031 1253 1078 et
1293 1019 1481 1087 LXXIX,
1510 1038 1636 1078 XXVI

91 1129 137 1173 et
160 1132 349 1183 unn,
377 1132 512 1172 nix
545 1123 599 1171 et
624 1131 823 1179 Lxxxv,
850 1131 1002 1171 χχιιι
1025 1123 1080 1171 et
1099 1130 1366 1180 Lxxxvm,
1406 1130 1552 1171 xxxv
1585 1122 1640 1171 et

93 1224 182 1275 xci,
207 1223 405 1263 xxxvm
437 1216 493 1263 et
520 1223 665 1263 xcxv.

126 1349 194 1404 Vl.
215 1348 278 1403 Et
304 1348 645 1403 Dominicam
674 1349 975 1419 pasclialem
1007 1348 1195 1404 Martii
1222 1346 1295 1403 20
1330 1347 1596 1403 admittit.

150 1482 205 1538 Et
230 1482 374 1537 hisce
399 1481 623 1551 quidem
646 1482 790 1538 binis
815 1484 1214 1553 posterioribus
1237 1484 1393 1540 annis
1420 1484 1473 1539 id
1494 1499 1635 1555 prie-

92 1588 212 1631 terea
244 1575 518 1653 peculiare
555 1581 659 1639 est,
686 1584 746 1630 ut
774 1575 987 1633 Pascha
1020 1576 1366 1652 Dominicum
1397 1593 1496 1631 xui
1530 1575 1638 1631 Ka-

92 1666 249 1723 lendas
274 1665 506 1734 Apriles,
542 1682 637 1721 seu
668 1666 848 1723 Martii
881 1668 953 1724 20
989 1670 1078 1725 die
1118 1669 1435 1735 decernant,
1459 1670 1637 1725 littera

92 1757 381 1813 Dominieali
403 1756 466 1809 B.
488 1756 644 1824 Quod
669 1767 846 1814 tamen
869 1760 975 1816 line
997 1761 1207 1831 prologi
1239 1762 1322 1816 sui
1339 1761 1632 1829 Victorius,
1656 1801 1661 1805 -

1752 564 1925 621 nostri
1971 565 2027 620 in
2055 563 2357 620 Victorium
2404 562 2800 620 Commentarii
2817 561 2991 633 capite
3021 560 3055 615 4
3092 556 3313 616 ﬁnienté

1738 658 1999 725 diximus,
2027 672 2205 727 neque
2234 654 2439 712 Iudaeis
2460 655 2752 721 veteribus,
2784 669 2960 724 neque
2989 654 3189 709 nostris
3216 668 3314 723 per

1737 750 1850 806 duo
1886 750 2070 819 priora
2105 748 2302 804 saecula
2326 745 2659 803 Christianis
2682 744 3106 801 astronomicum
3142 744 3310 814 aequi-

1738 841 1904 895 noctii
1935 840 2078 895 diem
2105 841 2371 911 agnitum,
2400 853 2510 893 non
2547 846 2692 893 certe
2730 845 2880 892 tanto
2920 836 3176 907 scrupulo
3212 836 3310 890 ub-

1739 941 2017 989 servatum
2045 952 2057 988 :
2089 948 2213 988 cum
2243 933 2299 987 hi
2332 931 2481 987 nullo
2507 929 2576 985 ad
2602 945 2697 985 eas
2730 929 2894 985 tricas
2918 929 3047 997 etio,
3079 929 3167 985 vix
3199 928 3307 983 ulla

1740 1039 1773 1080 a
1802 1034 1881 1079 tot
1917 1024 2390 1095 perseeutionibus
2433 1021 2810 1091 respiratione,
2855 1020 2993 1075 nihil
3036 1034 3197 1090 supra
3254 1018 3307 1073 id

1739 1120 1911 1188 quod.
1938 1116 2205 1172 hactenus
2249 1130 2280 1173 a
2331 1114 2616 1186 Synagoga
2661 1121 2981 1182 usurpatum
3019 1112 3305 1179 videbant,

1738 1208 2127 1279 inquirendum
2156 1216 2411 1279 putarent
2441 1214 2785 1271 eurarentve,
2828 1219 2929 1259 nec
2960 1220 3183 1258 mensem
3214 1220 3309 1257 no-

1737 1315 1941 1366 varum,
1974 1300 2150 1355 solum
2194 1315 2224 1354 a
2262 1298 2546 1368 Scriptura
2579 1304 2965 1363 memoratum,
3003 1296 3110 1350 alio
3141 1310 3305 1365 quam

1737 1388 1908 1443 .ludzei
1939 1403 2104 1443 sensu
2138 1388 2646 1458 interpretarentur.
3049 1373 3065 1383 ’
3137 1374 3150 1381 ’
3187 1378 3192 1381 “
3229 1378 3239 1383 ’

1737 1500 1848 1557 VII.
1891 1499 2178 1572 Nunquam
2217 1501 2411 1572 limitis
2442 1498 2714 1572 aspiratio
2742 1496 3084 1572 Caesariensi
3111 1496 3307 1572 consti-

1809 1574 1910 1625 tuti
1942 1565 2097 1639 ﬁném
2121 1572 2342 1625 excedit.
2375 1568 2520 1640 Cycli
2544 1565 2869 1639 'Hippolytei.
2893 1569 2945 1621 in
2977 1565 3303 1621 Kalendario

1806 1641 2028 1695 Juliano
2060 1642 2358 1709 dispositio.

1809 1751 1918 1809 Nec
1944 1753 2073 1808 illud
2112 1754 2203 1809 hic
2231 1753 2614 1821 omittendum,
2644 1751 2992 1823 Hippolytum
3021 1750 3304 1807 constituti

93 1865 328 1919 nunquam
351 1849 566 1916 penitus
600 1848 922 1905 celebratum
945 1851 1165 1905 inueniri
1189 1851 1417 1907 scribit:
1443 1865 1637 1920 nempe
1666 1835 1709 1891 Β
1737 1845 1807 1899 ab
1839 1845 2045 1916 synodo
2071 1844 2398 1901 Caesariensi
2437 1844 2627 1899 limitis
2672 1844 2945 1914 paschalis
2995 1842 3157 1898 ﬁnem
3197 1859 3304 1898 non

94 1952 195 2011 post
220 1939 485 1996 Nicaenarn
521 1941 817 2012 synodum,
848 1952 943 1997 aut
973 1941 1178 1997 fortean
1205 1958 1272 1998 ex
1314 1958 1421 2012 quo
1456 1941 1633 1997 Latini

93 2031 640 2088 heekadeeaeteridem
697 2031 839 2088 hanc
897 2033 1237 2102 abjecerant,
1291 2032 1363 2088 ad
1418 2042 1631 2088 aetatem

92 2139 238 2193 usque
265 2122 510 2188 Victorii,
550 2132 615 2178 ut
652 2123 910 2180 diximus.
955 2123 1070 2180 Nisi
1120 2125 1278 2181 malis
1320 2139 1444 2180 eum
1490 2125 1633 2181 Beda

92 2215 458 2282 celebrandum,
509 2230 676 2283 quam
739 2215 1055 2271 celebratum
1113 2216 1310 2287 legere.
1378 2216 1631 2286 Alioquin

92 2304 324 2375 Hippolyti
354 2306 472 2360 haec
506 2305 799 2361 octaeteris
840 2308 1142 2376 geminata,
1192 2307 1307 2363 sive
1352 2305 1632 2362 heckmde-

93 2395 307 2458 caeteris,
336 2410 614 2449 annorum
651 2382 1078 2462 llﬁlintervallo,
1107 2395 1191 2451 bis
1234 2396 1340 2450 isto
1376 2395 1464 2450 die
1496 2410 1631 2450 cen-

94 2485 259 2542 stituit.
289 2482 438 2540 Unde
466 2485 622 2541 vides
650 2485 994 2558 Hippolytum
1026 2502 1093 2542 ex
1124 2487 1302 2558 primo
1335 2495 1389 2542 et
1416 2487 1633 2559 rigidis-

93 2576 209 2630 simo
243 2574 563 2631 Latinorum
606 2593 804 2647 genere
843 2578 1140 2645 exstitisse,
1176 2579 1270 2649 qui
1316 2578 1630 2634 Iudaeorum

96 2668 320 2723 terminos
338 2669 863 2738 complectebantur;
878 2678 933 2725 et
954 2669 1358 2739 aequinoctium,
1381 2670 1463 2724 vel
1485 2680 1631 2726 certe

95 2758 203 2811 solis
227 2759 275 2812 in
298 2759 539 2815 Arietem
578 2759 904 2830 ingressum,
940 2777 1048 2815 non
1076 2775 1199 2815 cum
1237 2759 1301 2814 2i
1346 2759 1547 2827 Martii,
1572 2770 1632 2817 ut

84 2844 263 2902 [Niciam
292 2847 510 2916 Patres;
541 2865 720 2920 neque
759 2866 883 2905 eum
914 2851 1006 2915 22,
1041 2858 1100 2905 ιιι
1136 2851 1342 2921 passim
1377 2851 1630 2906 Anatolio

95 2940 336 3007 tribuunt;
368 2944 463 2999 sed
495 2958 627 2998 eum
660 2942 728 2997 18
761 2943 1183 3013 comparabant,
1233 2958 1300 2998 ex
1345 2944 1632 2999 nonnullo-

97 3045 194 3085 rum
222 3043 450 3089 veterum
484 3046 547 3091 et
573 3035 865 3091 celebrium
898 3035 1297 3105 astrologorum
1328 3037 1627 3092 sententia:

96 3138 195 3178 cum
224 3128 410 3197 quibus
445 3128 670 3184 Iudaeos
716 3128 1089 3195 consensisse,
1133 3126 1400 3198 Iosephus
1440 3143 1628 3184 eorum

1734 1940 2011 2003 excedere,
2044 1937 2167 1993 licet
2210 1936 2422 1991 initium
2457 1937 2626 1992 biduo
2669 1944 2989 1993 antevertat.
3036 1936 3111 1993 Ea
3157 1938 3302 1993 enim

1734 2030 1973 2102 synodus
1997 2029 2066 2083 ab
2094 2045 2149 2083 ιι
2180 2028 2450 2084 Kalendas
2485 2028 2718 2098 Apriles,
2761 2045 2856 2084 seu
2897 2028 2968 2083 22
3004 2028 3203 2096 Martii,
3235 2028 3303 2083 ad

1732 2138 1788 2177 χι
1820 2120 2089 2177 Kalendas
2123 2121 2269 2189 Maii,
2311 2138 2407 2178 seu
2439 2122 2503 2177 2!
2540 2123 2741 2194 Aprilis
2780 2122 3064 2189 inclusive,
3101 2138 3197 2193 per
3233 2123 3296 2176 5|

1733 2212 1847 2268 dies
1881 2211 2087 2268 Pascha
2120 2213 2509 2285 ἀναστάσιμον,
2541 2230 2635 2270 seu
2676 2214 2987 2270 Dominieas
3019 2214 3303 2284 paschales

1734 2304 2029 2360 concludit.
2064 2302 2385 2376 Hippolytus
2416 2306 2485 2361 ab
2519 2322 2616 2360 xm
2649 2304 2916 2361 Kalendas
2944 2306 3174 2376 Apriles,
3206 2321 3301 2360 seu

1731 2395 1908 2451 Martii
1941 2396 2033 2464 20,
2063 2398 2131 2452 ad
2168 2414 2220 2452 xi
2249 2397 2522 2454 Kalendas
2550 2396 2693 2465 Maii,
2707 2414 2801 2468 per
2823 2398 2940 2454 dies
2979 2397 3205 2453 omnino
3233 2398 3302 2452 55

1731 2489 1994 2557 extendit,
2018 2498 2078 2544 ut
2106 2502 2173 2543 ex
2204 2489 2449 2559 subjecto
2493 2489 2884 2561 diagrammate
2912 2498 3072 2560 patet.
3105 2488 3163 2543 ιιι
3193 2502 3303 2559 quo

1732 2594 1907 2635 annos
1956 2579 2517 2636 heckaedecaeteridos
2560 2581 2681 2651 ejus
2729 2596 2889 2637 senos
2923 2582 3113 2647 denos,
3145 2581 3303 2651 quasi

1730 2669 1953 2725 totidem
1987 2686 2242 2727 numeros
2282 2672 2518 2737 Aureos,
2554 2687 2707 2743 aeque
2751 2688 2815 2727 ac
2856 2689 2947 2727 xix
2990 2672 3214 2727 Latinos
3250 2680 3304 2726 et

1729 2762 2150 2826 Alexandrinos,
2185 2764 2350 2819 certis
2372 2763 2641 2818 mensium
2673 2763 2852 2819 Martii
2885 2774 2938 2819 et
2966 2764 3165 2835 Aprilis
3188 2765 3303 2819 die-

1730 2854 1832 2910 bus
1855 2870 1921 2909 ex
1952 2854 2071 2924 ejus
2096 2854 2344 2910 doctrina
2368 2855 2637 2912 alliximus
2664 2875 2677 2911 :
2706 2858 2778 2912 ita
2802 2865 3003 2924 tamen,
3032 2867 3091 2912 ut
3111 2857 3301 2912 sexde-

1731 2944 1837 3000 cim
1868 2945 1996 2999 anni
2029 2944 2143 3010 isti,
2172 2960 2281 2999 non
2320 2944 2425 3000 nisi
2469 2946 2535 2999 ad
2564 2955 2689 3001 octo
2719 2947 2835 3002 dies
2866 2947 3132 3001 mensium
3168 2946 3300 3001 isto-

1728 3050 1849 3089 rum
1883 3042 2261 3104 apponantur;
2307 3035 2437 3103 quia
2470 3034 2583 3089 bini
2635 3035 2691 3090 in
2739 3035 2984 3091 cellulam
3017 3053 3177 3092 unam
3218 3037 3303 3091 in-

1730 3133 1959 3182 currunt
1997 3145 2009 3180 :
2047 3124 2267 3196 quando
2297 3125 2448 3197 {nihil
2494 3126 2640 3181 aliud
2684 3126 3159 3185 heckaedecaeteris
3194 3139 3298 3194 est,

98 3214 347 3274 historicus
376 3220 656 3286 insinuat;
694 3228 749 3275 et
786 3236 884 3275 nos
930 3220 1175 3275 dicemus
1203 3221 1257 3273 in
1295 3226 1529 3274 tractatu
1562 3220 1634 3275 De
1660 3205 1703 3263 (ἶ
1734 3235 1898 3291 quam
1926 3219 2214 3275 octaeteris
2246 3219 2542 3290 geminata,
2587 3231 2648 3277 ut
2678 3223 2790 3293 jam
2839 3225 2999 3283 toties
3039 3225 3298 3280 diximus.

95 3307 300 3372 paschali
325 3319 580 3377 ueterum,
606 3319 833 3381 tempore
878 3310 1098 3378 Christi,
1126 3308 1437 3364 Judworum
1468 3309 1635 3382 cyclo,

1736 3311 1818 3366 En
1850 3311 1986 3385 cycli
2022 3310 2293 3383 Hippolyti
2314 3311 2370 3366 in
2395 3311 2719 3372 Kalendario
2747 3314 2962 3374 Iuliano
2995 3317 3298 3391 dispositio.

693 3492 925 3559 cvcu
968 3491 1457 3555 HIPPOLYTEI
1491 3492 1575 3554 1N
1615 3490 2142 3554 KALENDARIO
2184 3490 2661 3559 msrosrrro.
2905 3473 2911 3478 ’
2980 3532 3005 3571 .

914 3622 1041 3712 ἐξ
1129 3621 1256 3712 ἐξ
1340 3626 1466 3712 EE

307 3758 718 3817 manuus.
913 3711 1023 3824 ἓξ
1126 3707 1239 3824 ξίὲ
1324 3716 1449 3824 ἓξ

308 4027 367 4069 ιιι
491 4015 530 4071 5
728 4014 786 4068 Ἀ
928 4029 1025 4068 ιιι
1120 4027 1257 4067 xvm
1364 4028 1416 4067 vr
1597 4014 1624 4068 1

272 4110 1259 4131 -----------
1354 4098 1446 4137 xrv
1535 4113 1679 4127 -—-—

272 4151 416 4207 Prid.
536 4155 573 4209 6
748 4155 784 4209 b
925 4170 1022 4209 vui
1586 4155 1622 4209 2

270 4292 408 4349 Non.
540 4294 572 4349 7
748 4310 780 4351 c
1151 4309 1226 4348 vn
1583 4296 1619 4350 5
1776 4272 1843 4384 3:

270 4392 1824 4525 mufr:*¢yri

272 4533 833 4631 TF'TT'TT
900 4533 1044 4629 ἾΓ
1113 4533 1254 4630 ἷῖ
1528 4535 1670 4633 Ἷῖ
1741 4534 1884 4629 Ἷῖ

274 4673 415 4770 TT
479 4676 625 4771 Ἶῖ
690 4670 1045 4779 έῗ’““
1112 4672 1255 4771 Ἶῖ
1322 4674 1465 4688 ““
1534 4676 1678 4772 ἿΓ
1746 4675 1889 4771 Ἶῗ

275 4813 2078 4950 ΤῙΤἙῙ“““”““ΓΤζτ;

308 5012 360 5049 1v
525 4996 593 5051 ιε
741 4996 787 5050 Α
957 5012 999 5051 ιι
1146 5013 1221 5053 ιιι
1590 4999 1625 5053 8

1802 4998 1839 5053 5
2018 5000 2044 5055 ί

310 5150 372 5192 ιιι
525 5139 592 5193 15
752 5136 790 5191 b
1177 5155 1195 5194 ι
1591 5141 1625 5195 9

1805 5137 1839 5194 6
2016 5142 2053 5196 2

273 5233 838 5335 ΕΕΖἾῙ’ἿΓ
906 5238 1259 5333 ῙΓ”“
1327 5239 1471 5251 “”
1539 5240 1646 5334 Ῑὸ

1750 5238 1893 5334 έῗ
1960 5240 2105 5337 Ἷῖ

279 5374 2289 5512 ἦῖτῂῖ“πῖῖὠ

280 5514 2247 5653 Εῖτῆῖῶῖῒῖί

307 5713 395 5753 xvr
529 5701 593 5755 i7
766 5701 790 5755 f
948 5717 1025 5757 vn
1578 5703 1644 5757 13

1785 5704 1851 5759 10
2011 5702 2046 5757 6
2217 5703 2255 5759 2
