3882 6332
169 366 255 423 897

764 359 831 414 IN
868 359 1192 416 CANONEM
1235 359 1644 418 PASCHALEM
1680 359 2010 418 BUCHERH
2047 359 2720 418 ANIMADVERSIONES.

3271 367 3374 423 898

229 481 387 547 Atque
417 477 528 532 haec
554 476 618 532 de
649 477 717 533 iis
755 493 877 548 quae
917 478 984 533 ad
1014 479 1287 551 Hippolyti
1315 479 1616 542 Canonem,
1649 490 1704 534 et
1731 487 1774 540 A
1803 480 2076 536 riensibus
2118 481 2417 547 collocarit,
2453 483 2597 550 quod
2623 481 2796 551 magis
2825 481 3114 549 existimo;
3149 489 3278 538 tunc
3305 487 3374 538 ab

169 569 440 624 institutum
464 576 705 623 nostrum
731 577 998 638 spectant.
1023 568 1163 623 dicta
1194 569 1324 623 sint.
1353 569 1554 624 Caetera
1579 585 1699 637 quae

170 663 242 715 hic
268 659 430 714 notari
459 668 696 728 possent,
724 660 916 713 omitto
944 678 958 714 ι
987 667 1104 714 tum
1129 659 1257 729 quia
1285 659 1419 712 nihil
1444 659 1510 714 ad
1543 661 1698 714 insti-

168 763 338 817 tutum,
362 762 470 805 tum
493 751 616 820 quia
642 751 783 820 apud
811 750 1165 821 Scaligerum,
1188 751 1466 806 Petavium
1488 760 1542 808 et
1562 753 1697 810 alios

145 845 307 924 [videri
333 853 571 914 possunt.
609 843 726 900 Una
749 846 912 900 modo
935 847 1165 916 quzestio
1188 857 1451 917 superest.

166 1020 276 1074 Vlll.
315 1019 560 1098 Qntrstio.
583 1021 675 1098 ⁸Αιι
703 1026 977 1098 octaeteris
1000 1025 1276 1098 Paschalis
1311 1031 1510 1098 passim
1539 1045 1696 1082 usur-

216 1091 485 1170 patansitna
513 1092 697 1170 primis
723 1093 1060 1170 Christianis.
1096 1091 1474 1154 Octaeteridem
1494 1100 1695 1170 [lippo-

217 1159 301 1229 lyti
325 1159 556 1240 Scaliger
587 1161 870 1217 absurdam
904 1176 1096 1234 putat:
1119 1183 1238 1239 qua:
1269 1180 1442 1225 tamen
1475 1159 1694 1225 Latino-

221 1247 323 1283 runt
349 1245 574 1286 rattoncs
605 1242 798 1290 servat.

218 1385 435 1456 Scaliger
457 1385 573 1442 suis
608 1387 663 1441 in
701 1386 847 1442 hunc
876 1386 1145 1461 Hippolyti
1181 1391 1458 1450 Canonem
1503 1396 1692 1454 obser-

159 1477 453 1541 vationibus,
503 1478 681 1532 vereri
715 1495 773 1535 se
813 1480 908 1545 ait,
963 1491 1021 1536 ut
1075 1482 1164 1538 illa
1215 1483 1693 1544 heckaedecaeteris

160 1566 438 1638 llippolytea
472 1583 713 1638 unquam
738 1579 951 1640 recepta
974 1569 1159 1639 fuerit,
1195 1587 1319 1628 cum
1355 1583 1432 1629 tot
1457 1575 1693 1633 absurda

158 1660 200 1712 in
229 1659 308 1713 illa
333 1660 513 1714 relicta
553 1661 684 1716 sint.
725 1660 868 1715 Nam
895 1662 1151 1734 alioquin,
1185 1666 1381 1736 inquit,
1419 1673 1694 1724 octaeteri-

153 1751 225 1803 des
242 1749 499 1818 paschales
527 1751 694 1822 fuisse
728 1754 962 1808 novimus
982 1771 1047 1808 ea:
1077 1756 1301 1825 epistola
1327 1757 1568 1828 Dionysii
1591 1763 1694 1829 epi-

153 1843 293 1909 scopi,
321 1852 422 1898 etc.
448 1843 555 1899 Sed
585 1860 688 1900 nos
711 1845 944 1901 absurda
972 1845 1026 1902 in
1055 1848 1161 1904 hoc
1180 1848 1449 1922 Hippolyti
1472 1852 1692 1908 Canone
1723 1843 1764 1896 Β

153 1935 277 1988 nulla
294 1935 564 2002 videmus;
600 1952 706 1992 non
730 1938 830 1992 alia
854 1947 1017 2006 certe,
1035 1955 1197 2009 quam
1229 1957 1351 2011 quae
1370 1943 1422 1997 in
1449 1947 1687 2013 paschali

155 2024 438 2082 Latinorum
475 2029 734 2085 methodo
769 2034 1210 2089 monstravimus.
1245 2033 1375 2101 Quae
1407 2053 1567 2091 nemo
1596 2038 1691 2093 ab-

155 2117 291 2172 surda
316 2121 591 2176 vocaverit
617 2138 632 2176 :
666 2132 720 2178 et
748 2135 813 2178 ut
830 2131 1033 2192 essent,
1065 2141 1224 2181 nemo
1256 2137 1474 2198 propter
1499 2144 1562 2184 ea
1592 2145 1690 2198 pa-

151 2212 355 2267 schalem
396 2211 718 2268 Latinorum
741 2215 950 2286 cyclum
981 2216 1036 2270 in
1068 2232 1171 2271 usu
1206 2217 1375 2274 fuisse
1420 2235 1544 2274 cum
1567 2220 1691 2276 Sea-

153 2301 290 2371 ligero
310 2319 500 2374 negare
524 2303 769 2360 auderet.
805 2302 914 2360 Nec
947 2307 1114 2372 enim,
1145 2322 1266 2376 qua:
1290 2309 1493 2378 passim
1530 2325 1689 2365 usur-

153 2403 270 2459 pata,
307 2403 396 2448 aut
420 2394 549 2464 quia
588 2403 865 2465 usurpata,
901 2410 1008 2450 non
1042 2396 1276 2452 absurda
1306 2407 1454 2453 sunt.
1486 2398 1685 2455 Verum

153 2499 250 2549 nos,
289 2493 344 2539 ut
375 2486 518 2552 dixi,
571 2486 718 2542 nulla
763 2487 817 2542 in
850 2487 918 2542 iis
947 2487 1264 2544 Latinorum
1293 2497 1389 2544 aut
1415 2489 1684 2561 Hippolyti

149 2577 410 2632 canonibus
440 2578 701 2643 absurda,
738 2578 830 2634 sed
879 2581 1058 2648 potius
1103 2590 1255 2636 acuta
1291 2593 1345 2636 et
1372 2582 1684 2638 verisimilia

151 2667 288 2721 multa
325 2668 516 2735 inesse,
561 2670 696 2725 satis
745 2669 879 2738 jam.
936 2679 997 2725 ut
1047 2670 1263 2739 opinor,
1310 2671 1681 2742 probavimus.

147 2758 356 2830 Cumque
395 2763 684 2831 paschales
721 2762 1035 2818 Latinorum
1069 2764 1306 2820 rationes
1351 2764 1442 2820 diu
1487 2766 1543 2819 in
1581 2764 1685 2822 Ec-

148 2851 280 2906 clesia
304 2853 563 2925 viguisse,
596 2870 660 2910 ex
688 2855 851 2911 dictis
879 2855 1094 2910 abunde
1121 2855 1233 2925 jam
1266 2864 1511 2923 constet;
1549 2855 1682 2928 Hip-

148 2943 352 3014 polyteas
385 2960 609 3016 quoque
659 2961 781 3015 quae
819 2945 1008 3002 iisdem
1040 2947 1322 3018 principiis
1356 2947 1679 3013 innituntur,

147 3033 415 3103 aliquandiu
443 3037 641 3092 saltem
670 3047 979 3107 usurpatas,
1011 3053 1208 3108 negare
1235 3055 1340 3095 non
1366 3056 1677 3110 possumus.

147 3123 298 3195 Neque
323 3129 703 3198 probabilitate
725 3137 894 3192 caret,
919 3130 1279 3188 octaeteridas
1302 3133 1422 3202 ejus
1449 3135 1679 3191 subinde

144 3219 415 3276 emendatas
452 3236 628 3286 esse;
681 3222 804 3276 licet
850 3223 1245 3280 emendationis
1293 3224 1537 3293 modum,
1583 3229 1677 3297 qui

144 3308 296 3366 varius
319 3326 432 3367 esse
461 3313 677 3384 potuit,
717 3312 1049 3384 ignoremus.

1705 3179 1746 3238 C

227 3464 310 3522 lx.
348 3467 643 3524 Octaeteris
674 3468 916 3541 Dionysii
942 3471 1292 3527 Alexandrini
1322 3474 1571 3546 episcopi.

201 3575 412 3635 Rursum
442 3582 810 3637 octaeteridos
841 3599 997 3638 usum
1017 3584 1212 3654 priscis
1240 3586 1562 3644 Christianis
1591 3587 1676 3644 fa-

145 3667 369 3724 miliarem
420 3671 613 3737 fuisse,
656 3673 852 3742 probat
887 3671 1125 3744 Dionysii
1161 3676 1399 3747 episcopi
1443 3679 1678 3734 Alexan-

143 3759 258 3813 drini
299 3763 406 3840 (qui
449 3765 519 3819 ab
571 3779 714 3820 anno
740 3766 944 3822 Christi
967 3767 1074 3822 246
1106 3768 1174 3824 ad
1195 3769 1303 3824 265
1333 3770 1513 3825 sedem
1553 3787 1676 3826 eam

134 3853 299 3924 tenuit)
333 3856 558 3924 epistola
607 3856 676 3911 ad
717 3855 1011 3913 Domitium
1058 3868 1112 3914 et
1150 3859 1436 3932 Didytnum
1463 3902 1478 3928 ,
1511 3877 1674 3932 quam

142 3941 244 3996 citat
275 3943 530 4002 Eusebius
578 3946 720 4002 Hist.
754 3949 1124 4004 ecclesiasticw
1157 3951 1250 4006 lib.
1275 3967 1382 4017 vn,
1415 3968 1533 4024 cap.
1566 3954 1671 4008 15:

144 4028 319 4100 lnhac,
365 4038 472 4104 ait,
519 4037 791 4094 Canonent
850 4051 964 4095 octo
1019 4059 1275 4096 annorum
1327 4044 1490 4111 citat,
1537 4046 1675 4114 quod

142 4123 298 4188 festum
329 4128 608 4183 Paschalis
647 4147 749 4184 non
788 4132 895 4185 alio
937 4133 1064 4186 anni
1103 4145 1326 4204 tempore
1362 4151 1520 4206 quam
1560 4144 1674 4206 post

143 4217 248 4270 reris
290 4223 660 4289 aequinoctium
717 4222 970 4277 celebrari
1010 4225 1218 4280 debeat.
1265 4225 1520 4282 Fueritne
1560 4229 1676 4283 haec

143 4302 341 4379 Dionysii
379 4313 692 4376 octaeteris,
731 4313 818 4368 illa
851 4311 1121 4386 Hippolyti
1150 4315 1359 4370 dierum
1387 4317 1548 4384 2922,
1593 4318 1676 4372 di-

140 4395 291 4453 vinare
317 4409 396 4456 est
427 4420 441 4456 :
473 4418 586 4456 non
615 4401 782 4457 fuisse
809 4412 1009 4470 tamen,
1033 4403 1338 4470 videretur;
1371 4405 1416 4460 si
1440 4402 1671 4460 Pascha-

141 4488 193 4540 tis
227 4505 310 4545 eos
343 4495 607 4548 terminos
639 4493 928 4559 exhibuit,
977 4494 1071 4565 qui
1113 4503 1238 4564 post
1285 4496 1669 4566 aequinoctium
1706 4527 1748 4586 Ι)

141 4593 327 4638 vernum
358 4599 577 4656 semper
601 4587 958 4654 plenilunium
985 4587 1322 4652 exhiberem,
1339 4597 1391 4643 et
1412 4597 1671 4644 constano

139 4679 202 4723 ter
229 4692 241 4726 :
275 4675 369 4732 hoc
397 4678 542 4731 enim
581 4676 899 4748 Hippolytca
939 4678 1211 4750 sesquidie
1244 4678 1455 4734 brevior
1488 4690 1671 4736 tenere

140 4777 224 4817 non
264 4777 465 4836 potest,
515 4770 622 4825 nisi
665 4770 882 4825 aliunde
905 4771 1143 4840 juvetur.
1177 4769 1295 4826 Jam
1335 4781 1465 4828 tunc
1509 4773 1672 4845 igitur

140 4862 346 4926 tempore
397 4862 638 4934 Dionysii
684 4872 921 4929 constat,
970 4863 1233 4934 quosdam
1288 4864 1495 4921 Pascha
1545 4877 1672 4922 ante

137 4953 478 5015 aequinoctium
505 4996 520 5022 ,
552 4956 740 5010 saltem
768 4955 1030 5019 Caesaris,
1062 4956 1362 5012 celebrasse
1406 4957 1666 5028 subinde;

137 5051 181 5092 ut
205 5059 257 5097 ex
288 5047 502 5103 Canone
543 5048 810 5120 Hippolyti
849 5057 902 5102 ct
941 5046 1257 5102 Latinorum
1295 5049 1568 5114 vidimus,
1615 5061 1670 5104 et

135 5135 267 5190 etiam
297 5139 345 5192 in
367 5139 593 5197 Judaico
612 5141 934 5196 videbimus.
968 5140 1169 5195 Contra
1197 5141 1294 5196 hos
1320 5157 1508 5197 omnes
1538 5142 1666 5196 Dio-

137 5230 317 5294 nysium
341 5235 626 5302 scripsisse
656 5235 969 5304 conjectura
992 5251 1128 5306 pene
1155 5247 1300 5291 certa
1321 5244 1434 5299 est;
1468 5244 1522 5289 et
1547 5235 1667 5304 qui-

135 5311 233 5368 dem
267 5319 308 5372 si
343 5325 726 5393 aequinoctium
776 5325 841 5379 21
902 5327 1085 5380 martii
1133 5325 1332 5380 Juliani
1381 5325 1662 5392 delixerit;

135 5407 252 5471 Quod
295 5411 414 5467 inde
443 5417 826 5485 consequitur,
875 5416 1114 5471 citimam
1151 5431 1303 5471 suam
1353 5415 1665 5485 paschalem

135 5505 439 5559 neomeniam
465 5521 572 5560 non
599 5509 702 5564 nisi
732 5510 765 5564 8
787 5509 1028 5579 ejusdem
1057 5507 1230 5562 Martii
1260 5508 1346 5561 die
1371 5523 1528 5562 crsus
1549 5507 1666 5561 fuco

135 5585 208 5648 fit.
251 5606 279 5645 e
318 5593 476 5665 cujus
505 5596 721 5666 regione
750 5612 868 5662 nos,
911 5613 1082 5652 annos
1114 5596 1662 5652 heckzedecaeteridos

137 5672 434 5755 Hippolyten:
485 5704 549 5741 ιιι
590 5700 640 5744 et
670 5706 721 5744 ιιι
755 5691 1194 5759 composuimus;
1249 5690 1292 5744 si
1327 5705 1452 5744 vero
1489 5689 1661 5759 aequi-

134 5771 339 5827 noctium
386 5775 456 5830 25
495 5775 668 5834 Martii
718 5794 841 5833 cum
872 5780 1079 5835 Caesare
1113 5790 1166 5834 et
1200 5777 1445 5835 Patrihus
1481 5778 1660 5834 Ctesa-

1800 573 1976 628 Martii
1997 573 2082 638 l2,
2107 575 2195 628 ubi
2221 573 2433 629 Aureus
2454 573 2576 644 ejus
2601 589 2858 630 numeros
2877 591 2971 630 vm
3001 585 3056 630 et
3085 591 3172 630 xvt
3203 592 3373 646 appo-

1798 667 2010 721 suimus
2033 707 2047 729 ,
2077 673 2172 720 aut
2200 679 2364 734 quam
2387 665 2672 728 citissime,
2707 667 2994 722 undecimo
3023 667 3222 732 Martii,
3260 670 3374 739 pri-

1797 772 1946 811 mum
1981 757 2336 812 inchoaverit.
2365 755 2548 811 Potuit
2579 765 2758 811 tamen
2791 755 2881 811 hic
2907 759 3145 813 solarum
3180 759 3370 813 Denti-

1797 848 2065 908 nicarum,
2108 862 2216 902 non
2252 848 2378 902 item
2414 848 2770 902 terminorum
2814 837 3152 918 paschalium
3200 851 3370 904 ratio-

1797 954 1919 993 nem
1952 939 2170 1006 habere,
2204 953 2417 1008 nempe,
2455 949 2514 994 ut
2539 939 2643 994 illa:
2675 939 2804 994 sola:
2830 950 2952 1009 post
2983 941 3368 1011 mquinoctium

1797 1029 2196 1096 indicerentur;
2248 1041 2308 1086 ut
2341 1029 2408 1085 de
2451 1031 2724 1096 Anatolio,
2759 1032 2853 1102 qui
2895 1032 3198 1103 discipulus
3245 1034 3370 1104 ejus

1795 1121 1963 1177 fuisse
2001 1123 2236 1188 videtur,
2274 1123 2704 1180 observabimus.

2303 1281 2372 1337 Χ.
2413 1281 2551 1337 Julii
2586 1283 2850 1353 Africani.

1863 1437 2068 1501 Tertio,
2114 1436 2293 1492 Julius
2353 1437 2664 1502 Africanus,
2710 1438 2805 1509 qui
2858 1438 3154 1493 Chronicon
3205 1454 3364 1496 suum

1792 1529 2041 1599 perduxit
2070 1544 2239 1598 usque
2273 1527 2337 1582 ad
2369 1543 2572 1581 annum
2596 1527 2798 1583 Christi
2824 1527 2952 1594 22f,
2989 1529 3180 1597 quinto
3207 1527 3361 1581 Tem-

1791 1637 1976 1689 porum
2002 1620 2278 1674 volumine
2308 1619 2380 1674 ita
2417 1620 2626 1685 scribit,
2654 1626 2790 1673 teste
2821 1617 3150 1690 Hieronymo
3173 1619 3226 1674 in
3260 1619 3365 1672 Da—

1776 1711 1949 1765 ‘nielis
1987 1727 2104 1780 cap.
2135 1727 2188 1764 ιιι
2211 1753 2226 1778 ,
2259 1720 2310 1765 et
2344 1710 2575 1766 Eusebio
2614 1711 2753 1765 libro
2785 1710 3143 1764 Demonstrat.
3176 1727 3359 1781 evang.

1791 1819 1888 1856 vm
1922 1821 1934 1856 :
1963 1801 2132 1857 (ἶνιεεὶ
2163 1813 2210 1856 ει
2237 1801 2415 1856 Judrci
2448 1819 2540 1872 per
2577 1812 2690 1856 octo
2718 1819 2881 1856 annos
2917 1802 3075 1856 trium
3103 1804 3362 1856 mensium

1805 1894 2194 1967 Ἐμδολισμοῦς
2223 1895 2450 1965 faciunt.
2503 1895 2564 1950 Si
2607 1897 2744 1950 enim
2783 1897 2941 1950 octies
2981 1893 3219 1947 undecim
3250 1893 3363 1947 dies

1793 1984 1906 2054 (qui
1945 1995 2236 2055 supersunt
2263 2002 2328 2040 ex
2359 2001 2502 2039 anno
2523 1986 2654 2040 solis
2679 2001 2801 2040 cum
2834 1985 3010 2061 lunari
3038 1984 3360 2055 composito)

1789 2087 1837 2131 et
1857 2087 2102 2147 quartam
2140 2077 2244 2132 diei
2274 2089 2474 2148 partem
2514 2078 2740 2133 volucris
2774 2089 3100 2147 suppurare;
3129 2078 3197 2132 90
3227 2077 3356 2140 dies,

1789 2165 1883 2220 hoc
1905 2175 1980 2221 est
2038 2177 2143 2221 tres
2176 2169 2606 2238 ntenses,e/]icies.
2644 2165 2707 2221 Et
2736 2168 2898 2238 paulo
2928 2176 3053 2222 ante
3083 2185 3096 2221 :
3125 2165 3359 2220 Lunares

1791 2257 2129 2314 Ilebrceorum
2178 2275 2398 2326 menses,
2437 2259 2721 2313 secundum
2761 2258 2974 2313 illorum
3019 2261 3358 2328 supputatioo

1787 2364 1924 2410 nem,
1954 2357 2169 2417 possunt
2198 2347 2370 2417 facere
2418 2362 2511 2415 per
2545 2345 2778 2416 singulos
2825 2361 3022 2400 menses
3065 2346 3176 2398 dies
3205 2345 3276 2399 29
3308 2354 3359 2398 et

1785 2441 1976 2504 semis;
2020 2441 2095 2493 ita
2135 2449 2191 2492 ut
2231 2439 2357 2492 solis
2405 2437 2637 2492 circulus
2666 2453 2758 2507 per
2784 2453 2950 2491 annos
2973 2453 3096 2493 suos
3123 2437 3357 2509 singulos

1787 2530 1896 2602 (qui
1941 2532 2130 2585 habent
2158 2531 2267 2584 dies
2296 2529 2399 2584 ’565
2429 2540 2478 2583 et
2521 2539 2764 2600 quartam
2811 2529 2918 2583 diei
2960 2528 3184 2600 partem)
3237 2529 3358 2599 plus

1783 2623 1970 2676 habeat
1998 2621 2238 2674 undecim
2259 2619 2369 2673 dies
2402 2629 2451 2673 et
2474 2629 2720 2689 quartam
2752 2619 2857 2673 diei
2885 2629 3111 2690 partem.
3139 2619 3358 2674 Graccus

1783 2713 1998 2784 quidem
2030 2711 2356 2767 octaeteride
2381 2725 2508 2765 usos
2528 2749 2543 2774 ,
2573 2719 2626 2764 et
2653 2710 2870 2780 quidem
2907 2710 3121 2780 qualem
3152 2711 3241 2766 hic
3263 2711 3356 2764 de-

1783 2805 1975 2862 scribit
2024 2803 2348 2866 Africanus.
2390 2804 2524 2859 satis
2552 2799 2788 2870 scimus;
2820 2800 3036 2858 Judaeos
3062 2818 3170 2858 non
3200 2802 3352 2868 item,

1781 2897 1890 2951 nisi
1925 2895 2061 2952 forte
2089 2896 2156 2950 de
2185 2893 2511 2950 octaeteride
2543 2891 2756 2948 Iuliana
2781 2893 2847 2948 ad
2885 2888 3146 2948 76'annos
3171 2892 3355 2963 Calip-

1779 2987 1933 3057 picos
1964 2987 2018 3041 in
2053 2985 2301 3042 Paschali
2344 3000 2535 3041 eorum
2582 2984 2804 3055 periodo
2851 2985 2974 3040 addi
3010 2985 3170 3039 solita
3208 2983 3353 3039 Alri-

1780 3094 1950 3135 canus
2004 3078 2283 3148 intelligat.
2327 3076 2648 3147 Quanquam
2696 3091 2872 3147 neque
2905 3076 3008 3130 hoc
3039 3075 3213 3142 dicat;
3256 3074 3350 3130 sed

1782 3179 1988 3226 tantum
2016 3169 2230 3226 Judaaos
2256 3178 2378 3224 octo
2417 3169 2575 3225 annis
2601 3177 2712 3224 tres
2739 3168 3106 3224 embolimaeos
3135 3183 3352 3224 menses

1778 3262 2050 3318 inculcare
2066 3304 2081 3328 ,
2105 3260 2248 3331 quod
2274 3269 2327 3314 et
2349 3259 2403 3314 in
2427 3274 2615 3315 eorum
2637 3257 2979 3329 productiore
2994 3259 3062 3312 84
3080 3272 3350 3313 annorum

1776 3350 2002 3422 periodo
2030 3365 2219 3404 verum
2247 3357 2362 3416 est,
2398 3349 2490 3403 ubi
2523 3348 2652 3402 anni
2705 3356 2830 3403 octo
2876 3357 2987 3404 tres
3031 3347 3351 3418 plerumque

1776 3459 1992 3500 menses
2034 3440 2404 3496 embolimaeos
2454 3440 2864 3495 nanciscuntur.
2916 3439 3026 3494 Cur
3068 3448 3246 3495 autem
3293 3440 3347 3494 in

1777 3538 1879 3593 bac
1918 3551 2188 3591 annorum
2226 3536 2501 3590 lunarium
2546 3535 2930 3604 supputatione
2959 3534 3171 3604 cyclum
3201 3533 3348 3589 hunc

1775 3629 2067 3684 Africanus
2104 3628 2286 3699 potius
2337 3643 2500 3698 quam
2538 3637 2616 3683 tot
2637 3626 2772 3681 alios
2806 3625 3064 3681 certiores
3092 3625 3344 3696 accipiat,

1776 3721 1923 3774 nulla
1977 3717 2359 3788 mihiquidem
2408 3717 2550 3772 ratio
2597 3716 2822 3772 solidior
2861 3715 3130 3782 occurrit,
3177 3731 3342 3785 qttam

1775 3811 1921 3882 quod
1954 3827 2077 3865 eum
2107 3819 2160 3866 et
2192 3809 2482 3866 faciliorem
2512 3849 2528 3874 ,
2576 3817 2630 3863 et
2668 3823 2700 3862 a
2744 3807 3069 3878 quibusdam
3104 3807 3204 3861 aevi
3257 3807 3342 3860 sui

1774 3902 2100 3958 Christianis
2141 3902 2196 3956 in
2251 3916 2410 3956 usum
2461 3901 2642 3956 induci
2691 3900 2958 3956 videbat:
2993 3913 3117 3953 nam
3153 3898 3343 3953 eodem

1778 4008 2018 4065 tempore
2084 4010 2238 4050 suam
2319 3995 2684 4050 concinnabat
2762 3990 3342 4048 heckzedecaeteridem

1777 4088 2112 4160 Hippolytus.
2150 4085 2218 4140 Et
2253 4101 2384 4141 sane
2418 4085 2577 4156 paulo
2606 4083 2878 4140 difficilior
2923 4083 3316 4138 enneadecaete

1777 4182 1852 4237 ris
1872 4181 2111 4235 nondum
2140 4177 2469 4234 Christianis
2491 4183 2772 4247 perspecta
2793 4173 2928 4230 satis
2948 4181 3042 4228 aut
3058 4171 3342 4228 familiaris

1773 4280 1924 4339 erat;
1956 4269 2182 4325 Judaica
2213 4284 2343 4324 vero
2361 4267 2429 4322 84
2457 4281 2727 4322 annorum
2755 4264 3012 4335 periodus
3047 4262 3204 4319 ﬁdem
3223 4261 3338 4332 jam

1775 4362 1943 4418 nimia
1977 4377 2074 4417 sua
2109 4361 2481 4416 contractione
2508 4358 2832 4429 perdiderat.

2256 4538 2345 4595 Xl.
2388 4538 2852 4594 Montanistarum.

1841 4681 2066 4748 Quarto,
2117 4677 2478 4740 Montanistte,
2534 4684 2594 4730 ut
2643 4673 2809 4730 refert
2862 4671 3199 4728 Sozomenus
3241 4671 3335 4728 lih.

1773 4790 1868 4841 vn,
1914 4789 2034 4843 cap.
2083 4771 2151 4825 l8
2200 4771 2316 4832 lin.,
2358 4775 2801 4838 argumentantes
2843 4776 3030 4821 contra
3081 4781 3176 4820 eos
3242 4763 3334 4835 qui

1770 4884 1834 4923 ex
1868 4863 2173 4921 rationibus
2199 4861 2343 4916 luna:
2365 4859 2576 4914 Pascha
2608 4855 2985 4923 celebrabant,
3018 4864 3072 4911 et
3106 4871 3212 4910 non
3240 4871 3338 4926 po.

1771 4961 1879 5015 tius
1905 4973 1972 5013 ex
2007 4957 2136 5012 solis
2161 4953 2385 5017 circulo,
2424 4953 2583 5020 longe
2599 4948 2831 5004 certiore
2857 4957 2912 5002 et
2931 4947 3331 5012 constantiore,

1770 5053 1844 5106 ita
1881 5050 2192 5105 statuebant
2218 5066 2232 5102 :
2261 5045 2462 5099 Menses
2492 5041 2725 5113 singulos
2753 5058 2864 5096 esse
2898 5041 2966 5096 50
2995 5041 3220 5106 dierum,
3250 5039 3336 5092 in-

1768 5148 1934 5215 cipere
1957 5151 2134 5196 autent
2164 5141 2301 5194 diem
2332 5139 2560 5208 primam
2589 5139 2653 5192 ab
2679 5135 2988 5206 wquinoctio
3014 5150 3190 5201 uerno,
3219 5149 3335 5203 quae

1768 5237 2123 5292 Romanorum
2173 5247 2315 5286 more
2365 5230 2566 5283 dicitur
2621 5243 2675 5281 Ix
2705 5225 2978 5280 Kalendas
3012 5223 3216 5294 Apriles
3260 5223 3330 5291 (id

1767 5341 1852 5386 est
1880 5329 1952 5384 24
1986 5324 2209 5396 Martii),
2259 5319 2715 5394 quandoquidem,
2763 5319 3027 5390 inquiunt,
3079 5319 3182 5369 duo
3226 5315 3331 5367 ista

1767 5420 2057 5474 luminaria
2092 5426 2213 5470 tunc
2239 5424 2418 5469 creata
2443 5423 2601 5479 sunt,
2642 5412 2829 5484 quibus
2863 5423 3096 5480 tempora
3124 5419 3171 5462 et
3203 5411 3326 5462 anni

1768 5509 2182 5564 declararentur.
2215 5504 2378 5576 quue
2398 5521 2458 5559 eo
2484 5505 2894 5567 demonstratur,
2926 5500 3063 5572 quod
3092 5499 3215 5552 luna
3242 5515 3330 5555 ver

1766 5601 2130 5657 octaeteridem
2153 5614 2270 5652 cum
2301 5597 2409 5652 sole
2428 5598 2580 5668 paria
2598 5597 2759 5668 faciat
2777 5637 2794 5663 ,
2827 5594 3124 5661 etutrisque
3149 5591 3323 5645 eodem

1765 5705 1991 5762 tempore
2029 5691 2301 5744 neomenia
2331 5689 2622 5758 contingat.
2660 5686 2931 5756 Siquidem
2972 5682 3245 5736 octaeteris
3271 5682 3324 5736 in

1764 5777 1939 5832 lunari
1972 5793 2127 5833 cursu
2165 5777 2232 5834 99
2273 5777 2556 5844 mensibus,
2589 5775 2768 5830 diebus
2787 5789 2904 5828 rero
2937 5771 3077 5829 2922
3104 5771 3328 5842 comple-

1814 6028 1834 6068 \
