3834 6752
567 312 675 370 899
1240 315 1301 372 s.
1337 314 1694 372 illPPOLYTl
1732 313 2096 372 ornamus
2129 310 2194 368 ιι.
2232 340 2304 353 -
2332 287 2633 371 possm.
2677 313 2766 371 ET
2794 315 3140 374 ntsromc.
3687 331 3769 387 suo

570 440 682 484 tur.
733 426 889 482 Intra
930 445 1061 500 quos
1103 430 1183 484 sol
1231 441 1348 484 octo
1382 448 1643 486 annorum
1676 449 1860 488 cursus
1902 431 2148 495 absolvit,
2179 432 2227 489 Α
2251 439 2349 485 est.
2379 429 2652 490 Hactenus
2673 431 3029 505 Epiphanius.
3057 433 3270 502 Quibus
3293 435 3456 508 hujus
3475 447 3770 504 octaeteridos

567 522 851 577 destinatis
887 524 1166 594 unicuique
1195 540 1333 578 anno
1361 523 1542 578 diebus
1577 524 1680 579 560
1707 524 1782 596 (2)
1807 541 1923 578 cum
1951 536 2142 592 quarta
2243 522 2569 580 Christiana:
2608 537 2826 593 natura,
2865 527 3256 598 quantitasque
3299 529 3457 597 plane
3501 529 3689 590 Iuliana
3732 553 3770 595 et

570 616 786 684 insuper
817 617 970 668 unius
999 616 1105 668 diei
1125 626 1294 685 parte.
1321 615 1574 670 Etenima
1597 634 1646 672 ιχ
1681 616 1954 672 Kalendas
1978 617 2140 687 Apri-
2243 611 2560 686 Hippolytea
2604 617 2818 671 dierum
2851 617 2998 672 2922
3035 618 3182 672 velut
3211 619 3391 675 oculis
3423 621 3678 691 subjicitur
3702 648 3712 683 :
3733 647 3772 688 et

573 708 669 771 les,
694 718 748 760 ut
768 709 831 760 ab
857 709 1071 762 exordio
1089 711 1372 762 creatiunis
1396 709 1521 762 solis
1546 727 1608 762 ac
1623 710 1782 778 primi
1807 711 1996 764 mensis
2017 726 2142 777 sup—
2241 713 2296 768 id
2330 716 2590 777 praalerca
2615 708 2974 779 signiﬁcatur,
3004 724 3178 766 annos
3208 710 3334 780 ejus
3363 713 3694 770 cmbolimaeos
3714 721 3773 772 di.

571 808 760 866 putant
790 812 1132 853 memoratam
1155 798 1419 854 insanctis
1432 799 1644 855 Litteris
1666 800 1728 853 M
1750 801 1908 865 diem,
1939 810 1988 854 et
2009 801 2142 853 hanc
2243 815 2429 856 versos
2452 802 2521 856 ab
2544 800 2878 873 Hippolyteis
2907 803 3078 858 fuisse
3101 821 3114 857 :
3137 803 3573 874 quandoquidem
3588 810 3770 879 prius,

542 909 684 947 esse
698 894 878 948 dicunt
900 909 996 948 vnt
1026 893 1156 949 Idus
1189 895 1408 964 Aprilis.
1441 897 1495 948 in
1527 913 1629 966 qua
1665 895 1872 949 Pascha
1896 905 2142 965 perpetuo
2243 899 2472 958 quartus
2511 899 2566 944 et
2609 893 2876 960 septimus
2914 892 3042 945 anni
3087 894 3457 949 octaeteridos
3481 894 3770 970 Hippolyten,

568 985 853 1039 celebrant.
889 986 1040 1050 Quod
1075 987 1120 1040 si
1154 1004 1272 1041 cum
1304 988 1402 1041 hac
1437 989 1521 1042 die
1551 990 1663 1042 dies
1689 989 1850 1042 etiam
1886 989 2127 1045 Resurre-

2245 980 2356 1037 sint
2393 981 2754 1048 embolimtci;
2786 998 2896 1038 non
2921 984 3133 1051 tertius,
3171 993 3369 1041 sextus
3413 995 3465 1040 et
3494 997 3706 1054 octatus,
3733 1007 3771 1045 ut

572 1080 759 1132 ctionis
785 1081 920 1147 forte
948 1091 1248 1145 concurrat,
1295 1091 1406 1134 tant
1433 1084 1668 1151 proxime
1701 1086 1936 1154 sequenti
1970 1085 2127 1139 Domi-

2245 1073 2300 1127 in
2338 1073 2438 1128 hac
2474 1073 2874 1144 Epiphaniana.
2907 1074 3094 1146 Neque
3136 1085 3322 1131 tamen
3363 1077 3494 1133 satis
3535 1082 3769 1152 colligitur,

572 1173 692 1226 nica
745 1173 906 1242 ferias
947 1182 1130 1243 agunt.
1181 1171 1449 1244 Scriptum
1505 1185 1583 1229 est
1628 1177 1764 1229 enim
1805 1192 1824 1230 :
1857 1177 1898 1231 Α
1939 1194 2028 1232 xw
2061 1179 2146 1232 die
2244 1180 2369 1220 Cum
2399 1181 2508 1235 (1υο
2530 1165 2736 1220 Chiis“
2763 1181 2910 1222 anno
2934 1169 3356 1239 componendus
3388 1171 3458 1225 είί
3490 1171 3676 1240 Primus
3699 1175 3769 1227 lt“-

572 1279 733 1333 usque
770 1261 837 1314 ad
879 1278 991 1315 xxr.
1033 1260 1157 1315 Haec
1180 1259 1522 1316 Montanista!
1566 1263 1706 1332 apud
1753 1261 2141 1329 Sozomcnum,
2241 1258 2333 1328 jus
2360 1259 2720 1314 octaeteridos
2744 1274 2944 1323 annus,
2978 1261 3082 1316 nisi
3109 1271 3302 1316 certus
3324 1261 3518 1331 aliquis
3548 1263 3770 1321 character

563 1369 635 1407 ex
660 1353 860 1423 quibus
887 1352 996 1406 duo
1021 1361 1166 1408 certa
1193 1351 1385 1420 colligo
1424 1368 1437 1404 :
1471 1349 1736 1418 Primum,
1761 1353 2142 1407 octaeteridem
2186 1395 2196 1422 ,
2246 1350 2586 1405 adhibeatur.
2639 1350 2911 1408 Caeterum
2951 1369 3071 1407 eam
3123 1353 3177 1407 in
3234 1369 3341 1408 usu
3397 1354 3620 1408 maxime
3646 1355 3770 1413 fuisse

570 1447 783 1518 primis,
833 1455 894 1500 ut
947 1445 1080 1510 dixi,
1124 1443 1452 1500 Christianis
1499 1445 1551 1497 in
1595 1461 1694 1499 usu
1742 1448 1945 1516 passim
1975 1448 2145 1504 fuisse
2247 1444 2438 1514 primis
2470 1443 2728 1500 Ecclesiae
2769 1447 3125 1515 temporibus,
3179 1446 3378 1500 saltem
3415 1455 3532 1514 post
3563 1445 3654 1499 200
3683 1452 3767 1518 plus

569 1555 670 1612 pro
699 1538 962 1594 Paschate
992 1557 1004 1592 :
1041 1536 1243 1606 alioqui
1287 1536 1630 1592 Montanista:
1661 1548 1848 1593 contra
1895 1542 2143 1594 umbram
2249 1535 2432 1590 minus
2481 1535 2685 1590 Christi
2731 1552 2958 1602 annum,
2994 1537 3105 1591 duo
3145 1551 3212 1591 ex
3250 1537 3360 1591 hoc
3387 1535 3650 1608 Epiphanii
3685 1546 3768 1596 loco

571 1640 899 1704 pugnarent.
947 1628 1280 1694 Secundum,
1344 1629 1725 1684 octaeteridem
1781 1631 1925 1685 illam
1976 1632 2127 1686 fuiss:

2246 1625 2524 1680 evincunt.
2550 1625 2738 1681 Primo
2759 1668 2773 1692 ,
2802 1629 2947 1696 quod
2973 1627 3321 1697 Epiphanius
3341 1639 3528 1686 contra
3549 1634 3767 1689 Audianos

571 1726 795 1795 praecise
833 1723 1044 1779 dierum
1075 1721 1245 1788 2922,
1275 1737 1338 1776 ac
1372 1721 1598 1792 proinde
1623 1721 1894 1778 Julianam
1925 1735 1978 1778 et
2018 1725 2146 1796 llip-
2181 1780 2219 1796 ﬁ
2251 1715 2339 1770 hic
2362 1732 2528 1786 3891's
2553 1733 2650 1787 ρτο
2683 1734 2872 1773 mense
2903 1720 3166 1789 paSChalis
3193 1720 3344 1774 luna?
3376 1731 3614 1778 natura!“
3637 1742 3686 1779 εδ
3703 1744 3766 1780 εἰ·

571 1821 769 1890 polyli;
815 1820 920 1874 nisi
973 1817 1307 1873 sommonus
1343 1817 1525 1872 omnia
1561 1817 1648 1872 hic
1687 1833 1794 1872 non
1842 1815 2063 1880 referat,
2094 1829 2148 1872 ει
2180 1780 2221 1838 Β
2248 1808 2452 1878 plicare
2478 1811 2689 1875 maluit,
2713 1828 2876 1882 quam
2899 1813 3421 1870 enneadccaeteride
3444 1815 3762 1881 Alexandrina,

569 1911 759 1965 saltem
783 1910 898 1963 dies
921 1908 1280 1973 abundantes,
1313 1918 1369 1963 ut
1402 1909 1657 1963 minutias
1681 1925 1875 1978 parvas
1898 1909 2143 1963 omittat:
2247 1902 2501 1970 quamvis
2545 1913 2658 1957 tum
2690 1905 2926 1958 maxime
2958 1903 3012 1957 in
3054 1903 3362 1959 Ecclesiam
3394 1905 3690 1962 Orientalem
3716 1912 3760 1962 ir-

569 2004 718 2071 quod
768 2003 857 2056 vix
909 2012 1062 2072 pulo,
1115 2001 1558 2071 quandoquidem
1601 2000 1889 2056 octaeteris
1939 1999 2146 2056 lunaris
2248 2002 2505 2062 repente.
2557 1995 2650 2049 58d
2686 2011 2850 2064 quam
2881 1995 3144 2062 Alldiani,
3195 2006 3258 2051 ιιι
3298 1999 3652 2063 recentiorem,
3675 2003 3762 2069 reji-

571 2105 702 2150 tunc
739 2112 862 2148 cum
900 2094 1062 2149 solari
1103 2095 1253 2164 paria
1285 2109 1391 2148 non
1431 2093 1629 2160 faciat;
1666 2093 1814 2164 quod
1846 2103 2025 2148 tamen
2057 2093 2146 2149 hic
2246 2087 2482 2141 ciebant.
2522 2086 2795 2155 Secundo,
2847 2105 2973 2143 nam
3016 2089 3069 2142 id
3117 2088 3425 2144 Catholicis
3477 2090 3760 2159 objiciebam,

570 2185 915 2241 Montanistue
951 2193 1282 2256 supponunt.
2247 2187 2385 2234 teste
2410 2180 2600 2234 eodem
2625 2179 2927 2250 Epiphanio
2955 2180 2982 2252 ς
3012 2180 3042 2234 9
3072 2197 3084 2231 :
3109 2183 3153 2232 A
3178 2181 3538 2247 Constantini,
3559 2182 3760 2252 inquiunt,

2249 2285 2496 2343 tempore,
2539 2283 2596 2327 ut
2630 2275 2964 2344 intperatoris
3011 2277 3280 2328 tationem
3312 2275 3595 2341 haberetis,
3632 2287 3760 2344 paler-

2031 2435 2058 2442 ,ο
2245 2384 2368 2421 nam
2400 2368 2454 2420 in
2493 2367 2802 2420 celebrando
2829 2367 3085 2422 Paschate
3124 2369 3553 2422 consuetudinem
3603 2369 3760 2437 reliqui-

637 2452 862 2522 Quiuto,
895 2454 986 2510 sed
1014 2454 1128 2510 haec
1150 2455 1332 2510 omnia
1363 2456 1567 2512 clarius
1594 2456 1757 2511 habet
1784 2455 2141 2526 Epiphanius,
2244 2463 2381 2524 stis;
2435 2461 2676 2531 diemque
2719 2463 3111 2527 commutastis,
3163 2471 3222 2514 ut
3257 2478 3347 2516 vos
3385 2461 3453 2514 ad
3491 2461 3755 2530 imperatoris

567 2559 622 2603 et
660 2547 837 2603 iusius
869 2547 1058 2618 [iteresi
1095 2547 1160 2604 70
1186 2548 1596 2613 Audianorum;
1627 2551 1924 2620 praesertim
1967 2548 1994 2620 §
2027 2550 2090 2603 l3
2127 2567 2141 2606 :
2244 2565 2430 2608 nutum
2469 2553 2936 2606 accontmodaretis
2967 2568 2985 2606 :
3020 2563 3068 2606 et
3099 2570 3217 2606 cum
3255 2553 3456 2607 natalis
3493 2552 3758 2606 Constantini

568 2642 703 2700 Cum
734 2659 925 2706 annus,
964 2643 1160 2712 inquit,
1192 2642 1476 2696 secundant
1501 2643 1626 2695 solis
1660 2657 1873 2695 cursum
1898 2641 2002 2696 565
2032 2642 2142 2694 die-
2244 2645 2616 2708 celebraretur,
2666 2644 2946 2698 Paschalis
2998 2646 3258 2699 rationem
3290 2646 3621 2698 intmutastis.
3663 2643 3759 2695 Pra-

565 2735 665 2791 bus
693 2746 849 2806 atque
884 2735 1025 2790 horis
1059 2735 1225 2788 tribus
1263 2733 1592 2805 (duplicibus
1621 2734 1848 2805 scilicet)
1880 2734 2142 2804 complea-
2242 2745 2488 2792 cesserat
2529 2736 2693 2807 igitur
2737 2736 2874 2790 alios
2901 2735 3347 2790 Christianorum
3387 2735 3561 2805 cyclos
3583 2743 3759 2787 octaua:

566 2837 694 2892 tur;
731 2827 851 2882 inde
885 2828 966 2896 ﬁt,
1004 2835 1060 2880 ut
1116 2828 1364 2897 quoniam
1413 2825 1540 2878 luna
1577 2825 1682 2879 554
1734 2826 1915 2880 diebus
1943 2843 2140 2881 annum
2242 2830 2351 2894 ris;
2383 2829 2502 2883 ideo
2531 2844 2561 2883 a
2605 2827 2858 2884 Pati-ibus
2892 2828 3125 2884 Nicaenis
3159 2829 3396 2896 abjecta,
3437 2827 3569 2896 quod
3592 2842 3616 2878 a
3639 2826 3755 2877 γρῆυ.

565 2936 723 2972 suum
767 2918 1010 2984 absolvit,
1058 2919 1169 2971 dies
1200 2919 1246 2971 ei
1280 2917 1518 2970 undecint
1549 2927 1703 2988 atque
1743 2919 1886 2972 hora:
1917 2928 2018 2973 tres
2049 2937 2140 2973 su—
2243 2922 2404 2976 nibus
2453 2920 2600 2975 Veiis
2638 2922 2780 2975 luna!
2829 2921 3103 2992 sesquidie
3141 2922 3382 2976 deiicere
3409 2920 3667 2981 videretur,
3689 2932 3754 2984 ge-

562 3011 787 3080 persint.
822 3008 1010 3079 Itaque
1046 3010 1247 3079 primus
1286 3026 1453 3063 annus
1483 3019 1692 3079 epactas
1716 3047 1732 3072 ,
1766 3026 1898 3080 quas
1932 3020 2137 3077 vocant,
2242 3015 2446 3068 minata
2475 3014 2649 3069 solido
2680 3013 2879 3068 triduo.
3429 3029 3434 3034 ‘

565 3102 713 3156 habet
743 3101 983 3155 undecim
1028 3117 1147 3154 cum
1176 3101 1319 3153 horis
1354 3101 1570 3155 tribus.--
1605 3099 1874 3156 Secundus
1910 3103 2019 3157 dies
2046 3104 2135 3169 22,
2164 3151 2208 3202 C
2608 3147 2745 3202 xm.
2785 3149 3030 3202 All-orum
3063 3148 3203 3202 apud
3235 3149 3350 3202 Red

557 3194 723 3246 horas
777 3192 829 3248 6.
890 3191 1096 3246 Tertius
1138 3202 1330 3260 prazter
1373 3193 1483 3246 dies
1525 3193 1616 3257 55,
1655 3194 1812 3246 horas
1841 3194 1893 3249 9.
1933 3195 2050 3259 Qua
2075 3212 2138 3249 ex
2164 3165 2208 3210 (⁸⁸
2609 3165 2745 3204 MH'
2785 3165 3030 3203 auorum
3063 3165 3202 3220 apua
3235 3165 3462 3203 “edam.

559 3286 769 3339 dierum
802 3301 1007 3338 summa
1040 3284 1376 3338 intercalaris
1425 3286 1615 3338 mensis
1658 3301 1791 3338 unus
1836 3285 2136 3348 deducitur,
2313 3283 2498 3352 Sexto,
2530 3300 2630 3340 nec
2655 3294 2864 3341 tantum
2901 3287 3091 3355 primis
3126 3285 3234 3340 illis
3268 3283 3524 3340 Ecclesia:
3553 3277 3749 3348 tempori-

563 3391 628 3429 ac
657 3375 842 3429 triceni
873 3376 983 3429 dies
1006 3375 1331 3429 inseruntur.
1373 3373 1576 3445 Reliqui
1605 3386 1726 3429 suttt
1753 3376 1865 3430 dies
1887 3385 2014 3443 tres,
2045 3378 2140 3430 ho-
2240 3379 2342 3432 bus
2373 3379 2440 3432 ad
2487 3394 2646 3432 usum
2688 3377 2972 3433 Paschatis
3010 3379 3249 3432 adhibita
3287 3387 3372 3431 est
3403 3377 3654 3430 octaeteris
3683 3371 3749 3422 :in

561 3484 639 3524 rte
663 3469 717 3525 9.
751 3467 856 3532 Qui
891 3461 1011 3521 cum
1040 3467 1280 3521 undecim
1310 3467 1491 3520 diebus
1519 3455 1643 3520 anni
1670 3469 1847 3538 quarti
1876 3468 2018 3522 horis
2051 3473 2139 3523 tri-
2240 3487 2360 3526 sera
2405 3472 2569 3525 etiam
2615 3473 2813 3526 saecula
2855 3472 3192 3526 inveteravit.
3242 3471 3338 3526 Sic
3389 3471 3525 3524 enim
3561 3465 3674 3518 B.-da
3699 3461 3750 3512 De

564 3562 660 3616 bus
699 3560 987 3630 conjuncti,
1031 3561 1142 3615 dies
1171 3561 1454 3629 conﬁciunt
1483 3559 1582 3624 14,
1613 3561 1769 3614 horas
1807 3561 1892 3615 12.
1925 3562 2136 3616 Additis
2239 3561 2443 3614 ratione
2477 3573 2660 3632 temp.,
2714 3579 2835 3632 cap.
2889 3563 2958 3616 44
2993 3581 3006 3617 :
3057 3562 3244 3616 Verum
3291 3565 3454 3618 etiam
3493 3573 3612 3613 nunc
3646 3565 3744 3614 sunt.

559 3652 752 3706 deinde
787 3652 909 3706 aliis
940 3652 1181 3706 undecim
1227 3652 1408 3706 diebus
1445 3652 1689 3724 horisque
1717 3653 1908 3717 tribus,
1941 3664 2137 3722 epacta:
2237 3656 2326 3722 qui
2352 3654 2482 3708 solis
2510 3664 2627 3708 octo
2662 3672 2860 3722 annos,
2892 3655 3109 3710 totident
3143 3656 3302 3710 annis
3328 3655 3586 3708 lunaribus
3609 3653 3746 3719 putant

561 3744 670 3810 28,
695 3756 746 3800 et
779 3745 922 3800 hora:
955 3745 1021 3800 15
1047 3755 1388 3815 consurgunt.
1420 3743 1579 3800 Sexto
1607 3745 1815 3800 demunt
1851 3764 2010 3812 anno,
2039 3763 2138 3800 un-
2237 3746 2441 3799 dierum
2477 3746 2782 3812 aequalitate
2812 3749 3069 3816 componi.
3109 3746 3332 3802 Refutat
3365 3762 3457 3801 eos
3479 3744 3561 3801 illo
3583 3742 3742 3812 quidem

556 3837 733 3891 decim
762 3839 952 3891 annuis
977 3837 1156 3891 diebus
1183 3849 1339 3908 atque
1370 3839 1512 3892 horis
1544 3837 1712 3891 tribus
1747 3839 2132 3906 accedentibus,
2238 3846 2291 3892 et
2333 3847 2478 3893 recte
2531 3857 2545 3891 :
2595 3839 2687 3894 sed
2736 3853 2836 3893 nos
2885 3841 3048 3894 etiam
3092 3842 3248 3895 docet
3283 3837 3639 3895 octaeteridem
3664 3834 3742 3902 jam

559 3932 674 3984 dies
709 3932 1008 4000 conﬂantur
1036 3932 1125 3997 56,
1155 3948 1274 3984 cum
1306 3931 1449 3984 horis
1483 3931 1568 3985 18.
1599 3930 1681 3983 Ex
1705 3933 1769 3984 iis
1799 3933 2133 3986 intercalaris
2237 3929 2362 3984 inde
2403 3932 2470 3985 ab
2500 3947 2644 3986 anno
2673 3931 2877 3987 Christi
2916 3933 3124 4003 vulgari
3166 3933 3293 3998 222,
3345 3947 3436 3987 aut
3463 3931 3604 3985 etiam
3628 3927 3742 3981 citius

562 4027 699 4078 alter
721 4025 912 4078 mensis
937 4025 1164 4078 exsistit.
1216 4024 1296 4078 Ad
1340 4025 1476 4078 hunc
1517 4024 1730 4078 modum
1757 4025 1908 4078 tertio
1950 4027 2133 4095 cuique
2237 4032 2591 4092 usurpatam,
2647 4024 2713 4077 ad
2764 4041 2862 4078 sua
2925 4041 3096 4095 usque
3158 4037 3424 4095 tempora.
3465 4039 3552 4078 seu
3592 4031 3739 4073 annum

559 4132 704 4172 anno
759 4117 1032 4170 attributis
1091 4115 1334 4186 singulis,
1391 4116 1496 4169 duo
1557 4133 1755 4170 menses
1808 4118 2128 4170 inseruntur.
2235 4114 2438 4169 Christi
2477 4114 2580 4167 720
2611 4125 2706 4170 aut
2756 4114 2901 4182 750,
2945 4132 2973 4169 a
3010 4116 3338 4187 quibusdam
3383 4108 3738 4186 pertinacissime

561 4209 706 4264 Nam
748 4209 918 4278 priori
964 4210 1188 4263 triennio
1217 4225 1341 4261 suus
1376 4208 1568 4261 mensis
1602 4208 1825 4271 accedit,
1855 4210 2133 4276 posteriori
2234 4218 2636 4264 conservatam.

557 4305 774 4375 perinde
798 4320 946 4356 suus.
978 4301 1188 4355 Restant
1227 4317 1291 4355 ea:
1306 4301 1502 4370 epactis
1519 4301 1626 4353 illis
1655 4301 1767 4355 dies
1796 4301 1848 4366 6,
1881 4302 2023 4355 hora:
2048 4301 2126 4355 I8.

557 4397 764 4462 Quibus
795 4396 1046 4464 septimus
1071 4411 1236 4448 lmnus
1261 4394 1500 4447 undecim
1521 4394 1654 4458 dies,
1673 4394 1827 4447 horas
1856 4393 1889 4446 5
1907 4393 2092 4461 adjicit
2109 4410 2128 4448 :

556 4494 690 4562 ﬁunt
725 4501 922 4561 epacta:
954 4489 1053 4554 Π,
1089 4489 1231 4542 hora:
1271 4488 1358 4541 21.
1409 4486 1540 4540 Tum
1582 4499 1762 4540 octavo
1796 4503 1934 4540 anno
1966 4488 2126 4540 unde-
2159 4486 2203 4543 D

555 4585 660 4637 cint
701 4599 883 4636 rursus
915 4581 1094 4634 diebus
1133 4581 1374 4649 horisque
1422 4579 1587 4632 tribus
1633 4579 1868 4648 (semper
1899 4579 2127 4648 duplici-

2303 4567 2416 4624 Cur
2445 4579 2623 4626 autem
2657 4570 3094 4627 Christianorum
3131 4571 3219 4626 isti
3249 4566 3620 4642 antiquissimi,
3644 4574 3730 4615 cum

555 4669 682 4740 bus)
736 4673 1027 4741 adjunctis,
1076 4670 1145 4724 28
1198 4671 1438 4734 dierum,
1489 4671 1739 4723 horarum
1783 4669 1872 4733 24,
1928 4681 2126 4739 epactm
2233 4661 2542 4728 PﬂSCllalelll
2571 4661 3125 4734 Judtnorumcyclum
3158 4666 3273 4735 jam
3321 4671 3589 4719 erroneum
3623 4653 3731 4706 tle-‘6'

551 4763 878 4832 colliguntur
909 4781 927 4819 :
957 4764 1100 4817 hanc
1131 4762 1240 4816 dies
1268 4764 1552 4832 conﬁciunt
1578 4763 1730 4827 duos,
1779 4763 1868 4832 qui
1910 4764 1980 4818 28
2019 4764 2126 4818 illis
2234 4769 2354 4807 rere
2383 4763 2437 4807 ει
2481 4753 2588 4808 alio
2626 4757 2892 4825 castigare
2930 4757 3159 4819 vellent,
3210 4753 3570 4812 uctaeteridem
3599 4743 3728 4817 Polius

548 4857 916 4923 annamerati,
945 4858 1013 4912 30
1043 4858 1151 4910 dies
1185 4856 1380 4910 solidos
1423 4858 1699 4926 complent.
1735 4856 1910 4922 Quare
1945 4869 2126 4910 octavo

2241 4861 2397 4915 quam
2441 4847 3014 4904 enueadecaeteridem
3063 4850 3394 4913 suffecerint,
3439 4845 3592 4901 facilis
3637 4850 3730 4891 ουη·

549 4966 690 5005 anno
725 4951 792 5003 30
824 4945 934 5002 dies
965 4951 1366 5015 intercalantur,
1419 4958 1468 5002 et
1505 4949 1766 5002 biennium
1801 4950 1945 5003 istud
1977 4966 2121 5002 nten-
2227 4940 2437 5010 jeCllll‘a
2470 4948 2571 4994 cst.
2611 4939 2854 4995 Primum
2891 4942 3036 4996 enim
3070 4943 3139 4997 ab
3167 4941 3466 4997 notioribus
3493 4944 3541 4992 et
3575 4927 3725 4986 facilio-

485 5097 504 5104 -
548 5059 658 5099 sem
689 5042 841 5096 habet
870 5058 1052 5096 unum.
1083 5042 1322 5112 Adeoque
1358 5049 1466 5094 tota
1495 5040 1591 5094 illa
1621 5041 1864 5109 periodus
1889 5051 2118 5095 octaete-
2229 5035 2381 5088 ribus
2425 5035 2561 5090 solet
2597 5045 2790 5090 natura
2834 5037 3157 5105 procedere;
3192 5033 3490 5106 cujusmodi
3519 5035 3589 5084 est
3613 5032 3726 5112 c0ﬂl'

553 5134 664 5186 rica
688 5131 797 5184 dies
821 5131 922 5184 sibi
956 5132 1186 5184 uindicat
1213 5109 1302 5191 90.
1329 5130 1419 5198 qui
1450 5146 1646 5183 menses
1671 5130 1866 5183 solidos
1892 5131 2118 5199 efﬁciunt
2229 5130 2508 5200 paratione
2586 5129 3131 5184 enneadecacteridos
3208 5126 3502 5186 octaeteris.
3572 5109 3723 5170 Deinde

552 5233 694 5284 tres;
723 5220 972 5273 nimirum
1003 5220 1188 5290 primis
1222 5219 1424 5272 duobus
1461 5220 1698 5273 trienniis
1728 5221 1951 5290 singulis
1980 5237 2120 5274 men-
2226 5223 2512 5278 octaeteris
2552 5237 2676 5277 cum
2720 5222 2934 5277 duobus
2963 5224 3122 5279 annis
3159 5221 3511 5280 bissextilibus
3529 5205 3723 5289 pariat:-

554 5332 660 5370 sem
697 5331 881 5379 unum,
926 5313 1131 5368 biennio
1172 5314 1353 5366 itidem
1403 5322 1641 5382 sequente
1671 5329 1894 5366 mensem
1933 5329 2111 5368 unum.
2226 5317 2318 5381 cit,
2350 5332 2522 5386 eoque
2551 5316 2855 5370 litterarum
2891 5316 3305 5370 Dominicalium
3340 5315 3552 5378 aliquam
3578 5301 3718 5359 saltem

553 5420 622 5462 In
664 5409 744 5462 his
795 5409 964 5462 tribus
1001 5405 1406 5460 intercalaribus
1434 5406 1698 5458 mensibus
1725 5447 1739 5467 ,
1773 5407 1862 5476 qui
1917 5405 2116 5475 triplici
2227 5410 2422 5465 seriem
2454 5411 2670 5474 retinet,
2701 5409 2848 5462 nulla
2874 5418 3019 5463 certe
3041 5411 3250 5463 ratione
3279 5409 3472 5462 turbat.
3498 5390 3720 5453 Enneader

550 5501 648 5554 illa
676 5500 879 5553 dierum
907 5499 1210 5554 collectione
1241 5508 1505 5562 constant,
1548 5497 1858 5552 Juda'orum
1889 5499 2119 5564 Pascha,
2226 5501 2454 5556 caeteris
2479 5503 2617 5556 ultra
2647 5511 2884 5570 quatuor
2902 5501 3227 5564 bissextttes,
3257 5511 3361 5554 tres
3389 5504 3568 5552 tantum
3588 5490 3716 5538 annos

549 5612 582 5646 a
625 5594 1046 5649 Christianorum
1099 5602 1504 5662 cteterorumque
1564 5591 1824 5647 Paschate
1860 5594 2120 5664 diversum
2229 5585 2449 5665 insuper
2497 5595 2738 5660 obtinet;
2792 5607 2967 5663 eoque
3016 5594 3318 5649 litterarum
3379 5574 3710 5645 Dominicaliuw

1087 2317 1202 2374 XII.
1245 2319 1631 2378 Audianorum.

2233 4359 2374 4415 XIV.
2418 4360 2527 4437 cur
2570 4361 2997 4437 Christianorum
3043 4363 3402 4437 antiquissimi
3427 4354 3733 4437 _octae'eridem

2372 4433 2548 4501 potius
2579 4449 2738 4502 quant
2765 4435 3310 4487 enneadecaetertdem
3345 4433 3636 4501 su/Iecerint.

619 5769 698 5841 (2)
725 5767 948 5828 Videtur
971 5771 1253 5834 legendum
1281 5769 1404 5826 365.
1432 5769 1667 5825 liuccan.
1689 5792 1741 5808 —
1770 5765 1843 5822 lta
1871 5769 2168 5826 enimvero.
2205 5767 2335 5826 Vide
2385 5770 2656 5830 Valesium
2697 5771 2747 5827 in
2781 5772 2924 5828 hunc
2947 5771 3150 5830 locum.
