3882 6332
170 344 273 402 905

1078 345 1350 405 SPUBIA.
1389 377 1459 388 ——
1494 345 1582 401 DE
1618 341 2204 401 CONSUMMATIONE
2244 339 2482 399 MUNDI.

3284 337 3393 393 906

168 464 260 519 καὶ
287 464 688 536 ἐπιφοιτήσεως
710 463 803 518 τοῦ
831 463 985 533 ἁγίου
998 464 1438 536 Πνεῦματος,καὶ
1470 463 1536 516 τά
1564 462 1722 533 μήπω

1830 459 2090 525 adventu,
2144 467 2199 513 et
2243 456 2406 511 verba
2435 454 2502 509 de
2548 451 2617 509 iis
2640 467 2762 524 quae
2792 451 3033 508 nondum
3077 449 3395 536 acciderunt

166 554 429 625 γεγονότα
476 555 586 625 (26)
633 555 1030 625 διαλεγόμενον
1079 556 1199 610 ὅθεν
1241 556 1335 610 κα)⁵
1375 555 1572 617 πάσαις
1613 557 1730 618 ταῖς

170 645 466 717 μετέπειτα
512 648 761 714 γενεαῖς,
816 646 1075 716 μεγίστην
1118 645 1346 718 Θεωρίαν
1393 644 1486 697 καὶ
1538 642 1732 714 πρᾶξιν

166 735 655 807 ἀνεζωγράφησαν.
701 736 790 789 Διὸ
819 736 882 805 δὴ
913 736 1006 788 καὶ
1040 736 1139 806 τὴν
1182 735 1275 789 τοῦ
1319 735 1450 789 Θεοῦ
1499 735 1607 805 (27)
1643 734 1732 787 διὰ

166 826 370 896 σαρκὸς
401 825 692 896 ἐπιδημίαν
722 823 800 895 τῷ
828 825 1014 896 κόσμῳ
1048 823 1394 895 κηρύξαντες,
1420 824 1516 895 τὴν
1545 825 1608 876 ὲκ
1630 823 1731 892 τῆς

167 918 546 988 παναχράντου
583 918 677 970 καὶ
716 916 963 969 θεοτόκου
1006 917 1114 987 (28)
1148 916 1364 988 Μαρίας
1386 955 1402 978 ,
1430 913 1730 986 γεννήσεως

161 1027 219 1062 τε
250 1012 352 1063 καὶ
377 1010 683 1081 αὐξήσεως,
712 1010 807 1063 κα).
832 1009 932 1080 τῆς
967 1008 1103 1080 μετὰ
1134 1007 1430 1081 ἀνθρώπων
1470 1008 1729 1079 ἀναστρο-

164 1098 273 1169 φῆς
319 1098 431 1168 (29)
480 1099 574 1150 καὶ
626 1097 898 1168 βιώσεως,
944 1098 1039 1152 καὶ
1088 1098 1184 1171 τὴν
1227 1098 1314 1152 διὰ
1363 1098 1730 1169 βαπτίσματος

160 1187 434 1254 ἀνάδειξιν
465 1187 629 1243 αὐτοῦ
648 1229 663 1253 ,
695 1189 788 1242 καὶ
824 1190 986 1242 πᾶσιν
1018 1187 1318 1261 ἀνθρώποις
1356 1187 1727 1258 γενησομένην

161 1282 559 1353 ἀναγέννησιν,
592 1280 679 1335 διὰ
722 1281 945 1353 λουτροῦ
993 1280 1405 1350 παλιγγενεσίας
1425 1296 1438 1310 ·
1476 1279 1574 1351 τὴν
1601 1279 1726 1350 ἶτῶν

162 1373 461 1444 θαυμάτων
486 1371 710 1442 πληθὺν,
736 1371 828 1425 καὶ
855 1370 916 1423 τὸ
940 1372 1032 1423 ἐπὶ
1064 1368 1294 1441 σταυροῦ
1329 1368 1594 1441 μακάριον
1624 1367 1728 1420 πά-

161 1465 292 1530 θος,
327 1466 423 1518 καὶ
452 1464 520 1517 τὰ
554 1467 611 1517 ὲν
647 1463 791 1535 αὐτῷ
825 1462 1213 1534 ἐμπαίγματα,
1248 1462 1388 1534 ειπερ
1432 1461 1580 1534 παρὰ
1619 1460 1727 1512 τῶν

168 1560 444 1614 Ἰουδαίων
472 1560 725 1629 ὑπέμεινε
752 1575 765 1589 ⁸
802 1558 900 1630 τὴν
931 1559 1107 1628 ταφὴν
1138 1555 1322 1620 αὑτοῦ,
1360 1554 1457 1626 τὴν
1485 1557 1565 1620 εἰς
1600 1555 1724 1626 ᾅδου

155 1654 495 1717 κατάϐασιν,
525 1654 618 1707 καὶ
648 1653 752 1705 τῶν
785 1651 877 1705 ἀπ’
909 1648 1120 1703 αἰώνων
1159 1649 1269 1720 (50)
1308 1648 1493 1720 ψυχῶν
1522 1647 1726 1701 ἀνάϐα-

154 1748 245 1799 σίν
272 1763 335 1799 τε
369 1746 466 1800 καὶ
496 1743 871 1816 ἀπολύτρωσιν
905 1743 1015 1813 (5i)
1037 1783 1051 1805 ,
1074 1740 1173 1813 τὴν
1207 1740 1300 1795 τοῦ
1332 1741 1560 1795 θανάτου
1594 1739 1723 1809 c900-

1832 547 2091 603 facientes
2111 586 2127 611 ,
2173 547 2316 601 unde
2340 545 2502 600 etiam
2541 543 2784 598 omnium
2815 541 3135 596 sareulorum
3167 528 3397 610 p'osteri-

1830 640 1927 696 tati
1955 639 2247 694 maximam
2284 636 2623 692 delinearunt
2664 633 3058 704 contemplandi
3095 632 3397 703 agendique

1830 733 2169 789 occasionem
2199 751 2212 785 :
2244 746 2407 801 quam
2448 729 2609 783 etiam
2646 726 2716 782 ob
2741 741 2986 788 causam,
3019 723 3113 778 Dei
3156 739 3251 793 per
3275 739 3400 779 car-

1831 843 1953 883 nem
1988 827 2218 882 adventu
2260 825 2314 879 in
2364 823 2624 877 mundum
2656 820 3023 890 promulgato,
3058 819 3150 888 qui
3187 832 3255 872 ex
3293 816 3399 871 im-

1828 919 2032 990 polluta
2081 934 2145 974 ac
2182 917 2401 986 deipara
2446 913 2616 969 Maria
2644 923 2824 967 ortum
2857 912 3088 982 sumpsit
3113 918 3276 981 atque
3304 910 3393 965 in-

1828 1019 2199 1076 crementum,
2252 1009 2372 1079 ejus
2419 1023 2543 1063 cum
2587 1005 2898 1060 hominibus
2944 1002 3394 1058 consuetudinem

1827 1120 1894 1160 ac
1925 1105 2113 1169 vitam,
2162 1101 2388 1172 ejusque
2413 1115 2509 1170 per
2535 1098 2802 1167 baptisma
2831 1095 3273 1160 declarationem,
3309 1093 3397 1149 fu-

1827 1207 2005 1254 turam
2036 1196 2289 1251 omnibus
2316 1191 2629 1247 hominibus
2673 1187 3159 1259 regenerationem,
3195 1201 3290 1257 per
3315 1187 3397 1240 ιιι..

1827 1296 2049 1343 Vacrum
2076 1284 2527 1356 regenerationis;
2554 1283 2672 1353 ejus
2693 1279 2953 1336 miracula
2990 1277 3235 1349 cepiosa,
3264 1277 3395 1332 bea-

1830 1391 1938 1436 tam
1973 1380 2117 1434 illam
2150 1377 2202 1431 in
2230 1391 2390 1431 cruce
2418 1374 2727 1445 passionem
2747 1412 2763 1437 ,
2811 1369 3043 1424 ludibria
3084 1365 3398 1423 Iudaeorum

1825 1489 1947 1545 quae
1972 1473 2026 1527 in
2061 1487 2124 1525 ea
2145 1469 2383 1540 pertulit,
2442 1467 2776 1537 sepulturam
2803 1464 2942 1534 ejus,
2973 1465 3304 1521 descensum
3331 1462 3400 1516 ad

1825 1565 2045 1629 inferos,
2071 1576 2358 1617 ascensum
2388 1559 2917 1629 redemptionemque
2940 1557 3249 1612 animarum
3279 1570 3402 1624 qua:

1825 1655 2044 1710 fuerunt
2068 1670 2096 1708 a
2132 1652 2379 1717 saeculis,
2411 1634 2601 1706 mortis
2630 1650 3046 1706 exstinctionem
3072 1689 3089 1715 ,
3125 1647 3397 1703 viviﬁcam

1825 1748 1945 1818 ejus
1976 1762 2006 1800 a
2042 1745 2272 1800 mortuis
2299 1742 2750 1799 resurrectionem
2774 1784 2789 1807 ,
2819 1741 3057 1796 universi
3088 1740 3275 1794 mundi
3309 1754 3400 1794 re-

156 1837 262 1909 ρὰν
280 1879 298 1905 ,
325 1839 426 1908 τήν
451 1855 515 1904 τε
540 1839 603 1889 ἐκ
634 1835 840 1907 νεκρῶν
863 1833 1025 1889 αὑτοῦ
1060 1832 1319 1898 ζωοποιὸν
1350 1832 1562 1903 ἔγερσιν
1583 1873 1596 1894 ,
1632 1832 1722 1884 καὶ

1830 1839 2232 1901 formationem,
2284 1837 2338 1890 in
2367 1835 2562 1890 cmlum
2592 1834 3018 1903 assumptionem
3045 1842 3099 1887 et
3120 1831 3401 1887 ascensio-

151 1930 363 1993 παντὸς
387 1928 481 1983 τοῦ
514 1929 715 1998 κόσμου
750 1928 1071 1991 ἀνάπλασιν,
1109 1928 1203 1980 καὶ
1228 1924 1324 1996 τὴν
1352 1927 1429 1988 εἰς
1465 1925 1724 1995 οὐρανοὺς

151 2020 480 2092 ἀναλήψεως
506 2020 616 2091 (52)
645 2018 824 2074 ἄνοδον
844 2061 858 2084 ,
887 2020 982 2074 καὶ
1008 2019 1105 2091 τὴν
1128 2018 1222 2071 τοῦ
1256 2016 1394 2070 Πνεύ
1404 2032 1568 2087 ματος
1591 2016 1715 2068 ὑποο

147 2113 317 2184 δοχὴν
340 2152 356 2177 ,
382 2104 563 2183 ἧσπερ
604 2111 712 2181 (55)
753 2113 802 2165 οί
832 2111 1117 2164 ἀπόστολοι
1149 2106 1558 2182 κατηξιώθησαν
1580 2123 1593 2136 ·
1630 2106 1724 2158 καὶ

150 2204 321 2258 πάλιν
367 2204 467 2275 τὴν
514 2202 770 2275 δεύτεραν
815 2201 1116 2274 παρουσίαν
1148 2200 1247 2271 τὴν
1296 2198 1589 2270 μέλλουσαν
1633 2199 1724 2250 ὲκ-

148 2294 336 2365 θροεῖν
363 2293 431 2346 τά
463 2291 769 2364 σύμπανταθ
798 2291 1108 2360 ἀναγκαίως
1135 2289 1588 2363 γάρβλέποντες
1612 2286 1721 2358 (54)

146 2386 484 2457 καλούμενοι
510 2383 900 2456 προῦπέδειξαν
933 2383 1024 2436 καὶ
1058 2384 1335 2452 προεῖπον.

222 2479 297 2532 II.
320 2477 414 2531 Διδ
448 2477 540 2531 καὶ
568 2476 667 2547 τῆς
691 2474 993 2538 συντελείας
1014 2476 1142 2545 ἡμῖν
1175 2473 1275 2544 τὴν
1300 2470 1505 2542 ἡμέραν
1529 2468 1725 2539 ἐνεφά-

146 2587 352 2643 νησαν,
372 2569 474 2641 τὴν
494 2571 552 2621 ὲν
575 2571 685 2633 τοῖς
721 2566 966 2638 ἐσχάτοις
1000 2568 1226 2637 καιροῖς,
1248 2564 1345 2632 τὴν
1370 2561 1461 2616 τοῦ
1487 2560 1725 2616 ἀποστά-

146 2679 248 2715 του
281 2661 584 2731 ἐμφάνειαν
613 2660 706 2712 καὶ
738 2658 945 2729 πλάνην
976 2659 1086 2719 τοῖς
1122 2653 1426 2727 ἀνθρώποις
1458 2653 1595 2726 (55),
1629 2652 1725 2706 καὶ

145 2754 253 2824 τῆς
277 2751 554 2823 βασιλείας
592 2748 756 2803 αὑτοῦ
803 2749 902 2821 τὴν
934 2747 1148 2819 ἐναρξιν
1184 2748 1277 2801 καὶ
1311 2745 1721 2820 συμπλήρωσιν,

146 2846 244 2899 καὶ
262 2844 368 2916 τὴν
387 2841 481 2897 τοῦ
508 2842 690 2913 κριτοῦ
713 2841 940 2906 ἕλευσιν,
961 2841 1055 2895 καὶ
1074 2840 1170 2909 τὴν
1188 2839 1294 2892 τῶν
1312 2838 1535 2893 δικαίων
1557 2837 1721 2911 ζωὴν,

146 2936 241 2990 καὶ
270 2936 378 3007 τὴν
411 2933 518 2987 τῶν
545 2930 882 3004 ἁμαρτωλῶν
903 2928 1172 3002 τιμωρίαν
1201 2927 1611 3000 προῦπέφηναν,
1636 2927 1723 2981 ἵνα

146 3028 359 3090 πάντες
405 3027 568 3097 ἡμεῖς
603 3027 662 3080 ὲν
694 3023 770 3096 νῷ
803 3023 1056 3094 φέροντες
1100 3020 1271 3076 ταῦτα
1319 3019 1440 3073 καθ’
1488 3018 1722 3088 ἑκάστην

144 3119 369 3190 ἡμέραν
396 3118 490 3170 καὶ
509 3116 676 3188 ὥραν,
695 3114 769 3179 ὡς
795 3114 956 3168 τέκνα
982 3113 1078 3183 τῆς
1104 3109 1424 3182 Ἑκκλησίας
1446 3108 1723 3178 γινώσκω-
1749 3152 1790 3208 C

147 3229 248 3282 μεν
281 3209 397 3281 (56)
431 3208 521 3263 ὅτι
548 3207 686 3262 ἰῶτα
709 3206 811 3269 ἐν,
851 3206 889 3274 ἢ
940 3206 1050 3275 μία
1091 3204 1297 3271 κεραία
1324 3202 1384 3267 ἐξ
1415 3201 1589 3255 αὐτῶν
1625 3201 1722 3254 οὐκ

142 3301 552 3372 ἀπολυθήσεται
586 3298 735 3370 (57),
761 3295 944 3371 καθὼς
975 3298 1004 3349 ὁ
1029 3295 1290 3365 σωτήριος
1321 3293 1477 3361 λόγος
1511 3290 1721 3361 ὑπέφη-

144 3412 256 3449 νεν.
321 3391 661 3461 Ἀναγκαίως
710 3385 802 3443 οὖν
858 3388 1057 3451 πάντες
1122 3383 1366 3450 ἀνοίξατε
1419 3382 1553 3454 (58)
1600 3383 1724 3446 τοὺς

143 3484 466 3556 ὀφθαλμοὺς
485 3482 591 3537 τῶν
617 3479 852 3553 καρδιῶν
880 3478 1033 3551 ὑμῶν
1056 3478 1149 3531 καὶ
1179 3476 1247 3531 τά
1280 3470 1396 3531 ὦτα
1422 3476 1521 3546 τῆς
1547 3473 1724 3544 ψυχῆς

144 3578 327 3649 ὑμῶν,
353 3578 450 3629 καὶ
476 3574 824 3642 ὑποδέξασθε,
843 3571 902 3625 δν
937 3571 1198 3643 μέλλομεν
1225 3568 1402 3638 λέγειν
1419 3566 1574 3635 λόγον
1591 3565 1719 3635 (59).

144 3665 346 3736 um;
374 3662 486 3735 γὰρ
513 3663 713 3735 φρίκης
741 3663 835 3716 καὶ
862 3659 1028 3731 φόϐου
1063 3658 1256 3730 μεστὸν
1281 3658 1519 3730 διήγημα
1548 3655 1724 3727 μέλλω

144 3755 454 3830 ἐμφανίσαι
499 3757 775 3827 σήμερον,
820 3757 919 3825 τὴν
981 3751 1286 3806 συντέλειαν
1309 3791 1325 3816 ,
1383 3750 1570 3820 ήγουν,
1626 3747 1724 3819 τὴν

143 3847 496 3918 παγκόσμιον
529 3846 642 3918 (ιο)
680 3846 774 3900 τοῦ
819 3844 1013 3917 ἐχθροῦ
1060 3844 1154 3898 καὶ
1195 3841 1439 3897 διαϐόλου
1479 3840 1718 3910 πλάνην·

142 3941 241 3994 καί
290 3938 435 4009 μετά
477 3937 649 3992 ταῦτα
687 3937 783 3991 τοῦ
816 3938 1021 4011 Κυρίου
1067 3935 1224 4008 ήμῶν
1274 3933 1445 4007 Ἰησοῦ
1489 3932 1721 4005 Χριστοῦ

142 4030 416 4102 δευτέραν
443 4029 761 4101 παρουσίαν.

211 4123 315 4176 IlI.
346 4119 520 4174 Πόθεν
548 4115 663 4185 οὖν,
690 4118 1039 4191 φιλόχριστοι,
1066 4117 1216 4172 λάϐω
1244 4113 1357 4188 (41)
1390 4116 1597 4187 ἀρχήν;
1629 4116 1722 4168 καὶ

140 4211 583 4284 τίάπάρξομαι,
628 4212 662 4283 ἢ
691 4211 743 4264 τί
772 4212 1097 4283 διηγήσομαι
1122 4226 1136 4275 ;
1166 4208 1286 4262 τίνα
1322 4208 1572 4285 μάρτυρα
1609 4206 1720 4277 (42)

142 4307 259 4369 τοῖς
285 4303 621 4375 ,λεγομένοις
643 4302 861 4374 παρέξω
885 4319 899 4367 ;
936 4302 1072 4357 Ἀλλ’
1099 4301 1219 4356 ὅθεν
1253 4302 1343 4356 τὸν
1371 4301 1526 4370 λόγον
1557 4298 1724 4373 ἠρξά-

147 4398 292 4467 μεθα
327 4395 441 4468 (45)
459 4437 476 4462 ,
502 4394 723 4459 τούτους
747 4396 827 4459 είς
859 4394 1020 4465 μέσον
1061 4393 1473 4468 παραγάγωμεν
1502 4393 1724 4457 πιστοὺς

213 4512 261 4545 ⁵³
303 4510 497 4568 Matth.
524 4528 577 4579 ν,
608 4508 693 4564 18.

239 4693 343 4763 26)
384 4690 529 4763 Idem
555 4707 658 4763 ms.
687 4690 878 4763 codex,
903 4690 1191 4763 εὑρηκότα.

242 4760 344 4825 27)
381 4761 490 4815 Τοῦ
522 4762 652 4816 Υίοῦ
676 4762 770 4815 τοῦ
797 4760 931 4814 Θεοῦ
951 4760 1071 4825 ,’ἱᾶ.

222 4829 347 4904 (28)
386 4833 501 4888 lloc
533 4842 613 4887 est
642 4847 707 4904 ex
742 4833 849 4887 illis
879 4830 1158 4904 vocabulis
1195 4846 1323 4904 qua;
1355 4829 1413 4884 5.
1446 4829 1715 4904 Hippolyti

140 4900 415 4986 martyris
460 4917 591 4983 aevo.
621 4903 819 4957 usitata
850 4917 956 4956 non
1003 4900 1173 4982 fuisse
1197 4901 1418 4971 quidam
1449 4900 1546 4954 viri
1571 4900 1716 4955 docti

140 4977 493 5031 existimant.
538 4970 595 5025 Si
623 4981 802 5026 tamen
846 4972 1052 5026 nullum
1083 4972 1229 5027 aliud
1252 4979 1397 5025 esset
1424 4985 1709 5040 argumen-

141 5054 265 5100 tum
321 5052 642 5113 pra-sentem
690 5042 966 5113 homiliam
1001 5040 1288 5111 Hippolyto
1332 5040 1712 5113 abjudicandi,

141 5131 259 5170 non
288 5109 504 5185 magna:
535 5112 667 5185 illu_d_
695 5112 772 5185 rei
797 5109 1144 5185 esset,_eum
1179 5109 1329 5185 voce‘
1350 5110 1442 5185 illa
1486 5109 1596 5185 jam
1629 5110 1712 5165 usi

142 5187 260 5239 sint
285 5178 586 5254 Oriﬁenes,
617 5181 923 5238 Methodius
941 5221 957 5247 ,
990 5179 1279 5253 Dionysius
1304 5178 1714 5250 Αιοιηίἰίρρο-

141 5255 261 5326 ly"!
291 5267 577 5326 sum"?-

236 5323 336 5393 29)
365 5318 489 5392 ’Τὴν
520 5322 859 5393 ἀναστροφήν
877 5361 894 5388 ,
920 5318 981 5374 Β.

240 5392 341 5456 '50)
392 5393 512 5447 ’Δπ’
539 5392 731 5456 αίῶνος
753 5431 769 5455 ,
805 5392 866 5445 Β.

245 5458 344 5533 51)
386 5462 462 5519 De
490 5463 594 5533 piis
619 5463 873 5533 intellige,
892 5458 1333 5533 autOrigenistas
1352 5476 1502 5518 cave.
1524 5459 1709 5517 Picus.

246 5480 344 5536 οι)
386 5480 462 5519 ue
526 5480 594 5519 IIS
619 5480 873 5533 mtemge,
892 5480 1088 5517 auum
1128 5480 1333 5518 enisus
1352 5480 1502 5518 cave.
1524 5480 1709 5517 I’ICUS.

242 5535 343 5604 52)
378 5533 440 5589 In
566 5534 719 5614 deest
736 5533 1063 5614 vocabulum
1092 5480 1430 5605 ἕναλήψεως,
1456 5541 1512 5589 et
1537 5539 1716 5604 potest

145 5603 274 5661 sine
304 5603 584 5659 sententiae
614 5603 937 5658 detrimento
967 5603 1177 5659 abesse.

222 5675 342 5747 (55)
367 5672 519 5747 Duo,
541 5672 655 5728 Pici
695 5673 939 5741 codices,
989 5673 1084 5728 ml
1124 5672 1225 5747 τῆς
1264 5672 1358 5728 τοῦ
1402 5671 1716 5744 Πνεύματος

148 5744 429 5815 ὑποδοχῆς
445 5787 462 5812 ,
495 5744 692 5816 ἥνπερ.
762 5810 765 5812 ς

438 5835 709 5898 Ριτιιοι..
744 5834 859 5900 Gn.
907 5836 993 5901 Χ.

1825 1944 1970 1994 nem,
1997 1927 2171 1983 sancti
2196 1924 2429 1996 Spiritus
2455 1924 2874 1995 susceptionem,
2893 1938 2997 1992 qua
3029 1922 3243 1977 ornavit
3267 1936 3400 1991 apo-

1824 2019 2028 2087 stolos;
2079 2019 2371 2073 adventum
2414 2017 2648 2084 denique
2675 2016 3010 2077 secundum,
3044 2015 3137 2083 qui
3164 2014 3426 2076 manifey

1823 2112 1987 2167 stabit
2015 2111 2201 2166 omnia
2234 2128 2248 2164 :
2276 2125 2402 2166 cum
2438 2111 2666 2167 videntes
2697 2108 3055 2179 appellentur,
3087 2107 3401 2163 necessario

1823 2211 2306 2274 pmmonstrarunt
2328 2218 2392 2258 ac
2418 2202 2801 2273 praedixerunt.

1894 2471 1958 2528 ll.
1998 2471 2150 2529 Unde.
2173 2473 2314 2529 diem
2341 2473 2504 2529 etiam
2534 2472 3020 2529 consummationis
3048 2472 3206 2527 nobis
3228 2471 3402 2542 signi-

1824 2564 2092 2629 ﬁcarunt,
2136 2564 2392 2619 extremis
2434 2565 2766 2634 temporibus
2804 2573 3111 2633 apostatam
3152 2578 3401 2620 emersu-

1824 2672 1970 2721 rum,
2015 2657 2108 2726 qui
2140 2656 2388 2711 homines
2434 2657 2738 2721 seduceret,
2774 2656 2984 2710 initium
3028 2671 3093 2710 ac
3118 2656 3277 2711 linem
3309 2672 3399 2712 re-

1825 2748 1914 2817 gni
1940 2748 2081 2817 ejus,
2112 2747 2315 2818 judicis
2340 2764 2558 2820 quoque
2579 2748 2893 2813 adventum,
2913 2750 3187 2818 iustorum
3207 2751 3399 2817 vitam,

1824 2853 1890 2892 ac
1909 2838 2337 2908 delinquentium
2365 2840 2627 2909 supplicia
2652 2840 3049 2911 praesignarunt
3072 2859 3085 2895 :
3110 2841 3186 2894 uti
3207 2855 3403 2895 omnes

1825 2929 2054 3000 singulis
2077 2930 2268 2987 diebus
2301 2947 2366 2987 ac
2410 2932 2560 2988 horis
2593 2932 2708 2988 haec
2737 2934 2920 2989 animo
2947 2942 3230 2989 versantes
3254 2933 3404 2988 velut

1824 3022 2080 3079 Ecclesiae
2123 3025 2217 3080 lilii
2248 3041 2679 3097 cognoscamus,
2724 3043 2785 3081 ne
2828 3043 2991 3081 unum
3039 3027 3249 3098 quidem
3287 3026 3402 3081 iota

1825 3131 1915 3169 nec
1959 3132 2120 3169 unum
2156 3118 2351 3187 apicem
2377 3117 2444 3186 ⁸³,
2486 3134 2551 3173 ex
2577 3119 2663 3173 his
2692 3120 3022 3190 praeteritum
3058 3119 3127 3174 iri
3161 3137 3173 3173 :
3209 3134 3401 3190 quem-

1824 3205 2116 3261 admodum
2168 3223 2349 3263 sermo
2382 3207 2681 3265 Salvatoris
2715 3210 2997 3265 indicavit.
3059 3208 3264 3267 Omnes
3295 3212 3403 3283 igi-

1824 3307 1913 3351 tur
1943 3299 2249 3354 necessario
2300 3301 2504 3370 aperite
2547 3302 2736 3357 oculos
2778 3303 3024 3358 cordium
3072 3312 3400 3369 vestrorum,

1823 3403 1888 3442 ac
1915 3389 2138 3443 auribus
2191 3393 2386 3445 animae
2428 3401 2622 3448 vestrae
2648 3410 2769 3463 qua:
2798 3394 2997 3449 dicturi
3031 3410 3223 3451 sumus
3250 3396 3402 3451 exci-

1824 3477 1952 3545 pite.
1991 3477 2284 3548 Explicabo
2314 3481 2459 3535 enim
2489 3482 2644 3538 vobis
2676 3482 2940 3539 hodierno
2961 3482 3055 3540 die
3074 3484 3254 3540 omnis
3272 3486 3405 3541 hor-

1824 3570 1967 3624 roris
1990 3571 2323 3641 terrorisque
2373 3572 2589 3642 plenam
2632 3575 3003 3630 narrationem
3043 3594 3058 3632 :
3092 3589 3286 3645 nempe
3333 3576 3401 3632 de

1825 3664 2315 3729 consummatione,
2373 3663 2424 3717 id
2472 3674 2575 3731 est,
2631 3649 2800 3719 totius
2829 3665 3017 3720 mundi
3058 3666 3397 3731 seductione,

1824 3766 1986 3819 quam
2039 3752 2272 3820 patietur
2318 3753 2387 3807 ab
2417 3753 2571 3809 hoste
2613 3763 2666 3810 et
2709 3755 2957 3821 diabolo;
2998 3771 3163 3826 quam
3198 3773 3397 3828 seque-

1827 3848 1912 3893 tur
1943 3842 2212 3895 secundus
2266 3844 2528 3898 adventus
2562 3842 2775 3900 Domini
2805 3845 2976 3901 nostri
3010 3844 3139 3902 Jesu
3169 3845 3394 3903 Christi.

1892 4113 1979 4169 Ill.
2019 4113 2175 4170 Unde
2202 4130 2352 4186 ergo,
2383 4116 2586 4172 Christi
2611 4128 2877 4183 amantes,
2905 4134 3117 4174 sumam
3142 4119 3355 4175 initium
3373 4120 3400 4175 ?

1823 4206 1954 4277 quid
1983 4207 2254 4273 exordiar,
2276 4210 2473 4279 quidve
2499 4213 2981 4268 commemorabo?
3010 4212 3179 4281 Quem
3206 4229 3395 4269 eorum

1824 4314 1945 4370 quae
1975 4299 2098 4355 dico
2131 4308 2320 4355 testem
2351 4301 2656 4358 exhibebo?
2682 4303 2882 4359 Verum
2917 4303 3061 4360 unde
3088 4320 3394 4360 sermonem

1825 4407 2015 4448 sumus
2043 4393 2306 4463 auspicati
2328 4434 2344 4460 ,
2387 4409 2483 4450 eos
2508 4395 2562 4449 in
2592 4395 2829 4451 medium
2861 4395 3207 4466 proferamus
3233 4407 3397 4456 tesws

1898 4679 2010 4749 (54)
2050 4679 2181 4746 Qua:
2220 4694 2520 4754 sequuntur
2571 4682 2644 4737 ita
2692 4682 2744 4736 in
2794 4680 2855 4754 B.
2913 4699 3172 4754 expressa
3221 4697 3393 4744 sunt:

1825 4750 1998 4804 πάντα
2027 4750 2434 4830 προῦπὲδειξαν,
2456 4751 2537 4830 διὸ
2559 4755 2652 4830 καὶ
2674 4755 2772 4830 τὴν
2801 4753 2899 4830 τῇς
2926 4750 3232 4830 συντελείας
3258 4760 3396 4830 ήμέ-

1828 4801 1925 4904 ρνᾱφ
1946 4801 2383 4904 ξσιένίέεέςιγῆέαῑ
2397 4801 2533 4904 ’ἦρξέ
2562 4801 2672 4904 ei;
2687 4801 2701 4805 '
2714 4801 2987 4904 alia;
3004 4801 3396 4904 ιτξέῖἳρὲὲῖόῐς

1828 4846 1925 4890 ραν
1983 4846 2354 4891 συνεφανησαν
2403 4846 2533 4894 ημιν
2574 4846 2672 4895 την
2723 4846 2958 4895 εσχατην
3010 4846 3123 4890 τοις

1824 4890 2038 5014 ἱζέζθὶῗι
2083 4890 2409 4961 μέλλουσαν,
2451 4892 2543 4945 κα)⁵
2579 4894 2678 4966 τὴν
2719 4895 2810 4948 τοῦ
2863 4894 3060 4967 ἐχθροῦ
3119 4846 3217 4953 zeal

1826 4977 1888 5015 στ
1892 4977 2018 5014 ατου
2025 4999 2040 5012 .

1891 5031 2003 5106 (55)
2043 5029 2100 5106 in
2135 5030 2193 5084 Β.
2225 5029 2632 5106 desuntverba,
2659 5036 2771 5095 τοῖς
2800 5032 3130 5106 ἀνθρώποις.

1913 5100 2002 5170 56)
2042 5100 2084 5152 Β
2140 5110 2193 5170 et
2225 5100 2362 5154 alius
2387 5100 2500 5158 Pici
2526 5104 2714 5165 codex,
2748 5100 3126 5170 γινώσκοντες.

1910 5169 1997 5241 57)
2049 5169 2545 5241 Ἀπολειφθήσεται.

1914 5240 2003 5309 58⁷)
2056 5240 2389 5305 Ἀνοίξαντες
2405 5282 2421 5308 ,
2457 5241 2517 5296 Β.

2040 5313 2100 5366 In
2147 5310 2376 5367 Barocc.
2423 5312 2667 5380 additur,
2725 5314 3083 5381 ὐποδέξασθαι
3130 5317 3160 5372 δ
3208 5316 3391 5391 μέλλω

1948 5398 2016 5436 ιν.

1911 5451 2001 5531 ξθ)
2038 5449 2151 5531 ida
2172 5451 2271 5523 τὴν
2303 5452 2607 5531 συντέλειαν
2631 5455 2731 5529 τὴν
2759 5456 3123 5531 παγκόσμιον.

1912 5522 2001 5593 ιι)
2035 5521 2318 5593 ᾼάϐομεν,
2348 5522 2411 5579 B.

1912 5531 2001 5662 iii
2035 5531 2263 5662 iifi‘ii

3261 4901 3398 4955 ἀπο·-

1890 5102 1910 5381 l

1890 5452 1911 5733 Ξ

2295 5599 2617 5670 μαρτυρίαν,
2651 5598 2725 5654 id.

2144 5704 2160 5730 ν
2183 5660 2459 5737 ῆρξᾶμῆν,
2480 5660 2539 5725 ἒι
2566 5660 2693 5725 mox
2720 5669 3030 5742 παραγάγω
3063 5681 3165 5739 pro
3209 5681 3393 5739 παρα·

2921 5831 3001 5893 29
