  <div class='ocr_page' id='page_1' title='image "/cluster/home/n/w/nwhite01/storage/ocr_20150623/10/hvd.32044073501348/475.png"; bbox 0 0 3882 6332; ppageno 0'>
   <div class='ocr_carea' id='block_1_1' title="bbox 438 347 548 406">
    <p class='ocr_par' dir='ltr' id='par_1_1' title="bbox 438 347 548 406">
     <span class='ocr_line' id='line_1_1' title="bbox 438 347 548 406; baseline -0.009 0"><span class='ocrx_word' id='word_1_1' title='bbox 438 347 548 406; x_wconf 74' lang='grc'>925</span> 
     </span>
    </p>
   </div>
   <div class='ocr_carea' id='block_1_2' title="bbox 1247 339 2880 403">
    <p class='ocr_par' dir='ltr' id='par_1_2' title="bbox 1247 339 2880 403">
     <span class='ocr_line' id='line_1_2' title="bbox 1247 339 2880 403; baseline -0.003 -1"><span class='ocrx_word' id='word_1_2' title='bbox 1247 343 1534 403; x_wconf 83' lang='lat' dir='ltr'><strong>APPEND.</strong></span> <span class='ocrx_word' id='word_1_3' title='bbox 1575 345 1667 401; x_wconf 84' lang='lat' dir='ltr'><strong>AD</strong></span> <span class='ocrx_word' id='word_1_4' title='bbox 1703 343 1981 402; x_wconf 78' lang='lat' dir='ltr'><strong>PARTEM</strong></span> <span class='ocrx_word' id='word_1_5' title='bbox 2015 346 2060 402; x_wconf 88' lang='lat' dir='ltr'><strong>ll</strong></span> <span class='ocrx_word' id='word_1_6' title='bbox 2088 345 2369 402; x_wconf 80' lang='lat' dir='ltr'><strong>OPERUM</strong></span> <span class='ocrx_word' id='word_1_7' title='bbox 2406 344 2465 401; x_wconf 86' lang='lat' dir='ltr'><strong>S.</strong></span> <span class='ocrx_word' id='word_1_8' title='bbox 2506 339 2880 400; x_wconf 79' lang='lat' dir='ltr'><strong>HIPPOLYTI.</strong></span> 
     </span>
    </p>
   </div>
   <div class='ocr_carea' id='block_1_3' title="bbox 3579 329 3679 391">
    <p class='ocr_par' dir='ltr' id='par_1_3' title="bbox 3579 329 3679 391">
     <span class='ocr_line' id='line_1_3' title="bbox 3579 329 3679 391; baseline -0.06 0"><span class='ocrx_word' id='word_1_9' title='bbox 3579 329 3679 391; x_wconf 65' lang='grc' dir='ltr'><strong>εει</strong></span> 
     </span>
    </p>
   </div>
   <div class='ocr_carea' id='block_1_4' title="bbox 441 442 2021 552">
    <p class='ocr_par' dir='ltr' id='par_1_4' title="bbox 441 442 2013 552">
     <span class='ocr_line' id='line_1_4' title="bbox 441 442 2013 552; baseline 0 -29"><span class='ocrx_word' id='word_1_10' title='bbox 441 469 575 552; x_wconf 71' lang='lat' dir='ltr'><strong>lium</strong></span> <span class='ocrx_word' id='word_1_11' title='bbox 604 442 793 526; x_wconf 82' lang='lat' dir='ltr'><strong>curam</strong></span> <span class='ocrx_word' id='word_1_12' title='bbox 825 474 977 541; x_wconf 98' lang='lat' dir='ltr'><strong>gerat</strong></span> <span class='ocrx_word' id='word_1_13' title='bbox 1014 482 1079 525; x_wconf 87' lang='lat' dir='ltr'><strong>ac</strong></span> <span class='ocrx_word' id='word_1_14' title='bbox 1122 467 1465 524; x_wconf 80' lang='lat' dir='ltr'><strong>misereatur.</strong></span> <span class='ocrx_word' id='word_1_15' title='bbox 1511 467 1591 523; x_wconf 85' lang='lat' dir='ltr'><strong>Ac</strong></span> <span class='ocrx_word' id='word_1_16' title='bbox 1621 483 1693 524; x_wconf 90' lang='lat' dir='ltr'><strong>ne</strong></span> <span class='ocrx_word' id='word_1_17' title='bbox 1719 474 1852 525; x_wconf 90' lang='lat' dir='ltr'><strong>tunc</strong></span> <span class='ocrx_word' id='word_1_18' title='bbox 1890 468 2013 540; x_wconf 88' lang='lat' dir='ltr'><strong>qui-</strong></span> 
     </span>
    </p>
   </div>
   <div class='ocr_carea' id='block_1_5' title="bbox 2125 442 3683 552">
    <p class='ocr_par' dir='ltr' id='par_1_5' title="bbox 2125 458 3683 552">
     <span class='ocr_line' id='line_1_5' title="bbox 2125 458 3683 552; baseline -0.006 -30"><span class='ocrx_word' id='word_1_19' title='bbox 2125 486 2206 523; x_wconf 76' lang='lat' dir='ltr'><strong>rou</strong></span> <span class='ocrx_word' id='word_1_20' title='bbox 2252 470 2352 542; x_wconf 77' lang='grc' dir='ltr'>τὴν</span> <span class='ocrx_word' id='word_1_21' title='bbox 2411 467 2839 541; x_wconf 74' lang='grc' dir='ltr'><strong>φιλανθρωπίαν,</strong></span> <span class='ocrx_word' id='word_1_22' title='bbox 2886 465 2970 518; x_wconf 83' lang='grc' dir='ltr'><strong>δτι</strong></span> <span class='ocrx_word' id='word_1_23' title='bbox 3018 462 3113 517; x_wconf 70' lang='grc' dir='ltr'>καὶ</span> <span class='ocrx_word' id='word_1_24' title='bbox 3168 463 3229 516; x_wconf 84' lang='grc' dir='ltr'>ὲν</span> <span class='ocrx_word' id='word_1_25' title='bbox 3277 463 3412 552; x_wconf 74' lang='grc' dir='ltr'>τοῖς</span> <span class='ocrx_word' id='word_1_26' title='bbox 3437 458 3683 552; x_wconf 66' lang='grc' dir='ltr'>ὑστέροις</span> 
     </span>
    </p>
   </div>
   <div class='ocr_carea' id='block_1_6' title="bbox 442 555 2013 627">
    <p class='ocr_par' dir='ltr' id='par_1_6' title="bbox 442 555 2013 627">
     <span class='ocr_line' id='line_1_6' title="bbox 442 555 2013 627; baseline 0.003 -16"><span class='ocrx_word' id='word_1_27' title='bbox 442 557 568 611; x_wconf 88' lang='lat' dir='ltr'><strong>dem</strong></span> <span class='ocrx_word' id='word_1_28' title='bbox 598 556 717 612; x_wconf 82' lang='lat' dir='ltr'><strong>sine</strong></span> <span class='ocrx_word' id='word_1_29' title='bbox 735 555 1012 627; x_wconf 76' lang='lat' dir='ltr'><strong>prophetis</strong></span> <span class='ocrx_word' id='word_1_30' title='bbox 1038 570 1138 613; x_wconf 91' lang='lat' dir='ltr'><strong>nos</strong></span> <span class='ocrx_word' id='word_1_31' title='bbox 1166 556 1469 627; x_wconf 81' lang='lat' dir='ltr'><strong>relinquet:</strong></span> <span class='ocrx_word' id='word_1_32' title='bbox 1500 556 1595 612; x_wconf 88' lang='lat' dir='ltr'><strong>sed</strong></span> <span class='ocrx_word' id='word_1_33' title='bbox 1629 558 1899 614; x_wconf 86' lang='lat' dir='ltr'><strong>missurus</strong></span> <span class='ocrx_word' id='word_1_34' title='bbox 1927 568 2013 615; x_wconf 88' lang='lat' dir='ltr'><strong>est</strong></span> 
     </span>
    </p>
   </div>
   <div class='ocr_carea' id='block_1_7' title="bbox 440 647 2012 718">
    <p class='ocr_par' dir='ltr' id='par_1_7' title="bbox 440 647 2012 718">
     <span class='ocr_line' id='line_1_7' title="bbox 440 647 2012 718; baseline 0.001 -14"><span class='ocrx_word' id='word_1_35' title='bbox 440 661 542 704; x_wconf 83' lang='lat' dir='ltr'><strong>eos</strong></span> <span class='ocrx_word' id='word_1_36' title='bbox 588 648 656 704; x_wconf 88' lang='lat' dir='ltr'><strong>ad</strong></span> <span class='ocrx_word' id='word_1_37' title='bbox 696 647 1000 703; x_wconf 84' lang='lat' dir='ltr'><strong>doctrinam</strong></span> <span class='ocrx_word' id='word_1_38' title='bbox 1046 655 1290 705; x_wconf 90' lang='lat' dir='ltr'><strong>nostram</strong></span> <span class='ocrx_word' id='word_1_39' title='bbox 1340 656 1650 717; x_wconf 84' lang='lat' dir='ltr'><strong>certamque</strong></span> <span class='ocrx_word' id='word_1_40' title='bbox 1688 650 1969 705; x_wconf 79' lang='lat' dir='ltr'><strong>scientiam</strong></span> <span class='ocrx_word' id='word_1_41' title='bbox 1995 691 2012 718; x_wconf 95' lang='lat'><strong>,</strong></span> 
     </span>
    </p>
   </div>
   <div class='ocr_carea' id='block_1_8' title="bbox 447 738 2015 809">
    <p class='ocr_par' dir='ltr' id='par_1_8' title="bbox 447 738 2015 809">
     <span class='ocr_line' id='line_1_8' title="bbox 447 738 2015 809; baseline 0.001 -15"><span class='ocrx_word' id='word_1_42' title='bbox 447 742 610 809; x_wconf 74' lang='lat' dir='ltr'><strong>atque</strong></span> <span class='ocrx_word' id='word_1_43' title='bbox 638 747 700 794; x_wconf 89' lang='lat' dir='ltr'><strong>ut</strong></span> <span class='ocrx_word' id='word_1_44' title='bbox 745 739 953 795; x_wconf 88' lang='lat' dir='ltr'><strong>animos</strong></span> <span class='ocrx_word' id='word_1_45' title='bbox 988 739 1327 796; x_wconf 87' lang='lat' dir='ltr'><strong>attendamus</strong></span> <span class='ocrx_word' id='word_1_46' title='bbox 1370 739 1425 794; x_wconf 90' lang='lat' dir='ltr'><strong>in</strong></span> <span class='ocrx_word' id='word_1_47' title='bbox 1448 738 1737 794; x_wconf 85' lang='lat' dir='ltr'><strong>adventum</strong></span> <span class='ocrx_word' id='word_1_48' title='bbox 1764 741 2015 795; x_wconf 87' lang='lat' dir='ltr'><strong>adversa-</strong></span> 
     </span>
    </p>
   </div>
   <div class='ocr_carea' id='block_1_9' title="bbox 446 829 2010 903">
    <p class='ocr_par' dir='ltr' id='par_1_9' title="bbox 446 829 2010 903">
     <span class='ocr_line' id='line_1_9' title="bbox 446 829 2010 903; baseline 0.001 -16"><span class='ocrx_word' id='word_1_49' title='bbox 446 830 539 895; x_wconf 79' lang='lat' dir='ltr'><strong>rii,</strong></span> <span class='ocrx_word' id='word_1_50' title='bbox 568 840 630 886; x_wconf 86' lang='lat' dir='ltr'><strong>ut</strong></span> <span class='ocrx_word' id='word_1_51' title='bbox 666 830 863 888; x_wconf 85' lang='lat' dir='ltr'><strong>ibidem</strong></span> <span class='ocrx_word' id='word_1_52' title='bbox 892 830 1078 888; x_wconf 86' lang='lat' dir='ltr'><strong>Daniel</strong></span> <span class='ocrx_word' id='word_1_53' title='bbox 1118 831 1570 903; x_wconf 69' lang='lat' dir='ltr'><strong>praemonstravit.</strong></span> <span class='ocrx_word' id='word_1_54' title='bbox 1607 829 1784 901; x_wconf 83' lang='lat' dir='ltr'><strong>inquit</strong></span> <span class='ocrx_word' id='word_1_55' title='bbox 1826 833 2010 888; x_wconf 87' lang='lat' dir='ltr'><strong>enim:</strong></span> 
     </span>
    </p>
   </div>
   <div class='ocr_carea' id='block_1_10' title="bbox 451 920 2013 995">
    <p class='ocr_par' dir='ltr' id='par_1_10' title="bbox 451 920 2013 995">
     <span class='ocr_line' id='line_1_10' title="bbox 451 920 2013 995; baseline 0 -16"><span class='ocrx_word' id='word_1_56' title='bbox 451 920 841 979; x_wconf 72' lang='lat' dir='ltr'><strong>Testamentum</strong></span> <span class='ocrx_word' id='word_1_57' title='bbox 898 924 1227 995; x_wconf 75' lang='lat' dir='ltr'><strong>conﬁrmabit</strong></span> <span class='ocrx_word' id='word_1_58' title='bbox 1268 922 1451 977; x_wconf 73' lang='lat' dir='ltr'><strong>multis</strong></span> <span class='ocrx_word' id='word_1_59' title='bbox 1507 922 1834 978; x_wconf 89' lang='lat' dir='ltr'><strong>hebdomada</strong></span> <span class='ocrx_word' id='word_1_60' title='bbox 1866 941 2013 992; x_wconf 81' lang='lat' dir='ltr'><strong>una;</strong></span> 
     </span>
    </p>
   </div>
   <div class='ocr_carea' id='block_1_11' title="bbox 446 1016 2013 1088">
    <p class='ocr_par' dir='ltr' id='par_1_11' title="bbox 446 1016 2013 1088">
     <span class='ocr_line' id='line_1_11' title="bbox 446 1016 2013 1088; baseline 0.001 -18"><span class='ocrx_word' id='word_1_61' title='bbox 446 1027 499 1070; x_wconf 89' lang='lat' dir='ltr'><strong>et</strong></span> <span class='ocrx_word' id='word_1_62' title='bbox 526 1016 580 1069; x_wconf 89' lang='lat' dir='ltr'><strong>in</strong></span> <span class='ocrx_word' id='word_1_63' title='bbox 611 1016 779 1070; x_wconf 85' lang='lat' dir='ltr'><strong>medio</strong></span> <span class='ocrx_word' id='word_1_64' title='bbox 810 1016 1148 1072; x_wconf 71' lang='lat' dir='ltr'><strong>hebdomade:</strong></span> <span class='ocrx_word' id='word_1_65' title='bbox 1181 1018 1448 1088; x_wconf 75' lang='lat' dir='ltr'><strong>auferetur</strong></span> <span class='ocrx_word' id='word_1_66' title='bbox 1475 1017 1798 1087; x_wconf 77' lang='lat' dir='ltr'><strong>sacriﬁcium</strong></span> <span class='ocrx_word' id='word_1_67' title='bbox 1826 1027 1876 1072; x_wconf 88' lang='lat' dir='ltr'><strong>et</strong></span> <span class='ocrx_word' id='word_1_68' title='bbox 1915 1018 2013 1071; x_wconf 91' lang='lat' dir='ltr'><strong>ho-</strong></span> 
     </span>
    </p>
   </div>
   <div class='ocr_carea' id='block_1_12' title="bbox 2113 551 3685 634">
    <p class='ocr_par' dir='ltr' id='par_1_12' title="bbox 2113 551 3685 634">
     <span class='ocr_line' id='line_1_12' title="bbox 2113 551 3685 634; baseline -0.008 -17"><span class='ocrx_word' id='word_1_69' title='bbox 2113 563 2323 634; x_wconf 83' lang='grc' dir='ltr'>χρόνοις</span> <span class='ocrx_word' id='word_1_70' title='bbox 2345 604 2361 628; x_wconf 92' lang='grc'><strong>,</strong></span> <span class='ocrx_word' id='word_1_71' title='bbox 2398 561 2518 626; x_wconf 88' lang='grc' dir='ltr'><strong>πῶς</strong></span> <span class='ocrx_word' id='word_1_72' title='bbox 2559 560 2654 615; x_wconf 81' lang='grc' dir='ltr'>τοῦ</span> <span class='ocrx_word' id='word_1_73' title='bbox 2695 559 2803 613; x_wconf 88' lang='grc' dir='ltr'><strong>τῶν</strong></span> <span class='ocrx_word' id='word_1_74' title='bbox 2836 554 3048 630; x_wconf 77' lang='grc' dir='ltr'><strong>βροτῶν</strong></span> <span class='ocrx_word' id='word_1_75' title='bbox 3094 553 3284 624; x_wconf 77' lang='grc' dir='ltr'>γένους</span> <span class='ocrx_word' id='word_1_76' title='bbox 3322 551 3549 623; x_wconf 83' lang='grc' dir='ltr'>κήδεται</span> <span class='ocrx_word' id='word_1_77' title='bbox 3591 551 3685 606; x_wconf 76' lang='grc' dir='ltr'>καὶ</span> 
     </span>
    </p>
   </div>
   <div class='ocr_carea' id='block_1_13' title="bbox 2113 645 3691 727">
    <p class='ocr_par' dir='ltr' id='par_1_13' title="bbox 2113 645 3691 727">
     <span class='ocr_line' id='line_1_13' title="bbox 2113 645 3691 727; baseline -0.006 -21"><span class='ocrx_word' id='word_1_78' title='bbox 2113 654 2252 707; x_wconf 72' lang='grc' dir='ltr'>ἐλεεῖ</span> <span class='ocrx_word' id='word_1_79' title='bbox 2277 654 2409 727; x_wconf 72' lang='grc'>(48),</span> <span class='ocrx_word' id='word_1_80' title='bbox 2438 655 2521 708; x_wconf 85' lang='grc' dir='ltr'>ὅτι</span> <span class='ocrx_word' id='word_1_81' title='bbox 2542 652 2662 707; x_wconf 79' lang='grc' dir='ltr'>οὐδὲ</span> <span class='ocrx_word' id='word_1_82' title='bbox 2686 651 2806 704; x_wconf 87' lang='grc' dir='ltr'>τότε</span> <span class='ocrx_word' id='word_1_83' title='bbox 2837 650 3006 720; x_wconf 73' lang='grc' dir='ltr'>χωρὶς</span> <span class='ocrx_word' id='word_1_84' title='bbox 3031 645 3326 720; x_wconf 80' lang='grc' dir='ltr'><strong>προφητῶν</strong></span> <span class='ocrx_word' id='word_1_85' title='bbox 3351 646 3503 718; x_wconf 76' lang='grc' dir='ltr'>ἡμᾶς</span> <span class='ocrx_word' id='word_1_86' title='bbox 3528 659 3691 698; x_wconf 83' lang='grc' dir='ltr'>κατα-</span> 
     </span>
    </p>
   </div>
   <div class='ocr_carea' id='block_1_14' title="bbox 2112 737 3684 817">
    <p class='ocr_par' dir='ltr' id='par_1_14' title="bbox 2112 737 3684 817">
     <span class='ocr_line' id='line_1_14' title="bbox 2112 737 3684 817; baseline -0.006 -19"><span class='ocrx_word' id='word_1_87' title='bbox 2112 745 2164 798; x_wconf 88' lang='grc' dir='ltr'><strong>λι</strong></span> <span class='ocrx_word' id='word_1_88' title='bbox 2171 746 2389 817; x_wconf 89' lang='grc' dir='ltr'>μπάνει,</span> <span class='ocrx_word' id='word_1_89' title='bbox 2409 745 2541 799; x_wconf 87' lang='grc' dir='ltr'><strong>ἀλλά</strong></span> <span class='ocrx_word' id='word_1_90' title='bbox 2570 743 2774 816; x_wconf 73' lang='grc' dir='ltr'>πέμψει</span> <span class='ocrx_word' id='word_1_91' title='bbox 2794 740 2990 803; x_wconf 76' lang='grc' dir='ltr'>αὐτοὺς</span> <span class='ocrx_word' id='word_1_92' title='bbox 3008 738 3145 811; x_wconf 81' lang='grc' dir='ltr'>πρὸς</span> <span class='ocrx_word' id='word_1_93' title='bbox 3157 737 3376 809; x_wconf 76' lang='grc' dir='ltr'>διδαχὴν</span> <span class='ocrx_word' id='word_1_94' title='bbox 3390 737 3572 808; x_wconf 80' lang='grc' dir='ltr'>ἡμῶν,</span> <span class='ocrx_word' id='word_1_95' title='bbox 3592 739 3684 791; x_wconf 74' lang='grc' dir='ltr'>καὶ</span> 
     </span>
    </p>
   </div>
   <div class='ocr_carea' id='block_1_15' title="bbox 2114 826 3684 911">
    <p class='ocr_par' dir='ltr' id='par_1_15' title="bbox 2114 826 3684 911">
     <span class='ocr_line' id='line_1_15' title="bbox 2114 826 3684 911; baseline -0.009 -18"><span class='ocrx_word' id='word_1_96' title='bbox 2114 838 2507 911; x_wconf 75' lang='grc' dir='ltr'><strong>πληροφορίαν,</strong></span> <span class='ocrx_word' id='word_1_97' title='bbox 2541 838 2634 891; x_wconf 71' lang='grc' dir='ltr'>καὶ</span> <span class='ocrx_word' id='word_1_98' title='bbox 2670 833 3004 904; x_wconf 79' lang='grc' dir='ltr'>ἐπιστροφὴν</span> <span class='ocrx_word' id='word_1_99' title='bbox 3047 830 3145 901; x_wconf 86' lang='grc' dir='ltr'>τῆς</span> <span class='ocrx_word' id='word_1_100' title='bbox 3176 828 3271 883; x_wconf 81' lang='grc' dir='ltr'>τοῦ</span> <span class='ocrx_word' id='word_1_101' title='bbox 3309 826 3684 899; x_wconf 67' lang='grc' dir='ltr'><strong>ἀντικειμένου</strong></span> 
     </span>
    </p>
   </div>
   <div class='ocr_carea' id='block_1_16' title="bbox 2117 918 3683 1003">
    <p class='ocr_par' dir='ltr' id='par_1_16' title="bbox 2117 918 3683 1003">
     <span class='ocr_line' id='line_1_16' title="bbox 2117 918 3683 1003; baseline -0.01 -17"><span class='ocrx_word' id='word_1_102' title='bbox 2117 930 2431 1003; x_wconf 82' lang='grc' dir='ltr'>παρουσίας,</span> <span class='ocrx_word' id='word_1_103' title='bbox 2443 924 2627 1001; x_wconf 82' lang='grc' dir='ltr'>καθὼς</span> <span class='ocrx_word' id='word_1_104' title='bbox 2641 926 2749 999; x_wconf 68' lang='grc'>(49)</span> <span class='ocrx_word' id='word_1_105' title='bbox 2768 925 2864 979; x_wconf 68' lang='grc' dir='ltr'>καὶ</span> <span class='ocrx_word' id='word_1_106' title='bbox 2906 926 2963 978; x_wconf 79' lang='grc' dir='ltr'>ὲν</span> <span class='ocrx_word' id='word_1_107' title='bbox 2991 922 3163 993; x_wconf 81' lang='grc' dir='ltr'>τούτῳ</span> <span class='ocrx_word' id='word_1_108' title='bbox 3180 919 3398 991; x_wconf 73' lang='grc' dir='ltr'>’Δανιὴλ</span> <span class='ocrx_word' id='word_1_109' title='bbox 3446 918 3683 991; x_wconf 74' lang='grc' dir='ltr'>προϋπέ-</span> 
     </span>
    </p>
   </div>
   <div class='ocr_carea' id='block_1_17' title="bbox 2114 1008 3683 1094">
    <p class='ocr_par' dir='ltr' id='par_1_17' title="bbox 2114 1008 3683 1094">
     <span class='ocr_line' id='line_1_17' title="bbox 2114 1008 3683 1094; baseline -0.01 -16"><span class='ocrx_word' id='word_1_110' title='bbox 2114 1040 2269 1094; x_wconf 84' lang='grc' dir='ltr'>φηνε.</span> <span class='ocrx_word' id='word_1_111' title='bbox 2296 1022 2459 1091; x_wconf 80' lang='grc' dir='ltr'><strong>Λέγει</strong></span> <span class='ocrx_word' id='word_1_112' title='bbox 2473 1021 2579 1091; x_wconf 87' lang='grc' dir='ltr'><strong>γάρ</strong></span> <span class='ocrx_word' id='word_1_113' title='bbox 2598 1036 2611 1049; x_wconf 77' lang='grc' dir='ltr'><strong>ο</strong></span> <span class='ocrx_word' id='word_1_114' title='bbox 2632 1016 2926 1085; x_wconf 77' lang='grc' dir='ltr'>Διαθήκην</span> <span class='ocrx_word' id='word_1_115' title='bbox 2948 1014 3204 1083; x_wconf 82' lang='grc' dir='ltr'><strong>θήσομαι</strong></span> <span class='ocrx_word' id='word_1_116' title='bbox 3218 1012 3331 1084; x_wconf 86' lang='grc'>(50)</span> <span class='ocrx_word' id='word_1_117' title='bbox 3356 1009 3500 1081; x_wconf 80' lang='grc' dir='ltr'>μιᾶς</span> <span class='ocrx_word' id='word_1_118' title='bbox 3523 1008 3683 1063; x_wconf 78' lang='grc' dir='ltr'>ἐϐδο-</span> 
     </span>
    </p>
   </div>
   <div class='ocr_carea' id='block_1_18' title="bbox 447 1100 2021 1182">
    <p class='ocr_par' dir='ltr' id='par_1_18' title="bbox 447 1107 2013 1179">
     <span class='ocr_line' id='line_1_18' title="bbox 447 1107 2013 1179; baseline 0.001 -16"><span class='ocrx_word' id='word_1_119' title='bbox 447 1109 557 1163; x_wconf 79' lang='lat' dir='ltr'><strong>stia</strong></span> <span class='ocrx_word' id='word_1_120' title='bbox 583 1108 649 1164; x_wconf 77' lang='lat'><strong>“.</strong></span> <span class='ocrx_word' id='word_1_121' title='bbox 682 1107 799 1164; x_wconf 87' lang='lat' dir='ltr'><strong>Una</strong></span> <span class='ocrx_word' id='word_1_122' title='bbox 832 1108 1167 1165; x_wconf 89' lang='lat' dir='ltr'><strong>hebdomada</strong></span> <span class='ocrx_word' id='word_1_123' title='bbox 1205 1109 1468 1179; x_wconf 88' lang='lat' dir='ltr'><strong>septennii</strong></span> <span class='ocrx_word' id='word_1_124' title='bbox 1494 1109 2013 1165; x_wconf 83' lang='lat' dir='ltr'><strong>demonstrationem</strong></span> 
     </span>
    </p>
   </div>
   <div class='ocr_carea' id='block_1_19' title="bbox 2125 1100 3683 1182">
    <p class='ocr_par' dir='ltr' id='par_1_19' title="bbox 2125 1100 3683 1178">
     <span class='ocr_line' id='line_1_19' title="bbox 2125 1100 3683 1178; baseline -0.009 -10"><span class='ocrx_word' id='word_1_125' title='bbox 2125 1111 2316 1178; x_wconf 77' lang='grc' dir='ltr'>ιιὰδος,</span> <span class='ocrx_word' id='word_1_126' title='bbox 2347 1111 2443 1165; x_wconf 77' lang='grc' dir='ltr'>καὶ</span> <span class='ocrx_word' id='word_1_127' title='bbox 2469 1110 2538 1164; x_wconf 75' lang='grc' dir='ltr'><strong>ἐν</strong></span> <span class='ocrx_word' id='word_1_128' title='bbox 2562 1108 2643 1175; x_wconf 80' lang='grc' dir='ltr'>τῷ</span> <span class='ocrx_word' id='word_1_129' title='bbox 2669 1108 2871 1177; x_wconf 76' lang='grc' dir='ltr'>ἡμίσει</span> <span class='ocrx_word' id='word_1_130' title='bbox 2893 1103 2999 1174; x_wconf 78' lang='grc' dir='ltr'>τῆς</span> <span class='ocrx_word' id='word_1_131' title='bbox 3020 1103 3341 1174; x_wconf 76' lang='grc' dir='ltr'>ἑϐδομάδος</span> <span class='ocrx_word' id='word_1_132' title='bbox 3358 1100 3683 1171; x_wconf 75' lang='grc' dir='ltr'>ἀρθήσεται</span> 
     </span>
    </p>
   </div>
   <div class='ocr_carea' id='block_1_20' title="bbox 452 1199 2016 1271">
    <p class='ocr_par' dir='ltr' id='par_1_20' title="bbox 452 1199 2016 1271">
     <span class='ocr_line' id='line_1_20' title="bbox 452 1199 2016 1271; baseline 0.001 -17"><span class='ocrx_word' id='word_1_133' title='bbox 452 1199 656 1255; x_wconf 89' lang='lat' dir='ltr'><strong>indicat</strong></span> <span class='ocrx_word' id='word_1_134' title='bbox 701 1201 1087 1271; x_wconf 84' lang='lat' dir='ltr'><strong>posterioribus</strong></span> <span class='ocrx_word' id='word_1_135' title='bbox 1127 1200 1365 1256; x_wconf 82' lang='lat' dir='ltr'><strong>futuram</strong></span> <span class='ocrx_word' id='word_1_136' title='bbox 1420 1201 1773 1270; x_wconf 86' lang='lat' dir='ltr'><strong>temporibus.</strong></span> <span class='ocrx_word' id='word_1_137' title='bbox 1816 1199 1895 1256; x_wconf 83' lang='lat' dir='ltr'><strong>Ac</strong></span> <span class='ocrx_word' id='word_1_138' title='bbox 1934 1201 2016 1256; x_wconf 89' lang='lat' dir='ltr'><strong>di-</strong></span> 
     </span>
    </p>
   </div>
   <div class='ocr_carea' id='block_1_21' title="bbox 451 1293 2014 1365">
    <p class='ocr_par' dir='ltr' id='par_1_21' title="bbox 451 1293 2014 1365">
     <span class='ocr_line' id='line_1_21' title="bbox 451 1293 2014 1365; baseline 0.001 -16"><span class='ocrx_word' id='word_1_139' title='bbox 451 1295 679 1350; x_wconf 89' lang='lat' dir='ltr'><strong>midium</strong></span> <span class='ocrx_word' id='word_1_140' title='bbox 738 1294 1089 1350; x_wconf 63' lang='lat' dir='ltr'><strong>hebdomade</strong></span> <span class='ocrx_word' id='word_1_141' title='bbox 1150 1303 1364 1350; x_wconf 88' lang='lat' dir='ltr'><strong>sument</strong></span> <span class='ocrx_word' id='word_1_142' title='bbox 1418 1293 1526 1349; x_wconf 89' lang='lat' dir='ltr'><strong>duo</strong></span> <span class='ocrx_word' id='word_1_143' title='bbox 1568 1294 1841 1365; x_wconf 77' lang='lat' dir='ltr'><strong>prophetae</strong></span> <span class='ocrx_word' id='word_1_144' title='bbox 1889 1310 2014 1350; x_wconf 90' lang='lat' dir='ltr'><strong>cum</strong></span> 
     </span>
    </p>
   </div>
   <div class='ocr_carea' id='block_1_22' title="bbox 450 1384 2013 1455">
    <p class='ocr_par' dir='ltr' id='par_1_22' title="bbox 450 1384 2013 1455">
     <span class='ocr_line' id='line_1_22' title="bbox 450 1384 2013 1455; baseline 0.001 -16"><span class='ocrx_word' id='word_1_145' title='bbox 450 1384 693 1450; x_wconf 69' lang='lat' dir='ltr'><strong>Joanne,</strong></span> <span class='ocrx_word' id='word_1_146' title='bbox 726 1384 791 1441; x_wconf 89' lang='lat' dir='ltr'><strong>ad</strong></span> <span class='ocrx_word' id='word_1_147' title='bbox 820 1385 1245 1440; x_wconf 87' lang='lat' dir='ltr'><strong>denuntiandum</strong></span> <span class='ocrx_word' id='word_1_148' title='bbox 1275 1400 1371 1455; x_wconf 89' lang='lat' dir='ltr'><strong>per</strong></span> <span class='ocrx_word' id='word_1_149' title='bbox 1398 1384 1711 1440; x_wconf 90' lang='lat' dir='ltr'><strong>universum</strong></span> <span class='ocrx_word' id='word_1_150' title='bbox 1751 1387 2013 1441; x_wconf 90' lang='lat' dir='ltr'><strong>mundum</strong></span> 
     </span>
    </p>
   </div>
   <div class='ocr_carea' id='block_1_23' title="bbox 450 1475 2017 1542">
    <p class='ocr_par' dir='ltr' id='par_1_23' title="bbox 450 1475 2017 1542">
     <span class='ocr_line' id='line_1_23' title="bbox 450 1475 2017 1542; baseline 0.001 -12"><span class='ocrx_word' id='word_1_151' title='bbox 450 1476 747 1531; x_wconf 84' lang='lat' dir='ltr'><strong>adventum</strong></span> <span class='ocrx_word' id='word_1_152' title='bbox 772 1476 1122 1542; x_wconf 87' lang='lat' dir='ltr'><strong>Antichristi,</strong></span> <span class='ocrx_word' id='word_1_153' title='bbox 1155 1476 1258 1531; x_wconf 93' lang='lat' dir='ltr'><strong>hoc</strong></span> <span class='ocrx_word' id='word_1_154' title='bbox 1278 1483 1363 1532; x_wconf 90' lang='lat' dir='ltr'><strong>est</strong></span> <span class='ocrx_word' id='word_1_155' title='bbox 1380 1515 1395 1539; x_wconf 86' lang='lat'><strong><em>.</em></strong></span> <span class='ocrx_word' id='word_1_156' title='bbox 1426 1475 1569 1530; x_wconf 85' lang='lat' dir='ltr'><strong>mille</strong></span> <span class='ocrx_word' id='word_1_157' title='bbox 1595 1476 1840 1531; x_wconf 84' lang='lat' dir='ltr'><strong>ducentos</strong></span> <span class='ocrx_word' id='word_1_158' title='bbox 1864 1492 2017 1531; x_wconf 73' lang='lat' dir='ltr'><strong>sexa-</strong></span> 
     </span>
    </p>
   </div>
   <div class='ocr_carea' id='block_1_24' title="bbox 451 1568 2017 1639">
    <p class='ocr_par' dir='ltr' id='par_1_24' title="bbox 451 1568 2017 1639">
     <span class='ocr_line' id='line_1_24' title="bbox 451 1568 2017 1639; baseline 0.003 -19"><span class='ocrx_word' id='word_1_159' title='bbox 451 1568 599 1638; x_wconf 80' lang='lat' dir='ltr'><strong>ginta</strong></span> <span class='ocrx_word' id='word_1_160' title='bbox 625 1568 755 1631; x_wconf 77' lang='lat' dir='ltr'><strong>dies,</strong></span> <span class='ocrx_word' id='word_1_161' title='bbox 786 1568 967 1622; x_wconf 83' lang='lat' dir='ltr'><strong>amicti</strong></span> <span class='ocrx_word' id='word_1_162' title='bbox 988 1569 1155 1623; x_wconf 78' lang='lat' dir='ltr'><strong>saccis</strong></span> <span class='ocrx_word' id='word_1_163' title='bbox 1178 1570 1258 1634; x_wconf 68' lang='lat'><strong>&#39;5;</strong></span> <span class='ocrx_word' id='word_1_164' title='bbox 1305 1568 1607 1639; x_wconf 76' lang='lat' dir='ltr'><strong>faciemque</strong></span> <span class='ocrx_word' id='word_1_165' title='bbox 1632 1569 1784 1639; x_wconf 84' lang='lat' dir='ltr'><strong>signa</strong></span> <span class='ocrx_word' id='word_1_166' title='bbox 1814 1579 1867 1625; x_wconf 88' lang='lat' dir='ltr'><strong>et</strong></span> <span class='ocrx_word' id='word_1_167' title='bbox 1893 1585 2017 1635; x_wconf 87' lang='lat' dir='ltr'><strong>pro-</strong></span> 
     </span>
    </p>
   </div>
   <div class='ocr_carea' id='block_1_25' title="bbox 454 1659 2015 1730">
    <p class='ocr_par' dir='ltr' id='par_1_25' title="bbox 454 1659 2015 1730">
     <span class='ocr_line' id='line_1_25' title="bbox 454 1659 2015 1730; baseline 0.001 -15"><span class='ocrx_word' id='word_1_168' title='bbox 454 1659 599 1730; x_wconf 81' lang='lat' dir='ltr'><strong>digia</strong></span> <span class='ocrx_word' id='word_1_169' title='bbox 618 1701 634 1726; x_wconf 88' lang='lat'><strong>,</strong></span> <span class='ocrx_word' id='word_1_170' title='bbox 676 1667 736 1713; x_wconf 93' lang='lat' dir='ltr'><strong>ut</strong></span> <span class='ocrx_word' id='word_1_171' title='bbox 765 1660 850 1714; x_wconf 87' lang='lat' dir='ltr'><strong>vel</strong></span> <span class='ocrx_word' id='word_1_172' title='bbox 877 1660 978 1715; x_wconf 89' lang='lat' dir='ltr'><strong>hac</strong></span> <span class='ocrx_word' id='word_1_173' title='bbox 1006 1661 1214 1715; x_wconf 90' lang='lat' dir='ltr'><strong>ratione</strong></span> <span class='ocrx_word' id='word_1_174' title='bbox 1240 1659 1457 1715; x_wconf 86' lang='lat' dir='ltr'><strong>ﬂectant</strong></span> <span class='ocrx_word' id='word_1_175' title='bbox 1485 1669 1539 1715; x_wconf 89' lang='lat' dir='ltr'><strong>et</strong></span> <span class='ocrx_word' id='word_1_176' title='bbox 1566 1669 1879 1717; x_wconf 82' lang='lat' dir='ltr'><strong>convertant</strong></span> <span class='ocrx_word' id='word_1_177' title='bbox 1914 1663 2015 1717; x_wconf 92' lang='lat' dir='ltr'><strong>ho-</strong></span> 
     </span>
    </p>
   </div>
   <div class='ocr_carea' id='block_1_26' title="bbox 453 1750 2014 1822">
    <p class='ocr_par' dir='ltr' id='par_1_26' title="bbox 453 1750 2014 1822">
     <span class='ocr_line' id='line_1_26' title="bbox 453 1750 2014 1822; baseline 0.003 -17"><span class='ocrx_word' id='word_1_178' title='bbox 453 1751 629 1805; x_wconf 89' lang='lat' dir='ltr'><strong>mines</strong></span> <span class='ocrx_word' id='word_1_179' title='bbox 661 1750 728 1805; x_wconf 87' lang='lat' dir='ltr'><strong>ad</strong></span> <span class='ocrx_word' id='word_1_180' title='bbox 754 1750 1127 1820; x_wconf 65' lang='lat' dir='ltr'><strong>paenitentiam</strong></span> <span class='ocrx_word' id='word_1_181' title='bbox 1149 1790 1163 1814; x_wconf 91' lang='lat'><strong>,</strong></span> <span class='ocrx_word' id='word_1_182' title='bbox 1200 1762 1418 1822; x_wconf 86' lang='lat' dir='ltr'><strong>propter</strong></span> <span class='ocrx_word' id='word_1_183' title='bbox 1462 1752 1786 1808; x_wconf 90' lang='lat' dir='ltr'><strong>immensam</strong></span> <span class='ocrx_word' id='word_1_184' title='bbox 1824 1769 2014 1809; x_wconf 88' lang='lat' dir='ltr'><strong>eorum</strong></span> 
     </span>
    </p>
   </div>
   <div class='ocr_carea' id='block_1_27' title="bbox 2110 1191 3684 1275">
    <p class='ocr_par' dir='ltr' id='par_1_27' title="bbox 2110 1191 3684 1275">
     <span class='ocr_line' id='line_1_27' title="bbox 2110 1191 3684 1275; baseline -0.007 -16"><span class='ocrx_word' id='word_1_185' title='bbox 2110 1222 2228 1275; x_wconf 81' lang='grc' dir='ltr'><strong>μου</strong></span> <span class='ocrx_word' id='word_1_186' title='bbox 2277 1203 2461 1260; x_wconf 84' lang='grc' dir='ltr'><strong>θυσία</strong></span> <span class='ocrx_word' id='word_1_187' title='bbox 2505 1202 2605 1257; x_wconf 77' lang='grc' dir='ltr'><strong>καὶ</strong></span> <span class='ocrx_word' id='word_1_188' title='bbox 2632 1198 2889 1266; x_wconf 81' lang='grc' dir='ltr'>σπονδή.</span> <span class='ocrx_word' id='word_1_189' title='bbox 2924 1197 3070 1252; x_wconf 86' lang='grc' dir='ltr'>Μίαν</span> <span class='ocrx_word' id='word_1_190' title='bbox 3098 1195 3208 1267; x_wconf 87' lang='grc' dir='ltr'><strong>γάρ</strong></span> <span class='ocrx_word' id='word_1_191' title='bbox 3230 1192 3503 1264; x_wconf 80' lang='grc' dir='ltr'>ἑϐδομάδα</span> <span class='ocrx_word' id='word_1_192' title='bbox 3522 1232 3540 1257; x_wconf 91' lang='grc'><strong>,</strong></span> <span class='ocrx_word' id='word_1_193' title='bbox 3579 1191 3684 1248; x_wconf 77' lang='grc' dir='ltr'><strong>τῶν</strong></span> 
     </span>
    </p>
   </div>
   <div class='ocr_carea' id='block_1_28' title="bbox 2117 1286 3684 1366">
    <p class='ocr_par' dir='ltr' id='par_1_28' title="bbox 2117 1286 3684 1366">
     <span class='ocr_line' id='line_1_28' title="bbox 2117 1286 3684 1366; baseline -0.008 -15"><span class='ocrx_word' id='word_1_194' title='bbox 2117 1296 2254 1351; x_wconf 82' lang='grc' dir='ltr'>ἑπτὰ</span> <span class='ocrx_word' id='word_1_195' title='bbox 2299 1296 2436 1350; x_wconf 76' lang='grc' dir='ltr'>ἐτῶν</span> <span class='ocrx_word' id='word_1_196' title='bbox 2466 1294 2561 1366; x_wconf 82' lang='grc' dir='ltr'>τὴν</span> <span class='ocrx_word' id='word_1_197' title='bbox 2585 1294 2852 1359; x_wconf 78' lang='grc' dir='ltr'>ἀνάδειξιν</span> <span class='ocrx_word' id='word_1_198' title='bbox 2881 1291 3155 1364; x_wconf 80' lang='grc' dir='ltr'>σημαίνει,</span> <span class='ocrx_word' id='word_1_199' title='bbox 3181 1290 3326 1361; x_wconf 75' lang='grc' dir='ltr'>ἤπερ</span> <span class='ocrx_word' id='word_1_200' title='bbox 3349 1290 3408 1342; x_wconf 83' lang='grc' dir='ltr'>ὲν</span> <span class='ocrx_word' id='word_1_201' title='bbox 3442 1286 3684 1359; x_wconf 77' lang='grc' dir='ltr'>ὑστέροις</span> 
     </span>
    </p>
   </div>
   <div class='ocr_carea' id='block_1_29' title="bbox 2116 1378 3683 1461">
    <p class='ocr_par' dir='ltr' id='par_1_29' title="bbox 2116 1378 3683 1461">
     <span class='ocr_line' id='line_1_29' title="bbox 2116 1378 3683 1461; baseline -0.008 -19"><span class='ocrx_word' id='word_1_202' title='bbox 2116 1390 2325 1461; x_wconf 82' lang='grc' dir='ltr'>καιροῖς</span> <span class='ocrx_word' id='word_1_203' title='bbox 2354 1390 2670 1459; x_wconf 77' lang='grc' dir='ltr'>γενήσεται.’</span> <span class='ocrx_word' id='word_1_204' title='bbox 2701 1388 2795 1440; x_wconf 76' lang='grc' dir='ltr'>καὶ</span> <span class='ocrx_word' id='word_1_205' title='bbox 2821 1386 2883 1439; x_wconf 85' lang='grc' dir='ltr'>τὸ</span> <span class='ocrx_word' id='word_1_206' title='bbox 2904 1387 3072 1456; x_wconf 79' lang='grc' dir='ltr'>ἥμισυ</span> <span class='ocrx_word' id='word_1_207' title='bbox 3102 1382 3203 1454; x_wconf 83' lang='grc' dir='ltr'>τῆς</span> <span class='ocrx_word' id='word_1_208' title='bbox 3233 1379 3561 1450; x_wconf 79' lang='grc' dir='ltr'>ἑϐδομάδος,</span> <span class='ocrx_word' id='word_1_209' title='bbox 3591 1378 3683 1450; x_wconf 82' lang='grc' dir='ltr'><strong>λή-</strong></span> 
     </span>
    </p>
   </div>
   <div class='ocr_carea' id='block_1_30' title="bbox 2115 1469 3685 1552">
    <p class='ocr_par' dir='ltr' id='par_1_30' title="bbox 2115 1469 3685 1552">
     <span class='ocr_line' id='line_1_30' title="bbox 2115 1469 3685 1552; baseline -0.008 -17"><span class='ocrx_word' id='word_1_210' title='bbox 2115 1480 2304 1552; x_wconf 79' lang='grc' dir='ltr'>ψονται</span> <span class='ocrx_word' id='word_1_211' title='bbox 2322 1482 2372 1533; x_wconf 79' lang='lat' dir='ltr'><strong>ot</strong></span> <span class='ocrx_word' id='word_1_212' title='bbox 2392 1478 2484 1533; x_wconf 81' lang='grc' dir='ltr'>δύο</span> <span class='ocrx_word' id='word_1_213' title='bbox 2515 1479 2790 1550; x_wconf 80' lang='grc' dir='ltr'>προφῆται</span> <span class='ocrx_word' id='word_1_214' title='bbox 2826 1476 2965 1550; x_wconf 82' lang='grc' dir='ltr'><strong>μετά</strong></span> <span class='ocrx_word' id='word_1_215' title='bbox 3005 1474 3284 1536; x_wconf 83' lang='grc' dir='ltr'>Ἰωάννου,</span> <span class='ocrx_word' id='word_1_216' title='bbox 3314 1471 3410 1525; x_wconf 80' lang='grc' dir='ltr'><strong>τοῦ</strong></span> <span class='ocrx_word' id='word_1_217' title='bbox 3453 1469 3685 1542; x_wconf 80' lang='grc' dir='ltr'>κηρῦξαι</span> 
     </span>
    </p>
   </div>
   <div class='ocr_carea' id='block_1_31' title="bbox 2116 1559 3685 1638">
    <p class='ocr_par' dir='ltr' id='par_1_31' title="bbox 2116 1559 3685 1638">
     <span class='ocr_line' id='line_1_31' title="bbox 2116 1559 3685 1638; baseline -0.006 -18"><span class='ocrx_word' id='word_1_218' title='bbox 2116 1568 2195 1630; x_wconf 86' lang='grc' dir='ltr'><strong>είς</strong></span> <span class='ocrx_word' id='word_1_219' title='bbox 2228 1567 2318 1620; x_wconf 82' lang='grc' dir='ltr'>τὸν</span> <span class='ocrx_word' id='word_1_220' title='bbox 2356 1566 2643 1638; x_wconf 85' lang='grc' dir='ltr'>σύμπαντα</span> <span class='ocrx_word' id='word_1_221' title='bbox 2669 1565 2875 1638; x_wconf 81' lang='grc' dir='ltr'><strong>κόσμον</strong></span> <span class='ocrx_word' id='word_1_222' title='bbox 2902 1564 3032 1635; x_wconf 74' lang='grc' dir='ltr'>περ).</span> <span class='ocrx_word' id='word_1_223' title='bbox 3057 1562 3150 1617; x_wconf 81' lang='grc' dir='ltr'><strong>τοῦ</strong></span> <span class='ocrx_word' id='word_1_224' title='bbox 3186 1559 3559 1632; x_wconf 79' lang='grc' dir='ltr'>’Δντιχρίστου</span> <span class='ocrx_word' id='word_1_225' title='bbox 3592 1559 3685 1629; x_wconf 75' lang='grc' dir='ltr'>τὴν</span> 
     </span>
    </p>
   </div>
   <div class='ocr_carea' id='block_1_32' title="bbox 2116 1650 3690 1729">
    <p class='ocr_par' dir='ltr' id='par_1_32' title="bbox 2116 1650 3690 1729">
     <span class='ocr_line' id='line_1_32' title="bbox 2116 1650 3690 1729; baseline -0.004 -19"><span class='ocrx_word' id='word_1_226' title='bbox 2116 1658 2448 1729; x_wconf 82' lang='grc' dir='ltr'>παρουσίαν,</span> <span class='ocrx_word' id='word_1_227' title='bbox 2491 1657 2636 1711; x_wconf 79' lang='grc' dir='ltr'>τοῦτ’</span> <span class='ocrx_word' id='word_1_228' title='bbox 2659 1656 2805 1710; x_wconf 80' lang='grc' dir='ltr'>ἔστιν</span> <span class='ocrx_word' id='word_1_229' title='bbox 2850 1655 3077 1725; x_wconf 75' lang='grc' dir='ltr'>ἡμέρας</span> <span class='ocrx_word' id='word_1_230' title='bbox 3124 1653 3323 1724; x_wconf 75' lang='grc' dir='ltr'>χιλίας</span> <span class='ocrx_word' id='word_1_231' title='bbox 3377 1650 3690 1717; x_wconf 79' lang='grc' dir='ltr'>διακοσίας</span> 
     </span>
    </p>
   </div>
   <div class='ocr_carea' id='block_1_33' title="bbox 2117 1744 3689 1818">
    <p class='ocr_par' dir='ltr' id='par_1_33' title="bbox 2117 1744 3689 1818">
     <span class='ocr_line' id='line_1_33' title="bbox 2117 1744 3689 1818; baseline -0.003 -17"><span class='ocrx_word' id='word_1_232' title='bbox 2117 1748 2427 1815; x_wconf 77' lang='grc' dir='ltr'>ἐξήκοντα,</span> <span class='ocrx_word' id='word_1_233' title='bbox 2461 1748 2939 1818; x_wconf 76' lang='grc' dir='ltr'>περιϐεϐλημένοι</span> <span class='ocrx_word' id='word_1_234' title='bbox 2980 1744 3279 1812; x_wconf 77' lang='grc' dir='ltr'>σάκκουςο</span> <span class='ocrx_word' id='word_1_235' title='bbox 3310 1744 3361 1798; x_wconf 79' lang='grc' dir='ltr'>οἱ</span> <span class='ocrx_word' id='word_1_236' title='bbox 3393 1744 3491 1798; x_wconf 79' lang='grc' dir='ltr'>καὶ</span> <span class='ocrx_word' id='word_1_237' title='bbox 3537 1744 3689 1814; x_wconf 78' lang='grc' dir='ltr'>ποιή-</span> 
     </span>
    </p>
   </div>
   <div class='ocr_carea' id='block_1_34' title="bbox 456 1835 2021 1915">
    <p class='ocr_par' dir='ltr' id='par_1_34' title="bbox 456 1841 2021 1915">
     <span class='ocr_line' id='line_1_34' title="bbox 456 1841 2021 1915; baseline 0.002 -19"><span class='ocrx_word' id='word_1_238' title='bbox 456 1841 797 1911; x_wconf 87' lang='lat' dir='ltr'><strong>iniquitatem</strong></span> <span class='ocrx_word' id='word_1_239' title='bbox 854 1849 908 1896; x_wconf 91' lang='lat' dir='ltr'><strong>et</strong></span> <span class='ocrx_word' id='word_1_240' title='bbox 951 1842 1297 1912; x_wconf 83' lang='lat' dir='ltr'><strong>impietatem.</strong></span> <span class='ocrx_word' id='word_1_241' title='bbox 1343 1843 1495 1907; x_wconf 77' lang='lat' dir='ltr'><strong>Quod</strong></span> <span class='ocrx_word' id='word_1_242' title='bbox 1543 1845 1590 1897; x_wconf 79' lang='lat' dir='ltr'><strong>si</strong></span> <span class='ocrx_word' id='word_1_243' title='bbox 1629 1844 1744 1915; x_wconf 80' lang='lat' dir='ltr'><strong>quis</strong></span> <span class='ocrx_word' id='word_1_244' title='bbox 1786 1845 1909 1900; x_wconf 82' lang='lat' dir='ltr'><strong>velit</strong></span> <span class='ocrx_word' id='word_1_245' title='bbox 1947 1846 2021 1899; x_wconf 81' lang='lat' dir='ltr'><strong>eis</strong></span> 
     </span>
    </p>
   </div>
   <div class='ocr_carea' id='block_1_35' title="bbox 2125 1835 3692 1915">
    <p class='ocr_par' dir='ltr' id='par_1_35' title="bbox 2126 1835 3692 1914">
     <span class='ocr_line' id='line_1_35' title="bbox 2126 1835 3692 1914; baseline -0.004 -19"><span class='ocrx_word' id='word_1_246' title='bbox 2126 1858 2274 1895; x_wconf 88' lang='grc' dir='ltr'>σουσι</span> <span class='ocrx_word' id='word_1_247' title='bbox 2299 1844 2499 1914; x_wconf 80' lang='grc' dir='ltr'>σημεῖα</span> <span class='ocrx_word' id='word_1_248' title='bbox 2531 1842 2625 1896; x_wconf 76' lang='grc' dir='ltr'>καὶ</span> <span class='ocrx_word' id='word_1_249' title='bbox 2654 1841 2883 1913; x_wconf 87' lang='grc' dir='ltr'>τέρατα,</span> <span class='ocrx_word' id='word_1_250' title='bbox 2917 1841 2998 1904; x_wconf 86' lang='grc' dir='ltr'><strong>είς</strong></span> <span class='ocrx_word' id='word_1_251' title='bbox 3019 1838 3079 1893; x_wconf 83' lang='grc' dir='ltr'>τὸ</span> <span class='ocrx_word' id='word_1_252' title='bbox 3106 1838 3208 1893; x_wconf 83' lang='grc' dir='ltr'><strong>κάν</strong></span> <span class='ocrx_word' id='word_1_253' title='bbox 3233 1836 3407 1901; x_wconf 74' lang='grc' dir='ltr'>οὕτως</span> <span class='ocrx_word' id='word_1_254' title='bbox 3441 1835 3692 1906; x_wconf 69' lang='grc' dir='ltr'>δυσωπῆ-</span> 
     </span>
    </p>
   </div>
   <div class='ocr_carea' id='block_1_36' title="bbox 456 1929 2021 2005">
    <p class='ocr_par' dir='ltr' id='par_1_36' title="bbox 456 1932 2021 2003">
     <span class='ocr_line' id='line_1_36' title="bbox 456 1932 2021 2003; baseline 0.003 -17"><span class='ocrx_word' id='word_1_255' title='bbox 456 1948 659 1998; x_wconf 83' lang='lat' dir='ltr'><strong>nocere,</strong></span> <span class='ocrx_word' id='word_1_256' title='bbox 682 1932 817 2002; x_wconf 73' lang='lat' dir='ltr'><strong>ignis</strong></span> <span class='ocrx_word' id='word_1_257' title='bbox 844 1933 1135 2002; x_wconf 84' lang='lat' dir='ltr'><strong>egredietur</strong></span> <span class='ocrx_word' id='word_1_258' title='bbox 1174 1948 1238 1987; x_wconf 79' lang='lat' dir='ltr'><strong>ea:</strong></span> <span class='ocrx_word' id='word_1_259' title='bbox 1289 1950 1377 1988; x_wconf 84' lang='lat' dir='ltr'><strong>ore</strong></span> <span class='ocrx_word' id='word_1_260' title='bbox 1403 1934 1669 2003; x_wconf 76' lang='lat' dir='ltr'><strong>ipsorum,</strong></span> <span class='ocrx_word' id='word_1_261' title='bbox 1712 1944 1763 1990; x_wconf 90' lang='lat' dir='ltr'><strong>et</strong></span> <span class='ocrx_word' id='word_1_262' title='bbox 1806 1936 2021 1992; x_wconf 84' lang='lat' dir='ltr'><strong>devora-</strong></span> 
     </span>
    </p>
   </div>
   <div class='ocr_carea' id='block_1_37' title="bbox 2125 1929 3694 2005">
    <p class='ocr_par' dir='ltr' id='par_1_37' title="bbox 2125 1929 3694 2005">
     <span class='ocr_line' id='line_1_37' title="bbox 2125 1929 3694 2005; baseline -0.004 -18"><span class='ocrx_word' id='word_1_263' title='bbox 2125 1950 2212 1987; x_wconf 88' lang='grc' dir='ltr'><strong>σαι</strong></span> <span class='ocrx_word' id='word_1_264' title='bbox 2253 1935 2346 1987; x_wconf 77' lang='grc' dir='ltr'><strong>καὶ</strong></span> <span class='ocrx_word' id='word_1_265' title='bbox 2371 1934 2481 2005; x_wconf 72' lang='lat' dir='ltr'>(Si)</span> <span class='ocrx_word' id='word_1_266' title='bbox 2515 1934 2837 2004; x_wconf 77' lang='grc' dir='ltr'>ἐπιστρέψαι</span> <span class='ocrx_word' id='word_1_267' title='bbox 2863 1934 2989 1997; x_wconf 78' lang='grc' dir='ltr'>τοὺς</span> <span class='ocrx_word' id='word_1_268' title='bbox 3020 1930 3337 2004; x_wconf 84' lang='grc' dir='ltr'>ἀνθρώπους</span> <span class='ocrx_word' id='word_1_269' title='bbox 3356 1930 3498 2001; x_wconf 80' lang='grc' dir='ltr'>πρὸς</span> <span class='ocrx_word' id='word_1_270' title='bbox 3536 1929 3694 1999; x_wconf 79' lang='grc' dir='ltr'>μετά-</span> 
     </span>
    </p>
   </div>
   <div class='ocr_carea' id='block_1_38' title="bbox 460 2021 2021 2099">
    <p class='ocr_par' dir='ltr' id='par_1_38' title="bbox 460 2022 2021 2094">
     <span class='ocr_line' id='line_1_38' title="bbox 460 2022 2021 2094; baseline 0.003 -13"><span class='ocrx_word' id='word_1_271' title='bbox 460 2024 534 2081; x_wconf 77' lang='lat' dir='ltr'><strong>bit</strong></span> <span class='ocrx_word' id='word_1_272' title='bbox 560 2025 731 2079; x_wconf 76' lang='lat' dir='ltr'><strong>hostes</strong></span> <span class='ocrx_word' id='word_1_273' title='bbox 767 2038 967 2077; x_wconf 88' lang='lat' dir='ltr'><strong>eorum.</strong></span> <span class='ocrx_word' id='word_1_274' title='bbox 1029 2022 1103 2077; x_wconf 83' lang='lat' dir='ltr'><strong>Hi</strong></span> <span class='ocrx_word' id='word_1_275' title='bbox 1149 2031 1454 2094; x_wconf 71' lang='lat' dir='ltr'><strong>potestatem</strong></span> <span class='ocrx_word' id='word_1_276' title='bbox 1503 2024 1692 2080; x_wconf 81' lang='lat' dir='ltr'><strong>habent</strong></span> <span class='ocrx_word' id='word_1_277' title='bbox 1742 2027 2021 2085; x_wconf 80' lang='lat' dir='ltr'><strong>claudendi</strong></span> 
     </span>
    </p>
   </div>
   <div class='ocr_carea' id='block_1_39' title="bbox 2125 2021 3701 2099">
    <p class='ocr_par' dir='ltr' id='par_1_39' title="bbox 2125 2021 3701 2099">
     <span class='ocr_line' id='line_1_39' title="bbox 2125 2021 3701 2099; baseline -0.004 -19"><span class='ocrx_word' id='word_1_278' title='bbox 2125 2044 2288 2095; x_wconf 88' lang='grc' dir='ltr'>νοιαν,</span> <span class='ocrx_word' id='word_1_279' title='bbox 2313 2027 2399 2080; x_wconf 77' lang='grc' dir='ltr'><strong>διὰ</strong></span> <span class='ocrx_word' id='word_1_280' title='bbox 2422 2028 2519 2099; x_wconf 81' lang='grc' dir='ltr'><strong>τὴν</strong></span> <span class='ocrx_word' id='word_1_281' title='bbox 2540 2026 2980 2099; x_wconf 80' lang='grc' dir='ltr'>ὑπερϐάλλουσαν</span> <span class='ocrx_word' id='word_1_282' title='bbox 3002 2024 3179 2079; x_wconf 75' lang='grc' dir='ltr'>αὐτῶν</span> <span class='ocrx_word' id='word_1_283' title='bbox 3199 2022 3426 2095; x_wconf 83' lang='grc' dir='ltr'>ἀνομίαν</span> <span class='ocrx_word' id='word_1_284' title='bbox 3449 2022 3551 2077; x_wconf 80' lang='grc' dir='ltr'>καὶ</span> <span class='ocrx_word' id='word_1_285' title='bbox 3571 2021 3701 2075; x_wconf 76' lang='grc' dir='ltr'>ἀσέ-</span> 
     </span>
    </p>
   </div>
   <div class='ocr_carea' id='block_1_40' title="bbox 459 2114 2021 2190">
    <p class='ocr_par' dir='ltr' id='par_1_40' title="bbox 459 2114 2021 2190">
     <span class='ocr_line' id='line_1_40' title="bbox 459 2114 2021 2190; baseline 0.001 -16"><span class='ocrx_word' id='word_1_286' title='bbox 459 2121 684 2186; x_wconf 67' lang='lat' dir='ltr'><strong>caelum,</strong></span> <span class='ocrx_word' id='word_1_287' title='bbox 730 2136 793 2175; x_wconf 80' lang='lat' dir='ltr'><strong>ne</strong></span> <span class='ocrx_word' id='word_1_288' title='bbox 839 2114 986 2190; x_wconf 77' lang='lat' dir='ltr'><strong>pluat</strong></span> <span class='ocrx_word' id='word_1_289' title='bbox 1032 2114 1221 2175; x_wconf 86' lang='lat' dir='ltr'><strong>diebus</strong></span> <span class='ocrx_word' id='word_1_290' title='bbox 1268 2114 1533 2175; x_wconf 85' lang='lat' dir='ltr'><strong>adventus</strong></span> <span class='ocrx_word' id='word_1_291' title='bbox 1578 2116 1935 2190; x_wconf 79' lang='lat' dir='ltr'><strong>Antichristi;</strong></span> <span class='ocrx_word' id='word_1_292' title='bbox 1974 2132 2021 2177; x_wconf 85' lang='lat' dir='ltr'><strong>et</strong></span> 
     </span>
    </p>
   </div>
   <div class='ocr_carea' id='block_1_41' title="bbox 2125 2114 3701 2190">
    <p class='ocr_par' dir='ltr' id='par_1_41' title="bbox 2125 2114 3701 2186">
     <span class='ocr_line' id='line_1_41' title="bbox 2125 2114 3701 2186; baseline -0.006 -10"><span class='ocrx_word' id='word_1_293' title='bbox 2125 2122 2293 2179; x_wconf 78' lang='grc' dir='ltr'>ϐειαν.</span> <span class='ocrx_word' id='word_1_294' title='bbox 2317 2122 2424 2177; x_wconf 82' lang='grc' dir='ltr'><strong>Καὶ</strong></span> <span class='ocrx_word' id='word_1_295' title='bbox 2448 2121 2504 2174; x_wconf 78' lang='grc' dir='ltr'>εἴ</span> <span class='ocrx_word' id='word_1_296' title='bbox 2524 2139 2612 2186; x_wconf 81' lang='grc' dir='ltr'><strong>τις</strong></span> <span class='ocrx_word' id='word_1_297' title='bbox 2622 2121 2780 2176; x_wconf 81' lang='grc' dir='ltr'>θέλει</span> <span class='ocrx_word' id='word_1_298' title='bbox 2802 2118 3024 2186; x_wconf 86' lang='grc' dir='ltr'>αὐτοὺς</span> <span class='ocrx_word' id='word_1_299' title='bbox 3051 2115 3356 2185; x_wconf 75' lang='grc' dir='ltr'>ἀδικήσω,</span> <span class='ocrx_word' id='word_1_300' title='bbox 3375 2114 3500 2184; x_wconf 74' lang='grc' dir='ltr'>πῦρ</span> <span class='ocrx_word' id='word_1_301' title='bbox 3527 2114 3701 2169; x_wconf 74' lang='grc' dir='ltr'>ἐκπο-</span> 
     </span>
    </p>
   </div>
   <div class='ocr_carea' id='block_1_42' title="bbox 462 2206 2021 2282">
    <p class='ocr_par' dir='ltr' id='par_1_42' title="bbox 462 2212 2021 2282">
     <span class='ocr_line' id='line_1_42' title="bbox 462 2212 2021 2282; baseline 0.002 -18"><span class='ocrx_word' id='word_1_302' title='bbox 462 2228 625 2282; x_wconf 79' lang='lat' dir='ltr'><strong>aquas</strong></span> <span class='ocrx_word' id='word_1_303' title='bbox 668 2212 992 2266; x_wconf 79' lang='lat' dir='ltr'><strong>convertendi</strong></span> <span class='ocrx_word' id='word_1_304' title='bbox 1024 2212 1079 2265; x_wconf 87' lang='lat' dir='ltr'><strong>in</strong></span> <span class='ocrx_word' id='word_1_305' title='bbox 1109 2213 1445 2282; x_wconf 80' lang='lat' dir='ltr'><strong>sanguinem,</strong></span> <span class='ocrx_word' id='word_1_306' title='bbox 1484 2229 1547 2266; x_wconf 85' lang='lat' dir='ltr'><strong>ac</strong></span> <span class='ocrx_word' id='word_1_307' title='bbox 1573 2213 1892 2282; x_wconf 83' lang='lat' dir='ltr'><strong>percutiendi</strong></span> <span class='ocrx_word' id='word_1_308' title='bbox 1920 2225 2021 2268; x_wconf 87' lang='lat' dir='ltr'><strong>ler—</strong></span> 
     </span>
    </p>
   </div>
   <div class='ocr_carea' id='block_1_43' title="bbox 2125 2206 3691 2282">
    <p class='ocr_par' dir='ltr' id='par_1_43' title="bbox 2125 2206 3691 2281">
     <span class='ocr_line' id='line_1_43' title="bbox 2125 2206 3691 2281; baseline -0.004 -14"><span class='ocrx_word' id='word_1_309' title='bbox 2125 2215 2393 2280; x_wconf 82' lang='grc' dir='ltr'>ρεύσεται</span> <span class='ocrx_word' id='word_1_310' title='bbox 2431 2212 2497 2267; x_wconf 83' lang='grc' dir='ltr'>ἐκ</span> <span class='ocrx_word' id='word_1_311' title='bbox 2537 2212 2641 2265; x_wconf 86' lang='grc' dir='ltr'>τοῦ</span> <span class='ocrx_word' id='word_1_312' title='bbox 2679 2213 2975 2281; x_wconf 83' lang='grc' dir='ltr'>στόματος</span> <span class='ocrx_word' id='word_1_313' title='bbox 3001 2207 3217 2274; x_wconf 75' lang='grc' dir='ltr'>αὐτῶν,</span> <span class='ocrx_word' id='word_1_314' title='bbox 3252 2207 3355 2261; x_wconf 79' lang='grc' dir='ltr'>καὶ</span> <span class='ocrx_word' id='word_1_315' title='bbox 3388 2206 3691 2261; x_wconf 75' lang='grc' dir='ltr'>κατεσθίει</span> 
     </span>
    </p>
   </div>
   <div class='ocr_carea' id='block_1_44' title="bbox 462 2296 2021 2376">
    <p class='ocr_par' dir='ltr' id='par_1_44' title="bbox 462 2304 2021 2376">
     <span class='ocr_line' id='line_1_44' title="bbox 462 2304 2021 2376; baseline 0.002 -18"><span class='ocrx_word' id='word_1_316' title='bbox 462 2321 580 2358; x_wconf 86' lang='lat' dir='ltr'><strong>ram</strong></span> <span class='ocrx_word' id='word_1_317' title='bbox 610 2305 750 2358; x_wconf 86' lang='lat' dir='ltr'><strong>omni</strong></span> <span class='ocrx_word' id='word_1_318' title='bbox 783 2304 939 2376; x_wconf 84' lang='lat' dir='ltr'><strong>plaga</strong></span> <span class='ocrx_word' id='word_1_319' title='bbox 968 2304 1368 2375; x_wconf 78' lang='lat' dir='ltr'><strong>quotiescunque</strong></span> <span class='ocrx_word' id='word_1_320' title='bbox 1396 2304 1650 2358; x_wconf 82' lang='lat' dir='ltr'><strong>voluerint</strong></span> <span class='ocrx_word' id='word_1_321' title='bbox 1679 2304 1742 2356; x_wconf 80' lang='lat'><strong>“.</strong></span> <span class='ocrx_word' id='word_1_322' title='bbox 1781 2304 2021 2375; x_wconf 87' lang='lat' dir='ltr'><strong>Cumque</strong></span> 
     </span>
    </p>
   </div>
   <div class='ocr_carea' id='block_1_45' title="bbox 2125 2296 3697 2376">
    <p class='ocr_par' dir='ltr' id='par_1_45' title="bbox 2125 2296 3697 2376">
     <span class='ocr_line' id='line_1_45' title="bbox 2125 2296 3697 2376; baseline -0.006 -17"><span class='ocrx_word' id='word_1_323' title='bbox 2125 2304 2233 2376; x_wconf 67' lang='lat'>(52)</span> <span class='ocrx_word' id='word_1_324' title='bbox 2273 2304 2413 2369; x_wconf 84' lang='grc' dir='ltr'>τοὺς</span> <span class='ocrx_word' id='word_1_325' title='bbox 2457 2303 2707 2372; x_wconf 81' lang='grc' dir='ltr'>ἐχθροὺς</span> <span class='ocrx_word' id='word_1_326' title='bbox 2756 2300 2972 2357; x_wconf 79' lang='grc' dir='ltr'>αὐτῶν.</span> <span class='ocrx_word' id='word_1_327' title='bbox 3019 2296 3195 2358; x_wconf 83' lang='grc' dir='ltr'>Οὗτοι</span> <span class='ocrx_word' id='word_1_328' title='bbox 3231 2299 3489 2368; x_wconf 77' lang='grc' dir='ltr'>ἔχουσιν</span> <span class='ocrx_word' id='word_1_329' title='bbox 3530 2296 3697 2361; x_wconf 69' lang='grc' dir='ltr'>ἐξουι</span> 
     </span>
    </p>
   </div>
   <div class='ocr_carea' id='block_1_46' title="bbox 438 2388 2026 2466">
    <p class='ocr_par' dir='ltr' id='par_1_46' title="bbox 438 2388 2026 2466">
     <span class='ocr_line' id='line_1_46' title="bbox 438 2388 2026 2466; baseline 0.001 -17"><span class='ocrx_word' id='word_1_330' title='bbox 438 2390 871 2466; x_wconf 47' lang='grc' dir='ltr'>άπεάἰοοιένὶηι</span> <span class='ocrx_word' id='word_1_331' title='bbox 910 2396 1026 2451; x_wconf 68' lang='lat' dir='ltr'><strong>haec</strong></span> <span class='ocrx_word' id='word_1_332' title='bbox 1062 2388 1266 2460; x_wconf 82' lang='lat' dir='ltr'><strong>omnia,</strong></span> <span class='ocrx_word' id='word_1_333' title='bbox 1297 2396 1619 2451; x_wconf 88' lang='lat' dir='ltr'><strong>occumbent</strong></span> <span class='ocrx_word' id='word_1_334' title='bbox 1652 2396 1830 2466; x_wconf 88' lang='lat' dir='ltr'><strong>gladio</strong></span> <span class='ocrx_word' id='word_1_335' title='bbox 1860 2397 2026 2451; x_wconf 89' lang='lat' dir='ltr'><strong>inter-</strong></span> 
     </span>
    </p>
   </div>
   <div class='ocr_carea' id='block_1_47' title="bbox 459 2486 2025 2557">
    <p class='ocr_par' dir='ltr' id='par_1_47' title="bbox 459 2486 2025 2557">
     <span class='ocr_line' id='line_1_47' title="bbox 459 2486 2025 2557; baseline 0 -16"><span class='ocrx_word' id='word_1_336' title='bbox 459 2487 587 2542; x_wconf 79' lang='lat' dir='ltr'><strong>fecti</strong></span> <span class='ocrx_word' id='word_1_337' title='bbox 616 2503 647 2543; x_wconf 89' lang='lat' dir='ltr'><strong>a</strong></span> <span class='ocrx_word' id='word_1_338' title='bbox 675 2487 910 2543; x_wconf 87' lang='lat' dir='ltr'><strong>diabolo.</strong></span> <span class='ocrx_word' id='word_1_339' title='bbox 947 2486 1012 2541; x_wconf 85' lang='lat' dir='ltr'><strong>Et</strong></span> <span class='ocrx_word' id='word_1_340' title='bbox 1032 2486 1331 2557; x_wconf 89' lang='lat' dir='ltr'><strong>implebunt</strong></span> <span class='ocrx_word' id='word_1_341' title='bbox 1360 2486 1730 2542; x_wconf 87' lang='lat' dir='ltr'><strong>testimonium</strong></span> <span class='ocrx_word' id='word_1_342' title='bbox 1759 2502 1939 2551; x_wconf 89' lang='lat' dir='ltr'><strong>suum,</strong></span> <span class='ocrx_word' id='word_1_343' title='bbox 1967 2496 2025 2542; x_wconf 92' lang='lat' dir='ltr'><strong>ut</strong></span> 
     </span>
    </p>
   </div>
   <div class='ocr_carea' id='block_1_48' title="bbox 460 2578 2025 2649">
    <p class='ocr_par' dir='ltr' id='par_1_48' title="bbox 460 2578 2025 2649">
     <span class='ocr_line' id='line_1_48' title="bbox 460 2578 2025 2649; baseline 0 -16"><span class='ocrx_word' id='word_1_344' title='bbox 460 2578 639 2648; x_wconf 89' lang='lat' dir='ltr'><strong>inquit</strong></span> <span class='ocrx_word' id='word_1_345' title='bbox 683 2578 845 2634; x_wconf 87' lang='lat' dir='ltr'><strong>etiam</strong></span> <span class='ocrx_word' id='word_1_346' title='bbox 892 2578 1107 2634; x_wconf 89' lang='lat' dir='ltr'><strong>Daniel:</strong></span> <span class='ocrx_word' id='word_1_347' title='bbox 1151 2578 1243 2649; x_wconf 88' lang='lat' dir='ltr'><strong>qui</strong></span> <span class='ocrx_word' id='word_1_348' title='bbox 1281 2578 1528 2649; x_wconf 69' lang='lat' dir='ltr'><strong>praevidit</strong></span> <span class='ocrx_word' id='word_1_349' title='bbox 1566 2578 1791 2633; x_wconf 88' lang='lat' dir='ltr'><strong>bestiam</strong></span> <span class='ocrx_word' id='word_1_350' title='bbox 1835 2593 2025 2633; x_wconf 75' lang='lat' dir='ltr'><strong>ascen-</strong></span> 
     </span>
    </p>
   </div>
   <div class='ocr_carea' id='block_1_49' title="bbox 460 2670 2020 2744">
    <p class='ocr_par' dir='ltr' id='par_1_49' title="bbox 460 2670 2020 2744">
     <span class='ocr_line' id='line_1_49' title="bbox 460 2670 2020 2744; baseline 0 -20"><span class='ocrx_word' id='word_1_351' title='bbox 460 2670 675 2726; x_wconf 86' lang='lat' dir='ltr'><strong>dentem</strong></span> <span class='ocrx_word' id='word_1_352' title='bbox 703 2687 771 2726; x_wconf 80' lang='lat' dir='ltr'><strong>ex</strong></span> <span class='ocrx_word' id='word_1_353' title='bbox 796 2671 991 2744; x_wconf 85' lang='lat' dir='ltr'><strong>abysso</strong></span> <span class='ocrx_word' id='word_1_354' title='bbox 1024 2686 1147 2726; x_wconf 90' lang='lat' dir='ltr'><strong>cum</strong></span> <span class='ocrx_word' id='word_1_355' title='bbox 1176 2671 1256 2727; x_wconf 91' lang='lat' dir='ltr'><strong>eis</strong></span> <span class='ocrx_word' id='word_1_356' title='bbox 1282 2671 1478 2725; x_wconf 90' lang='lat' dir='ltr'><strong>bellum</strong></span> <span class='ocrx_word' id='word_1_357' title='bbox 1510 2677 1804 2741; x_wconf 83' lang='lat' dir='ltr'><strong>gesturam,</strong></span> <span class='ocrx_word' id='word_1_358' title='bbox 1837 2670 1889 2724; x_wconf 91' lang='lat' dir='ltr'><strong>id</strong></span> <span class='ocrx_word' id='word_1_359' title='bbox 1917 2677 2020 2735; x_wconf 85' lang='lat' dir='ltr'><strong>est,</strong></span> 
     </span>
    </p>
   </div>
   <div class='ocr_carea' id='block_1_50' title="bbox 460 2759 2027 2831">
    <p class='ocr_par' dir='ltr' id='par_1_50' title="bbox 460 2759 2027 2831">
     <span class='ocr_line' id='line_1_50' title="bbox 460 2759 2027 2831; baseline -0.003 -16"><span class='ocrx_word' id='word_1_360' title='bbox 460 2759 645 2818; x_wconf 87' lang='lat' dir='ltr'><strong>Enoch</strong></span> <span class='ocrx_word' id='word_1_361' title='bbox 665 2804 682 2829; x_wconf 92' lang='lat'><strong>,</strong></span> <span class='ocrx_word' id='word_1_362' title='bbox 716 2762 834 2818; x_wconf 90' lang='lat' dir='ltr'><strong>Elia</strong></span> <span class='ocrx_word' id='word_1_363' title='bbox 866 2772 919 2819; x_wconf 92' lang='lat' dir='ltr'><strong>et</strong></span> <span class='ocrx_word' id='word_1_364' title='bbox 943 2761 1150 2818; x_wconf 83' lang='lat' dir='ltr'><strong>Joanne</strong></span> <span class='ocrx_word' id='word_1_365' title='bbox 1168 2801 1183 2827; x_wconf 93' lang='lat'><strong>,</strong></span> <span class='ocrx_word' id='word_1_366' title='bbox 1212 2770 1266 2816; x_wconf 88' lang='lat' dir='ltr'><strong>et</strong></span> <span class='ocrx_word' id='word_1_367' title='bbox 1285 2770 1566 2831; x_wconf 88' lang='lat' dir='ltr'><strong>superatos</strong></span> <span class='ocrx_word' id='word_1_368' title='bbox 1591 2774 1686 2816; x_wconf 89' lang='lat' dir='ltr'><strong>eos</strong></span> <span class='ocrx_word' id='word_1_369' title='bbox 1719 2760 2027 2817; x_wconf 75' lang='lat' dir='ltr'><strong>interiectu.</strong></span> 
     </span>
    </p>
   </div>
   <div class='ocr_carea' id='block_1_51' title="bbox 460 2851 2025 2926">
    <p class='ocr_par' dir='ltr' id='par_1_51' title="bbox 460 2851 2025 2926">
     <span class='ocr_line' id='line_1_51' title="bbox 460 2851 2025 2926; baseline -0.002 -17"><span class='ocrx_word' id='word_1_370' title='bbox 460 2868 614 2921; x_wconf 88' lang='lat' dir='ltr'><strong>ram,</strong></span> <span class='ocrx_word' id='word_1_371' title='bbox 657 2865 938 2925; x_wconf 88' lang='lat' dir='ltr'><strong>pr0pterea</strong></span> <span class='ocrx_word' id='word_1_372' title='bbox 975 2854 1119 2926; x_wconf 90' lang='lat' dir='ltr'><strong>quod</strong></span> <span class='ocrx_word' id='word_1_373' title='bbox 1156 2853 1428 2910; x_wconf 89' lang='lat' dir='ltr'><strong>noluerint</strong></span> <span class='ocrx_word' id='word_1_374' title='bbox 1467 2852 1695 2922; x_wconf 81' lang='lat' dir='ltr'><strong>gloriam</strong></span> <span class='ocrx_word' id='word_1_375' title='bbox 1737 2851 1866 2908; x_wconf 87' lang='lat' dir='ltr'><strong>dare</strong></span> <span class='ocrx_word' id='word_1_376' title='bbox 1906 2852 2025 2907; x_wconf 84' lang='lat' dir='ltr'><strong>dia-</strong></span> 
     </span>
    </p>
   </div>
   <div class='ocr_carea' id='block_1_52' title="bbox 462 2943 2020 3017">
    <p class='ocr_par' dir='ltr' id='par_1_52' title="bbox 462 2943 2020 3017">
     <span class='ocr_line' id='line_1_52' title="bbox 462 2943 2020 3017; baseline 0 -16"><span class='ocrx_word' id='word_1_377' title='bbox 462 2943 607 3002; x_wconf 86' lang='lat' dir='ltr'><strong>bolo.</strong></span> <span class='ocrx_word' id='word_1_378' title='bbox 657 2948 803 3002; x_wconf 85' lang='lat' dir='ltr'><strong>Istud</strong></span> <span class='ocrx_word' id='word_1_379' title='bbox 843 2956 925 3003; x_wconf 90' lang='lat' dir='ltr'><strong>est</strong></span> <span class='ocrx_word' id='word_1_380' title='bbox 970 2947 1225 3017; x_wconf 83' lang='lat' dir='ltr'><strong>exiguum</strong></span> <span class='ocrx_word' id='word_1_381' title='bbox 1272 2957 1471 3010; x_wconf 90' lang='lat' dir='ltr'><strong>cornu,</strong></span> <span class='ocrx_word' id='word_1_382' title='bbox 1506 2945 1651 3015; x_wconf 89' lang='lat' dir='ltr'><strong>quod</strong></span> <span class='ocrx_word' id='word_1_383' title='bbox 1696 2944 2020 3015; x_wconf 88' lang='lat' dir='ltr'><strong>emergebat.</strong></span> 
     </span>
    </p>
   </div>
   <div class='ocr_carea' id='block_1_53' title="bbox 463 3034 2025 3106">
    <p class='ocr_par' dir='ltr' id='par_1_53' title="bbox 463 3034 2025 3106">
     <span class='ocr_line' id='line_1_53' title="bbox 463 3034 2025 3106; baseline 0 -15"><span class='ocrx_word' id='word_1_384' title='bbox 463 3036 600 3091; x_wconf 86' lang='lat' dir='ltr'><strong>Nam</strong></span> <span class='ocrx_word' id='word_1_385' title='bbox 629 3037 991 3093; x_wconf 82' lang='lat' dir='ltr'><strong>Antichristus</strong></span> <span class='ocrx_word' id='word_1_386' title='bbox 1021 3036 1195 3091; x_wconf 90' lang='lat' dir='ltr'><strong>elatus</strong></span> <span class='ocrx_word' id='word_1_387' title='bbox 1231 3036 1392 3092; x_wconf 89' lang='lat' dir='ltr'><strong>corde</strong></span> <span class='ocrx_word' id='word_1_388' title='bbox 1416 3043 1605 3106; x_wconf 89' lang='lat' dir='ltr'><strong>postea</strong></span> <span class='ocrx_word' id='word_1_389' title='bbox 1634 3034 1853 3106; x_wconf 89' lang='lat' dir='ltr'><strong>incipiet</strong></span> <span class='ocrx_word' id='word_1_390' title='bbox 1878 3036 2025 3091; x_wconf 77' lang='lat' dir='ltr'><strong>exal-</strong></span> 
     </span>
    </p>
   </div>
   <div class='ocr_carea' id='block_1_54' title="bbox 462 3127 2028 3199">
    <p class='ocr_par' dir='ltr' id='par_1_54' title="bbox 462 3127 2028 3199">
     <span class='ocr_line' id='line_1_54' title="bbox 462 3127 2028 3199; baseline 0.002 -18"><span class='ocrx_word' id='word_1_391' title='bbox 462 3136 579 3182; x_wconf 82' lang='lat' dir='ltr'><strong>tare</strong></span> <span class='ocrx_word' id='word_1_392' title='bbox 615 3127 847 3197; x_wconf 88' lang='lat' dir='ltr'><strong>seipsum</strong></span> <span class='ocrx_word' id='word_1_393' title='bbox 883 3136 937 3182; x_wconf 86' lang='lat' dir='ltr'><strong>et</strong></span> <span class='ocrx_word' id='word_1_394' title='bbox 978 3127 1276 3198; x_wconf 80' lang='lat' dir='ltr'><strong>gloriﬁcare</strong></span> <span class='ocrx_word' id='word_1_395' title='bbox 1303 3136 1558 3199; x_wconf 86' lang='lat' dir='ltr'><strong>tanquam</strong></span> <span class='ocrx_word' id='word_1_396' title='bbox 1600 3127 1767 3183; x_wconf 91' lang='lat' dir='ltr'><strong>Deum</strong></span> <span class='ocrx_word' id='word_1_397' title='bbox 1789 3169 1805 3195; x_wconf 91' lang='lat'><strong>,</strong></span> <span class='ocrx_word' id='word_1_398' title='bbox 1845 3143 2028 3198; x_wconf 86' lang='lat' dir='ltr'><strong>perse-</strong></span> 
     </span>
    </p>
   </div>
   <div class='ocr_carea' id='block_1_55' title="bbox 463 3224 2023 3294">
    <p class='ocr_par' dir='ltr' id='par_1_55' title="bbox 463 3224 2023 3294">
     <span class='ocr_line' id='line_1_55' title="bbox 463 3224 2023 3294; baseline 0 -13"><span class='ocrx_word' id='word_1_399' title='bbox 463 3226 682 3281; x_wconf 70' lang='lat' dir='ltr'><strong>cutione</strong></span> <span class='ocrx_word' id='word_1_400' title='bbox 737 3232 985 3289; x_wconf 86' lang='lat' dir='ltr'><strong>sanctos,</strong></span> <span class='ocrx_word' id='word_1_401' title='bbox 1033 3232 1088 3279; x_wconf 90' lang='lat' dir='ltr'><strong>et</strong></span> <span class='ocrx_word' id='word_1_402' title='bbox 1149 3224 1485 3294; x_wconf 89' lang='lat' dir='ltr'><strong>blasphemia</strong></span> <span class='ocrx_word' id='word_1_403' title='bbox 1530 3224 1805 3283; x_wconf 87' lang='lat' dir='ltr'><strong>Christum</strong></span> <span class='ocrx_word' id='word_1_404' title='bbox 1845 3224 2023 3281; x_wconf 86' lang='lat' dir='ltr'><strong>inces—</strong></span> 
     </span>
    </p>
   </div>
   <div class='ocr_carea' id='block_1_56' title="bbox 464 3330 610 3372">
    <p class='ocr_par' dir='ltr' id='par_1_56' title="bbox 464 3330 610 3372">
     <span class='ocr_line' id='line_1_56' title="bbox 464 3330 610 3372; baseline -0.014 0"><span class='ocrx_word' id='word_1_405' title='bbox 464 3330 610 3372; x_wconf 73' lang='lat' dir='ltr'><strong>SCHS.</strong></span> 
     </span>
    </p>
   </div>
   <div class='ocr_carea' id='block_1_57' title="bbox 2120 2388 3694 2462">
    <p class='ocr_par' dir='ltr' id='par_1_57' title="bbox 2120 2388 3694 2462">
     <span class='ocr_line' id='line_1_57' title="bbox 2120 2388 3694 2462; baseline -0.004 -13"><span class='ocrx_word' id='word_1_406' title='bbox 2120 2397 2265 2449; x_wconf 83' lang='grc' dir='ltr'>σιάν</span> <span class='ocrx_word' id='word_1_407' title='bbox 2312 2394 2546 2449; x_wconf 78' lang='grc' dir='ltr'>κλεῖσαι</span> <span class='ocrx_word' id='word_1_408' title='bbox 2591 2393 2699 2447; x_wconf 77' lang='grc' dir='ltr'><strong>τὸν</strong></span> <span class='ocrx_word' id='word_1_409' title='bbox 2732 2393 3023 2462; x_wconf 73' lang='grc' dir='ltr'>οὐρανὸν,</span> <span class='ocrx_word' id='word_1_410' title='bbox 3060 2393 3162 2446; x_wconf 79' lang='grc' dir='ltr'><strong>ἵνα</strong></span> <span class='ocrx_word' id='word_1_411' title='bbox 3185 2390 3271 2461; x_wconf 79' lang='grc' dir='ltr'>μὴ</span> <span class='ocrx_word' id='word_1_412' title='bbox 3303 2390 3486 2445; x_wconf 80' lang='grc' dir='ltr'>ὑετὸν</span> <span class='ocrx_word' id='word_1_413' title='bbox 3504 2388 3694 2457; x_wconf 71' lang='grc' dir='ltr'>,βρέξῃ</span> 
     </span>
    </p>
   </div>
   <div class='ocr_carea' id='block_1_58' title="bbox 2120 2477 3693 2557">
    <p class='ocr_par' dir='ltr' id='par_1_58' title="bbox 2120 2477 3693 2557">
     <span class='ocr_line' id='line_1_58' title="bbox 2120 2477 3693 2557; baseline -0.004 -19"><span class='ocrx_word' id='word_1_414' title='bbox 2120 2484 2218 2550; x_wconf 84' lang='grc' dir='ltr'><strong>τὰς</strong></span> <span class='ocrx_word' id='word_1_415' title='bbox 2252 2485 2463 2557; x_wconf 79' lang='grc' dir='ltr'>ἡμέρας</span> <span class='ocrx_word' id='word_1_416' title='bbox 2505 2484 2604 2554; x_wconf 83' lang='grc' dir='ltr'>τῆς</span> <span class='ocrx_word' id='word_1_417' title='bbox 2651 2483 2949 2554; x_wconf 87' lang='grc' dir='ltr'>παρουσίας</span> <span class='ocrx_word' id='word_1_418' title='bbox 2988 2480 3083 2535; x_wconf 80' lang='grc' dir='ltr'><strong>τοῦ</strong></span> <span class='ocrx_word' id='word_1_419' title='bbox 3142 2480 3549 2552; x_wconf 77' lang='grc' dir='ltr'>’Δντιχρίστου,</span> <span class='ocrx_word' id='word_1_420' title='bbox 3601 2477 3693 2532; x_wconf 73' lang='grc' dir='ltr'>καὶ</span> 
     </span>
    </p>
   </div>
   <div class='ocr_carea' id='block_1_59' title="bbox 2120 2569 3695 2644">
    <p class='ocr_par' dir='ltr' id='par_1_59' title="bbox 2120 2569 3695 2644">
     <span class='ocr_line' id='line_1_59' title="bbox 2120 2569 3695 2644; baseline -0.003 -14"><span class='ocrx_word' id='word_1_421' title='bbox 2120 2577 2193 2632; x_wconf 81' lang='grc' dir='ltr'>τὰ</span> <span class='ocrx_word' id='word_1_422' title='bbox 2234 2576 2420 2630; x_wconf 81' lang='grc' dir='ltr'>ὕδατα</span> <span class='ocrx_word' id='word_1_423' title='bbox 2449 2575 2704 2644; x_wconf 71' lang='grc' dir='ltr'>στρέψαι</span> <span class='ocrx_word' id='word_1_424' title='bbox 2728 2577 2815 2642; x_wconf 78' lang='grc' dir='ltr'><strong>είς</strong></span> <span class='ocrx_word' id='word_1_425' title='bbox 2838 2570 3000 2643; x_wconf 80' lang='grc' dir='ltr'>αἷμα,</span> <span class='ocrx_word' id='word_1_426' title='bbox 3034 2572 3135 2627; x_wconf 76' lang='grc' dir='ltr'>καὶ</span> <span class='ocrx_word' id='word_1_427' title='bbox 3163 2572 3422 2638; x_wconf 79' lang='grc' dir='ltr'>πατάξαι</span> <span class='ocrx_word' id='word_1_428' title='bbox 3450 2572 3569 2643; x_wconf 82' lang='grc'>(55)</span> <span class='ocrx_word' id='word_1_429' title='bbox 3588 2569 3695 2636; x_wconf 72' lang='grc' dir='ltr'><strong>τὴν</strong></span> 
     </span>
    </p>
   </div>
   <div class='ocr_carea' id='block_1_60' title="bbox 2122 2663 3691 2739">
    <p class='ocr_par' dir='ltr' id='par_1_60' title="bbox 2122 2663 3691 2739">
     <span class='ocr_line' id='line_1_60' title="bbox 2122 2663 3691 2739; baseline -0.003 -20"><span class='ocrx_word' id='word_1_430' title='bbox 2122 2666 2235 2739; x_wconf 75' lang='grc' dir='ltr'><strong>γῆν</strong></span> <span class='ocrx_word' id='word_1_431' title='bbox 2261 2667 2330 2721; x_wconf 81' lang='grc' dir='ltr'>ἐν</span> <span class='ocrx_word' id='word_1_432' title='bbox 2369 2664 2533 2734; x_wconf 80' lang='grc' dir='ltr'>πάσῃ</span> <span class='ocrx_word' id='word_1_433' title='bbox 2574 2665 2797 2737; x_wconf 67' lang='grc' dir='ltr'>πληγῇ,</span> <span class='ocrx_word' id='word_1_434' title='bbox 2838 2666 3050 2732; x_wconf 79' lang='grc' dir='ltr'>ὁσάκις</span> <span class='ocrx_word' id='word_1_435' title='bbox 3090 2666 3168 2719; x_wconf 78' lang='grc' dir='ltr'><strong>ἂν</strong></span> <span class='ocrx_word' id='word_1_436' title='bbox 3211 2665 3323 2736; x_wconf 72' lang='grc'>(54)</span> <span class='ocrx_word' id='word_1_437' title='bbox 3365 2663 3691 2729; x_wconf 83' lang='grc' dir='ltr'>θελήσωσι.</span> 
     </span>
    </p>
   </div>
   <div class='ocr_carea' id='block_1_61' title="bbox 2120 2753 3693 2831">
    <p class='ocr_par' dir='ltr' id='par_1_61' title="bbox 2120 2753 3693 2831">
     <span class='ocr_line' id='line_1_61' title="bbox 2120 2753 3693 2831; baseline -0.004 -17"><span class='ocrx_word' id='word_1_438' title='bbox 2120 2760 2233 2814; x_wconf 79' lang='grc' dir='ltr'><strong>Καὶ</strong></span> <span class='ocrx_word' id='word_1_439' title='bbox 2261 2761 2388 2813; x_wconf 83' lang='grc' dir='ltr'>ὅταν</span> <span class='ocrx_word' id='word_1_440' title='bbox 2420 2758 2695 2830; x_wconf 77' lang='grc' dir='ltr'>κηρύξωσι</span> <span class='ocrx_word' id='word_1_441' title='bbox 2726 2757 2897 2814; x_wconf 81' lang='grc' dir='ltr'>ταῦτα</span> <span class='ocrx_word' id='word_1_442' title='bbox 2929 2761 3124 2824; x_wconf 83' lang='grc' dir='ltr'>πάντα,</span> <span class='ocrx_word' id='word_1_443' title='bbox 3150 2758 3301 2831; x_wconf 84' lang='grc' dir='ltr'><strong>παρά</strong></span> <span class='ocrx_word' id='word_1_444' title='bbox 3324 2757 3419 2811; x_wconf 78' lang='grc' dir='ltr'><strong>τοῦ</strong></span> <span class='ocrx_word' id='word_1_445' title='bbox 3453 2753 3693 2811; x_wconf 76' lang='grc' dir='ltr'>διᾶϐὁλου</span> 
     </span>
    </p>
   </div>
   <div class='ocr_carea' id='block_1_62' title="bbox 2121 2849 3693 2926">
    <p class='ocr_par' dir='ltr' id='par_1_62' title="bbox 2121 2849 3693 2926">
     <span class='ocr_line' id='line_1_62' title="bbox 2121 2849 3693 2926; baseline -0.005 -18"><span class='ocrx_word' id='word_1_446' title='bbox 2121 2854 2179 2908; x_wconf 83' lang='grc' dir='ltr'>ὲν</span> <span class='ocrx_word' id='word_1_447' title='bbox 2218 2853 2457 2926; x_wconf 79' lang='grc' dir='ltr'>ῥομφαίᾳ</span> <span class='ocrx_word' id='word_1_448' title='bbox 2488 2854 2799 2909; x_wconf 81' lang='grc' dir='ltr'>πεσοῦνται.</span> <span class='ocrx_word' id='word_1_449' title='bbox 2828 2853 2940 2907; x_wconf 70' lang='grc' dir='ltr'><strong>Καὶ</strong></span> <span class='ocrx_word' id='word_1_450' title='bbox 2984 2851 3333 2924; x_wconf 80' lang='grc' dir='ltr'>πληρώσουσι</span> <span class='ocrx_word' id='word_1_451' title='bbox 3358 2849 3460 2921; x_wconf 81' lang='grc' dir='ltr'>τὴν</span> <span class='ocrx_word' id='word_1_452' title='bbox 3493 2866 3693 2921; x_wconf 84' lang='grc' dir='ltr'>μαρτυ-</span> 
     </span>
    </p>
   </div>
   <div class='ocr_carea' id='block_1_63' title="bbox 2126 2940 3690 3019">
    <p class='ocr_par' dir='ltr' id='par_1_63' title="bbox 2126 2940 3690 3019">
     <span class='ocr_line' id='line_1_63' title="bbox 2126 2940 3690 3019; baseline -0.003 -22"><span class='ocrx_word' id='word_1_453' title='bbox 2126 2945 2245 3019; x_wconf 90' lang='grc' dir='ltr'>ρίαν</span> <span class='ocrx_word' id='word_1_454' title='bbox 2289 2943 2487 3008; x_wconf 83' lang='grc' dir='ltr'>αὐτῶν,</span> <span class='ocrx_word' id='word_1_455' title='bbox 2539 2943 2722 3008; x_wconf 84' lang='grc' dir='ltr'>καθώς</span> <span class='ocrx_word' id='word_1_456' title='bbox 2770 2961 2904 3015; x_wconf 84' lang='grc' dir='ltr'>φησι</span> <span class='ocrx_word' id='word_1_457' title='bbox 2947 2944 3040 2997; x_wconf 75' lang='grc' dir='ltr'><strong>κα)¹</strong></span> <span class='ocrx_word' id='word_1_458' title='bbox 3090 2942 3248 2995; x_wconf 78' lang='grc' dir='ltr'>τοῦτο</span> <span class='ocrx_word' id='word_1_459' title='bbox 3300 2940 3503 3011; x_wconf 83' lang='grc' dir='ltr'>Δανιὴλ</span> <span class='ocrx_word' id='word_1_460' title='bbox 3550 2940 3690 3011; x_wconf 80' lang='grc'>(55).</span> 
     </span>
    </p>
   </div>
   <div class='ocr_carea' id='block_1_64' title="bbox 2123 3030 3695 3110">
    <p class='ocr_par' dir='ltr' id='par_1_64' title="bbox 2123 3030 3695 3110">
     <span class='ocr_line' id='line_1_64' title="bbox 2123 3030 3695 3110; baseline -0.007 -18"><span class='ocrx_word' id='word_1_461' title='bbox 2123 3035 2487 3110; x_wconf 88' lang='grc' dir='ltr'>προεωρακὼς</span> <span class='ocrx_word' id='word_1_462' title='bbox 2510 3036 2674 3090; x_wconf 83' lang='grc' dir='ltr'>ὅτιτὸ</span> <span class='ocrx_word' id='word_1_463' title='bbox 2700 3034 2887 3108; x_wconf 83' lang='grc' dir='ltr'>θηρίον</span> <span class='ocrx_word' id='word_1_464' title='bbox 2907 3034 2968 3088; x_wconf 81' lang='grc' dir='ltr'>τὸ</span> <span class='ocrx_word' id='word_1_465' title='bbox 2994 3032 3283 3087; x_wconf 86' lang='grc' dir='ltr'>ἀναϐαῖνον</span> <span class='ocrx_word' id='word_1_466' title='bbox 3310 3033 3375 3085; x_wconf 84' lang='grc' dir='ltr'>ὲκ</span> <span class='ocrx_word' id='word_1_467' title='bbox 3404 3031 3508 3101; x_wconf 81' lang='grc' dir='ltr'>τῆς</span> <span class='ocrx_word' id='word_1_468' title='bbox 3536 3030 3695 3084; x_wconf 80' lang='grc' dir='ltr'>ἀϐύσ-</span> 
     </span>
    </p>
   </div>
   <div class='ocr_carea' id='block_1_65' title="bbox 2125 3122 3690 3201">
    <p class='ocr_par' dir='ltr' id='par_1_65' title="bbox 2125 3122 3690 3201">
     <span class='ocr_line' id='line_1_65' title="bbox 2125 3122 3690 3201; baseline -0.006 -17"><span class='ocrx_word' id='word_1_469' title='bbox 2125 3148 2219 3185; x_wconf 87' lang='grc' dir='ltr'><strong>σου</strong></span> <span class='ocrx_word' id='word_1_470' title='bbox 2252 3130 2464 3201; x_wconf 73' lang='grc' dir='ltr'>ποιήσει</span> <span class='ocrx_word' id='word_1_471' title='bbox 2498 3129 2616 3199; x_wconf 86' lang='grc' dir='ltr'>μετ’</span> <span class='ocrx_word' id='word_1_472' title='bbox 2646 3127 2822 3181; x_wconf 80' lang='grc' dir='ltr'>αὐτῶν</span> <span class='ocrx_word' id='word_1_473' title='bbox 2843 3126 3098 3196; x_wconf 87' lang='grc' dir='ltr'>πόλεμον,</span> <span class='ocrx_word' id='word_1_474' title='bbox 3127 3125 3314 3195; x_wconf 72' lang='grc' dir='ltr'>ἠγουν,</span> <span class='ocrx_word' id='word_1_475' title='bbox 3343 3123 3483 3194; x_wconf 85' lang='grc' dir='ltr'><strong>μετά</strong></span> <span class='ocrx_word' id='word_1_476' title='bbox 3508 3122 3690 3192; x_wconf 78' lang='grc' dir='ltr'>Ἑνὼχ,</span> 
     </span>
    </p>
   </div>
   <div class='ocr_carea' id='block_1_66' title="bbox 2139 3215 3692 3289">
    <p class='ocr_par' dir='ltr' id='par_1_66' title="bbox 2139 3215 3692 3289">
     <span class='ocr_line' id='line_1_66' title="bbox 2139 3215 3692 3289; baseline -0.006 -14"><span class='ocrx_word' id='word_1_477' title='bbox 2139 3222 2317 3286; x_wconf 82' lang='grc' dir='ltr'>Ἠλία,</span> <span class='ocrx_word' id='word_1_478' title='bbox 2347 3221 2443 3277; x_wconf 76' lang='grc' dir='ltr'><strong>καὶ</strong></span> <span class='ocrx_word' id='word_1_479' title='bbox 2479 3221 2744 3285; x_wconf 86' lang='grc' dir='ltr'>Ἰωάννου,</span> <span class='ocrx_word' id='word_1_480' title='bbox 2786 3219 2881 3273; x_wconf 76' lang='grc' dir='ltr'>καὶ</span> <span class='ocrx_word' id='word_1_481' title='bbox 2923 3219 3134 3289; x_wconf 82' lang='grc' dir='ltr'>νικήσει</span> <span class='ocrx_word' id='word_1_482' title='bbox 3175 3217 3374 3279; x_wconf 76' lang='grc' dir='ltr'>αὐτοὺς</span> <span class='ocrx_word' id='word_1_483' title='bbox 3397 3255 3412 3278; x_wconf 93' lang='grc'><strong>,</strong></span> <span class='ocrx_word' id='word_1_484' title='bbox 3446 3215 3543 3268; x_wconf 70' lang='grc' dir='ltr'>καὶ</span> <span class='ocrx_word' id='word_1_485' title='bbox 3570 3216 3692 3267; x_wconf 73' lang='grc' dir='ltr'>ἀπο-</span> 
     </span>
    </p>
   </div>
   <div class='ocr_carea' id='block_1_67' title="bbox 2127 3307 3692 3388">
    <p class='ocr_par' dir='ltr' id='par_1_67' title="bbox 2127 3307 3692 3388">
     <span class='ocr_line' id='line_1_67' title="bbox 2127 3307 3692 3388; baseline -0.005 -21"><span class='ocrx_word' id='word_1_486' title='bbox 2127 3314 2306 3369; x_wconf 82' lang='grc' dir='ltr'>κτενεῖ</span> <span class='ocrx_word' id='word_1_487' title='bbox 2327 3315 2544 3378; x_wconf 82' lang='grc' dir='ltr'>αὑτοὺς,</span> <span class='ocrx_word' id='word_1_488' title='bbox 2574 3312 2660 3367; x_wconf 87' lang='grc' dir='ltr'><strong>διά</strong></span> <span class='ocrx_word' id='word_1_489' title='bbox 2695 3312 2756 3365; x_wconf 74' lang='grc' dir='ltr'><strong>τὸ</strong></span> <span class='ocrx_word' id='word_1_490' title='bbox 2790 3312 2864 3388; x_wconf 84' lang='grc' dir='ltr'>μὴ</span> <span class='ocrx_word' id='word_1_491' title='bbox 2896 3311 3067 3364; x_wconf 78' lang='grc' dir='ltr'>θέλειν</span> <span class='ocrx_word' id='word_1_492' title='bbox 3099 3310 3293 3372; x_wconf 80' lang='grc' dir='ltr'>αὐτοὺς</span> <span class='ocrx_word' id='word_1_493' title='bbox 3331 3307 3491 3373; x_wconf 77' lang='grc' dir='ltr'>δόξαν</span> <span class='ocrx_word' id='word_1_494' title='bbox 3517 3307 3692 3361; x_wconf 79' lang='grc' dir='ltr'>δοῦναι</span> 
     </span>
    </p>
   </div>
   <div class='ocr_carea' id='block_1_68' title="bbox 463 3404 3689 3483">
    <p class='ocr_par' dir='ltr' id='par_1_68' title="bbox 463 3404 3689 3483">
     <span class='ocr_line' id='line_1_68' title="bbox 463 3404 3689 3483; baseline -0.002 -20"><span class='ocrx_word' id='word_1_495' title='bbox 463 3408 541 3479; x_wconf 84' lang='grc' dir='ltr'>τῷ</span> <span class='ocrx_word' id='word_1_496' title='bbox 569 3407 817 3479; x_wconf 84' lang='grc' dir='ltr'>διαϐόλῳ·</span> <span class='ocrx_word' id='word_1_497' title='bbox 846 3407 987 3461; x_wconf 79' lang='grc' dir='ltr'>τοῦτ’</span> <span class='ocrx_word' id='word_1_498' title='bbox 1015 3408 1149 3472; x_wconf 75' lang='grc' dir='ltr'>ἐστι,</span> <span class='ocrx_word' id='word_1_499' title='bbox 1179 3409 1238 3463; x_wconf 84' lang='grc' dir='ltr'>τὸ</span> <span class='ocrx_word' id='word_1_500' title='bbox 1263 3410 1530 3480; x_wconf 78' lang='grc' dir='ltr'>ἀναφανὲν</span> <span class='ocrx_word' id='word_1_501' title='bbox 1554 3409 1664 3483; x_wconf 94' lang='grc'>(56)</span> <span class='ocrx_word' id='word_1_502' title='bbox 1698 3409 1891 3482; x_wconf 79' lang='grc' dir='ltr'>μικρὸν</span> <span class='ocrx_word' id='word_1_503' title='bbox 1918 3406 2101 3481; x_wconf 82' lang='grc' dir='ltr'>κέρας.</span> <span class='ocrx_word' id='word_1_504' title='bbox 2132 3408 2226 3473; x_wconf 84' lang='grc' dir='ltr'><strong>’⁸ος</strong></span> <span class='ocrx_word' id='word_1_505' title='bbox 2248 3408 2505 3481; x_wconf 77' lang='grc' dir='ltr'>ἐπαρθεὶς</span> <span class='ocrx_word' id='word_1_506' title='bbox 2523 3410 2587 3480; x_wconf 77' lang='grc' dir='ltr'>τῇ</span> <span class='ocrx_word' id='word_1_507' title='bbox 2617 3408 2834 3481; x_wconf 71' lang='grc' dir='ltr'>καρδίᾳ,</span> <span class='ocrx_word' id='word_1_508' title='bbox 2858 3406 3041 3463; x_wconf 84' lang='grc' dir='ltr'>λοιπὸν</span> <span class='ocrx_word' id='word_1_509' title='bbox 3059 3407 3280 3478; x_wconf 80' lang='grc' dir='ltr'>ἄρχεται</span> <span class='ocrx_word' id='word_1_510' title='bbox 3309 3404 3503 3458; x_wconf 81' lang='grc' dir='ltr'>ἑαυτὸν</span> <span class='ocrx_word' id='word_1_511' title='bbox 3532 3404 3689 3474; x_wconf 72' lang='grc' dir='ltr'>ὑψοῦν</span> 
     </span>
    </p>
   </div>
   <div class='ocr_carea' id='block_1_69' title="bbox 464 3496 2728 3571">
    <p class='ocr_par' dir='ltr' id='par_1_69' title="bbox 464 3496 2728 3571">
     <span class='ocr_line' id='line_1_69' title="bbox 464 3496 2728 3571; baseline -0.003 -14"><span class='ocrx_word' id='word_1_512' title='bbox 464 3505 559 3557; x_wconf 74' lang='grc' dir='ltr'>καὶ</span> <span class='ocrx_word' id='word_1_513' title='bbox 584 3500 822 3566; x_wconf 80' lang='grc' dir='ltr'>δοξάζειν</span> <span class='ocrx_word' id='word_1_514' title='bbox 850 3500 923 3564; x_wconf 86' lang='grc' dir='ltr'>ὠς</span> <span class='ocrx_word' id='word_1_515' title='bbox 950 3499 1100 3566; x_wconf 83' lang='grc' dir='ltr'>Θεὸν,</span> <span class='ocrx_word' id='word_1_516' title='bbox 1131 3499 1338 3554; x_wconf 82' lang='grc' dir='ltr'>διώκων</span> <span class='ocrx_word' id='word_1_517' title='bbox 1358 3502 1484 3565; x_wconf 81' lang='grc' dir='ltr'>τοὺς</span> <span class='ocrx_word' id='word_1_518' title='bbox 1511 3500 1715 3571; x_wconf 85' lang='grc' dir='ltr'>ἁγίους,</span> <span class='ocrx_word' id='word_1_519' title='bbox 1739 3499 1832 3554; x_wconf 75' lang='grc' dir='ltr'>καὶ</span> <span class='ocrx_word' id='word_1_520' title='bbox 1861 3497 2192 3570; x_wconf 83' lang='grc' dir='ltr'>βλασφημῶν</span> <span class='ocrx_word' id='word_1_521' title='bbox 2217 3499 2307 3553; x_wconf 83' lang='grc' dir='ltr'>τὸν</span> <span class='ocrx_word' id='word_1_522' title='bbox 2342 3498 2571 3568; x_wconf 81' lang='grc' dir='ltr'>Χριστόν</span> <span class='ocrx_word' id='word_1_523' title='bbox 2596 3496 2728 3568; x_wconf 90' lang='grc'>(57).</span> 
     </span>
    </p>
   </div>
   <div class='ocr_carea' id='block_1_70' title="bbox 537 3594 2025 3666">
    <p class='ocr_par' dir='ltr' id='par_1_70' title="bbox 537 3594 2025 3666">
     <span class='ocr_line' id='line_1_70' title="bbox 537 3594 2025 3666; baseline -0.002 -16"><span class='ocrx_word' id='word_1_524' title='bbox 537 3595 699 3650; x_wconf 76' lang='lat' dir='ltr'><strong>XXII.</strong></span> <span class='ocrx_word' id='word_1_525' title='bbox 727 3596 927 3651; x_wconf 84' lang='lat' dir='ltr'><strong>Verum</strong></span> <span class='ocrx_word' id='word_1_526' title='bbox 974 3596 1100 3666; x_wconf 89' lang='lat' dir='ltr'><strong>quia</strong></span> <span class='ocrx_word' id='word_1_527' title='bbox 1134 3596 1465 3652; x_wconf 82' lang='lat' dir='ltr'><strong>narrationis</strong></span> <span class='ocrx_word' id='word_1_528' title='bbox 1515 3595 1682 3652; x_wconf 87' lang='lat' dir='ltr'><strong>series</strong></span> <span class='ocrx_word' id='word_1_529' title='bbox 1718 3594 2025 3651; x_wconf 86' lang='lat' dir='ltr'><strong>necessario</strong></span> 
     </span>
    </p>
   </div>
   <div class='ocr_carea' id='block_1_71' title="bbox 466 3686 2025 3760">
    <p class='ocr_par' dir='ltr' id='par_1_71' title="bbox 466 3686 2025 3760">
     <span class='ocr_line' id='line_1_71' title="bbox 466 3686 2025 3760; baseline -0.001 -18"><span class='ocrx_word' id='word_1_530' title='bbox 466 3703 568 3743; x_wconf 89' lang='lat' dir='ltr'><strong>nos</strong></span> <span class='ocrx_word' id='word_1_531' title='bbox 596 3687 817 3744; x_wconf 81' lang='lat' dir='ltr'><strong>deduxit</strong></span> <span class='ocrx_word' id='word_1_532' title='bbox 851 3688 917 3743; x_wconf 90' lang='lat' dir='ltr'><strong>ad</strong></span> <span class='ocrx_word' id='word_1_533' title='bbox 951 3687 1068 3743; x_wconf 89' lang='lat' dir='ltr'><strong>dies</strong></span> <span class='ocrx_word' id='word_1_534' title='bbox 1102 3689 1254 3760; x_wconf 83' lang='lat' dir='ltr'><strong>regni</strong></span> <span class='ocrx_word' id='word_1_535' title='bbox 1298 3689 1595 3744; x_wconf 85' lang='lat' dir='ltr'><strong>adversarii</strong></span> <span class='ocrx_word' id='word_1_536' title='bbox 1636 3688 1817 3754; x_wconf 86' lang='lat' dir='ltr'><strong>illius,</strong></span> <span class='ocrx_word' id='word_1_537' title='bbox 1850 3686 2025 3758; x_wconf 87' lang='lat' dir='ltr'><strong>primo</strong></span> 
     </span>
    </p>
   </div>
   <div class='ocr_carea' id='block_1_72' title="bbox 465 3781 2023 3854">
    <p class='ocr_par' dir='ltr' id='par_1_72' title="bbox 465 3781 2023 3854">
     <span class='ocr_line' id='line_1_72' title="bbox 465 3781 2023 3854; baseline -0.001 -19"><span class='ocrx_word' id='word_1_538' title='bbox 465 3781 718 3837; x_wconf 89' lang='lat' dir='ltr'><strong>nativitas</strong></span> <span class='ocrx_word' id='word_1_539' title='bbox 759 3781 876 3852; x_wconf 88' lang='lat' dir='ltr'><strong>ejus</strong></span> <span class='ocrx_word' id='word_1_540' title='bbox 907 3789 990 3837; x_wconf 87' lang='lat' dir='ltr'><strong>est</strong></span> <span class='ocrx_word' id='word_1_541' title='bbox 1029 3781 1342 3852; x_wconf 78' lang='lat' dir='ltr'><strong>exponenda</strong></span> <span class='ocrx_word' id='word_1_542' title='bbox 1386 3790 1549 3854; x_wconf 89' lang='lat' dir='ltr'><strong>atque</strong></span> <span class='ocrx_word' id='word_1_543' title='bbox 1599 3781 2023 3847; x_wconf 89' lang='lat' dir='ltr'><strong>incrementum;</strong></span> 
     </span>
    </p>
   </div>
   <div class='ocr_carea' id='block_1_73' title="bbox 466 3871 2027 3940">
    <p class='ocr_par' dir='ltr' id='par_1_73' title="bbox 466 3871 2027 3940">
     <span class='ocr_line' id='line_1_73' title="bbox 466 3871 2027 3940; baseline -0.001 -14"><span class='ocrx_word' id='word_1_544' title='bbox 466 3880 581 3927; x_wconf 91' lang='lat' dir='ltr'><strong>tum</strong></span> <span class='ocrx_word' id='word_1_545' title='bbox 622 3887 830 3940; x_wconf 82' lang='lat' dir='ltr'><strong>sermo,</strong></span> <span class='ocrx_word' id='word_1_546' title='bbox 856 3881 915 3928; x_wconf 94' lang='lat' dir='ltr'><strong>ut</strong></span> <span class='ocrx_word' id='word_1_547' title='bbox 952 3881 1108 3928; x_wconf 85' lang='lat' dir='ltr'><strong>antea</strong></span> <span class='ocrx_word' id='word_1_548' title='bbox 1152 3872 1412 3938; x_wconf 78' lang='lat' dir='ltr'><strong>diximus,</strong></span> <span class='ocrx_word' id='word_1_549' title='bbox 1455 3872 1801 3929; x_wconf 87' lang='lat' dir='ltr'><strong>deducendus</strong></span> <span class='ocrx_word' id='word_1_550' title='bbox 1830 3871 1897 3926; x_wconf 89' lang='lat' dir='ltr'><strong>ad</strong></span> <span class='ocrx_word' id='word_1_551' title='bbox 1929 3886 2027 3926; x_wconf 51' lang='lat' dir='ltr'><strong>ex.</strong></span> 
     </span>
    </p>
   </div>
   <div class='ocr_carea' id='block_1_74' title="bbox 465 3959 2023 4033">
    <p class='ocr_par' dir='ltr' id='par_1_74' title="bbox 465 3959 2023 4033">
     <span class='ocr_line' id='line_1_74' title="bbox 465 3959 2023 4033; baseline 0.002 -20"><span class='ocrx_word' id='word_1_552' title='bbox 465 3961 771 4031; x_wconf 85' lang='lat' dir='ltr'><strong>plicandum</strong></span> <span class='ocrx_word' id='word_1_553' title='bbox 805 3977 914 4031; x_wconf 89' lang='lat' dir='ltr'><strong>quo</strong></span> <span class='ocrx_word' id='word_1_554' title='bbox 964 3973 1120 4033; x_wconf 88' lang='lat' dir='ltr'><strong>pacto</strong></span> <span class='ocrx_word' id='word_1_555' title='bbox 1160 3977 1255 4032; x_wconf 90' lang='lat' dir='ltr'><strong>per</strong></span> <span class='ocrx_word' id='word_1_556' title='bbox 1288 3962 1468 4016; x_wconf 87' lang='lat' dir='ltr'><strong>omnia</strong></span> <span class='ocrx_word' id='word_1_557' title='bbox 1517 3962 1766 4018; x_wconf 89' lang='lat' dir='ltr'><strong>diabolus</strong></span> <span class='ocrx_word' id='word_1_558' title='bbox 1796 3968 1851 4014; x_wconf 84' lang='lat' dir='ltr'><strong>et</strong></span> <span class='ocrx_word' id='word_1_559' title='bbox 1879 3959 2023 4016; x_wconf 76' lang='lat' dir='ltr'><strong>[ilius</strong></span> 
     </span>
    </p>
   </div>
   <div class='ocr_carea' id='block_1_75' title="bbox 467 4050 2023 4122">
    <p class='ocr_par' dir='ltr' id='par_1_75' title="bbox 467 4050 2023 4122">
     <span class='ocr_line' id='line_1_75' title="bbox 467 4050 2023 4122; baseline 0.001 -16"><span class='ocrx_word' id='word_1_560' title='bbox 467 4051 767 4121; x_wconf 87' lang='lat' dir='ltr'><strong>iniquitatis</strong></span> <span class='ocrx_word' id='word_1_561' title='bbox 791 4052 861 4107; x_wconf 92' lang='lat' dir='ltr'><strong>sit</strong></span> <span class='ocrx_word' id='word_1_562' title='bbox 893 4050 1158 4107; x_wconf 89' lang='lat' dir='ltr'><strong>Salvatori</strong></span> <span class='ocrx_word' id='word_1_563' title='bbox 1192 4060 1379 4107; x_wconf 91' lang='lat' dir='ltr'><strong>nostro</strong></span> <span class='ocrx_word' id='word_1_564' title='bbox 1405 4067 1464 4107; x_wconf 88' lang='lat' dir='ltr'><strong>se</strong></span> <span class='ocrx_word' id='word_1_565' title='bbox 1500 4062 1900 4122; x_wconf 65' lang='lat' dir='ltr'><strong>exaequaturus.</strong></span> <span class='ocrx_word' id='word_1_566' title='bbox 1931 4050 2023 4107; x_wconf 87' lang='lat' dir='ltr'><strong>Sic</strong></span> 
     </span>
    </p>
   </div>
   <div class='ocr_carea' id='block_1_76' title="bbox 466 4142 2023 4199">
    <p class='ocr_par' dir='ltr' id='par_1_76' title="bbox 466 4142 2023 4199">
     <span class='ocr_line' id='line_1_76' title="bbox 466 4142 2023 4199; baseline 0.001 -2"><span class='ocrx_word' id='word_1_567' title='bbox 466 4143 611 4197; x_wconf 89' lang='lat' dir='ltr'><strong>enim</strong></span> <span class='ocrx_word' id='word_1_568' title='bbox 638 4159 737 4198; x_wconf 92' lang='lat' dir='ltr'><strong>nos</strong></span> <span class='ocrx_word' id='word_1_569' title='bbox 770 4142 928 4198; x_wconf 87' lang='lat' dir='ltr'><strong>docet</strong></span> <span class='ocrx_word' id='word_1_570' title='bbox 959 4143 1369 4199; x_wconf 88' lang='lat' dir='ltr'><strong>demonstratio.</strong></span> <span class='ocrx_word' id='word_1_571' title='bbox 1392 4144 1529 4199; x_wconf 86' lang='lat' dir='ltr'><strong>Cum</strong></span> <span class='ocrx_word' id='word_1_572' title='bbox 1564 4142 1811 4199; x_wconf 83' lang='lat' dir='ltr'><strong>Salvator</strong></span> <span class='ocrx_word' id='word_1_573' title='bbox 1835 4142 2023 4198; x_wconf 91' lang='lat' dir='ltr'><strong>mundi</strong></span> 
     </span>
    </p>
   </div>
   <div class='ocr_carea' id='block_1_77' title="bbox 469 4234 2022 4305">
    <p class='ocr_par' dir='ltr' id='par_1_77' title="bbox 469 4234 2022 4305">
     <span class='ocr_line' id='line_1_77' title="bbox 469 4234 2022 4305; baseline 0.001 -17"><span class='ocrx_word' id='word_1_574' title='bbox 469 4250 637 4305; x_wconf 87' lang='lat' dir='ltr'><strong>genus</strong></span> <span class='ocrx_word' id='word_1_575' title='bbox 664 4234 962 4289; x_wconf 89' lang='lat' dir='ltr'><strong>humanum</strong></span> <span class='ocrx_word' id='word_1_576' title='bbox 1009 4236 1217 4292; x_wconf 88' lang='lat' dir='ltr'><strong>salvare</strong></span> <span class='ocrx_word' id='word_1_577' title='bbox 1261 4236 1605 4304; x_wconf 85' lang='lat' dir='ltr'><strong>decrevisset,</strong></span> <span class='ocrx_word' id='word_1_578' title='bbox 1639 4251 1707 4292; x_wconf 82' lang='lat' dir='ltr'><strong>ex</strong></span> <span class='ocrx_word' id='word_1_579' title='bbox 1752 4236 2022 4291; x_wconf 87' lang='lat' dir='ltr'><strong>immacu-</strong></span> 
     </span>
    </p>
   </div>
   <div class='ocr_carea' id='block_1_78' title="bbox 468 4325 2021 4400">
    <p class='ocr_par' dir='ltr' id='par_1_78' title="bbox 468 4325 2021 4400">
     <span class='ocr_line' id='line_1_78' title="bbox 468 4325 2021 4400; baseline 0.004 -21"><span class='ocrx_word' id='word_1_580' title='bbox 468 4326 577 4381; x_wconf 88' lang='lat' dir='ltr'><strong>lata</strong></span> <span class='ocrx_word' id='word_1_581' title='bbox 610 4326 811 4399; x_wconf 85' lang='lat' dir='ltr'><strong>virgine</strong></span> <span class='ocrx_word' id='word_1_582' title='bbox 846 4325 1013 4381; x_wconf 87' lang='lat' dir='ltr'><strong>Maria</strong></span> <span class='ocrx_word' id='word_1_583' title='bbox 1051 4339 1212 4384; x_wconf 90' lang='lat' dir='ltr'><strong>natus</strong></span> <span class='ocrx_word' id='word_1_584' title='bbox 1263 4337 1366 4397; x_wconf 91' lang='lat' dir='ltr'><strong>est,</strong></span> <span class='ocrx_word' id='word_1_585' title='bbox 1410 4337 1465 4385; x_wconf 88' lang='lat' dir='ltr'><strong>et</strong></span> <span class='ocrx_word' id='word_1_586' title='bbox 1518 4330 1574 4384; x_wconf 91' lang='lat' dir='ltr'><strong>in</strong></span> <span class='ocrx_word' id='word_1_587' title='bbox 1621 4329 1792 4400; x_wconf 80' lang='lat' dir='ltr'><strong>ﬁgura</strong></span> <span class='ocrx_word' id='word_1_588' title='bbox 1840 4329 2021 4385; x_wconf 88' lang='lat' dir='ltr'><strong>carnis</strong></span> 
     </span>
    </p>
   </div>
   <div class='ocr_carea' id='block_1_79' title="bbox 536 4461 1971 4533">
    <p class='ocr_par' dir='ltr' id='par_1_79' title="bbox 536 4461 1971 4533">
     <span class='ocr_line' id='line_1_79' title="bbox 536 4461 1971 4533; baseline 0 -15"><span class='ocrx_word' id='word_1_589' title='bbox 536 4464 585 4497; x_wconf 75' lang='lat'><strong>“</strong></span> <span class='ocrx_word' id='word_1_590' title='bbox 608 4463 744 4519; x_wconf 90' lang='lat' dir='ltr'><strong>Dan.</strong></span> <span class='ocrx_word' id='word_1_591' title='bbox 773 4477 849 4531; x_wconf 78' lang='lat' dir='ltr'><strong>Ix,</strong></span> <span class='ocrx_word' id='word_1_592' title='bbox 874 4461 963 4516; x_wconf 77' lang='lat'><strong>27.</strong></span> <span class='ocrx_word' id='word_1_593' title='bbox 1039 4462 1083 4495; x_wconf 77' lang='lat'><strong>&quot;</strong></span> <span class='ocrx_word' id='word_1_594' title='bbox 1107 4461 1276 4533; x_wconf 87' lang='lat' dir='ltr'><strong>Apoc.</strong></span> <span class='ocrx_word' id='word_1_595' title='bbox 1308 4479 1363 4517; x_wconf 69' lang='grc' dir='ltr'>ιι</span> <span class='ocrx_word' id='word_1_596' title='bbox 1386 4501 1403 4529; x_wconf 89' lang='grc'><strong>,</strong></span> <span class='ocrx_word' id='word_1_597' title='bbox 1429 4464 1484 4519; x_wconf 81' lang='lat'><strong>3.</strong></span> <span class='ocrx_word' id='word_1_598' title='bbox 1558 4464 1602 4496; x_wconf 81' lang='grc'>⁸⁸</span> <span class='ocrx_word' id='word_1_599' title='bbox 1621 4462 1753 4520; x_wconf 88' lang='lat' dir='ltr'><strong>Ibid.</strong></span> <span class='ocrx_word' id='word_1_600' title='bbox 1785 4466 1840 4531; x_wconf 84' lang='lat'><strong>5,</strong></span> <span class='ocrx_word' id='word_1_601' title='bbox 1872 4463 1924 4519; x_wconf 84' lang='lat'><strong>6.</strong></span> <span class='ocrx_word' id='word_1_602' title='bbox 1964 4504 1971 4511; x_wconf 87' lang='lat'><strong>.</strong></span> 
     </span>
    </p>
   </div>
   <div class='ocr_carea' id='block_1_80' title="bbox 469 4572 2103 4655">
    <p class='ocr_par' dir='ltr' id='par_1_80' title="bbox 469 4572 2103 4655">
     <span class='ocr_line' id='line_1_80' title="bbox 469 4572 2103 4655; baseline 0.003 -24"><span class='ocrx_word' id='word_1_603' title='bbox 469 4580 681 4655; x_wconf 52' lang='lat' dir='ltr'><strong>cetratis,</strong></span> <span class='ocrx_word' id='word_1_604' title='bbox 715 4594 768 4655; x_wconf 64' lang='lat' dir='ltr'><strong>p.</strong></span> <span class='ocrx_word' id='word_1_605' title='bbox 819 4579 883 4655; x_wconf 66' lang='lat' dir='ltr'><strong>2i</strong></span> <span class='ocrx_word' id='word_1_606' title='bbox 904 4618 918 4640; x_wconf 92' lang='lat'><strong>,</strong></span> <span class='ocrx_word' id='word_1_607' title='bbox 957 4579 1045 4655; x_wconf 74' lang='lat' dir='ltr'><strong>de</strong></span> <span class='ocrx_word' id='word_1_608' title='bbox 1068 4578 1324 4655; x_wconf 82' lang='lat' dir='ltr'><strong>Enocho:</strong></span> <span class='ocrx_word' id='word_1_609' title='bbox 1351 4572 1520 4655; x_wconf 67' lang='grc' dir='ltr'>Οὖτρς</span> <span class='ocrx_word' id='word_1_610' title='bbox 1548 4581 1691 4655; x_wconf 72' lang='grc' dir='ltr'>ἐστιν</span> <span class='ocrx_word' id='word_1_611' title='bbox 1719 4582 1748 4633; x_wconf 90' lang='grc' dir='ltr'><strong>ὀ</strong></span> <span class='ocrx_word' id='word_1_612' title='bbox 1797 4581 1917 4655; x_wconf 14' lang='grc' dir='ltr'>ἅμα,</span> <span class='ocrx_word' id='word_1_613' title='bbox 1950 4582 2027 4655; x_wconf 84' lang='grc' dir='ltr'><strong>τῷ</strong></span> <span class='ocrx_word' id='word_1_614' title='bbox 2057 4587 2103 4645; x_wconf 84' lang='grc' dir='ltr'>Ι)</span> 
     </span>
    </p>
   </div>
   <div class='ocr_carea' id='block_1_81' title="bbox 482 4650 2025 4723">
    <p class='ocr_par' dir='ltr' id='par_1_81' title="bbox 482 4650 2025 4723">
     <span class='ocr_line' id='line_1_81' title="bbox 482 4650 2025 4723; baseline 0.003 -20"><span class='ocrx_word' id='word_1_615' title='bbox 482 4650 636 4723; x_wconf 74' lang='grc' dir='ltr'>Ἠλίᾳ</span> <span class='ocrx_word' id='word_1_616' title='bbox 660 4651 716 4702; x_wconf 83' lang='grc' dir='ltr'>ὲν</span> <span class='ocrx_word' id='word_1_617' title='bbox 749 4650 1000 4723; x_wconf 73' lang='grc' dir='ltr'>ἐσχάταις</span> <span class='ocrx_word' id='word_1_618' title='bbox 1022 4650 1252 4723; x_wconf 80' lang='grc' dir='ltr'>ἡμέραις</span> <span class='ocrx_word' id='word_1_619' title='bbox 1269 4650 1781 4723; x_wconf 78' lang='grc' dir='ltr'>ἀντικαθιστάμενος</span> <span class='ocrx_word' id='word_1_620' title='bbox 1800 4650 1878 4723; x_wconf 79' lang='grc' dir='ltr'><strong>τῷ</strong></span> <span class='ocrx_word' id='word_1_621' title='bbox 1907 4650 2025 4707; x_wconf 63' lang='grc' dir='ltr'><strong>Ἀνξ-</strong></span> 
     </span>
    </p>
   </div>
   <div class='ocr_carea' id='block_1_82' title="bbox 466 4719 2024 4794">
    <p class='ocr_par' dir='ltr' id='par_1_82' title="bbox 466 4719 2024 4794">
     <span class='ocr_line' id='line_1_82' title="bbox 466 4719 2024 4794; baseline 0.002 -20"><span class='ocrx_word' id='word_1_622' title='bbox 466 4720 756 4794; x_wconf 62' lang='grc' dir='ltr'>τιχρίστῳ,</span> <span class='ocrx_word' id='word_1_623' title='bbox 790 4720 884 4794; x_wconf 74' lang='grc' dir='ltr'><strong>καὶ</strong></span> <span class='ocrx_word' id='word_1_624' title='bbox 906 4719 1142 4794; x_wconf 67' lang='grc' dir='ltr'>ἐλέγχων</span> <span class='ocrx_word' id='word_1_625' title='bbox 1175 4721 1271 4792; x_wconf 81' lang='grc' dir='ltr'>τὴν</span> <span class='ocrx_word' id='word_1_626' title='bbox 1302 4721 1514 4794; x_wconf 73' lang='grc' dir='ltr'>πλάνην</span> <span class='ocrx_word' id='word_1_627' title='bbox 1550 4719 1715 4794; x_wconf 66' lang='grc' dir='ltr'>αὐλεοῇ</span> <span class='ocrx_word' id='word_1_628' title='bbox 1755 4719 1894 4776; x_wconf 79' lang='grc' dir='ltr'><strong>κατά</strong></span> <span class='ocrx_word' id='word_1_629' title='bbox 1925 4725 2024 4794; x_wconf 76' lang='grc' dir='ltr'>τὴν</span> 
     </span>
    </p>
   </div>
   <div class='ocr_carea' id='block_1_83' title="bbox 468 4788 2026 4862">
    <p class='ocr_par' dir='ltr' id='par_1_83' title="bbox 468 4788 2026 4862">
     <span class='ocr_line' id='line_1_83' title="bbox 468 4788 2026 4862; baseline 0.003 -21"><span class='ocrx_word' id='word_1_630' title='bbox 468 4788 920 4862; x_wconf 23' lang='grc' dir='ltr'>τῆςμἘκκλησίας</span> <span class='ocrx_word' id='word_1_631' title='bbox 939 4788 1444 4862; x_wconf 40' lang='grc' dir='ltr'>παράδοσινηῐᾴθῐη</span> <span class='ocrx_word' id='word_1_632' title='bbox 1470 4788 1643 4862; x_wconf 70' lang='grc' dir='ltr'><strong>’ὴθῦθι</strong></span> <span class='ocrx_word' id='word_1_633' title='bbox 1679 4791 1903 4847; x_wconf 88' lang='lat' dir='ltr'><strong>Cosmas</strong></span> <span class='ocrx_word' id='word_1_634' title='bbox 1937 4788 2026 4846; x_wconf 76' lang='lat' dir='ltr'><strong>lli-</strong></span> 
     </span>
    </p>
   </div>
   <div class='ocr_carea' id='block_1_84' title="bbox 469 4857 2022 4931">
    <p class='ocr_par' dir='ltr' id='par_1_84' title="bbox 469 4857 2022 4931">
     <span class='ocr_line' id='line_1_84' title="bbox 469 4857 2022 4931; baseline 0.003 -16"><span class='ocrx_word' id='word_1_635' title='bbox 469 4857 858 4931; x_wconf 48' lang='lat' dir='ltr'><strong>dopleustes’_p.</strong></span> <span class='ocrx_word' id='word_1_636' title='bbox 889 4857 1147 4931; x_wconf 56' lang='lat'><strong>215,929</strong></span> <span class='ocrx_word' id='word_1_637' title='bbox 1175 4869 1229 4915; x_wconf 92' lang='lat' dir='ltr'><strong>et</strong></span> <span class='ocrx_word' id='word_1_638' title='bbox 1260 4859 1383 4915; x_wconf 76' lang='lat'><strong>238.</strong></span> <span class='ocrx_word' id='word_1_639' title='bbox 1417 4862 1487 4915; x_wconf 87' lang='lat' dir='ltr'><strong>At</strong></span> <span class='ocrx_word' id='word_1_640' title='bbox 1511 4861 1671 4931; x_wconf 89' lang='lat' dir='ltr'><strong>paulo</strong></span> <span class='ocrx_word' id='word_1_641' title='bbox 1703 4862 2022 4919; x_wconf 87' lang='lat' dir='ltr'><strong>insolentius</strong></span> 
     </span>
    </p>
   </div>
   <div class='ocr_carea' id='block_1_85' title="bbox 471 4928 2021 5005">
    <p class='ocr_par' dir='ltr' id='par_1_85' title="bbox 471 4928 2021 5005">
     <span class='ocr_line' id='line_1_85' title="bbox 471 4928 2021 5005; baseline -0.001 -20"><span class='ocrx_word' id='word_1_642' title='bbox 471 4938 575 4995; x_wconf 89' lang='lat' dir='ltr'><strong>est,</strong></span> <span class='ocrx_word' id='word_1_643' title='bbox 599 4928 744 4997; x_wconf 88' lang='lat' dir='ltr'><strong>quod</strong></span> <span class='ocrx_word' id='word_1_644' title='bbox 773 4928 1086 5005; x_wconf 40' lang='grc' dir='ltr'>ἀελίου-[ιο</span> <span class='ocrx_word' id='word_1_645' title='bbox 1124 4928 1743 5005; x_wconf 38' lang='lat' dir='ltr'><strong>evangelislauredituro</strong></span> <span class='ocrx_word' id='word_1_646' title='bbox 1763 4931 2021 5005; x_wconf 69' lang='lat' dir='ltr'><strong>Hippoly-</strong></span> 
     </span>
    </p>
   </div>
   <div class='ocr_carea' id='block_1_86' title="bbox 472 4998 2023 5058">
    <p class='ocr_par' dir='ltr' id='par_1_86' title="bbox 472 4998 2023 5058">
     <span class='ocr_line' id='line_1_86' title="bbox 472 4998 2023 5058; baseline 0.001 -4"><span class='ocrx_word' id='word_1_647' title='bbox 472 5009 562 5054; x_wconf 91' lang='lat' dir='ltr'><strong>tus</strong></span> <span class='ocrx_word' id='word_1_648' title='bbox 592 5007 778 5053; x_wconf 90' lang='lat' dir='ltr'><strong>noster</strong></span> <span class='ocrx_word' id='word_1_649' title='bbox 804 4998 970 5053; x_wconf 91' lang='lat' dir='ltr'><strong>addit.</strong></span> <span class='ocrx_word' id='word_1_650' title='bbox 998 4999 1201 5054; x_wconf 90' lang='lat' dir='ltr'><strong>Tamen</strong></span> <span class='ocrx_word' id='word_1_651' title='bbox 1244 4998 1405 5055; x_wconf 77' lang='lat' dir='ltr'><strong>etiam</strong></span> <span class='ocrx_word' id='word_1_652' title='bbox 1447 5000 1575 5055; x_wconf 89' lang='lat' dir='ltr'><strong>illud</strong></span> <span class='ocrx_word' id='word_1_653' title='bbox 1612 4998 1897 5058; x_wconf 77' lang='lat' dir='ltr'><strong>traditione</strong></span> <span class='ocrx_word' id='word_1_654' title='bbox 1924 4998 2023 5058; x_wconf 80' lang='lat' dir='ltr'><strong>an-</strong></span> 
     </span>
    </p>
   </div>
   <div class='ocr_carea' id='block_1_87' title="bbox 472 5068 2029 5140">
    <p class='ocr_par' dir='ltr' id='par_1_87' title="bbox 472 5068 2029 5140">
     <span class='ocr_line' id='line_1_87' title="bbox 472 5068 2029 5140; baseline 0.001 -16"><span class='ocrx_word' id='word_1_655' title='bbox 472 5070 625 5140; x_wconf 75' lang='lat' dir='ltr'><strong>tiqua</strong></span> <span class='ocrx_word' id='word_1_656' title='bbox 654 5068 1019 5140; x_wconf 81' lang='lat' dir='ltr'><strong>ecclesiastica</strong></span> <span class='ocrx_word' id='word_1_657' title='bbox 1055 5069 1173 5135; x_wconf 89' lang='lat' dir='ltr'><strong>niti,</strong></span> <span class='ocrx_word' id='word_1_658' title='bbox 1202 5080 1419 5140; x_wconf 74' lang='lat' dir='ltr'><strong>propter</strong></span> <span class='ocrx_word' id='word_1_659' title='bbox 1445 5071 1520 5125; x_wconf 87' lang='lat' dir='ltr'><strong>ita</strong></span> <span class='ocrx_word' id='word_1_660' title='bbox 1559 5080 1836 5140; x_wconf 89' lang='lat' dir='ltr'><strong>acceptum</strong></span> <span class='ocrx_word' id='word_1_661' title='bbox 1865 5072 2029 5128; x_wconf 83' lang='lat' dir='ltr'><strong>Chri-</strong></span> 
     </span>
    </p>
   </div>
   <div class='ocr_carea' id='block_1_88' title="bbox 474 5136 2027 5207">
    <p class='ocr_par' dir='ltr' id='par_1_88' title="bbox 474 5136 2027 5207">
     <span class='ocr_line' id='line_1_88' title="bbox 474 5136 2027 5207; baseline 0.001 -12"><span class='ocrx_word' id='word_1_662' title='bbox 474 5136 553 5196; x_wconf 58' lang='lat' dir='ltr'><strong>sli&#39;</strong></span> <span class='ocrx_word' id='word_1_663' title='bbox 589 5136 889 5194; x_wconf 87' lang='lat' dir='ltr'><strong>Servatoris</strong></span> <span class='ocrx_word' id='word_1_664' title='bbox 939 5140 1142 5194; x_wconf 88' lang='lat' dir='ltr'><strong>dictum</strong></span> <span class='ocrx_word' id='word_1_665' title='bbox 1170 5136 1398 5206; x_wconf 46' lang='lat' dir='ltr'><strong>,‘Jo&#39;an.</strong></span> <span class='ocrx_word' id='word_1_666' title='bbox 1455 5157 1546 5195; x_wconf 74' lang='lat' dir='ltr'><strong>xxi</strong></span> <span class='ocrx_word' id='word_1_667' title='bbox 1572 5183 1586 5206; x_wconf 86' lang='lat'><strong><em>.</em></strong></span> <span class='ocrx_word' id='word_1_668' title='bbox 1626 5136 1732 5207; x_wconf 55' lang='grc' dir='ltr'><strong>Ξῖ,</strong></span> <span class='ocrx_word' id='word_1_669' title='bbox 1797 5151 2027 5197; x_wconf 88' lang='lat' dir='ltr'><strong>testatur</strong></span> 
     </span>
    </p>
   </div>
   <div class='ocr_carea' id='block_1_89' title="bbox 473 5208 2024 5279">
    <p class='ocr_par' dir='ltr' id='par_1_89' title="bbox 473 5208 2024 5279">
     <span class='ocr_line' id='line_1_89' title="bbox 473 5208 2024 5279; baseline 0.002 -14"><span class='ocrx_word' id='word_1_670' title='bbox 473 5211 722 5279; x_wconf 65' lang='lat' dir='ltr'><strong>prrmm</strong></span> <span class='ocrx_word' id='word_1_671' title='bbox 762 5208 1130 5263; x_wconf 86' lang='lat' dir='ltr'><strong>Autiochenus</strong></span> <span class='ocrx_word' id='word_1_672' title='bbox 1180 5210 1320 5278; x_wconf 90' lang='lat' dir='ltr'><strong>apud</strong></span> <span class='ocrx_word' id='word_1_673' title='bbox 1372 5210 1623 5266; x_wconf 86' lang='lat' dir='ltr'><strong>Photium</strong></span> <span class='ocrx_word' id='word_1_674' title='bbox 1653 5211 2024 5268; x_wconf 79' lang='lat' dir='ltr'><strong>eod.ccxx1x:</strong></span> 
     </span>
    </p>
   </div>
   <div class='ocr_carea' id='block_1_90' title="bbox 476 5279 2028 5355">
    <p class='ocr_par' dir='ltr' id='par_1_90' title="bbox 476 5279 2028 5355">
     <span class='ocr_line' id='line_1_90' title="bbox 476 5279 2028 5355; baseline 0.002 -22"><span class='ocrx_word' id='word_1_675' title='bbox 476 5281 601 5355; x_wconf 72' lang='lat' dir='ltr'><strong>&#39;_&#39;(_)1:t</strong></span> <span class='ocrx_word' id='word_1_676' title='bbox 640 5279 694 5332; x_wconf 84' lang='grc' dir='ltr'>δὲ</span> <span class='ocrx_word' id='word_1_677' title='bbox 738 5279 1069 5355; x_wconf 60' lang='grc' dir='ltr'>περίεστινῤ</span> <span class='ocrx_word' id='word_1_678' title='bbox 1110 5279 1373 5355; x_wconf 76' lang='grc' dir='ltr'>παρθένος</span> <span class='ocrx_word' id='word_1_679' title='bbox 1417 5281 1687 5354; x_wconf 85' lang='grc' dir='ltr'>Ἰωάννης,</span> <span class='ocrx_word' id='word_1_680' title='bbox 1727 5281 1913 5355; x_wconf 75' lang='grc' dir='ltr'>ὥσπερ</span> <span class='ocrx_word' id='word_1_681' title='bbox 1938 5281 2028 5337; x_wconf 80' lang='grc' dir='ltr'>τὸν</span> 
     </span>
    </p>
   </div>
   <div class='ocr_carea' id='block_1_91' title="bbox 486 5348 2029 5424">
    <p class='ocr_par' dir='ltr' id='par_1_91' title="bbox 486 5348 2029 5424">
     <span class='ocr_line' id='line_1_91' title="bbox 486 5348 2029 5424; baseline 0.003 -21"><span class='ocrx_word' id='word_1_682' title='bbox 486 5350 658 5424; x_wconf 59' lang='grc' dir='ltr'><strong>Ἑνὼχ</strong></span> <span class='ocrx_word' id='word_1_683' title='bbox 691 5350 782 5424; x_wconf 62' lang='grc' dir='ltr'>καὶ</span> <span class='ocrx_word' id='word_1_684' title='bbox 795 5348 902 5424; x_wconf 40' lang='grc' dir='ltr'>τὸν·</span> <span class='ocrx_word' id='word_1_685' title='bbox 926 5348 1129 5424; x_wconf 74' lang='grc' dir='ltr'>ᾞλίαν,</span> <span class='ocrx_word' id='word_1_686' title='bbox 1156 5348 1449 5424; x_wconf 56' lang='grc' dir='ltr'>παράδοσις</span> <span class='ocrx_word' id='word_1_687' title='bbox 1472 5348 1647 5424; x_wconf 81' lang='grc' dir='ltr'>μαρτυ</span> <span class='ocrx_word' id='word_1_688' title='bbox 1657 5355 1753 5424; x_wconf 87' lang='grc' dir='ltr'>ρεῖ,</span> <span class='ocrx_word' id='word_1_689' title='bbox 1776 5348 1917 5408; x_wconf 71' lang='grc' dir='ltr'>οὕτω</span> <span class='ocrx_word' id='word_1_690' title='bbox 1936 5355 2029 5408; x_wconf 77' lang='grc' dir='ltr'>καὶ</span> 
     </span>
    </p>
   </div>
   <div class='ocr_carea' id='block_1_92' title="bbox 475 5417 2029 5494">
    <p class='ocr_par' dir='ltr' id='par_1_92' title="bbox 475 5417 2029 5494">
     <span class='ocr_line' id='line_1_92' title="bbox 475 5417 2029 5494; baseline 0.003 -22"><span class='ocrx_word' id='word_1_691' title='bbox 475 5417 826 5494; x_wconf 43' lang='grc' dir='ltr'>τοῦτόνηΚαὶ</span> <span class='ocrx_word' id='word_1_692' title='bbox 856 5417 916 5494; x_wconf 69' lang='grc' dir='ltr'>τὸ</span> <span class='ocrx_word' id='word_1_693' title='bbox 936 5420 1135 5494; x_wconf 46' lang='grc' dir='ltr'>ὲν-τοζς</span> <span class='ocrx_word' id='word_1_694' title='bbox 1164 5417 1516 5494; x_wconf 55' lang='lat' dir='ltr'><strong>summa;</strong></span> <span class='ocrx_word' id='word_1_695' title='bbox 1547 5417 1604 5476; x_wconf 84' lang='grc' dir='ltr'>δὲ</span> <span class='ocrx_word' id='word_1_696' title='bbox 1642 5417 1923 5494; x_wconf 78' lang='grc' dir='ltr'>εἰρημένον</span> <span class='ocrx_word' id='word_1_697' title='bbox 1950 5426 2029 5488; x_wconf 86' lang='grc' dir='ltr'><strong>είς</strong></span> 
     </span>
    </p>
   </div>
   <div class='ocr_carea' id='block_1_93' title="bbox 476 5489 2022 5564">
    <p class='ocr_par' dir='ltr' id='par_1_93' title="bbox 476 5489 2022 5564">
     <span class='ocr_line' id='line_1_93' title="bbox 476 5489 2022 5564; baseline 0.004 -22"><span class='ocrx_word' id='word_1_698' title='bbox 476 5489 753 5564; x_wconf 66' lang='grc' dir='ltr'>τδναὺτδν</span> <span class='ocrx_word' id='word_1_699' title='bbox 782 5491 924 5564; x_wconf 68' lang='grc' dir='ltr'>ημᾶς</span> <span class='ocrx_word' id='word_1_700' title='bbox 942 5490 1062 5546; x_wconf 77' lang='grc' dir='ltr'>νοῦν</span> <span class='ocrx_word' id='word_1_701' title='bbox 1083 5491 1278 5564; x_wconf 66' lang='grc' dir='ltr'>ἕλκει.</span> <span class='ocrx_word' id='word_1_702' title='bbox 1314 5531 1328 5544; x_wconf 92' lang='grc'><strong>.</strong></span> <span class='ocrx_word' id='word_1_703' title='bbox 1362 5531 1383 5564; x_wconf 18' lang='grc' dir='ltr'><strong>.ν</strong></span> <span class='ocrx_word' id='word_1_704' title='bbox 1422 5492 1482 5545; x_wconf 82' lang='grc' dir='ltr'>οὐ</span> <span class='ocrx_word' id='word_1_705' title='bbox 1515 5494 1621 5564; x_wconf 83' lang='grc' dir='ltr'><strong>γάρ</strong></span> <span class='ocrx_word' id='word_1_706' title='bbox 1652 5489 2022 5564; x_wconf 69' lang='grc' dir='ltr'>τίςάθάνατον</span> 
     </span>
    </p>
   </div>
   <div class='ocr_carea' id='block_1_94' title="bbox 478 5556 2024 5640">
    <p class='ocr_par' dir='ltr' id='par_1_94' title="bbox 478 5556 2024 5640">
     <span class='ocr_line' id='line_1_94' title="bbox 478 5556 2024 5640; baseline 0.004 -28"><span class='ocrx_word' id='word_1_707' title='bbox 478 5561 639 5640; x_wconf 40' lang='lat' dir='ltr'><strong>agro-xi</strong></span> <span class='ocrx_word' id='word_1_708' title='bbox 669 5556 1031 5640; x_wconf 48' lang='grc' dir='ltr'>εἶναι”φησιιμ</span> <span class='ocrx_word' id='word_1_709' title='bbox 1066 5562 1198 5640; x_wconf 79' lang='grc' dir='ltr'><strong>ἀλλά</strong></span> <span class='ocrx_word' id='word_1_710' title='bbox 1231 5562 1503 5640; x_wconf 68' lang='grc' dir='ltr'>διαμένειν</span> <span class='ocrx_word' id='word_1_711' title='bbox 1526 5556 1684 5640; x_wconf 71' lang='grc' dir='ltr'>’μετά</span> <span class='ocrx_word' id='word_1_712' title='bbox 1733 5564 1899 5637; x_wconf 84' lang='grc' dir='ltr'><strong>Ἑνὼχ</strong></span> <span class='ocrx_word' id='word_1_713' title='bbox 1925 5566 2024 5640; x_wconf 70' lang='grc' dir='ltr'>καὶ</span> 
     </span>
    </p>
   </div>
   <div class='ocr_carea' id='block_1_95' title="bbox 491 5629 2019 5711">
    <p class='ocr_par' dir='ltr' id='par_1_95' title="bbox 491 5629 2019 5711">
     <span class='ocr_line' id='line_1_95' title="bbox 491 5629 2019 5711; baseline 0.003 -28"><span class='ocrx_word' id='word_1_714' title='bbox 491 5629 647 5711; x_wconf 53' lang='grc' dir='ltr'>Ἠλία</span> <span class='ocrx_word' id='word_1_715' title='bbox 677 5630 837 5711; x_wconf 81' lang='grc' dir='ltr'>μέχρι</span> <span class='ocrx_word' id='word_1_716' title='bbox 866 5629 963 5711; x_wconf 68' lang='grc' dir='ltr'>τῆς</span> <span class='ocrx_word' id='word_1_717' title='bbox 980 5629 1365 5711; x_wconf 50' lang='grc' dir='ltr'>δευτέραςποιξ</span> <span class='ocrx_word' id='word_1_718' title='bbox 1399 5629 1682 5711; x_wconf 33' lang='lat' dir='ltr'><strong>Aeg-1:61:00-</strong></span> <span class='ocrx_word' id='word_1_719' title='bbox 1705 5629 2019 5711; x_wconf 62' lang='grc' dir='ltr'>παρουσίας.</span> 
     </span>
    </p>
   </div>
   <div class='ocr_carea' id='block_1_96' title="bbox 477 5698 2024 5780">
    <p class='ocr_par' dir='ltr' id='par_1_96' title="bbox 477 5698 2024 5780">
     <span class='ocr_line' id='line_1_96' title="bbox 477 5698 2024 5780; baseline 0.006 -27"><span class='ocrx_word' id='word_1_720' title='bbox 477 5698 705 5780; x_wconf 69' lang='lat' dir='ltr'><strong>Videtur</strong></span> <span class='ocrx_word' id='word_1_721' title='bbox 728 5698 1056 5780; x_wconf 43' lang='lat' dir='ltr'><strong>quam;</strong></span> <span class='ocrx_word' id='word_1_722' title='bbox 1093 5698 1368 5780; x_wconf 68' lang='lat' dir='ltr'><strong>traditioni</strong></span> <span class='ocrx_word' id='word_1_723' title='bbox 1404 5704 1684 5780; x_wconf 71' lang='lat' dir='ltr'><strong>suﬂ‘ragari</strong></span> <span class='ocrx_word' id='word_1_724' title='bbox 1708 5698 2024 5780; x_wconf 76' lang='lat' dir='ltr'><strong>Hippolytus</strong></span> 
     </span>
    </p>
   </div>
   <div class='ocr_carea' id='block_1_97' title="bbox 479 5768 1634 5842">
    <p class='ocr_par' dir='ltr' id='par_1_97' title="bbox 479 5768 1634 5842">
     <span class='ocr_line' id='line_1_97' title="bbox 479 5768 1634 5842; baseline 0.003 -15"><span class='ocrx_word' id='word_1_725' title='bbox 479 5771 745 5839; x_wconf 70' lang='lat' dir='ltr'><strong>genuinus</strong></span> <span class='ocrx_word' id='word_1_726' title='bbox 767 5768 947 5827; x_wconf 86' lang='lat' dir='ltr'><strong>libello</strong></span> <span class='ocrx_word' id='word_1_727' title='bbox 988 5769 1064 5828; x_wconf 86' lang='lat' dir='ltr'><strong>De</strong></span> <span class='ocrx_word' id='word_1_728' title='bbox 1094 5771 1436 5842; x_wconf 80' lang='lat' dir='ltr'><strong>Antichrista,</strong></span> <span class='ocrx_word' id='word_1_729' title='bbox 1464 5788 1512 5830; x_wconf 90' lang='lat' dir='ltr'><strong>c.</strong></span> <span class='ocrx_word' id='word_1_730' title='bbox 1546 5768 1634 5830; x_wconf 70' lang='grc' dir='ltr'><strong>εἰ).</strong></span> 
     </span>
    </p>
   </div>
   <div class='ocr_carea' id='block_1_98' title="bbox 2190 3589 3689 3664">
    <p class='ocr_par' dir='ltr' id='par_1_98' title="bbox 2190 3589 3689 3664">
     <span class='ocr_line' id='line_1_98' title="bbox 2190 3589 3689 3664; baseline -0.004 -17"><span class='ocrx_word' id='word_1_731' title='bbox 2190 3595 2356 3648; x_wconf 78' lang='lat' dir='ltr'><strong>XXII.</strong></span> <span class='ocrx_word' id='word_1_732' title='bbox 2393 3593 2530 3648; x_wconf 83' lang='grc' dir='ltr'>Ἀλλ’</span> <span class='ocrx_word' id='word_1_733' title='bbox 2560 3592 2746 3664; x_wconf 83' lang='grc' dir='ltr'>ἐπειδὴ</span> <span class='ocrx_word' id='word_1_734' title='bbox 2776 3592 2913 3664; x_wconf 78' lang='grc' dir='ltr'>πρὸς</span> <span class='ocrx_word' id='word_1_735' title='bbox 2940 3591 3032 3645; x_wconf 78' lang='grc' dir='ltr'>τὸν</span> <span class='ocrx_word' id='word_1_736' title='bbox 3057 3591 3246 3663; x_wconf 79' lang='grc' dir='ltr'>εἱρμὸν</span> <span class='ocrx_word' id='word_1_737' title='bbox 3270 3590 3372 3661; x_wconf 82' lang='grc' dir='ltr'>τῆς</span> <span class='ocrx_word' id='word_1_738' title='bbox 3391 3589 3689 3662; x_wconf 73' lang='grc' dir='ltr'>διηγήσεως</span> 
     </span>
    </p>
   </div>
   <div class='ocr_carea' id='block_1_99' title="bbox 2121 3682 3687 3759">
    <p class='ocr_par' dir='ltr' id='par_1_99' title="bbox 2121 3682 3687 3759">
     <span class='ocr_line' id='line_1_99' title="bbox 2121 3682 3687 3759; baseline -0.001 -17"><span class='ocrx_word' id='word_1_739' title='bbox 2121 3685 2547 3759; x_wconf 76' lang='grc' dir='ltr'>ἠναγκάσθημεν</span> <span class='ocrx_word' id='word_1_740' title='bbox 2590 3684 2764 3740; x_wconf 78' lang='grc' dir='ltr'>ἐλθεῖν</span> <span class='ocrx_word' id='word_1_741' title='bbox 2795 3686 2887 3739; x_wconf 73' lang='grc' dir='ltr'><strong>ἐπὶ</strong></span> <span class='ocrx_word' id='word_1_742' title='bbox 2915 3682 3015 3748; x_wconf 85' lang='grc' dir='ltr'><strong>τὰς</strong></span> <span class='ocrx_word' id='word_1_743' title='bbox 3044 3684 3259 3756; x_wconf 78' lang='grc' dir='ltr'>ἡμέρας</span> <span class='ocrx_word' id='word_1_744' title='bbox 3297 3686 3398 3756; x_wconf 81' lang='grc' dir='ltr'>τῆς</span> <span class='ocrx_word' id='word_1_745' title='bbox 3421 3685 3687 3757; x_wconf 76' lang='grc' dir='ltr'>βασιλείας</span> 
     </span>
    </p>
   </div>
   <div class='ocr_carea' id='block_1_100' title="bbox 2121 3774 3691 3850">
    <p class='ocr_par' dir='ltr' id='par_1_100' title="bbox 2121 3774 3691 3850">
     <span class='ocr_line' id='line_1_100' title="bbox 2121 3774 3691 3850; baseline -0.002 -17"><span class='ocrx_word' id='word_1_746' title='bbox 2121 3778 2216 3832; x_wconf 78' lang='grc' dir='ltr'><strong>τοῦ</strong></span> <span class='ocrx_word' id='word_1_747' title='bbox 2262 3778 2637 3847; x_wconf 76' lang='grc' dir='ltr'>ἀντικειμένου</span> <span class='ocrx_word' id='word_1_748' title='bbox 2659 3816 2674 3841; x_wconf 92' lang='grc'><strong>,</strong></span> <span class='ocrx_word' id='word_1_749' title='bbox 2705 3776 2998 3846; x_wconf 85' lang='grc' dir='ltr'>ἀναγκαῖόν</span> <span class='ocrx_word' id='word_1_750' title='bbox 3028 3775 3173 3828; x_wconf 80' lang='grc' dir='ltr'>ἐστιν</span> <span class='ocrx_word' id='word_1_751' title='bbox 3215 3774 3326 3846; x_wconf 87' lang='grc'>(58)</span> <span class='ocrx_word' id='word_1_752' title='bbox 3353 3778 3527 3831; x_wconf 79' lang='grc' dir='ltr'>εἰπεῖν</span> <span class='ocrx_word' id='word_1_753' title='bbox 3549 3778 3691 3850; x_wconf 84' lang='grc' dir='ltr'>πρῶ-</span> 
     </span>
    </p>
   </div>
   <div class='ocr_carea' id='block_1_101' title="bbox 2124 3867 3685 3942">
    <p class='ocr_par' dir='ltr' id='par_1_101' title="bbox 2124 3867 3685 3942">
     <span class='ocr_line' id='line_1_101' title="bbox 2124 3867 3685 3942; baseline -0.001 -17"><span class='ocrx_word' id='word_1_754' title='bbox 2124 3887 2216 3925; x_wconf 88' lang='grc' dir='ltr'><strong>τον</strong></span> <span class='ocrx_word' id='word_1_755' title='bbox 2244 3869 2314 3924; x_wconf 83' lang='grc' dir='ltr'><strong>τά</strong></span> <span class='ocrx_word' id='word_1_756' title='bbox 2342 3870 2468 3942; x_wconf 75' lang='grc' dir='ltr'>περ).</span> <span class='ocrx_word' id='word_1_757' title='bbox 2495 3871 2594 3941; x_wconf 78' lang='grc' dir='ltr'>τῆς</span> <span class='ocrx_word' id='word_1_758' title='bbox 2621 3871 2925 3941; x_wconf 81' lang='grc' dir='ltr'>γεννήσεως</span> <span class='ocrx_word' id='word_1_759' title='bbox 2954 3867 3119 3922; x_wconf 80' lang='grc' dir='ltr'>αὐτοῦ</span> <span class='ocrx_word' id='word_1_760' title='bbox 3151 3870 3245 3923; x_wconf 74' lang='grc' dir='ltr'>καὶ</span> <span class='ocrx_word' id='word_1_761' title='bbox 3273 3869 3574 3941; x_wconf 69' lang='grc' dir='ltr'>αὐξήσεως</span> <span class='ocrx_word' id='word_1_762' title='bbox 3601 3872 3685 3924; x_wconf 74' lang='grc' dir='ltr'>καὶ</span> 
     </span>
    </p>
   </div>
   <div class='ocr_carea' id='block_1_102' title="bbox 2127 3959 3685 4034">
    <p class='ocr_par' dir='ltr' id='par_1_102' title="bbox 2127 3959 3685 4034">
     <span class='ocr_line' id='line_1_102' title="bbox 2127 3959 3685 4034; baseline -0.001 -18"><span class='ocrx_word' id='word_1_763' title='bbox 2127 3963 2247 4017; x_wconf 78' lang='grc' dir='ltr'>τότε</span> <span class='ocrx_word' id='word_1_764' title='bbox 2282 3962 2373 4015; x_wconf 74' lang='grc' dir='ltr'><strong>ἐπὶ</strong></span> <span class='ocrx_word' id='word_1_765' title='bbox 2400 3961 2499 4033; x_wconf 80' lang='grc' dir='ltr'>τὴν</span> <span class='ocrx_word' id='word_1_766' title='bbox 2543 3962 2793 4033; x_wconf 87' lang='grc' dir='ltr'>διήγησιν</span> <span class='ocrx_word' id='word_1_767' title='bbox 2837 3959 3040 4031; x_wconf 84' lang='grc' dir='ltr'>ταύτην</span> <span class='ocrx_word' id='word_1_768' title='bbox 3082 3965 3426 4034; x_wconf 87' lang='grc' dir='ltr'>παραγαγεῖν</span> <span class='ocrx_word' id='word_1_769' title='bbox 3469 3961 3580 4033; x_wconf 81' lang='grc'>(59)</span> <span class='ocrx_word' id='word_1_770' title='bbox 3602 3965 3685 4014; x_wconf 74' lang='grc' dir='ltr'>τὸν</span> 
     </span>
    </p>
   </div>
   <div class='ocr_carea' id='block_1_103' title="bbox 2127 4052 3683 4125">
    <p class='ocr_par' dir='ltr' id='par_1_103' title="bbox 2127 4052 3683 4125">
     <span class='ocr_line' id='line_1_103' title="bbox 2127 4052 3683 4125; baseline -0.001 -17"><span class='ocrx_word' id='word_1_771' title='bbox 2127 4053 2303 4123; x_wconf 81' lang='grc' dir='ltr'>λόγον,</span> <span class='ocrx_word' id='word_1_772' title='bbox 2335 4052 2519 4118; x_wconf 84' lang='grc' dir='ltr'>καθὼς</span> <span class='ocrx_word' id='word_1_773' title='bbox 2562 4053 2916 4125; x_wconf 84' lang='grc' dir='ltr'>προείπομεν,</span> <span class='ocrx_word' id='word_1_774' title='bbox 2956 4053 3038 4106; x_wconf 82' lang='grc' dir='ltr'>ὅτι</span> <span class='ocrx_word' id='word_1_775' title='bbox 3067 4054 3147 4117; x_wconf 84' lang='grc' dir='ltr'><strong>είς</strong></span> <span class='ocrx_word' id='word_1_776' title='bbox 3183 4054 3361 4108; x_wconf 82' lang='grc' dir='ltr'>πάντα</span> <span class='ocrx_word' id='word_1_777' title='bbox 3387 4053 3683 4119; x_wconf 78' lang='grc' dir='ltr'>ἐξισοῦσθαι</span> 
     </span>
    </p>
   </div>
   <div class='ocr_carea' id='block_1_104' title="bbox 2130 4142 3684 4217">
    <p class='ocr_par' dir='ltr' id='par_1_104' title="bbox 2130 4142 3684 4217">
     <span class='ocr_line' id='line_1_104' title="bbox 2130 4142 3684 4217; baseline -0.001 -19"><span class='ocrx_word' id='word_1_778' title='bbox 2130 4144 2312 4217; x_wconf 84' lang='grc' dir='ltr'>μέλλει</span> <span class='ocrx_word' id='word_1_779' title='bbox 2340 4143 2449 4217; x_wconf 88' lang='grc'>(60)</span> <span class='ocrx_word' id='word_1_780' title='bbox 2478 4144 2555 4217; x_wconf 83' lang='grc' dir='ltr'>τῷ</span> <span class='ocrx_word' id='word_1_781' title='bbox 2584 4143 2797 4216; x_wconf 81' lang='grc' dir='ltr'>Σωτῆρι</span> <span class='ocrx_word' id='word_1_782' title='bbox 2824 4142 2978 4214; x_wconf 84' lang='grc' dir='ltr'>ήμῶν</span> <span class='ocrx_word' id='word_1_783' title='bbox 3004 4143 3033 4196; x_wconf 85' lang='grc' dir='ltr'>ὁ</span> <span class='ocrx_word' id='word_1_784' title='bbox 3058 4143 3300 4208; x_wconf 87' lang='grc' dir='ltr'>διάϐολος</span> <span class='ocrx_word' id='word_1_785' title='bbox 3333 4144 3430 4198; x_wconf 76' lang='grc' dir='ltr'><strong>καὶ</strong></span> <span class='ocrx_word' id='word_1_786' title='bbox 3458 4145 3572 4208; x_wconf 79' lang='grc' dir='ltr'>υίὸς</span> <span class='ocrx_word' id='word_1_787' title='bbox 3594 4146 3684 4215; x_wconf 81' lang='grc' dir='ltr'>τῆς</span> 
     </span>
    </p>
   </div>
   <div class='ocr_carea' id='block_1_105' title="bbox 2126 4235 3679 4309">
    <p class='ocr_par' dir='ltr' id='par_1_105' title="bbox 2126 4235 3679 4309">
     <span class='ocr_line' id='line_1_105' title="bbox 2126 4235 3679 4309; baseline -0.003 -17"><span class='ocrx_word' id='word_1_788' title='bbox 2126 4238 2374 4309; x_wconf 86' lang='grc' dir='ltr'>ἀνομίας·</span> <span class='ocrx_word' id='word_1_789' title='bbox 2407 4237 2576 4301; x_wconf 75' lang='grc' dir='ltr'>οὕτως</span> <span class='ocrx_word' id='word_1_790' title='bbox 2607 4238 2700 4291; x_wconf 75' lang='grc' dir='ltr'>καὶ</span> <span class='ocrx_word' id='word_1_791' title='bbox 2727 4235 2882 4305; x_wconf 83' lang='grc' dir='ltr'>δηλοῖ</span> <span class='ocrx_word' id='word_1_792' title='bbox 2907 4237 3038 4308; x_wconf 78' lang='grc' dir='ltr'>ἡμῖν</span> <span class='ocrx_word' id='word_1_793' title='bbox 3077 4238 3111 4308; x_wconf 85' lang='grc' dir='ltr'><strong>ή</strong></span> <span class='ocrx_word' id='word_1_794' title='bbox 3141 4235 3433 4304; x_wconf 83' lang='grc' dir='ltr'>ἀπόδειξις.</span> <span class='ocrx_word' id='word_1_795' title='bbox 3477 4237 3679 4309; x_wconf 76' lang='grc' dir='ltr'>Ἐπειδὴ</span> 
     </span>
    </p>
   </div>
   <div class='ocr_carea' id='block_1_106' title="bbox 2125 4327 3682 4403">
    <p class='ocr_par' dir='ltr' id='par_1_106' title="bbox 2125 4327 3682 4403">
     <span class='ocr_line' id='line_1_106' title="bbox 2125 4327 3682 4403; baseline 0.001 -20"><span class='ocrx_word' id='word_1_796' title='bbox 2125 4331 2156 4383; x_wconf 84' lang='grc' dir='ltr'>ὁ</span> <span class='ocrx_word' id='word_1_797' title='bbox 2182 4330 2370 4403; x_wconf 81' lang='grc' dir='ltr'>Σωτὴρ</span> <span class='ocrx_word' id='word_1_798' title='bbox 2390 4329 2484 4384; x_wconf 81' lang='grc' dir='ltr'>τοῦ</span> <span class='ocrx_word' id='word_1_799' title='bbox 2514 4330 2741 4402; x_wconf 85' lang='grc' dir='ltr'>κόσμου,</span> <span class='ocrx_word' id='word_1_800' title='bbox 2756 4327 3072 4401; x_wconf 84' lang='grc' dir='ltr'>βουλόμενος</span> <span class='ocrx_word' id='word_1_801' title='bbox 3095 4328 3154 4382; x_wconf 87' lang='grc' dir='ltr'><strong>τὺ</strong></span> <span class='ocrx_word' id='word_1_802' title='bbox 3172 4329 3325 4398; x_wconf 87' lang='grc' dir='ltr'>γένος</span> <span class='ocrx_word' id='word_1_803' title='bbox 3351 4330 3462 4384; x_wconf 84' lang='grc' dir='ltr'><strong>τῶν</strong></span> <span class='ocrx_word' id='word_1_804' title='bbox 3486 4328 3682 4403; x_wconf 83' lang='grc' dir='ltr'>ἀνθρώ-</span> 
     </span>
    </p>
   </div>
   <div class='ocr_carea' id='block_1_107' title="bbox 2165 4580 3682 4707">
    <p class='ocr_par' dir='ltr' id='par_1_107' title="bbox 2165 4580 3682 4707">
     <span class='ocr_line' id='line_1_107' title="bbox 2165 4580 3682 4707; baseline 0 -70"><span class='ocrx_word' id='word_1_805' title='bbox 2165 4581 2314 4707; x_wconf 65' lang='grc' dir='ltr'>ἐμὸ)</span> <span class='ocrx_word' id='word_1_806' title='bbox 2347 4582 2390 4636; x_wconf 88' lang='grc' dir='ltr'>Β</span> <span class='ocrx_word' id='word_1_807' title='bbox 2417 4622 2433 4648; x_wconf 91' lang='grc'><strong>,</strong></span> <span class='ocrx_word' id='word_1_808' title='bbox 2474 4583 2592 4648; x_wconf 87' lang='grc' dir='ltr'><strong>πῶς</strong></span> <span class='ocrx_word' id='word_1_809' title='bbox 2642 4585 2859 4657; x_wconf 76' lang='grc' dir='ltr'>κήδεται</span> <span class='ocrx_word' id='word_1_810' title='bbox 2909 4583 3003 4638; x_wconf 73' lang='grc' dir='ltr'>καὶ</span> <span class='ocrx_word' id='word_1_811' title='bbox 3057 4582 3195 4637; x_wconf 83' lang='grc' dir='ltr'>ὲλεεί</span> <span class='ocrx_word' id='word_1_812' title='bbox 3229 4582 3341 4637; x_wconf 87' lang='grc' dir='ltr'><strong>τῶν</strong></span> <span class='ocrx_word' id='word_1_813' title='bbox 3385 4580 3587 4654; x_wconf 82' lang='grc' dir='ltr'>βροτῶν</span> <span class='ocrx_word' id='word_1_814' title='bbox 3624 4582 3682 4637; x_wconf 79' lang='grc' dir='ltr'>τὸ</span> 
     </span>
     <span class='ocr_line' id='line_1_108' title="bbox 2194 4671 2298 4707; baseline 0 -1"><span class='ocrx_word' id='word_1_815' title='bbox 2194 4671 2298 4707; x_wconf 78' lang='grc' dir='ltr'>νος.</span> 
     </span>
    </p>
   </div>
   <div class='ocr_carea' id='block_1_108' title="bbox 2194 4672 2298 4706">
    <p class='ocr_par' dir='ltr' id='par_1_108' title="bbox 2194 4672 2298 4706">
     <span class='ocr_line' id='line_1_109' title="bbox 2194 4672 2298 4706; baseline 0 0"><span class='ocrx_word' id='word_1_816' title='bbox 2194 4672 2298 4706; x_wconf 76' lang='grc' dir='ltr'>νος.</span> 
     </span>
    </p>
   </div>
   <div class='ocr_carea' id='block_1_109' title="bbox 2128 4671 3585 4798">
    <p class='ocr_par' dir='ltr' id='par_1_109' title="bbox 2128 4671 3585 4798">
     <span class='ocr_line' id='line_1_110' title="bbox 2128 4671 3585 4798; baseline 0.002 -22"><span class='ocrx_word' id='word_1_817' title='bbox 2341 4722 2733 4798; x_wconf 27' lang='grc' dir='ltr'>Κ-αθῲςηφησὶ,</span> <span class='ocrx_word' id='word_1_818' title='bbox 2762 4725 2964 4798; x_wconf 86' lang='grc' dir='ltr'>Δανιὴλ</span> <span class='ocrx_word' id='word_1_819' title='bbox 2993 4721 3362 4795; x_wconf 81' lang='grc' dir='ltr'>καθυπέφηνε,</span> <span class='ocrx_word' id='word_1_820' title='bbox 3391 4721 3585 4779; x_wconf 82' lang='lat' dir='ltr'><strong>id.ms.</strong></span> 
     </span>
    </p>
   </div>
   <div class='ocr_carea' id='block_1_110' title="bbox 2197 4792 2839 4866">
    <p class='ocr_par' dir='ltr' id='par_1_110' title="bbox 2197 4792 2839 4866">
     <span class='ocr_line' id='line_1_111' title="bbox 2197 4792 2839 4866; baseline -0.002 -17"><span class='ocrx_word' id='word_1_821' title='bbox 2197 4792 2309 4866; x_wconf 81' lang='grc'>(50)</span> <span class='ocrx_word' id='word_1_822' title='bbox 2343 4792 2445 4866; x_wconf 58' lang='lat' dir='ltr'><strong>ld.,</strong></span> <span class='ocrx_word' id='word_1_823' title='bbox 2469 4792 2813 4866; x_wconf 65' lang='grc' dir='ltr'>διαθήσομαι.</span> <span class='ocrx_word' id='word_1_824' title='bbox 2836 4822 2839 4823; x_wconf 52' lang='grc' dir='ltr'><strong>ν</strong></span> 
     </span>
    </p>
   </div>
   <div class='ocr_carea' id='block_1_111' title="bbox 2197 4862 3523 4934">
    <p class='ocr_par' dir='ltr' id='par_1_111' title="bbox 2197 4862 3523 4934">
     <span class='ocr_line' id='line_1_112' title="bbox 2197 4862 3523 4934; baseline -0.002 -15"><span class='ocrx_word' id='word_1_825' title='bbox 2197 4862 2309 4932; x_wconf 80' lang='grc'>(51)</span> <span class='ocrx_word' id='word_1_826' title='bbox 2343 4862 2400 4917; x_wconf 82' lang='grc' dir='ltr'><strong>1η</strong></span> <span class='ocrx_word' id='word_1_827' title='bbox 2423 4880 2529 4919; x_wconf 92' lang='lat' dir='ltr'><strong>ms.</strong></span> <span class='ocrx_word' id='word_1_828' title='bbox 2550 4862 2623 4931; x_wconf 65' lang='grc' dir='ltr'>Β,</span> <span class='ocrx_word' id='word_1_829' title='bbox 2645 4862 2842 4921; x_wconf 82' lang='lat' dir='ltr'><strong>desunt</strong></span> <span class='ocrx_word' id='word_1_830' title='bbox 2869 4865 3033 4921; x_wconf 84' lang='lat' dir='ltr'><strong>verba</strong></span> <span class='ocrx_word' id='word_1_831' title='bbox 3057 4863 3375 4934; x_wconf 83' lang='grc' dir='ltr'>δυσωπῆσαι</span> <span class='ocrx_word' id='word_1_832' title='bbox 3406 4862 3523 4918; x_wconf 89' lang='grc' dir='ltr'>καί.</span> 
     </span>
    </p>
   </div>
   <div class='ocr_carea' id='block_1_112' title="bbox 2220 4934 2885 5004">
    <p class='ocr_par' dir='ltr' id='par_1_112' title="bbox 2220 4934 2885 5004">
     <span class='ocr_line' id='line_1_113' title="bbox 2220 4934 2885 5004; baseline 0.003 -16"><span class='ocrx_word' id='word_1_833' title='bbox 2220 4934 2308 5004; x_wconf 70' lang='grc'>52)</span> <span class='ocrx_word' id='word_1_834' title='bbox 2339 4934 2446 4987; x_wconf 76' lang='grc' dir='ltr'><strong>Καὶ</strong></span> <span class='ocrx_word' id='word_1_835' title='bbox 2474 4935 2783 5004; x_wconf 82' lang='grc' dir='ltr'>κατακαίει,</span> <span class='ocrx_word' id='word_1_836' title='bbox 2811 4936 2885 4990; x_wconf 89' lang='lat' dir='ltr'><strong>id.</strong></span> 
     </span>
    </p>
   </div>
   <div class='ocr_carea' id='block_1_113' title="bbox 2224 5003 2761 5073">
    <p class='ocr_par' dir='ltr' id='par_1_113' title="bbox 2224 5003 2761 5073">
     <span class='ocr_line' id='line_1_114' title="bbox 2224 5003 2761 5073; baseline 0 -14"><span class='ocrx_word' id='word_1_837' title='bbox 2224 5005 2314 5073; x_wconf 76' lang='lat'><strong>55)</strong></span> <span class='ocrx_word' id='word_1_838' title='bbox 2343 5003 2668 5073; x_wconf 74' lang='grc' dir='ltr'>Πατάξουσι,</span> <span class='ocrx_word' id='word_1_839' title='bbox 2700 5005 2761 5059; x_wconf 91' lang='grc' dir='ltr'><strong>Β.</strong></span> 
     </span>
    </p>
   </div>
   <div class='ocr_carea' id='block_1_114' title="bbox 2206 5071 3547 5140">
    <p class='ocr_par' dir='ltr' id='par_1_114' title="bbox 2206 5071 3547 5140">
     <span class='ocr_line' id='line_1_115' title="bbox 2206 5071 3547 5140; baseline 0 -11"><span class='ocrx_word' id='word_1_840' title='bbox 2206 5071 2311 5140; x_wconf 69' lang='grc'>(54)</span> <span class='ocrx_word' id='word_1_841' title='bbox 2339 5072 2424 5127; x_wconf 89' lang='lat' dir='ltr'><strong>Al.</strong></span> <span class='ocrx_word' id='word_1_842' title='bbox 2452 5071 2564 5129; x_wconf 91' lang='lat' dir='ltr'><strong>Pici</strong></span> <span class='ocrx_word' id='word_1_843' title='bbox 2592 5076 2784 5139; x_wconf 85' lang='lat' dir='ltr'><strong>codex,</strong></span> <span class='ocrx_word' id='word_1_844' title='bbox 2818 5074 2893 5138; x_wconf 86' lang='grc' dir='ltr'>ὼς</span> <span class='ocrx_word' id='word_1_845' title='bbox 2920 5074 3039 5129; x_wconf 82' lang='grc' dir='ltr'>ὲάν.</span> <span class='ocrx_word' id='word_1_846' title='bbox 3072 5072 3244 5129; x_wconf 88' lang='lat' dir='ltr'><strong>Etiam</strong></span> <span class='ocrx_word' id='word_1_847' title='bbox 3268 5073 3330 5129; x_wconf 88' lang='lat' dir='ltr'><strong>B.</strong></span> <span class='ocrx_word' id='word_1_848' title='bbox 3356 5072 3434 5137; x_wconf 84' lang='grc' dir='ltr'>ὡς</span> <span class='ocrx_word' id='word_1_849' title='bbox 3461 5075 3547 5129; x_wconf 75' lang='grc' dir='ltr'><strong>ἄν.</strong></span> 
     </span>
    </p>
   </div>
   <div class='ocr_carea' id='block_1_115' title="bbox 2128 5093 3680 5288">
    <p class='ocr_par' dir='ltr' id='par_1_115' title="bbox 2128 5093 3680 5288">
     <span class='ocr_line' id='line_1_116' title="bbox 2222 5093 3547 5140; baseline 0 -11"><span class='ocrx_word' id='word_1_850' title='bbox 2222 5093 2311 5140; x_wconf 71' lang='lat'><strong>04)</strong></span> <span class='ocrx_word' id='word_1_851' title='bbox 2339 5093 2424 5127; x_wconf 71' lang='grc' dir='ltr'>ιιι.</span> <span class='ocrx_word' id='word_1_852' title='bbox 2452 5093 2564 5129; x_wconf 76' lang='lat' dir='ltr'><strong>ricl</strong></span> <span class='ocrx_word' id='word_1_853' title='bbox 2592 5093 2784 5139; x_wconf 82' lang='lat' dir='ltr'><strong>couex,</strong></span> <span class='ocrx_word' id='word_1_854' title='bbox 2818 5093 2893 5138; x_wconf 90' lang='grc' dir='ltr'><strong>ως</strong></span> <span class='ocrx_word' id='word_1_855' title='bbox 2920 5093 3039 5129; x_wconf 86' lang='grc' dir='ltr'>εαν.</span> <span class='ocrx_word' id='word_1_856' title='bbox 3072 5093 3244 5129; x_wconf 67' lang='lat' dir='ltr'><strong>uuam</strong></span> <span class='ocrx_word' id='word_1_857' title='bbox 3268 5093 3330 5129; x_wconf 78' lang='grc' dir='ltr'><strong>υ.</strong></span> <span class='ocrx_word' id='word_1_858' title='bbox 3356 5093 3434 5137; x_wconf 85' lang='grc' dir='ltr'><strong>ως</strong></span> <span class='ocrx_word' id='word_1_859' title='bbox 3461 5093 3547 5129; x_wconf 86' lang='grc' dir='ltr'>αν.</span> 
     </span>
     <span class='ocr_line' id='line_1_117' title="bbox 2198 5093 3680 5267; baseline -0.001 -67"><span class='ocrx_word' id='word_1_860' title='bbox 2198 5093 2311 5267; x_wconf 63' lang='grc'>(55)</span> <span class='ocrx_word' id='word_1_861' title='bbox 2348 5143 2552 5198; x_wconf 83' lang='lat' dir='ltr'><strong>Textus</strong></span> <span class='ocrx_word' id='word_1_862' title='bbox 2591 5143 2664 5198; x_wconf 90' lang='lat' dir='ltr'><strong>ibi</strong></span> <span class='ocrx_word' id='word_1_863' title='bbox 2694 5145 2934 5214; x_wconf 91' lang='lat' dir='ltr'><strong>loquitur</strong></span> <span class='ocrx_word' id='word_1_864' title='bbox 2965 5148 3033 5201; x_wconf 89' lang='lat' dir='ltr'><strong>de</strong></span> <span class='ocrx_word' id='word_1_865' title='bbox 3076 5145 3291 5225; x_wconf 72' lang='lat' dir='ltr'><strong>duobus</strong></span> <span class='ocrx_word' id='word_1_866' title='bbox 3329 5145 3505 5200; x_wconf 85' lang='lat' dir='ltr'><strong>solum</strong></span> <span class='ocrx_word' id='word_1_867' title='bbox 3537 5145 3680 5200; x_wconf 82' lang='lat' dir='ltr'><strong>testi-</strong></span> 
     </span>
     <span class='ocr_line' id='line_1_118' title="bbox 2128 5212 3679 5288; baseline -0.001 -18"><span class='ocrx_word' id='word_1_868' title='bbox 2128 5215 2249 5270; x_wconf 85' lang='lat' dir='ltr'><strong>bus.</strong></span> <span class='ocrx_word' id='word_1_869' title='bbox 2307 5232 2340 5269; x_wconf 94' lang='lat' dir='ltr'><strong>n</strong></span> <span class='ocrx_word' id='word_1_870' title='bbox 2373 5228 2477 5268; x_wconf 88' lang='lat' dir='ltr'><strong>ms.</strong></span> <span class='ocrx_word' id='word_1_871' title='bbox 2509 5212 2552 5266; x_wconf 85' lang='grc' dir='ltr'><strong>Β</strong></span> <span class='ocrx_word' id='word_1_872' title='bbox 2604 5223 2688 5270; x_wconf 87' lang='lat' dir='ltr'><strong>est</strong></span> <span class='ocrx_word' id='word_1_873' title='bbox 2713 5235 2726 5270; x_wconf 90' lang='lat'><strong>:</strong></span> <span class='ocrx_word' id='word_1_874' title='bbox 2756 5214 2936 5280; x_wconf 84' lang='grc' dir='ltr'>καθὼς</span> <span class='ocrx_word' id='word_1_875' title='bbox 2963 5216 3059 5270; x_wconf 75' lang='grc' dir='ltr'>καὶ</span> <span class='ocrx_word' id='word_1_876' title='bbox 3091 5231 3251 5270; x_wconf 86' lang='grc' dir='ltr'>τουτο</span> <span class='ocrx_word' id='word_1_877' title='bbox 3273 5216 3305 5269; x_wconf 84' lang='grc' dir='ltr'>ὁ</span> <span class='ocrx_word' id='word_1_878' title='bbox 3330 5215 3531 5288; x_wconf 79' lang='grc' dir='ltr'>Δανιὴλ</span> <span class='ocrx_word' id='word_1_879' title='bbox 3556 5233 3679 5288; x_wconf 86' lang='grc' dir='ltr'>προ-</span> 
     </span>
    </p>
   </div>
   <div class='ocr_carea' id='block_1_116' title="bbox 2166 5231 3679 5288">
    <p class='ocr_par' dir='ltr' id='par_1_116' title="bbox 2166 5231 3679 5288">
     <span class='ocr_line' id='line_1_119' title="bbox 2166 5231 3679 5288; baseline -0.001 -18"><span class='ocrx_word' id='word_1_880' title='bbox 2166 5232 2249 5270; x_wconf 88' lang='lat' dir='ltr'><strong>us.</strong></span> <span class='ocrx_word' id='word_1_881' title='bbox 2282 5231 2340 5269; x_wconf 78' lang='lat' dir='ltr'><strong>in</strong></span> <span class='ocrx_word' id='word_1_882' title='bbox 2373 5231 2477 5268; x_wconf 88' lang='lat' dir='ltr'><strong>ms.</strong></span> <span class='ocrx_word' id='word_1_883' title='bbox 2509 5231 2552 5266; x_wconf 74' lang='grc' dir='ltr'><strong>υ</strong></span> <span class='ocrx_word' id='word_1_884' title='bbox 2604 5231 2688 5270; x_wconf 82' lang='lat' dir='ltr'><strong>est</strong></span> <span class='ocrx_word' id='word_1_885' title='bbox 2713 5235 2726 5270; x_wconf 90' lang='lat'><strong>:</strong></span> <span class='ocrx_word' id='word_1_886' title='bbox 2756 5231 2936 5280; x_wconf 83' lang='grc' dir='ltr'>καυως</span> <span class='ocrx_word' id='word_1_887' title='bbox 2963 5231 3059 5270; x_wconf 82' lang='grc' dir='ltr'><strong>και</strong></span> <span class='ocrx_word' id='word_1_888' title='bbox 3091 5231 3251 5270; x_wconf 85' lang='grc' dir='ltr'>τουτο</span> <span class='ocrx_word' id='word_1_889' title='bbox 3273 5231 3305 5269; x_wconf 92' lang='grc' dir='ltr'><strong>ο</strong></span> <span class='ocrx_word' id='word_1_890' title='bbox 3330 5231 3531 5288; x_wconf 78' lang='grc' dir='ltr'>ΔανιηΑ</span> <span class='ocrx_word' id='word_1_891' title='bbox 3556 5233 3679 5288; x_wconf 85' lang='grc' dir='ltr'>προ-</span> 
     </span>
    </p>
   </div>
   <div class='ocr_carea' id='block_1_117' title="bbox 2126 5288 2295 5339">
    <p class='ocr_par' dir='ltr' id='par_1_117' title="bbox 2126 5288 2295 5339">
     <span class='ocr_line' id='line_1_120' title="bbox 2126 5288 2295 5339; baseline 0 0"><span class='ocrx_word' id='word_1_892' title='bbox 2126 5288 2295 5339; x_wconf 81' lang='grc' dir='ltr'>εἶπεν.</span> 
     </span>
    </p>
   </div>
   <div class='ocr_carea' id='block_1_118' title="bbox 2199 5352 3078 5425">
    <p class='ocr_par' dir='ltr' id='par_1_118' title="bbox 2199 5352 3078 5425">
     <span class='ocr_line' id='line_1_121' title="bbox 2199 5352 3078 5425; baseline -0.001 -14"><span class='ocrx_word' id='word_1_893' title='bbox 2199 5357 2310 5425; x_wconf 85' lang='grc'>(56)</span> <span class='ocrx_word' id='word_1_894' title='bbox 2462 5352 2573 5425; x_wconf 64' lang='lat' dir='ltr'><strong>Bici</strong></span> <span class='ocrx_word' id='word_1_895' title='bbox 2603 5354 2793 5419; x_wconf 78' lang='lat' dir='ltr'><strong>codex,</strong></span> <span class='ocrx_word' id='word_1_896' title='bbox 2820 5355 3078 5425; x_wconf 85' lang='grc' dir='ltr'>ἀναφυέν.</span> 
     </span>
    </p>
   </div>
   <div class='ocr_carea' id='block_1_119' title="bbox 2200 5423 3055 5498">
    <p class='ocr_par' dir='ltr' id='par_1_119' title="bbox 2200 5423 3055 5498">
     <span class='ocr_line' id='line_1_122' title="bbox 2200 5423 3055 5498; baseline -0.005 -16"><span class='ocrx_word' id='word_1_897' title='bbox 2200 5423 2312 5498; x_wconf 88' lang='grc'>(57)</span> <span class='ocrx_word' id='word_1_898' title='bbox 2336 5424 2436 5498; x_wconf 74' lang='lat' dir='ltr'><strong>his.</strong></span> <span class='ocrx_word' id='word_1_899' title='bbox 2456 5423 2560 5498; x_wconf 20' lang='grc' dir='ltr'>,Α</span> <span class='ocrx_word' id='word_1_900' title='bbox 2583 5426 2778 5498; x_wconf 12' lang='grc' dir='ltr'>εἰςμτὸν</span> <span class='ocrx_word' id='word_1_901' title='bbox 2805 5423 3055 5498; x_wconf 78' lang='grc' dir='ltr'>Χριστόν.</span> 
     </span>
    </p>
   </div>
   <div class='ocr_carea' id='block_1_120' title="bbox 2199 5491 3407 5566">
    <p class='ocr_par' dir='ltr' id='par_1_120' title="bbox 2199 5491 3407 5566">
     <span class='ocr_line' id='line_1_123' title="bbox 2199 5491 3407 5566; baseline 0.002 -15"><span class='ocrx_word' id='word_1_902' title='bbox 2199 5491 2311 5565; x_wconf 82' lang='grc'>(58)</span> <span class='ocrx_word' id='word_1_903' title='bbox 2340 5496 2423 5566; x_wconf 90' lang='lat' dir='ltr'><strong>Al.</strong></span> <span class='ocrx_word' id='word_1_904' title='bbox 2451 5493 2564 5549; x_wconf 87' lang='lat' dir='ltr'><strong>Pici</strong></span> <span class='ocrx_word' id='word_1_905' title='bbox 2591 5496 2779 5566; x_wconf 80' lang='lat' dir='ltr'><strong>codex,</strong></span> <span class='ocrx_word' id='word_1_906' title='bbox 2808 5491 3103 5566; x_wconf 80' lang='grc' dir='ltr'>ἀναγκαῖον</span> <span class='ocrx_word' id='word_1_907' title='bbox 3123 5491 3214 5552; x_wconf 77' lang='grc' dir='ltr'>οὖν</span> <span class='ocrx_word' id='word_1_908' title='bbox 3241 5498 3407 5553; x_wconf 72' lang='grc' dir='ltr'>ἐστιν.</span> 
     </span>
    </p>
   </div>
   <div class='ocr_carea' id='block_1_121' title="bbox 2199 5565 3260 5707">
    <p class='ocr_par' dir='ltr' id='par_1_121' title="bbox 2199 5565 3260 5707">
     <span class='ocr_line' id='line_1_124' title="bbox 2199 5565 3260 5647; baseline 0 -25"><span class='ocrx_word' id='word_1_909' title='bbox 2199 5568 2311 5637; x_wconf 63' lang='lat'><strong>(59:</strong></span> <span class='ocrx_word' id='word_1_910' title='bbox 2335 5565 2442 5632; x_wconf 77' lang='lat' dir='ltr'><strong>AL,</strong></span> <span class='ocrx_word' id='word_1_911' title='bbox 2468 5565 2806 5647; x_wconf 64' lang='grc' dir='ltr'>παραγάγαι.</span> <span class='ocrx_word' id='word_1_912' title='bbox 2837 5565 2934 5631; x_wconf 44' lang='grc' dir='ltr'>Β,,“</span> <span class='ocrx_word' id='word_1_913' title='bbox 2952 5569 3260 5639; x_wconf 86' lang='grc' dir='ltr'>παράγαγε.</span> 
     </span>
     <span class='ocr_line' id='line_1_125' title="bbox 2200 5624 3260 5707; baseline 0.001 -16"><span class='ocrx_word' id='word_1_914' title='bbox 2200 5624 2310 5707; x_wconf 82' lang='grc'>(60)</span> <span class='ocrx_word' id='word_1_915' title='bbox 2339 5636 2442 5702; x_wconf 89' lang='lat' dir='ltr'><strong>ld.,</strong></span> <span class='ocrx_word' id='word_1_916' title='bbox 2469 5635 2610 5692; x_wconf 79' lang='grc' dir='ltr'>θέλει</span> <span class='ocrx_word' id='word_1_917' title='bbox 2644 5653 2725 5707; x_wconf 82' lang='grc' dir='ltr'>τῳ</span> <span class='ocrx_word' id='word_1_918' title='bbox 2750 5638 2963 5707; x_wconf 83' lang='grc' dir='ltr'>Σωτῆρι</span> <span class='ocrx_word' id='word_1_919' title='bbox 3004 5639 3159 5707; x_wconf 79' lang='grc' dir='ltr'>ἡμῶν</span> <span class='ocrx_word' id='word_1_920' title='bbox 3188 5642 3218 5694; x_wconf 84' lang='grc' dir='ltr'><strong>δ</strong></span> <span class='ocrx_word' id='word_1_921' title='bbox 3245 5658 3260 5692; x_wconf 82' lang='grc' dir='ltr'><strong>ι</strong></span> 
     </span>
    </p>
   </div>
   <div class='ocr_carea' id='block_1_122' title="bbox 2128 5635 3675 5771">
    <p class='ocr_par' dir='ltr' id='par_1_122' title="bbox 2128 5635 3675 5771">
     <span class='ocr_line' id='line_1_126' title="bbox 2128 5635 3675 5771; baseline 0.003 -80"><span class='ocrx_word' id='word_1_922' title='bbox 2128 5635 2310 5771; x_wconf 57' lang='grc' dir='ltr'>λε</span> <span class='ocrx_word' id='word_1_923' title='bbox 2339 5636 2442 5702; x_wconf 90' lang='lat' dir='ltr'><strong>ld.,</strong></span> <span class='ocrx_word' id='word_1_924' title='bbox 2469 5635 2610 5692; x_wconf 79' lang='grc' dir='ltr'>θέλει</span> <span class='ocrx_word' id='word_1_925' title='bbox 2644 5635 2725 5708; x_wconf 82' lang='grc' dir='ltr'><strong>τῷ</strong></span> <span class='ocrx_word' id='word_1_926' title='bbox 2750 5638 2963 5711; x_wconf 82' lang='grc' dir='ltr'>Σωτῆρι</span> <span class='ocrx_word' id='word_1_927' title='bbox 3004 5635 3159 5712; x_wconf 64' lang='grc' dir='ltr'>ημῶν</span> <span class='ocrx_word' id='word_1_928' title='bbox 3188 5635 3218 5694; x_wconf 81' lang='grc' dir='ltr'><strong>δ</strong></span> <span class='ocrx_word' id='word_1_929' title='bbox 3245 5639 3359 5706; x_wconf 76' lang='grc' dir='ltr'>υἱὸς</span> <span class='ocrx_word' id='word_1_930' title='bbox 3398 5640 3497 5714; x_wconf 82' lang='grc' dir='ltr'>τῆς</span> <span class='ocrx_word' id='word_1_931' title='bbox 3534 5643 3675 5698; x_wconf 81' lang='grc' dir='ltr'>ἀπω-</span> 
     </span>
    </p>
   </div>
  </div>
