3882 6332
232 352 334 408 0ξὸ

1144 351 1414 410 SPURIA.
1454 383 1524 394 —-
1561 351 1648 406 DE
1691 349 2272 408 CONSUMMATIONE
2306 346 2544 406 MUNDI.

3347 346 3452 401 926

228 487 346 524 πων
361 468 555 534 σῶσαι,
571 471 634 523 ἐκ
646 469 744 542 τῆς
776 470 1041 544 ἀχράντου
1062 472 1154 525 καὶ
1168 471 1441 542 Παρθένου
1459 471 1568 544 (61)
1587 473 1782 546 Μαρίας

1902 471 2110 527 hostem
2150 469 2506 534 conculcavit,
2533 481 2644 522 sum
2671 466 2970 522 divinitatis
3013 465 3230 537 pr0pria
3263 477 3452 538 poten-

228 562 446 632 ἐτέχθη,
481 563 576 616 καὶ
611 564 669 617 ὲν
709 565 944 634 σχήματι
972 564 1176 636 σαρκὸς
1210 566 1300 618 τὸν
1338 565 1529 637 ἐχθρὸν
1558 567 1792 619 κατεπά⁸

226 669 413 723 τησεν,
441 655 500 707 ὲν
543 654 648 725 ἰδίᾳ
673 653 896 725 δυνάμει
925 655 1023 726 τῆς
1055 655 1216 709 αὑτοῦ
1263 655 1510 728 θεότητος
1545 655 1673 727 (62)·
1704 654 1796 710 τὸν

227 744 394 800 αὐτὸν
422 747 620 819 τρόπον
643 749 735 800 καὶ
761 750 790 800 6
815 747 1058 812 διάϐολος
1086 749 1150 802 ὲκ
1182 751 1380 821 μιαρᾶς
1408 749 1662 817 γυναικὸς
1689 748 1796 812 ἐξε-

227 835 480 891 λεύσεται
511 839 603 892 ἐπὶ
638 839 737 910 τῆς
763 839 883 909 γῆς’
909 839 1156 894 τίκτεκαι
1183 841 1239 894 δὲ
1267 842 1324 894 ὲν
1353 841 1527 913 πλάνῃ
1559 842 1622 894 ἐκ
1656 857 1798 910 παρ-

227 929 385 983 θένου
415 930 548 1001 (65).
591 929 649 984 Ὀ
675 931 780 1002 γὰρ
810 931 942 995 Θεὸς
986 932 1141 1003 ἡμῶν
1193 933 1467 1005 σαρκικῶς
1508 935 1637 1004 ήμϊν
1685 932 1794 1006 (64)

229 1021 542 1092 ἐπεδήμησε
574 1020 714 1075 κατά
739 1022 837 1094 τὴν
873 1024 1049 1094 σάρκα
1076 1023 1174 1096 τήν
1203 1024 1495 1097 ἡμετέραν,
1522 1025 1589 1094 ἣν
1634 1025 1794 1089 αὐτὸς

227 1112 456 1184 ἐποίησε
503 1112 580 1184 τῷ
626 1113 794 1184 Ἀδάμ
838 1115 932 1168 καὶ
970 1116 1104 1168 πᾶσι
1145 1118 1259 1179 τοῖς
1306 1115 1364 1182 ἐξ
1407 1115 1595 1187 Ἀδὰμ,
1630 1119 1796 1188 χωρὶς

229 1204 524 1276 ἁμαρτίαςο
548 1208 578 1259 6
597 1205 653 1259 δὲ
686 1203 928 1269 διάϐολος
954 1207 1002 1258 εί
1030 1205 1122 1258 καὶ
1151 1207 1326 1279 σάρκα
1356 1206 1630 1272 ἀναλάϐοι,
1661 1207 1795 1260 ἀλλά

227 1294 403 1350 ταῦτα
448 1297 506 1350 ἐν
552 1296 766 1368 δοκήσει
805 1296 948 1369 (65)’
991 1296 1110 1360 πῶς
1160 1296 1267 1368 γὰρ
1317 1297 1384 1368 ἢν
1433 1297 1532 1351 οὑκ
1573 1297 1793 1369 ἐποίησε

228 1387 434 1456 σάρκα,
466 1386 600 1441 ἀλλά
635 1388 730 1440 καὶ
773 1389 996 1458 πολεμεῖ
1029 1387 1147 1440 καθ’
1181 1388 1436 1458 ἑκάστην,
1468 1389 1669 1458 ταύτην
1700 1405 1796 1457 φοι

226 1477 440 1549 ρέσειεν
467 1476 606 1549 (66);
635 1476 838 1549 ταύτην
879 1478 936 1530 δὲ
979 1473 1152 1549 οἶμαι,
1189 1479 1555 1550 ⁴ήγαπημένοι,
1599 1496 1796 1548 φαντα-

224 1567 418 1638 στικὴν
447 1567 546 1638 τῆς
579 1568 776 1639 σαρκὸς
821 1568 983 1622 αὑτοῦ
1025 1571 1210 1624 οὐσίαν
1251 1570 1583 1642 ἀναλήψεται
1628 1571 1794 1640 ὄργα-

218 1674 348 1711 νον·
396 1657 486 1711 διὰ
527 1658 684 1712 τοῦτο
720 1659 814 1712 καὶ
867 1661 931 1713 ὲκ
981 1660 1244 1733 παρθένου
1288 1661 1560 1725 τίκτεται,
1608 1661 1794 1734 ὥσπερ

219 1748 467 1820 πνεῦμα,
502 1749 595 1802 καὶ
641 1748 776 1822 σάρξ
813 1754 922 1815 τοῖς
960 1751 1165 1816 λοιποῖς
1195 1751 1302 1822 (67)
1335 1751 1794 1823 ὲμφανισθήσεται

1897 564 1991 618 tia.
2026 563 2104 617 Ad
2138 562 2385 616 eumdem
2419 560 2640 614 modum
2679 559 2843 615 etiam
2872 560 3117 614 diabolus
3143 575 3208 614 ex
3240 561 3449 631 impura

1893 656 2121 710 muliere
2163 653 2399 724 prodibit
2445 667 2609 721 super
2647 661 2846 706 terram
2880 693 2892 706 .
2925 652 3016 707 sed
3049 652 3183 708 falso
3211 654 3451 709 nascitur

1893 759 1960 801 ex
1992 744 2219 814 virgine.
2254 743 2462 799 Etenim
2509 742 2650 798 Deus
2693 752 2876 798 noster
2922 744 2974 797 in
3013 760 3174 800 carne
3202 755 3450 801 versatus

1893 844 1977 892 est
2004 836 2311 900 nobiscum,
2360 843 2560 888 nostrae
2595 849 2704 888 non
2735 835 2960 904 dispari,
2991 851 3152 904 quam
3187 837 3300 907 ipse
3325 835 3451 894 fecit

1893 928 2122 993 Adamo,
2159 927 2497 996 posterisque
2525 926 2643 995 ejus
2679 927 2950 992 omnibus,
2979 927 3182 997 absque
3206 937 3446 998 peccato.

1897 1018 2002 1073 Sed
2033 1018 2285 1072 diabolus
2332 1016 2458 1070 licet
2507 1030 2725 1070 carnem
2777 1024 3038 1082 assumat,
3067 1016 3170 1070 hoc
3198 1018 3453 1086 opinione

1895 1117 2129 1164 tantum.
2163 1106 2269 1174 Qui
2311 1106 2455 1160 enim
2503 1121 2720 1160 carnem
2754 1104 2948 1172 ferret,
2978 1122 3140 1175 quam
3191 1109 3305 1176 ipse
3340 1125 3446 1164 non

1894 1201 2156 1264 condidit,
2212 1199 2306 1255 sed
2362 1207 2636 1268 oppugnat
2680 1199 2962 1268 quotidie?
3008 1197 3176 1265 Hanc,
3231 1201 3445 1268 opinor.

1893 1290 2095 1353 dilecti,
2130 1289 2309 1344 carnis
2337 1305 2449 1344 suae
2478 1286 2833 1344 substantiam
2862 1286 3258 1355 phantasticam
3294 1303 3451 1341 assu-

1893 1381 1991 1435 mit
2025 1380 2213 1451 organi
2249 1380 2385 1434 vice.
2417 1378 2703 1448 Propterea
2740 1379 2927 1432 edetur
2949 1393 3015 1432 ex
3043 1379 3252 1447 virgine
3284 1380 3449 1435 veluti

1893 1472 2118 1542 spiritus
2151 1492 2164 1527 :
2194 1472 2286 1542 qui
2319 1472 2534 1541 quidem
2567 1482 2695 1524 tunc
2731 1469 2952 1539 reliquis
2993 1471 3272 1539 apparebit
3299 1487 3446 1526 caro.

1891 1565 2027 1620 Nam
2060 1565 2324 1635 virginem
2361 1563 2634 1633 peperisse
2663 1561 2832 1616 solam
2861 1562 3264 1616 sanctissimam
3298 1564 3450 1618 novi-

1891 1673 2014 1711 mus
2056 1672 2069 1708 :
2113 1670 2233 1725 qua:
2275 1655 2615 1723 carnigerum
2675 1669 2800 1707 vere
2851 1654 3035 1724 genuit
3091 1653 3446 1710 Salvatorem.

1895 1749 2171 1820 Siquidem
2202 1748 2411 1819 Moyses
2434 1749 2509 1801 ait
2533 1763 2544 1797 :
2573 1746 2737 1802 Omne
2765 1747 3112 1800 masculinum
3141 1747 3450 1816 adaperiam

213 1840 368 1893 τότε·
404 1839 466 1892 τὸ
495 1840 601 1912 γάρ
647 1841 910 1912 παρθένον
948 1847 1144 1909 τεκεῖν,
1185 1844 1352 1914 μόνην
1390 1844 1489 1914 τὴν
1523 1845 1782 1913 παναγίαν

1896 1838 2127 1903 vulvam,
2179 1847 2417 1892 sanctum
2463 1836 2685 1888 Domino
2733 1838 3002 1888 vocabitur
3031 1837 3090 1888 ‘7.
3126 1836 3222 1891 llic
3269 1848 3448 1894 autem

213 1931 504 2001 ἔγνωμεν,
538 1931 874 2005 σαρκοφόρον
906 1933 1156 1997 ἀπλανῶς
1191 1934 1301 2006 (68)
1339 1936 1670 2006 γεννήσαντα
1701 1935 1789 1988 τὸν

210 2023 471 2094 Σωτῆρα.
489 2024 641 2076 Ἐπεὶ
671 2025 911 2095 Μωῦσῆς
936 2026 1100 2094 λέγει’
1124 2025 1252 2081 Πᾶν
1275 2027 1462 2095 ἄρσεν
1490 2026 1791 2098 διανοῖγον

203 2112 470 2183 μήτραν,
491 2113 660 2184 ἅγιον
683 2113 764 2180 τῷ
787 2116 979 2183 Κυρίῳ
1009 2115 1369 2184 κληθήσεται
1407 2115 1537 2188 (69).
1573 2116 1647 2169 Οὐ
1683 2114 1788 2187 μὴν

207 2205 491 2276 οὐδαμῶς,
525 2205 638 2259 ἀλλ’
671 2206 858 2279 ὥσπερ
888 2209 916 2260 ό
947 2208 1137 2279 ἐχθρὸς
1181 2209 1240 2262 οὐ
1273 2208 1522 2273 διανοίξει
1557 2209 1787 2279 μήτραν,

206 2296 392 2360 οὔτως
423 2297 540 2350 οὐδὲ
568 2297 746 2369 σάρκα
773 2299 977 2372 τρανὴν
1008 2299 1368 2370 ἀναλήψεται,
1403 2301 1496 2356 καὶ
1524 2315 1790 2370 περιτμη-

206 2386 464 2459 θήσεται,
488 2388 670 2454 καθὼς
692 2391 786 2443 καὶ
811 2391 840 2442 6
865 2391 1098 2462 Χριστὸς
1129 2391 1490 2464 περιετμήθη.
1513 2391 1624 2445 Καὶ
1652 2389 1788 2444 καθ-

1894 1944 2259 2001 nequaquam.
2291 1927 2394 1983 Sed
2423 1927 2878 1998 quemadmodum
2907 1928 3078 1983 hostis
3106 1944 3212 1983 non
3250 1931 3452 2000 aperiet

1887 2023 2132 2091 vulvamf,
2164 2021 2238 2076 ita
2269 2036 2371 2075 nec
2415 2035 2634 2075 carnem
2677 2035 2860 2075 veram
2912 2029 3186 2086 assumet,
3214 2032 3305 2076 aut
3337 2023 3448 2077 cir-

1887 2113 2240 2180 cumcidetur,
2275 2121 2334 2166 ut
2364 2121 2419 2167 et
2460 2111 2813 2167 circumcisus
2845 2121 2927 2166 est
2953 2110 3222 2167 Christus.
3253 2112 3318 2168 Et
3345 2114 3452 2169 sic-

1887 2203 1967 2260 uti
2015 2200 2264 2256 Christus
2314 2201 2474 2271 elegit
2524 2200 2828 2269 apostolos,
2896 2200 2974 2256 sic
3037 2201 3126 2256 ille
3181 2202 3446 2273 integrum

1887 2293 2148 2365 populum
2189 2293 2487 2364 discipulos
2535 2292 2637 2348 sibi
2690 2292 2917 2348 asciscct
2959 2293 3199 2364 nequitia
3245 2296 3329 2349 sui
3374 2297 3450 2351 si-

1889 2386 2064 2442 miles.

203 2483 290 2549 ὼς
331 2486 362 2538 6
400 2486 633 2556 Χριστὸς
707 2487 833 2551 τοὺς
881 2488 1206 2552 ἀποστόλους
1271 2489 1580 2555 ἐξελέξατο,
1640 2486 1812 2549 οὕτως
1865 2482 1960 2538 καὶ
2013 2482 2216 2545 ἐκεῖνος
2292 2480 2460 2552 δῆμον
2507 2479 2796 2554 ὁλόκληρον
2853 2481 3104 2553 μαθητῶν
3153 2483 3451 2555 προσλήψε-

203 2596 303 2635 ται
357 2580 467 2650 (70)
507 2581 724 2651 ὁμοίους
771 2581 872 2650 τῆς
920 2582 1084 2636 αὑτοῦ
1132 2583 1468 2654 κακουργίας
1515 2582 1875 2653 ὑπάρχοντας.

282 2675 479 2727 XXIII.
536 2675 624 2728 Ἐν
664 2673 898 2747 πρώτοις
937 2677 994 2730 δὲ
1044 2677 1104 2730 τὸ
1156 2677 1262 2732 τῶν
1319 2677 1586 2732 Ἰουδαίων
1634 2677 1784 2742 ἔθνος

201 2762 509 2833 ἀγαπήσει.
556 2763 712 2816 Μετὰ
755 2764 812 2817 δὲ
853 2763 1056 2819 τούτων
1083 2766 1335 2820 ἁπάντων
1368 2768 1566 2837 σημεῖα
1606 2766 1785 2819 ὲπιτε-

203 2853 382 2919 λέσει,
415 2853 510 2908 καὶ
559 2853 810 2926 θαύματα
861 2856 1098 2927 φοϐερὰ,
1145 2857 1259 2910 ἀλλ’
1304 2857 1403 2910 οὐκ
1436 2855 1633 2928 ἀληθῆ,
1670 2854 1783 2909 ἀλλ’

202 2946 264 2997 ὲν
325 2944 504 3018 πλάνῃ
557 2944 696 3016 (7|),
755 2948 904 3010 ὅπως
963 2947 1210 3020 πλανήσῃ
1257 2949 1382 3011 τοὺς
1423 2947 1639 3018 ὁμοίους
1673 2946 1783 3018 (72)

1951 2671 2138 2728 XXIII.
2173 2671 2230 2727 ln
2269 2670 2462 2742 primis
2501 2680 2681 2726 autem
2725 2671 3004 2728 Judaicam
3043 2683 3255 2743 gentem
3289 2691 3440 2730 ama-

1889 2764 1971 2820 bit
2002 2781 2015 2817 :
2041 2765 2185 2836 apud
2211 2778 2306 2820 eos
2333 2778 2521 2819 omnes
2543 2764 2697 2834 signa
2733 2765 2854 2819 edet
2882 2774 2936 2819 et
2978 2766 3242 2820 horrenda
3278 2769 3444 2821 mira-

1885 2856 2028 2921 cula,
2053 2871 2162 2911 non
2184 2871 2333 2923 vera,
2358 2854 2452 2912 sed
2484 2854 2642 2922 falsa,
2670 2855 2738 2910 ad
2767 2858 3098 2914 seducendos
3131 2859 3215 2912 sui
3240 2859 3446 2915 similes

1883 2945 2100 3016 impios.
2135 2944 2373 3010 Etenim,
2403 2944 2450 3000 si
2482 2945 2594 3000 lieri
2622 2955 2816 3015 potest.
2851 2947 3016 3002 etiam
3047 2948 3246 3004 electos
3271 2951 3446 3004 abdu-

201 3037 362 3109 αὐτῷ
405 3037 652 3102 ἀσεϐεῖς·
687 3041 736 3092 εί
787 3039 1009 3092 δυνατὸν
1040 3040 1168 3112 γὰρ,
1210 3040 1304 3093 καὶ
1344 3041 1468 3103 τοὺς
1499 3041 1782 3105 ἐκλεκτοὺς

1896 3045 1971 3093 cet
2019 3051 2051 3092 a
2100 3036 2387 3092 dilectione
2436 3033 2640 3091 Christi
2679 3036 2744 3090 ⁸⁸.
2781 3035 2974 3091 Verum
3023 3037 3077 3091 in
3133 3039 3446 3108 primordiis

201 3133 510 3204 ἀποστήσει
555 3132 662 3185 ἀπὸ
705 3132 806 3202 τῆς
843 3132 1061 3202 ἀγάπης
1103 3130 1196 3184 τοῦ
1230 3131 1482 3203 Χριστοῦ.
1528 3132 1687 3188 Ἀλλά
1716 3133 1782 3188 τά

1896 3128 2005 3184 suis
2033 3128 2270 3184 clemens
2297 3127 2420 3190 erit,
2469 3127 2644 3182 {actus
2689 3128 2756 3182 ad
2795 3128 3166 3194 dilectionem,
3200 3130 3444 3200 quietus,

201 3220 408 3294 πρῶτα
449 3221 615 3275 αὐτοῦ
658 3220 767 3293 (75)
803 3221 1092 3291 γενήσεται
1146 3220 1356 3292 πραῢς,
1405 3220 1781 3292 ἀγαπητικδς,

196 3312 443 3382 ἥσυχος,
493 3311 743 3382 εὐλαϐὴς,
784 3311 1140 3383 είρηνοποιὸς,
1185 3309 1356 3381 μισῶν
1403 3311 1634 3378 ἀδικίαν,
1665 3311 1783 3384 βδε-

197 3405 530 3476 λυττόμενος
568 3405 743 3477 δῶρα,
784 3402 1222 3475 είδωλολατρείαν
1268 3402 1342 3474 μὴ
1399 3403 1782 3476 προσιέμενος,

196 3497 304 3559 τὰς
348 3495 588 3568 Γραφάς,
625 3497 788 3566 φησιν
817 3495 948 3567 (74),
981 3493 1228 3562 ἀγαπῶν,
1259 3495 1422 3566 ἱερεῖς
1451 3495 1784 3565 αἰδούμενος,

196 3587 401 3651 πολιάς
433 3588 623 3658 τιμῶν,
653 3588 906 3658 πορνείαν
941 3585 1014 3657 μὴ
1057 3585 1503 3657 καταδεχόμενος,
1539 3586 1784 3657 μοιχείαν

195 3677 620 3751 βδελυττόμενος
653 3675 784 3749 (75),
818 3676 1172 3740 καταλαλιαῖς
1220 3676 1294 3748 μὴ
1343 3677 1644 3748 προσέχων,
1693 3679 1784 3749 ὅρ-

197 3788 341 3834 κους
395 3770 469 3842 μὴ
522 3769 950 3841 καταδεχόμενος
973 3809 989 3832 ,
1053 3768 1326 3837 φιλόξενος
1346 3808 1359 3833 ,
1424 3768 1780 3839 φιλόπτωχος,

194 3863 456 3934 ἐλεήμων
505 3861 633 3933 (76).
676 3857 808 3915 Εἶτα
859 3860 951 3914 καὶ
1001 3859 1204 3932 τέρατα
1254 3860 1504 3932 ποιήσει,
1549 3860 1782 3931 λεπροὺς

192 3953 550 4026 καθαρίζων,
590 3951 925 4024 παραλύτους
968 3952 1220 4024 ἐγείρων,
1255 3951 1513 4022 δαίμονας
1542 3952 1779 4007 ἀπελαύ-

194 4063 332 4108 νων,
367 4045 496 4115 περὶ
523 4043 631 4096 τῶν
663 4043 850 4113 τεόρρω
885 4042 961 4106 ὡς
991 4041 1260 4094 ἐνεστῶτα
1291 4040 1617 4110 διαγγέλλων
1643 4041 1776 4113 (77),

193 4137 431 4209 νεκροὺς
461 4134 712 4200 ἀνιστῶν,
746 4135 942 4206 χήραις
971 4134 1309 4206 ἐπικουρῶν,
1342 4133 1589 4205 ὀρφανῶν
1621 4138 1776 4205 προῖ-

197 4229 494 4300 στάμενος,
522 4227 752 4296 ἀγαπῶν
785 4228 1009 4291 πάντας,
1043 4228 1168 4290 τοὺς
1201 4227 1540 4297 μαχομένους
1570 4226 1779 4299 ἀνθρὼ-

1888 3217 2204 3289 religiosus,
2235 3217 2523 3288 paciﬁcus,
2552 3217 2644 3288 qui
2679 3218 2804 3272 odio
2850 3229 3209 3289 prosequatur
3232 3221 3448 3290 injusti-

1889 3312 2044 3379 tiam,
2075 3311 2370 3366 detestetur
2415 3325 2678 3377 munera,
2719 3311 3080 3367 idololatriam
3117 3329 3223 3368 non
3252 3315 3448 3369 admit-

1889 3412 2002 3468 tat,
2033 3416 2178 3457 amet
2225 3400 2553 3470 Scripturas,
2585 3411 2895 3458 revereatur
2924 3403 3250 3470 sacerdotes,
3293 3405 3444 3459 cani-

1894 3493 2020 3549 tiem
2060 3492 2252 3548 honori
2279 3493 2494 3557 habeat,
2530 3493 2910 3549 scortationem
2940 3495 3203 3564 repudiet,
3234 3496 3445 3551 adulte-

1886 3584 2029 3638 rium
2060 3584 2425 3647 abominetur,
2459 3585 2878 3640 obtrectationes
2907 3601 3016 3639 non
3054 3585 3268 3653 audiat,
3294 3588 3443 3656 deje-

1880 3676 2120 3731 rationes
2145 3692 2253 3731 non
2291 3676 2536 3748 recipiat,
2581 3677 2898 3746 hospitalis,
2933 3679 3212 3748 studiosus
3237 3695 3444 3750 paupe-

1881 3782 2035 3835 rum,
2089 3767 2422 3822 misericors.
2473 3766 2663 3824 Postea
2716 3769 2839 3824 edet
2890 3770 3154 3839 prodigia,
3198 3771 3443 3840 leprosos

1881 3860 2196 3914 mundando
2217 3901 2233 3928 ,
2282 3860 2605 3930 paralyticos
2633 3861 2948 3924 excitando.
2981 3863 3297 3932 expellendo
3333 3864 3444 3920 da:-

1885 3967 2074 4008 mones
2114 3971 2127 4007 :
2159 3952 2456 4023 longinqua
2497 3970 2604 4009 non
2647 3953 2800 4008 aliter
2832 3969 2994 4024 quam
3036 3956 3319 4024 praesentia
3348 3956 3444 4010 de-

1882 4045 2175 4111 nuntiabit,
2227 4046 2486 4100 excitabit
2541 4057 2820 4112 mortuos,
2866 4045 3042 4100 viduis
3085 4061 3241 4115 Opem
3285 4046 3440 4113 feret,

1881 4135 2116 4206 pupillos
2139 4135 2397 4202 tuebitur,
2432 4144 2660 4191 cunctos
2689 4137 2902 4208 diliget,
2929 4136 3243 4191 conciliabit
3265 4137 3442 4191 homi-

1881 4242 1978 4282 nes
2027 4227 2416 4283 contendentes
2460 4229 2527 4283 ad
2575 4228 2906 4294 amicitiam,
2948 4229 3034 4285 his
3074 4230 3256 4284 verbis
3291 4244 3304 4281 :
3347 4226 3441 4283 Sol

192 4337 340 4384 πους
369 4319 750 4374 καταλλάττων
789 4319 871 4382 εἰς
900 4318 1140 4389 ἀγάπην,
1173 4319 1266 4372 καὶ
1302 4318 1491 4386 λέγων·
1519 4315 1614 4384 Μὴ
1649 4318 1772 4370 ἐπι-

1896 4334 1979 4372 ιοη
2011 4318 2218 4372 occidat
2241 4335 2396 4389 super
2420 4320 2753 4374 iracundiam
2773 4330 2997 4374 vestram
3024 4321 3089 4377 ".
3117 4319 3235 4376 Non
3266 4321 3440 4392 possi-

268 4461 316 4493 ⁶⁷
339 4459 513 4516 Exod.
557 4477 675 4526 xm,
707 4460 770 4529 2;
801 4475 986 4526 xxnv,
1013 4459 1112 4527 {9;
1143 4459 1304 4516 Num.
1338 4477 1454 4528 vm,
1489 4459 1588 4528 16;
1618 4459 1751 4516 Luc.
1789 4476 1848 4528 ιι,
1877 4461 1968 4516 93.
2043 4462 2088 4494 ⁸⁸
2111 4461 2299 4517 Matth.
2330 4479 2477 4532 xxiv,
2511 4462 2601 4517 24.

269 4575 385 4650 (6.!)
412 4578 824 4650 ξᾼειπαρθένρν,
852 4579 915 4650 Β.

273 4646 388 4718 (62⁷)
412 4646 588 4704 Verba
614 4646 684 4702 ’ἐν
717 4649 822 4721 ἰδίᾳ
848 4649 897 4702 δ.
924 4667 975 4702 τ.
1009 4667 1064 4704 α.
1097 4649 1347 4720 θεότητος
1376 4650 1429 4703 in
1459 4648 1520 4702 Β.
1558 4649 1771 4704 deside-

306 4727 414 4772 tur.

190 4732 513 4862 ΐέῖὲξῖἶάη
540 4787 785 4862 τίκτεται
815 4788 924 4862 γὰρ
963 4788 1206 4862 ἀκριϐῶς
1234 4790 1300 4843 ὲκ
1335 4788 1626 4862 παρθένου.
1659 4789 1772 4862 Arte

190 4858 510 4930 tichristum
542 4859 789 4930 futurum
812 4858 1111 4915 daemonem
1138 4859 1375 4912 humana
1399 4858 1591 4930 ligura,
1612 4861 1774 4930 multi

191 4929 295 4985 alii
327 4938 540 4998 veteres
579 4929 803 4998 tradunt
839 4947 852 4984 :
889 4930 1248 4998 Augustinus,
1289 4927 1562 4998 Sulpicius
1605 4927 1771 4984 Seve-

188 5015 297 5056 rus
330 4997 547 5069 dialogo
578 4999 633 5060 2,
663 4997 945 5069 P_hilippus

293 5068 387 5140 64)
422 5067 582 5140 ᾘμῖν
604 5070 659 5124 in
689 5067 750 5123 Β.
789 5067 958 5124 deest.
1005 5121 1011 5127 .

294 5137 386 5208 65)
427 5137 572 5193 Cave
621 5153 854 5209 prorsus;
895 5139 1026 5194 dum
1075 5139 1398 5209 aiticorpus
1449 5137 1768 5194 Antichristi

191 5207 642 5282 phantasticum}
673 5207 1032 5282 quiaPaulus
1055 5207 1445 5282 A_ntichris_tum
1483 5217 1640 5263 vocat
1670 5209 1767 5282 ho-

193 5277 403 5338 ininem
435 5277 659 5346 peccati.
685 5279 746 5335 Il.
769 5278 962 5338 Thess.
990 5293 1056 5334 ιι.
1071 5277 1386 5335 Picus—In
1403 5281 1464 5338 B.
1486 5290 1570 5338 est
1593 5279 1764 5351 ταύτῃ

196 5351 303 5402 ιιὲν
329 5350 566 5402 δοκήσει.

243 5367 303 5404 εν
329 5367 566 5404 οοκησει.

195 5351 303 5422 μὲν
329 5351 566 5421 δοκήσει.

272 5420 385 5489 (66)
411 5421 496 5474 Al.
525 5419 638 5493 Pici
678 5421 880 5493 codex!
915 5417 1132 5493 radrnv
1150 5419 1421 5493 φορὲσειν,
1453 5417 1656 5493 ταύτην
1682 5415 1763 5493 oi—

272 5435 385 5489 (ου)
411 5435 496 5474 At.
525 5435 638 5475 l’lCl
678 5435 880 5485 couex,
915 5435 1118 5491 ταυτην
1150 5435 1421 5493 φορεσειν,
1453 5436 1554 5473 ταυ
1627 5435 1656 5472 ν
1682 5435 1763 5472 οι-

200 5507 322 5566 ita},
352 5491 715 5566 ἠγαπημένοι.
747 5490 803 5544 1η
843 5490 902 5544 Β.
939 5499 1042 5566 est,
1074 5491 1250 5566 σάρκα
1283 5435 1654 5566 ἐνδυσεταιῗᾟ
1671 5491 1765 5544 καὶ

200 5509 322 5561 μαι,
352 5509 715 5613 ηγαπτὸμενοι.
747 5509 803 5544 tn
843 5509 902 5544 υ.
939 5509 1042 5556 eSt,
1074 5509 1250 5562 σαρκα
1283 5509 1576 5554 ενουσεται,
1607 5509 1640 5566 ῃ
1671 5509 1760 5544 και

194 5561 428 5632 πολεμεῖ
455 5578 524 5613 κα
562 5562 573 5580 ’
600 5562 852 5632 ἑκάστην,
881 5560 1340 5632 ταύτηνφορέσει.
1380 5559 1760 5632 umquam

193 5627 350 5699 οἶμαι
380 5631 745 5702 φανταστικὴν
770 5627 955 5683 οὐσίαν
983 5627 1324 5686 ἀναλάϐεται.
1356 5631 1452 5684 Διά
1481 5631 1636 5684 τοῦτο
1668 5627 1764 5686 καὶ

195 5701 264 5753 ὲκ
298 5703 496 5753 μιαρᾶς
526 5701 692 5753 κόρης
719 5701 974 5753 τίκτεται.

229 5717 264 5752 κ
296 5717 496 5763 μιαρας
526 5717 692 5763 κορης
719 5717 974 5755 τίκτεται.

293 5718 496 5823 suam;
526 5718 692 5771 κορης
719 5718 974 5755 τικτεται.

271 5779 282 5826 l
313 5772 382 5836 ’7)
431 5771 538 5823 Καὶ
568 5771 743 5842 σάρκα
774 5773 883 5834 τοῖς
924 5771 1135 5836 πολλοῖς
1161 5771 1615 5844 ὲ-μφανισθήσεται
1662 5789 1758 5844 φο-

1026 5001 1200 5070 ioptra
1229 5000 1324 5054 lib.
1357 5015 1440 5068 ιιι,
1467 5015 1515 5055 c.
1546 4999 1634 5063 ll,
1663 5009 1766 5054 etc.

562 5562 573 5580 ἳ

2712 4463 2754 4495 δ’
2778 4462 2973 4534 Ephcs.
3004 4480 3076 4530 ιν,
3103 4463 3192 4519 26.

1915 4598 2012 4641 ων,
2045 4598 2118 4635 ιιι.

1881 4581 2196 4772 ραξίὶέἴῗήν
2244 4651 2490 4707 θεοτόκον
2538 4651 2782 4722 ἔγνωμεν
2824 4651 3097 4722 σαρκικῶς
3141 4651 3234 4704 καὶ
3265 4653 3439 4706 ἀπλα-

1881 4720 1998 4772 νῶς.
2075 4760 2090 4772 .
2121 4751 2194 4760 -
2227 4721 2354 4772 Leu.
2385 4723 2723 4772 γεννήσασαν
2758 4737 2852 4772 nro
2893 4723 3243 4772 γεννήσαντα.
3277 4723 3435 4772 Ευιτ.

1873 4720 1998 4844 δὲῶς,
2030 4720 2090 4774 Β.
2121 4720 2194 4760 -ὲ
2227 4721 2354 4793 Leg.
2385 4720 2723 4793 γεννήσασαν
2756 4737 2852 4792 pro
2893 4720 3243 4793 γεννήσαντα.
3277 4723 3435 4779 Ent'r.

1921 4807 2117 4844 ATBOL.

1921 4807 2117 4848 ATBOL.

1943 4861 2054 4930 (69)
2094 4862 2151 4935 In
2206 4861 2446 4935 ΒηρςιδιΔ
2493 4861 2820 4935 κληθήσεται
2867 4862 3050 4917 statim
3118 4865 3368 4934 sequitur
3414 4877 3434 4918 :

1880 4930 2068 5003 ὥσπερ
2094 4930 2202 5003 γὰρ
2229 4933 2257 4984 ὁ
2288 4931 2499 5003 ἐχθρός.

1944 5000 2056 5075 (ΞΟ)
2083 5000 2518 5075 Ξάέν,προςῖλ“ά6ῐιέ

1945 5014 2035 5070 (ιυ
2093 5014 2194 5064 ια.,
2220 5014 2518 5074 προσλαοη.

1945 5014 2056 5143 (71)
2083 5071 2167 5143 Β,
2198 5071 2255 5123 ὲν
2290 5055 2484 5143 πλάνῃί
2507 5073 2563 5126 δὲ
2597 5075 2743 5137 ὅπως
2761 5113 2776 5138 ,
2805 5075 2854 5126 εί
2881 5071 3102 5126 δυνατὸν
3121 5111 3136 5137 ,
3180 5074 3274 5126 καὶ
3310 5075 3435 5138 τοὺς

1873 5139 2160 5213 ἐκλεκτοὺς
2191 5139 2513 5213 ἀ-ποστῆσᾶι.

2085 5211 2177 5295 Idl.
2204 5209 2550 5295 Picinc'odett,
2580 5212 2799 5295 ὁμοίους
2813 5212 3008 5295 abaci},
3045 5213 3359 5295 ἀσεϐεῖςνδέ.

1942 5280 2282 5404 ἓἹόἐροηΐει
2311 5280 2726 5338 Feuardentium
2760 5285 2827 5338 ad
2872 5282 2930 5338 S.
2963 5285 3220 5339 Irenaeum
3250 5284 3344 5338 lib.
3377 5299 3430 5350 ν,

1983 5393 1994 5404 .
2067 5371 2120 5404 ί).

1872 5367 1994 5421 cap.
2030 5367 2120 5421 κο.

1942 5420 2054 5493 (74)
2083 5420 2144 5493 _ln
2173 5421 2234 5474 Β.
2268 5421 2416 5493 deest
2448 5424 2628 5493 φησίν.

1943 5489 2056 5566 (75)
2083 5491 2436 5566 Υριὺεᾼβδελ.
2461 5489 2642 5566 usque
2685 5494 2753 5549 ad
2793 5495 2986 5566 ὅρκους
3029 5494 3223 5549 desunt
3264 5493 3318 5548 in
3353 5489 3424 5548 Μ.

1872 5561 2080 5616 incuria
2108 5561 2332 5626 librarii,
2362 5573 2419 5616 ut
2449 5561 2677 5618 videtur.

2080 5631 2136 5705 In
2161 5631 2519 5705 B._sequitur,
2543 5638 2743 5705 σημεῖα
2774 5635 2866 5687 καὶ
2892 5633 3090 5704 τέρατα
3113 5631 3300 5689 ποιῶν.

1941 5702 2052 5774 (77)
2076 5702 2184 5772 A1,,
2223 5703 2511 5773 διαγγελεῖ.
2540 5702 2999 5776 Β.’διαλεγόμενος
3030 5705 3255 5773 ἀγαπῶν
3290 5703 3426 5761 πάν·

1869 5787 1983 5837 τας.

3576 910 3607 967 ι(
