3882 6332
544 351 647 410 927

1310 345 1590 403 APPEND.
1635 343 1724 400 AD
1756 338 2036 399 PARTEM
2072 337 2114 394 Il
2151 335 2434 396 OPERUM
2473 337 2533 394 S.
2577 330 2958 391 BIPPOLYTI.
3616 328 3700 389 99,3

474 472 492 501 ’³
544 471 691 529 debit
741 484 958 536 aurum,
1009 481 1109 524 nec
1147 464 1331 537 diliget
1375 473 1680 538 argentum,
1729 461 1946 518 divitias
1992 475 2094 516 non

2199 455 2386 513 δυέτω
2410 460 2444 511 d
2468 454 2641 524 ἥλιος
2675 453 2772 507 ἐπὶ
2813 449 2892 518 τῷ
2925 448 3303 520 παροργισμῷ
3330 447 3511 518 ὑμῶν·
3540 455 3703 521 χρυσὸν

543 563 920 636 amplectetur.

614 744 806 801 XXIV.
834 745 1007 815 Atque
1031 743 1148 799 haec
1182 739 1367 797 omnia
1394 738 1557 796 faciet
1590 738 1820 795 consilio
1845 737 2101 792 simulato

544 855 612 896 ac
667 838 1012 894 fraudulento
1049 852 1064 888 :
1097 828 1213 906 quo
1247 835 1634 891 circumveniat
1684 847 1903 896 omnes,
1952 839 2012 886 ut
2042 845 2102 886 se

544 943 727 999 regem
756 936 961 984 creent.
990 924 1125 981 Nam
1160 926 1252 980 ubi
1281 928 1465 996 populi
1491 943 1556 982 ac
1578 923 1952 980 multitudines
1978 930 2099 977 tan-

542 1030 628 1076 tas
651 1022 770 1092 ejus
797 1021 1022 1075 virtutes
1064 1029 1225 1089 atque
1260 1020 1546 1075 facultates
1571 1016 1956 1088 perSpexerint,
1990 1028 2100 1070 uno

540 1128 811 1169 consensu
863 1110 1187 1166 convenient
1241 1125 1432 1165 omnes
1475 1123 1642 1163 unum
1695 1106 1749 1160 in
1799 1104 1999 1167 locum,
2030 1101 2099 1157 ad

543 1204 834 1261 creandum
864 1203 1013 1256 illum
1044 1218 1245 1273 regem.
1277 1205 1352 1258 Ac
1381 1199 1721 1273 p0tissimum
1749 1196 2101 1252 Hebraeorum

540 1311 673 1366 gens
709 1310 819 1365 pra:
849 1293 1102 1348 omnibus
1133 1293 1235 1364 ipsi
1268 1302 1499 1366 tyranno
1536 1292 1698 1347 chara
1729 1291 1863 1353 erit,
1886 1288 2098 1344 dicent-

539 1401 648 1456 que
677 1386 818 1441 alius
847 1386 939 1440 alii
964 1401 976 1437 :
1004 1383 1260 1455 Nunquid
1296 1386 1349 1439 in
1382 1383 1727 1452 generatione
1755 1389 1939 1437 nostra
1967 1380 2092 1435 talis

542 1493 608 1533 ac
636 1484 745 1533 tam
787 1478 964 1533 bonus
994 1486 1047 1533 et
1073 1477 1254 1547 justus
1300 1478 1463 1531 homo
1496 1474 1725 1531 inveniri
1767 1473 1977 1544 potest?
2003 1470 2099 1527 Ju-

538 1570 642 1625 daei
670 1570 957 1640 praecipue,
987 1569 1183 1639 ut~jam
1206 1568 1339 1633 dixi,
1367 1577 1646 1637 sperantes
1671 1582 1730 1622 se
1762 1567 2098 1635 spectaturos

541 1660 693 1715 illum
741 1675 919 1728 regem
956 1660 1048 1714 tali
1099 1660 1154 1714 in
1208 1659 1455 1729 imperio,
1506 1673 1665 1728 quem
1713 1657 1974 1712 adeuntes
2013 1656 2098 1710 his

539 1752 722 1807 verbis
776 1753 1116 1822 alloquentur
1160 1767 1176 1805 :
1223 1751 1424 1806 Omnes
1475 1751 1570 1804 tibi
1623 1750 2091 1819 obtemperamus,

537 1859 730 1900 omnes
772 1843 827 1898 in
869 1853 923 1898 te
963 1844 1212 1899 ﬁduciam
1254 1836 1622 1908 collocamus,
1670 1840 2014 1911 agnoscimus
2044 1846 2097 1893 te

534 1934 742 2002 justum
795 1950 958 2005 super
1007 1949 1224 1989 omnem
1283 1943 1517 1998 terram,
1567 1946 1759 1987 omnes
1796 1941 1890 1986 tua
1936 1945 2098 2000 opera

539 2026 768 2081 salutem
802 2041 903 2081 nos
928 2032 1317 2081 consecuturos
1347 2040 1649 2095 speramus,
1683 2032 1736 2078 et
1766 2040 1835 2079 ex
1876 2038 1971 2078 ore
2008 2032 2100 2078 tuo

535 2120 743 2187 justum
773 2125 827 2173 et
857 2119 1228 2187 incorruptum
1253 2116 1517 2186 judicium
1543 2114 1890 2183 accipiemus.

617 2298 781 2354 XXV.
840 2298 1016 2369 Atque
1046 2298 1201 2354 initio
1228 2298 1447 2366 quidem
1495 2297 1729 2353 mendax
1781 2307 1834 2352 et
1879 2296 2099 2367 iniquus

539 2391 631 2446 ille
652 2392 883 2446 subdole
932 2392 1159 2461 gloriam
1229 2391 1370 2446 hanc
1425 2390 1769 2460 repudiabit:
1806 2398 1863 2444 at
1914 2404 2097 2461 perse-

539 2491 791 2538 verantes
836 2482 1082 2537 homines
1127 2490 1181 2536 et
1222 2482 1590 2551 obsecrantes,
1647 2482 1800 2536 illum
1855 2480 2094 2536 declara-

540 2573 677 2629 bunt
745 2589 946 2644 regem.
1006 2572 1198 2629 Postea
1262 2574 1484 2628 extollet
1555 2572 1828 2635 animum,
1883 2580 1937 2626 et
2004 2570 2098 2641 qui

540 2667 693 2736 prius
717 2674 834 2719 erat
877 2674 1214 2730 mansuetus,
1261 2665 1451 2720 evadet
1482 2662 1667 2728 ferox;
1712 2663 1804 2732 qui
1850 2663 2096 2717 dilectio-

540 2774 664 2813 nem
730 2758 1175 2829 amplectebatur,
1226 2758 1316 2813 ﬁet
1374 2757 1790 2822 immisericors;
1832 2757 1923 2826 qui
1982 2755 2100 2810 aui-

539 2865 688 2904 mum
717 2850 936 2920 gerebat
1000 2849 1376 2915 summissum,
1431 2849 1695 2918 superbus
1729 2857 1889 2917 atque
1937 2847 2098 2901 inhu-

540 2957 735 2997 manus
789 2943 1015 3008 evadet;
1091 2941 1185 3010 qui
1244 2940 1435 2995 oderat
1502 2940 1865 3010 iniustitiam,
1919 2939 2097 3010 justus

541 3046 919 3104 persequetur.
977 3032 1181 3087 Deinde
1237 3032 1482 3087 sublatus
1544 3031 1600 3085 in
1636 3046 1860 3101 regnum
1911 3046 2094 3099 suum,

2199 551 2260 604 ού
2306 551 2593 622 κτήσεται,
2640 545 2897 619 ἀργύριον
2935 542 3035 596 οὐκ
3073 542 3380 615 ἀγαπήσει,
3422 541 3622 598 πλοῦτον
3655 547 3700 599 οὗ

2199 640 2499 713 προσίεται.

2265 744 2452 801 XXIV.
2499 745 2611 801 Kal
2652 741 2826 800 ταῦτα
2873 742 3047 797 πάντα
3087 743 3235 795 ποιεῖ
3273 739 3382 814 (78)
3422 740 3625 808 ὕπουλος
3647 742 3705 800 ὣν

2196 845 2291 895 καὶ
2333 841 2522 905 δόλιος,
2566 839 2663 894 καὶ
2707 838 2912 901 πάντας
2954 835 3120 890 θέλων
3166 834 3497 903 ἐξαπατῆσαι
3524 835 3640 905 πρὸς
3658 838 3705 890 τὸ

2197 932 2417 1002 ποιῆσαι
2454 930 2613 987 αὐτὸν
2657 929 2899 1002 βασιλέα·
2932 931 3057 984 ὅταν
3084 929 3197 1000 γὰρ
3228 928 3405 981 ἴδωσιν
3433 928 3480 982 οἱ
3507 927 3610 983 λαοὶ
3633 931 3705 984 καὶ

2195 1025 2243 1076 οἱ
2274 1022 2434 1094 δῆμοι
2467 1020 2728 1085 τοσαύτας
2762 1019 2965 1093 ἀρετὰς
2996 1020 3091 1074 καὶ
3116 1017 3385 1083 τοσαύτας
3408 1019 3559 1073 αὑτοῦ
3585 1019 3705 1075 δυνά-

2201 1132 2340 1185 μεις,
2373 1114 2571 1178 πάντες
2610 1114 2703 1167 ἐπὶ
2728 1112 2789 1167 τὺ
2817 1111 2950 1165 αὐτὸ
2981 1111 3093 1181 (79)
3136 1113 3237 1183 μιᾷ
3277 1109 3462 1184 γνώμῃ
3488 1112 3705 1185 συναχθή-

2198 1209 2378 1261 σονται
2403 1208 2494 1261 ἐπὶ
2520 1207 2580 1260 τὸ
2611 1207 2833 1278 ποιῆσαι
2860 1204 3019 1258 αὑτὸν
3044 1203 3292 1274 βασιλέα.
3316 1190 3551 1257 Μάλίστα
3573 1204 3642 1256 ὅτι
3662 1205 3705 1256 τὺ

2195 1299 2302 1353 τῶν
2342 1298 2604 1371 Ἑϐραίων
2630 1297 2784 1366 γένος
2813 1296 3231 1368 ἀγαπηθήσεται
3255 1295 3393 1365 ὑπὲρ
3423 1295 3608 1358 πάντας
3636 1296 3704 1349 ὑπ’

2196 1389 2358 1443 αὐτοῦ
2408 1388 2500 1443 τοῦ
2544 1388 2835 1461 τυράννου,
2873 1386 3120 1456 λέγοντες
3169 1384 3310 1457 πρὸς
3353 1383 3604 1454 ἀλλήλους·
3642 1384 3705 1456 Μὴ

2197 1479 2305 1555 ἄρα
2352 1481 2660 1554 εὑρίσκεται
2689 1477 2969 1543 τοσοῦτος,
2998 1477 3202 1546 ἀγαθὸς
3232 1476 3507 1547 ἄνθρωπος
3552 1475 3631 1528 καὶ
3652 1476 3707 1529 δί-

2197 1591 2349 1638 καιος
2377 1574 2434 1627 ἐν
2464 1574 2528 1644 τῇ
2566 1574 2727 1644 γενεᾷ
2757 1570 2947 1643 ήμῶν;
2988 1569 3333 1640 Ἐξαιρέτως,
3366 1568 3440 1631 ὡς
3478 1570 3702 1640 προεῖπον,

2194 1664 2255 1719 τὸ
2308 1665 2415 1717 τῶν
2456 1663 2720 1718 Ἰουδαίων
2772 1662 2958 1732 γένος,
3028 1660 3343 1731 νομίζοντες
3409 1658 3485 1711 ὃτι
3530 1656 3704 1728 βασιλέα

2196 1752 2355 1807 αὑτὸν
2395 1752 2676 1806 θεάσονται
2720 1752 2777 1805 ὲν
2806 1754 2871 1823 τῇ
2903 1751 3126 1825 τοιαύτῃ
3168 1750 3347 1821 ἀρχῇ,
3393 1748 3483 1802 καὶ
3527 1748 3705 1820 προσελ·

2127 1806 2168 1863 Β
2196 1844 2378 1908 θὸντες
2427 1844 2571 1914 αὐτῷ
2601 1806 2876 1912 λέγοντεςοί
2907 1806 3126 1905 Πάντες.
3144 1806 3229 1894 σοί
3245 1806 3702 1910 gemmascit),

2196 1938 2289 1992 καὶ
2322 1937 2382 1990 σὲ
2413 1934 2747 2008 γνωρίζομεν
2774 1934 2979 1988 δίκαιον
3014 1933 3108 1987 ἐπὶ
3136 1933 3320 1986 πᾶσαν
3346 1931 3443 2002 τὴν
3467 1932 3575 2001 γῆψ
3603 1931 3704 1985 πάν-

2195 2045 2285 2092 τες
2314 2027 2402 2082 διὰ
2431 2026 2523 2082 σοῦ
2569 2026 2802 2099 σωθῆναι
2835 2024 3140 2097 ἐλπίζομεν·
3176 2023 3274 2078 καὶ
3301 2023 3391 2078 διά
3425 2022 3513 2076 τοῦ
3546 2023 3701 2094 στόμα·

2194 2120 2285 2186 τός
2335 2138 2428 2176 σου
2476 2120 2738 2192 ἐλάϐομεν
2782 2118 2892 2191 (81)
2935 2119 3113 2191 κρίσιν
3160 2116 3380 2172 δικαίαν
3422 2115 3508 2171 καὶ
3545 2116 3700 2187 ἀδωρο-

2197 2212 2437 2284 δόκητον.

2268 2304 2432 2358 XXV.
2473 2304 2582 2358 Kal
2610 2302 2678 2357 τὰ
2728 2302 2922 2376 πρῶτα
2982 2303 3077 2373 μὲν
3122 2300 3377 2364 ὑπούλως
3415 2297 3700 2372 χρώμενσςὸ

2196 2396 2435 2468 ψεύστης
2469 2396 2564 2451 καὶ
2595 2395 2814 2467 ἄνομος,
2846 2395 3244 2467 παραιτήσεται
3262 2393 3362 2465 τὴν
3384 2391 3532 2458 δόξαν
3553 2390 3700 2460 αὐτήν⁸

2196 2491 2246 2542 οἱ
2277 2489 2335 2543 δὲ
2374 2489 2647 2562 ἅνθρωποι
2687 2485 3081 2559 προσμένοντες
3112 2485 3226 2557 (82)
3268 2487 3363 2539 καὶ
3392 2481 3701 2556 παρακαλοῦν-

2196 2599 2307 2647 τες,
2344 2583 2503 2637 αὐτὸν
2534 2580 2862 2646 ἀναδείξουσι
2886 2578 2995 2651 (85)
3015 2578 3259 2649 βασιλέα.
3296 2577 3405 2632 Kal
3435 2575 3557 2647 μετὰ
3572 2573 3700 2627 ταῦτα

2197 2673 2422 2746 ὑψοῦται
2456 2675 2522 2744 τῇ
2545 2671 2756 2744 καρδίᾳ,
2787 2671 2879 2724 καὶ
2908 2672 2937 2723 6
2979 2668 3160 2742 πραῢς
3207 2668 3489 2741 πρότερον,
3528 2665 3700 2734 γενήσε-

2194 2784 2284 2820 ται
2319 2763 2564 2835 σοϐαρόςο
2604 2762 2696 2816 καί
2725 2760 2754 2813 6
2785 2760 3003 2830 ἀγάπην
3039 2758 3273 2823 διώκων,
3321 2758 3586 2827 γενήσεται
3612 2755 3699 2806 6v:-

2195 2856 2428 2928 λεήμων·
2459 2855 2488 2906 6
2512 2852 2762 2915 ταπεινὸς
2786 2854 2853 2922 τῇ
2876 2850 3070 2921 καρδίᾳ
3114 2848 3249 2918 (84),
3285 2848 3564 2917 γενήσεται
3596 2842 3700 2911 ὕψη-

2195 2946 2286 3009 λὸς
2325 2946 2419 2999 καὶ
2446 2940 2827 3014 ἀπάνθρωπος·
2880 2940 2974 2992 καὶ
3004 2940 3032 2991 ὁ
3058 2937 3232 3010 μισῶν
3260 2936 3489 2999 ἀδικίαν,
3525 2933 3628 2995 τοὺς
3646 2931 3700 2982 δι-

2197 3037 2383 3099 καίους
2430 3031 2770 3096 καταδιώξει.
2831 3031 3058 3083 Ἔπειτα
3114 3025 3482 3097 ἀνυψούμενος
3535 3023 3603 3084 είς
3631 3019 3699 3089 τὴν

541 3125 742 3180 bellum
768 3125 1017 3187 instruet,
1049 3124 1238 3193 iraque
1285 3123 1524 3193 percitus
1557 3132 1668 3178 tres
1690 3137 1917 3194 magnos
1938 3137 2092 3193 reges

2195 3128 2388 3184 ἑαυτοῦ
2415 3127 2707 3199 βασιλείαν,
2743 3122 3041 3196 παρατάξει
3063 3120 3318 3191 πόλεμον·
3355 3118 3445 3172 καὶ
3486 3117 3611 3187 τρεῖς
3629 3110 3699 3180 βα·

539 3216 826 3285 percutiet,
873 3214 1271 3287 Egyptiorum,
1321 3213 1611 3280 Afrorum,
1669 3223 1831 3284 atque
1878 3213 2094 3269 Ethio-

2197 3220 2362 3282 σιλεῖς
2394 3217 2660 3288 μεγάλους
2693 3215 2804 3287 (85)
2854 3213 3082 3278 πατάξει
3120 3213 3178 3265 ὲν
3213 3209 3393 3282 θυμῷ,
3428 3206 3697 3274 Αἰγυπτίων.

540 3321 693 3376 pum.
730 3307 859 3361 lnde
892 3307 1151 3375 templum
1198 3314 1481 3361 construct
1537 3304 1908 3377 Jerosolymis.
1952 3306 2094 3375 quod

2194 3309 2426 3372 Λιϐύων,
2451 3308 2545 3361 καὶ
2578 3305 2866 3359 Αἰθιόπων.
2898 3304 3009 3356 Kal
3033 3301 3169 3373 μετά
3197 3301 3374 3355 ταῦτα
3404 3300 3592 3368 ποιήσει
3618 3291 3698 3361 (86)

539 3397 825 3453 confestim
856 3398 1150 3453 excitatum
1180 3398 1356 3453 tradet
1410 3398 1631 3455 .ludaeis.
1681 3397 1818 3453 Tum
1846 3398 2094 3454 eli‘eretur

2192 3402 2281 3455 τὸν
2313 3400 2436 3455 ναὸν
2465 3398 2557 3452 τὸν
2588 3400 2645 3451 ὲν
2688 3393 3089 3467 Ἱεροσολύμοις,
3133 3395 3230 3446 καὶ
3270 3392 3553 3460 ἀναστήσει
3578 3383 3700 3439 αὑτὸν

542 3490 728 3545 animo
771 3491 825 3545 in
882 3506 1072 3547 omnes
1125 3491 1412 3547 homines:
1469 3491 1764 3561 quinetiam
1816 3492 1871 3546 in
1926 3491 2093 3546 Deum

2193 3497 2251 3549 ὲν
2270 3494 2444 3565 τάχει,
2476 3493 2570 3545 καὶ
2620 3489 2889 3545 ἀποδώσει
2921 3489 3082 3542 αὐτὸν
3125 3490 3239 3551 τοῖς
3289 3485 3560 3546 Ἰουδαίοις.
3602 3474 3699 3532 Εἶτα

542 3579 718 3648 ipsum
751 3582 1146 3637 contumeliosa
1166 3583 1328 3636 verba
1361 3583 1734 3652 proloquetur,
1756 3598 1980 3651 sperans
1999 3584 2096 3637 do-

538 3667 691 3724 losus
719 3668 810 3722 ille
836 3669 891 3722 in
923 3677 1200 3739 posterum
1232 3685 1292 3725 se
1326 3680 1586 3741 perpetuo
1619 3680 1970 3743 regnaturum
2004 3688 2099 3728 su-

538 3775 636 3830 per
655 3768 879 3828 terram,
936 3761 1191 3827 ignorans
1230 3763 1397 3818 miser
1451 3778 1678 3834 regnum
1727 3779 1886 3819 suum
1945 3764 2094 3819 brevi

537 3849 751 3905 irritum
783 3850 899 3907 fore
920 3870 935 3919 ;
958 3863 1012 3907 et
1031 3855 1432 3924 quamprimum
1470 3869 1529 3910 se
1548 3865 1890 3934 recepturum
1914 3855 2092 3926 ignem

538 3951 785 4010 paratum
814 3943 918 4012 ipsi
945 3958 1067 3997 cum
1099 3945 1353 4000 omnibus
1382 3945 1473 4014 qui
1519 3946 1850 4001 crediderint
1883 3956 1938 4001 et
1973 3962 2094 4001 ser-

537 4032 737 4086 vierint
765 4033 865 4088 illi.
898 4032 1032 4088 Nam
1063 4049 1186 4089 cum
1218 4034 1405 4090 Daniel
1426 4036 1623 4090 dixerit
1652 4056 1665 4091 ε
1707 4036 2094 4093 Testamentum

538 4121 870 4189 conﬁrmabit
894 4124 1076 4178 multis
1101 4124 1424 4180 hebdomada
1455 4141 1562 4178 una
1588 4126 1654 4190 ⁸⁷⁸,
1697 4135 1898 4195 septem
1922 4142 2094 4183 annos

540 4210 848 4265 declaravit.
880 4211 1173 4267 Dimidium
1195 4213 1546 4269 hebdomadas
1574 4215 1943 4285 praedicabunt
1970 4232 2096 4287 pro-

2193 3585 2534 3656 ὑψωθήσεται
2569 3586 2636 3655 τῇ
2688 3582 2884 3654 καρδίᾳ
2913 3579 3053 3635 κατά
3107 3579 3311 3641 παντὸς
3342 3573 3628 3647 ἀνθρώπου·
3653 3568 3698 3619 σὺ

2197 3675 2300 3747 μὴν
2331 3674 2464 3728 ἀλλά
2515 3674 2610 3727 καὶ
2651 3673 2791 3727 κατά
2841 3672 2933 3726 τοῦ
2979 3670 3113 3724 Θεοῦ
3172 3669 3463 3740 βλάσφημα
3505 3663 3698 3731 λαλήσει,

2188 3766 2360 3822 δοκῶν
2388 3769 2416 3820 6
2440 3765 2629 3831 δόλιος,
2660 3766 2741 3818 ὅτι
2766 3764 2827 3817 τὸ
2854 3762 3040 3817 λοιπὸν
3072 3763 3182 3832 (87)
3212 3758 3463 3832 βασιλεύς
3488 3759 3614 3810 ἐστιν
3632 3750 3699 3802 ἐπὶ

2191 3860 2293 3931 γῆς
2325 3859 2429 3923 ἕως
2457 3857 2552 3911 τοῦ
2583 3856 2795 3920 αἰῶνος,
2835 3856 2908 3927 μὴ
2939 3854 3219 3923 γινώσκων
3242 3855 3272 3907 ὁ
3301 3850 3627 3921 ταλαίπωρος,
3640 3843 3699 3894 ὅτι

2189 3953 2224 4022 ἡ
2255 3950 2495 4022 βασιλεία
2521 3948 2685 4004 αὐτοῦ
2718 3951 2775 4003 ὲν
2801 3947 2954 4018 τάχει
3002 3949 3375 4018 καταργεῖται,
3410 3941 3498 3996 καὶ
3540 3934 3698 4001 ἀπολήο

2189 4039 2348 4110 ψεται
2378 4039 2439 4093 τὸ
2467 4038 2865 4110 ἡτοιμασμένον
2900 4035 3012 4107 πῦρ
3034 4034 3182 4106 αὐτῷ
3214 4037 3272 4089 ἐν
3295 4034 3446 4105 τάχει
3477 4027 3599 4102 (88),
3627 4024 3700 4075 σὺν

2190 4133 2322 4186 πᾶσι
2376 4135 2486 4196 τοῖς
2536 4130 2874 4202 πειθομένοις
2917 4129 3027 4202 (89)
3074 4128 3255 4199 αὐτῷ,
3318 4127 3412 4181 καὶ
3468 4116 3699 4176 δουλεύσει

2192 4239 2275 4278 σιν
2318 4223 2483 4296 αὐτῷ.
2544 4223 2649 4277 Τοῦ
2700 4224 2808 4294 γὰρ
2858 4222 3053 4293 Δανιὴλ
3100 4221 3375 4284 εἰπόντος’
3437 4207 3698 4280 Ἑϐδομάὸσ

540 4302 755 4371 phetae:
792 4304 1079 4359 dimidium
1111 4305 1485 4372 hebdomadas,
1525 4308 1629 4363 hoc
1655 4316 1740 4364 est
1762 4317 1871 4365 tres
1918 4314 2094 4367 annos

2192 4315 2330 4385 μίαν
2379 4314 2639 4384 θήσομαι
2687 4314 2801 4385 (90)
2838 4312 2951 4382 τὴν
2998 4310 3294 4378 διαθήκην
3324 4326 3460 4380 μου,
3508 4303 3568 4358 τὰ
3593 4296 3699 4354 ἔτιτά

538 4409 661 4448 cum
694 4395 1211 4467 dimidio,regnabit
1257 4399 1625 4455 Antichristus
1664 4415 1828 4471 super
1851 4410 2088 4470 terram;

2190 4404 2283 4477 ἔτη
2334 4405 2591 4479 ἐδήλωσε’
2652 4406 2712 4459 τὸ
2764 4407 2935 4477 ἥμισυ
2982 4406 3081 4476 τῆς
3131 4402 3417 4477 ἑϐδομάδος
3466 4396 3582 4470 (91),
3626 4386 3697 4444 τοῦ

538 4494 661 4554 post
691 4488 966 4542 auferetur
1014 4503 1235 4562 regnum
1288 4489 1434 4544 illius
1491 4500 1545 4546 et
1595 4492 1787 4563 gloria.
1822 4491 2093 4547 Advertite

2194 4496 2424 4568 κηρῦξαι
2453 4497 2577 4562 τοὺς
2618 4499 2922 4570 προφήτας
2953 4497 3047 4550 καὶ
3092 4495 3153 4549 τὸ
3202 4495 3371 4565 ἥμισυ
3398 4493 3490 4563 τῆς
3517 4481 3696 4553 ἑϐδομάσ

539 4575 632 4641 qui
663 4575 828 4631 Deum
858 4578 1102 4649 diligitis,
1146 4580 1324 4650 qualis
1376 4581 1595 4636 aﬂlictio
1644 4581 1826 4638 futura
1878 4584 1951 4639 sit
1981 4583 2089 4639 illis

537 4669 904 4737 temporibus;
934 4671 1112 4741 qualis
1143 4687 1243 4726 nec
1270 4672 1371 4727 fuit
1405 4689 1434 4727 a
1464 4674 1847 4730 constitutione
1882 4674 2091 4739 mundi,

536 4773 636 4814 nec
660 4762 764 4815 erit
788 4763 923 4818 ultra
954 4780 970 4830 ;
997 4774 1053 4819 at
1080 4765 1188 4821 illis
1230 4766 1494 4821 duntaxat
1518 4768 1871 4838 temporibus.
1938 4767 2091 4824 Tunc

608 4982 655 5015 ’°
684 4980 821 5038 Dan.
852 4999 928 5053 ιι,
967 4985 1057 5040 27.

607 5135 717 5212 es)
745 5137 832 5212 1.8:.
861 5140 1090 5212 ποιήσει-

606 5207 719 5274 (79)
749 5207 847 5274 It|.,
872 5212 950 5274 είς
973 5207 1036 5263 τὸ
1063 5212 1213 5266 αὐτό.

609 5276 726 5357 (89)
752 5278 910 5357 Ιημιξ.
944 5282 1217 5357 sequitur,
1246 5281 1566 5357 νομίζοντες
1610 5284 1660 5337 οἱ
1693 5284 1922 5357 ἄφρονες
1961 5286 2089 5341 ’1ου-

537 5347 780 5426 δαῖοιλὸτι
807 5351 840 5421 ή
866 5349 1103 5426 βασιλεία
1136 5351 1310 5426 αύτῷν
1326 5347 1519 5426 ’μέλλει
1545 5347 1964 5426 ἀναστήόίασθαι,
1994 5359 2089 5410 καὶ

541 5419 923 5498 σπουδάζουσιν
963 5420 1108 5498 ὅπως
1145 5421 1319 5498 αὑτὸν⁵
1344 5419 1623 5498 θεάσονται
1666 5419 1826 5497 ἐν’τῇ
1868 5427 2087 5498 τοιαύτῃ

538 5488 711 5563 ἀρχῇ,
729 5491 822 5563 καί
848 5491 1232 5563 προσέρχονται
1261 5490 1406 5563 αὐτῷ
1429 5492 1692 5562 λέγοντες,
1722 5486 1826 5552 etc:
2059 5486 2071 5501 ⁸

611 5560 721 5632 (81)
748 5560 1029 5632 ᾼὰὄωμεν,
1055 5563 1109 5632 iu
1138 5561 1304 5615 altero
1331 5560 1441 5618 Pici
1468 5560 1669 5618 codice.

619 5630 730 5702 (82)
750 5630 848 5702 _B.,
885 5630 1303 5702 παραμένοντες.

610 5699 720 5764 (85)
750 5699 851 5764 ld.,
883 5699 1113 5755 ποιοῦσι.

610 5712 699 5764 (δό
751 5712 851 5764 ιιι..
883 5718 1113 5755 ποιουσι.

609 5712 720 5841 (84)
750 5769 924 5828 Verba
952 5775 1018 5844 τῇ
1058 5772 1255 5853 καρδίᾳ
1270 5772 1465 5829 desunt
1488 5773 1540 5829 in
1565 5772 1625 5829 Β.

2189 4587 2297 4653 δος,
2331 4589 2496 4659 ἤγουν
2527 4589 2595 4642 τὰ
2639 4589 2763 4661 τρία
2816 4591 2986 4661 ἥμισυ
3023 4588 3118 4659 ἐτη
3174 4586 3474 4659 βασιλεύσει
3500 4585 3525 4636 6
3564 4577 3694 4631 Ἀντίο

2189 4698 2407 4751 χριστος
2454 4680 2547 4734 ἐπὶ
2592 4682 2689 4753 τῆς
2720 4682 2839 4752 γῆς.
2872 4681 2982 4735 Kal
3023 4679 3162 4752 μετὰ
3207 4679 3363 4733 τοῦτο
3393 4666 3693 4748 ἀρθήσεταιῆ

2193 4771 2433 4843 βασιλεία
2466 4772 2631 4827 αὑτοῦ
2676 4775 2770 4828 καὶ
2802 4775 2835 4844 ή
2890 4772 3014 4839 δόξα
3072 4772 3206 4844 (92).
3251 4772 3458 4844 Ὁρᾶτε,
3489 4760 3691 4835 φιλόθεοι,

2261 5147 2371 5223 (85)
2404 5147 2481 5223 id.
2504 5164 2613 5205 non
2643 5150 2806 5223 habet
2834 5151 3117 5223 μεγάλους.

2282 5220 2370 5284 86)
2402 5221 2486 5284 B.,
2514 5220 2856 5276 ταπεινώσει.
2998 5224 2999 5227 ’

2282 5227 2370 5289 86)
2402 5227 2486 5284 B.,
2514 5227 2856 5276 ταπεινώσει.

2229 5227 2543 5412 ld.,
2593 5290 2676 5344 ὅτι
2722 5291 3031 5363 βασιλεύσει
3076 5295 3163 5348 ἀεὶ
3212 5296 3304 5350 ἐπὶ
3352 5293 3446 5367 τήν
3495 5286 3581 5359 γῆν
3623 5280 3682 5339 εἰς

2189 5376 2408 5421 αιωνας.

2282 5430 2368 5505 88)
2397 5429 2453 5505 ῃ
2475 5428 2536 5505 l3.
2556 5429 2752 5505 desunt
2777 5433 2936 5505 verba
2963 5434 3021 5486 ἐν
3040 5434 3216 5505 τάχει.

2282 5500 2370 5571 89)
2396 5500 2771 5571 ῌοθουμένοις,
2804 5502 2862 5555 Β.
2898 5505 3057 5559 male.

2403 5568 2484 5642 3.,
2504 5568 2762 5642 Quocum,
2791 5573 2947 5627 male.

2261 5638 2372 5717 ea.)
2400 5638 2755 5717 1.1%chth
2780 5644 3411 5717 verbanawseom.

2258 5708 2369 5781 (92)
2400 5711 2510 5782 Τῆς
2537 5710 2806 5782 βασιλείας
2831 5712 2993 5768 αὑτοῦ
3084 5708 3323 5781 δίπξα,“Β.

2258 5430 2279 5642 ἓ
