3834 6752
68 299 155 357 929
950 291 1222 351 SPURIA.
1260 321 1331 335 -
1366 290 1456 348 DE
1488 290 2077 351 CONSUMMATIONE
2108 291 2349 352 MUNDI.

3152 299 3262 356 930

67 418 139 476 οἶα
163 415 326 486 θλίψις
355 414 414 469 ἐν
442 417 570 481 ταῖς
623 415 855 487 ἡμέραις
898 413 1138 478 ἐκείναις
1184 414 1492 485 γενήσεται,
1520 413 1607 467 οῖα

1713 413 1929 484 iniquus
1954 413 2044 469 ille
2067 415 2206 471 elato
2227 414 2410 470 animo
2453 415 2724 499 daimones
2752 429 2888 473 suos
2917 421 3267 490 congregabit

68 514 116 565 οὐ
141 508 343 579 γέγονεν
373 506 484 561 ἀπὺ
514 506 816 578 καταϐολῆς
848 504 1074 579 κόσμου,
1106 505 1212 559 οὐδ’
1233 505 1291 559 οὒ
1339 504 1413 576 μὴ
1437 503 1600 576 γένη-

65 623 137 659 ται
164 602 283 673 (95),
310 600 425 654 ἀλλ’
457 601 520 654 ὲν
548 600 771 665 ταύταις
794 604 913 666 ταῖς
955 602 1189 675 ἡμέραις
1213 600 1391 673 μόνον·
1421 599 1543 653 τότε
1572 600 1602 654 ὁ

1709 505 1945 562 humana
1971 508 2185 579 specie:
2220 519 2274 564 et
2317 522 2413 564 eos
2441 509 2536 579 qui
2566 509 2716 565 illum
2766 510 2835 566 ad
2873 512 3100 582 regnum
3125 512 3266 569 invi-

1707 609 1911 670 tarunt,
1946 601 2205 669 fastidiet,
2239 604 2558 675 animasque
2584 606 2780 662 multas
2829 606 3153 676 inquinabit.

68 701 233 768 ἄνομος
262 695 522 783 ἐπαρθεὶς
568 699 633 767 τῇ
682 695 898 768 καρδίᾳ,
959 696 1173 761 συνάςει
1203 697 1329 761 τοὺς
1379 694 1572 750 ἑαυτοῦ
1601 696 1862 768 δαίμονας
1893 700 1951 753 ἐν
1981 700 2217 771 σχήματι
2256 700 2576 774 ἀνθρώπων,
2629 701 2721 756 κα)⁸
2767 702 2893 765 τοὺς
2926 701 3265 775 προσκαλου-

71 792 233 864 μένους
258 790 361 860 (94)
390 790 560 844 αὐτὸν
605 791 697 845 ἐπὶ
737 792 837 865 τὴν
871 791 1142 863 βασιλείαν
1175 790 1502 863 βδελύξεται,
1537 792 1632 846 καί⁹
1664 793 1862 858 πολλὰς
1891 795 2068 866 ψυχὰς
2109 799 2307 867 μιανεῖ.

123 910 289 965 XXVI.
324 911 551 983 Ποιήσει
583 910 693 984 γὰρ
743 912 925 975 αὐτοῖς
959 911 1067 983 (95)
1101 912 1368 984 ἄρχοντας
1399 913 1461 965 ὲκ
1492 912 1606 964 τῶν

68 1004 314 1074 δαιμόνων.
358 1004 475 1056 Καὶ
507 1003 609 1057 οὐκ
636 1004 715 1057 ἔτι
746 1004 822 1068 ὡς
850 1003 1106 1074 εὐλαϐὴς,
1145 1001 1279 1057 ἀλλά
1335 1002 1515 1056 πάντα
1549 1004 1606 1055 ὲν

71 1098 205 1150 πᾶσιν
235 1095 526 1166 αὐστηρὸς,
577 1095 869 1166 ἀπότομος,
909 1094 1121 1167 ὀργίλος
1141 1136 1155 1161 ,
1189 1092 1468 1166 θυμώδης,
1498 1092 1608 1147 δειο

69 1189 140 1251 νὸς
182 1186 314 1258 (96),
369 1188 765 1253 ἀκατάστατος,
821 1187 1068 1260 φοϐερὸς,
1121 1186 1308 1259 ἀηδὴς,
1351 1186 1603 1258 μισητδςν

73 1281 332 1351 βδελυκτδς,
371 1281 671 1353 ἀνήμερος,
710 1280 980 1352 ἀλάστωρ,
1037 1279 1288 1351 πονηρός·
1319 1278 1414 1333 καὶ
1437 1293 1603 1330 σπου-

72 1374 213 1437 δάζων
246 1372 503 1443 ἐμϐαλεῖν
562 1376 643 1437 είς
676 1371 867 1444 βόθρον
893 1372 1167 1436 ἀπωλείας
1199 1372 1307 1425 πᾶν
1334 1371 1396 1424 τὸ
1446 1370 1604 1439 γένος

74 1467 158 1519 τῶν
183 1464 493 1537 ἀνθρώπων,
558 1465 820 1537 πληθυνεῖ
876 1468 1076 1536 σημεῖα
1129 1464 1297 1535 ψευδῆ
1329 1463 1461 1534 (97)°
1494 1462 1604 1516 τῶν

72 1556 187 1610 λαῶν
222 1557 324 1627 γάρ
377 1557 638 1611 ἀπάντων
671 1556 1125 1628 ἀνευφημούντων
1177 1556 1337 1609 αὐτὸν
1369 1554 1480 1626 (98)
1513 1553 1602 1607 διά

75 1650 152 1713 τὰς
200 1648 509 1718 φαντασίας,
568 1648 869 1721 κραυγάσει
918 1648 1098 1720 φωνὴν
1154 1647 1396 1720 ἰσχυρὰν,
1437 1646 1513 1710 ὥς
1541 1663 1601 1699 τε

1774 912 1964 970 XXVI.
2000 914 2208 985 Quippe
2257 914 2532 985 principes
2583 915 2664 970 eis
2712 915 3001 971 constituet
3032 931 3099 971 ex
3145 916 3257 973 daa-

1703 1006 1977 1061 monibus.
2006 1005 2115 1062 Nec
2134 1007 2246 1077 jam
2272 1007 2418 1061 velut
2442 1005 2753 1076 religiosus,
2776 1007 2869 1062 sed
2905 1008 3061 1077 plane
3081 1019 3265 1064 auste-

1701 1112 1819 1165 rus,
1855 1112 2100 1161 severus,
2163 1097 2480 1164 iracundus,
2534 1097 2725 1166 plenus
2775 1099 3258 1165 excandescentia,

1706 1191 2066 1257 truculentus,
2090 1192 2428 1276 inconstans,
2481 1189 2754 1256 terribilis,
2782 1190 2982 1261 gravis,
3015 1190 3263 1260 odiosus,

1707 1290 2065 1351 contemptor,
2097 1281 2346 1347 immitis,
2378 1280 2663 1347 exitiosus,
2688 1294 2940 1349 nequam,
2974 1279 3029 1333 in
3049 1295 3115 1335 eo
3141 1287 3265 1336 stu-

1704 1376 1853 1430 dium
1900 1384 1954 1430 et
2009 1390 2229 1445 operam
2277 1376 2576 1442 collocans,
2634 1382 2694 1430 ut
2738 1375 3051 1430 universum
3091 1390 3263 1446 genus

1706 1469 1987 1523 hominum
2022 1470 2074 1523 in
2111 1466 2314 1524 fossam
2346 1469 2596 1523 interitus
2627 1468 2902 1538 conjiciat,
2931 1468 3084 1537 signa
3125 1466 3262 1522 falsa

1703 1560 2104 1630 multiplicabit.
2158 1559 2382 1614 Cunctis
2434 1558 2579 1614 enim
2611 1559 2824 1629 populis
2874 1557 3051 1614 fausta
3081 1559 3264 1614 omnia

1703 1653 2143 1718 acclamantibus,
2178 1661 2396 1722 propter
2420 1651 2660 1722 objectas
2687 1650 2919 1720 species,
2951 1651 3255 1707 vehementi

76 1741 356 1812 σαλευθῆναι
387 1742 483 1795 τὸν
511 1742 698 1806 τόπον,
721 1743 778 1795 ἐν
809 1736 853 1811 ᾧ
879 1743 929 1795 oi
953 1741 1095 1812 ϐχλοι
1128 1740 1274 1811 αὐτῷ
1306 1738 1601 1811 παρειστή-

1713 1755 1756 1799 et
1777 1743 1965 1814 grandi
1994 1758 2129 1799 voce
2172 1743 2449 1807 clamabit,
2499 1743 2575 1798 ita
2603 1752 2665 1797 ut
2706 1751 2987 1797 moveatur
3013 1742 3168 1798 locus
3203 1741 3261 1797 iu

76 1850 224 1888 κεσαν·
266 1832 487 1898 Γνῶτε,
552 1834 711 1896 λαοί,
769 1835 867 1888 καὶ
913 1834 1096 1903 φυλαί
1131 1832 1239 1903 (99)
1294 1832 1394 1885 καὶ
1432 1832 1597 1899 ἔθνη,

75 1925 326 1995 τὴνέμὴν
377 1926 659 1996 μεγάλην
703 1926 1012 1992 ἐξουσίαν,
1049 1925 1146 1980 καὶ
1185 1925 1461 1994 δύναμιν,
1502 1924 1600 1977 καὶ

74 2018 164 2086 τὴν
201 2017 373 2089 iabe
423 2018 542 2087 τῆς
584 2019 735 2090 ἐμῆς
774 2020 1130 2085 βασιλείας·
1176 2018 1268 2083 τίς
1297 2014 1605 2082 δυνάστης

75 2112 242 2179 μέγας,
279 2111 356 2177 ὡς
393 2111 553 2181 ἐγὼ
614 2112 706 2178 τίς
740 2111 884 2178 Θεὸς
907 2110 1095 2181 μέγας
1118 2109 1195 2182 (ί)
1223 2109 1391 2176 πλὴν
1425 2106 1606 2178 ἐμαῖς

75 2204 144 2267 τίς
176 2202 241 2272 τῇ
288 2201 401 2274 ἐμῇ
458 2203 717 2272 ἐξουσίᾳ
771 2202 1223 2271 ἀντιστήσεταιζ
1268 2202 1607 2272 Μεταστήσει

77 2298 152 2367 ὅρη
178 2300 227 2351 ἐν
255 2297 557 2369 ὀφθαλμοῖς
576 2296 686 2349 τῶν
717 2294 1083 2368 θεωρούντων,
1120 2293 1479 2365 περιπατήσει
1508 2291 1608 2361 τὴν

78 2386 303 2443 θάλασσαν
332 2388 596 2461 ἀϐρόχοις
626 2388 775 2451 ποσὶ,
827 2386 1051 2454 κατάξει
1098 2386 1209 2458 πῦρ
1250 2384 1310 2450 ἐξ
1356 2381 1605 2456 ούρανοῦ,

81 2482 254 2552 πσιὴσει
278 2482 372 2554 τὴν
422 2482 642 2553 ἡμέραν
673 2480 882 2545 σκότος,
912 2479 1004 2534 καὶ
1041 2479 1140 2551 τὴν
1170 2477 1339 2531 νύκτα
1373 2476 1603 2547 ἡμέραν⁶

81 2574 151 2627 τὸν
172 2574 307 2646 ἣλιον
359 2573 727 2647 μεταστρέφει
756 2573 889 2626 ὅπου
947 2569 1210 2642 βούλεται’
1254 2569 1349 2622 καὶ
1390 2565 1605 2632 ἁπαξα-

85 2666 217 2730 πλῶς,
240 2666 407 2720 πάντα
439 2666 509 2720 τὰ
562 2666 799 2736 στοιχεῖα
827 2662 928 2733 τῆς
948 2661 1053 2731 γῆς
1082 2660 1177 2715 καὶ
1211 2660 1311 2731 τῆς
1340 2656 1611 2729 θαλάσσης

85 2760 127 2811 ὲν
150 2758 350 2830 δυνάμει
383 2759 484 2830 τῆς
516 2756 821 2829 φαντασίας
849 2753 1034 2818 αὑτοῦ,
1064 2751 1292 2807 ἐνώπιον
1331 2749 1440 2804 τῶν
1473 2747 1611 2802 θεω-

88 2854 278 2924 ρούντων
306 2851 578 2918 ἀναδείξει
610 2851 823 2923 ὑπήκοα
857 2848 953 2922 (2).
980 2848 1044 2901 Εί
1075 2845 1183 2921 γὰρ
1204 2844 1363 2907 αὐτὸς
1391 2842 1464 2914 μὴ
1487 2858 1610 2911 φαι-

85 2943 266 3015 νόμενος
290 2943 462 3016 ἀρτιὸ
494 2941 617 3005 υἱὸς
647 2941 746 3012 τῆς
799 2937 1093 3002 ἀπωλείας,
1145 2935 1336 3008 ὁρατὸν
1370 2932 1448 3005 (5)
1476 2933 1612 3003 ἡμῖν

88 3036 273 3107 πόλεμον
328 3034 462 3109 πρὸς
521 3034 702 3105 μάχας
737 3032 833 3087 καὶ
882 3028 1094 3099 σφαγὰς
1152 3028 1347 3096 ὲπάγει
1411 3026 1505 3080 καὶ
1533 3023 1610 3097 (4)

1704 1855 1813 1910 quo
1843 1838 2015 1893 turba:
2050 1837 2320 1892 astiterint
2367 1836 2415 1891 ei
2444 1854 2458 1890 :
2508 1834 2819 1904 Perspicite,
2869 1833 3069 1905 populi,
3098 1834 3265 1889 tribus

1703 1947 1765 1983 ac
1795 1941 1990 2001 gentes,
2020 1944 2264 1998 magnam
2307 1941 2476 1980 meam
2517 1933 2826 1995 potestatem
2850 1939 2913 1977 ac
2958 1922 3262 1993 potentiam,

1704 2024 1938 2091 viresque
1970 2019 2175 2089 imperii
2216 2019 2338 2072 mei.
2394 2017 2524 2083 Quis
2551 2017 2790 2087 princeps
2816 2024 2926 2068 tam
2954 2025 3158 2084 potens,
3185 2022 3265 2069 nt-

1704 2131 1802 2185 que
1829 2114 1962 2185 ego?
1983 2111 2112 2177 Quis
2143 2111 2281 2165 Deus
2309 2124 2551 2179 magnus,
2604 2118 2794 2179 praeter
2837 2107 2956 2161 me?
3004 2104 3267 2162 Potentia

1708 2221 1833 2259 mea:
1854 2204 1969 2276 quis
1995 2201 2243 2257 resistet?
2275 2196 2590 2254 Transferet
2641 2204 2856 2252 montes
2908 2204 3032 2250 ante
3075 2194 3266 2250 oculos

1707 2295 2091 2367 spectantium,
2119 2291 2279 2350 siccis
2317 2290 2544 2361 pedibus
2572 2288 2876 2345 ambulabit
2897 2301 3063 2359 super
3090 2300 3262 2352 mare,

1707 2391 1936 2445 deducet
1959 2390 2136 2460 ignem
2167 2401 2198 2442 e
2224 2384 2385 2449 caelo,
2416 2389 2697 2439 convertet
2718 2381 2861 2437 diem
2900 2379 2957 2434 in
2988 2379 3266 2442 tenebras,

1707 2491 1761 2538 et
1785 2490 1996 2538 noctem
2021 2480 2076 2534 in
2108 2479 2251 2534 diem
2282 2495 2297 2532 :
2329 2476 2497 2531 solem
2524 2474 2857 2544 circumaget
2887 2485 2995 2542 quo
3023 2470 3264 2526 libuerit.

1706 2574 1773 2629 Et
1795 2583 1852 2629 ut
1876 2572 2047 2629 semel
2073 2570 2268 2637 dicam,
2295 2567 2561 2623 elementa
2589 2564 2771 2619 omnia
2805 2576 2963 2619 terrae
2990 2562 3269 2632 marisque

1706 2668 1759 2722 vi
1791 2666 1984 2722 oblatae
2016 2661 2370 2737 apparitionis
2398 2677 2428 2714 a
2453 2675 2512 2715 se
2553 2672 2737 2715 coram
2764 2654 3135 2727 spectantibus
3173 2654 3272 2708 ob-

1708 2767 2007 2829 temperare
2058 2755 2162 2811 sibi
2203 2750 2615 2809 demonstrabit.
2665 2746 2800 2803 Nam
2853 2746 2900 2802 si
2948 2746 3066 2817 ipse
3100 2743 3270 2800 modo

1708 2863 1817 2906 non
1840 2847 2168 2918 conspicuus
2196 2845 2339 2899 ﬁlius
2366 2840 2710 2914 perditionis,
2754 2837 3043 2894 visibiliter
3072 2845 3254 2891 tamen

1711 2942 1871 2997 nobis
1896 2940 2099 2996 bellum
2122 2939 2189 2993 ad
2217 2949 2426 3008 pugnas
2445 2942 2500 2989 et
2526 2932 2699 2989 caedes
2729 2931 2973 2985 immittit
2995 2928 3270 2999 atque'exé

1712 3034 1842 3091 citat
1868 3052 1881 3089 :
1915 3042 2047 3088 tunc
2079 3045 2202 3087 cum
2238 3029 2291 3083 in
2322 3028 2541 3098 prepria
2582 3036 2811 3096 persona
2833 3021 3016 3105 veniet
3038 3020 3175 3091 ipse,
3203 3032 3269 3075 ac

89 3128 294 3197 ὲρεθίζει,
324 3118 443 3182 τότε
474 3125 642 3190 αὐτὸς
672 3126 798 3179 ὅταν
843 3123 1010 3197 μέλλῃ
1052 3116 1488 3191 αύτοπροσώπως
1519 3116 1607 3189 ἐρ-

1713 3141 1837 3182 vere
1860 3126 2011 3180 illum
2047 3122 2297 3178 homines
2328 3118 2701 3180 intuebuntur,
2749 3116 3023 3184 quas'non
3053 3108 3266 3165 machi-

90 3220 239 3291 χεσθαι
263 3220 355 3292 (5),
404 3220 503 3274 καὶ
533 3217 758 3289 θεωρεῖν
791 3217 952 3269 αὑτὸν
993 3215 1043 3267 οἱ
1073 3211 1346 3284 ἅνθρωποι
1392 3211 1449 3263 ὲν
1477 3207 1611 3281 ἀλη-

90 3312 197 3385 θεία,
216 3314 356 3377 τίνας
381 3313 482 3367 οὐκ
540 3308 894 3383 εἰσπράξεται
966 3304 1240 3379 μηχανὰς,
1294 3301 1387 3356 καὶ
1409 3300 1611 3367 δόλους,

90 3407 161 3457 καὶ
178 3406 474 3475 φαντασίας,
507 3404 647 3475 πρὸς
678 3402 741 3456 τδ
761 3400 967 3462 πάντας
987 3396 1305 3470 ἀνθρώπους
1341 3392 1612 3465 πλανῆσαι

93 3499 163 3551 καὶ
187 3500 470 3570 ἀποστῆσαι
506 3499 577 3551 ὲκ
607 3496 704 3567 τῆς
734 3492 853 3548 ὁδοῦ
885 3491 982 3564 τῆς
998 3487 1279 3560 ἀληθείας,
1311 3485 1407 3540 καὶ
1433 3485 1498 3538 ὲκ
1515 3483 1613 3555 τῆς

94 3588 226 3661 θύρας
241 3591 331 3661 τῆς
355 3588 637 3661 βασιλείας
662 3586 759 3658 (6).

149 3678 326 3734 XXVII.
360 3676 495 3734 Εἶτα
542 3677 678 3750 μετά
732 3674 904 3729 ταῦτα
950 3672 1163 3736 πάντα,
1216 3671 1245 3723 ὁ
1297 3666 1520 3741 οὐρανὸς
1550 3667 1611 3720 οὐ

94 3773 219 3827 δώσει
246 3774 331 3847 τὴν
357 3775 551 3850 δρόσον
570 3769 755 3836 αὑτοῦ,
776 3770 831 3823 αί
848 3765 1066 3836 νεφέλαι
1085 3764 1145 3818 οὐ
1166 3761 1424 3816 δώσουσιν
1448 3759 1609 3830 ὕδωρ,

97 3866 197 3937 ήγῆ
222 3868 501 3939 ἀρνήσεται
561 3865 688 3926 τοὺς
739 3860 982 3933 καρποὺς
1042 3854 1235 3925 αὐτῆς,
1289 3854 1325 3925 ἡ
1372 3851 1613 3906 θάλασσα

95 3956 307 4025 δυσωδίας
358 3956 781 4032 πληρωθήσεται
831 3952 929 4023 (7),
964 3951 1013 4003 οἱ
1051 3946 1285 4018 ποταμοὶ
1342 3942 1612 4016 ξηρανθή-

98 4067 270 4118 σονται,
297 4054 343 4107 oi
373 4052 560 4124 ἰχθύες
606 4048 708 4119 τῆς
740 4044 1013 4115 θαλάσσης
1042 4037 1407 4111 τεθνήξονται,
1439 4035 1489 4088 οἱ
1520 4034 1612 4089 ἄν·

97 4140 260 4211 θρωποι
286 4146 346 4198 ὲκ
375 4143 468 4197 τοῦ
512 4139 670 4211 λιμοῦ
727 4135 823 4192 καὶ
872 4135 974 4206 τῆς
1002 4132 1160 4204 δίψης
1209 4128 1607 4199 τελευτήσουσισ

99 4235 170 4287 καὶ
190 4235 352 4308 πατὴρ
378 4235 469 4289 τὸν
497 4233 615 4287 υίδν
644 4227 998 4303 περιπλακεὶς
1031 4222 1106 4296 (8)
1140 4222 1255 4294 ἃμα
1283 4217 1614 4274 ἀποθανοῦν-

100 4340 183 4389 ται,
229 4328 312 4381 καὶ
361 4329 544 4400 μήτηρ
575 4322 846 4393 θυγατέρα
890 4318 1107 4390 ὁμοίως
1133 4315 1226 4370 καὶ
1277 4313 1377 4367 ούκ
1407 4311 1552 4365 ἐστιν
1581 4312 1611 4364 ὁ

103 4417 296 4478 θάπτων.
338 4421 472 4475 ’Δλλ’
501 4422 538 4491 ὴ
571 4418 642 4489 γῆ
675 4418 822 4471 πᾶσα
853 4416 917 4468 ὲκ
944 4412 1049 4468 τῶν
1101 4409 1368 4481 σωμάτων
1387 4405 1497 4460 τῶν
1520 4406 1608 4478 ep-

1714 3233 1834 3283 nas,
1861 3215 2017 3271 dolos
2047 3228 2110 3269 ac
2141 3211 2347 3283 species
2371 3208 2647 3276 molietur,
2677 3205 2741 3261 ad
2770 3202 3109 3261 seducendos
3136 3218 3271 3258 cun—

1712 3320 1831 3366 ctos
1858 3307 2110 3363 homines
2162 3313 2218 3360 et
2259 3299 2604 3359 abducendos
2628 3313 2662 3354 a
2690 3297 2779 3363 via
2815 3295 3063 3353 veritatis
3100 3302 3155 3350 et
3183 3308 3274 3349 re-

1713 3401 1805 3474 gni
1830 3398 2025 3472 porta!

1780 3669 1996 3727 XXVII.
2033 3668 2295 3739 Deinceps
2322 3674 2443 3737 post
2461 3665 2579 3720 haec
2598 3662 2785 3719 omnia
2811 3661 3008 3717 caelum
3030 3674 3139 3715 non
3172 3658 3269 3714 dn-

1710 3762 1790 3818 bit
1817 3775 1998 3816 rorem
2050 3773 2244 3824 suum,
2300 3757 2475 3811 nubes
2520 3770 2627 3809 non
2687 3752 3006 3824 praebebunt
3048 3765 3270 3823 aquam,

1713 3864 1859 3911 terra
1882 3852 2167 3922 denegabit
2200 3848 2411 3905 fructus
2442 3861 2593 3914 suos,
2648 3859 2801 3900 mare
2858 3842 3007 3914 gravi
3038 3840 3271 3911 replebi-

1711 3957 1803 4004 tur
1828 3948 2016 4013 odore,
2038 3943 2261 3999 tlumina
2287 3940 2731 4003 desiccabuntur,
2763 3935 3062 3989 morientur
3091 3932 3269 4002 pisces

1711 4039 1899 4106 maris,
1932 4037 2181 4094 homines
2231 4034 2377 4090 fame
2433 4030 2633 4101 sitique
2658 4026 2913 4099 peribunt
2934 4043 2949 4093 ;
2974 4032 3126 4095 pater
3153 4037 3270 4077 am-

1709 4133 1899 4204 plexus
1928 4130 2119 4194 tilium,
2171 4135 2345 4182 mater
2398 4124 2527 4179 item
2571 4120 2759 4184 tiliam,
2790 4132 2899 4172 uua
2945 4115 3267 4181 morientur,

1709 4240 1811 4279 nec
1831 4222 1934 4278 erit
1958 4220 2050 4292 qui
2073 4218 2317 4290 sepeliat.
2350 4213 2553 4271 Verum
2591 4211 2841 4267 universa
2869 4217 3012 4263 terra
3044 4204 3270 4277 perfun-

1710 4317 1868 4372 detu‘r
1918 4313 2113 4370 fanore
2164 4321 2453 4380 corporum
2494 4303 2912 4361 morticinorum
2943 4297 3147 4369 passim
3187 4296 3273 4366 ja-

1711 4408 1971 4466 centium.
1996 4404 2145 4460 Mare
2171 4417 2387 4474 quoque
2446 4414 2557 4455 non
2580 4395 2846 4467 recipiens
2864 4391 3151 4447 ﬂuminum
3182 4389 3270 4443 in-

351 4468 735 4584 ἷζᾷισῖμὲιιέυᾷ,
762 4468 1023 4567 δυσωδίας
1066 4501 1138 4574 (9)
1171 4468 1277 4570 ἔτλη
1287 4468 1604 4570 ρωθήσετοίι.

1713 4513 1924 4566 cursus,
1953 4496 2094 4554 omni
2135 4496 2309 4551 instar
2337 4492 2449 4558 (iet,
2480 4487 2797 4558 inﬁnitaque
2851 4491 2906 4538 et
2930 4480 3078 4551 gravi
3106 4478 3272 4534 odore

103 4603 189 4657 Καὶ.
212 4607 242 4677 ἠ
267 4606 501 4661 θάλασσα
551 4602 625 4675 μὴ
667 4600 925 4672 δεχομένη
952 4595 1060 4651 τῶν
1093 4591 1353 4664 ποταμῶν
1380 4588 1451 4644 τὰ
1488 4587 1613 4661 ῥεύ-

160 4828 249 4900 (93)
267 4829 434 4887 Verba
473 4829 562 4884 οἷα
609 4840 783 4900 usque
832 4821 899 4879 ad
930 4821 1173 4893 γένηται,
1199 4832 1320 4890 qute
1360 4814 1416 4870 in
1452 4812 1611 4869 editis

106 4896 557 4972 deerantmupplevi
578 4912 643 4972 ex
674 4896 737 4953 Β.

179 4970 254 5055 ᾗ)
274 4962 949 5055 πρρσκαλεσαμένους.

161 5028 253 5111 (95)
282 5040 335 5097 In
358 5028 422 5096 Β.
441 5028 599 5095 Ἀοοεῐ
632 5028 834 5098 αὐτοῖς.

161 5109 255 5179 ίθθ)
283 5112 434 5169 Deest
465 5109 594 5166 ibid.
623 5103 946 5179 vocabulum
971 5097 1157 5162 δεινός.

161 5161 255 5253 (9ῖὶ
280 5161 592 5253 ῐιῖῖῖηὲἱξῖέ
613 5161 860 5253 51:55.9“:-

163 5246 260 5323 t?8')
284 5246 653 5323 ᾼῡῖάᾱξιαάίάῑ
676 5265 708 5304 e
734 5246 797 5323 B_.

164 5308 259 5391 (99)
284 5321 341 5378 In
376 5321 436 5378 B.
461 5323 655 5376 desunt
674 5316 837 5373 verba
868 5314 962 5369 καὶ
996 5308 1175 5382 φυλαί.

167 5392 230 5466 (ξ)
249 5392 374 5466 [Μὰ.
407 5394 578 5466 μέγας
602 5392 775 5466 deest.

166 5455 232 5534 (2)
251 5463 398 5521 Deest
409 5455 518 5520 'vo'x
545 5455 761 5534 ὖπήκοα
781 5457 836 5512 in
858 5455 921 5534 [3.

168 5518 233 5599 (5)
256 5518 701 5590 “ipim—codex
731 5525 956 5601 ὁρατῶς.
988 5520 1095 5579 Sed
1139 5520 1195 5576 in
1249 5520 1311 5577 Β.
1365 5518 1612 5592 ἀοράτως

115 5599 218 5669 ἡμίν
249 5604 503 5669 πολεμῶν.
1019 5664 1031 5669 _
1107 5658 1145 5669 ³

194 5618 218 5651 ν
249 5618 503 5660 πολειιων.

170 5623 218 5652 ιν
249 5623 503 5677 niam”.

170 5672 425 5742 l4).Verba
450 5676 640 5742 ἐπάγει
664 5669 757 5727 καί
789 5669 985 5742 desunt
1015 5664 1072 5742 in
1106 5658 1170 5742 Β..

173 5724 236 5813 i5}
263 5724 697 5817 ιιιῖζιῖὶὲᾦὶἰίίιῖέ
724 5742 830 5795 Καὶ
875 5733 1099 5808 ὁρᾶσθαι
1138 5730 1242 5786 ὑπὸ
1269 5729 1375 5785 τῶν
1409 5724 1617 5799 ἀνθρώ-

1711 4590 2027 4663 replebitur.
2061 4585 2200 4641 Tum
2226 4583 2396 4655 pestis
2436 4578 2728 4637 invalescet
2778 4588 2941 4644 super
2962 4570 3269 4627 universam

1712 4829 1830 4866 πων
1855 4812 1911 4865 ὲν
1936 4806 2177 4881 ἀληθείᾳ.
2313 4803 2380 4881 {iv
2411 4794 2900 4881 οὐκείσπράξεταέ.

1750 4858 2158 4971 λθ).
2186 4858 2418 4938 εύθείας,
2451 4870 2547 4924 καὶ
2605 4858 2681 4921 ἔχ’
2724 4858 2823 4935 τῆς
2851 4858 3127 4934 βασιλείας
3163 4858 3272 4914 τῶν

1712 4969 1971 5115 00%;“:
2010 5039 2070 5092 Β.
2107 5035 2393 5108 sequitur:
2438 5033 2503 5086 Οἱ
2558 5031 2575 5083 ί
2613 5027 2735 5090 θύες
2764 5025 2932 5096 αὐτῆς
2970 5021 3272 5086 θυάξονται,

1712 5119 1759 5152 ιιι
1785 5111 2019 5152 ηηπηιυὴ
2045 5106 2495 5152 Ργιοανθήσονται.
2524 5047 2786 5152 αἱχλίιιναι
2826 5094 3177 5152 τακήσονται,
3204 5091 3272 5144 τὰ

1712 5119 1761 5170 οἱ
1785 5091 2495 5183 ξηραῖνθησονται,
2524 5091 2814 5183 αἴλίμναιΛ
2826 5091 3177 5183 τακήσονται,
3204 5091 3277 5144 τὰ

1717 5163 2310 5257 ξρρέαταῖκλὲίὶίιειητά
2357 5163 2524 5257 θηρία
2553 5163 2679 5257 τοὺς
3068 5165 3285 5257 ὲπρῖῗ.

1717 5232 2023 5379 ξὲἧᾶὧέεώ,
2046 5232 2312 5319 τά’κτήνη
2352 5232 2447 5298 καίῖ
2466 5241 2534 5296 τὰ
2555 5237 2776 5293 πετεινά
2805 5232 3075 5306 θνήξουσι,
3103 5234 3150 5285 oi
3178 5232 3274 5285 άν-

1753 5340 1945 5386 ρωποι,
1971 5332 2075 5377 etc.

1752 5342 1945 5399 ρωποι,
1971 5342 2075 5377 etc.

1778 5415 1867 5500 (8)
1914 5412 2072 5476 lbid.,
2129 5410 2223 5464 καὶ
2287 5408 2466 5479 μήτηρ
2532 5400 2836 5471 θυγατέρα,
2895 5396 3010 5467 ἃμα
3068 5391 3277 5448 ἀποθω-

1717 5502 1949 5543 νουνται.

1770 5578 1867 5650 (9)
1895 5576 1960 5650 ιιιΔ
1986 5574 2046 5627 Β.
2072 5574 2270 5650 desunt
2288 5585 2410 5650 qua:
2434 5554 3077 5650 εοαιιιιηψιςλαλδυσωίόξξις
3097 5563 3273 5650 εἴιρὶἾὲ

1720 5634 1929 5704 adnota
1949 5645 2155 5716 λοιμός,
2178 5659 2289 5716 non
2309 5634 2447 5706 alia,
2494 5634 2553 5693 ut
2599 5634 2832 5697 videtur,
2876 5641 3064 5693 causa,
3105 5634 3273 5694 quam
3354 5648 3359 5651 ν

1720 5718 1924 5775 librarii
1948 5714 2253 5775 oscitantia.
