3882 6332
229 301 332 358 957

1157 296 1429 358 SPURIA.
1471 331 1538 342 —-
1564 297 1654 354 DE
1691 289 2280 354 CONSUMMATIONE
2316 289 2550 347 MUNDI.

3363 291 3467 348 9'58

214 420 396 492 υμέγα,
433 417 568 472 διότι
589 417 714 472 οὔτε
747 417 1050 491 προσφορά,
1076 415 1198 470 οὔτε
1228 415 1477 488 θυμίαμα
1507 415 1620 487 (50)
1651 417 1802 469 ἐκτε-

1917 427 2066 484 gnum
2096 427 2110 463 :
2138 411 2263 482 quia
2297 423 2395 464 nec
2423 407 2644 474 oblatio,
2691 423 2790 463 nec
2834 408 3043 468 sumtus
3067 411 3178 478 ﬁet,
3212 425 3312 466 nec
3345 413 3466 468 cul-

225 512 420 576 λείται,
449 511 574 565 οῦτε
611 511 832 584 λατρεία
887 511 1203 582 θεάρεστοςο
1251 508 1386 563 ἀλλὰ
1429 509 1498 562 τὰ
1531 508 1650 582 ἱερὰ
1692 508 1801 562 τῶν

236 603 596 674 Ἐκκλησιῶν,
623 603 700 667 ὼς
734 602 1176 676 όπωροφυλάκιον
1215 601 1563 674 γενήσονται·
1609 601 1702 654 καὶ
1740 599 1801 653 τὸ

221 696 410 766 τίμιον
439 695 598 766 σῶμα
625 695 719 749 καὶ
759 689 898 766 αἷμα
923 693 1018 747 τοῦ
1057 691 1294 764 Χριστοῦ
1323 693 1382 747 ἐν
1415 694 1538 756 ταῖς
1569 693 1801 765 ἡμέραις

223 789 467 851 ἐκείναις
492 787 592 841 οὐκ
620 788 1018 859 ἀναφανήσεται
1063 785 1205 857 (51)·
1237 784 1546 857 λειτουργία
1574 784 1802 856 σϐεσθῆ-

225 896 405 942 σεται,
452 878 737 950 ψαλμῳδία
775 878 1130 950 παυθήσεται,
1161 877 1464 945 ἀνάγνωσις
1505 875 1614 930 τῶν
1664 877 1802 947 Γρα-

225 971 345 1041 φῶν
377 971 479 1025 οὐκ
523 969 1023 1041 είσακουσθήσεται.
1059 967 1218 1022 Ἀλλὰ
1261 967 1450 1031 σκότος
1495 967 1644 1021 ἐσται
1690 970 1802 1032 τοῖς

225 1061 569 1134 ἀνθρώποις,
609 1062 704 1116 καὶ
750 1061 946 1133 θρῆνος
997 1061 1090 1114 ἐπὶ
1144 1060 1359 1132 θρῆνον,
1392 1060 1486 1113 καὶ
1535 1059 1658 1113 οὐαὶ
1710 1059 1803 1112 ἐπὶ

224 1155 368 1208 οὐαί.
415 1154 657 1224 Ῥίψεται
697 1153 818 1207 τότε
845 1154 874 1206 ὁ
899 1153 1138 1224 ἄργυρος
1183 1152 1276 1205 καὶ
1301 1153 1330 1205 ὁ
1367 1150 1564 1223 χρυσὸς
1600 1152 1658 1204 ἐν
1681 1153 1804 1215 ταῖς

228 1245 538 1310 πλατείαις,
580 1246 674 1299 καὶ
722 1246 896 1308 οὐδεὶς
940 1244 1155 1311 συνάξει
1202 1243 1399 1307 αὐτούς
1450 1242 1612 1313 (52)’
1669 1241 1804 1295 ἀλλὰ

228 1341 407 1393 πάντα
441 1336 700 1409 βδελυκτὰ
730 1336 1116 1409 καθεστήκασι.
1148 1335 1354 1398 Πάντες
1385 1333 1495 1406 γὰρ
1519 1333 1615 1386 τοῦ
1645 1334 1804 1402 ἐκφυ-

226 1435 343 1501 γεῖν
371 1431 468 1484 καὶ
506 1429 773 1502 κρυϐῆναι
815 1428 1195 1491 σπουδάσουσι,
1234 1426 1329 1480 καὶ
1369 1425 1606 1496 οὐδαμοῦ
1643 1424 1801 1496 δυνή-

229 1539 416 1576 σονται
443 1521 626 1575 λαθεῖν
656 1523 720 1574 ἐκ
748 1520 856 1573 τῶν
895 1518 1081 1573 παθῶν
1111 1517 1224 1590 (55)
1260 1516 1355 1570 τοῦ
1387 1515 1763 1586 ἀντικειμένου
1785 1532 1800 1548 ο

227 1613 364 1668 ἀλλὰ
396 1613 458 1666 τὸ
513 1615 736 1685 σημεῖον
783 1610 950 1665 αὐτοῦ
1002 1599 1425 1682 περιφέροντες,
1467 1608 1678 1680 εὔδηλοι
1709 1607 1805 1662 καὶ

225 1708 460 1778 γνωστοὶ
488 1707 652 1760 αὑτοῦ
687 1703 1179 1776 άναδειχθήσονται.
1216 1699 1456 1765 Ἐξωθεν
1483 1700 1646 1770 φόϐος
1664 1739 1679 1764 ,
1710 1700 1804 1752 καὶ

1903 514 1992 560 tus
2021 503 2132 558 Deo
2164 511 2373 572 gratus.
2419 501 2522 556 Sed
2552 499 2913 556 Ecclesiarum
2941 503 3083 558 aedes
3112 517 3282 558 sacrze
3309 512 3471 574 tugu-

1903 598 1972 652 rii
2003 597 2177 650 instar
2197 603 2359 650 erunt
2380 593 2447 659 ⁷³,
2480 593 2884 663 prctiosumque
2925 593 3125 665 corpus
3155 603 3211 651 et
3245 597 3471 666 sanguis

1902 687 2107 744 Christi
2164 677 2278 742 nori‘
2302 685 2537 741 exstabit
2578 684 2633 738 in
2681 684 2879 740 diebus
2929 686 3057 752 illis,
3113 686 3332 759 liturgia
3375 703 3472 743 ex-

1903 780 2228 850 stinguctur,
2277 777 2610 847 psalmorum
2663 775 2973 832 decantatio
3009 778 3266 846 cessabit,
3321 777 3470 835 Scri-

1903 877 2184 938 pturarum
2219 866 2463 920 recitatio
2504 880 2611 920 non
2655 864 2924 921 audietur.
2979 865 3084 922 Sed
3122 877 3281 924 erunt
3325 871 3470 940 apud

1905 960 2154 1015 homines
2180 959 2436 1024 tenebrae,
2459 957 2775 1012 lamentatio
2804 973 2968 1028 super
2999 959 3468 1026 lamentationem,

1903 1066 1984 1106 vae
2013 1067 2177 1122 super
2208 1065 2307 1105 vae.
2341 1050 2640 1120 Argentum
2679 1058 2732 1104 et
2764 1065 2959 1105 aurum
2993 1060 3124 1108 tunc
3154 1053 3473 1123 projicietur

1905 1143 1959 1199 in
2003 1145 2228 1214 plateas,
2263 1156 2362 1198 nec
2393 1141 2682 1212 quisquam
2741 1142 2958 1214 colliget
2997 1160 3062 1199 ea
3100 1161 3114 1198 :
3159 1146 3252 1202 sed
3285 1147 3469 1203 omnia

1905 1234 2298 1291 abominationi
2341 1233 2638 1289 habebunt.
2672 1233 2862 1290 Cuncti
2896 1235 3043 1291 enim
3077 1236 3334 1305 aufugere
3376 1254 3472 1294 co-

1905 1329 2180 1383 nabuntur
2221 1335 2276 1380 et
2307 1325 2598 1392 abscondi;
2640 1341 2908 1396 nusquam
2955 1338 3135 1382 tamen
3175 1328 3342 1384 latere
3375 1345 3476 1399 po-

1907 1424 2086 1473 terunt
2137 1431 2170 1472 a
2209 1415 2367 1474 malis
2409 1415 2740 1482 adversarii;
2792 1416 2888 1472 sed
2937 1426 3120 1473 notam
3171 1419 3318 1474 illius
3367 1423 3477 1476 cir-

1907 1507 2267 1566 cumferentes
2310 1507 2468 1563 facile
2504 1519 2921 1578 cognoscentur,
2960 1525 3026 1566 ac
3063 1510 3178 1564 noti
3221 1511 3342 1582 ejus
3379 1512 3476 1567 de-

1905 1601 2279 1657 clarabuntur.
2328 1599 2493 1654 Extra
2523 1601 2707 1665 timor,
2742 1601 2892 1656 intus
2924 1610 3129 1658 tremor
3164 1613 3321 1659 nocte
3361 1604 3478 1661 die-

1907 1707 2034 1763 que,
2063 1703 2178 1746 tum
2211 1692 2266 1746 in
2295 1691 2489 1761 platea,
2524 1701 2637 1745 tum
2669 1691 2815 1746 domi
2844 1693 3165 1760 morticina;
3201 1694 3254 1748 in
3282 1695 3476 1765 plateis

224 1765 431 1855 έσωθεν
459 1801 677 1872 τρόμος,
705 1799 801 1852 καὶ
833 1765 1077 1851 ἐδνυκτὶ
1110 1794 1203 1848 καὶ
1235 1794 1294 1846 ἐν
1331 1765 1514 1864 ἡμέρα
1533 1809 1546 1822 ·
1582 1793 1639 1844 ἐν
1670 1791 1802 1845 πλα-

1917 1792 1962 1840 et
1992 1784 2244 1840 domibus
2283 1784 2450 1839 fames
2481 1799 2546 1838 ac
2578 1783 2736 1849 sitis;
2777 1784 2831 1840 in
2863 1786 3056 1855 plateis
3096 1787 3384 1859 tumultus,
3421 1788 3477 1843 in

225 1893 346 1964 τείᾳ
370 1892 466 1946 καὶ
503 1894 561 1945 ἐν
587 1892 698 1954 τοῖς
725 1890 893 1953 οἴκοις
936 1887 1258 1959 θνησιμαῖω
1289 1887 1349 1939 ἐν
1390 1885 1673 1949 πλατείαις
1702 1886 1802 1939 καὶ

1917 1876 2164 1932 domibus
2210 1877 2480 1946 planctus.
2533 1874 2884 1932 Pulchritudo
2915 1886 3167 1947 aspectus
3198 1877 3354 1934 faciei
3389 1889 3477 1934 ta-

225 1987 286 2039 ἐν
310 1984 481 2048 οἴκοις
503 1984 612 2056 (54)
639 1985 798 2037 πεῖνα
825 1982 917 2057 καὶ
935 1981 1080 2052 δίψαο
1104 1983 1162 2034 ἐν
1189 1979 1472 2042 πλατείαις
1490 1977 1727 2052 θόρυϐοι,
1748 1978 1802 2030 ἐν

1917 1968 2115 2028 bescct.
2145 1968 2274 2022 fient
2303 1969 2448 2024 enim
2480 1967 2669 2024 formae
2703 1985 2893 2024 eorum
2928 1979 3184 2040 tanquam
3232 1980 3478 2026 mortuo-

225 2078 397 2139 οἴκοις
426 2073 681 2130 κοπετοί·
706 2073 1049 2146 μεμάρανται
1065 2073 1125 2125 τὸ
1156 2071 1351 2134 κάλλος
1369 2071 1467 2142 τῆς
1490 2068 1666 2138 ὅψεως
1692 2066 1802 2140 (55)

1917 2077 2054 2116 rum.
2095 2059 2361 2116 Venustas
2392 2059 2680 2114 mulierum
2707 2071 3002 2127 exarescet,
3047 2061 3314 2131 cupiditas
3357 2077 3478 2118 om-

226 2167 321 2222 τοῦ
370 2167 693 2239 προσώπουο
737 2168 978 2236 γίνονται
1017 2163 1126 2238 γὰρ
1172 2165 1229 2218 αἱ
1261 2162 1396 2216 ἰδέαι
1426 2159 1627 2224 αὐτῶν,
1681 2159 1802 2212 ὡσεὶ

1917 2155 2066 2209 nium
2106 2154 2390 2208 hominum
2426 2159 2734 2208 evanescet.

225 2261 459 2332 νεκρῶν.
509 2262 617 2314 Καὶ
659 2261 720 2315 τὸ
769 2260 962 2323 κάλλος
1013 2258 1122 2313 τῶν
1170 2256 1444 2328 γυναικῶν
1488 2253 1892 2329 μαρανθήσεται
1920 2251 2069 2322 (56),
2100 2251 2194 2304 κα).
2234 2251 2268 2320 ἡ
2298 2248 2559 2320 ἐπιθυμία
2591 2248 2697 2302 τῶν
2733 2247 3032 2321 ἀνθρώπων
3068 2249 3283 2304 πάντων
3315 2250 3478 2321 ἀφαι-

229 2354 538 2426 ρεθήσεται.

297 2446 519 2502 XXXV.
562 2448 696 2502 Οὐδὲ
733 2448 844 2519 γὰρ
882 2448 1001 2500 τότε
1029 2448 1058 2499 ὁ
1083 2447 1452 2517 εὖσπλαγχνος
1489 2444 1584 2499 καὶ
1613 2441 1799 2515 φιλάν-

1975 2433 2192 2490 XXXV.
2244 2431 2431 2502 Neque
2479 2439 2660 2487 tamen
2689 2445 2756 2486 eo
2793 2438 3035 2499 tempore
3068 2429 3382 2485 misericors
3425 2435 3480 2484 et

227 2539 450 2611 θρωπος
500 2539 632 2602 Θεὸς
677 2539 990 2609 καταλείψει
1035 2538 1142 2592 τῶν
1195 2536 1496 2610 ἀνθρώπων
1548 2535 1611 2589 τὸ
1648 2535 1802 2606 γένος

1917 2528 2185 2586 nominum
2229 2538 2421 2580 amans
2468 2521 2611 2578 Deus
2653 2521 2923 2592 relinquet
2969 2522 3268 2576 humanum
3305 2536 3478 2592 genus

228 2630 698 2703 ἀπαραμύθητον,
753 2629 887 2684 ἀλλὰ
933 2631 1027 2692 καὶ
1081 2629 1372 2685 κολοϐὡσει
1430 2627 1529 2692 τὰς
1594 2626 1802 2700 ἡμέρας

1917 2622 2054 2678 omni
2088 2616 2462 2676 consolatione
2491 2614 2847 2680 destitutum;
2894 2614 2988 2669 sed
3018 2613 3321 2669 decurtabit
3360 2612 3479 2668 dies

227 2725 481 2786 ἐκείναςο
539 2723 633 2777 καὶ
664 2722 774 2776 -τδν
839 2723 1027 2795 χρόνον
1087 2721 1196 2775 τῶν
1253 2719 1421 2792 τριῶν
1482 2719 1577 2772 καὶ
1636 2717 1802 2790 ἥμισυ

1917 2715 2031 2770 illos
2073 2720 2128 2767 et
2166 2719 2381 2780 tempus
2433 2707 2599 2764 trium
2651 2720 2918 2761 annorum
2969 2706 3135 2760 seruis
3197 2705 3478 2761 concisum

230 2816 366 2870 ἐτῶν
400 2816 538 2886 (57),
570 2816 662 2869 καὶ
701 2816 915 2887 ποιήσει
943 2813 1082 2869 αὐτὰ
1112 2814 1370 2885 σύντομα,
1409 2811 1497 2865 διὰ
1535 2811 1598 2864 τὸ
1635 2806 1802 2863 κατά-

1917 2806 2098 2862 reddet
2123 2803 2190 2868 ⁷⁸,
2231 2809 2450 2873 propter
2499 2800 2758 2869 reliquias
2802 2797 3132 2852 latitantium
3171 2796 3226 2852 in
3277 2798 3478 2852 monti-

228 2907 435 2979 λειμμα
461 2908 568 2962 τῶν
601 2909 658 2960 ἐν
683 2907 832 2980 δρεσι
861 2909 955 2962 καὶ
986 2907 1267 2978 σπηλαίοις
1295 2902 1802 2976 κατακρυφθέντων·

1917 2901 2016 2955 bus
2047 2907 2103 2954 et
2145 2893 2454 2966 speluncis;
2501 2907 2569 2947 ne
2605 2890 2839 2962 phalanx
2876 2890 2967 2944 illa
3003 2898 3316 2945 sanctorum
3358 2888 3480 2943 illo-

228 2999 316 3054 ἵνα
371 2999 446 3072 μὴ
511 3001 726 3053 πάντων
795 2999 902 3054 τῶν
969 3001 1140 3069 ἁγίων
1217 2997 1438 3051 ἐκείνων
1494 2997 1528 3065 ἡ
1592 2990 1802 3062 φάλαγξ

1917 3006 2031 3046 rum
2065 2987 2309 3044 omnium
2342 2983 2576 3040 deﬁciat.
2613 2981 2717 3037 Sed
2749 2981 2865 3036 dies
2895 2981 2975 3035 illi
3018 2980 3267 3036 ceieriter
3301 2989 3479 3035 trans-

227 3092 474 3165 ἑκλείψη.
523 3091 680 3144 Ἀλλὰ
710 3092 846 3162 μετὰ
874 3092 1106 3163 σπουδῆς
1134 3091 1191 3144 αί
1235 3089 1440 3161 ἡμέραι
1485 3081 1645 3140 αὗται
1688 3085 1802 3154 (58)

1917 3083 2086 3144 ibunt,
2115 3075 2417 3134 seductoris
2445 3073 2824 3129 etAntichristi
2849 3087 3076 3142 regnum
3102 3072 3212 3127 cito
3237 3072 3476 3126 tolletur.

226 3182 678 3255 διειδραμοῦνται⁸
710 3184 804 3237 καὶ
847 3184 1139 3256 ἀρθήσεται
1168 3182 1202 3252 ἠ
1243 3179 1488 3252 βασιλεία
1528 3178 1620 3231 τοῦ
1666 3176 1803 3230 πλά-

228 3294 322 3329 νου
353 3277 448 3328 καὶ
489 3276 851 3348 Ἀντιχρίστου
889 3277 946 3329 ἐν
975 3275 1147 3346 τάχει.
1204 3271 1307 3326 Καὶ
1347 3270 1531 3323 λοιπὸν
1579 3271 1635 3323 ἐν
1669 3270 1801 3340 ῥιπῇ

229 3365 512 3439 ὀφθαλμοῦ
556 3368 797 3442 παρέλθῃ
846 3367 907 3422 τὸ
954 3367 1139 3438 σχῆμα
1185 3364 1279 3417 τοῦ
1325 3363 1530 3432 κόσμου
1576 3359 1798 3413 τούτου·

1909 3170 2112 3226 Deinde
2174 3169 2226 3223 in
2276 3169 2387 3222 ictu
2439 3165 2582 3221 oculi
2651 3163 2946 3235 praeteribit
3004 3162 3213 3231 species
3289 3159 3480 3215 mundi

1909 3263 2072 3335 hujus
2103 3264 2187 3330 ⁷³,
2237 3261 2633 3329 hominumque
2687 3255 2926 3328 potentia
2985 3252 3362 3318 evacuabitur,
3421 3261 3477 3307 et

1910 3365 2104 3412 cuncta
2133 3369 2254 3424 quae
2286 3352 2486 3408 cadunt
2521 3351 2624 3406 sub
2651 3350 2860 3414 oculos,
2887 3347 3227 3404 delcbuntur.

231 3467 326 3520 καὶ
379 3467 490 3520 τῶν
560 3439 860 3537 ἀνθρώπων
912 3462 1050 3534 (59)
1096 3463 1130 3534 ἡ
1172 3460 1388 3527 ἐξουσία
1445 3454 1917 3528 καταργηθήσεται
1963 3448 2072 3520 (60)
2131 3447 2225 3502 καὶ
2294 3445 2364 3499 τὰ
2415 3445 2663 3518 ὁρώμενα
2709 3442 2883 3498 ταῦτα
2945 3443 3122 3496 πάντα
3177 3439 3506 3514 ἀφανισθή-⁵

233 3578 440 3615 σονται.

303 3653 546 3710 XXXVI.
596 3652 812 3706 Τούτων
871 3645 964 3706 οῦν
1017 3647 1322 3721 ἐσομένων,
1373 3643 1680 3715 ἀγαπητοὶ,
1731 3632 1806 3695 ὧν

234 3748 586 3820 προείπομεν,
619 3747 712 3800 καὶ
741 3745 842 3816 τῆς
893 3744 1022 3814 μιᾶς
1076 3741 1366 3812 ἑϐδομάδος
1421 3739 1500 3802 είς
1522 3735 1616 3791 δύο
1649 3751 1806 3805 μερι-

234 3841 478 3912 σθείσης,
507 3840 597 3894 καὶ
635 3836 730 3892 τοῦ
780 3837 1146 3909 βδελύγματος
1180 3836 1280 3906 τῆς
1320 3829 1651 3904 ἐρημώσεως
1683 3826 1804 3879 τότε

231 3933 630 4004 ἀναφανέντος,
663 3930 897 3985 καὶτῶν
947 3928 1268 4002 προδρόμων
1315 3925 1424 3996 (6i)
1463 3922 1558 3976 τοῦ
1599 3919 1804 3992 Κυρίου

229 4029 320 4084 τὸν
357 4028 488 4080 ἴδιον
526 4025 725 4097 δρόμον
753 4024 1102 4088 τελεσάντων,
1126 4019 1340 4076 καὶτοῦ
1374 4017 1682 4090 σύμπαντος
1713 4013 1807 4067 κό-

234 4138 372 4192 σμου
404 4118 590 4172 λοιπὸν
622 4116 734 4189 (62)
762 4118 841 4181 εἰς
874 4115 1177 4169 συντέλειαν
1219 4111 1534 4185 ἐρχομένου,
1564 4107 1616 4161 τί
1647 4121 1804 4176 περι·-

229 4213 508 4275 λείπεται,
537 4209 650 4264 ἀλλ’
672 4209 707 4280 ἢ
747 4210 781 4280 ἠ
813 4207 1102 4277 ἐπιφάνεια
1140 4205 1234 4260 τοῦ
1263 4203 1460 4276 Κυρίου
1493 4200 1586 4254 καὶ
1625 4197 1807 4266 Σωτῆ-

233 4320 324 4376 ρος
359 4301 520 4373 ἡμῶν
550 4298 724 4372 Ἰησοῦ
755 4295 1015 4370 Χριστοῦ,
1049 4296 1145 4351 τοῦ
1189 4294 1320 4349 Υίοῦ
1365 4290 1460 4346 τοῦ
1505 4286 1663 4350 Θεοῦ,
1708 4284 1801 4340 ἀπ’

1990 3633 2234 3689 XXXVI.
2294 3631 2433 3710 Cum
2489 3629 2677 3701 igitur,
2727 3627 2944 3694 dilecti,
2997 3625 3179 3681 futura
3217 3627 3327 3682 sint
3369 3626 3483 3681 haec

1913 3745 2036 3801 quae
2072 3736 2197 3782 ante
2233 3725 2505 3787 diximus,
2545 3722 2829 3792 divisaque
2868 3721 2924 3774 in
2968 3719 3105 3774 duas
3148 3729 3331 3788 partes
3374 3733 3484 3773 una

1917 3818 2257 3876 hcbdomada
2302 3817 2390 3882 ⁷³,
2440 3825 2495 3870 et
2543 3812 2876 3868 abominatio
2938 3808 3293 3864 desolationis
3351 3816 3484 3863 tunc
3600 3841 3622 3860 ρ

1911 3911 2269 3974 exstiterit,et
2285 3921 2647 3980 prmcursorcs
2672 3903 2884 3958 Domini
2910 3917 3129 3957 cursum
3151 3917 3310 3956 suum
3334 3917 3484 3971 pere-

1911 4005 2102 4077 gerint,
2123 4003 2327 4057 mundo
2344 4000 2575 4070 denique
2597 3997 2848 4052 universo
2864 3996 2930 4049 ad
2952 3994 3482 4049 consummationem

1906 4102 2262 4167 properante,
2299 4089 2430 4161 quid
2463 4095 2742 4159 superest,
2768 4084 2874 4140 nisi
2900 4083 3164 4138 adventus
3184 4082 3397 4138 Domini
3429 4091 3484 4137 et

1911 4185 2207 4241 Salvatoris
2251 4182 2424 4239 nostri
2456 4179 2587 4236 Jesu
2619 4177 2855 4245 Christi,
2887 4175 3009 4230 Filii
3045 4174 3160 4242 Dei,
3196 4175 3262 4230 de
3303 4174 3480 4239 caelis,

1911 4281 1966 4335 in
2009 4295 2172 4350 quem
2217 4276 2584 4347 speravimus;
2633 4270 2728 4342 qui
2777 4269 3115 4325 exustionem
3163 4283 3228 4322 ac
3269 4267 3482 4336 justum

226 4357 496 4466 ὲύραᾷἐῦν,
544 4357 624 4454 είς
666 4389 725 4443 ὃν
774 4357 1109 4460 ἠλπίσαμενο
1143 4387 1201 4451 ὃς
1241 4381 1418 4451 ἐξάξει
1463 4381 1561 4452 τὴν
1614 4376 1801 4447 πύρω-

1917 4384 2074 4424 omne
2107 4367 2376 4438 judicium
2414 4365 2608 4420 educet
2644 4363 2698 4416 in
2743 4375 2838 4417 eos
2872 4359 2964 4429 qui
3005 4373 3112 4413 non
3147 4357 3479 4412 crediderint

229 4502 314 4538 σιν
349 4482 487 4555 (65),
522 4483 616 4536 καὶ
640 4481 740 4552 τὴν
780 4478 1169 4552 δικαιοκρισίαν
1217 4477 1394 4530 πᾶσαν
1431 4475 1542 4535 τοῖς
1580 4466 1808 4538 ἀπειθή-

230 4594 390 4630 σασιν
423 4575 592 4645 αύτῷ.
629 4573 791 4642 Λέγει
822 4572 929 4646 γὰρ
960 4575 988 4626 ὁ
1021 4570 1222 4642 Κύριος
1246 4585 1260 4600 ο
1314 4569 1416 4619 ’ον
1449 4563 1671 4633 τρόπον
1695 4559 1806 4631 γὰρ

228 4671 268 4738 ἡ
298 4667 582 4738 ἀστραπὴ
615 4666 920 4738 ἐξέρχεται
953 4662 1070 4719 ἀπὸ
1093 4658 1426 4724 ἀνατολῶν,
1469 4655 1568 4711 καὶ
1606 4653 1811 4724 φαίνε-

1912 4462 2001 4518 ei?
2029 4461 2118 4515 Ait
2141 4459 2288 4514 enim
2321 4456 2586 4510 Dominus
2618 4469 2632 4506 :
2677 4450 3127 4519 Quemadmodum
3164 4449 3345 4520 fulgur
3368 4450 3479 4503 exit

1913 4554 1977 4610 ab
2008 4554 2226 4613 oriente,
2253 4559 2303 4604 et
2336 4556 2553 4618 apparet
2589 4561 2751 4616 usque
2786 4543 2854 4596 ad
2891 4542 3250 4596 occidentem:
3272 4542 3347 4594 sic
3378 4541 3482 4595 erit

1910 4646 2073 4701 etiam
2112 4643 2365 4697 adcentus
2389 4637 2525 4692 Filii
2563 4635 2810 4690 hominis.
2859 4631 2965 4695 ,Ubi
3006 4632 3145 4684 enim
3190 4631 3350 4700 fuerit
3391 4647 3483 4684 ca-

307 4808 356 4838 ⁷³
377 4807 576 4863 Jerem.
610 4821 758 4869 xxvr,
787 4805 876 4859 18.
953 4801 1000 4834 ⁷⁵
1023 4800 1211 4855 Matth.
1234 4814 1382 4865 xxxv,
1406 4796 1501 4850 22.
1572 4789 1659 4844 "l
1689 4787 1816 4843 Cor.
1855 4799 1953 4850 vn,
1977 4783 2067 4838 51.
2141 4780 2187 4812 ⁷⁸
2211 4778 2348 4834 Dan.
2384 4791 2461 4840 lx,
2491 4775 2581 4830 27.

303 4944 415 5013 (50)
458 4941 514 4996 In
548 4942 608 4995 Β.
643 4956 767 5013 mox
790 4936 1097 5013 _sequit_ur_'_:
1140 4931 1276 5012 Οὔτε
1319 4928 1618 5013 τὸπίμιον.
1648 4925 1804 5013 ἐκτε-

225 4993 414 5068 λεῗτῖείί
630 4993 726 5066 καί
753 4993 1011 5082 αἷμ’τοῦ
1037 5003 1295 5082 Χριστοῦ,
1321 5000 1416 5082 κα).
1447 4993 1512 5082 ἐν
1528 4998 1646 5058 ταῖς
1670 4993 1806 5082 ilus:-

405 5067 640 5146 ἐκείναις
684 5083 784 5135 οὐκ
817 5067 1171 5148 άναφέρεται,
1209 5073 1307 5126 καὶ
1341 5070 1446 5141 γὰρ
1493 5067 1805 5136 λειτουργία

227 5154 613 5224 σϐεσθήσεται,
657 5151 791 5205 ἀλλὰ
825 5148 1014 5211 σκότος
1047 5145 1216 5199 ἔσται.
1263 5141 1341 5197 ιω
1379 5144 1492 5194 haec
1524 5152 1621 5208 pro
1650 5147 1803 5190 more

227 5225 527 5278 contrahit.

304 5295 420 5364 (51)
473 5291 844 5364 Ἀναφέρεται,
873 5296 958 5344 est
993 5283 1144 5364 in_B.

304 5297 388 5360 (51
473 5297 844 5364 Ἀναφέρεται,
873 5297 958 5344 est
993 5297 1046 5340 in
1084 5297 1144 5336 li.

303 5297 420 5440 (5.3;
458 5361 545 5440 ἐι·
575 5361 685 5440 Pici
721 5360 914 5440 001‘0’5-
946 5356 1165 5439 συὶίάτει
1200 5352 1355 5440 οεὲτάο

458 5432 545 5498 Β.,
575 5431 830 5500 ἐκφυγεῖν
867 5431 932 5482 ἐκ
957 5426 1066 5481 τῶν
1098 5423 1358 5493 παγίδων,
1396 5423 1596 5474 rectius
1630 5423 1685 5469 ut
1723 5423 1802 5467 νὶ-

461 5571 518 5644 In
551 5570 742 5627 eodem
783 5569 968 5625 codice
1005 5567 1204 5623 absunt
1229 5563 1392 5622 verba
1427 5561 1483 5614 ἐν
1519 5553 1800 5618 πλατείαις

226 5645 327 5700 καὶ
360 5642 416 5696 ἐν
454 5642 641 5706 οἴκοις.

458 5713 592 5767 Ibid.
629 5711 781 5766 deest
803 5709 901 5780 τῆς
939 5708 1114 5778 ὅψεως

532 5810 803 5869 ΡΑτιιοι.
831 5809 947 5868 Gn.
984 5807 1044 5868 Χ

1987 4916 2100 4987 (56)
2127 4916 2339 4987 iterum
2380 4913 2578 4970 desunt
2620 4913 2674 4967 in
2718 4909 2781 4963 B.
2816 4910 2978 4964 verba
3012 4908 3106 4962 καὶ
3143 4909 3375 4979 qusque
3419 4905 3488 4960 ad

1913 4986 2358 5071 ﬁrmissimam.-

1965 5048 2100 5129 ’(5ἳ)
2139 5048 2196 5110 In
2223 5055 2283 5108 B.
2311 5056 2466 5109 deest
2501 5052 2594 5104 καὶ
2625 5051 2819 5120 ἥμισυ,
2851 5048 2944 5103 sed
2987 5055 3164 5104 exstat
3194 5050 3362 5115 Apoc.
3403 5059 3484 5108 Il,

1913 5129 1967 5184 9.
1997 5129 2063 5182 ad
2093 5141 2254 5184 auem
2283 5125 2462 5180 locum
2499 5132 2691 5177 auctor
2721 5121 2962 5184 respicit.

1953 5172 1967 5188 .
1997 5145 2027 5182 a

1985 5198 2097 5267 (58)
2112 5195 2192 5267 Β.
2204 5235 2218 5259 ,
2253 5195 2435 5267 αύτοῦ.

2258 5265 2365 5318 τῶν
2398 5262 2687 5338 δαιμόνων.

1979 5320 2090 5408 (60)
2132 5320 2391 5408 Sequitur
2426 5320 2574 5387 in'B.
2611 5331 2792 5387 statim
2823 5346 2837 5382 :
2873 5327 3090 5383 Τούτων
3117 5320 3209 5380 οῦν
3247 5323 3322 5386 ὡς
3352 5335 3488 5394 προ-

2093 5141 2254 5197 quem
2283 5125 2462 5197 locum
2499 5132 2691 5177 auctor
2721 5121 2962 5190 respicit.

1905 5405 2151 5478 είπομεν,
2184 5405 2478 5478 ἐσομένων.

1979 5472 2089 5548 (61)
2127 5477 2212 5541 B.,
2243 5472 2558 5548 προφητῶν.

2127 5539 2426 5619 [ιιιξοῖιοὶῄ
2456 5559 2561 5598 ms.
2592 5541 2747 5619 abest
2777 5539 2986 5619 λοιπόν.

1978 5601 2088 5690 (65)
2127 5617 2212 5680 B.,
2237 5615 2602 5690 ἐκπλήρωσιν,
2640 5613 2733 5670 sed
2769 5613 2877 5667 duo
2929 5623 3059 5663 mss.
3094 5605 3296 5676 quibus
3324 5601 3492 5661 Picus

1907 5684 2038 5746 usus
2068 5684 2176 5751 est,
2200 5684 2470 5756 πήρωσιν.

3088 5772 3167 5832 30
