3882 6332
206 324 294 382 931
1115 318 1387 379 SPURIA.
1428 353 1500 363 --
1535 320 1622 376 DE
1659 320 2250 379 CONSUMMATIONE
2288 321 2527 380 MUNDI.

3315 333 3419 390 942

208 458 314 510 νης.
339 439 529 504 οἵτινες
556 438 654 493 οὐκ
682 408 950 510 ἐφύλαξαν
976 438 1074 511 τὴν
1101 439 1289 511 κοίτην
1331 440 1510 496 αὐτῶν
1555 442 1742 514 ἀμίαν-

1865 442 2030 512 capti,
2061 456 2161 497 sua
2186 441 2453 497 desideria
2490 450 2617 498 sunt
2644 443 2835 501 secuti.
2870 444 3024 503 'l'unc
3048 447 3139 519 qui
3175 447 3423 510 dilectio-

203 552 303 596 τον,
322 532 451 588 ἀλλά
475 534 580 586 πᾶν
606 532 666 586 τὸ
690 532 1008 603 κάλλοςτῆς
1025 532 1224 604 σαρκὸς
1240 532 1587 606 ἀπατώμενοι
1612 534 1750 606 (78),

202 627 288 681 καὶ
330 627 386 678 ὲν
437 628 557 689 ταῖς
618 624 776 690 ἰδίαις
819 626 1134 698 ἐπιθυμίαις
1194 626 1567 699 πορευόμενοι.
1612 628 1748 682 Τότε

200 717 571 788 ἀναστήσονται
600 716 781 789 οἱκτὴν
815 717 1035 788 άγάπην
1077 718 1171 772 τοῦ
1213 717 1416 790 Κυρίου
1466 717 1540 789 μὴ
1581 716 1748 787 φυλά-

200 808 388 875 ξαντες,
409 811 669 880 κατηφεῖς
705 809 796 862 καὶ
825 809 1176 881 σκυθρωποὶ,
1225 811 1308 864 ὅτι
1356 811 1455 882 τὴν
1505 809 1770 885 ἐλαφρὰν.

203 899 401 971 ἐντολὴν
429 899 523 952 τοῦ
558 900 806 972 Σωτῆρος
834 900 1104 971 ήθέτησαν
1130 900 1230 973 τὴν
1255 900 1547 970 λέγουσανο
1595 902 1745 970 Ἇγα·

205 991 404 1059 πήσεις
437 993 544 1045 τὸν
596 993 862 1060 πλησίον
886 1007 1005 1047 σου
1043 993 1126 1058 ὡς
1172 992 1389 1047 ἑαυτόν
1416 991 1547 1064 (79).
1608 992 1741 1045 Τότε

1856 548 1979 588 nem
2025 531 2239 588 Domini
2288 546 2396 589 non
2442 543 2766 602 servarunt,
2816 548 3110 611 exsurgent
3144 544 3323 598 moesti
3359 559 3425 602 ae

1854 624 2061 679 tetrici:
2114 639 2182 680 eo
2214 626 2359 695 quod
2407 623 2704 681 Salvatoris
2748 629 3062 686 mandatum
3100 632 3258 689 facile
3285 650 3421 691 con-

1852 724 2191 787 tempserunt
2227 760 2242 785 ,
2301 717 2446 788 quod
2507 719 2750 789 praecipit
2793 739 2806 775 :
2872 720 3073 795 Diliges
3122 727 3423 793 prox-imum

1853 818 2001 862 tuum
2028 809 2163 863 sicut
2200 820 2250 863 te
2290 810 2460 878 ipsum
2489 809 2558 863 “.
2606 810 2759 867 Tunc
2788 813 2881 884 qui
2915 814 3202 875 habuerint
3226 819 3422 876 libram

1854 900 2135 972 iniquam,
2191 911 2463 967 stateras,
2517 918 2834 972 mensuras,
2885 907 3097 963 modios
3144 909 3419 981 injustas,

1847 1002 2061 1064 gement
2090 1001 2469 1063 exspectantes
2493 997 2704 1065 justum
2732 996 2993 1066 judicem.

201 1086 503 1141 κλαύσουσιν
539 1087 588 1140 οἱ
632 1086 721 1141 τὸν
766 1087 927 1157 ζυγὸν
966 1087 1126 1141 αὐτὸν
1153 1088 1337 1142 ἄδικον
1373 1087 1732 1159 κεκτημένοι,
1762 1089 1857 1144 κα)⁵
1886 1088 2176 1161 σταθμοὺς,
2206 1088 2298 1145 καὶ
2327 1088 2520 1163 μέτρα,
2558 1091 2652 1146 καὶ
2678 1090 2831 1162 μόδια
2863 1089 3019 1146 ἄδικα
3042 1091 3172 1166 (80),
3203 1093 3421 1173 ἐκδεχό-

199 1200 331 1254 μενοι
357 1182 445 1235 τὸν
471 1182 676 1236 δίκαιον
704 1184 916 1256 κριτήν.

255 1274 487 1329 XXXIX.
537 1277 648 1330 Kal
687 1277 741 1329 τί
785 1278 1118 1350 ἐπιφέρομεν
1140 1278 1250 1351 (81)
1283 1279 1511 1342 πολλοὺς
1554 1279 1750 1348 λόγους

194 1367 290 1421 τῶν
315 1368 845 1439 παραστησομένωνς
878 1369 1013 1423 Τότε
1041 1371 1091 1423 oi
1136 1370 1333 1425 δίκαιοι
1382 1371 1748 1442 ἐκλάμψουσιν

196 1459 262 1522 ὡς
288 1460 315 1512 ό
349 1459 498 1531 ἥλιος
516 1478 529 1491 ·
554 1460 605 1513 οἱ
633 1460 688 1514 δὲ
717 1461 1052 1534 ἁμαρτωλοὶ,
1095 1466 1361 1536 κατηφεῖς
1388 1464 1482 1518 καὶ
1504 1462 1746 1536 σκυθρω-

194 1551 276 1604 ποὶ
295 1550 762 1625 ἀναδειχθήσονται
790 1552 925 1626 (82).
970 1554 1297 1628 Ἀμφότεροι
1337 1556 1447 1627 γὰρ
1481 1557 1534 1609 οἵ
1567 1573 1627 1610 τε
1668 1556 1745 1609 δί-

192 1658 319 1694 καιοι
347 1642 439 1695 καὶ
463 1643 779 1715 ἁμαρτωλοὶ
806 1644 1072 1718 ἄφθαρτοι
1104 1648 1501 1718 ἀναστήσονται
1519 1664 1532 1679 ο
1557 1650 1605 1701 oi
1633 1647 1742 1721 γὰρ

191 1732 388 1798 δίκαιοι,
421 1734 508 1787 ἵνα
534 1737 769 1800 αἰωνίως
810 1737 1078 1809 τιμηθῶσι
1101 1780 1116 1803 ,
1156 1739 1250 1792 καὶ
1290 1740 1742 1811 κατατρυφήσωσι

1932 1277 2173 1335 XXXIX.
2218 1279 2321 1336 Sed
2357 1281 2485 1351 quid
2538 1281 2690 1351 plura
2735 1281 2801 1335 de
2833 1281 3085 1339 sistendis
3130 1282 3423 1341 addimus?

1852 1371 2006 1428 Tunc
2043 1373 2178 1443 justi
2219 1371 2502 1444 fulgebunt
2551 1383 2609 1429 ut
2655 1373 2735 1428 sol
2764 1374 2841 1427 "z
2886 1384 3198 1443 peccatores
3237 1385 3419 1432 autem

1849 1464 2033 1520 tristes
2060 1471 2115 1519 et
2145 1464 2322 1519 tetrici
2365 1464 2719 1534 apparebunt.
2757 1463 2980 1535 Utrique
3020 1466 3165 1521 enim
3203 1475 3259 1522 et
3282 1467 3420 1539 justi

1848 1563 1902 1610 et
1932 1562 2244 1625 peccatores
2285 1564 2574 1626 resurgent
2619 1556 3092 1628 incorruptibiles:
3137 1557 3314 1628 justi,
3359 1568 3421 1614 ut

1846 1656 2105 1716 perpetuo
2136 1646 2247 1703 sint
2280 1645 2335 1701 in
2358 1646 2567 1702 honore
2608 1662 2674 1702 ac
2718 1647 3117 1705 immortalibus
3164 1648 3420 1703 fruantur

1846 1736 2090 1805 deliciis;
2128 1750 2470 1809 peccatores,
2519 1748 2579 1795 ut
2620 1756 2717 1811 per
2754 1740 3020 1811 judicium
3046 1756 3237 1813 poenas
3266 1741 3421 1797 luant

193 1824 251 1878 τὰ
272 1825 541 1881 ἀθάνατα’
574 1830 623 1882 οἱ
647 1828 703 1882 δὲ
736 1829 1066 1901 ἁμαρτωλοὶ,
1097 1830 1185 1885 ἵνα
1214 1832 1273 1885 ιν
1304 1834 1369 1904 τῇ
1410 1832 1588 1903 κρίσει
1619 1833 1742 1885 αἰω-

1853 1828 2226 1898 sempiternas.
2298 1828 2540 1901 Quisque
2603 1831 2769 1902 igitur
2826 1842 3065 1888 vestrum
3122 1832 3420 1912 perpendat

191 1919 308 1983 νῐως
333 1918 798 1991 κολασθήσωνται.
826 1922 1094 1988 Ἕκαστος
1127 1922 1237 1995 γὰρ
1255 1924 1547 1996 ἐνθυμηθεί
1583 1941 1643 1978 τε
1686 1925 1747 1978 τὸ

192 2010 237 2063 τί
258 2010 405 2064 δώσει
427 2012 725 2082 ἀπολογίαν
746 2013 859 2086 (85)
876 2013 954 2084 τῷ
980 2014 1172 2085 δικαίῳ
1199 2017 1384 2086 κριτῇ,
1413 2017 1522 2070 εῐτε
1545 2015 1743 2084 ἀγαθὰ,

194 2102 289 2154 εἴτε
310 2101 514 2171 φαῦλαο
555 2104 617 2157 αίη
636 2103 744 2176 γὰρ
777 2104 1001 2177 πράξεις
1024 2106 1241 2160 πάντων
1272 2106 1379 2159 τῶν
1422 2105 1743 2177 ἀνθρώπων,

189 2193 392 2247 ἕκαστον
412 2195 833 2265 περικυκλώσει,
850 2196 959 2250 εἴτε
979 2196 1202 2266 ἀγαθον,
1222 2194 1333 2249 εἴτε
1355 2196 1590 2267 πονηρόν
1609 2196 1741 2268 (84).

71 2308 82 2325 ο
185 2287 243 2340 Αἱ
265 2283 366 2357 γάρ
383 2285 646 2358 δυνάμεις
673 2288 780 2341 τῶν
804 2287 1047 2358 οὐρανῶν
1072 2287 1491 2359 σαλευθήσονται
1523 2286 1633 2358 (85)
1651 2290 1744 2343 καὶ

189 2377 346 2433 πάντα
374 2378 544 2447 φόϐος
571 2380 664 2433 καὶ
689 2379 889 2450 τρόμος
911 2380 1212 2441 κατέδεται,
1239 2380 1330 2434 τὸν
1361 2380 1608 2453 οὐρανὸν,
1645 2382 1744 2452 τὴν

187 2468 294 2540 γῆν,
307 2468 396 2523 κα)⁵
410 2468 477 2523 τὰ
491 2470 845 2541 καταχθόνιοι·
863 2472 954 2526 καὶ
970 2473 1117 2526 πᾶσα
1129 2471 1346 2541 γλῶσσά
1367 2472 1657 2545 ὲξομολογή
1665 2490 1743 2526 σεο

187 2578 262 2615 ται
286 2563 456 2626 αὐτὸν,
489 2565 595 2616 καὶ
616 2563 936 2636 ὁμολογήσει
966 2564 1056 2619 τὸν
1082 2564 1373 2636 ἐρχόμενον
1407 2568 1589 2637 κρῖναι
1625 2582 1743 2637 κρι-

188 2653 348 2725 τήριον
377 2654 617 2722 δίκαιον,
645 2654 778 2709 Θεὸν
805 2656 1024 2728 ἰσχυρὸν
1057 2656 1152 2710 κα)¹
1178 2656 1407 2729 ποιητὴν
1432 2657 1541 2712 τῶν
1573 2658 1743 2733 ἀπάν-

189 2760 300 2797 των.
329 2744 453 2799 Τότε
488 2745 636 2817 μετὰ
655 2745 853 2810 δειλίας
886 2745 996 2816 (86)
1020 2746 1115 2799 καὶ
1150 2746 1390 2818 θάμϐους
1436 2746 1741 2803 ἐλεύσονται

191 2833 404 2902 ἄγγελοι,
454 2836 678 2909 θρόνοι,
714 2837 972 2903 ἐξουσίαι,
1019 2838 1220 2911 ἁρχαὶ,
1275 2839 1609 2912 κυριότητες,
1646 2857 1743 2894 πο-

189 2922 464 2998 λυόμματα,
497 2927 853 3000 ὲξαπτὲρυγα
875 2929 1137 3001 χερουῦίμ
1168 2947 1228 2983 τε
1259 2931 1352 2983 καὶ
1392 2933 1653 3003 σεραφὶμ,
1683 2933 1740 2987 ἐν

191 3017 312 3087 ίσχΰι
336 3021 648 3092 κεκραγότα
676 3019 788 3092 (87)
811 3036 826 3051 ·
865 3021 1073 3091 Ἄγιος,
1108 3021 1292 3092 ἅγιος,
1317 3022 1499 3091 ἅγιος,
1528 3025 1741 3092 Κύριος

189 3113 422 3178 Σαϐαὼθ,
456 3112 915 3183 παντοκράτωρ·
935 3114 1173 3183 πλήρης
1209 3119 1242 3170 ό
1269 3117 1526 3184 οὐρανὸς
1574 3118 1670 3170 καὶ
1698 3118 1737 3186 ἠ

1848 1918 1990 1987 apud
2023 1933 2101 1986 se,
2151 1927 2265 1973 tum
2297 1920 2588 1987 bonorum,
2618 1930 2731 1975 tum
2760 1922 3028 1977 malorum
3055 1923 3204 1992 justo
3243 1906 3417 1993 judicl

1847 2010 2110 2065 rationem
2161 2011 2510 2067 reddendam.
2562 2010 2698 2067 Nam
2730 2012 2969 2069 actiones
3022 2029 3212 2069 omnes
3242 2015 3417 2069 homi-

1847 2116 1975 2155 num
2006 2117 2447 2173 unumquemque
2484 2112 2595 2157 tam
2637 2105 2868 2174 probum
2899 2121 3061 2175 quam
3110 2105 3413 2176 improbum

1846 2192 2277 2247 circumdabunt.
2347 2191 2794 2265 Quandoquidem
2863 2198 3091 2251 virtutes
3148 2196 3410 2252 ctelorum

1845 2283 2206 2338 movebuntur
2227 2286 2294 2348 9',
2323 2293 2378 2339 et
2401 2285 2581 2340 omnia
2604 2286 2767 2341 timor
2794 2301 2858 2342 ac
2885 2295 3086 2343 tremor
3105 2287 3410 2356 absument,

1843 2374 2038 2430 coelum
2062 2413 2076 2438 ,
2110 2383 2339 2441 terram,
2376 2391 2439 2431 ac
2482 2378 2882 2443 subterranea;
2928 2386 2982 2433 et
3019 2379 3198 2436 omnis
3224 2380 3411 2449 lingua

1844 2466 2187 2522 confitebitur
2225 2481 2347 2520 eum
2392 2466 2472 2533 ’³,
2523 2476 2577 2522 et
2626 2466 2884 2523 fatebitur
2928 2483 3054 2523 eum
3100 2470 3195 2540 qui
3234 2471 3415 2532 veniet

1837 2559 2046 2628 justum
2072 2558 2337 2629 judicium
2362 2558 2734 2628 judicaturus,
2763 2559 2931 2615 Deum
2975 2559 3169 2615 fortem
3197 2571 3252 2617 et
3278 2576 3412 2616 con-

1841 2649 2072 2704 ditorem
2127 2650 2392 2705 omnium.
2450 2648 2605 2706 Tunc
2652 2665 2776 2706 cum
2820 2665 3023 2720 pavore
3072 2667 3138 2708 ac
3190 2660 3412 2723 stupore

1842 2743 2132 2813 precedent
2173 2742 2383 2812 angeli,
2415 2741 2630 2805 throni,
2666 2750 2996 2812 potestates,
3040 2744 3408 2814 principatus,

1841 2833 2238 2889 dominationes
2277 2834 2353 2902 “,
2406 2834 2589 2889 multis
2628 2833 2802 2889 oculis
2851 2845 2906 2889 et
2934 2835 3035 2891 alis
3061 2849 3156 2890 lex
3186 2836 3409 2906 pmdita

1842 2926 2122 2981 cherubim
2148 2941 2212 2984 ac
2235 2926 2529 2995 serapbim,
2557 2926 2767 2981 fortiter
2794 2926 3120 2981 clamantia:
3158 2924 3406 2995 Sanctus,

1841 3028 2056 3072 sanctus
2075 3059 2090 3085 ,
2115 3026 2327 3072 sanctus
2357 3017 2611 3073 Dominus
2641 3017 3260 3091 Sabaothomnipotens:
3298 3024 3409 3092 ple-

1842 3125 1966 3163 num
2000 3119 2078 3165 est
2111 3110 2295 3165 calum
2322 3120 2368 3164 et
2407 3123 2546 3166 terra
2577 3111 2745 3181 gloria
2774 3122 2867 3168 tua
2893 3115 2961 3169 ”.
2989 3112 3053 3168 Et
3083 3115 3410 3171 revelabitur

187 3204 252 3274 τῆ
275 3204 374 3275 τῆς
398 3176 594 3276 δόξης
617 3176 753 3262 σοι).
770 3176 879 3262 Kal).
901 3176 1407 3281 ἀποκαλυιρθήσεται
1430 3210 1458 3261 6
1477 3176 1737 3274 έασιλεϋς

1853 3198 1956 3253 [lex
1984 3214 2171 3269 regum
2195 3208 2249 3254 et
2280 3198 2539 3255 Dominus
2569 3176 2995 3267 dominantium,
3026 3217 3090 3257 ac
3118 3202 3284 3273 judex
3310 3205 3407 3274 qui

185 3295 277 3351 τῶν
306 3300 695 3369 βασιλευόντων
730 3300 865 3370 (88),
887 3301 981 3354 καὶ
1009 3299 1212 3373 Κύριος
1231 3301 1338 3355 τῶν
1355 3300 1734 3373 κυριευόντων,

188 3388 266 3440 καὶ
292 3391 473 3462 κριτὴς
503 3389 1018 3461 ἀπροσωπόληπτος
1037 3429 1051 3453 ,
1097 3391 1190 3443 καὶ
1224 3389 1484 3462 δικαστὴς
1505 3431 1519 3454 ,
1562 3389 1623 3444 τὸ
1658 3390 1738 3444 δί-

188 3491 320 3530 καιον
354 3479 648 3550 ἀπονέμων
687 3478 902 3551 ἑκάστῳ
924 3519 939 3544 ,
987 3481 1079 3533 ἐπὶ
1136 3478 1327 3550 θρόνου
1365 3479 1597 3552 φοδεροῢ
1644 3482 1741 3535 καὶ

187 3568 468 3641 ιπηρμένου
486 3587 503 3603 ⁸
548 3571 642 3625 καὶ
663 3572 810 3624 πᾶσα
839 3569 974 3642 σὰρξ
1000 3569 1106 3625 τῶν
1132 3569 1336 3642 βροτῶν
1361 3572 1551 3644 κατίδῃ
1573 3572 1737 3626 αὐτοῦ

187 3658 238 3713 τὸ
260 3662 545 3733 πρόσωπον
568 3662 708 3734 μετὰ
737 3661 903 3732 φόϐου
945 3664 1039 3717 καὶ
1073 3662 1272 3729 δειλίας
1316 3663 1555 3735 μεγάλης
1574 3703 1589 3729 ,
1642 3664 1736 3717 καὶ

188 3751 369 3821 δίκαιος
397 3756 489 3811 καὶ
530 3755 871 3827 ἁμαρτωλός.

246 3846 345 3902 XL.
375 3849 516 3902 Τότε
557 3846 851 3917 ἀχθήσεται
877 3845 906 3898 6
934 3846 1050 3911 υἱὸς
1091 3849 1191 3918 τῆς
1236 3847 1508 3912 ἀπωλείας
1527 3887 1543 3912 ,
1572 3850 1739 3921 ήγουν

184 3936 210 3988 6
230 3936 471 4004 διάϐολος,
514 3938 655 4008 μετὰ
678 3938 786 3991 τῶν
809 3938 1075 4009 δαιμόνων
1103 3938 1266 3992 αὐτοῦ
1292 3978 1306 4004 ,
1338 3938 1429 3992 καὶ
1470 3938 1604 4010 μετά
1631 3939 1740 3994 τῶν

187 4027 449 4101 ὑπηρετῶν
474 4027 672 4092 αὐτοῦ,
708 4028 813 4081 ὑπὸ
832 4027 1076 4097 ἀγγέλων
1106 4027 1391 4100 adstupth
1423 4030 1518 4082 καὶ
1547 4028 1742 4083 ἀποτό-

191 4138 288 4191 μων
305 4140 318 4154 ο
343 4123 434 4177 καὶ
464 4120 939 4195 παραδοθήσονται
973 4120 1045 4192 τῷ
1071 4122 1204 4192 πυρὶ
1229 4120 1308 4191 τῷ
1335 4119 1616 4191 άσὸἐστῳ,
1646 4122 1740 4174 καὶ

190 4212 256 4282 τῷ
277 4214 508 4287 σκώληκι
539 4213 623 4283 τῷ
652 4214 951 4285 ἀκοιμήτῳ,
975 4213 1068 4267 καὶ
1099 4212 1177 4284 τῷ
1205 4213 1385 4267 σκότει
1431 4211 1509 4283 τῷ
1548 4212 1740 4279 ἐξωτέ-

195 4321 264 4376 ρῳ
291 4306 415 4377 (89).
444 4309 569 4362 Τῶν
588 4305 696 4379 γάρ
738 4305 1000 4378 Ἐὃραίων
1030 4306 1058 4358 ό
1081 4304 1250 4376 δῆμος
1275 4303 1463 4373 ὄψεται
1493 4303 1654 4358 αὑτὸν
1682 4303 1740 4356 ὲν

191 4400 404 4471 σχήματι
430 4398 743 4473 ἀνθρώπου,
769 4395 949 4461 καθὼς
967 4396 1149 4460 αὐτοῖς
1178 4394 1331 4467 ὤφθη
1363 4397 1429 4449 ἐκ
1455 4394 1554 4465 τῆς
1582 4394 1742 4463 ἀγίας

190 4489 439 4561 Παρθένου
470 4491 564 4547 διὰ
597 4489 820 4562 σαρκὸς,
856 4487 949 4545 καὶ
973 4485 1153 4550 καθὼς
1175 4486 1336 4540 αὑτὸν
1368 4485 1736 4557 ἐσταύρωσαν·

188 4582 270 4634 καὶ
296 4582 451 4650 δείξει
485 4584 671 4646 αὐτοῖς
714 4581 823 4636 τῶν
865 4579 1062 4652 χειρῶν
1098 4579 1192 4633 καὶ
1240 4578 1350 4632 τῶν
1404 4577 1578 4632 ποδῶν
1615 4577 1743 4641 τοὺς

186 4670 353 4742 ήλους.
370 4674 480 4729 Καὶ
499 4674 600 4746 τὴν
614 4671 851 4745 πλευρὰν
866 4669 1030 4726 αὐτοῦ
1045 4670 1375 4742 νενυγμένην
1393 4669 1483 4724 διὰ
1501 4671 1602 4741 τῆς
1630 4669 1739 4741 (90)

189 4763 389 4837 λόγχης·
425 4767 521 4822 καὶ
548 4765 647 4839 τὴν
678 4765 854 4837 κάραν
879 4764 979 4835 τὴν
1004 4761 1063 4830 ἐξ
1095 4761 1346 4817 ἀκανθῶν
1386 4761 1740 4832 στεφανωθεί-

249 4882 289 4915 ³⁶
313 4880 498 4937 Matth.
519 4897 632 4943 χιι,
662 4883 745 4939 l9.
819 4880 863 4914 ⁹¹
883 4879 1071 4936 Matth.
1093 4896 1215 4946 xm,
1254 4880 1344 4935 45.

185 4965 255 5015 Vt,
281 4953 332 5007 5.
404 4954 450 4985 ’⁸
480 4953 647 5024 Apoc.
681 4968 719 5018 ι,
751 4951 802 5005 7.

271 5043 353 5115 78)
380 5045 486 5109 ld.,
514 5043 593 5115 τῷ
619 5042 805 5115 κάλλει
836 5042 934 5114 τῆς
959 5041 1158 5113 σαρκὸς
1188 5040 1552 5113 ἀπατώμενοι.

274 5113 355 5178 79)
388 5116 500 5178 ΑΙ.,
535 5113 775 5169 σεαυτόν.

250 5127 334 5181 (ιν
388 5127 500 5178 AL,
535 5127 775 5169 σεαυτόν.

250 5127 355 5255 (80)
385 5183 447 5255 β.
484 5185 650 5250 addit,
685 5184 917 5255 ἔχοντες.

250 5249 357 5326 (81)
386 5253 489 5319 ιιι,
523 5255 615 5309 κα)⁵
645 5249 991 5327 τΓὲπιφέροι
1023 5253 1264 5327 μακροὺς
1319 5249 1542 5322 λόγους;
1591 5250 1735 5314 τότε,

188 5330 285 5377 etc.

253 5391 361 5463 (83)
395 5390 651 5463 Sequitur
670 5393 732 5465 in
754 5392 849 5447 B.:
877 5394 989 5465 Kal.
1016 5393 1066 5465 oi
1112 5393 1209 5465 μὲν
1240 5392 1436 5465 δίκαιοι
1484 5392 1572 5465 ἵνα
1601 5392 1735 5465 etim-

190 5461 293 5536 νίου
311 5461 504 5536 ’χαρᾶς
528 5463 795 5536 νεμεθῶσι
813 5504 830 5530 ,
866 5465 915 5519 οἱ
938 5462 1007 5536 ⁸δὲ
1029 5461 1341 5535 ἁμαρτωλοὶ
1366 5465 1423 5516 ὲν
1461 5463 1528 5534 τῇ
1560 5461 1740 5536 κρίσει

190 5482 293 5514 νιου
324 5482 500 5534 χαρας
528 5482 583 5517 νε
631 5482 795 5517 ευωσι
813 5504 830 5530 ,

189 5482 860 5605 δικαίωςκολασεήσονται.

255 5602 364 5675 (87;)
398 5603 501 5675 i_d.,
532 5602 838 5675 ἐνθυμεῖται
861 5604 916 5675 τί
945 5603 1236 5674 ἀπολογίαν
1267 5602 1444 5657 δώσει.

397 5671 612 5757 βηξῖτε
639 5671 836 5744 ἀγαθὰ,
862 5674 970 5757 εἴτε
1000 5671 1234 5757 πονηρά.

1417 4880 1462 4913 ν’
1491 4877 1677 4933 Matth.
1703 4892 1851 4944 xxw,
1881 4874 1972 4932 29.

1840 3304 2129 3361 personam
2162 3306 2270 3346 non
2310 3293 2536 3363 accipit,
2569 3292 2661 3349 sed
2695 3294 2893 3365 cuique
2921 3295 3065 3365 quod
3086 3294 3294 3365 justum
3323 3306 3410 3352 est

1841 3383 2148 3451 distribuit,
2179 3384 2233 3438 in
2264 3385 2459 3439 throno
2488 3386 2712 3440 terribili
2738 3397 2791 3441 et
2819 3387 3075 3442 exaltato.
3112 3385 3179 3441 Et
3205 3388 3410 3444 videbit

1843 3475 2024 3529 omnis
2049 3488 2181 3529 caro
2203 3474 2517 3530 mortalium
2552 3473 2745 3530 faciem
2772 3474 2892 3545 ejus
2913 3485 3026 3530 tum
3051 3476 3255 3546 justus,
3291 3486 3407 3537 tum

1842 3574 2114 3637 peccator,
2147 3581 2273 3623 cum
2301 3565 2498 3623 timore
2527 3582 2592 3623 ac
2618 3576 2764 3622 metu
2798 3568 3020 3641 ingenti.

1912 3838 2025 3894 XL.
2075 3838 2213 3894 Tum
2259 3840 2556 3895 adducetur
2610 3839 2754 3895 filius
2807 3838 3167 3910 perditionis,
3222 3840 3276 3896 id
3322 3851 3409 3897 est

1844 3932 2120 3998 diabolus,
2170 3947 2294 3988 cum
2339 3930 2676 3987 daemonibus
2718 3939 2773 3985 et
2819 3929 3083 3986 ministris
3129 3931 3286 3998 suis,
3338 3932 3407 3987 ab

1844 4026 2048 4099 angelis
2094 4026 2297 4081 severis
2341 4039 2405 4081 ac
2447 4024 2672 4095 rigidis;
2735 4023 3123 4094 tradenturque
3166 4024 3276 4093 igni
3324 4024 3410 4079 inc-

1844 4117 2232 4187 exstinguibili,
2271 4116 2436 4171 vermi
2470 4131 2576 4171 non
2600 4115 2910 4179 dormienti,
2940 4129 3004 4170 ac
3038 4115 3273 4172 tenebris
3307 4131 3406 4173 ex-

1843 4209 2156 4266 terioribus.
2197 4206 2409 4261 Videbit
2433 4206 2577 4261 enim
2606 4206 2841 4276 populus
2871 4202 3215 4261 Hebraeorum
3252 4206 3407 4265 illum

1845 4303 1898 4357 in
1926 4302 2098 4372 ﬁgura
2126 4300 2362 4354 humana
2388 4297 2465 4365 “,
2499 4297 2953 4368 quemadmodum
2984 4296 3092 4352 illis
3118 4312 3181 4351 ex
3217 4308 3406 4355 sancta

1844 4394 2066 4464 Virgine
2090 4407 2186 4462 per
2214 4405 2434 4446 carnem
2466 4388 2743 4459 apparuit,
2768 4397 2823 4444 et
2844 4387 3002 4443 sicuti
3029 4386 3410 4444 cruciﬁxerunt

1845 4500 1998 4549 eum;
2053 4498 2118 4537 ac
2164 4479 2412 4536 ostendet
2462 4480 2544 4535 eis
2584 4492 2840 4532 manuum
2869 4476 3174 4547 pedumth
3201 4476 3406 4543 clavos,

1847 4578 1991 4632 latus
2032 4589 2192 4631 suum
2234 4574 2436 4628 lancea‘
2476 4570 2844 4641 perforatum,
2883 4578 3046 4640 caput
3087 4578 3407 4625 coronatum

1846 4667 2018 4739 spinis
2037 4709 2052 4734 ,
2097 4681 2161 4721 ac
2187 4665 2479 4735 pretiosam
2503 4676 2739 4717 crucem.
2772 4659 3013 4731 Denique
3049 4662 3232 4718 omnia
3258 4662 3408 4718 vide'v

1845 4760 1982 4816 bunt
2008 4757 2217 4812 Hebraei
2239 4796 2257 4822 ,
2305 4764 2359 4809 et
2387 4752 2673 4824 plangent,
2709 4766 2774 4808 ac
2808 4752 3117 4823 plorabant,
3149 4753 3410 4823 quemad-

2064 4873 2111 4905 "
2137 4870 2367 4940 Philipp.
2401 4867 2568 4934 ιι,1ι.
2655 4869 2701 4899 ’δ
2724 4868 2931 4925 Coloss.
2968 4884 3008 4937 ι,
3039 4867 3123 4922 l6.
3217 4868 3265 4901 “
3298 4867 3405 4925 15a.

1836 5038 1999 5093 verba
2024 5055 2038 5091 :
2071 5037 2221 5089 πᾶσα
2248 5031 2487 5102 γλῶσσα.

1915 5106 2024 5175 (86)
2047 5105 2131 5167 Β..
2162 5104 2300 5175 μετὰ
2330 5101 2517 5175 φόϐου.

1915 5122 2004 5175 (δῦ
2047 5122 2131 5167 5.,
2191 5122 2300 5157 ,ετα
2330 5122 2517 5170 φοοου.

1915 5122 2027 5247 (87)
2055 5176 2115 5230 ln
2234 5183 2341 5247 est,
2363 5170 2651 5247 xat‘rtgaat
2674 5170 2730 5224 αἱ
2761 5172 3126 5247 τῶν-οὐρανῶν
3152 5170 3407 5241 δυνάμεις

1843 5249 1901 5303 ὲν
1924 5240 2095 5316 ’ἰσχῢι
2109 5243 2434 5316 κεκραγότα,
2463 5240 2500 5295 ἃ
2525 5240 2701 5316 ἅγιος,
2726 5240 3007 5316 mendose.

1916 5309 2029 5389 (88)
2042 5314 2198 5389 ’ρυαι
2217 5309 2560 5389 sequuntur,
2600 5309 2670 5389 Βἱ
2686 5312 2978 5389 contrahit,
3006 5313 3059 5389 in
3084 5323 3194 5389 quo
3221 5309 3404 5389 statim

1916 5328 2029 5389 (δῦ)
2042 5328 2198 5382 ὐυω
2239 5328 2560 5381 sequuntur,
2600 5328 2660 5363 Β.
2686 5328 2978 5375 εοιιιιὩηιι,
3006 5328 3194 5453 ηιρῖσο
3221 5328 3404 5364 suum

1836 5389 2002 5508 ea:
2015 5383 2328 5508 stage
2358 5379 2865 5452 ἀπροσωπολήπτης
2899 5380 3048 5437 έπιθ
3117 5396 3210 5433 νου
3238 5377 3408 5451 mi-

1887 5474 2002 5511 ενος
2030 5471 2161 5511 φοοε
2167 5471 2260 5511 ρου
2267 5493 2281 5507 .

1844 5474 2002 5530 μενος
2030 5474 2283 5577 ιροοεῖρυἶ
3017 5520 3030 5533 ⁸

1915 5528 2028 5597 (89)
2059 5525 2145 5580 Al.
2205 5539 2287 5597 _tC|
2321 5520 2531 5597 codex._
2555 5519 2840 5597 εξὼτερον.
2875 5520 2980 5576 Sed
3017 5535 3071 5575 in
3115 5518 3175 5575 Β.
3211 5520 3410 5577 desunt

1844 5589 2020 5652 verba
2041 5597 2138 5666 καὶ
2159 5594 2238 5666 τῷ
2266 5592 2451 5666 σκότει
2464 5589 2543 5663 τῷ
2566 5592 2722 5657 ὲξωτ.

1920 5666 2031 5749 (90)
2064 5658 2241 5749 {orba
2270 5663 2358 5723 διὰ,
2391 5662 2493 5734 τῆς
2515 5658 2700 5732 usque
2734 5662 2803 5719 ad
2849 5659 3283 5730 στεφανωθεῖσαν
3311 5658 3408 5718 de-

257 5735 365 5812 (85)
400 5735 544 5799 ln'B.
570 5735 1013 5818 quae'sequuutnr
1053 5735 1255 5801 omissa
1290 5752 1417 5800 sunt
1461 5755 1634 5812 usque
1681 5739 1749 5795 ad
1850 5735 1974 5796 sunt
2005 5735 2059 5794 in
2085 5735 2145 5795 Β.
