3882 6332
497 304 601 361 9ὲῦ
1284 300 1570 357 APPEND.
1609 301 1698 355 AD
1731 299 2010 356 PARTEM
2051 301 2092 356 ll
2132 298 2415 358 OPERUM
2453 300 2511 357 S.
2553 298 2930 355 HIPPOLYTI.
3571 305 3658 360 9n

496 423 715 479 modum
797 421 1052 492 propheta
1139 421 1388 477 clamat:
1455 421 1710 476 Videbunt
1772 422 1826 476 in
1911 438 2029 492 quer

2131 470 2136 482 _
2167 437 2284 484 σαν,
2309 421 2401 473 καὶ
2428 421 2516 473 τὸν
2542 420 2719 491 τίμιον
2746 417 2992 491 σταυρόν·
3028 418 3117 472 καὶ
3136 417 3276 482 ἆπαξ
3305 415 3466 472 πάντα
3484 417 3664 474 θεάσον-

496 508 876 579 ιι·αηδ)ςαετιιηι
899 510 983 561 ’7:
1021 523 1292 579 nemoque
1321 509 1454 564 feret
1485 525 1640 579 opem
1665 510 1800 577 illis,
1835 521 1930 566 aut
1955 511 2027 565 mi

2158 529 2248 564 ται
2270 514 2298 564 ὁ
2329 511 2434 564 τῶν
2479 512 2743 584 Ἐϐραίων
2769 512 2959 582 δῆμος,
2996 510 3089 563 καὶ
3121 509 3383 578 κόψονται,
3416 509 3500 563 καὶ
3538 511 3671 565 κλαύ-

492 601 760 657 serebitur
799 614 1020 654 eorum:
1072 601 1198 670 quia
1240 616 1347 655 non
1395 611 1620 671 egerunt
1648 603 2014 672 paenitentiam

2161 619 2339 656 σονται
2399 602 2578 666 καθὼς
2602 604 2698 674 βοᾷ
2729 605 2756 656 ὁ
2776 603 3077 673 προφήτης·
3106 603 3375 669 Ὄψονται
3394 603 3472 668 εις
3489 601 3552 654 ὃν
3572 603 3673 667 ἐξε-

402 752 405 756 ,
495 708 596 748 nec
621 691 795 746 aversi
842 699 971 746 sunt
1009 705 1039 746 a
1091 693 1174 745 via
1204 707 1302 747 sua
1335 707 1523 764 prava.
1564 693 1750 763 Itaque
1780 693 1935 749 discet

2159 693 2478 761 κέντησαν,
2497 696 2588 748 καὶ
2609 695 2784 756 οὐδείς
2804 697 2948 747 ἐστιν
2967 696 2995 748 ὁ
3017 693 3221 765 βοηθῶν
3249 693 3468 764 αὖτοίςῆ
3495 696 3520 746 ὁ
3541 695 3675 749 ἐλεῶν

495 782 550 836 1ιὶ
583 783 635 835 in
677 780 1000 850 supplicium
1036 791 1297 837 aeternum
1323 797 1446 836 cum
1474 783 1811 840 daemonibus
1843 791 1898 838 et
1937 784 2024 838 dia

2158 786 2374 849 αὐτούς’
2411 788 2492 840 ὅτι
2523 787 2583 839 οὑ
2622 785 2970 857 μετενόησαν,
3005 785 3037 856 ἦ
3086 784 3489 854 ἀπεστράφησαν
3519 785 3574 838 ὲκ
3597 786 3675 856 τῆς

495 875 640 931 bolo.
2140 858 2277 930 ⁵ὀδοῦ
2315 877 2416 948 τῆς
2475 877 2736 948 πονηρᾶς.
2816 876 2926 930 Καὶ
2987 875 3365 929 ἀπελεύσονται
3431 869 3559 928 οῦτοι
3615 880 3677 940 εἰς

2158 967 2375 1020 κόλασιν
2406 966 2617 1021 αἰώνιον
2643 969 2751 1039 (91)
2783 969 2920 1039 μετὰ
2946 967 3052 1022 τῶν
3085 967 3348 1038 δαιμόνων
3370 968 3458 1020 καὶ
3487 967 3570 1021 τοῦ
3594 967 3674 1022 δια-

2159 1057 2335 1112 θόλου.

564 1144 698 1200 XLI.
741 1145 944 1201 Deinde
972 1145 1318 1216 congregabit
1349 1161 1540 1201 omnes
1580 1157 1784 1218 gentes,
1825 1157 1884 1202 ut
1910 1148 2055 1203 clara

2229 1148 2362 1202 XLI.
2399 1145 2530 1203 Εἶτα
2566 1149 2875 1217 ἐπισυνάξει
2925 1148 3103 1204 πάντα
3146 1149 3214 1202 τὰ
3253 1147 3394 1220 ἔθνη,
3435 1147 3593 1213 καθὼς
3633 1149 3678 1203 τὸ

492 1254 626 1294 voce
651 1239 852 1294 clamat
884 1236 1258 1307 Evangelium.
1294 1234 1434 1303 Quid
1479 1238 1622 1292 enim
1657 1239 1732 1293 ait
1775 1236 2024 1293 Matutam

2158 1241 2310 1309 ἅγιον
2365 1242 2691 1310 Εὐαγγέλιον
2750 1242 3084 1314 διαπρυσίως
3138 1241 3256 1312 βοᾷ.
3308 1243 3369 1294 Τί
3421 1242 3518 1313 γὰρ
3563 1241 3677 1309 λέγει

494 1327 846 1400 evangelista,
876 1327 989 1382 imo
1019 1323 1280 1381 Dominus
1310 1327 1423 1394 ipse
1454 1324 1510 1379 in
1556 1324 1886 1395 Evangelio?
1925 1324 2027 1377 Cur.

2158 1333 2432 1396 Ματθαῖος
2459 1335 2486 1386 ὁ
2513 1334 2916 1405 εὐαγγελιστὴς,
2960 1334 3160 1403 μᾶλλον
3187 1333 3243 1387 δὲ
3276 1333 3429 1397 αὐτὸς
3463 1335 3489 1386 ὁ
3517 1333 3679 1404 Κύριος

495 1424 688 1479 venerit
721 1421 895 1476 Filius
923 1420 1145 1474 hominis
1178 1421 1232 1474 in
1257 1419 1425 1491 gloria
1457 1436 1575 1481 sua,
1597 1430 1646 1474 et
1679 1437 1852 1474 omnes
1887 1431 2028 1474 sanct

2157 1426 2244 1480 διὰ
2290 1425 2382 1480 τοῦ
2421 1427 2777 1495 Εὐαγγελίους
2821 1427 3003 1480 Ὅταν
3041 1426 3191 1494 ἔλθῃ
3225 1430 3258 1480 ό
3306 1426 3431 1491 Υἱὸς
3468 1427 3560 1480 τοῦ
3593 1427 3677 1479 dr-

497 1517 669 1587 ungeli
695 1533 813 1570 cum
857 1530 932 1580 eo,
980 1523 1102 1567 tunc
1143 1512 1337 1567 sedebit
1385 1529 1540 1583 super
1591 1513 1836 1566 thronum
1876 1511 2030 1583 gloria

2159 1517 2391 1586 θρώπου
2419 1518 2490 1570 ἐν
2518 1517 2593 1585 τῇ
2635 1518 2781 1588 δόξῃ
2829 1519 3035 1582 αὑτοῦ,
3078 1519 3178 1572 καὶ
3215 1518 3434 1584 πάντες
3475 1521 3522 1571 οὶ
3559 1517 3680 1586 ἅγιοι

494 1624 636 1672 suat;
661 1617 708 1662 et
733 1606 1182 1677 congregabantur
1202 1621 1380 1658 coram
1401 1620 1460 1659 eo
1489 1621 1663 1659 omnes
1688 1619 1880 1674 gentes,
1911 1617 1961 1660 et
1985 1623 2027 1660 st

2159 1607 2393 1677 ἄγγελοι
2418 1608 2545 1678 μετ’
2569 1609 2774 1673 αὑτοῦ,
2809 1611 2942 1664 τότε
2997 1611 3234 1664 καθίσει
3273 1609 3371 1664 ἐπι
3398 1610 3588 1677 θρόνου
3611 1609 3680 1661 δό-

493 1700 700 1770 parabit
729 1715 814 1753 eos
843 1699 908 1751 ab
944 1697 1183 1763 invicem,
1214 1695 1370 1750 veluti
1405 1705 1585 1766 pastor
1611 1706 1819 1765 separat
1847 1714 1960 1752 ores
1993 1715 2024 1751 a

2161 1698 2271 1766 ξης
2297 1699 2502 1763 αὐτοῦ,
2532 1701 2628 1754 καὶ
2658 1702 3151 1771 συναχθήσονται
3182 1701 3506 1770 ἔμπροσθεν
3533 1698 3680 1753 αὑτοῦ

495 1792 688 1856 haedis;
719 1801 769 1845 et
795 1789 1073 1844 constituet
1105 1803 1221 1841 oves
1245 1785 1453 1856 quidem
1481 1804 1512 1839 a
1542 1786 1741 1840 dextris
1786 1787 1920 1850 suis,
1956 1786 2028 1840 ha:

2157 1790 2350 1845 πάντα
2377 1793 2446 1846 τὰ
2472 1793 2635 1861 ἔθνη·
2658 1793 2753 1846 καὶ
2778 1793 3012 1862 dspopr
3035 1792 3144 1864 (92)
3176 1791 3396 1857 αὐτοὺς
3418 1791 3510 1845 ἀπ’
3530 1791 3679 1855 ἀλλή-

493 1887 585 1941 dos
635 1894 806 1938 autem
849 1900 881 1936 a
928 1881 1180 1936 sinistris.
1247 1878 1379 1934 Tum
1411 1878 1547 1934 dicet
1587 1879 1670 1933 Itis
1713 1880 1802 1949 qui
1843 1887 2026 1934 eruntt

2155 1893 2298 1952 λων,
2332 1886 2532 1958 ὥσπερ
2581 1892 2613 1943 d
2653 1889 2876 1958 ποιμὴν
2905 1886 3162 1958 ἀφορίζει
3202 1889 3275 1941 τὰ
3322 1887 3559 1954 πρόϐατα
3589 1884 3679 1938 ἀπὸ

495 1977 692 2033 dextris
731 1975 843 2046 ejus
873 1991 891 2029 .'
934 1972 1132 2040 Venite,
1167 1971 1418 2028 benedicti
1450 1969 1629 2024 Patris
1653 1971 1770 2035 mei,
1806 1971 2028 2040 possidet

2157 1980 2273 2034 τῶν
2300 1981 2538 2050 ἐρίφων
2581 1981 2677 2034 καὶ
2723 1980 2958 2047 στήσει,
2997 1980 3068 2035 τὰ
3107 1978 3225 2049 μὲν
3250 1979 3502 2047 πρόϐατα
3527 1978 3585 2029 ἐκ
3609 1976 3678 2029 ὄε-

492 2078 738 2140 paratum
768 2067 906 2122 vobis
930 2081 1143 2137 regnum
1169 2082 1202 2118 α
1230 2064 1604 2120 constitutione
1648 2063 1829 2118 mundi
1857 2063 1924 2118 ’⁸.
1961 2062 2025 2118 Vt

2159 2070 2301 2136 ξιῶν
2328 2071 2534 2137 αὑτοῦ,
2561 2073 2632 2126 τὰ
2661 2071 2728 2126 δὲ
2758 2073 2956 2140 ἐρίφια
2985 2072 3054 2137 ἐξ
3075 2071 3414 2138 εὐωνύμων.
3445 2072 3567 2122 Τότε
3593 2065 3685 2134 ἐρεῖ

494 2162 624 2229 nite,
654 2159 950 2232 prophetae,
982 2165 1200 2228 propter
1241 2171 1439 2212 nomen
1477 2170 1656 2210 meum
1689 2157 1920 2226 expulsi.
1953 2154 2027 2210 Ve

2164 2163 2287 2230 τοῖς
2318 2164 2386 2218 ἐκ
2435 2163 2647 2229 δεξιῶν
2669 2164 2873 2219 αὐτοῦ’
2909 2164 3087 2218 Δεῦτε
3120 2165 3176 2217 οἱ
3204 2159 3574 2232 εὐλογημένοι
3603 2158 3681 2211 τοῦ

496 2255 629 2320 nite,
681 2251 1032 2324 patriarchae,
1073 2249 1167 2320 qui
1213 2257 1338 2304 aute
1375 2247 1666 2304 adventum
1719 2264 1896 2303 meum
1950 2249 2029 2303 ob-

2156 2257 2384 2324 Πατρός
2423 2275 2563 2326 μου,
2610 2257 3101 2328 κληρονομήσατε
3131 2255 3250 2324 τὴν
3290 2250 3681 2323 ἡτοιμασμένην

492 2344 832 2416 temperastis
869 2342 1025 2408 mihi,
1073 2355 1408 2412 regnumque
1454 2355 1636 2395 meum
1682 2341 2025 2396 desiderastis

2155 2348 2298 2418 ὑμῖν
2315 2350 2642 2415 βασιλείαν
2670 2349 2788 2404 ἀπὸ
2831 2349 3163 2418 καταϐολῆς
3201 2350 3449 2418 κόσμου.
3481 2343 3620 2398 Δεῦτε
3645 2344 3681 2394 οἱ

492 2439 704 2502 Venite.
744 2436 993 2508 apostoli,
1043 2447 1288 2489 mearum
1335 2430 1685 2488 aﬂlictionum
1741 2430 2025 2500 participes

2163 2439 2458 2510 προφῆται,
2483 2441 2531 2492 οἱ
2573 2438 2660 2492 διὰ
2696 2439 2757 2493 τὸ
2786 2439 2955 2511 ὄνομά
2991 2456 3092 2510 μου
3127 2437 3525 2508 ἐκδιωχθέντες.
3555 2434 3682 2488 Δεῦτε

493 2533 620 2586 dum
660 2531 801 2585 inter
850 2526 1101 2582 homines
1140 2536 1389 2594 agerem,
1423 2531 1640 2592 propter
1680 2520 2026 2592 Evangelium

2158 2530 2208 2582 οἱ
2242 2531 2591 2600 πατριάρχαι,
2620 2531 2671 2584 οἱ
2704 2531 2808 2600 πρὸ
2843 2531 2940 2602 τῆς
2984 2531 3123 2602 ἐμῆς
3171 2529 3470 2600 παρουσίας
3503 2527 3683 2597 πειθαρ-

495 2623 701 2685 Venite,
730 2628 1016 2689 martyres,
1044 2615 1137 2688 qui
1177 2612 1411 2670 confessi
1450 2628 1537 2668 me
1566 2627 1747 2668 coram
1788 2610 2028 2682 tyrannis

2162 2627 2228 2690 χὴ
2238 2619 2426 2684 σαντές
2460 2639 2547 2692 μοι
2567 2621 2658 2674 καὶ
2675 2621 2811 2693 ποθή
2819 2639 3006 2686 σαντες
3037 2620 3134 2692 τὴν
3151 2622 3291 2694 ἐμὴν
3311 2618 3679 2692 βασιλείαν,(95).

493 2721 762 2770 tormenta
805 2710 976 2767 multa
1027 2717 1190 2778 atque
1231 2704 1495 2776 supplicia
1559 2703 1876 2774 pertulistis.
1957 2700 2026 2757 Ve

2165 2710 2328 2764 Δεῦτε
2361 2713 2410 2765 οἱ
2440 2712 2746 2778 ἀπόστολοι,
2773 2715 2822 2767 οἱ
2855 2714 3439 2787 συγκακοπαθήσαντές
3471 2729 3550 2783 μοι
3573 2712 3681 2780 ἐντῇ

492 2809 644 2872 nite,
695 2803 1007 2875 pontiﬁces,
1066 2799 1161 2871 qui
1213 2811 1348 2868 pure
1395 2794 1528 2850 mihi
1591 2794 1917 2849 sacriﬁcium
1977 2792 2025 2846 di

2165 2805 2594 2879 ὲνανθρωπὴσει,
2621 2809 2678 2860 ὲν
2705 2807 2782 2880 τῷ
2814 2807 3145 2878 Εὑαγγελίῳ.
3163 2809 3332 2862 Δεῦτε
3369 2809 3625 2884 μάρτυρες,
3648 2808 3683 2858 oi

493 2908 757 2969 nocteque
797 2893 1114 2956 obtulistis,
1163 2906 1228 2945 ac
1275 2887 1574 2963 pretiosum
1603 2901 1804 2956 corpus
1840 2895 1894 2942 et
1934 2901 2026 2941 san

2169 2897 2595 2969 ὁμολογήσαντες
2620 2917 2710 2970 μοι
2741 2899 2967 2954 ἐνώπιον
2992 2901 3271 2972 τυράννων
3300 2901 3429 2974 (94),
3451 2904 3533 2957 καὶ
3560 2904 3686 2974 βασά-

495 2992 709 3061 guinem
749 3001 928 3042 meum
982 2982 1306 3038 immolastis
1350 2977 1610 3050 quotidie.

2173 3005 2298 3052 νους
2329 2989 2526 3054 πολλὰς
2553 2991 2644 3045 καὶ
2689 2992 2956 3063 τιμωρίας
2990 2991 3382 3063 ὑπομείναντες
3417 2994 3535 3066 (95).
3559 2993 3683 3047 Δεῦτε

493 3088 544 3141 οἱ
573 3083 840 3157 ἱεράρχαι,
875 3082 924 3134 οἶ
947 3074 1423 3148 λειτουργήσαντές
1453 3090 1542 3146 μοι
1573 3072 1819 3145 ἀμώμως
1842 3073 1954 3146 (96)
1985 3077 2198 3151 ἡμέρας
2229 3085 2322 3139 καὶ
2351 3085 2560 3150 νυκτὸς,
2600 3085 2660 3140 τὸ
2693 3086 2784 3140 καὶ
2813 3087 2992 3158 τίμιον
3025 3087 3183 3160 σῶμα
3206 3089 3301 3143 καὶ¹
3325 3086 3460 3160 αἷμά
3480 3106 3568 3161 μου
3595 3083 3695 3140 καθ’

491 3179 725 3250 ἑκάστην
758 3175 974 3237 θύοντες
1009 3171 1133 3245 (97).

561 3271 698 3328 XLI.
740 3269 946 3336 Venite,
989 3267 1183 3333 sancti,
1215 3265 1309 3337 qui
1347 3266 1401 3320 in
1426 3265 1723 3330 montibus,
1758 3267 1811 3321 in
1842 3269 2094 3338 spelun-i

2232 3269 2392 3326 XLII.
2431 3267 2594 3322 Δεῦτε
2628 3273 2678 3324 οἱ
2717 3271 2874 3335 ὅσιοι,
2920 3270 2969 3323 οἱ
3016 3271 3071 3322 ὲν
3099 3271 3276 3342 ὄρεσι,
3304 3269 3401 3324 καὶ
3437 3265 3687 3339 σπηλαίοις,

493 3367 572 3422 cis
597 3374 652 3420 et
672 3362 920 3420 cavernis
955 3372 1111 3416 terrae
1143 3359 1466 3414 exercuistis
1503 3373 1622 3422 vos,
1659 3359 1751 3428 qui
1793 3374 1888 3428 per
1924 3375 2026 3415 con

2163 3365 2256 3418 καὶ
2296 3367 2414 3429 ταῖς
2463 3367 2624 3428 ὀπαῖς
2669 3362 2768 3432 τῆς
2807 3363 2912 3432 γῆς
2946 3362 3314 3432 ἀσκήσαντες,
3354 3363 3405 3414 οἱ
3435 3361 3498 3414 δι’
3527 3360 3689 3427 ἐγκρα-

496 3458 801 3522 tinentiam,
836 3467 1026 3525 preces
1074 3460 1130 3506 et
1167 3449 1530 3520 virginitatem
1579 3447 1824 3503 servistis
1848 3451 2029 3504 nomin

2163 3456 2307 3520 τείας
2341 3456 2471 3526 (98),
2503 3457 2596 3511 κα)⁵
2629 3455 2811 3525 εὐχῆς,
2844 3455 2937 3507 καὶ
2978 3451 3278 3525 παρθενίας
3311 3448 3689 3523 θεραπεύσαντες

494 3563 638 3604 meo.
683 3547 893 3610 Venite,
917 3541 1352 3605 adolescentulw,
1387 3555 1508 3610 quae
1543 3539 1838 3594 thalamum
1873 3556 2027 3596 meum

2165 3567 2264 3620 μου
2291 3549 2350 3602 τὸ
2388 3547 2576 3618 ὄνομα.
2607 3545 2771 3600 Δεῦτε
2795 3545 3049 3609 νεάνιδες,
3093 3544 3150 3598 αἱ
3197 3544 3294 3597 τὸν
3333 3541 3582 3615 νυμφῶνά
3614 3557 3689 3610 μου

493 3641 812 3712 exaptastis,
836 3654 934 3694 nec
956 3646 1148 3708 praeter
1175 3650 1259 3690 me
1287 3649 1546 3705 sponsum
1577 3634 1740 3688 alium
1769 3635 2026 3692 dilexistis

2163 3641 2481 3713 ποθήσασαι,
2534 3641 2626 3694 καὶ
2681 3638 2816 3710 πλὴν
2861 3637 2994 3708 ἐμοῦ
3033 3637 3126 3690 τοῦ
3172 3637 3428 3709 νυμφίου,
3462 3635 3602 3690 ἄλλον
3637 3632 3691 3703 μὴ

493 3751 614 3808 quae
640 3749 733 3804 per
759 3730 1076 3802 martyrium
1121 3736 1176 3784 et
1200 3727 1418 3798 pietatis
1448 3727 1890 3782 exercitationem
1923 3729 2026 3784 mih

2163 3733 2538 3804 ἀγαπήσασαυ
2587 3733 2643 3786 αἱ
2693 3731 2781 3785 διὰ
2829 3729 3126 3802 μαρτυρίου
3171 3731 3285 3800 (99)
3327 3732 3419 3783 καὶ
3456 3729 3690 3798 ἀσκήσεως

494 3825 788 3883 immortali
836 3839 901 3876 ac
937 3819 1335 3890 incorruptibili
1373 3835 1577 3890 sponso
1613 3821 1878 3891 copulata:
1902 3823 2027 3878 estis

2162 3825 2284 3895 ἐμοὶ
2317 3823 2668 3893 συναφθεῖσαι
2685 3822 2764 3893 τῷ
2792 3821 3044 3892 ἀθανάτῳ
3076 3822 3170 3874 καὶ
3207 3820 3472 3894 ἀφθάρτῳ
3498 3816 3690 3890 νυμφίῳ.

496 3916 708 3983 Venite,
755 3917 846 3988 qui
891 3912 1154 3970 dilexistis
1183 3926 1450 3981 pauperes
1484 3926 1548 3966 ac
1590 3914 1922 3983 peregrinos.
1954 3914 2029 3970 Ve

2161 3917 2326 3971 Δεῦτε
2377 3916 2724 3987 φιλόπτωχοι,
2762 3913 3044 3983 φιλόξενοι.
3093 3912 3260 3965 Δεῦτε
3301 3915 3352 3966 οἱ
3383 3912 3476 3984 τὴν
3517 3910 3692 3978 ἀγάπην

493 4013 626 4076 nite,
672 4011 764 4080 qui
812 4009 1133 4064 charitatem
1185 4021 1360 4060 meam
1406 4006 1685 4071 servastis,
1735 4008 1893 4064 sicuti
1934 4025 2026 4064 sun

2167 4027 2266 4079 μου
2307 4007 2656 4076 φυλάξαντες,
2699 4004 2880 4068 καθὼς
2925 4004 3035 4074 ἐγὼ
3073 4005 3261 4076 ἀγάπη
3307 4005 3441 4076 εἰμί.
3475 4003 3616 4056 Δεῦτε
3656 3996 3693 4049 οἱ

493 4103 876 4174 egucharitas.
911 4099 1120 4164 Venite,
1166 4098 1299 4152 socii
1357 4099 1539 4167 pacis;
1595 4113 1695 4169 ego
1738 4099 1882 4154 enim
1933 4116 2026 4155 sun

2161 4097 2261 4169 τῆς
2295 4098 2514 4168 εἰρήνης
2540 4095 2614 4168 (1)
2657 4094 2989 4166 μετέχοντες·
3020 4091 3130 4161 ἐγὼ
3161 4093 3271 4165 γάρ
3317 4096 3429 4164 εἰμι
3457 4095 3488 4164 ἡ
3524 4092 3692 4162 εἰρήνη.

495 4197 612 4266 ipsa
649 4209 773 4264 pax.
811 4191 1020 4257 Venite,
1075 4188 1341 4245 benedicti
1394 4187 1574 4242 Patris
1622 4191 1749 4257 mei,
1788 4193 2028 4262 possidet

2164 4189 2329 4242 Δεῦτε
2353 4190 2402 4242 οι
2424 4186 2773 4260 εὐλογημένοι
2795 4185 2888 4238 τοῦ
2909 4185 3120 4257 Πατρός
3152 4201 3275 4256 μουο
3299 4183 3693 4257 κληρονομήσατε

497 4294 743 4358 paratum
775 4284 929 4338 vobis
964 4296 1225 4352 regnum;
1267 4281 1358 4351 qui
1399 4281 1551 4334 nihili
1586 4281 1788 4338 fecistis
1817 4283 2030 4342 divitias

2161 4280 2258 4352 τὴν
2283 4280 2685 4352 ἡτοιμασμένην
2715 4279 2840 4349 ὑμῖν
2876 4277 3171 4348 βασιλείαν,
3201 4278 3251 4330 οἰ
3291 4277 3383 4330 τὸν
3410 4277 3616 4331 πλοῦτον
3639 4272 3694 4343 μὴ

495 4379 588 4448 qui
615 4376 868 4448 pauperis
894 4374 1026 4429 esus
1055 4371 1288 4436 miserti,
1316 4370 1411 4440 qui
1449 4372 1650 4428 tulistis
1687 4389 1841 4444 opem
1881 4377 2028 4445 pupil

2162 4374 2488 4444 τιμήσαντες
2523 4372 2616 4441 (2).
2652 4371 2716 4424 Οἳ
2745 4369 3000 4441 ἐλεήσατε
3032 4369 3122 4422 τὸν
3159 4369 3392 4441 πένητα,
3422 4371 3470 4422 οι
3502 4370 3600 4430 τοῖς
3626 4367 3695 4435 ὀρ-

494 4469 585 4532 lis,
620 4469 712 4537 qui
738 4467 918 4523 viduis
938 4468 1073 4520 estis
1109 4463 1377 4526 auxiliati,
1413 4463 1503 4532 qui
1535 4463 1844 4521 sitientibus
1869 4476 2027 4536 potun

2165 4467 2351 4534 φανοῖς
2386 4462 2768 4534 βοηθήσαντες,
2800 4463 2847 4514 οἱ
2885 4462 3004 4523 ταῖς
3035 4462 3231 4532 χήραις
3253 4462 3693 4533 ἐπικουρήσαντες.

496 4560 740 4624 dedistis,
767 4558 860 4629 qui
889 4556 1112 4627 pavistis
1152 4555 1476 4620 esurientes,
1517 4554 1611 4624 qui
1643 4556 1929 4626 excepistis
1965 4573 2029 4627 pe

2161 4557 2212 4609 οἱ
2239 4555 2366 4618 τοὺς
2405 4553 2671 4623 διψῶντας
2702 4550 3037 4614 ποτίσαντες,
3069 4553 3120 4604 οἱ
3140 4553 3268 4615 τοὺς
3302 4551 3586 4612 πεινῶντας
3605 4547 3693 4599 δια-

496 4648 760 4717 regrinos,
809 4649 902 4717 qui
953 4647 1127 4702 nudos
1169 4644 1440 4712 induistis,
1478 4645 1572 4715 qui
1616 4647 1877 4703 visitastis
1904 4649 2028 4704 intir

2162 4646 2471 4720 θρέψαντες,
2493 4646 2541 4698 οἱ
2561 4645 2686 4708 τοὺς
2703 4643 2884 4711 ξένους
2903 4643 3397 4711 ὲπισυναγαγόντες
3416 4645 3509 4712 (5),
3535 4641 3580 4694 οἱ
3600 4639 3695 4696 τοὺς

495 4752 638 4801 mos,
687 4739 779 4809 qui
815 4741 1063 4794 detentos
1105 4739 1160 4792 in
1203 4752 1420 4792 carcere
1467 4737 1730 4792 consolati
1769 4739 1922 4807 estis,
1962 4757 2028 4810 qu

2163 4739 2403 4810 γυμνοὺς
2440 4736 2780 4800 ἐνδύσαντες,
2807 4736 2857 4789 οἱ
2882 4736 3008 4800 τοὺς
3045 4735 3290 4800 ἀσθενεῖς
3323 4733 3694 4804 ἐπισκέψαντεςν

566 4894 610 4927 ³⁷
642 4894 808 4951 Zach.
841 4912 938 4960 xu,
969 4894 1068 4962 10;
1095 4894 1250 4950 Joan.
1288 4911 1401 4960 xix,
1441 4894 1528 4949 57.
1605 4894 1649 4927 ’⁸
1681 4892 1868 4949 Matth.
1908 4913 2036 4964 xxv,
2060 4898 2092 4952 5

1002 4894 1068 4962 0;
1095 4894 1250 4950 Joan.
1288 4911 1401 4960 xix,
1441 4894 1528 4949 57.
1605 4894 1649 4927 ’⁸
1681 4892 1868 4949 Matth.
1908 4913 2036 4964 xxv,
2060 4898 2149 4962 51,
2181 4897 2278 4962 52,
2303 4897 2398 4960 35.
2439 4896 2527 4952 54.

568 5013 679 5085 (9|)
719 5013 802 5080 8.,
831 5015 932 5085 ei;
954 5014 1132 5084 κρίσιν
1159 5013 1390 5068 αἰώνιον.

2235 5014 2346 5085 (99)
2389 5012 2590 5070 Desunt
2621 5013 2672 5067 in
2711 5011 2752 5066 Β
2807 5010 2968 5068 verba
3001 5009 3090 5064 διὰ
3133 5012 3432 5082 μαρτυρίου
3462 5023 3615 5080 usque
3641 5004 3692 5059 ad

574 5084 686 5156 (92)
712 5085 796 5156 ᾼι.
819 5084 947 5156 _l_’ici_
971 5083 1162 5147 Codex,
1188 5085 1500 5156 διαιροριεῖ.⁸
1630 5153 1642 5156 _
1917 5153 1931 5156 Α

872 5084 947 5156 ici_
971 5083 1162 5147 Codex,
1188 5085 1500 5156 διαφοριεῖη
1630 5153 1642 5156 _
1917 5153 1931 5156 Α
2168 5083 2399 5156 νυμφίῳ.

570 5138 684 5225 (95)
725 5154 780 5208 In
819 5153 881 5206 Β.
918 5153 1113 5208 desunt
1148 5138 1307 5209 verba
1351 5138 1372 5208 ἐ
1410 5153 1518 5206 Καὶ
1553 5153 1672 5206 ποθ.
1709 5171 1758 5205 τ.
1812 5171 1860 5209 ε.
1908 5153 2061 5224 βασι-

2178 5138 2185 5140 ⁷
2351 5138 2552 5208 Desunt
2597 5153 2649 5206 in
2696 5153 2884 5208 eodem
2927 5157 3132 5219 codice,
3163 5150 3312 5206 δεῦτε
3353 5152 3404 5205 οἱ
3439 5151 3531 5222 τῆς
3559 5160 3695 5217 usque

718 5295 802 5372 ἓν
835 5294 1060 5372 ἐνώπιον
1081 5293 1525 5372 τῶνᾲᾲνβρῴτξων,
1560 5301 1620 5349 ut
1665 5292 1856 5348 Matth.
1882 5309 1939 5360 χ,
1970 5293 2030 5346 59

2168 5225 2750 5372 Ἆάιςὲξἔὶςῖἲὲιςᾘ]ιτιιντες,Δ
2773 5296 2822 5372 οξ.
2837 5364 2849 5372 _
2861 5291 3339 5372 ἐλεήσαντες-ποὺς
3368 5290 3638 5372 ,πένηταςχ
3657 5283 3695 5338 οἶ

596 5362 686 5437 95)
727 5366 1140 5437 Ὺπομείναντες
1172 5364 1238 5418 δι’
1265 5362 1386 5434 cpe,
1410 5362 1467 5417 Β.

2167 5362 2293 5437 τοδε
2323 5362 2618 5437 πεινῶντας
2636 5362 3038 5437 δμιαθρέψαντες.
3067 5363 3145 5419 Ita
3177 5363 3243 5427 Β,
3269 5363 3468 5426 verbis,
3493 5375 3602 5429 qua
3628 5362 3695 5410 in-

591 5433 680 5507 96)
713 5438 816 5504 Id.,
849 5433 1169 5508 ἇμέμπτιυς.
1249 5433 1308 5508 ,ί
1551 5505 1564 5508 _
1723 5503 1736 5508 Α
1823 5504 1833 5508 ,
1925 5503 1936 5508 -

1249 5433 1308 5508 ,ί
1551 5505 1564 5508 _
1723 5503 1736 5508 Α
1823 5504 1833 5508 _
1925 5503 1936 5508 _
2170 5433 2725 5508 terj_ace_nt,‘9_mis_sis.

594 5494 683 5576 97)
710 5508 767 5562 In
797 5494 986 5562 eodem
1015 5494 1198 5562 codice
1229 5507 1426 5561 desunt
1456 5505 1618 5560 verba
1651 5503 1749 5558 καὶ
1787 5504 1850 5558 τὸ
1882 5503 2062 5574 τίμιον

2234 5494 2310 5575 (Β)
2341 5494 2449 5576 Βοζ
2471 5503 2903 5575 Ὑποδεχόμενοι,
2943 5505 3138 5560 deinde
3175 5503 3364 5576 _stati_m
3397 5499 3632 5576 sequitur
3659 5494 3695 5545 οξ

499 5571 674 5644 usque
710 5581 776 5632 ad
811 5579 1040 5640 θύοντες.
1411 5643 1420 5646 _
2035 5642 2046 5646 Α
2166 5571 2301 5637 τοῦς
2327 5573 2569 5638 ἀσθενεῖς
2609 5571 3092 5646 ἐπισκεπτόμενοι,
3139 5573 3361 5646 οίμτοὺς
3397 5571 3576 5646 λόγους
3616 5583 3695 5646 μον

573 5635 682 5718 (98)
721 5647 858 5705 Ibid.
890 5635 1085 5705 desunt
1124 5647 1284 5704 verba
1325 5647 1375 5700 οἱ
1404 5643 1471 5699 δι’
1502 5647 1660 5729 mp.
1698 5659 1870 5716 usque
1899 5645 1965 5700 ad
1999 5642 2061 5697 τδ

2169 5635 2512 5726 ποιῆσαξτες.
2544 5635 2628 5729 viol-
2663 5635 3250 5718 συγκακοπαθήσαντές
3299 5659 3389 5713 μοι
3436 5635 3509 5705 ὡς
3569 5635 3694 5692 καλοὶ

498 5714 684 5786 ὄνομα.
1547 5714 1556 5729 '
1607 5714 1616 5717 ’
1785 5714 1802 5716 ’
2169 5714 2517 5786 στρατιῶται,
2539 5714 2714 5771 δεῦτε.
