3882 6332
229 411 345 467 945

1163 410 1437 469 SPURIA.
1476 443 1547 453 ——
1579 410 1671 467 DE
1705 408 2296 469 CONSIIMMA'I‘IONE
2332 406 2567 467 MUNDI.

3385 404 3490 459 9I6

230 534 281 586 oi
316 532 440 596 τοὺς
473 533 530 585 ὲν
554 529 818 601 φυλακαῖς
845 533 1357 606 παραμυθήσαντες,
1391 533 1440 587 οἱ
1469 535 1579 597 τοῖς
1602 534 1797 605 τυφλοὶ

1925 535 2084 592 caecis
2120 535 2326 591 auxilio
2353 532 2555 600 fuistis,
2583 531 2677 603 qui
2710 531 2945 604 sigillum
2980 527 3103 585 ﬁdei
3128 527 3492 586 conscrvastis

230 625 719 697 ἔπικουρήσαντες,
740 627 791 678 οἱ
816 625 913 699 τὴν
936 627 1205 699 σφραγῖδα
1227 627 1326 698 τῆς
1360 627 1593 691 πίστεως
1620 626 1820 700 ἀθραυ-

232 733 361 769 στον
403 715 848 786 διαφυλάξαντες,
892 719 943 771 οἱ
980 722 1101 783 ταῖς
1142 718 1458 790 ἐκκλησίαις
1503 720 1821 791 ἐπισυντρέ-

226 826 441 880 χοντες,
472 810 520 862 οἱ
554 809 660 863 τῶν
692 810 926 882 Γραφῶν
955 827 1057 882 μου
1090 810 1401 875 ἀκούοντες,
1424 812 1474 865 οἱ
1503 814 1616 875 τοῖς
1642 811 1820 881 λόγοις

228 918 337 972 μου
368 900 704 972 ποθήσαντες
746 902 843 974 (4),
877 902 927 955 οἱ
969 902 1062 956 τὸν
1112 901 1275 974 νόμον
1328 919 1428 972 μου
1483 904 1819 975 τηρήσαντες

224 992 442 1064 ἡμέρας
473 992 568 1046 καὶ
615 993 830 1060 νυκτὸς,
870 994 920 1047 οἱ
960 992 1548 1066 συγκακοπαθήσαντές
1596 1011 1686 1065 μοι
1720 1012 1820 1051 κα-

223 1086 307 1139 λοὶ
326 1086 403 1156 (5)
422 1087 773 1158 στρατιῶται,
791 1087 914 1160 ἐμοὶ
923 1086 1001 1159 τῷ
1015 1088 1250 1159 οὐρανίῳ
1267 1086 1474 1158 βασιλεῖ
1492 1087 1685 1159 ἀρέσαι
1703 1087 1820 1161 βου-

220 1175 659 1247 λόμενοι.Δεῦτε,
684 1178 1135 1251 κληρονομήσατε
1149 1177 1245 1250 τὴν
1263 1179 1672 1251 ἡτοιμασμένην
1688 1180 1819 1250 ύμῖν

222 1267 510 1341 βασιλείαν
542 1271 653 1325 ἀπὸ
684 1270 993 1342 καταϐολῆς
1026 1270 1252 1343 κόσμου.
1309 1271 1441 1327 Ἰδοὺ
1485 1273 1520 1344 ἡ
1574 1270 1819 1343 βασιλεία

223 1376 331 1431 μου
372 1361 739 1434 ηὐτρέπισται
783 1362 893 1435 (6),
949 1363 1058 1418 ἰδοὺ
1101 1364 1130 1417 6
1180 1363 1504 1435 παράδεισος
1543 1362 1815 1436 ήνεῴχθη,

225 1452 335 1506 ἰδοὺ
366 1455 402 1524 ή
446 1452 717 1509 ἀθανασία
764 1472 866 1527 μου
904 1453 1367 1510 κεκαλλὼπισται.
1392 1454 1558 1509 Δεῦτε
1593 1456 1818 1520 πάντες,

219 1542 678 1617 κληρονομήσατε
739 1544 839 1618 τὴν
889 1545 1304 1618 ἡτοιμασμένην
1359 1547 1488 1619 ὑμῖν
1543 1545 1819 1618 βασιλείαν

220 1636 334 1689 ἀπὸ
360 1636 677 1708 καταϐολῆς
706 1637 934 1710 κόσμου.

286 1725 483 1783 XLIII.
532 1729 668 1783 Τότε
705 1727 1216 1798 ἀποκριθήσονται
1252 1732 1308 1785 οἴ
1343 1731 1560 1786 δίκαιοι
1608 1731 1684 1804 (7)
1720 1733 1817 1787 έκ-

1917 627 2171 697 illaesum,
2196 627 2293 700 qui
2322 625 2681 684 concurristis
2707 623 2777 680 ad
2806 623 3087 691 ecclesias,
3117 622 3212 694 qui
3234 620 3486 693 Scriptu-

1920 737 2011 778 ras
2052 737 2203 777 meas
2247 718 2500 785 audistis,
2546 718 2642 790 qui
2682 731 2966 773 sermones
2998 732 3152 772 meos
3187 714 3489 785 expetistis,

1918 813 2013 885 qui
2041 813 2213 883 legem
2248 827 2426 867 meam
2458 820 2625 866 noctu
2662 808 2866 880 diuque
2913 807 3192 874 servastis,
3236 806 3332 878 qui
3369 815 3488 863 tan-

1918 921 2083 977 quam
2113 904 2319 961 strenui
2363 903 2567 960 milites
2600 902 2738 958 dura
2771 916 2984 956 mecum
3016 899 3307 966 tolerastis,
3351 899 3488 954 mihi

1916 998 2031 1069 regi
2078 997 2287 1053 caelesti
2341 996 2554 1068 placere
2597 994 2899 1051 studentes.
2939 990 3147 1060 Venite,
3203 991 3489 1047 haeredita-

1918 1088 1989 1144 tis
2009 1088 2133 1159 jure
2161 1088 2433 1160 possidete
2468 1094 2830 1159 praeparatum
2861 1084 3015 1140 vobis
3049 1100 3274 1156 regnum
3304 1099 3334 1139 a
3358 1099 3491 1139 conv

1917 1178 2197 1235 stitutione
2224 1177 2434 1232 mundi.
2481 1175 2561 1232 Eu
2605 1190 2832 1248 regnum
2868 1190 3049 1231 meum
3096 1182 3343 1247 paratum
3378 1184 3484 1240 est,

1917 1288 1985 1327 en
2010 1281 2155 1343 patet
2184 1270 2493 1342 paradisus,
2534 1285 2601 1326 en
2639 1269 3022 1326 immortalitas
3071 1284 3191 1324 mea
3231 1267 3486 1324 decorata

1916 1372 2032 1418 est:
2063 1363 2243 1419 venite
2270 1376 2481 1430 omnes,
2506 1360 2781 1433 possidete
2796 1371 3043 1431 paratum
3076 1360 3232 1418 vobis
3260 1376 3483 1433 regnum

1917 1470 1950 1510 a
1983 1454 2369 1510 constitutione
2397 1452 2608 1510 mundi.

1988 1726 2174 1783 XLIII.
2222 1725 2366 1781 Tunc
2394 1726 2774 1799 respondebunt
2795 1727 2954 1797 justi,
2976 1721 3485 1800 attoniti'magn‘ttuo

217 1817 588 1889 πληττόμενοι
642 1817 720 1890 τῷ
761 1818 984 1891 μεγέθει
1033 1819 1128 1873 τοῦ
1181 1819 1478 1893 θαύματος,
1524 1822 1607 1876 ὃτι
1646 1822 1705 1876 ὃν
1752 1824 1797 1878 oi

1919 1821 2045 1877 dine
2079 1821 2351 1887 miraculi,
2398 1820 2545 1892 quod
2597 1820 2645 1876 is
2697 1835 2859 1893 quem
2913 1821 3133 1877 ordines
3165 1821 3482 1893 angelorum

213 1908 475 1963 δύνανται
513 1910 730 1981 βλέπειν
767 1911 979 1983 τρανῶς
1023 1912 1274 1984 ἀγγέλων
1308 1912 1374 1967 τὰ
1417 1912 1694 1985 τάγματα,
1733 1915 1797 1979 ὡς

1919 1914 2111 1969 intueri
2138 1915 2283 1970 clare
2333 1930 2397 1970 ac
2434 1929 2560 1970 vere
2598 1929 2707 1969 non
2747 1924 2999 1984 possunt,
3039 1914 3358 1969 consolatur
3387 1930 3483 1972 eos

216 2001 413 2071 φίλους
447 2002 646 2066 αὐτοὺς
679 2001 1086 2074 προσκαλεῖται,
1123 2002 1220 2057 καὶ
1251 2003 1503 2077 βοήσουσι
1534 2004 1672 2077 πρὸς
1712 2004 1797 2058 αὑ-

1919 2004 2061 2059 velut
2110 2005 2339 2071 amicos,
2384 2004 2806 2075 clamabuntque
2855 2004 2923 2060 ad
2973 2004 3126 2060 illum
3174 2022 3190 2059 :
3238 2005 3480 2074 Domine,

212 2094 326 2147 τόν·
373 2095 576 2163 Κύριε,
625 2094 769 2149 πότε
806 2108 881 2148 σε
911 2093 1120 2166 ἴδομεν
1145 2095 1462 2161 πεινῶντα,
1502 2096 1601 2151 καὶ
1648 2095 1797 2169 ἐθρέ-

1919 2097 2121 2168 quando
2156 2106 2205 2152 te
2237 2097 2463 2153 uidimus
2492 2097 2825 2164 esurientem,
2859 2106 2908 2151 et
2937 2097 3212 2167 pavimus.’
3239 2096 3482 2164 Domine,

214 2188 460 2255 ψαμεν;
504 2185 774 2252 Δέσποτα,
816 2187 962 2241 πότε
1005 2202 1081 2242 σε
1122 2187 1327 2258 ἴδομεν
1380 2186 1667 2258 διψῶντα,
1707 2188 1797 2244 κα]

1919 2188 2120 2258 quando
2153 2198 2201 2243 te
2242 2188 2470 2244 vidimus
2510 2188 2790 2255 sitientem,
2828 2197 2878 2243 et
2913 2187 3229 2259 prtebuimus
3260 2193 3483 2258 potum!

210 2275 619 2345 ἐποτι’σαμεν;
641 2274 860 2347 Φοὸερὲ,
903 2278 1048 2331 πότε
1083 2292 1158 2331 σε
1190 2277 1395 2348 ἴδομεν
1424 2278 1675 2348 γυμνὸν,
1709 2278 1797 2334 καὶ

1919 2280 2235 2348 Tremende,
2261 2281 2472 2352 quando
2496 2291 2544 2336 te
2570 2281 2793 2335 vidimus
2822 2280 3041 2351 nudum,
3072 2289 3122 2335 et
3146 2282 3485 2352 aperuimus?

210 2370 649 2440 περιελάϐομεν
672 2370 769 2442 (8).
809 2370 1083 2435 Ἀθάνατε,
1111 2371 1255 2440 πότε
1272 2387 1346 2426 σε
1371 2370 1579 2442 ἴδομεν
1607 2370 1797 2437 ξένον,

1919 2374 2262 2440 Immortalis,
2288 2375 2496 2445 quando
2513 2384 2560 2428 te
2584 2374 2809 2429 vidimus
2823 2376 3170 2445 peregrinum,
3191 2384 3242 2430 et
3266 2375 3483 2448 collegi-

210 2462 307 2515 καὶ
369 2462 830 2533 συνηγάγομενς
856 2462 1234 2535 Φιλάνθρωπε,
1296 2465 1441 2519 πότε
1485 2479 1559 2519 σε
1603 2463 1797 2534 ἴδομεν

1919 2466 2059 2521 mus?
2079 2465 2302 2522 Amator
2324 2466 2630 2529 hominum,
2646 2466 2857 2537 quando
2876 2474 2922 2518 te
2939 2465 3166 2532 vidimus
3183 2467 3477 2537 inﬁrmum,

211 2554 451 2624 ἀσθενῆ
486 2556 525 2625 ἢ
557 2556 627 2609 ὲν
660 2555 928 2625 φυλακῇ,
980 2556 1079 2611 καὶ
1119 2556 1384 2627 ἤλθομεν
1410 2556 1561 2626 πρὸς
1590 2556 1700 2621 σέ;
1731 2557 1797 2610 Σὺ

1919 2568 2002 2613 aut
2030 2558 2086 2612 in
2110 2574 2336 2624 carcere,
2365 2569 2413 2614 et
2435 2559 2667 2613 venimus
2689 2558 2759 2611 ad
2781 2567 2829 2613 te
2850 2559 2896 2590 ”
2913 2559 2940 2613 .9
2957 2554 3035 2611 Tu
3053 2572 3133 2623 es,
3150 2559 3242 2629 qui
3266 2574 3481 2629 semper

209 2643 262 2702 εἴ
276 2651 307 2703 ὀ
342 2648 442 2702 ἀεὶ
473 2648 548 2701 ὢν
578 2648 670 2719 (9).
692 2649 765 2702 Σὺ
793 2644 845 2702 εἴ
867 2652 896 2703 6
918 2648 1251 2720 συνάναρχος
1274 2647 1354 2720 τῷ
1376 2648 1552 2721 Πατρὶ
1573 2648 1665 2702 καὶ
1684 2664 1797 2703 συν-

1919 2659 2011 2707 est.
2035 2649 2116 2705 Tu
2144 2666 2251 2705 una
2279 2665 2402 2707 cum
2416 2649 2577 2705 Patre
2601 2664 2756 2707 cares
2785 2648 3073 2721 principio,
3093 2658 3148 2704 et
3174 2656 3479 2704 coaeternus

210 2738 387 2803 αἲδιος
416 2738 494 2810 τῷ
524 2738 821 2810 Πνεύματι.
866 2741 939 2794 Σὺ
979 2737 1030 2793 εἴ
1063 2740 1092 2793 6
1133 2743 1196 2794 ὲκ
1227 2739 1300 2813 μὴ
1335 2738 1504 2795 ὄντων
1532 2739 1599 2795 τὰ
1628 2741 1797 2797 πάντα

1919 2760 1970 2802 es
1986 2745 2215 2817 Spiritui
2236 2754 2447 2802 sancto.
2473 2743 2555 2800 Tu
2571 2760 2653 2811 es,
2674 2746 2767 2816 qui
2786 2760 2852 2800 ex
2871 2745 3042 2800 nihilo
3058 2744 3241 2800 omnia
3257 2747 3476 2800 creasti.

212 2832 474 2902 ποιήσας.
513 2832 586 2885 Σὺ
622 2826 675 2884 εἷ
711 2832 740 2884 6
779 2830 888 2885 τῶν
916 2831 1163 2901 ἀγγέλων
1195 2832 1303 2903 (10)
1355 2831 1627 2903 βασιλεύς.
1655 2832 1727 2887 Σὺ
1755 2828 1807 2885 εἷ

208 2921 267 2976 δν
290 2922 594 2994 τρέμουσιν
620 2923 865 2978 ἀδυσσοι.
898 2926 969 2980 Σὺ
1000 2920 1050 2978 εἷ
1077 2927 1106 2978 6
1137 2923 1567 2996 ἀναϐαλλόμενος
1590 2923 1707 2994 φῶς
1727 2923 1805 2989 ὡς

211 3018 455 3088 ἰμάτιον.
490 3020 562 3073 Σὺ
589 3015 644 3075 εἴ
688 3022 718 3075 6
741 3024 971 3094 ποιήσας
992 3022 1141 3093 ἡμᾶς
1165 3020 1260 3076 καὶ
1288 3020 1500 3084 πλάσας
1524 3019 1633 3074 ἀπὸ
1660 3017 1789 3089 γῆς.

210 3113 282 3166 Σὺ
314 3108 378 3165 εἷ
400 3113 429 3165 6
454 3111 523 3167 τὰ
543 3114 750 3187 ἀόρατα
768 3115 1181 3188 δημιουργήσας
1205 3113 1335 3186 (11).
1370 3112 1471 3167 Σοῦ
1503 3113 1612 3167 ἀπὸ
1630 3130 1801 3186 προσ-

208 3202 367 3258 ώπου
399 3204 591 3275 φεύγει
628 3209 775 3261 πᾶσα
801 3210 833 3278 ή
867 3207 937 3279 γῆ
964 3207 1095 3278 (I2),
1120 3207 1215 3260 nati.
1243 3205 1361 3271 πῶς
1389 3207 1546 3277 ἡμεῖς
1565 3205 1799 3271 ὲξενοδο-

206 3295 467 3367 χήσαμεν
493 3297 592 3367 τὴν
615 3298 713 3371 σὴν
739 3298 1015 3371 βασιλειαν
1037 3299 1131 3353 καὶ
1157 3298 1492 3371 κυριότητα;

277 3382 481 3441 XLIV.
512 3386 646 3440 Τότε
671 3388 1105 3461 ἀποκριθήσεται
1133 3388 1296 3444 πάλιν
1324 3391 1353 3443 6
1391 3389 1656 3454 Βασιλεὺς
1693 3389 1801 3445 τῶν

1911 2839 1991 2895 Tu
2014 2855 2074 2897 es
2094 2855 2189 2896 rex
2211 2839 2551 2911 angelorum.
2576 2835 2659 2893 Tu
2681 2852 2763 2902 es,
2784 2851 2943 2906 quem
2970 2844 3210 2892 tremunt
3228 2835 3410 2908 abyssi
3436 2837 3475 2891 ³.

1909 2932 1996 2988 Tu
2018 2947 2099 3001 es,
2121 2933 2215 3004 qui
2237 2932 2442 2986 lumine
2471 2928 2734 2996 indueris,
2765 2928 2841 2983 uti
2870 2927 3192 2984 vestimento
3219 2928 3263 2984 ’.
3291 2928 3369 2981 Tu
3395 2942 3476 2992 es,

1909 3026 2004 3098 qui
2050 3042 2152 3083 nos
2174 3025 2372 3082 creasti
2404 3039 2468 3080 ac
2499 3023 2701 3079 tinxisti
2729 3038 2761 3079 e
2808 3032 2973 3078 terra.
3003 3019 3087 3075 Tu
3114 3036 3194 3089 es,
3220 3022 3312 3091 qui
3337 3020 3478 3076 invi-

1907 3119 2085 3175 sibilia
2110 3118 2399 3176 condidisti
2414 3117 2453 3171 ³.
2481 3115 2527 3170 A
2543 3114 2682 3171 facie
2706 3125 2796 3169 tua
2820 3112 2960 3184 fugit
2979 3113 3231 3168 universa
3254 3121 3395 3167 terra
3410 3112 3433 3143 ⁸
3458 3130 3473 3167 :

1906 3223 1961 3269 et
1985 3229 2095 3284 quo
2128 3222 2285 3283 pacto
2310 3227 2409 3267 nos
2442 3210 2646 3281 regiam
2682 3216 2830 3263 tuam
2861 3206 3177 3278 dignitatem
3206 3221 3271 3262 ac
3301 3204 3477 3261 domi-

1903 3303 2180 3358 nationem
2215 3299 2530 3370 excepimus
2554 3297 2833 3369 hospitio?

1974 3392 2163 3447 XLIV.
2218 3391 2373 3447 Tunc
2396 3389 2746 3461 respondebit
2783 3388 2981 3446 iterum
3019 3386 3136 3444 Rex
3159 3402 3370 3461 regum,
3393 3387 3476 3443 di-

207 3477 633 3547 βασιλευόντων,
660 3478 839 3549 λέγων
865 3481 1002 3554 πρὸς
1024 3482 1241 3547 αὐτούς·
1283 3483 1401 3553 Ἐφ’
1426 3482 1579 3538 ὅσον
1600 3482 1797 3551 ἐποιή-

1919 3502 2036 3543 :ens
2064 3486 2146 3541 eis
2183 3502 2198 3540 :
2233 3483 2501 3550 Quatenus
2551 3481 2749 3551 fecistis
2806 3482 2899 3535 uni
2939 3495 3005 3535 ea:
3049 3479 3303 3551 fratribus
3346 3479 3472 3533 meis

204 3586 358 3625 σατε
382 3570 472 3625 ἐνὶ
489 3572 715 3627 τούτων
737 3571 854 3628 τῶν
872 3573 1150 3645 ἀδελφῶν
1162 3592 1283 3644 μου
1305 3572 1423 3629 τῶν
1442 3575 1801 3646 ἐλαχίστων,

1905 3579 2162 3640 minimis,
2204 3576 2336 3629 mihi
2373 3575 2571 3645 fecistis
2601 3575 2660 3639 ";
2695 3580 2964 3642 quatenus
3002 3574 3122 3639 hos,
3164 3588 3303 3643 quos
3348 3581 3473 3627 ante

204 3662 332 3731 ἐμοὶ
354 3661 699 3730 ἐποιήσατε·
720 3667 804 3735 ἐφ’
820 3667 944 3720 ὅσον
956 3665 1049 3730 οὓς
1064 3669 1323 3739 προεῖπον
1340 3667 1466 3738 ὑμῖν
1481 3667 1612 3740 (15),
1631 3666 1797 3733 ἐξενο-

1919 3668 2019 3725 iixi
2047 3667 2221 3732 vobis,
2261 3664 2571 3736 excepiStis,
2624 3663 2902 3729 induistis,
2943 3663 3179 3730 aluistis,
3216 3671 3347 3733 potu
3387 3678 3474 3717 re-

205 3756 497 3829 δοχήσατε,
527 3756 807 3824 ἐνδύσατε,
838 3759 931 3812 καὶ
972 3758 1256 3831 ἐθρέψατε,
1288 3760 1382 3813 καὶ
1409 3759 1693 3813 ὲποτίσατε
1721 3758 1790 3813 τὰ

1919 3755 2123 3811 :reastis
2154 3753 2400 3811 membra
2427 3766 2568 3818 mea,
2594 3766 2862 3823 pauperes
2901 3751 3045 3814 dico.
3077 3752 3211 3807 mihi
3244 3751 3469 3808 fecistis.

210 3848 347 3921 μέλη
377 3865 478 3918 μου
492 3848 621 3911 τοὺς
638 3851 904 3920 πτωχοὺς,
935 3852 1058 3921 ἐμοὶ
1087 3852 1397 3923 ἐποιήσατε.
1439 3850 1601 3905 Ἀλλὰ
1622 3849 1794 3906 δεῦτε

204 3940 291 4006 εις
312 3937 442 4008 τὴν
470 3939 923 4012 ἡτοιμασμένην
944 3941 1087 4012 ὑμῖν
1117 3942 1446 4007 ,βασιλείαν
1467 3942 1587 3997 ἀπὸ
1618 3958 1795 3996 κατα-

205 4029 401 4099 ϐολῆς
424 4033 679 4103 κόσμου,
712 4032 1057 4088 ἀπολαύσατε
1088 4036 1169 4100 εἰς
1200 4035 1370 4090 αἰῶνα
1411 4034 1602 4099 αἰῶνος
1642 4035 1795 4106 παρά

205 4124 294 4177 τοῦ
338 4124 560 4196 Πατρός
595 4143 694 4197 μου
727 4125 821 4180 τοῦ
863 4128 921 4182 ἐν
958 4114 1233 4199 οὐρανοῖς,
1275 4128 1368 4182 καὶ
1399 4126 1493 4181 τοῦ
1527 4126 1795 4196 παναγίου

206 4216 299 4270 καὶ
324 4217 594 4282 ζωοποιοῦ
636 4218 967 4297 Πνεύμᾳτος.
1005 4223 1163 4275 Ποῖον
1194 4217 1304 4292 ἆρα
1337 4219 1448 4292 (14)
1488 4220 1663 4291 στόμα
1701 4220 1795 4272 ὲκ-

203 4306 530 4380 διηγήσεται
555 4309 623 4363 τά
655 4310 834 4381 ἀγαθά
856 4314 1039 4366 ἐκεῖνα
1072 4311 1111 4367 ἁ
1135 4312 1443 4383 ὀφθαλμὸς
1463 4314 1575 4366 οὐκ
1608 4308 1791 4374 οἶδεν,

1895 3846 2100 3903 Verum
2127 3844 2357 3900 accedite
2388 3844 2457 3899 ad
2485 3858 2699 3915 regnum
2739 3843 2883 3898 vobis
2908 3854 3156 3914 paratum
3195 3860 3228 3898 a
3271 3844 3470 3898 consti-

1900 3937 2099 3992 tutione
2128 3935 2336 4002 mundi,
2368 3932 2631 3989 fruamini
2663 3933 2719 3987 in
2754 3934 3014 3989 saeculum
3046 3932 3251 4000 saeculi,
3293 3948 3323 3987 a
3360 3932 3470 3988 Deo

1896 4029 2058 4085 Patre
2088 4042 2210 4083 meo
2240 4026 2469 4093 caelesti,
2499 4041 2563 4081 ac
2594 4034 2885 4097 persancto
2911 4035 2965 4082 et
2999 4026 3216 4082 viviﬁco
3241 4024 3468 4096 Spiritu.

1904 4121 2122 4192 Ecquod
2150 4135 2213 4176 os
2235 4120 2512 4175 enarrabit
2532 4119 2673 4174 bona
2701 4119 2812 4184 illa,
2840 4135 2957 4191 qua:
2983 4118 3166 4174 oculus
3195 4134 3297 4172 non
3318 4118 3468 4182 vidit,

1902 4230 1994 4268 nec
2020 4214 2166 4267 auris
2191 4212 2416 4276 audivit,
2463 4227 2554 4266 nec
2593 4213 2651 4265 in
2704 4228 2795 4266 car
2835 4210 3057 4266 hominis
3102 4208 3466 4274 ascenderunt,

1900 4322 2015 4377 quae
2055 4304 2371 4375 prwparavit
2402 4302 2542 4359 Deus
2572 4303 2911 4374 diligentibus
2937 4319 3056 4357 eum
3080 4302 3140 4358 “.9

205 4403 347 4457 οὔτε
382 4399 493 4471 οὖς
520 4406 633 4460 οὐκ
672 4404 960 4475 ἤκουσεν,
999 4408 1140 4463 οὔτε
1168 4408 1265 4462 ἐπὶ
1310 4407 1562 4478 καρδίαν
1593 4405 1906 4476 ἀνθρώπου
1931 4402 2041 4456 οὐκ
2082 4399 2284 4468 ἀνέϐη,
2322 4397 2361 4454 d
2392 4400 2722 4471 ἡτοίμασεν
2758 4401 2792 4455 d
2833 4398 2976 4466 Θεὸς
3005 4398 3131 4467 τοῖς
3155 4397 3469 4471 ἀγαπῶσιν

203 4500 422 4560 αὐτόν.

274 4589 442 4644 XLV.
470 4592 711 4660 Ἔγνωτε
746 4592 920 4665 χαράν
942 4591 1220 4664 ἀδιάδοχον
1239 4635 1254 4660 ,
1284 4590 1482 4662 ἔγνωτε
1518 4592 1792 4663 βασιλείαν

1969 4586 2130 4642 XLV.
2172 4585 2353 4642 Nostis
2390 4584 2648 4657 gaudium
2674 4594 3015 4656 perpetuum,
3041 4586 3216 4642 nostis
3237 4602 3465 4659 regnum

209 4683 512 4738 ἀσάλευτον
555 4682 701 4756 (15),
761 4682 963 4753 ἔγνωτε
1014 4684 1225 4757 τρυφὴν
1266 4683 1486 4754 ἀγαθῶν
1524 4683 1676 4748 τέλος
1715 4683 1790 4755 μὴ

206 4775 459 4847 ἔχουσαν.
491 4774 704 4831 Μάθετε
735 4777 830 4830 καὶ
855 4775 952 4848 τὴν
971 4776 1080 4831 τῶν
1109 4777 1169 4841 ἐξ
1195 4777 1489 4849 εὐωνύμων
1526 4775 1790 4847 ὀδυνηρὰν

204 4866 411 4939 φωνὴν,
443 4869 510 4939 ἣν
539 4867 676 4940 πρὸς
700 4869 897 4932 αὐτοὺς
931 4868 1328 4938 ἀποφθέγξεται
1365 4871 1394 4923 6
1432 4869 1636 4934 δίκαιος
1665 4887 1787 4942 κρι-

200 4961 323 5033 τὴς,
354 4959 450 5013 κα)⁸
468 4959 598 5024 Θεὸς
620 4958 733 5034 (16)
753 4962 782 5014 6
811 4961 982 5031 πρᾶος
1005 4962 1063 5014 ὲν
1082 4959 1241 5032 θυμῷ
1259 4960 1486 5033 ἀμέτρῳ
1503 4961 1597 5015 καὶ
1624 4961 1783 5032 ὀργῇ·

270 5078 317 5112 θ’
367 5077 556 5133 Matth.
604 5095 729 5141 xxv,
769 5079 861 5140 57.
891 5078 1095 5140 38.59.
1172 5081 1187 5111 ¹
1224 5077 1293 5134 IV
1360 5079 1518 5135 Esdr.
1565 5096 1647 5147 tu,
1688 5082 1741 5136 8.

198 5150 221 5180 ⁸
260 5148 455 5205 Matth.
503 5164 630 5214 xxv,
668 5150 758 5204 40.
835 5150 856 5180 ⁸
902 5152 1005 5206 lsa.
1058 5165 1202 5216 thv,
1237 5151 1304 5217 ις
1349 5149 1521 5207 ICor.
1559 5168 1617 5220 ιι,
1652 5152 1705 5207 9.

269 5271 348 5342 (4)
387 5271 493 5329 ΑΙ..
513 5270 886 5343 πειθήσαντες.
908 5271 993 5341 Β.,
1017 5274 1141 5337 τοὺς
1166 5271 1356 5342 λόγους
1383 5291 1485 5346 μου
1515 5275 1777 5348 ποιήσαν-

196 5357 350 5552 TE“(.5)
387 5408 473 5475 Β.,
500 5410 576 5474 ὡς
599 5410 771 5493 καλοί.

201 5549 215 5552 _
259 5480 328 5552 (6
388 5478 445 5534 In
481 5480 540 5534 Β.
575 5492 771 5550 sequuti

195 5478 349 5605 δε
388 5478 445 5534 In
481 5480 540 5534 Β.
575 5483 841 5550 sequitur,
879 5485 929 5537 oi
974 5485 1225 5555 στέφανοί
1286 5504 1387 5558 μου
1438 5488 1775 5560 πρόκεινται,

196 5621 351 5756 πέΞῖ
384 5622 489 5747 iis:
516 5621 654 5694 μετά
678 5621 847 5693 φδδου
876 5624 969 5678 καὶ
1004 5625 1209 5697 τρόμου
1250 5626 1532 5697 λέγοντεςο
1575 5627 1773 5700 Κύριε,

271 5762 351 5839 (ξ)
386 5761 517 5839 με.
546 5762 959 5839 περιεϐάλομεν,
988 5776 1047 5821 ut
1071 5766 1234 5839 etiam
1269 5775 1354 5822 est
1377 5770 1428 5822 in
1459 5768 1519 5839 Β.

290 5827 447 5911 θμρ
470 5827 533 5886 Β.
551 5827 1118 5911 _st_atitn_sequitur__ab
1141 5832 1192 5890 εἶ
1216 5839 1245 5892 6
1269 5840 1333 5892 ἐκ
1364 5839 1439 5911 μὴ
1466 5838 1655 5895 ὄντων.

273 5902 382 5975 (I0)
409 5903 470 5961 Β.
498 5904 667 5974 addit,
688 5906 781 5959 καὶ
802 5905 1169 5978 ἀρχαγγέλων.

1856 5076 1876 5113 ⁵
1925 5079 2071 5136 Psal.
2114 5096 2221 5149 cur,
2251 5078 2306 5133 2.

1898 4684 2307 4745 inconcussum,
2358 4679 2532 4734 nostis
2572 4678 2794 4735 delicias
2844 4679 3051 4733 nullum
3099 4679 3263 4734 ﬁnem
3297 4680 3466 4735 bono-

1898 4792 2019 4831 rum
2076 4774 2358 4829 habentes.
2416 4771 2621 4827 Discite
2673 4786 2891 4842 quoque
2948 4769 3199 4826 acerbam
3251 4784 3463 4836 vocem,

1895 4884 2058 4939 quam
2104 4867 2158 4922 in
2202 4881 2299 4922 eos
2347 4865 2443 4937 qui
2477 4864 2699 4920 stabunt
2730 4877 2760 4917 a
2796 4863 3035 4919 sinistris
3067 4864 3355 4933 eloquetur
3375 4863 3461 4933 ju-t

1893 4969 2014 5015 stus
2033 4959 2198 5029 judex
2229 4966 2284 5014 et
2313 4956 2456 5014 Deus
2481 4956 2720 5012 clemens
2744 4970 2870 5010 cum
2893 4955 2974 5010 ira
2996 4963 3052 5010 et
3094 4954 3465 5026 indignatione

2415 5080 2437 5113 ³
2460 5078 2673 5135 (ἷοιοεε.
2705 5092 2743 5145 t,
2782 5074 2869 5133 I6.
2973 5074 2995 5109 ⁵
3032 5075 3202 5148 Apoc.
3238 5092 3327 5145 xx,
3377 5076 3460 5140 II.

1957 5275 2066 5347 (II)
2106 5271 2163 5328 In
2196 5271 2258 5327 Β.
2289 5272 2484 5329 desunt
2527 5272 2643 5328 haec
2684 5273 2869 5337 verba,
2902 5272 2965 5325 σὺ
3000 5264 3053 5323 εἷ
3077 5268 3107 5321 ό
3145 5266 3213 5322 τὰ
3256 5266 3462 5338 ἀόρατα

1806 5424 1813 5431 ,
1882 5346 1948 5417 δη
1955 5346 2075 5431 ξι.Ἦῖ

1958 5362 2114 5418 μιουρ
2152 5347 2307 5416 ήσας.

1958 5416 2072 5487 (Ii)
2106 5362 2239 5483 ἆυω
2261 5422 2566 5485 sequuntur
2596 5428 2771 5485 usque
2801 5411 2869 5468 ad
2902 5410 3218 5483 κυριότητα,
3262 5408 3460 5464 desunt

1884 5488 1940 5543 in
1972 5486 2033 5542 Β.

1953 5557 2068 5694 (15)
2107 5554 2165 5609 1η
2198 5554 2260 5610 Β.
2291 5554 2490 5611 desunt
2512 5552 2697 5617 verba,
2726 5550 2819 5616 οθς
2851 5553 3107 5623 προεῖπον
3134 5551 3280 5630 ὑμῖν.

1979 5626 2069 5694 Ii)
2118 5626 2221 5690 Id.,
2268 5624 2428 5694 Παρὰ
2470 5624 2570 5679 τοῦ
2606 5624 2823 5694 Πατρός
2862 5639 2962 5694 μου
3015 5622 3108 5676 καὶ
3160 5638 3253 5676 του

1979 5617 2069 5698 Ii)
2118 5626 2221 5690 Id.,
2268 5624 2570 5698 Παράτοῦ
2606 5624 2823 5696 Πατρός
2862 5617 2962 5695 μου
3015 5622 3108 5676 καὶ
3160 5617 3253 5676 τοῦ
3302 5617 3456 5691 ἀγεου

1878 5697 2212 5822 Πνεύέιατος.
2241 5698 2396 5751 Ποῖον
2418 5697 2545 5769 ἀρα.

1948 5769 2000 5837 (1
2047 5769 2063 5837 )
2107 5766 2191 5832 Β.,
2224 5766 2545 5837 ἀτελεύτητο

2107 5766 2165 5838 Β.
2176 5807 2191 5832 ,
2224 5766 2601 5838 ἀτελεύτητον.

1955 5769 2043 5837 [I5
2107 5769 2191 5832 Β.,
2224 5769 2601 5838 ἀτελεύτητον.

1955 5769 2068 5908 (16)
2107 5836 2209 5902 Id.,
2251 5837 2653 5908 ἀποφθέγξεται
2692 5834 2725 5889 6
2760 5833 2963 5909 Κύριος
2985 5832 3144 5906 ήμῶν
3179 5835 3206 5888 6
3245 5833 3451 5897 δίκαεος

1870 5910 2062 5982 κριτὴς
2081 5910 2175 5964 καὶ
2197 5909 2350 5974 Θεός.
