3834 6752
494 368 594 426 917

1231 368 1519 441 APPEND.
1562 370 1649 424 AD
1686 370 1861 426 PAR'I
1875 369 1966 425 ΕΜ
2003 370 2049 425 ll
2084 371 2370 430 OPERUM
2406 373 2464 431 S.
2508 373 2895 432 HIPPOLYTI.
3402 352 3409 357 θ
3584 369 3666 424 MS

497 487 833 546 vehementi:
858 486 1119 543 Discedite
1141 504 1172 541 α
1203 505 1302 550 me,
1327 490 1612 556 maledicti,
1642 491 1696 544 in
1728 492 1898 560 ignem
1920 499 2071 544 aeter-

2184 492 2485 547 Ἁπέλθετε
2519 492 2620 547 ἀπ’
2646 490 2791 562 ἐμοῦ
2812 492 2868 545 oi
2901 483 3285 556 κατηραμένοι
3305 484 3387 549 είς
3404 482 3462 535 τὸ
3489 482 3590 551 πῦρ
3622 486 3671 536 τὸ

494 597 645 646 rsum,
696 590 944 651 paratum
982 578 1192 634 diabolo
1229 590 1278 634 et
1309 582 1509 653 angelis
1543 583 1655 652 ejus
1695 581 1737 635 ⁷.
1772 579 1877 650 Ipsi
1915 581 2067 638 vobis

495 671 614 729 haec
642 671 1024 742 comparastis,
1055 671 1247 727 iisdem
1279 687 1378 726 vos
1420 671 1699 741 fruamini.
1737 670 2003 729 Discedite
2036 688 2067 727 a

498 780 606 831 me,
642 765 942 829 maledicti,
973 766 1029 819 in
1064 765 1315 821 tenebras
1352 766 1669 833 exteriores,
1704 775 1759 822 et
1796 765 1849 819 in
1890 764 2067 834 ignem

497 857 592 928 qui
632 872 742 913 non
780 855 1167 927 exstinguitur.
1204 865 1452 926 paratum
1494 856 1714 912 diabolo
1765 867 1819 912 et
1865 856 2069 928 angelis

497 950 641 1019 ejus.
690 948 804 1020 Ego
836 948 1091 1015 formavi,
1129 957 1183 1003 et
1210 948 1520 1003 adhaesistis
1560 949 1737 1004 alteri.
1781 948 1892 1019 Ego
1925 965 2067 1011 sum,

499 1042 595 1112 qui
620 1041 688 1095 de
717 1041 875 1095 vulva
897 1040 1059 1096 eduxi
1088 1055 1188 1096 vos
1216 1040 1258 1105 ⁸,
1282 1049 1337 1096 et
1360 1055 1447 1094 me
1476 1041 1763 1110 rejecistis.
1788 1040 1901 1111 Ego
1924 1056 2068 1105 sum,

500 1135 597 1205 qui
621 1134 779 1205 jussu
809 1147 934 1188 meo
955 1132 1023 1188 de
1058 1142 1201 1187 terra
1226 1146 1325 1186 vos
1361 1130 1617 1200 formavi,
1660 1141 1713 1188 et
1737 1132 1828 1186 alii
1856 1148 1952 1187 vos
1975 1131 2072 1187 ad-

496 1225 781 1296 junxistis.
816 1224 928 1296 Ego
953 1241 1099 1291 sum,
1131 1224 1227 1295 qui
1252 1238 1351 1279 vos
1387 1225 1646 1293 enutrivi,
1688 1235 1741 1281 et
1772 1225 1927 1280 alteri
1955 1240 2072 1280 ser-

501 1318 679 1374 vistis.
714 1316 827 1389 Ego
851 1327 1049 1373 terram
1073 1333 1139 1372 ac
1163 1334 1312 1373 mare
1333 1318 1387 1371 in
1411 1316 1728 1372 alimentum
1750 1325 1989 1373 vestrum
2020 1326 2074 1371 et

503 1409 628 1463 vita:
654 1408 945 1462 terminum
973 1407 1270 1472 constitui;
1297 1415 1353 1461 at
1375 1422 1475 1462 vos
1497 1407 1782 1477 praeceptis
1804 1407 1939 1462 meis
1963 1422 2070 1462 non

504 1498 787 1569 paruistis.
820 1496 931 1568 Ego
977 1497 1155 1553 lucem
1182 1497 1340 1552 vobis
1378 1498 1579 1564 creari,
1624 1507 1684 1552 ut
1722 1497 1810 1553 die
1861 1496 2072 1553 fruere-

504 1590 673 1656 mini;
699 1588 884 1644 itidem
910 1597 1147 1655 noctem,
1174 1599 1233 1643 ut
1274 1589 1722 1659 requiesceretis;
1759 1598 1815 1644 at
1839 1605 1937 1647 vos
1972 1590 2075 1645 im-

504 1684 696 1755 probis
718 1683 878 1739 factis
903 1698 990 1737 me
1034 1682 1290 1737 irritastis
1320 1697 1386 1738 ac
1430 1684 1717 1753 respuistis
1741 1684 1783 1749 ’,
1823 1682 2075 1752 foresque

505 1775 881 1833 aﬁectionibus
936 1773 1249 1843 aperuistis.
1305 1772 1568 1828 Discedite
1619 1791 1653 1827 a
1707 1789 1806 1837 me,
1849 1773 2073 1844 operarii

2166 584 2403 638 αἰώνιον
2424 584 2491 639 τὸ
2509 579 2951 653 ἡτοιμασμένον
2971 578 3048 645 τῷ
3072 577 3323 643 διαϐόλῳ
3339 574 3431 628 καί
3468 574 3574 641 τοῖς
3598 574 3676 645 ἀγ-

2166 676 2363 746 γέλοις
2388 676 2573 735 αὐτοῦ
2608 674 2742 747 (17).
2782 673 2972 744 Ὑμεῖς
2992 671 3048 724 δὲ
3081 671 3293 731 ἑαυτοῖς
3316 664 3477 720 ταῦτα
3501 665 3679 737 προεξε-

2166 767 2394 839 νήσατε’
2422 766 2645 832 δέξασθε
2690 767 2902 828 ἑαυτοῖς
2925 763 3017 817 καὶ
3042 762 3142 834 τὴν
3188 758 3493 843 ἀπόλαυσιν.
3530 756 3681 810 Ἀπέλ-

2170 857 2290 911 θετε
2321 858 2415 910 ἀπ’
2442 857 2575 929 ἐμοῦ
2601 858 2650 911 οἱ
2679 854 3044 928 κατηραμένοι
3074 853 3152 916 είς
3189 850 3253 904 τδ
3295 846 3473 910 σκότος
3506 845 3559 900 τὸ
3579 846 3682 910 ἐξώ-

2168 964 2345 1020 τερον,
2368 947 2462 1002 καὶ
2499 949 2578 1012 είς
2605 947 2666 1001 τὸ
2701 947 2812 1018 πῦρ
2853 946 2913 999 τὸ
2943 944 3203 999 ἄσϐεστον
3234 939 3296 993 τὸ
3343 938 3684 1009 ἡτοιμασμένον

2169 1038 2247 1109 τῷ
2285 1037 2514 1110 διαϐόλῳ
2548 1037 2643 1091 καὶ
2675 1039 2788 1100 τοῖς
2825 1034 3074 1105 ἀγγέλοις
3102 1028 3292 1085 αὑτοῦ.
3339 1025 3471 1096 Ἐγὼ
3498 1026 3683 1088 ἔπλασε,

2171 1110 2264 1183 καὶ
2289 1127 2433 1201 ἄλλῳ
2465 1126 2890 1201 προσηνέχθητε.
2939 1122 3078 1194 Ἐγώ
3094 1124 3213 1194 είμι
3242 1123 3272 1175 ό
3304 1121 3366 1173 ἐκ
3400 1118 3687 1191 μήτραςὲξσο

2172 1219 2358 1289 γαγὼν
2383 1220 2548 1291 ὑμᾶς,
2574 1220 2718 1291 κάμὲ
2750 1218 3051 1291 ἠθετήσατε
3081 1215 3216 1287 (18).
3274 1211 3412 1283 Ἐγώ
3447 1213 3551 1284 είμι
3586 1215 3610 1267 ό
3641 1214 3689 1266 ὲκ

2172 1317 2275 1385 γῆς
2304 1312 2605 1376 διαπλάσας
2653 1310 2942 1384 προστάξει
2973 1326 3073 1381 μου
3098 1349 3114 1372 ,
3156 1308 3256 1362 καὶ
3294 1305 3434 1376 ἄλλῳ
3472 1307 3689 1376 προσηνέ-

2173 1403 2359 1475 χθητε.
2412 1402 2551 1473 Ἐγὼ
2573 1404 2688 1475 είμι
2716 1405 2744 1457 ὁ
2763 1401 3055 1475 διαθρέψας
3092 1402 3121 1455 ὑ
3131 1402 3240 1473 μᾶς
3261 1441 3276 1463 ,
3307 1399 3400 1453 καὶ
3426 1398 3555 1469 ἄλλῳ
3578 1398 3691 1452 ἐδου-

2173 1494 2420 1549 λεύσατε.
2463 1494 2603 1564 Ἐγὼ
2627 1495 2725 1567 τὴν
2753 1494 2857 1567 γῆν
2884 1495 2979 1547 καὶ
3005 1493 3105 1565 τὴν
3148 1491 3424 1547 Θάλασσαν
3454 1489 3575 1562 πρὸς
3609 1490 3693 1543 δια-

2173 1588 2376 1661 τροφὴν
2409 1584 2563 1659 ὑμῶν
2588 1589 2682 1641 κα).
2707 1584 3073 1659 συμπέρασμα
3101 1584 3216 1656 βίου
3244 1583 3555 1657 προσέταξα,
3573 1582 3690 1653 ὑμεῖς

2173 1678 2231 1733 δὲ
2261 1678 2361 1743 τὰς
2386 1678 2605 1743 ἐντολάς
2637 1696 2736 1750 μου
2769 1678 3174 1751 παρηκούσατε.
3214 1674 3359 1745 Ἐγὼ
3396 1674 3455 1728 τὸ
3477 1674 3576 1743 φῶς
3600 1674 3692 1743 ὑμῖν

2177 1774 2407 1845 ἐποίησα
2443 1772 2554 1845 (19)
2589 1772 2725 1844 πρὸς
2762 1770 3058 1825 ἀπόλαυσιν
3093 1769 3191 1840 τῆς
3227 1768 3472 1840 ἡμέρας,
3515 1766 3595 1819 καὶ
3623 1766 3691 1836 τὴν

506 1867 821 1936 iniquitatis.
867 1862 1059 1919 Nescio
1087 1880 1199 1927 vos,
1246 1878 1355 1918 non
1389 1879 1624 1934 agnosco
1663 1880 1794 1931 vos;
1843 1864 2066 1920 alterius

2179 1865 2336 1919 νύκτα
2371 1864 2505 1935 πρὸς
2533 1862 2854 1928 ἀνάπαυσιν,
2871 1864 3025 1934 ὑμεῖς
3050 1861 3105 1915 δὲ
3120 1864 3233 1925 τοῖς
3258 1859 3440 1932 ἔργοις
3456 1860 3555 1920 τοῖς
3573 1874 3691 1925 mm-

507 1958 710 2014 domini
739 1957 974 2029 operarii
1013 1956 1141 2012 facti
1180 1957 1335 2021 estis,
1383 1956 1487 2012 hoc
1506 1966 1588 2013 est
1625 1957 1847 2012 diaboli.
1882 1953 2069 2013 Possi-

508 2049 629 2104 dcte
658 2064 780 2103 cum
828 2050 943 2120 ipso
995 2049 1261 2111 tenebras,
1297 2057 1458 2118 atque
1499 2049 1675 2119 ignem
1713 2048 1808 2120 qui
1845 2064 1951 2103 non
1976 2064 2067 2104 ex-

509 2140 824 2211 stinguitur,
852 2148 907 2195 et
934 2154 1167 2195 vermem
1187 2138 1277 2209 qui
1317 2154 1424 2194 non
1453 2139 1680 2206 dormit,
1702 2155 1767 2195 ac
1790 2140 2075 2196 stridorem

506 2232 768 2287 dentium.

2176 1959 2288 2029 ροῐς
2329 1956 2429 2027 ἐμὲ
2458 1955 2897 2028 παρεπικράνατε
2924 1954 3019 2008 καὶ
3045 1952 3373 2024 ὴθετήσατε,
3400 1950 3489 2005 καὶ
3510 1950 3604 2011 τοῖς
3619 1947 3692 2001 τά·

2176 2048 2292 2101 θεσι
2318 2046 2488 2120 θύραν
2503 2047 2771 2118 ἡνοίξατε.
2805 2043 3176 2115 Ἁποχωρεὶτε
3197 2044 3302 2097 ἀπ’
3330 2038 3492 2111 ἐμοῦ,
3511 2038 3692 2108 ἐργάται

2173 2139 2285 2209 τῆς
2322 2139 2575 2206 ἀδικίας.
2628 2141 2749 2193 Οὐκ
2778 2137 2911 2192 οῖδα
2937 2135 3119 2206 ὑμᾶς,
3165 2134 3226 2188 οὐ
3286 2130 3528 2203 γνωρίζω
3564 2132 3690 2202 ὑμᾶς.

2175 2231 2335 2287 ἄλλου
2369 2232 2560 2304 κυρίου
2601 2232 2831 2303 ἐργάται
2860 2229 3108 2299 ἐγένεσθε
3137 2227 3252 2300 (20)
3274 2267 3290 2291 ,
3329 2223 3474 2280 τοῦτ’
3505 2224 3601 2278 ἔστι
3626 2223 3691 2276 τοὺ

506 2322 778 2378 διαϐόλου·
810 2323 928 2395 μετ’
961 2319 1121 2378 αὑτοῦ
1149 2324 1209 2378 τὸ
1239 2324 1427 2390 σκότος
1458 2322 1917 2397 κληρονομήσατε,
1943 2325 2038 2379 καὶ
2067 2324 2127 2378 τὸ
2155 2324 2415 2380 ἄσϐεστον
2458 2325 2570 2397 πῦρ
2592 2366 2607 2391 ,
2636 2326 2728 2379 καὶ
2753 2324 2845 2377 τὸν
2885 2322 3140 2394 σκώληκα
3186 2321 3280 2375 τὸν
3319 2319 3606 2391 ἀκοίμητον,
3629 2311 3692 2370 καὶ

507 2419 597 2471 τὸν
624 2418 864 2491 βρυγμὺν
888 2419 997 2473 τῶν
1023 2420 1271 2475 ὀδόντων.

582 2512 764 2569 XLVI.
821 2513 955 2570 Nam
1017 2518 1227 2582 esurivi,
1270 2526 1319 2571 et
1369 2533 1469 2571 non
1515 2517 1732 2572 dedistis
1777 2517 1906 2572 mihi
1947 2523 2083 2590 quod

510 2607 903 2660 manducarem.
954 2604 1144 2671 Sitivi,
1199 2616 1249 2662 et
1307 2623 1411 2661 non
1450 2607 1668 2662 dedistis
1710 2608 1838 2662 mihi
1877 2618 2080 2677 potum.

514 2696 714 2768 Hospes
743 2702 843 2769 lui,
873 2711 920 2754 et
956 2718 1057 2755 non
1084 2700 1366 2771 collegistis
1393 2717 1506 2765 me;
1538 2701 1727 2766 nudus,
1761 2710 1810 2755 et
1837 2718 1940 2754 non
1961 2717 2081 2771 ope-

514 2790 693 2876 ruistis
723 2808 821 2845 me.
851 2790 1152 2863 ίΕθνοιαυί,
1193 2804 1241 2846 et
1279 2807 1383 2846 non
1417 2793 1673 2846 visitastis
1719 2808 1818 2847 me.
1871 2790 1937 2847 In
1972 2809 2087 2847 car-

512 2899 625 2936 cere
653 2882 760 2953 fui,
794 2899 884 2936 nec
910 2884 1120 2939 venistis
1151 2884 1221 2937 ad
1251 2900 1349 2938 me.
1385 2886 1560 2939 Aures
1598 2895 1806 2940 vestras
1838 2884 2082 2949 condidi,

514 2983 573 3029 ut
606 2973 867 3029 audiretis
895 2974 1202 3045 Scripturas
1234 2992 1249 3028 :
1283 2982 1339 3029 at
1362 2989 1457 3029 vos
1486 2974 1717 3044 parastis
1740 2990 1833 3032 eas
1858 2974 1926 3031 ad
1943 2991 2073 3031 can-

514 3066 620 3121 tica
647 3067 979 3132 daemonum,
1010 3066 1247 3121 citharas
1281 3075 1336 3121 et
1365 3066 1612 3123 ridicula.
1636 3068 1835 3124 Oculos
1865 3078 2077 3125 vestros

2254 2513 2437 2570 XLVI.
2481 2512 2799 2568 Ἐπείνασα
2829 2510 2958 2584 γὰρ,
2977 2511 3072 2566 καί
3105 2512 3217 2565 οὐκ
3245 2507 3499 2563 ἐόωκατέ
3509 2523 3594 2576 μοι
3616 2519 3696 2573 ρας

2183 2611 2330 2680 τεῒν.
2392 2607 2709 2677 Ἐδίψησα,
2759 2606 2857 2666 καὶ
2903 2606 3015 2659 οὐκ
3063 2600 3387 2657 ἐποτίσατέ
3417 2617 3508 2670 με.
3558 2598 3694 2662 Eme

2184 2704 2366 2775 ἤμην,
2411 2703 2510 2757 καὶ
2549 2704 2620 2757 οὐ
2649 2696 3018 2770 συνηγάγετὲ
3066 2712 3173 2766 με·
3246 2692 3507 2764 γυμνὸς,
3541 2689 3619 2743 καί
3644 2689 3693 2741 οὐ

2183 2793 2557 2867 περιεϐάλετέ
2571 2811 2648 2864 με
2672 2789 2805 2864 (21).
2840 2789 3195 2856 Ἠσθένησα,
3227 2786 3332 2840 καὶ
3358 2786 3468 2839 οὐκ
3506 2778 3692 2837 ἐπεσκέ-

2183 2885 2382 2958 ψασθέ
2420 2903 2516 2956 με.
2573 2886 2671 2938 Ἐν
2700 2880 2944 2954 φυλακῇ
3004 2879 3166 2950 ἥμην
3189 2918 3205 2943 ,
3253 2876 3356 2931 καί
3397 2876 3501 2929 οὐκ
3535 2871 3695 2941 ἤλθετε

2176 2979 2324 3050 πρὸς
2347 2978 2444 3047 μέ.
2474 2977 2585 3041 Τάς
2621 2975 2791 3039 ἀκοὰς
2837 2972 2992 3045 ὑμῶν
3014 2972 3242 3043 ἐποίησα
3290 2968 3428 3041 πρὸς
3450 2966 3506 3020 τδ
3531 2963 3694 3018 ἀκούειν

2180 3075 2329 3146 ὑμᾶς
2350 3072 2456 3126 τῶν
2487 3070 2743 3144 ΓραφιῖΝ,
2770 3068 2928 3140 ὑμεῖς
2947 3066 3003 3121 δὲ
3029 3066 3234 3128 ταύτας
3267 3060 3607 3136 ηὑτρεπίσατε
3640 3058 3694 3117 ei;

514 3157 717 3224 creavi,
748 3165 808 3212 ut
855 3156 1233 3227 perspiceretis
1273 3159 1455 3213 lumen
1501 3169 1895 3231 praeceptorum
1927 3177 2077 3217 meo-

2179 3164 2397 3237 ᾄσματα
2414 3160 2703 3235 δαιμονικὰ
2728 3159 2862 3232 (22),
2894 3158 2989 3214 καὶ
3004 3156 3255 3229 κιθάρας,
3284 3155 3380 3208 καὶ
3400 3148 3691 3222 γελοῖα.Τώς

515 3265 659 3317 rum,
682 3265 856 3320 eaque
875 3250 1338 3320 exsequeremini;
1361 3262 1415 3306 at
1439 3267 1534 3307 vos
1568 3253 1875 3309 accersistis
1897 3263 2083 3324 stupra

514 3349 569 3396 et
601 3341 990 3411 impudicitias,
1020 3350 1075 3397 et
1105 3342 1173 3396 ad
1199 3341 1462 3412 reliquam
1508 3343 1910 3399 immunditiam
1938 3345 2083 3414 ipsos

516 3433 829 3503 aperuistis.
874 3430 948 3488 Os
978 3442 1216 3489 vestrum
1262 3434 1544 3504 composui
1572 3434 1640 3489 ad
1672 3435 2085 3505 gloriﬁcandum

515 3532 570 3579 et
591 3524 919 3580 laudandum
958 3523 1151 3590 Deum,
1187 3535 1241 3580 et
1269 3526 1509 3596 psalmos
1546 3527 1935 3599 cautionesque
1968 3527 2084 3598 spi-

516 3615 703 3671 ritales
754 3616 1187 3686 pronuntiandas
1243 3618 1310 3684 ιο,
1365 3617 1724 3689 lectionisque
1768 3619 2083 3674 continuam

517 3707 957 3776 meditationem;
986 3717 1044 3764 at
1068 3724 1164 3766 vos
1190 3710 1417 3781 aptastis
1447 3711 1579 3766 illud
1604 3709 1673 3765 ad
1700 3711 1963 3778 convitia,
1985 3711 2082 3766 de-

512 3798 809 3869 jerationes
838 3808 893 3854 et
914 3798 1307 3869 blaspliemias,
1334 3800 1464 3854 dum
1492 3799 1742 3855 sedentes
1767 3798 2084 3854 obtrectatis

519 3890 783 3960 proximis
811 3890 1029 3947 vestris.
1063 3889 1255 3947 Manus
1286 3900 1494 3948 vestras
1536 3889 1661 3956 feci,
1699 3899 1763 3945 ut
1800 3888 1868 3944 ad
1897 3904 2084 3958 preces

516 3990 571 4035 et
615 3981 1019 4037 obsecrationes
1063 3982 1427 4037 extenderctis
1452 3996 1578 4048 eas;
1611 3990 1669 4035 at
1702 3995 1801 4036 vos
1827 3981 1896 4034 ad
1939 3980 2084 4048 rapi-

518 4088 640 4140 nas,
675 4075 848 4130 caades
882 4082 936 4129 et
965 4084 1182 4129 mutuas
1205 4074 1509 4129 occisiones
1534 4072 1891 4142 expandistis.
1915 4070 2083 4127 Pedes

520 4174 729 4222 vestros
777 4166 1022 4221 ordinavi
1073 4175 1133 4220 ut
1182 4165 1535 4221 ambularetis
1581 4165 1638 4219 in
1691 4164 2084 4236 praeparatione

519 4255 791 4329 Evangelii
820 4257 969 4328 pacis
995 4258 1059 4324 “,
1084 4267 1196 4313 tum
1224 4258 1276 4312 in
1312 4257 1579 4321 ecclesiis,
1615 4264 1729 4311 tum
1755 4258 1808 4311 in
1829 4256 2084 4312 domibus

518 4359 831 4405 sanctorum
860 4364 1138 4416 meorum;
1192 4359 1247 4405 at
1295 4364 1393 4405 vos
1445 4349 1709 4405 docuistis
1759 4365 1977 4405 currere
2015 4348 2084 4404 ad

518 4440 801 4507 adulteria,
826 4450 1033 4512 stupra,
1056 4441 1384 4512 spectacula,
1410 4441 1745 4505 saltationes,
1773 4441 1827 4494 in
1852 4439 2083 4496 sublime

515 4531 866 4602 iactationes.

2182 3254 2490 3326 ὀφθαλμοὺς
2521 3253 2674 3325 ὑμῶν
2712 3252 2941 3322 ἐποίησα
2985 3248 3121 3321 πρὸς
3159 3246 3220 3301 τὸ
3274 3245 3507 3318 καθορᾷν
3536 3242 3588 3296 τὸ
3614 3240 3692 3309 cf»;

2183 3346 2291 3400 τῶν
2320 3345 2548 3400 ἐντολῶν
2578 3361 2701 3416 μου,
2728 3343 2823 3397 καὶ
2854 3341 3089 3396 ἐκτελεῖν
3117 3338 3291 3403 αύτάς
3323 3336 3456 3409 (25),
3496 3336 3625 3406 ὑμεῖς
3652 3330 3691 3384 δὲ

2184 3437 2540 3511 προσκαλεῖτε
2568 3435 2842 3507 πορνείας,
2879 3435 2973 3489 καὶ
3012 3432 3320 3500 ἀσελγείας,
3360 3428 3453 3484 καὶ
3486 3430 3545 3499 τῇ
3576 3424 3690 3493 λοιπῇ

2184 3524 2499 3597 ἀκαθαρσίᾳ
2547 3523 2742 3587 αὑτοὺς
2776 3519 3095 3593 διηνοίξατε.
3143 3520 3216 3572 Τὸ
3244 3520 3422 3590 στόμα
3458 3511 3689 3587 ὑμῶνβῆ

2186 3616 2322 3688 πρὸς
2352 3614 2659 3683 δοξολογίαν
2678 3653 2693 3678 ,
2732 3615 2826 3667 καὶ
2855 3608 3024 3678 αἶνον,
3059 3611 3153 3666 καὶ
3170 3611 3448 3683 ψαλμοὺς,
3480 3607 3562 3661 καὶ
3591 3604 3693 3675 ᾠδὰς

2184 3707 2557 3779 πνευματικὰς
2582 3706 2887 3779 ηὑτρέπισα
2916 3706 3089 3761 λαλεῖν
3120 3706 3215 3760 καὶ
3244 3703 3472 3776 μελετᾷν
3495 3698 3572 3754 διὰ
3593 3713 3689 3750 παν·

2182 3800 2274 3864 τὸς
2305 3798 2403 3871 τὴν
2434 3798 2759 3869 ἀνάγνωσιν,
2789 3798 2945 3869 ὑμεῖς
2972 3798 3029 3852 δὲ
3060 3798 3196 3870 πρὸς
3226 3795 3517 3868 λοιδορίας,
3542 3790 3693 3861 xuii?-

2184 3907 2313 3953 κους
2347 3890 2443 3944 καὶ
2477 3888 2823 3961 βλασφημίας
2843 3889 2973 3944 αὑτὸ
3000 3888 3339 3961 ήτοιμάσατε
3376 3886 3483 3959 (25)
3506 3924 3520 3949 ,
3565 3880 3691 3949 καθή·
3755 3934 3765 3948 ,

2188 3999 2335 4053 μενοι
2361 3980 2785 4045 καταλαλοῦντες
2809 3982 2936 4046 τοὺς
2956 3980 3213 4052 πλησίους
3237 3979 3415 4051 ὑμῶν.
3437 3977 3538 4040 Τὰς
3555 3976 3691 4047 χεῖρας

2185 4071 2336 4143 ὑμῶν
2366 4070 2499 4145 πρὸς
2525 4072 2831 4144 προσευχάς
2853 4072 2947 4126 κα)⁵
2976 4072 3189 4142 δεήσεις
3223 4070 3454 4141 ἐποίησα
3475 4108 3489 4133 ,
3518 4064 3597 4119 τοῦ
3628 4065 3692 4115 ὲκ-

2185 4164 2416 4221 πετάσαι
2447 4164 2578 4236 (26)·
2612 4165 2766 4237 ὑμεῖς
2788 4164 2844 4217 δὲ
2866 4164 3001 4236 πρὸς
3029 4164 3387 4236 ἁρπάγματα,
3414 4163 3502 4216 καὶ
3530 4159 3689 4229 φόνους,

2184 4255 2278 4308 καὶ
2323 4254 2709 4326 ἀλληλοιςονίας
2755 4252 3073 4322 ἐξετείνατε.
3139 4254 3276 4318 Τοὺς
3308 4253 3471 4315 πόδας
3498 4248 3625 4322 ὑμῶν
3652 4248 3691 4298 ἐν

2186 4346 2469 4419 ἑτοιμασίᾳ
2495 4345 2587 4400 τοῦ
2616 4346 2943 4416 Εὑαγγελίου
2965 4346 3062 4418 τῆς
3091 4346 3332 4418 εἰρήνης,
3362 4344 3453 4399 καὶ
3479 4344 3530 4397 ἐν
3548 4338 3691 4406 ὲκκλη-
3790 4416 3791 4419 η

2188 4438 2347 4503 σίαις,
2379 4438 2473 4493 καὶ
2498 4442 2610 4501 τοῖς
2636 4438 2803 4502 οἴκοις
2828 4438 2937 4493 τῶν
2967 4438 3133 4507 ἁγίων
3157 4456 3256 4510 μου
3285 4439 3396 4510 (27)
3429 4433 3691 4502 διεταξάμην

2117 4521 2159 4575 Ι)
2186 4529 2419 4586 ὁδεύειν
2452 4531 2608 4602 ὑμεῖς
2638 4531 2694 4584 δὲ
2721 4532 2801 4595 είς
2831 4530 3073 4603 μοιχείας
3105 4531 3198 4585 καὶ
3229 4533 3310 4595 είς
3340 4530 3605 4602 πορνείας,
3626 4522 3689 4576 καὶ

2189 4620 2411 4693 θέατρα,
2440 4623 2536 4677 καὶ
2565 4622 2815 4695 ὀρχήσεις
2865 4623 2957 4676 καὶ
2998 4625 3430 4695 μετεωρισμοὺς,
3477 4617 3688 4683 ἐδιδάξατε

2187 4714 2400 4786 τρέχειν
2434 4714 2567 4788 (28).

589 4826 610 4857 ⁷
649 4826 835 4882 Matth.
868 4842 993 4895 xxv,
1038 4826 1127 4882 41.
1201 4830 1223 4861 ⁸
1247 4826 1348 4883 Jon
1395 4846 1452 4895 χ,
1490 4829 1576 4884 18.
1655 4830 1676 4861 ⁹
1710 4827 1854 4885 Psal.
1893 4846 2070 4884 uxvu

2179 4832 2241 4887 θ.
2321 4832 2363 4864 ¹⁰
2405 4831 2605 4903 Ephes.
2644 4848 2700 4898 v,
2730 4831 2816 4886 i9.
2894 4832 2934 4863 υ
2963 4830 3257 4902 Ephes.vr,
3289 4832 3378 4887 15.

586 4947 696 5033 (i7)
736 4949 793 5002 in
913 4952 1158 5033 sequitur
1204 4967 1218 5004 :
1262 4950 1508 5033 3&3
1554 4952 1815 5033 διἠὑμᾶς
1863 4951 1925 5033 τό
1971 4950 2082 5033 acii}:

514 5016 786 5091 ῄτοίμασα
822 5019 855 5091 ἢ
903 5016 1005 5091 τῂν
1024 5020 1240 5091 κρίσιν,
1272 5016 1510 5091 ἀλλάτῷ
1550 5016 1778 5091 διαϐόλῳ
1832 5022 1925 5075 καὶ
1973 5016 2084 5084 τοῖς

514 5039 633 5085 ητοι
682 5039 786 5071 ασα
903 5039 999 5090 την
1039 5039 1074 5072 κ
1115 5039 1240 5084 ισιν,
1272 5039 1406 5074 αΑΑα
1433 5039 1510 5091 τῳ
1550 5039 1778 5093 οιαοολῳ
1832 5039 1925 5075 και
1973 5039 2083 5084 τοις

513 5039 765 5174 ἀγγέλοις
796 5039 1207 5174 ξὲτοῢλςῖξμεῖς
1238 5091 1294 5144 δὲ
1329 5092 1540 5174 ἑαυτοῖς
1567 5092 1957 5164 προεξενήσατε
1985 5092 2083 5162 τὴν

516 5158 757 5229 κόλασιν.
800 5158 944 5229 Ἐγὼ
971 5158 1027 5212 δὲ
1056 5158 1285 5224 ἔπλασα,
1317 5170 1422 5217 etc.

587 5228 698 5303 (i8)
728 5230 786 5282 In
800 5228 878 5303 AB.
902 5230 1082 5303 statim
1105 5231 1352 5301 sequitur
1380 5250 1393 5285 :
1433 5232 1788 5303 Ἀποχωρεῖτε
1811 5232 1905 5287 an?
1924 5230 2079 5302 ἐμοῦ,

514 5298 741 5370 ἐργάται
765 5298 866 5370 τῆς
891 5299 1137 5370 ἀνομίας.

611 5370 698 5440 19)
734 5367 844 5440 AL,
873 5367 1129 5440 ἐπόνησα.

730 5442 787 5513 I_n
816 5439 900 5513 ΒΔ,
930 5438 1087 5513 ἄλλου
1120 5440 1307 5513 κυρίου
1326 5441 1605 5513 γεγόνατε.

588 5508 699 5582 (21)
744 5509 804 5564 In
841 5508 904 5564 B.
952 5508 1214 5566 omissum
1254 5508 1457 5585 γυμνὸς
1498 5512 1593 5565 καὶ
1632 5512 1693 5565 οὑ
1734 5510 2086 5583 περιεϐάλετὲ

561 5596 586 5630 ε

520 5596 699 5722 μΙεᾰὲ)
733 5648 909 5722 _Supra
938 5665 1073 5722 cap:
1103 5650 1153 5705 7.

589 5719 698 5787 (23)
732 5719 940 5777 Desunt
964 5719 1023 5776 in
1046 5720 1105 5775 Β.
1152 5722 1311 5775 verba
1347 5739 1360 5776 ε
1402 5721 1510 5775 Καὶ
1535 5720 1776 5776 ἐκτελεῖν
1807 5722 1996 5787 αὑτάς,
2028 5731 2083 5776 at

519 5790 761 5860 sequitur
798 5806 812 5843 :
854 5792 1041 5863 Ὑμεῖς
1062 5790 1118 5845 δὲ
1152 5792 1286 5865 πρὸς
1330 5792 1500 5864 κάλλη
1540 5792 1632 5847 καὶ
1668 5792 1953 5863 ἀσελγείας
1990 5793 2088 5847 καὶ

2187 4951 2523 5024 ἀκαθαρσίας
2553 4951 2747 5024 αὐτοὺς
2777 4949 3091 5024 διηνοίξατε.

2258 5012 2381 5095 (24)
2419 5012 2861 5095 ΪΕιττοίτισαμσττρὸς¹
2881 5012 3185 5090 δοξολογίας
3226 5019 3320 5074 καὶ
3352 5014 3491 5073 αἶνον
3514 5012 3592 5069 καὶ
3626 5023 3691 5081 με·

2185 5091 2485 5164 λέτηντῷν
2516 5091 2767 5164 Γραφῶν.
3007 5160 3058 5164 μ
3512 5157 3524 5164 _
3563 5153 3577 5164 ,
3623 5147 3644 5162 ,

2257 5112 2276 5147 τ
2316 5112 2345 5146 ν
2376 5112 2485 5146 των
2518 5112 2542 5145 ι
2564 5112 2767 5164 ραφων.
3623 5147 3644 5162 .

2257 5112 2371 5246 (35)
2405 5163 2536 5246 Quae
2562 5170 2883 5232 sequuntur,
2927 5160 3225 5232 καθήμενοι
3262 5174 3432 5231 usque
3467 5157 3526 5213 ad
3556 5153 3690 5224 ΰμυνι

2185 5232 2378 5289 desunt
2413 5235 2469 5288 in
2493 5232 2554 5287 Β.

2259 5302 2369 5373 (26)
2407 5302 2540 5357 Ibid.
2586 5302 2782 5373 desunt
2822 5300 2985 5373 verba
3018 5300 3111 5354 τοῦ
3159 5300 3468 5373 ἐκπετάσαι.
3501 5296 3684 5373 Ει-ιηῆι

2187 5358 2453 5440 setiuit'ur,
2486 5373 2642 5444 ὑμεῖς
2686 5372 2743 5425 δὲ
2777 5373 2857 5436 είς
2894 5368 3181 5442 κλέμματα
3201 5371 3296 5425 καὶ
3326 5371 3504 5442 φόνους
3535 5358 3684 5429 ἐξετεί-

2186 5459 2372 5583 ναῖξθ)
2409 5512 2616 5568 Desunt
2639 5511 2693 5566 in
2716 5509 2776 5564 Β.
2807 5511 2970 5567 verba
2999 5510 3093 5565 καὶ
3125 5513 3235 5575 τοῖς
3253 5508 3416 5573 οἴκοις
3439 5506 3532 5562 τῶν
3557 5500 3683 5569 ἁγίων

2190 5599 2366 5726 μοῖέὸ)
2398 5652 2479 5711 Ib.
2507 5651 2883 5713 desiderantur
2924 5652 3085 5709 verba
3138 5669 3157 5706 ι
3196 5650 3307 5706 Καὶ
3345 5666 3456 5723 μετ.
3595 5634 3679 5710 τρέι

2184 5741 2323 5797 χειν.
