  <div class='ocr_page' id='page_1' title='image "/cluster/home/n/w/nwhite01/storage/ocr_20150623/10/hvd.32044073501348/488.png"; bbox 0 0 3882 6332; ppageno 0'>
   <div class='ocr_carea' id='block_1_1' title="bbox 235 405 329 462">
    <p class='ocr_par' dir='ltr' id='par_1_1' title="bbox 235 405 329 462">
     <span class='ocr_line' id='line_1_1' title="bbox 235 405 329 462; baseline 0.021 -2"><span class='ocrx_word' id='word_1_1' title='bbox 235 405 329 462; x_wconf 62' lang='grc'><strong>989</strong></span> 
     </span>
    </p>
   </div>
   <div class='ocr_carea' id='block_1_2' title="bbox 1128 407 2548 469">
    <p class='ocr_par' dir='ltr' id='par_1_2' title="bbox 1128 407 2548 469">
     <span class='ocr_line' id='line_1_2' title="bbox 1128 407 2548 469; baseline 0.004 -5"><span class='ocrx_word' id='word_1_2' title='bbox 1128 407 1399 466; x_wconf 80' lang='lat' dir='ltr'><strong>SPURIA.</strong></span> <span class='ocrx_word' id='word_1_3' title='bbox 1441 437 1513 450; x_wconf 92' lang='lat'><strong><em>—</em></strong></span> <span class='ocrx_word' id='word_1_4' title='bbox 1550 408 1637 463; x_wconf 84' lang='lat' dir='ltr'><strong>DE</strong></span> <span class='ocrx_word' id='word_1_5' title='bbox 1677 408 2273 467; x_wconf 83' lang='lat' dir='ltr'><strong>CONSUMMATIONE</strong></span> <span class='ocrx_word' id='word_1_6' title='bbox 2311 410 2548 469; x_wconf 80' lang='lat' dir='ltr'><strong>MUNDI.</strong></span> 
     </span>
    </p>
   </div>
   <div class='ocr_carea' id='block_1_3' title="bbox 3359 411 3462 468">
    <p class='ocr_par' dir='ltr' id='par_1_3' title="bbox 3359 411 3462 468">
     <span class='ocr_line' id='line_1_3' title="bbox 3359 411 3462 468; baseline 0 0"><span class='ocrx_word' id='word_1_7' title='bbox 3359 411 3462 468; x_wconf 76' lang='lat'><strong>950</strong></span> 
     </span>
    </p>
   </div>
   <div class='ocr_carea' id='block_1_4' title="bbox 296 524 1768 606">
    <p class='ocr_par' dir='ltr' id='par_1_4' title="bbox 296 524 1768 602">
     <span class='ocr_line' id='line_1_4' title="bbox 296 524 1768 602; baseline 0.003 -23"><span class='ocrx_word' id='word_1_8' title='bbox 296 524 496 580; x_wconf 77' lang='lat' dir='ltr'><strong>XLVII.</strong></span> <span class='ocrx_word' id='word_1_9' title='bbox 553 525 741 597; x_wconf 85' lang='grc' dir='ltr'>Ἐλύθη</span> <span class='ocrx_word' id='word_1_10' title='bbox 776 526 958 581; x_wconf 77' lang='grc' dir='ltr'>λοιπὸν</span> <span class='ocrx_word' id='word_1_11' title='bbox 1006 531 1038 600; x_wconf 81' lang='grc' dir='ltr'><strong>ὴ</strong></span> <span class='ocrx_word' id='word_1_12' title='bbox 1085 530 1410 602; x_wconf 78' lang='grc' dir='ltr'>πανήγυρις,</span> <span class='ocrx_word' id='word_1_13' title='bbox 1437 529 1646 600; x_wconf 78' lang='grc' dir='ltr'><strong>ἐπαύθη</strong></span> <span class='ocrx_word' id='word_1_14' title='bbox 1689 529 1768 584; x_wconf 78' lang='grc' dir='ltr'><strong>τοῖ</strong></span> 
     </span>
    </p>
   </div>
   <div class='ocr_carea' id='block_1_5' title="bbox 1872 524 3465 606">
    <p class='ocr_par' dir='ltr' id='par_1_5' title="bbox 1962 530 3465 606">
     <span class='ocr_line' id='line_1_5' title="bbox 1962 530 3465 606; baseline 0.002 -21"><span class='ocrx_word' id='word_1_15' title='bbox 1962 530 2171 588; x_wconf 78' lang='lat' dir='ltr'><strong>XLVII.</strong></span> <span class='ocrx_word' id='word_1_16' title='bbox 2211 530 2329 589; x_wconf 80' lang='lat' dir='ltr'><strong>Jam</strong></span> <span class='ocrx_word' id='word_1_17' title='bbox 2354 533 2565 590; x_wconf 90' lang='lat' dir='ltr'><strong>solutus</strong></span> <span class='ocrx_word' id='word_1_18' title='bbox 2591 539 2677 589; x_wconf 85' lang='lat' dir='ltr'><strong>est</strong></span> <span class='ocrx_word' id='word_1_19' title='bbox 2712 545 3010 589; x_wconf 89' lang='lat' dir='ltr'><strong>conventus</strong></span> <span class='ocrx_word' id='word_1_20' title='bbox 3038 530 3309 606; x_wconf 75' lang='lat' dir='ltr'><strong>publicus,</strong></span> <span class='ocrx_word' id='word_1_21' title='bbox 3345 548 3465 603; x_wconf 47' lang='lat' dir='ltr'><strong>spes</strong></span> 
     </span>
    </p>
   </div>
   <div class='ocr_carea' id='block_1_6' title="bbox 235 617 1788 694">
    <p class='ocr_par' dir='ltr' id='par_1_6' title="bbox 235 617 1788 694">
     <span class='ocr_line' id='line_1_6' title="bbox 235 617 1788 694; baseline 0.003 -23"><span class='ocrx_word' id='word_1_22' title='bbox 235 617 341 690; x_wconf 84' lang='grc' dir='ltr'>βίου</span> <span class='ocrx_word' id='word_1_23' title='bbox 371 617 430 672; x_wconf 80' lang='grc' dir='ltr'><strong>τὸ</strong></span> <span class='ocrx_word' id='word_1_24' title='bbox 461 617 703 691; x_wconf 79' lang='grc' dir='ltr'>θέατρον,</span> <span class='ocrx_word' id='word_1_25' title='bbox 737 619 1064 692; x_wconf 73' lang='grc' dir='ltr'>παρῆλθενή</span> <span class='ocrx_word' id='word_1_26' title='bbox 1089 620 1265 691; x_wconf 83' lang='grc' dir='ltr'>πλάνη</span> <span class='ocrx_word' id='word_1_27' title='bbox 1289 621 1450 675; x_wconf 86' lang='grc' dir='ltr'><strong>αύτοῦ</strong></span> <span class='ocrx_word' id='word_1_28' title='bbox 1487 622 1578 675; x_wconf 71' lang='grc' dir='ltr'><strong>καὶ</strong></span> <span class='ocrx_word' id='word_1_29' title='bbox 1608 625 1640 694; x_wconf 79' lang='grc' dir='ltr'><strong>ἡ</strong></span> <span class='ocrx_word' id='word_1_30' title='bbox 1664 640 1788 692; x_wconf 75' lang='grc' dir='ltr'>φαν-</span> 
     </span>
    </p>
   </div>
   <div class='ocr_carea' id='block_1_7' title="bbox 231 703 1785 782">
    <p class='ocr_par' dir='ltr' id='par_1_7' title="bbox 231 703 1785 782">
     <span class='ocr_line' id='line_1_7' title="bbox 231 703 1785 782; baseline 0.003 -20"><span class='ocrx_word' id='word_1_31' title='bbox 231 708 412 763; x_wconf 87' lang='grc' dir='ltr'>τασία·</span> <span class='ocrx_word' id='word_1_32' title='bbox 461 707 584 778; x_wconf 74' lang='grc' dir='ltr'>ἐμοὶ</span> <span class='ocrx_word' id='word_1_33' title='bbox 630 708 1060 781; x_wconf 73' lang='grc' dir='ltr'>προσενεχθητε,</span> <span class='ocrx_word' id='word_1_34' title='bbox 1113 703 1157 777; x_wconf 83' lang='grc' dir='ltr'><strong>ᾧ</strong></span> <span class='ocrx_word' id='word_1_35' title='bbox 1211 712 1451 782; x_wconf 81' lang='grc' dir='ltr'>κάμπτει</span> <span class='ocrx_word' id='word_1_36' title='bbox 1500 713 1607 765; x_wconf 80' lang='grc' dir='ltr'>πᾶν</span> <span class='ocrx_word' id='word_1_37' title='bbox 1658 712 1785 777; x_wconf 82' lang='grc' dir='ltr'>γόνυ</span> 
     </span>
    </p>
   </div>
   <div class='ocr_carea' id='block_1_8' title="bbox 230 800 1786 875">
    <p class='ocr_par' dir='ltr' id='par_1_8' title="bbox 230 800 1786 875">
     <span class='ocr_line' id='line_1_8' title="bbox 230 800 1786 875; baseline 0.002 -19"><span class='ocrx_word' id='word_1_38' title='bbox 230 800 574 873; x_wconf 73' lang='grc' dir='ltr'>ἐπουρανίων,</span> <span class='ocrx_word' id='word_1_39' title='bbox 605 801 695 856; x_wconf 72' lang='grc' dir='ltr'><strong>καὶ</strong></span> <span class='ocrx_word' id='word_1_40' title='bbox 724 803 1000 872; x_wconf 87' lang='grc' dir='ltr'>ἐπιγείων,</span> <span class='ocrx_word' id='word_1_41' title='bbox 1036 803 1127 856; x_wconf 74' lang='grc' dir='ltr'><strong>καὶ</strong></span> <span class='ocrx_word' id='word_1_42' title='bbox 1159 804 1551 875; x_wconf 71' lang='grc' dir='ltr'><strong>καταχθονίων.</strong></span> <span class='ocrx_word' id='word_1_43' title='bbox 1583 805 1786 870; x_wconf 81' lang='grc' dir='ltr'>Πάντες</span> 
     </span>
    </p>
   </div>
   <div class='ocr_carea' id='block_1_9' title="bbox 229 889 1786 965">
    <p class='ocr_par' dir='ltr' id='par_1_9' title="bbox 229 889 1786 965">
     <span class='ocr_line' id='line_1_9' title="bbox 229 889 1786 965; baseline 0.003 -22"><span class='ocrx_word' id='word_1_44' title='bbox 229 890 328 962; x_wconf 80' lang='grc' dir='ltr'>γὰρ</span> <span class='ocrx_word' id='word_1_45' title='bbox 355 892 402 944; x_wconf 85' lang='grc' dir='ltr'>οἱ</span> <span class='ocrx_word' id='word_1_46' title='bbox 437 889 804 961; x_wconf 77' lang='grc' dir='ltr'><strong>ἀμελήσαντες</strong></span> <span class='ocrx_word' id='word_1_47' title='bbox 838 890 970 963; x_wconf 75' lang='grc'><strong>(9.9),</strong></span> <span class='ocrx_word' id='word_1_48' title='bbox 997 891 1119 946; x_wconf 84' lang='grc' dir='ltr'><strong>ούδέ</strong></span> <span class='ocrx_word' id='word_1_49' title='bbox 1146 894 1581 965; x_wconf 81' lang='grc' dir='ltr'>οίκτειρήσαντες</span> <span class='ocrx_word' id='word_1_50' title='bbox 1615 896 1672 947; x_wconf 82' lang='grc' dir='ltr'><strong>ἐν</strong></span> <span class='ocrx_word' id='word_1_51' title='bbox 1698 897 1786 950; x_wconf 87' lang='grc' dir='ltr'>εύ-</span> 
     </span>
    </p>
   </div>
   <div class='ocr_carea' id='block_1_10' title="bbox 230 982 1785 1062">
    <p class='ocr_par' dir='ltr' id='par_1_10' title="bbox 230 982 1785 1062">
     <span class='ocr_line' id='line_1_10' title="bbox 230 982 1785 1062; baseline 0.004 -26"><span class='ocrx_word' id='word_1_52' title='bbox 230 983 417 1046; x_wconf 85' lang='grc' dir='ltr'>ποιίαις</span> <span class='ocrx_word' id='word_1_53' title='bbox 443 982 696 1047; x_wconf 76' lang='grc' dir='ltr'>ἐνταῦθα,</span> <span class='ocrx_word' id='word_1_54' title='bbox 720 984 870 1039; x_wconf 77' lang='grc' dir='ltr'>οὐδὲν</span> <span class='ocrx_word' id='word_1_55' title='bbox 901 984 1330 1057; x_wconf 81' lang='grc' dir='ltr'>χρεωστοῢνται,</span> <span class='ocrx_word' id='word_1_56' title='bbox 1369 987 1483 1041; x_wconf 81' lang='grc' dir='ltr'>ἀλλ’</span> <span class='ocrx_word' id='word_1_57' title='bbox 1511 988 1544 1059; x_wconf 82' lang='grc' dir='ltr'>ἢ</span> <span class='ocrx_word' id='word_1_58' title='bbox 1586 988 1647 1042; x_wconf 79' lang='grc' dir='ltr'>τὸ</span> <span class='ocrx_word' id='word_1_59' title='bbox 1674 988 1785 1062; x_wconf 82' lang='grc' dir='ltr'>πῦρ</span> 
     </span>
    </p>
   </div>
   <div class='ocr_carea' id='block_1_11' title="bbox 228 1074 1782 1149">
    <p class='ocr_par' dir='ltr' id='par_1_11' title="bbox 228 1074 1782 1149">
     <span class='ocr_line' id='line_1_11' title="bbox 228 1074 1782 1149; baseline 0.006 -22"><span class='ocrx_word' id='word_1_60' title='bbox 228 1076 282 1128; x_wconf 82' lang='grc' dir='ltr'><strong>τὸ</strong></span> <span class='ocrx_word' id='word_1_61' title='bbox 309 1074 581 1129; x_wconf 74' lang='grc' dir='ltr'>ἄσϐεστον.</span> <span class='ocrx_word' id='word_1_62' title='bbox 607 1075 988 1148; x_wconf 79' lang='grc' dir='ltr'>Φιλάνθρωπος</span> <span class='ocrx_word' id='word_1_63' title='bbox 1012 1077 1117 1149; x_wconf 88' lang='grc' dir='ltr'><strong>γάρ</strong></span> <span class='ocrx_word' id='word_1_64' title='bbox 1148 1079 1282 1148; x_wconf 86' lang='grc' dir='ltr'>είμι,</span> <span class='ocrx_word' id='word_1_65' title='bbox 1306 1078 1440 1132; x_wconf 74' lang='grc' dir='ltr'><strong>ἀλλά</strong></span> <span class='ocrx_word' id='word_1_66' title='bbox 1467 1081 1559 1133; x_wconf 72' lang='grc' dir='ltr'>καὶ</span> <span class='ocrx_word' id='word_1_67' title='bbox 1580 1080 1782 1136; x_wconf 87' lang='grc' dir='ltr'>δικαιο-</span> 
     </span>
    </p>
   </div>
   <div class='ocr_carea' id='block_1_12' title="bbox 228 1165 1785 1245">
    <p class='ocr_par' dir='ltr' id='par_1_12' title="bbox 228 1165 1785 1245">
     <span class='ocr_line' id='line_1_12' title="bbox 228 1165 1785 1245; baseline 0.006 -28"><span class='ocrx_word' id='word_1_68' title='bbox 228 1165 404 1237; x_wconf 77' lang='grc' dir='ltr'>κρίτης</span> <span class='ocrx_word' id='word_1_69' title='bbox 433 1168 586 1219; x_wconf 76' lang='grc' dir='ltr'>πᾶσι.</span> <span class='ocrx_word' id='word_1_70' title='bbox 613 1167 723 1230; x_wconf 86' lang='grc' dir='ltr'>Τὰς</span> <span class='ocrx_word' id='word_1_71' title='bbox 749 1166 857 1238; x_wconf 84' lang='grc' dir='ltr'>γὰρ</span> <span class='ocrx_word' id='word_1_72' title='bbox 885 1168 1005 1221; x_wconf 80' lang='grc' dir='ltr'>κατ’</span> <span class='ocrx_word' id='word_1_73' title='bbox 1035 1168 1190 1233; x_wconf 83' lang='grc' dir='ltr'>ἀξίαν</span> <span class='ocrx_word' id='word_1_74' title='bbox 1219 1168 1482 1224; x_wconf 80' lang='grc' dir='ltr'>ἀποδώσω</span> <span class='ocrx_word' id='word_1_75' title='bbox 1515 1171 1613 1236; x_wconf 81' lang='grc' dir='ltr'>τὰς</span> <span class='ocrx_word' id='word_1_76' title='bbox 1635 1174 1785 1245; x_wconf 89' lang='grc' dir='ltr'>ἀμοι-</span> 
     </span>
    </p>
   </div>
   <div class='ocr_carea' id='block_1_13' title="bbox 227 1256 1784 1338">
    <p class='ocr_par' dir='ltr' id='par_1_13' title="bbox 227 1256 1784 1338">
     <span class='ocr_line' id='line_1_13' title="bbox 227 1256 1784 1338; baseline 0.006 -30"><span class='ocrx_word' id='word_1_77' title='bbox 227 1256 317 1320; x_wconf 82' lang='grc' dir='ltr'>6άς</span> <span class='ocrx_word' id='word_1_78' title='bbox 343 1257 449 1328; x_wconf 81' lang='grc'><strong>(50)</strong></span> <span class='ocrx_word' id='word_1_79' title='bbox 472 1274 487 1287; x_wconf 73' lang='grc' dir='ltr'><strong>ο</strong></span> <span class='ocrx_word' id='word_1_80' title='bbox 521 1260 656 1311; x_wconf 75' lang='grc' dir='ltr'>πᾶσι</span> <span class='ocrx_word' id='word_1_81' title='bbox 681 1258 780 1323; x_wconf 73' lang='grc' dir='ltr'><strong>τὰς</strong></span> <span class='ocrx_word' id='word_1_82' title='bbox 809 1259 951 1313; x_wconf 83' lang='grc' dir='ltr'>κατὰ</span> <span class='ocrx_word' id='word_1_83' title='bbox 982 1260 1073 1313; x_wconf 74' lang='grc' dir='ltr'>τὸν</span> <span class='ocrx_word' id='word_1_84' title='bbox 1102 1260 1332 1314; x_wconf 80' lang='grc' dir='ltr'>ἑκάστου</span> <span class='ocrx_word' id='word_1_85' title='bbox 1361 1262 1605 1334; x_wconf 88' lang='grc' dir='ltr'>κάματον</span> <span class='ocrx_word' id='word_1_86' title='bbox 1644 1282 1784 1338; x_wconf 66' lang='grc' dir='ltr'>παρα</span> 
     </span>
    </p>
   </div>
   <div class='ocr_carea' id='block_1_14' title="bbox 226 1346 1783 1424">
    <p class='ocr_par' dir='ltr' id='par_1_14' title="bbox 226 1346 1783 1424">
     <span class='ocr_line' id='line_1_14' title="bbox 226 1346 1783 1424; baseline 0.007 -24"><span class='ocrx_word' id='word_1_87' title='bbox 226 1346 319 1412; x_wconf 79' lang='grc' dir='ltr'><strong>ἐξω</strong></span> <span class='ocrx_word' id='word_1_88' title='bbox 362 1348 451 1401; x_wconf 71' lang='grc' dir='ltr'>τὸν</span> <span class='ocrx_word' id='word_1_89' title='bbox 492 1350 713 1421; x_wconf 75' lang='grc' dir='ltr'>μισθόνο</span> <span class='ocrx_word' id='word_1_90' title='bbox 761 1352 894 1405; x_wconf 77' lang='grc' dir='ltr'>πᾶσι</span> <span class='ocrx_word' id='word_1_91' title='bbox 947 1353 1081 1423; x_wconf 82' lang='grc' dir='ltr'>πρὸς</span> <span class='ocrx_word' id='word_1_92' title='bbox 1115 1355 1205 1407; x_wconf 78' lang='grc' dir='ltr'><strong>τὸν</strong></span> <span class='ocrx_word' id='word_1_93' title='bbox 1258 1354 1387 1409; x_wconf 85' lang='grc' dir='ltr'>ἴδιον</span> <span class='ocrx_word' id='word_1_94' title='bbox 1416 1354 1602 1424; x_wconf 84' lang='grc' dir='ltr'>ἀγῶνα</span> <span class='ocrx_word' id='word_1_95' title='bbox 1629 1356 1783 1411; x_wconf 89' lang='grc' dir='ltr'>δώσω</span> 
     </span>
    </p>
   </div>
   <div class='ocr_carea' id='block_1_15' title="bbox 225 1439 1782 1517">
    <p class='ocr_par' dir='ltr' id='par_1_15' title="bbox 225 1439 1782 1517">
     <span class='ocr_line' id='line_1_15' title="bbox 225 1439 1782 1517; baseline 0.006 -26"><span class='ocrx_word' id='word_1_96' title='bbox 225 1439 422 1503; x_wconf 74' lang='grc' dir='ltr'>καὶτὰς</span> <span class='ocrx_word' id='word_1_97' title='bbox 450 1442 703 1511; x_wconf 65' lang='grc' dir='ltr'>ἀμοιϐάς.</span> <span class='ocrx_word' id='word_1_98' title='bbox 761 1442 1009 1516; x_wconf 81' lang='grc' dir='ltr'>Ἐλεῆσαι</span> <span class='ocrx_word' id='word_1_99' title='bbox 1040 1444 1319 1517; x_wconf 84' lang='grc' dir='ltr'>βούλομαι,</span> <span class='ocrx_word' id='word_1_100' title='bbox 1358 1447 1469 1501; x_wconf 84' lang='grc' dir='ltr'>ἀλλ’</span> <span class='ocrx_word' id='word_1_101' title='bbox 1516 1448 1691 1501; x_wconf 74' lang='grc' dir='ltr'>ἔλαιον</span> <span class='ocrx_word' id='word_1_102' title='bbox 1724 1449 1782 1501; x_wconf 85' lang='grc' dir='ltr'>ὲν</span> 
     </span>
    </p>
   </div>
   <div class='ocr_carea' id='block_1_16' title="bbox 222 1530 1777 1610">
    <p class='ocr_par' dir='ltr' id='par_1_16' title="bbox 222 1530 1777 1610">
     <span class='ocr_line' id='line_1_16' title="bbox 222 1530 1777 1610; baseline 0.006 -28"><span class='ocrx_word' id='word_1_103' title='bbox 222 1533 321 1593; x_wconf 81' lang='grc' dir='ltr'>τοῖς</span> <span class='ocrx_word' id='word_1_104' title='bbox 357 1530 602 1600; x_wconf 79' lang='grc' dir='ltr'><strong>ἀγγείοις</strong></span> <span class='ocrx_word' id='word_1_105' title='bbox 653 1533 804 1605; x_wconf 79' lang='grc' dir='ltr'>ὑμῶν</span> <span class='ocrx_word' id='word_1_106' title='bbox 841 1536 902 1588; x_wconf 92' lang='grc' dir='ltr'><strong>ού</strong></span> <span class='ocrx_word' id='word_1_107' title='bbox 942 1536 1178 1608; x_wconf 86' lang='grc' dir='ltr'>καθορῶ.</span> <span class='ocrx_word' id='word_1_108' title='bbox 1224 1538 1575 1610; x_wconf 82' lang='grc' dir='ltr'>Οίκτειρῆσαι</span> <span class='ocrx_word' id='word_1_109' title='bbox 1623 1538 1777 1602; x_wconf 80' lang='grc' dir='ltr'>θέλω,</span> 
     </span>
    </p>
   </div>
   <div class='ocr_carea' id='block_1_17' title="bbox 223 1621 1783 1702">
    <p class='ocr_par' dir='ltr' id='par_1_17' title="bbox 223 1621 1783 1702">
     <span class='ocr_line' id='line_1_17' title="bbox 223 1621 1783 1702; baseline 0.006 -27"><span class='ocrx_word' id='word_1_110' title='bbox 223 1621 324 1675; x_wconf 81' lang='grc' dir='ltr'>ἀλλ’</span> <span class='ocrx_word' id='word_1_111' title='bbox 335 1621 466 1686; x_wconf 81' lang='grc' dir='ltr'>ὅλως</span> <span class='ocrx_word' id='word_1_112' title='bbox 482 1623 611 1678; x_wconf 78' lang='grc' dir='ltr'>ἄνευ</span> <span class='ocrx_word' id='word_1_113' title='bbox 625 1626 921 1698; x_wconf 84' lang='grc' dir='ltr'>οἰκτιρμῶν</span> <span class='ocrx_word' id='word_1_114' title='bbox 934 1627 1023 1680; x_wconf 86' lang='grc' dir='ltr'><strong>τὸν</strong></span> <span class='ocrx_word' id='word_1_115' title='bbox 1040 1627 1152 1699; x_wconf 85' lang='grc' dir='ltr'>βίον</span> <span class='ocrx_word' id='word_1_116' title='bbox 1171 1628 1479 1701; x_wconf 87' lang='grc' dir='ltr'>μετήλθετε.</span> <span class='ocrx_word' id='word_1_117' title='bbox 1492 1630 1783 1702; x_wconf 84' lang='grc' dir='ltr'>Σπλαγχνι-</span> 
     </span>
    </p>
   </div>
   <div class='ocr_carea' id='block_1_18' title="bbox 224 1714 1779 1794">
    <p class='ocr_par' dir='ltr' id='par_1_18' title="bbox 224 1714 1779 1794">
     <span class='ocr_line' id='line_1_18' title="bbox 224 1714 1779 1794; baseline 0.005 -25"><span class='ocrx_word' id='word_1_118' title='bbox 224 1714 397 1787; x_wconf 77' lang='grc' dir='ltr'>σθῆναι</span> <span class='ocrx_word' id='word_1_119' title='bbox 443 1717 681 1784; x_wconf 85' lang='grc' dir='ltr'>σπεύδω,</span> <span class='ocrx_word' id='word_1_120' title='bbox 715 1719 828 1772; x_wconf 86' lang='grc' dir='ltr'>ἀλλ’</span> <span class='ocrx_word' id='word_1_121' title='bbox 872 1720 928 1773; x_wconf 86' lang='grc' dir='ltr'><strong>αί</strong></span> <span class='ocrx_word' id='word_1_122' title='bbox 976 1720 1258 1792; x_wconf 83' lang='grc' dir='ltr'><strong>λαμπάδες</strong></span> <span class='ocrx_word' id='word_1_123' title='bbox 1313 1723 1466 1794; x_wconf 86' lang='grc' dir='ltr'>ὑμῶν</span> <span class='ocrx_word' id='word_1_124' title='bbox 1513 1724 1779 1777; x_wconf 88' lang='grc' dir='ltr'>σκοτειναί</span> 
     </span>
    </p>
   </div>
   <div class='ocr_carea' id='block_1_19' title="bbox 221 1811 1773 1887">
    <p class='ocr_par' dir='ltr' id='par_1_19' title="bbox 221 1811 1773 1887">
     <span class='ocr_line' id='line_1_19' title="bbox 221 1811 1773 1887; baseline 0.006 -27"><span class='ocrx_word' id='word_1_125' title='bbox 221 1811 343 1862; x_wconf 74' lang='grc' dir='ltr'>εἰσιν</span> <span class='ocrx_word' id='word_1_126' title='bbox 368 1811 430 1863; x_wconf 90' lang='grc' dir='ltr'><strong>ἐκ</strong></span> <span class='ocrx_word' id='word_1_127' title='bbox 455 1811 556 1881; x_wconf 78' lang='grc' dir='ltr'>τῆς</span> <span class='ocrx_word' id='word_1_128' title='bbox 588 1811 961 1883; x_wconf 85' lang='grc' dir='ltr'>ἀσπλαγχνίας</span> <span class='ocrx_word' id='word_1_129' title='bbox 982 1812 1117 1887; x_wconf 78' lang='grc'><strong>(31).</strong></span> <span class='ocrx_word' id='word_1_130' title='bbox 1161 1816 1461 1871; x_wconf 76' lang='grc' dir='ltr'>Ἇπέλθετε</span> <span class='ocrx_word' id='word_1_131' title='bbox 1480 1817 1581 1872; x_wconf 81' lang='grc' dir='ltr'>ἀπ’</span> <span class='ocrx_word' id='word_1_132' title='bbox 1609 1816 1773 1887; x_wconf 86' lang='grc' dir='ltr'>ἐμοῦ.</span> 
     </span>
    </p>
   </div>
   <div class='ocr_carea' id='block_1_20' title="bbox 1889 623 3462 695">
    <p class='ocr_par' dir='ltr' id='par_1_20' title="bbox 1889 623 3462 695">
     <span class='ocr_line' id='line_1_20' title="bbox 1889 623 3462 695; baseline 0.001 -17"><span class='ocrx_word' id='word_1_133' title='bbox 1889 623 2163 683; x_wconf 86' lang='lat' dir='ltr'><strong>ctaculum</strong></span> <span class='ocrx_word' id='word_1_134' title='bbox 2195 624 2357 680; x_wconf 90' lang='lat' dir='ltr'><strong>desiit</strong></span> <span class='ocrx_word' id='word_1_135' title='bbox 2395 623 2582 679; x_wconf 88' lang='lat' dir='ltr'><strong>mundi</strong></span> <span class='ocrx_word' id='word_1_136' title='bbox 2615 623 2798 694; x_wconf 87' lang='lat' dir='ltr'><strong>hujus,</strong></span> <span class='ocrx_word' id='word_1_137' title='bbox 2839 623 3095 693; x_wconf 67' lang='lat' dir='ltr'><strong>praeteriit</strong></span> <span class='ocrx_word' id='word_1_138' title='bbox 3127 624 3370 695; x_wconf 88' lang='lat' dir='ltr'><strong>deceptio</strong></span> <span class='ocrx_word' id='word_1_139' title='bbox 3394 640 3462 679; x_wconf 76' lang='lat' dir='ltr'><strong>se</strong></span> 
     </span>
    </p>
   </div>
   <div class='ocr_carea' id='block_1_21' title="bbox 1888 711 3461 781">
    <p class='ocr_par' dir='ltr' id='par_1_21' title="bbox 1888 711 3461 781">
     <span class='ocr_line' id='line_1_21' title="bbox 1888 711 3461 781; baseline 0 -14"><span class='ocrx_word' id='word_1_140' title='bbox 1888 715 2097 781; x_wconf 85' lang='lat' dir='ltr'><strong>species</strong></span> <span class='ocrx_word' id='word_1_141' title='bbox 2153 712 2329 776; x_wconf 86' lang='lat' dir='ltr'><strong>illius;</strong></span> <span class='ocrx_word' id='word_1_142' title='bbox 2388 712 2520 765; x_wconf 86' lang='lat' dir='ltr'><strong>mihi</strong></span> <span class='ocrx_word' id='word_1_143' title='bbox 2570 711 2921 767; x_wconf 69' lang='lat' dir='ltr'><strong>adhaerescite</strong></span> <span class='ocrx_word' id='word_1_144' title='bbox 2965 714 3029 775; x_wconf 68' lang='grc' dir='ltr'>η,</span> <span class='ocrx_word' id='word_1_145' title='bbox 3085 713 3173 767; x_wconf 89' lang='lat' dir='ltr'><strong>cui</strong></span> <span class='ocrx_word' id='word_1_146' title='bbox 3224 712 3461 768; x_wconf 81' lang='lat' dir='ltr'><strong>ﬂectitur</strong></span> 
     </span>
    </p>
   </div>
   <div class='ocr_carea' id='block_1_22' title="bbox 1886 802 3457 873">
    <p class='ocr_par' dir='ltr' id='par_1_22' title="bbox 1886 802 3457 873">
     <span class='ocr_line' id='line_1_22' title="bbox 1886 802 3457 873; baseline 0.003 -17"><span class='ocrx_word' id='word_1_147' title='bbox 1886 817 2047 858; x_wconf 90' lang='lat' dir='ltr'><strong>omne</strong></span> <span class='ocrx_word' id='word_1_148' title='bbox 2077 818 2219 873; x_wconf 85' lang='lat' dir='ltr'><strong>genu</strong></span> <span class='ocrx_word' id='word_1_149' title='bbox 2254 803 2580 865; x_wconf 73' lang='lat' dir='ltr'><strong>caelestium,</strong></span> <span class='ocrx_word' id='word_1_150' title='bbox 2614 802 2956 858; x_wconf 78' lang='lat' dir='ltr'><strong>terrestrium</strong></span> <span class='ocrx_word' id='word_1_151' title='bbox 2999 814 3053 858; x_wconf 89' lang='lat' dir='ltr'><strong>et</strong></span> <span class='ocrx_word' id='word_1_152' title='bbox 3096 804 3457 860; x_wconf 80' lang='lat' dir='ltr'><strong>infernorum;</strong></span> 
     </span>
    </p>
   </div>
   <div class='ocr_carea' id='block_1_23' title="bbox 1885 894 3457 965">
    <p class='ocr_par' dir='ltr' id='par_1_23' title="bbox 1885 894 3457 965">
     <span class='ocr_line' id='line_1_23' title="bbox 1885 894 3457 965; baseline 0.001 -16"><span class='ocrx_word' id='word_1_153' title='bbox 1885 894 2088 951; x_wconf 88' lang='lat' dir='ltr'><strong>Omnes</strong></span> <span class='ocrx_word' id='word_1_154' title='bbox 2130 895 2275 951; x_wconf 91' lang='lat' dir='ltr'><strong>enim</strong></span> <span class='ocrx_word' id='word_1_155' title='bbox 2329 895 2422 965; x_wconf 92' lang='lat' dir='ltr'><strong>qui</strong></span> <span class='ocrx_word' id='word_1_156' title='bbox 2465 895 2828 965; x_wconf 79' lang='lat' dir='ltr'><strong>neglexerint,</strong></span> <span class='ocrx_word' id='word_1_157' title='bbox 2875 910 2977 949; x_wconf 89' lang='lat' dir='ltr'><strong>nec</strong></span> <span class='ocrx_word' id='word_1_158' title='bbox 3025 896 3457 951; x_wconf 86' lang='lat' dir='ltr'><strong>misericordiam</strong></span> 
     </span>
    </p>
   </div>
   <div class='ocr_carea' id='block_1_24' title="bbox 1883 986 3457 1055">
    <p class='ocr_par' dir='ltr' id='par_1_24' title="bbox 1883 986 3457 1055">
     <span class='ocr_line' id='line_1_24' title="bbox 1883 986 3457 1055; baseline -0.001 -12"><span class='ocrx_word' id='word_1_159' title='bbox 1883 989 2227 1043; x_wconf 76' lang='lat' dir='ltr'><strong>exercuerim</strong></span> <span class='ocrx_word' id='word_1_160' title='bbox 2278 987 2369 1042; x_wconf 88' lang='lat' dir='ltr'><strong>hic</strong></span> <span class='ocrx_word' id='word_1_161' title='bbox 2418 988 2553 1041; x_wconf 89' lang='lat' dir='ltr'><strong>bene</strong></span> <span class='ocrx_word' id='word_1_162' title='bbox 2594 987 2874 1050; x_wconf 89' lang='lat' dir='ltr'><strong>merendo,</strong></span> <span class='ocrx_word' id='word_1_163' title='bbox 2919 986 3063 1041; x_wconf 84' lang='lat' dir='ltr'><strong>nihii</strong></span> <span class='ocrx_word' id='word_1_164' title='bbox 3096 987 3176 1042; x_wconf 90' lang='lat' dir='ltr'><strong>eis</strong></span> <span class='ocrx_word' id='word_1_165' title='bbox 3203 986 3457 1055; x_wconf 85' lang='lat' dir='ltr'><strong>debetur,</strong></span> 
     </span>
    </p>
   </div>
   <div class='ocr_carea' id='block_1_25' title="bbox 1886 1074 3453 1147">
    <p class='ocr_par' dir='ltr' id='par_1_25' title="bbox 1886 1074 3453 1147">
     <span class='ocr_line' id='line_1_25' title="bbox 1886 1074 3453 1147; baseline 0 -16"><span class='ocrx_word' id='word_1_166' title='bbox 1886 1077 1991 1133; x_wconf 87' lang='lat' dir='ltr'><strong>nisi</strong></span> <span class='ocrx_word' id='word_1_167' title='bbox 2041 1077 2183 1147; x_wconf 74' lang='lat' dir='ltr'><strong>ignis</strong></span> <span class='ocrx_word' id='word_1_168' title='bbox 2237 1077 2328 1144; x_wconf 89' lang='lat' dir='ltr'><strong>qui</strong></span> <span class='ocrx_word' id='word_1_169' title='bbox 2383 1091 2490 1129; x_wconf 92' lang='lat' dir='ltr'><strong>non</strong></span> <span class='ocrx_word' id='word_1_170' title='bbox 2544 1074 2926 1147; x_wconf 80' lang='lat' dir='ltr'><strong>exstinguitur.</strong></span> <span class='ocrx_word' id='word_1_171' title='bbox 2973 1075 3254 1132; x_wconf 82' lang='lat' dir='ltr'><strong>Iiumanus</strong></span> <span class='ocrx_word' id='word_1_172' title='bbox 3308 1078 3453 1131; x_wconf 85' lang='lat' dir='ltr'><strong>enim</strong></span> 
     </span>
    </p>
   </div>
   <div class='ocr_carea' id='block_1_26' title="bbox 1885 1165 3458 1241">
    <p class='ocr_par' dir='ltr' id='par_1_26' title="bbox 1885 1165 3458 1241">
     <span class='ocr_line' id='line_1_26' title="bbox 1885 1165 3458 1241; baseline 0 -19"><span class='ocrx_word' id='word_1_173' title='bbox 1885 1183 2026 1233; x_wconf 88' lang='lat' dir='ltr'><strong>sum,</strong></span> <span class='ocrx_word' id='word_1_174' title='bbox 2053 1175 2108 1221; x_wconf 91' lang='lat' dir='ltr'><strong>at</strong></span> <span class='ocrx_word' id='word_1_175' title='bbox 2131 1166 2312 1237; x_wconf 83' lang='lat' dir='ltr'><strong>justus</strong></span> <span class='ocrx_word' id='word_1_176' title='bbox 2339 1181 2555 1236; x_wconf 90' lang='lat' dir='ltr'><strong>quoque</strong></span> <span class='ocrx_word' id='word_1_177' title='bbox 2578 1166 2763 1236; x_wconf 84' lang='lat' dir='ltr'><strong>judex.</strong></span> <span class='ocrx_word' id='word_1_178' title='bbox 2788 1165 2922 1221; x_wconf 89' lang='lat' dir='ltr'><strong>Nam</strong></span> <span class='ocrx_word' id='word_1_179' title='bbox 2948 1183 3138 1223; x_wconf 85' lang='lat' dir='ltr'><strong>omnes</strong></span> <span class='ocrx_word' id='word_1_180' title='bbox 3166 1183 3265 1238; x_wconf 90' lang='lat' dir='ltr'><strong>pro</strong></span> <span class='ocrx_word' id='word_1_181' title='bbox 3286 1169 3458 1241; x_wconf 75' lang='lat' dir='ltr'><strong>digni-</strong></span> 
     </span>
    </p>
   </div>
   <div class='ocr_carea' id='block_1_27' title="bbox 1884 1256 3456 1330">
    <p class='ocr_par' dir='ltr' id='par_1_27' title="bbox 1884 1256 3456 1330">
     <span class='ocr_line' id='line_1_27' title="bbox 1884 1256 3456 1330; baseline 0.001 -18"><span class='ocrx_word' id='word_1_182' title='bbox 1884 1265 1995 1312; x_wconf 83' lang='lat' dir='ltr'><strong>tate</strong></span> <span class='ocrx_word' id='word_1_183' title='bbox 2044 1256 2456 1323; x_wconf 88' lang='lat' dir='ltr'><strong>remunerabor,</strong></span> <span class='ocrx_word' id='word_1_184' title='bbox 2511 1258 2767 1312; x_wconf 90' lang='lat' dir='ltr'><strong>omnibus</strong></span> <span class='ocrx_word' id='word_1_185' title='bbox 2810 1274 2908 1327; x_wconf 91' lang='lat' dir='ltr'><strong>pro</strong></span> <span class='ocrx_word' id='word_1_186' title='bbox 2953 1259 3218 1330; x_wconf 83' lang='lat' dir='ltr'><strong>cujusque</strong></span> <span class='ocrx_word' id='word_1_187' title='bbox 3270 1260 3456 1316; x_wconf 89' lang='lat' dir='ltr'><strong>labore</strong></span> 
     </span>
    </p>
   </div>
   <div class='ocr_carea' id='block_1_28' title="bbox 1883 1348 3455 1418">
    <p class='ocr_par' dir='ltr' id='par_1_28' title="bbox 1883 1348 3455 1418">
     <span class='ocr_line' id='line_1_28' title="bbox 1883 1348 3455 1418; baseline -0.001 -14"><span class='ocrx_word' id='word_1_188' title='bbox 1883 1350 2186 1405; x_wconf 84' lang='lat' dir='ltr'><strong>mercedem</strong></span> <span class='ocrx_word' id='word_1_189' title='bbox 2222 1348 2515 1418; x_wconf 75' lang='lat' dir='ltr'><strong>przcstabo,</strong></span> <span class='ocrx_word' id='word_1_190' title='bbox 2570 1348 2827 1402; x_wconf 77' lang='lat' dir='ltr'><strong>omnibus</strong></span> <span class='ocrx_word' id='word_1_191' title='bbox 2871 1364 2970 1418; x_wconf 90' lang='lat' dir='ltr'><strong>pro</strong></span> <span class='ocrx_word' id='word_1_192' title='bbox 3012 1363 3112 1403; x_wconf 91' lang='lat' dir='ltr'><strong>suo</strong></span> <span class='ocrx_word' id='word_1_193' title='bbox 3160 1349 3455 1403; x_wconf 84' lang='lat' dir='ltr'><strong>certamine</strong></span> 
     </span>
    </p>
   </div>
   <div class='ocr_carea' id='block_1_29' title="bbox 1880 1438 3457 1510">
    <p class='ocr_par' dir='ltr' id='par_1_29' title="bbox 1880 1438 3457 1510">
     <span class='ocr_line' id='line_1_29' title="bbox 1880 1438 3457 1510; baseline 0 -16"><span class='ocrx_word' id='word_1_194' title='bbox 1880 1440 2098 1510; x_wconf 83' lang='lat' dir='ltr'><strong>praemia</strong></span> <span class='ocrx_word' id='word_1_195' title='bbox 2128 1440 2441 1509; x_wconf 83' lang='lat' dir='ltr'><strong>rependam.</strong></span> <span class='ocrx_word' id='word_1_196' title='bbox 2473 1438 2714 1493; x_wconf 80' lang='lat' dir='ltr'><strong>Misereri</strong></span> <span class='ocrx_word' id='word_1_197' title='bbox 2762 1440 2906 1504; x_wconf 84' lang='lat' dir='ltr'><strong>volo,</strong></span> <span class='ocrx_word' id='word_1_198' title='bbox 2947 1440 3040 1493; x_wconf 89' lang='lat' dir='ltr'><strong>sed</strong></span> <span class='ocrx_word' id='word_1_199' title='bbox 3075 1439 3253 1494; x_wconf 87' lang='lat' dir='ltr'><strong>oleum</strong></span> <span class='ocrx_word' id='word_1_200' title='bbox 3282 1440 3337 1494; x_wconf 92' lang='lat' dir='ltr'><strong>in</strong></span> <span class='ocrx_word' id='word_1_201' title='bbox 3362 1457 3457 1494; x_wconf 85' lang='lat' dir='ltr'><strong>va-</strong></span> 
     </span>
    </p>
   </div>
   <div class='ocr_carea' id='block_1_30' title="bbox 1879 1528 3457 1588">
    <p class='ocr_par' dir='ltr' id='par_1_30' title="bbox 1879 1528 3457 1588">
     <span class='ocr_line' id='line_1_30' title="bbox 1879 1528 3457 1588; baseline -0.001 -1"><span class='ocrx_word' id='word_1_202' title='bbox 1879 1531 1957 1588; x_wconf 88' lang='lat' dir='ltr'><strong>sis</strong></span> <span class='ocrx_word' id='word_1_203' title='bbox 1989 1532 2182 1587; x_wconf 79' lang='lat' dir='ltr'><strong>vestris</strong></span> <span class='ocrx_word' id='word_1_204' title='bbox 2224 1547 2331 1586; x_wconf 89' lang='lat' dir='ltr'><strong>non</strong></span> <span class='ocrx_word' id='word_1_205' title='bbox 2370 1531 2548 1585; x_wconf 87' lang='lat' dir='ltr'><strong>video.</strong></span> <span class='ocrx_word' id='word_1_206' title='bbox 2583 1528 3010 1585; x_wconf 78' lang='lat' dir='ltr'><strong>Misericordiam</strong></span> <span class='ocrx_word' id='word_1_207' title='bbox 3034 1530 3287 1586; x_wconf 80' lang='lat' dir='ltr'><strong>exhibere</strong></span> <span class='ocrx_word' id='word_1_208' title='bbox 3310 1532 3457 1586; x_wconf 80' lang='lat' dir='ltr'><strong>desi-</strong></span> 
     </span>
    </p>
   </div>
   <div class='ocr_carea' id='block_1_31' title="bbox 1877 1623 3456 1693">
    <p class='ocr_par' dir='ltr' id='par_1_31' title="bbox 1877 1623 3456 1693">
     <span class='ocr_line' id='line_1_31' title="bbox 1877 1623 3456 1693; baseline -0.001 -15"><span class='ocrx_word' id='word_1_209' title='bbox 1877 1623 2029 1687; x_wconf 90' lang='lat' dir='ltr'><strong>dero,</strong></span> <span class='ocrx_word' id='word_1_210' title='bbox 2059 1623 2153 1679; x_wconf 89' lang='lat' dir='ltr'><strong>sed</strong></span> <span class='ocrx_word' id='word_1_211' title='bbox 2194 1623 2534 1693; x_wconf 82' lang='lat' dir='ltr'><strong>transegistis</strong></span> <span class='ocrx_word' id='word_1_212' title='bbox 2563 1624 2727 1676; x_wconf 80' lang='lat' dir='ltr'><strong>vitam</strong></span> <span class='ocrx_word' id='word_1_213' title='bbox 2758 1638 2971 1677; x_wconf 88' lang='lat' dir='ltr'><strong>omnem</strong></span> <span class='ocrx_word' id='word_1_214' title='bbox 3016 1623 3133 1677; x_wconf 89' lang='lat' dir='ltr'><strong>sine</strong></span> <span class='ocrx_word' id='word_1_215' title='bbox 3164 1623 3273 1678; x_wconf 89' lang='lat' dir='ltr'><strong>ulla</strong></span> <span class='ocrx_word' id='word_1_216' title='bbox 3306 1638 3456 1679; x_wconf 79' lang='lat' dir='ltr'><strong>com-</strong></span> 
     </span>
    </p>
   </div>
   <div class='ocr_carea' id='block_1_32' title="bbox 1878 1712 3446 1782">
    <p class='ocr_par' dir='ltr' id='par_1_32' title="bbox 1878 1712 3446 1782">
     <span class='ocr_line' id='line_1_32' title="bbox 1878 1712 3446 1782; baseline 0.001 -14"><span class='ocrx_word' id='word_1_217' title='bbox 1878 1713 2239 1769; x_wconf 88' lang='lat' dir='ltr'><strong>miseratione.</strong></span> <span class='ocrx_word' id='word_1_218' title='bbox 2271 1713 2482 1768; x_wconf 79' lang='lat' dir='ltr'><strong>Aﬁ‘ectu</strong></span> <span class='ocrx_word' id='word_1_219' title='bbox 2518 1712 2903 1767; x_wconf 76' lang='lat' dir='ltr'><strong>misericordiae</strong></span> <span class='ocrx_word' id='word_1_220' title='bbox 2930 1728 3059 1782; x_wconf 74' lang='lat' dir='ltr'><strong>erga</strong></span> <span class='ocrx_word' id='word_1_221' title='bbox 3081 1728 3179 1769; x_wconf 84' lang='lat' dir='ltr'><strong>vos</strong></span> <span class='ocrx_word' id='word_1_222' title='bbox 3207 1726 3446 1770; x_wconf 85' lang='lat' dir='ltr'><strong>commo-</strong></span> 
     </span>
    </p>
   </div>
   <div class='ocr_carea' id='block_1_33' title="bbox 1877 1804 3452 1875">
    <p class='ocr_par' dir='ltr' id='par_1_33' title="bbox 1877 1804 3452 1875">
     <span class='ocr_line' id='line_1_33' title="bbox 1877 1804 3452 1875; baseline -0.001 -15"><span class='ocrx_word' id='word_1_223' title='bbox 1877 1806 1990 1860; x_wconf 90' lang='lat' dir='ltr'><strong>veri</strong></span> <span class='ocrx_word' id='word_1_224' title='bbox 2014 1820 2246 1875; x_wconf 86' lang='lat' dir='ltr'><strong>propero</strong></span> <span class='ocrx_word' id='word_1_225' title='bbox 2272 1823 2286 1859; x_wconf 91' lang='lat'>:</span> <span class='ocrx_word' id='word_1_226' title='bbox 2335 1804 2427 1860; x_wconf 90' lang='lat' dir='ltr'><strong>sed</strong></span> <span class='ocrx_word' id='word_1_227' title='bbox 2457 1804 2733 1873; x_wconf 83' lang='lat' dir='ltr'><strong>lampades</strong></span> <span class='ocrx_word' id='word_1_228' title='bbox 2767 1814 2958 1859; x_wconf 75' lang='lat' dir='ltr'><strong>vestrae</strong></span> <span class='ocrx_word' id='word_1_229' title='bbox 2986 1804 3297 1874; x_wconf 71' lang='lat' dir='ltr'><strong>caliginosae</strong></span> <span class='ocrx_word' id='word_1_230' title='bbox 3324 1814 3452 1862; x_wconf 79' lang='lat' dir='ltr'><strong>sunt</strong></span> 
     </span>
    </p>
   </div>
   <div class='ocr_carea' id='block_1_34' title="bbox 229 1883 1768 1980">
    <p class='ocr_par' dir='ltr' id='par_1_34' title="bbox 229 1883 1768 1980">
     <span class='ocr_line' id='line_1_34' title="bbox 229 1883 1768 1980; baseline 0.005 -25"><span class='ocrx_word' id='word_1_231' title='bbox 229 1899 288 1955; x_wconf 87' lang='grc' dir='ltr'><strong><em>Ἠ</em></strong></span> <span class='ocrx_word' id='word_1_232' title='bbox 329 1900 435 1974; x_wconf 82' lang='grc' dir='ltr'><strong>γάρ</strong></span> <span class='ocrx_word' id='word_1_233' title='bbox 489 1902 675 1975; x_wconf 85' lang='grc' dir='ltr'>κρίσις</span> <span class='ocrx_word' id='word_1_234' title='bbox 736 1903 959 1969; x_wconf 84' lang='grc' dir='ltr'>ἀνίλεώς</span> <span class='ocrx_word' id='word_1_235' title='bbox 994 1883 999 1884; x_wconf 14' lang='grc' dir='ltr'><em>ν</em></span> <span class='ocrx_word' id='word_1_236' title='bbox 1030 1883 1146 1960; x_wconf 80' lang='grc' dir='ltr'>ἐστι</span> <span class='ocrx_word' id='word_1_237' title='bbox 1208 1907 1285 1980; x_wconf 85' lang='grc' dir='ltr'>τῷ</span> <span class='ocrx_word' id='word_1_238' title='bbox 1360 1909 1432 1980; x_wconf 78' lang='grc' dir='ltr'>μὴ</span> <span class='ocrx_word' id='word_1_239' title='bbox 1491 1883 1768 1980; x_wconf 83' lang='grc' dir='ltr'>ποιήσαντι</span> 
     </span>
    </p>
   </div>
   <div class='ocr_carea' id='block_1_35' title="bbox 1872 1883 3449 1980">
    <p class='ocr_par' dir='ltr' id='par_1_35' title="bbox 1877 1891 3449 1964">
     <span class='ocr_line' id='line_1_35' title="bbox 1877 1891 3449 1964; baseline -0.001 -16"><span class='ocrx_word' id='word_1_240' title='bbox 1877 1909 1988 1964; x_wconf 67' lang='lat' dir='ltr'><strong>pra:</strong></span> <span class='ocrx_word' id='word_1_241' title='bbox 2007 1895 2187 1949; x_wconf 90' lang='lat' dir='ltr'><strong>cordis</strong></span> <span class='ocrx_word' id='word_1_242' title='bbox 2211 1893 2433 1949; x_wconf 90' lang='lat' dir='ltr'><strong>duritia.</strong></span> <span class='ocrx_word' id='word_1_243' title='bbox 2466 1891 2728 1946; x_wconf 72' lang='lat' dir='ltr'><strong>Discedite</strong></span> <span class='ocrx_word' id='word_1_244' title='bbox 2754 1910 2787 1945; x_wconf 88' lang='lat' dir='ltr'><strong>a</strong></span> <span class='ocrx_word' id='word_1_245' title='bbox 2816 1908 2893 1946; x_wconf 85' lang='lat' dir='ltr'><strong>me</strong></span> <span class='ocrx_word' id='word_1_246' title='bbox 2916 1892 2978 1948; x_wconf 87' lang='grc'>¹³.</span> <span class='ocrx_word' id='word_1_247' title='bbox 3003 1892 3035 1946; x_wconf 83' lang='lat' dir='ltr'><em>J</em></span> <span class='ocrx_word' id='word_1_248' title='bbox 3045 1894 3281 1948; x_wconf 75' lang='lat' dir='ltr'><strong>udicium</strong></span> <span class='ocrx_word' id='word_1_249' title='bbox 3309 1894 3449 1948; x_wconf 84' lang='lat' dir='ltr'><strong>enim</strong></span> 
     </span>
    </p>
   </div>
   <div class='ocr_carea' id='block_1_36' title="bbox 220 1992 371 2058">
    <p class='ocr_par' dir='ltr' id='par_1_36' title="bbox 220 1992 371 2058">
     <span class='ocr_line' id='line_1_36' title="bbox 220 1992 371 2058; baseline 0.013 -13"><span class='ocrx_word' id='word_1_250' title='bbox 220 1992 371 2058; x_wconf 80' lang='grc' dir='ltr'>ἔλεος.</span> 
     </span>
    </p>
   </div>
   <div class='ocr_carea' id='block_1_37' title="bbox 279 2151 1773 2234">
    <p class='ocr_par' dir='ltr' id='par_1_37' title="bbox 279 2151 1773 2234">
     <span class='ocr_line' id='line_1_37' title="bbox 279 2151 1773 2234; baseline 0.007 -28"><span class='ocrx_word' id='word_1_251' title='bbox 279 2151 498 2210; x_wconf 64' lang='lat' dir='ltr'><strong>XLVIII.</strong></span> <span class='ocrx_word' id='word_1_252' title='bbox 528 2156 666 2210; x_wconf 83' lang='grc' dir='ltr'>Τότε</span> <span class='ocrx_word' id='word_1_253' title='bbox 693 2158 1156 2231; x_wconf 75' lang='grc' dir='ltr'>ἀποκριθήσονται</span> <span class='ocrx_word' id='word_1_254' title='bbox 1184 2161 1277 2215; x_wconf 75' lang='grc' dir='ltr'><strong>καὶ</strong></span> <span class='ocrx_word' id='word_1_255' title='bbox 1304 2162 1460 2216; x_wconf 70' lang='grc' dir='ltr'>αὐτοὶ</span> <span class='ocrx_word' id='word_1_256' title='bbox 1507 2162 1642 2234; x_wconf 84' lang='grc' dir='ltr'>πρὸς</span> <span class='ocrx_word' id='word_1_257' title='bbox 1682 2163 1773 2217; x_wconf 80' lang='grc' dir='ltr'><strong>τὸν</strong></span> 
     </span>
    </p>
   </div>
   <div class='ocr_carea' id='block_1_38' title="bbox 219 2245 1773 2324">
    <p class='ocr_par' dir='ltr' id='par_1_38' title="bbox 219 2245 1773 2324">
     <span class='ocr_line' id='line_1_38' title="bbox 219 2245 1773 2324; baseline 0.008 -27"><span class='ocrx_word' id='word_1_258' title='bbox 219 2245 428 2319; x_wconf 70' lang='grc' dir='ltr'>φοσερὸν</span> <span class='ocrx_word' id='word_1_259' title='bbox 461 2248 680 2321; x_wconf 81' lang='grc' dir='ltr'>κριτὴν,</span> <span class='ocrx_word' id='word_1_260' title='bbox 713 2251 808 2304; x_wconf 72' lang='grc' dir='ltr'>καὶ</span> <span class='ocrx_word' id='word_1_261' title='bbox 837 2251 1364 2324; x_wconf 70' lang='grc' dir='ltr'><strong>ἀπροσωπὸληπτον⁸</strong></span> <span class='ocrx_word' id='word_1_262' title='bbox 1391 2254 1586 2323; x_wconf 82' lang='grc' dir='ltr'>Κύριε,</span> <span class='ocrx_word' id='word_1_263' title='bbox 1630 2257 1773 2310; x_wconf 76' lang='grc' dir='ltr'>πότε</span> 
     </span>
    </p>
   </div>
   <div class='ocr_carea' id='block_1_39' title="bbox 217 2336 1770 2418">
    <p class='ocr_par' dir='ltr' id='par_1_39' title="bbox 217 2336 1770 2418">
     <span class='ocr_line' id='line_1_39' title="bbox 217 2336 1770 2418; baseline 0.008 -29"><span class='ocrx_word' id='word_1_264' title='bbox 217 2351 282 2390; x_wconf 84' lang='grc' dir='ltr'><strong>σε</strong></span> <span class='ocrx_word' id='word_1_265' title='bbox 331 2336 529 2408; x_wconf 77' lang='grc' dir='ltr'>ιδομεν</span> <span class='ocrx_word' id='word_1_266' title='bbox 579 2338 896 2405; x_wconf 80' lang='grc' dir='ltr'>πεινῶντα,</span> <span class='ocrx_word' id='word_1_267' title='bbox 954 2340 994 2411; x_wconf 73' lang='grc' dir='ltr'><em>ἢ</em></span> <span class='ocrx_word' id='word_1_268' title='bbox 1029 2341 1324 2411; x_wconf 71' lang='grc' dir='ltr'>διψῶντα,</span> <span class='ocrx_word' id='word_1_269' title='bbox 1367 2343 1405 2414; x_wconf 79' lang='grc' dir='ltr'>ἢ</span> <span class='ocrx_word' id='word_1_270' title='bbox 1466 2345 1683 2413; x_wconf 78' lang='grc' dir='ltr'>ξένον,</span> <span class='ocrx_word' id='word_1_271' title='bbox 1732 2346 1770 2418; x_wconf 76' lang='grc' dir='ltr'><strong><em>ἢ</em></strong></span> 
     </span>
    </p>
   </div>
   <div class='ocr_carea' id='block_1_40' title="bbox 217 2428 1773 2505">
    <p class='ocr_par' dir='ltr' id='par_1_40' title="bbox 217 2428 1773 2505">
     <span class='ocr_line' id='line_1_40' title="bbox 217 2428 1773 2505; baseline -0.002 -16"><span class='ocrx_word' id='word_1_272' title='bbox 217 2428 445 2496; x_wconf 70' lang='grc' dir='ltr'>γυμνὸν,</span> <span class='ocrx_word' id='word_1_273' title='bbox 484 2428 522 2499; x_wconf 79' lang='grc' dir='ltr'><strong>ἢ</strong></span> <span class='ocrx_word' id='word_1_274' title='bbox 550 2429 806 2500; x_wconf 78' lang='grc' dir='ltr'>ἀσθενῆ,</span> <span class='ocrx_word' id='word_1_275' title='bbox 836 2431 874 2501; x_wconf 81' lang='grc' dir='ltr'>ἢ</span> <span class='ocrx_word' id='word_1_276' title='bbox 901 2432 971 2486; x_wconf 83' lang='grc' dir='ltr'><strong>ἐν</strong></span> <span class='ocrx_word' id='word_1_277' title='bbox 994 2431 1242 2501; x_wconf 71' lang='grc' dir='ltr'>φυλακῇ</span> <span class='ocrx_word' id='word_1_278' title='bbox 1261 2473 1277 2498; x_wconf 90' lang='grc'><strong>,</strong></span> <span class='ocrx_word' id='word_1_279' title='bbox 1325 2434 1424 2488; x_wconf 78' lang='grc' dir='ltr'><strong>καί</strong></span> <span class='ocrx_word' id='word_1_280' title='bbox 1456 2437 1533 2504; x_wconf 65' lang='lat' dir='ltr'><strong>pi)</strong></span> <span class='ocrx_word' id='word_1_281' title='bbox 1575 2435 1773 2505; x_wconf 80' lang='grc' dir='ltr'>διηκο-</span> 
     </span>
    </p>
   </div>
   <div class='ocr_carea' id='block_1_41' title="bbox 216 2519 1772 2600">
    <p class='ocr_par' dir='ltr' id='par_1_41' title="bbox 216 2519 1772 2600">
     <span class='ocr_line' id='line_1_41' title="bbox 216 2519 1772 2600; baseline 0.005 -26"><span class='ocrx_word' id='word_1_282' title='bbox 216 2519 468 2591; x_wconf 75' lang='grc' dir='ltr'>νήσαμέν</span> <span class='ocrx_word' id='word_1_283' title='bbox 491 2538 595 2577; x_wconf 88' lang='grc' dir='ltr'><strong>σοι</strong></span> <span class='ocrx_word' id='word_1_284' title='bbox 614 2539 634 2587; x_wconf 90' lang='grc'><em>;</em></span> <span class='ocrx_word' id='word_1_285' title='bbox 667 2522 859 2595; x_wconf 86' lang='grc' dir='ltr'>Κύριε,</span> <span class='ocrx_word' id='word_1_286' title='bbox 884 2524 944 2578; x_wconf 88' lang='grc' dir='ltr'><strong>ού</strong></span> <span class='ocrx_word' id='word_1_287' title='bbox 975 2523 1259 2596; x_wconf 80' lang='grc' dir='ltr'>γνωρίζεις</span> <span class='ocrx_word' id='word_1_288' title='bbox 1290 2527 1469 2598; x_wconf 80' lang='grc' dir='ltr'>ήμᾶς;</span> <span class='ocrx_word' id='word_1_289' title='bbox 1511 2528 1582 2582; x_wconf 80' lang='grc' dir='ltr'><strong>Σὺ</strong></span> <span class='ocrx_word' id='word_1_290' title='bbox 1623 2531 1772 2600; x_wconf 80' lang='grc' dir='ltr'>ἡμᾶς</span> 
     </span>
    </p>
   </div>
   <div class='ocr_carea' id='block_1_42' title="bbox 215 2609 1770 2690">
    <p class='ocr_par' dir='ltr' id='par_1_42' title="bbox 215 2609 1770 2690">
     <span class='ocr_line' id='line_1_42' title="bbox 215 2609 1770 2690; baseline 0.006 -28"><span class='ocrx_word' id='word_1_291' title='bbox 215 2609 453 2678; x_wconf 74' lang='grc' dir='ltr'>ἔπλασας,</span> <span class='ocrx_word' id='word_1_292' title='bbox 499 2614 565 2667; x_wconf 81' lang='grc' dir='ltr'>σὺ</span> <span class='ocrx_word' id='word_1_293' title='bbox 615 2613 1071 2687; x_wconf 82' lang='grc' dir='ltr'>ἐδημιούργησας,</span> <span class='ocrx_word' id='word_1_294' title='bbox 1112 2617 1176 2671; x_wconf 86' lang='grc' dir='ltr'><strong>σὺ</strong></span> <span class='ocrx_word' id='word_1_295' title='bbox 1203 2618 1270 2670; x_wconf 80' lang='grc' dir='ltr'><strong>ἐκ</strong></span> <span class='ocrx_word' id='word_1_296' title='bbox 1305 2619 1586 2690; x_wconf 85' lang='grc' dir='ltr'>τεσσάρων</span> <span class='ocrx_word' id='word_1_297' title='bbox 1625 2635 1770 2672; x_wconf 86' lang='grc' dir='ltr'>στοι-</span> 
     </span>
    </p>
   </div>
   <div class='ocr_carea' id='block_1_43' title="bbox 213 2702 1769 2783">
    <p class='ocr_par' dir='ltr' id='par_1_43' title="bbox 213 2702 1769 2783">
     <span class='ocr_line' id='line_1_43' title="bbox 213 2702 1769 2783; baseline 0.004 -27"><span class='ocrx_word' id='word_1_298' title='bbox 213 2702 359 2773; x_wconf 79' lang='grc' dir='ltr'>χείων</span> <span class='ocrx_word' id='word_1_299' title='bbox 410 2707 557 2776; x_wconf 79' lang='grc' dir='ltr'>ἡμᾶς</span> <span class='ocrx_word' id='word_1_300' title='bbox 624 2708 1002 2780; x_wconf 84' lang='grc' dir='ltr'>συνήρμοσας,</span> <span class='ocrx_word' id='word_1_301' title='bbox 1059 2708 1124 2762; x_wconf 82' lang='grc' dir='ltr'><strong>σὺ</strong></span> <span class='ocrx_word' id='word_1_302' title='bbox 1188 2708 1406 2780; x_wconf 81' lang='grc' dir='ltr'>πνεῦμα</span> <span class='ocrx_word' id='word_1_303' title='bbox 1455 2711 1548 2763; x_wconf 78' lang='grc' dir='ltr'>καὶ</span> <span class='ocrx_word' id='word_1_304' title='bbox 1595 2709 1769 2783; x_wconf 76' lang='grc' dir='ltr'>ψυχὴν</span> 
     </span>
    </p>
   </div>
   <div class='ocr_carea' id='block_1_44' title="bbox 220 2793 1771 2873">
    <p class='ocr_par' dir='ltr' id='par_1_44' title="bbox 220 2793 1771 2873">
     <span class='ocr_line' id='line_1_44' title="bbox 220 2793 1771 2873; baseline 0.005 -25"><span class='ocrx_word' id='word_1_305' title='bbox 220 2793 399 2866; x_wconf 71' lang='grc' dir='ltr'>ἔθηκας</span> <span class='ocrx_word' id='word_1_306' title='bbox 420 2814 432 2828; x_wconf 74' lang='grc'><em>’</em></span> <span class='ocrx_word' id='word_1_307' title='bbox 459 2798 543 2851; x_wconf 75' lang='grc' dir='ltr'><strong>σοὶ</strong></span> <span class='ocrx_word' id='word_1_308' title='bbox 592 2798 1027 2870; x_wconf 86' lang='grc' dir='ltr'>ἐπιστεύσαμεν,</span> <span class='ocrx_word' id='word_1_309' title='bbox 1077 2799 1170 2853; x_wconf 83' lang='grc' dir='ltr'><strong>σού</strong></span> <span class='ocrx_word' id='word_1_310' title='bbox 1211 2800 1310 2872; x_wconf 81' lang='grc' dir='ltr'>τὴν</span> <span class='ocrx_word' id='word_1_311' title='bbox 1355 2801 1622 2872; x_wconf 80' lang='grc' dir='ltr'>σφραγῖδα</span> <span class='ocrx_word' id='word_1_312' title='bbox 1645 2819 1771 2873; x_wconf 87' lang='grc' dir='ltr'>μετ-</span> 
     </span>
    </p>
   </div>
   <div class='ocr_carea' id='block_1_45' title="bbox 215 2886 1768 2965">
    <p class='ocr_par' dir='ltr' id='par_1_45' title="bbox 215 2886 1768 2965">
     <span class='ocr_line' id='line_1_45' title="bbox 215 2886 1768 2965; baseline 0.027 -26"><span class='ocrx_word' id='word_1_313' title='bbox 215 2886 418 2960; x_wconf 76' lang='grc' dir='ltr'>έσχομεν</span> <span class='ocrx_word' id='word_1_314' title='bbox 443 2889 594 2963; x_wconf 73' lang='lat'><strong>(52).</strong></span> <span class='ocrx_word' id='word_1_315' title='bbox 648 2889 743 2944; x_wconf 76' lang='grc' dir='ltr'><strong>σοῦ</strong></span> <span class='ocrx_word' id='word_1_316' title='bbox 778 2891 838 2944; x_wconf 76' lang='grc' dir='ltr'>τὸ</span> <span class='ocrx_word' id='word_1_317' title='bbox 870 2890 1146 2964; x_wconf 81' lang='grc' dir='ltr'>βάπτισμα</span> <span class='ocrx_word' id='word_1_318' title='bbox 1186 2891 1478 2963; x_wconf 67' lang='grc' dir='ltr'><strong>ὲλεεισομιιεν·</strong></span> <span class='ocrx_word' id='word_1_319' title='bbox 1527 2895 1587 2947; x_wconf 70' lang='grc' dir='ltr'><strong>σὲ</strong></span> <span class='ocrx_word' id='word_1_320' title='bbox 1617 2895 1768 2965; x_wconf 56' lang='grc' dir='ltr'><strong>ὠμο-</strong></span> 
     </span>
    </p>
   </div>
   <div class='ocr_carea' id='block_1_46' title="bbox 209 2977 1769 3056">
    <p class='ocr_par' dir='ltr' id='par_1_46' title="bbox 209 2977 1769 3056">
     <span class='ocr_line' id='line_1_46' title="bbox 209 2977 1769 3056; baseline 0.006 -25"><span class='ocrx_word' id='word_1_321' title='bbox 209 2977 495 3052; x_wconf 83' lang='grc' dir='ltr'>λογήσαμεν</span> <span class='ocrx_word' id='word_1_322' title='bbox 550 2980 689 3035; x_wconf 84' lang='grc' dir='ltr'>Θεὸν</span> <span class='ocrx_word' id='word_1_323' title='bbox 714 3024 729 3048; x_wconf 90' lang='grc'><strong>,</strong></span> <span class='ocrx_word' id='word_1_324' title='bbox 799 2983 857 3035; x_wconf 84' lang='grc' dir='ltr'>σὲ</span> <span class='ocrx_word' id='word_1_325' title='bbox 916 2982 1158 3055; x_wconf 77' lang='grc' dir='ltr'>ἔγνωμεν</span> <span class='ocrx_word' id='word_1_326' title='bbox 1216 2985 1440 3056; x_wconf 80' lang='grc' dir='ltr'>κτίστην</span> <span class='ocrx_word' id='word_1_327' title='bbox 1468 3002 1482 3015; x_wconf 87' lang='grc'>·</span> <span class='ocrx_word' id='word_1_328' title='bbox 1557 2987 1615 3040; x_wconf 80' lang='grc' dir='ltr'><strong>ἐν</strong></span> <span class='ocrx_word' id='word_1_329' title='bbox 1687 2988 1769 3041; x_wconf 79' lang='grc' dir='ltr'><strong>σοὶ</strong></span> 
     </span>
    </p>
   </div>
   <div class='ocr_carea' id='block_1_47' title="bbox 214 3075 1769 3153">
    <p class='ocr_par' dir='ltr' id='par_1_47' title="bbox 214 3075 1769 3153">
     <span class='ocr_line' id='line_1_47' title="bbox 214 3075 1769 3153; baseline 0.007 -28"><span class='ocrx_word' id='word_1_330' title='bbox 214 3075 391 3141; x_wconf 76' lang='grc' dir='ltr'>σημεῖα</span> <span class='ocrx_word' id='word_1_331' title='bbox 469 3075 854 3148; x_wconf 83' lang='grc' dir='ltr'>πεποιήκαμεν</span> <span class='ocrx_word' id='word_1_332' title='bbox 875 3118 889 3142; x_wconf 88' lang='grc'><strong>,</strong></span> <span class='ocrx_word' id='word_1_333' title='bbox 966 3076 1053 3133; x_wconf 82' lang='grc' dir='ltr'>διὰ</span> <span class='ocrx_word' id='word_1_334' title='bbox 1120 3077 1214 3131; x_wconf 78' lang='grc' dir='ltr'><strong>σού</strong></span> <span class='ocrx_word' id='word_1_335' title='bbox 1293 3077 1550 3150; x_wconf 88' lang='grc' dir='ltr'>δαίμονας</span> <span class='ocrx_word' id='word_1_336' title='bbox 1627 3082 1769 3153; x_wconf 82' lang='grc' dir='ltr'>ἀπη-</span> 
     </span>
    </p>
   </div>
   <div class='ocr_carea' id='block_1_48' title="bbox 212 3160 1766 3243">
    <p class='ocr_par' dir='ltr' id='par_1_48' title="bbox 212 3160 1766 3243">
     <span class='ocr_line' id='line_1_48' title="bbox 212 3160 1766 3243; baseline 0.007 -27"><span class='ocrx_word' id='word_1_337' title='bbox 212 3160 460 3235; x_wconf 75' lang='grc' dir='ltr'>λάσαμενο</span> <span class='ocrx_word' id='word_1_338' title='bbox 517 3165 616 3220; x_wconf 79' lang='grc' dir='ltr'>διὰ</span> <span class='ocrx_word' id='word_1_339' title='bbox 686 3168 746 3221; x_wconf 79' lang='grc' dir='ltr'>σὲ</span> <span class='ocrx_word' id='word_1_340' title='bbox 801 3168 903 3241; x_wconf 79' lang='grc' dir='ltr'><strong>τὴν</strong></span> <span class='ocrx_word' id='word_1_341' title='bbox 964 3169 1143 3240; x_wconf 85' lang='grc' dir='ltr'>σάρκα</span> <span class='ocrx_word' id='word_1_342' title='bbox 1194 3168 1501 3243; x_wconf 81' lang='grc' dir='ltr'>ἐτήξαμεν,</span> <span class='ocrx_word' id='word_1_343' title='bbox 1556 3172 1645 3227; x_wconf 81' lang='grc' dir='ltr'>διὰ</span> <span class='ocrx_word' id='word_1_344' title='bbox 1706 3173 1766 3229; x_wconf 79' lang='grc' dir='ltr'><strong>σὲ</strong></span> 
     </span>
    </p>
   </div>
   <div class='ocr_carea' id='block_1_49' title="bbox 1872 1984 3450 2056">
    <p class='ocr_par' dir='ltr' id='par_1_49' title="bbox 1872 1984 3450 2056">
     <span class='ocr_line' id='line_1_49' title="bbox 1872 1984 3450 2056; baseline 0.001 -17"><span class='ocrx_word' id='word_1_345' title='bbox 1872 1986 1965 2056; x_wconf 85' lang='lat' dir='ltr'><strong>ﬁet</strong></span> <span class='ocrx_word' id='word_1_346' title='bbox 2016 1986 2064 2039; x_wconf 88' lang='lat' dir='ltr'><strong>ei</strong></span> <span class='ocrx_word' id='word_1_347' title='bbox 2116 1986 2228 2038; x_wconf 88' lang='lat' dir='ltr'><strong>sine</strong></span> <span class='ocrx_word' id='word_1_348' title='bbox 2274 1984 2661 2049; x_wconf 77' lang='lat' dir='ltr'><strong>misericordia,</strong></span> <span class='ocrx_word' id='word_1_349' title='bbox 2699 1985 2788 2054; x_wconf 86' lang='lat' dir='ltr'><strong>qui</strong></span> <span class='ocrx_word' id='word_1_350' title='bbox 2832 1998 2932 2038; x_wconf 85' lang='lat' dir='ltr'><strong>non</strong></span> <span class='ocrx_word' id='word_1_351' title='bbox 2988 1984 3113 2054; x_wconf 79' lang='lat' dir='ltr'><strong>fecit</strong></span> <span class='ocrx_word' id='word_1_352' title='bbox 3153 1986 3450 2040; x_wconf 85' lang='lat' dir='ltr'><strong>misericor-</strong></span> 
     </span>
    </p>
   </div>
   <div class='ocr_carea' id='block_1_50' title="bbox 1871 2076 2113 2131">
    <p class='ocr_par' dir='ltr' id='par_1_50' title="bbox 1871 2076 2113 2131">
     <span class='ocr_line' id='line_1_50' title="bbox 1871 2076 2113 2131; baseline -0.004 0"><span class='ocrx_word' id='word_1_353' title='bbox 1871 2077 2013 2131; x_wconf 84' lang='lat' dir='ltr'><strong>diam</strong></span> <span class='ocrx_word' id='word_1_354' title='bbox 2050 2076 2113 2130; x_wconf 75' lang='lat'><strong>“.</strong></span> 
     </span>
    </p>
   </div>
   <div class='ocr_carea' id='block_1_51' title="bbox 1940 2165 3450 2237">
    <p class='ocr_par' dir='ltr' id='par_1_51' title="bbox 1940 2165 3450 2237">
     <span class='ocr_line' id='line_1_51' title="bbox 1940 2165 3450 2237; baseline -0.001 -15"><span class='ocrx_word' id='word_1_355' title='bbox 1940 2165 2173 2223; x_wconf 75' lang='lat' dir='ltr'><strong>XLVIII.</strong></span> <span class='ocrx_word' id='word_1_356' title='bbox 2218 2165 2372 2223; x_wconf 88' lang='lat' dir='ltr'><strong>Tunc</strong></span> <span class='ocrx_word' id='word_1_357' title='bbox 2402 2165 2503 2237; x_wconf 85' lang='lat' dir='ltr'><strong>ipsi</strong></span> <span class='ocrx_word' id='word_1_358' title='bbox 2533 2165 2696 2221; x_wconf 91' lang='lat' dir='ltr'><strong>etiam</strong></span> <span class='ocrx_word' id='word_1_359' title='bbox 2737 2165 3139 2235; x_wconf 86' lang='lat' dir='ltr'><strong>respondebunt</strong></span> <span class='ocrx_word' id='word_1_360' title='bbox 3171 2166 3450 2222; x_wconf 89' lang='lat' dir='ltr'><strong>horrendo</strong></span> 
     </span>
    </p>
   </div>
   <div class='ocr_carea' id='block_1_52' title="bbox 1871 2255 3449 2329">
    <p class='ocr_par' dir='ltr' id='par_1_52' title="bbox 1871 2255 3449 2329">
     <span class='ocr_line' id='line_1_52' title="bbox 1871 2255 3449 2329; baseline -0.001 -17"><span class='ocrx_word' id='word_1_361' title='bbox 1871 2275 1934 2315; x_wconf 88' lang='lat' dir='ltr'><strong>ac</strong></span> <span class='ocrx_word' id='word_1_362' title='bbox 1964 2272 2231 2329; x_wconf 79' lang='lat' dir='ltr'><strong>personas</strong></span> <span class='ocrx_word' id='word_1_363' title='bbox 2265 2272 2371 2312; x_wconf 86' lang='lat' dir='ltr'><strong>non</strong></span> <span class='ocrx_word' id='word_1_364' title='bbox 2407 2256 2689 2327; x_wconf 86' lang='lat' dir='ltr'><strong>accipienti</strong></span> <span class='ocrx_word' id='word_1_365' title='bbox 2709 2256 2878 2325; x_wconf 86' lang='lat' dir='ltr'><strong>judici</strong></span> <span class='ocrx_word' id='word_1_366' title='bbox 2915 2274 2929 2310; x_wconf 87' lang='lat'><strong>:</strong></span> <span class='ocrx_word' id='word_1_367' title='bbox 2964 2255 3206 2324; x_wconf 83' lang='lat' dir='ltr'><strong>Domine,</strong></span> <span class='ocrx_word' id='word_1_368' title='bbox 3237 2257 3449 2326; x_wconf 81' lang='lat' dir='ltr'><strong>quando</strong></span> 
     </span>
    </p>
   </div>
   <div class='ocr_carea' id='block_1_53' title="bbox 1872 2348 3444 2420">
    <p class='ocr_par' dir='ltr' id='par_1_53' title="bbox 1872 2348 3444 2420">
     <span class='ocr_line' id='line_1_53' title="bbox 1872 2348 3444 2420; baseline -0.003 -13"><span class='ocrx_word' id='word_1_369' title='bbox 1872 2362 1919 2406; x_wconf 85' lang='lat' dir='ltr'><strong>te</strong></span> <span class='ocrx_word' id='word_1_370' title='bbox 1946 2350 2174 2407; x_wconf 75' lang='lat' dir='ltr'><strong>vidimus</strong></span> <span class='ocrx_word' id='word_1_371' title='bbox 2203 2349 2512 2404; x_wconf 81' lang='lat' dir='ltr'><strong>esurientem</strong></span> <span class='ocrx_word' id='word_1_372' title='bbox 2535 2356 2626 2402; x_wconf 85' lang='lat' dir='ltr'><strong>aut</strong></span> <span class='ocrx_word' id='word_1_373' title='bbox 2655 2348 2938 2414; x_wconf 75' lang='lat' dir='ltr'><strong>sitientem,</strong></span> <span class='ocrx_word' id='word_1_374' title='bbox 2968 2358 3059 2401; x_wconf 85' lang='lat' dir='ltr'><strong>aut</strong></span> <span class='ocrx_word' id='word_1_375' title='bbox 3091 2350 3444 2420; x_wconf 82' lang='lat' dir='ltr'><strong>peregrinum,</strong></span> 
     </span>
    </p>
   </div>
   <div class='ocr_carea' id='block_1_54' title="bbox 1869 2437 3449 2507">
    <p class='ocr_par' dir='ltr' id='par_1_54' title="bbox 1869 2437 3449 2507">
     <span class='ocr_line' id='line_1_54' title="bbox 1869 2437 3449 2507; baseline -0.004 -10"><span class='ocrx_word' id='word_1_376' title='bbox 1869 2451 1962 2498; x_wconf 79' lang='lat' dir='ltr'><strong>aut</strong></span> <span class='ocrx_word' id='word_1_377' title='bbox 1992 2442 2213 2504; x_wconf 82' lang='lat' dir='ltr'><strong>nudum,</strong></span> <span class='ocrx_word' id='word_1_378' title='bbox 2236 2447 2330 2491; x_wconf 83' lang='lat' dir='ltr'><strong>aut</strong></span> <span class='ocrx_word' id='word_1_379' title='bbox 2356 2446 2631 2507; x_wconf 66' lang='lat' dir='ltr'><strong>aegrotum,</strong></span> <span class='ocrx_word' id='word_1_380' title='bbox 2663 2447 2754 2491; x_wconf 86' lang='lat' dir='ltr'><strong>aut</strong></span> <span class='ocrx_word' id='word_1_381' title='bbox 2788 2438 2843 2491; x_wconf 82' lang='lat' dir='ltr'><strong>in</strong></span> <span class='ocrx_word' id='word_1_382' title='bbox 2875 2452 3102 2503; x_wconf 84' lang='lat' dir='ltr'><strong>carcere,</strong></span> <span class='ocrx_word' id='word_1_383' title='bbox 3129 2447 3181 2491; x_wconf 85' lang='lat' dir='ltr'><strong>et</strong></span> <span class='ocrx_word' id='word_1_384' title='bbox 3211 2453 3315 2491; x_wconf 88' lang='lat' dir='ltr'><strong>non</strong></span> <span class='ocrx_word' id='word_1_385' title='bbox 3347 2437 3449 2490; x_wconf 82' lang='lat' dir='ltr'><strong>mi-</strong></span> 
     </span>
    </p>
   </div>
   <div class='ocr_carea' id='block_1_55' title="bbox 1869 2524 3442 2596">
    <p class='ocr_par' dir='ltr' id='par_1_55' title="bbox 1869 2524 3442 2596">
     <span class='ocr_line' id='line_1_55' title="bbox 1869 2524 3442 2596; baseline -0.003 -12"><span class='ocrx_word' id='word_1_386' title='bbox 1869 2529 2207 2584; x_wconf 80' lang='lat' dir='ltr'><strong>nistrauimus</strong></span> <span class='ocrx_word' id='word_1_387' title='bbox 2240 2526 2336 2580; x_wconf 85' lang='lat' dir='ltr'><strong>tibi</strong></span> <span class='ocrx_word' id='word_1_388' title='bbox 2375 2527 2459 2580; x_wconf 68' lang='lat'><strong>&quot;2’</strong></span> <span class='ocrx_word' id='word_1_389' title='bbox 2489 2525 2736 2593; x_wconf 86' lang='lat' dir='ltr'><strong>Domine,</strong></span> <span class='ocrx_word' id='word_1_390' title='bbox 2762 2542 2870 2582; x_wconf 90' lang='lat' dir='ltr'><strong>non</strong></span> <span class='ocrx_word' id='word_1_391' title='bbox 2907 2527 3158 2596; x_wconf 82' lang='lat' dir='ltr'><strong>agnoscis</strong></span> <span class='ocrx_word' id='word_1_392' title='bbox 3189 2526 3326 2582; x_wconf 89' lang='lat' dir='ltr'><strong>nos?</strong></span> <span class='ocrx_word' id='word_1_393' title='bbox 3358 2524 3442 2580; x_wconf 87' lang='lat' dir='ltr'><strong>Tu</strong></span> 
     </span>
    </p>
   </div>
   <div class='ocr_carea' id='block_1_56' title="bbox 1868 2617 3445 2687">
    <p class='ocr_par' dir='ltr' id='par_1_56' title="bbox 1868 2617 3445 2687">
     <span class='ocr_line' id='line_1_56' title="bbox 1868 2617 3445 2687; baseline -0.002 -12"><span class='ocrx_word' id='word_1_394' title='bbox 1868 2636 1969 2676; x_wconf 87' lang='lat' dir='ltr'><strong>nos</strong></span> <span class='ocrx_word' id='word_1_395' title='bbox 2002 2617 2273 2683; x_wconf 79' lang='lat' dir='ltr'><strong>formasti,</strong></span> <span class='ocrx_word' id='word_1_396' title='bbox 2313 2626 2371 2672; x_wconf 89' lang='lat' dir='ltr'><strong>tu</strong></span> <span class='ocrx_word' id='word_1_397' title='bbox 2405 2617 2715 2682; x_wconf 86' lang='lat' dir='ltr'><strong>condidisti,</strong></span> <span class='ocrx_word' id='word_1_398' title='bbox 2759 2623 2819 2671; x_wconf 89' lang='lat' dir='ltr'><strong>tu</strong></span> <span class='ocrx_word' id='word_1_399' title='bbox 2854 2631 2953 2672; x_wconf 90' lang='lat' dir='ltr'><strong>nos</strong></span> <span class='ocrx_word' id='word_1_400' title='bbox 2993 2634 3023 2672; x_wconf 91' lang='lat' dir='ltr'><strong>e</strong></span> <span class='ocrx_word' id='word_1_401' title='bbox 3056 2625 3290 2687; x_wconf 84' lang='lat' dir='ltr'><strong>quatuor</strong></span> <span class='ocrx_word' id='word_1_402' title='bbox 3329 2617 3445 2673; x_wconf 89' lang='lat' dir='ltr'><strong>ele-</strong></span> 
     </span>
    </p>
   </div>
   <div class='ocr_carea' id='block_1_57' title="bbox 1869 2708 3445 2781">
    <p class='ocr_par' dir='ltr' id='par_1_57' title="bbox 1869 2708 3445 2781">
     <span class='ocr_line' id='line_1_57' title="bbox 1869 2708 3445 2781; baseline -0.001 -16"><span class='ocrx_word' id='word_1_403' title='bbox 1869 2712 2063 2767; x_wconf 88' lang='lat' dir='ltr'><strong>mentis</strong></span> <span class='ocrx_word' id='word_1_404' title='bbox 2094 2709 2468 2781; x_wconf 86' lang='lat' dir='ltr'><strong>composuisti,</strong></span> <span class='ocrx_word' id='word_1_405' title='bbox 2530 2718 2589 2763; x_wconf 90' lang='lat' dir='ltr'><strong>tu</strong></span> <span class='ocrx_word' id='word_1_406' title='bbox 2637 2708 2887 2779; x_wconf 84' lang='lat' dir='ltr'><strong>spiritum</strong></span> <span class='ocrx_word' id='word_1_407' title='bbox 2935 2717 2989 2763; x_wconf 90' lang='lat' dir='ltr'><strong>et</strong></span> <span class='ocrx_word' id='word_1_408' title='bbox 3026 2708 3262 2763; x_wconf 89' lang='lat' dir='ltr'><strong>animam</strong></span> <span class='ocrx_word' id='word_1_409' title='bbox 3298 2708 3445 2763; x_wconf 81' lang='lat' dir='ltr'><strong>inso-</strong></span> 
     </span>
    </p>
   </div>
   <div class='ocr_carea' id='block_1_58' title="bbox 1869 2796 3446 2870">
    <p class='ocr_par' dir='ltr' id='par_1_58' title="bbox 1869 2796 3446 2870">
     <span class='ocr_line' id='line_1_58' title="bbox 1869 2796 3446 2870; baseline -0.001 -12"><span class='ocrx_word' id='word_1_410' title='bbox 1869 2803 2026 2859; x_wconf 90' lang='lat' dir='ltr'><strong>ruisti</strong></span> <span class='ocrx_word' id='word_1_411' title='bbox 2056 2821 2071 2870; x_wconf 85' lang='lat'><strong>;</strong></span> <span class='ocrx_word' id='word_1_412' title='bbox 2103 2802 2202 2857; x_wconf 89' lang='lat' dir='ltr'><strong>tibi</strong></span> <span class='ocrx_word' id='word_1_413' title='bbox 2251 2801 2612 2863; x_wconf 86' lang='lat' dir='ltr'><strong>credidimus,</strong></span> <span class='ocrx_word' id='word_1_414' title='bbox 2654 2799 2817 2869; x_wconf 84' lang='lat' dir='ltr'><strong>sigilli</strong></span> <span class='ocrx_word' id='word_1_415' title='bbox 2857 2798 2936 2853; x_wconf 91' lang='lat' dir='ltr'><strong>tui</strong></span> <span class='ocrx_word' id='word_1_416' title='bbox 2981 2798 3274 2869; x_wconf 87' lang='lat' dir='ltr'><strong>participes</strong></span> <span class='ocrx_word' id='word_1_417' title='bbox 3315 2796 3446 2856; x_wconf 63' lang='lat' dir='ltr'><strong>facit</strong></span> 
     </span>
    </p>
   </div>
   <div class='ocr_carea' id='block_1_59' title="bbox 1868 2890 3446 2963">
    <p class='ocr_par' dir='ltr' id='par_1_59' title="bbox 1868 2890 3446 2963">
     <span class='ocr_line' id='line_1_59' title="bbox 1868 2890 3446 2963; baseline -0.003 -12"><span class='ocrx_word' id='word_1_418' title='bbox 1868 2910 2080 2962; x_wconf 88' lang='lat' dir='ltr'><strong>sumus,</strong></span> <span class='ocrx_word' id='word_1_419' title='bbox 2111 2892 2385 2963; x_wconf 88' lang='lat' dir='ltr'><strong>baptisma</strong></span> <span class='ocrx_word' id='word_1_420' title='bbox 2414 2900 2570 2946; x_wconf 89' lang='lat' dir='ltr'><strong>tuum</strong></span> <span class='ocrx_word' id='word_1_421' title='bbox 2620 2891 2968 2960; x_wconf 83' lang='lat' dir='ltr'><strong>accepimus;</strong></span> <span class='ocrx_word' id='word_1_422' title='bbox 3024 2899 3075 2946; x_wconf 88' lang='lat' dir='ltr'><strong>te</strong></span> <span class='ocrx_word' id='word_1_423' title='bbox 3114 2890 3446 2947; x_wconf 78' lang='lat' dir='ltr'><strong>conﬁtemur</strong></span> 
     </span>
    </p>
   </div>
   <div class='ocr_carea' id='block_1_60' title="bbox 1868 2979 3443 3053">
    <p class='ocr_par' dir='ltr' id='par_1_60' title="bbox 1868 2979 3443 3053">
     <span class='ocr_line' id='line_1_60' title="bbox 1868 2979 3443 3053; baseline -0.001 -11"><span class='ocrx_word' id='word_1_424' title='bbox 1868 2986 2060 3050; x_wconf 85' lang='lat' dir='ltr'><strong>Deum,</strong></span> <span class='ocrx_word' id='word_1_425' title='bbox 2091 2996 2144 3040; x_wconf 91' lang='lat' dir='ltr'><strong>te</strong></span> <span class='ocrx_word' id='word_1_426' title='bbox 2170 2985 2423 3039; x_wconf 79' lang='lat' dir='ltr'><strong>novimus</strong></span> <span class='ocrx_word' id='word_1_427' title='bbox 2444 2992 2779 3049; x_wconf 85' lang='lat' dir='ltr'><strong>creatorem;</strong></span> <span class='ocrx_word' id='word_1_428' title='bbox 2809 2981 2866 3036; x_wconf 90' lang='lat' dir='ltr'><strong>in</strong></span> <span class='ocrx_word' id='word_1_429' title='bbox 2903 2990 2955 3036; x_wconf 91' lang='lat' dir='ltr'><strong>te</strong></span> <span class='ocrx_word' id='word_1_430' title='bbox 3003 2982 3157 3053; x_wconf 76' lang='lat' dir='ltr'><strong>signa</strong></span> <span class='ocrx_word' id='word_1_431' title='bbox 3192 2979 3443 3049; x_wconf 79' lang='lat' dir='ltr'><strong>fecimus,</strong></span> 
     </span>
    </p>
   </div>
   <div class='ocr_carea' id='block_1_61' title="bbox 1866 3074 3445 3151">
    <p class='ocr_par' dir='ltr' id='par_1_61' title="bbox 1866 3074 3445 3151">
     <span class='ocr_line' id='line_1_61' title="bbox 1866 3074 3445 3151; baseline -0.004 -16"><span class='ocrx_word' id='word_1_432' title='bbox 1866 3095 1960 3151; x_wconf 89' lang='lat' dir='ltr'><strong>per</strong></span> <span class='ocrx_word' id='word_1_433' title='bbox 1986 3089 2038 3134; x_wconf 89' lang='lat' dir='ltr'><strong>te</strong></span> <span class='ocrx_word' id='word_1_434' title='bbox 2069 3078 2344 3134; x_wconf 68' lang='lat' dir='ltr'><strong>daemonas</strong></span> <span class='ocrx_word' id='word_1_435' title='bbox 2371 3074 2680 3145; x_wconf 80' lang='lat' dir='ltr'><strong>expulimus</strong></span> <span class='ocrx_word' id='word_1_436' title='bbox 2707 3091 2723 3141; x_wconf 91' lang='lat'><strong>;</strong></span> <span class='ocrx_word' id='word_1_437' title='bbox 2750 3081 2969 3150; x_wconf 84' lang='lat' dir='ltr'><strong>propter</strong></span> <span class='ocrx_word' id='word_1_438' title='bbox 2995 3083 3046 3127; x_wconf 94' lang='lat' dir='ltr'><strong>te</strong></span> <span class='ocrx_word' id='word_1_439' title='bbox 3070 3088 3290 3129; x_wconf 90' lang='lat' dir='ltr'><strong>carnem</strong></span> <span class='ocrx_word' id='word_1_440' title='bbox 3323 3089 3445 3130; x_wconf 90' lang='lat' dir='ltr'><strong>ma-</strong></span> 
     </span>
    </p>
   </div>
   <div class='ocr_carea' id='block_1_62' title="bbox 1866 3164 3444 3239">
    <p class='ocr_par' dir='ltr' id='par_1_62' title="bbox 1866 3164 3444 3239">
     <span class='ocr_line' id='line_1_62' title="bbox 1866 3164 3444 3239; baseline -0.004 -13"><span class='ocrx_word' id='word_1_441' title='bbox 1866 3169 2190 3236; x_wconf 87' lang='lat' dir='ltr'><strong>ceravimus,</strong></span> <span class='ocrx_word' id='word_1_442' title='bbox 2219 3176 2438 3239; x_wconf 88' lang='lat' dir='ltr'><strong>propter</strong></span> <span class='ocrx_word' id='word_1_443' title='bbox 2458 3175 2511 3221; x_wconf 89' lang='lat' dir='ltr'><strong>te</strong></span> <span class='ocrx_word' id='word_1_444' title='bbox 2540 3164 2899 3237; x_wconf 74' lang='lat' dir='ltr'><strong>virginitatem</strong></span> <span class='ocrx_word' id='word_1_445' title='bbox 2930 3164 3287 3231; x_wconf 85' lang='lat' dir='ltr'><strong>servavimus,</strong></span> <span class='ocrx_word' id='word_1_446' title='bbox 3313 3179 3444 3235; x_wconf 86' lang='lat' dir='ltr'><strong>pro-</strong></span> 
     </span>
    </p>
   </div>
   <div class='ocr_carea' id='block_1_63' title="bbox 213 3240 1768 3340">
    <p class='ocr_par' dir='ltr' id='par_1_63' title="bbox 213 3240 1757 3340">
     <span class='ocr_line' id='line_1_63' title="bbox 213 3240 1757 3340; baseline 0.01 -33"><span class='ocrx_word' id='word_1_447' title='bbox 213 3256 477 3328; x_wconf 80' lang='grc' dir='ltr'>παρθενίαν</span> <span class='ocrx_word' id='word_1_448' title='bbox 501 3240 872 3331; x_wconf 79' lang='grc' dir='ltr'>ἐφυλάξαμεν,</span> <span class='ocrx_word' id='word_1_449' title='bbox 907 3261 994 3315; x_wconf 88' lang='grc' dir='ltr'><strong>διά</strong></span> <span class='ocrx_word' id='word_1_450' title='bbox 1025 3263 1083 3315; x_wconf 89' lang='grc' dir='ltr'><strong>σέ</strong></span> <span class='ocrx_word' id='word_1_451' title='bbox 1116 3240 1335 3332; x_wconf 84' lang='grc' dir='ltr'>ἁγνείαν</span> <span class='ocrx_word' id='word_1_452' title='bbox 1368 3240 1757 3340; x_wconf 78' lang='grc' dir='ltr'>ἐπισπασάμε-</span> 
     </span>
    </p>
   </div>
   <div class='ocr_carea' id='block_1_64' title="bbox 1872 3240 3445 3340">
    <p class='ocr_par' dir='ltr' id='par_1_64' title="bbox 1872 3256 3445 3334">
     <span class='ocr_line' id='line_1_64' title="bbox 1872 3256 3445 3334; baseline -0.003 -16"><span class='ocrx_word' id='word_1_453' title='bbox 1872 3271 1987 3334; x_wconf 86' lang='lat' dir='ltr'><strong>pter</strong></span> <span class='ocrx_word' id='word_1_454' title='bbox 2018 3271 2071 3317; x_wconf 88' lang='lat' dir='ltr'><strong>te</strong></span> <span class='ocrx_word' id='word_1_455' title='bbox 2099 3262 2406 3319; x_wconf 85' lang='lat' dir='ltr'><strong>castitatem</strong></span> <span class='ocrx_word' id='word_1_456' title='bbox 2437 3258 2595 3314; x_wconf 88' lang='lat' dir='ltr'><strong>nobis</strong></span> <span class='ocrx_word' id='word_1_457' title='bbox 2629 3256 2944 3321; x_wconf 84' lang='lat' dir='ltr'><strong>ascivimus,</strong></span> <span class='ocrx_word' id='word_1_458' title='bbox 2976 3265 3196 3327; x_wconf 86' lang='lat' dir='ltr'><strong>propter</strong></span> <span class='ocrx_word' id='word_1_459' title='bbox 3226 3266 3278 3312; x_wconf 90' lang='lat' dir='ltr'><strong>te</strong></span> <span class='ocrx_word' id='word_1_460' title='bbox 3313 3256 3445 3314; x_wconf 77' lang='lat' dir='ltr'><strong>iacti</strong></span> 
     </span>
    </p>
   </div>
   <div class='ocr_carea' id='block_1_65' title="bbox 212 3345 1757 3428">
    <p class='ocr_par' dir='ltr' id='par_1_65' title="bbox 212 3345 1757 3428">
     <span class='ocr_line' id='line_1_65' title="bbox 212 3345 1757 3428; baseline 0.009 -28"><span class='ocrx_word' id='word_1_461' title='bbox 212 3345 287 3409; x_wconf 87' lang='grc' dir='ltr'><strong>θα,</strong></span> <span class='ocrx_word' id='word_1_462' title='bbox 322 3347 402 3403; x_wconf 72' lang='grc' dir='ltr'>διὰ</span> <span class='ocrx_word' id='word_1_463' title='bbox 440 3350 499 3404; x_wconf 85' lang='grc' dir='ltr'>σὲ</span> <span class='ocrx_word' id='word_1_464' title='bbox 526 3351 784 3422; x_wconf 84' lang='grc' dir='ltr'>πάροικοι</span> <span class='ocrx_word' id='word_1_465' title='bbox 818 3352 919 3422; x_wconf 84' lang='grc' dir='ltr'>τῆς</span> <span class='ocrx_word' id='word_1_466' title='bbox 972 3353 1077 3424; x_wconf 85' lang='grc' dir='ltr'>γῆς</span> <span class='ocrx_word' id='word_1_467' title='bbox 1117 3355 1454 3427; x_wconf 79' lang='grc' dir='ltr'>ἐγενήθημεν</span> <span class='ocrx_word' id='word_1_468' title='bbox 1479 3357 1609 3428; x_wconf 78' lang='grc'>(55)·</span> <span class='ocrx_word' id='word_1_469' title='bbox 1662 3362 1757 3414; x_wconf 79' lang='grc' dir='ltr'><strong>καὶ</strong></span> 
     </span>
    </p>
   </div>
   <div class='ocr_carea' id='block_1_66' title="bbox 208 3435 1753 3520">
    <p class='ocr_par' dir='ltr' id='par_1_66' title="bbox 208 3435 1753 3520">
     <span class='ocr_line' id='line_1_66' title="bbox 208 3435 1753 3520; baseline 0.011 -30"><span class='ocrx_word' id='word_1_470' title='bbox 208 3435 381 3507; x_wconf 80' lang='grc' dir='ltr'>λέγεις·</span> <span class='ocrx_word' id='word_1_471' title='bbox 427 3447 551 3499; x_wconf 80' lang='grc' dir='ltr'>οὐκ</span> <span class='ocrx_word' id='word_1_472' title='bbox 601 3440 733 3499; x_wconf 76' lang='grc' dir='ltr'>οἴδα</span> <span class='ocrx_word' id='word_1_473' title='bbox 755 3444 910 3515; x_wconf 80' lang='grc' dir='ltr'>ὑμᾶς</span> <span class='ocrx_word' id='word_1_474' title='bbox 931 3462 945 3477; x_wconf 90' lang='grc'><strong>·</strong></span> <span class='ocrx_word' id='word_1_475' title='bbox 977 3445 1267 3503; x_wconf 77' lang='grc' dir='ltr'>ἀπέλθετε</span> <span class='ocrx_word' id='word_1_476' title='bbox 1290 3448 1391 3503; x_wconf 74' lang='grc' dir='ltr'>ἀπ’</span> <span class='ocrx_word' id='word_1_477' title='bbox 1413 3449 1594 3520; x_wconf 71' lang='grc' dir='ltr'>ἐμοῦ]</span> <span class='ocrx_word' id='word_1_478' title='bbox 1621 3453 1753 3506; x_wconf 88' lang='grc' dir='ltr'>Τότε</span> 
     </span>
    </p>
   </div>
   <div class='ocr_carea' id='block_1_67' title="bbox 1865 3345 3445 3415">
    <p class='ocr_par' dir='ltr' id='par_1_67' title="bbox 1865 3345 3445 3415">
     <span class='ocr_line' id='line_1_67' title="bbox 1865 3345 3445 3415; baseline -0.004 -4"><span class='ocrx_word' id='word_1_479' title='bbox 1865 3369 2055 3411; x_wconf 86' lang='lat' dir='ltr'><strong>sumus</strong></span> <span class='ocrx_word' id='word_1_480' title='bbox 2087 3353 2307 3408; x_wconf 77' lang='lat' dir='ltr'><strong>advenae</strong></span> <span class='ocrx_word' id='word_1_481' title='bbox 2329 3360 2486 3406; x_wconf 74' lang='lat' dir='ltr'><strong>terra:</strong></span> <span class='ocrx_word' id='word_1_482' title='bbox 2520 3368 2532 3403; x_wconf 92' lang='lat'><strong>:</strong></span> <span class='ocrx_word' id='word_1_483' title='bbox 2565 3358 2619 3403; x_wconf 92' lang='lat' dir='ltr'><strong>et</strong></span> <span class='ocrx_word' id='word_1_484' title='bbox 2643 3348 2745 3415; x_wconf 87' lang='lat' dir='ltr'><strong>ais,</strong></span> <span class='ocrx_word' id='word_1_485' title='bbox 2778 3345 2970 3403; x_wconf 81' lang='lat' dir='ltr'><strong>Nescio</strong></span> <span class='ocrx_word' id='word_1_486' title='bbox 3007 3363 3129 3414; x_wconf 80' lang='lat' dir='ltr'><strong>vos;</strong></span> <span class='ocrx_word' id='word_1_487' title='bbox 3190 3349 3445 3405; x_wconf 75' lang='lat' dir='ltr'><strong>discedite</strong></span> 
     </span>
    </p>
   </div>
   <div class='ocr_carea' id='block_1_68' title="bbox 1866 3438 3441 3513">
    <p class='ocr_par' dir='ltr' id='par_1_68' title="bbox 1866 3438 3441 3513">
     <span class='ocr_line' id='line_1_68' title="bbox 1866 3438 3441 3513; baseline -0.001 -12"><span class='ocrx_word' id='word_1_488' title='bbox 1866 3465 1899 3502; x_wconf 87' lang='lat' dir='ltr'><strong>a</strong></span> <span class='ocrx_word' id='word_1_489' title='bbox 1928 3458 2010 3501; x_wconf 83' lang='lat' dir='ltr'><strong>me</strong></span> <span class='ocrx_word' id='word_1_490' title='bbox 2038 3445 2113 3499; x_wconf 74' lang='lat' dir='ltr'><strong>&quot;i</strong></span> <span class='ocrx_word' id='word_1_491' title='bbox 2148 3443 2286 3500; x_wconf 84' lang='lat' dir='ltr'><strong>Tum</strong></span> <span class='ocrx_word' id='word_1_492' title='bbox 2317 3440 2662 3513; x_wconf 85' lang='lat' dir='ltr'><strong>respondebit</strong></span> <span class='ocrx_word' id='word_1_493' title='bbox 2709 3440 2873 3495; x_wconf 89' lang='lat' dir='ltr'><strong>etiam</strong></span> <span class='ocrx_word' id='word_1_494' title='bbox 2929 3438 3057 3506; x_wconf 85' lang='lat' dir='ltr'><strong>illis,</strong></span> <span class='ocrx_word' id='word_1_495' title='bbox 3100 3439 3187 3496; x_wconf 88' lang='lat' dir='ltr'><strong>bis</strong></span> <span class='ocrx_word' id='word_1_496' title='bbox 3216 3441 3396 3499; x_wconf 85' lang='lat' dir='ltr'><strong>verbis</strong></span> <span class='ocrx_word' id='word_1_497' title='bbox 3423 3466 3441 3506; x_wconf 87' lang='lat'><strong>:</strong></span> 
     </span>
    </p>
   </div>
   <div class='ocr_carea' id='block_1_69' title="bbox 211 3526 1768 3613">
    <p class='ocr_par' dir='ltr' id='par_1_69' title="bbox 211 3526 1753 3613">
     <span class='ocr_line' id='line_1_69' title="bbox 211 3526 1753 3613; baseline 0.011 -33"><span class='ocrx_word' id='word_1_498' title='bbox 211 3526 614 3603; x_wconf 81' lang='grc' dir='ltr'>ἀποκριθήσεται</span> <span class='ocrx_word' id='word_1_499' title='bbox 660 3534 755 3588; x_wconf 72' lang='grc' dir='ltr'><strong>καὶ</strong></span> <span class='ocrx_word' id='word_1_500' title='bbox 790 3534 972 3599; x_wconf 81' lang='grc' dir='ltr'>αὐτοῖς</span> <span class='ocrx_word' id='word_1_501' title='bbox 1010 3534 1201 3605; x_wconf 82' lang='grc' dir='ltr'>λέγων·</span> <span class='ocrx_word' id='word_1_502' title='bbox 1250 3537 1643 3612; x_wconf 81' lang='grc' dir='ltr'>Ὠμολογήσατέ</span> <span class='ocrx_word' id='word_1_503' title='bbox 1684 3561 1753 3613; x_wconf 85' lang='grc' dir='ltr'><strong>με</strong></span> 
     </span>
    </p>
   </div>
   <div class='ocr_carea' id='block_1_70' title="bbox 1872 3526 3440 3613">
    <p class='ocr_par' dir='ltr' id='par_1_70' title="bbox 1872 3530 3440 3594">
     <span class='ocr_line' id='line_1_70' title="bbox 1872 3530 3440 3594; baseline -0.003 -2"><span class='ocrx_word' id='word_1_504' title='bbox 1872 3535 2110 3592; x_wconf 80' lang='lat' dir='ltr'><strong>Confessi</strong></span> <span class='ocrx_word' id='word_1_505' title='bbox 2137 3534 2270 3590; x_wconf 87' lang='lat' dir='ltr'><strong>estis</strong></span> <span class='ocrx_word' id='word_1_506' title='bbox 2311 3547 2399 3587; x_wconf 90' lang='lat' dir='ltr'><strong>me</strong></span> <span class='ocrx_word' id='word_1_507' title='bbox 2434 3532 2744 3594; x_wconf 89' lang='lat' dir='ltr'><strong>Dominum,</strong></span> <span class='ocrx_word' id='word_1_508' title='bbox 2793 3530 2885 3585; x_wconf 90' lang='lat' dir='ltr'><strong>sed</strong></span> <span class='ocrx_word' id='word_1_509' title='bbox 2924 3530 3103 3585; x_wconf 79' lang='lat' dir='ltr'><strong>verbis</strong></span> <span class='ocrx_word' id='word_1_510' title='bbox 3142 3533 3279 3588; x_wconf 83' lang='lat' dir='ltr'><strong>meis</strong></span> <span class='ocrx_word' id='word_1_511' title='bbox 3330 3548 3440 3588; x_wconf 90' lang='lat' dir='ltr'><strong>non</strong></span> 
     </span>
    </p>
   </div>
   <div class='ocr_carea' id='block_1_71' title="bbox 209 3618 1750 3707">
    <p class='ocr_par' dir='ltr' id='par_1_71' title="bbox 209 3618 1750 3707">
     <span class='ocr_line' id='line_1_71' title="bbox 209 3618 1750 3707; baseline 0.014 -37"><span class='ocrx_word' id='word_1_512' title='bbox 209 3618 474 3696; x_wconf 85' lang='grc' dir='ltr'>Δεσπότην,</span> <span class='ocrx_word' id='word_1_513' title='bbox 507 3625 648 3681; x_wconf 88' lang='grc' dir='ltr'><strong>ἀλλά</strong></span> <span class='ocrx_word' id='word_1_514' title='bbox 678 3628 791 3690; x_wconf 84' lang='grc' dir='ltr'>τοῖς</span> <span class='ocrx_word' id='word_1_515' title='bbox 814 3625 994 3698; x_wconf 84' lang='grc' dir='ltr'>λόγοις</span> <span class='ocrx_word' id='word_1_516' title='bbox 1015 3645 1116 3699; x_wconf 88' lang='grc' dir='ltr'><strong>μου</strong></span> <span class='ocrx_word' id='word_1_517' title='bbox 1153 3629 1252 3683; x_wconf 86' lang='grc' dir='ltr'><strong>ούκ</strong></span> <span class='ocrx_word' id='word_1_518' title='bbox 1280 3631 1388 3702; x_wconf 77' lang='grc'><strong>(54)</strong></span> <span class='ocrx_word' id='word_1_519' title='bbox 1423 3632 1750 3707; x_wconf 82' lang='grc' dir='ltr'>ἐπειθαρχή-</span> 
     </span>
    </p>
   </div>
   <div class='ocr_carea' id='block_1_72' title="bbox 211 3713 1753 3797">
    <p class='ocr_par' dir='ltr' id='par_1_72' title="bbox 211 3713 1753 3797">
     <span class='ocr_line' id='line_1_72' title="bbox 211 3713 1753 3797; baseline 0.01 -33"><span class='ocrx_word' id='word_1_520' title='bbox 211 3724 340 3765; x_wconf 67' lang='lat' dir='ltr'><strong>cura.</strong></span> <span class='ocrx_word' id='word_1_521' title='bbox 374 3713 477 3786; x_wconf 78' lang='grc' dir='ltr'><strong>Τὴν</strong></span> <span class='ocrx_word' id='word_1_522' title='bbox 506 3716 786 3788; x_wconf 84' lang='grc' dir='ltr'>σφραγῖδα</span> <span class='ocrx_word' id='word_1_523' title='bbox 813 3716 908 3770; x_wconf 81' lang='grc' dir='ltr'>τοῦ</span> <span class='ocrx_word' id='word_1_524' title='bbox 944 3717 1178 3793; x_wconf 88' lang='grc' dir='ltr'>σταυροῦ</span> <span class='ocrx_word' id='word_1_525' title='bbox 1220 3739 1320 3792; x_wconf 91' lang='grc' dir='ltr'><strong>μου</strong></span> <span class='ocrx_word' id='word_1_526' title='bbox 1357 3723 1753 3797; x_wconf 83' lang='grc' dir='ltr'>ἐσημειώθητε,</span> 
     </span>
    </p>
   </div>
   <div class='ocr_carea' id='block_1_73' title="bbox 209 3802 1759 3890">
    <p class='ocr_par' dir='ltr' id='par_1_73' title="bbox 209 3802 1759 3890">
     <span class='ocr_line' id='line_1_73' title="bbox 209 3802 1759 3890; baseline 0.008 -30"><span class='ocrx_word' id='word_1_527' title='bbox 209 3802 324 3859; x_wconf 77' lang='grc' dir='ltr'><strong>ἀλλά</strong></span> <span class='ocrx_word' id='word_1_528' title='bbox 368 3809 571 3883; x_wconf 82' lang='grc' dir='ltr'>ταύτην</span> <span class='ocrx_word' id='word_1_529' title='bbox 623 3810 964 3885; x_wconf 72' lang='grc' dir='ltr'>ἀσπλαγχνίᾳ</span> <span class='ocrx_word' id='word_1_530' title='bbox 1017 3815 1338 3883; x_wconf 71' lang='grc' dir='ltr'>ἠφανίσατε.</span> <span class='ocrx_word' id='word_1_531' title='bbox 1373 3816 1446 3871; x_wconf 83' lang='grc' dir='ltr'>Τὸ</span> <span class='ocrx_word' id='word_1_532' title='bbox 1479 3815 1759 3890; x_wconf 87' lang='grc' dir='ltr'>βάπτισμά</span> 
     </span>
    </p>
   </div>
   <div class='ocr_carea' id='block_1_74' title="bbox 211 3899 1765 3983">
    <p class='ocr_par' dir='ltr' id='par_1_74' title="bbox 211 3899 1765 3983">
     <span class='ocr_line' id='line_1_74' title="bbox 211 3899 1765 3983; baseline 0.009 -33"><span class='ocrx_word' id='word_1_533' title='bbox 211 3910 298 3963; x_wconf 84' lang='grc' dir='ltr'><strong>μου</strong></span> <span class='ocrx_word' id='word_1_534' title='bbox 328 3899 563 3967; x_wconf 75' lang='grc' dir='ltr'>ἐλάσετε,</span> <span class='ocrx_word' id='word_1_535' title='bbox 598 3902 734 3958; x_wconf 87' lang='grc' dir='ltr'><strong>ἀλλά</strong></span> <span class='ocrx_word' id='word_1_536' title='bbox 763 3904 863 3969; x_wconf 82' lang='grc' dir='ltr'>τὰς</span> <span class='ocrx_word' id='word_1_537' title='bbox 898 3905 1115 3971; x_wconf 87' lang='grc' dir='ltr'>ἐντολάς</span> <span class='ocrx_word' id='word_1_538' title='bbox 1157 3925 1258 3979; x_wconf 87' lang='grc' dir='ltr'><strong>μου</strong></span> <span class='ocrx_word' id='word_1_539' title='bbox 1302 3908 1402 3962; x_wconf 85' lang='grc' dir='ltr'><strong>ούκ</strong></span> <span class='ocrx_word' id='word_1_540' title='bbox 1444 3909 1765 3983; x_wconf 61' lang='grc' dir='ltr'>ἐφυλάξατε,</span> 
     </span>
    </p>
   </div>
   <div class='ocr_carea' id='block_1_75' title="bbox 208 3983 1768 4074">
    <p class='ocr_par' dir='ltr' id='par_1_75' title="bbox 208 3983 1768 4074">
     <span class='ocr_line' id='line_1_75' title="bbox 208 3983 1768 4074; baseline 0.012 -38"><span class='ocrx_word' id='word_1_541' title='bbox 208 3983 270 4037; x_wconf 77' lang='grc' dir='ltr'><strong>Τὸ</strong></span> <span class='ocrx_word' id='word_1_542' title='bbox 294 3986 440 4059; x_wconf 85' lang='grc' dir='ltr'>σῶμα</span> <span class='ocrx_word' id='word_1_543' title='bbox 475 3991 592 4064; x_wconf 80' lang='grc'><strong>(55)</strong></span> <span class='ocrx_word' id='word_1_544' title='bbox 633 3995 697 4065; x_wconf 80' lang='grc' dir='ltr'>τῇ</span> <span class='ocrx_word' id='word_1_545' title='bbox 745 3993 1013 4068; x_wconf 79' lang='grc' dir='ltr'>παρθενίᾳ</span> <span class='ocrx_word' id='word_1_546' title='bbox 1041 3997 1477 4067; x_wconf 82' lang='grc' dir='ltr'>κατεδαμάσατε,</span> <span class='ocrx_word' id='word_1_547' title='bbox 1509 4000 1644 4055; x_wconf 81' lang='grc' dir='ltr'><strong>ἀλλά</strong></span> <span class='ocrx_word' id='word_1_548' title='bbox 1670 4001 1768 4074; x_wconf 82' lang='grc' dir='ltr'><strong>τὴν</strong></span> 
     </span>
    </p>
   </div>
   <div class='ocr_carea' id='block_1_76' title="bbox 209 4074 1770 4161">
    <p class='ocr_par' dir='ltr' id='par_1_76' title="bbox 209 4074 1770 4161">
     <span class='ocr_line' id='line_1_76' title="bbox 209 4074 1770 4161; baseline 0.01 -32"><span class='ocrx_word' id='word_1_549' title='bbox 209 4074 546 4154; x_wconf 72' lang='grc' dir='ltr'>ἐλεημοσύνην</span> <span class='ocrx_word' id='word_1_550' title='bbox 589 4083 691 4137; x_wconf 90' lang='grc' dir='ltr'><strong>ούκ</strong></span> <span class='ocrx_word' id='word_1_551' title='bbox 728 4083 1048 4153; x_wconf 77' lang='grc' dir='ltr'>ἐφυλάξατε,</span> <span class='ocrx_word' id='word_1_552' title='bbox 1096 4085 1231 4141; x_wconf 83' lang='grc' dir='ltr'>ἀλλὰ</span> <span class='ocrx_word' id='word_1_553' title='bbox 1273 4089 1373 4159; x_wconf 81' lang='grc' dir='ltr'>τὴν</span> <span class='ocrx_word' id='word_1_554' title='bbox 1419 4089 1770 4161; x_wconf 80' lang='grc' dir='ltr'>μισαδελφίαν</span> 
     </span>
    </p>
   </div>
   <div class='ocr_carea' id='block_1_77' title="bbox 207 4169 1769 4254">
    <p class='ocr_par' dir='ltr' id='par_1_77' title="bbox 207 4169 1769 4254">
     <span class='ocr_line' id='line_1_77' title="bbox 207 4169 1769 4254; baseline 0.01 -30"><span class='ocrx_word' id='word_1_555' title='bbox 207 4169 262 4222; x_wconf 77' lang='grc' dir='ltr'><strong>ἐκ</strong></span> <span class='ocrx_word' id='word_1_556' title='bbox 286 4172 383 4227; x_wconf 83' lang='grc' dir='ltr'><strong>τῶν</strong></span> <span class='ocrx_word' id='word_1_557' title='bbox 403 4175 686 4249; x_wconf 76' lang='grc' dir='ltr'>ὑμετέρων</span> <span class='ocrx_word' id='word_1_558' title='bbox 705 4175 893 4248; x_wconf 77' lang='grc' dir='ltr'>ψυχῶν</span> <span class='ocrx_word' id='word_1_559' title='bbox 918 4179 1018 4231; x_wconf 84' lang='grc' dir='ltr'><strong>ούκ</strong></span> <span class='ocrx_word' id='word_1_560' title='bbox 1043 4180 1343 4252; x_wconf 77' lang='grc' dir='ltr'>ἐσοόήσατε</span> <span class='ocrx_word' id='word_1_561' title='bbox 1368 4182 1504 4254; x_wconf 75' lang='grc'><strong>(56).</strong></span> <span class='ocrx_word' id='word_1_562' title='bbox 1544 4186 1626 4237; x_wconf 86' lang='grc' dir='ltr'><strong>Οὐ</strong></span> <span class='ocrx_word' id='word_1_563' title='bbox 1660 4182 1769 4254; x_wconf 73' lang='grc' dir='ltr'>γὰρ</span> 
     </span>
    </p>
   </div>
   <div class='ocr_carea' id='block_1_78' title="bbox 1857 3622 3444 3701">
    <p class='ocr_par' dir='ltr' id='par_1_78' title="bbox 1857 3622 3444 3701">
     <span class='ocr_line' id='line_1_78' title="bbox 1857 3622 3444 3701; baseline -0.002 -17"><span class='ocrx_word' id='word_1_564' title='bbox 1857 3629 2132 3701; x_wconf 77' lang='lat' dir='ltr'><strong>paruistis.</strong></span> <span class='ocrx_word' id='word_1_565' title='bbox 2179 3624 2347 3696; x_wconf 80' lang='lat' dir='ltr'><strong>Signo</strong></span> <span class='ocrx_word' id='word_1_566' title='bbox 2380 3623 2558 3680; x_wconf 88' lang='lat' dir='ltr'><strong>crucis</strong></span> <span class='ocrx_word' id='word_1_567' title='bbox 2596 3638 2730 3678; x_wconf 68' lang='lat' dir='ltr'><strong>mea:</strong></span> <span class='ocrx_word' id='word_1_568' title='bbox 2778 3622 2950 3676; x_wconf 88' lang='lat' dir='ltr'><strong>notati</strong></span> <span class='ocrx_word' id='word_1_569' title='bbox 2991 3624 3152 3689; x_wconf 79' lang='lat' dir='ltr'><strong>estis,</strong></span> <span class='ocrx_word' id='word_1_570' title='bbox 3189 3626 3282 3679; x_wconf 88' lang='lat' dir='ltr'><strong>sed</strong></span> <span class='ocrx_word' id='word_1_571' title='bbox 3336 3625 3444 3681; x_wconf 87' lang='lat' dir='ltr'><strong>hoc</strong></span> 
     </span>
    </p>
   </div>
   <div class='ocr_carea' id='block_1_79' title="bbox 1863 3714 3438 3787">
    <p class='ocr_par' dir='ltr' id='par_1_79' title="bbox 1863 3714 3438 3787">
     <span class='ocr_line' id='line_1_79' title="bbox 1863 3714 3438 3787; baseline -0.003 -12"><span class='ocrx_word' id='word_1_572' title='bbox 1863 3719 2029 3775; x_wconf 89' lang='lat' dir='ltr'><strong>animi</strong></span> <span class='ocrx_word' id='word_1_573' title='bbox 2052 3717 2253 3774; x_wconf 90' lang='lat' dir='ltr'><strong>duritia</strong></span> <span class='ocrx_word' id='word_1_574' title='bbox 2277 3716 2571 3772; x_wconf 81' lang='lat' dir='ltr'><strong>delevistis.</strong></span> <span class='ocrx_word' id='word_1_575' title='bbox 2599 3714 2874 3785; x_wconf 75' lang='lat' dir='ltr'><strong>Baptisms</strong></span> <span class='ocrx_word' id='word_1_576' title='bbox 2902 3730 3082 3769; x_wconf 87' lang='lat' dir='ltr'><strong>meum</strong></span> <span class='ocrx_word' id='word_1_577' title='bbox 3112 3716 3438 3787; x_wconf 85' lang='lat' dir='ltr'><strong>recepistis;</strong></span> 
     </span>
    </p>
   </div>
   <div class='ocr_carea' id='block_1_80' title="bbox 1864 3804 3439 3890">
    <p class='ocr_par' dir='ltr' id='par_1_80' title="bbox 1864 3804 3439 3890">
     <span class='ocr_line' id='line_1_80' title="bbox 1864 3804 3439 3890; baseline -0.004 -21"><span class='ocrx_word' id='word_1_578' title='bbox 1864 3822 1920 3869; x_wconf 87' lang='lat' dir='ltr'><strong>at</strong></span> <span class='ocrx_word' id='word_1_579' title='bbox 1944 3820 2212 3884; x_wconf 68' lang='lat' dir='ltr'><strong>praecepta</strong></span> <span class='ocrx_word' id='word_1_580' title='bbox 2240 3824 2362 3890; x_wconf 80' lang='lat' dir='ltr'><strong>mea</strong></span> <span class='ocrx_word' id='word_1_581' title='bbox 2394 3823 2498 3863; x_wconf 90' lang='lat' dir='ltr'><strong>non</strong></span> <span class='ocrx_word' id='word_1_582' title='bbox 2528 3807 2808 3885; x_wconf 84' lang='lat' dir='ltr'><strong>servastis,</strong></span> <span class='ocrx_word' id='word_1_583' title='bbox 2832 3814 2887 3860; x_wconf 87' lang='lat' dir='ltr'><strong>at</strong></span> <span class='ocrx_word' id='word_1_584' title='bbox 2913 3806 3098 3860; x_wconf 88' lang='lat' dir='ltr'><strong>odium</strong></span> <span class='ocrx_word' id='word_1_585' title='bbox 3138 3804 3439 3864; x_wconf 82' lang='lat' dir='ltr'><strong>fraternum</strong></span> 
     </span>
    </p>
   </div>
   <div class='ocr_carea' id='block_1_81' title="bbox 1865 3894 3435 3961">
    <p class='ocr_par' dir='ltr' id='par_1_81' title="bbox 1865 3894 3435 3961">
     <span class='ocr_line' id='line_1_81' title="bbox 1865 3894 3435 3961; baseline -0.006 0"><span class='ocrx_word' id='word_1_586' title='bbox 1865 3920 1928 3961; x_wconf 78' lang='lat' dir='ltr'><strong>ex</strong></span> <span class='ocrx_word' id='word_1_587' title='bbox 1960 3902 2160 3959; x_wconf 90' lang='lat' dir='ltr'><strong>animis</strong></span> <span class='ocrx_word' id='word_1_588' title='bbox 2190 3900 2387 3957; x_wconf 89' lang='lat' dir='ltr'><strong>vestris</strong></span> <span class='ocrx_word' id='word_1_589' title='bbox 2410 3914 2517 3954; x_wconf 92' lang='lat' dir='ltr'><strong>non</strong></span> <span class='ocrx_word' id='word_1_590' title='bbox 2544 3897 2885 3954; x_wconf 79' lang='lat' dir='ltr'><strong>excussistis.</strong></span> <span class='ocrx_word' id='word_1_591' title='bbox 2924 3894 3049 3950; x_wconf 85' lang='lat' dir='ltr'><strong>Non</strong></span> <span class='ocrx_word' id='word_1_592' title='bbox 3085 3898 3226 3952; x_wconf 89' lang='lat' dir='ltr'><strong>enim</strong></span> <span class='ocrx_word' id='word_1_593' title='bbox 3262 3900 3435 3952; x_wconf 68' lang='lat' dir='ltr'><strong>enini:</strong></span> 
     </span>
    </p>
   </div>
   <div class='ocr_carea' id='block_1_82' title="bbox 1865 3987 3437 4068">
    <p class='ocr_par' dir='ltr' id='par_1_82' title="bbox 1865 3987 3437 4068">
     <span class='ocr_line' id='line_1_82' title="bbox 1865 3987 3437 4068; baseline -0.006 -17"><span class='ocrx_word' id='word_1_594' title='bbox 1865 3996 1956 4068; x_wconf 91' lang='lat' dir='ltr'><strong>qui</strong></span> <span class='ocrx_word' id='word_1_595' title='bbox 2008 3996 2138 4049; x_wconf 86' lang='lat' dir='ltr'><strong>dicit</strong></span> <span class='ocrx_word' id='word_1_596' title='bbox 2174 3993 2328 4059; x_wconf 84' lang='lat' dir='ltr'><strong>mihi,</strong></span> <span class='ocrx_word' id='word_1_597' title='bbox 2375 3989 2616 4056; x_wconf 84' lang='lat' dir='ltr'><strong>Domine,</strong></span> <span class='ocrx_word' id='word_1_598' title='bbox 2666 3988 2908 4052; x_wconf 84' lang='lat' dir='ltr'><strong>Domine,</strong></span> <span class='ocrx_word' id='word_1_599' title='bbox 2958 3987 3292 4054; x_wconf 78' lang='lat' dir='ltr'><strong>satvabitur;</strong></span> <span class='ocrx_word' id='word_1_600' title='bbox 3344 3990 3437 4047; x_wconf 82' lang='lat' dir='ltr'><strong>sed</strong></span> 
     </span>
    </p>
   </div>
   <div class='ocr_carea' id='block_1_83' title="bbox 1866 4078 3440 4158">
    <p class='ocr_par' dir='ltr' id='par_1_83' title="bbox 1866 4078 3440 4158">
     <span class='ocr_line' id='line_1_83' title="bbox 1866 4078 3440 4158; baseline -0.003 -16"><span class='ocrx_word' id='word_1_601' title='bbox 1866 4088 1957 4158; x_wconf 86' lang='lat' dir='ltr'><strong>qui</strong></span> <span class='ocrx_word' id='word_1_602' title='bbox 1989 4086 2150 4157; x_wconf 78' lang='lat' dir='ltr'><strong>faciet</strong></span> <span class='ocrx_word' id='word_1_603' title='bbox 2176 4083 2497 4139; x_wconf 74' lang='lat' dir='ltr'><strong>voluntatem</strong></span> <span class='ocrx_word' id='word_1_604' title='bbox 2526 4095 2694 4134; x_wconf 86' lang='lat' dir='ltr'><strong>meam</strong></span> <span class='ocrx_word' id='word_1_605' title='bbox 2727 4079 2881 4133; x_wconf 82' lang='lat'><strong>&quot;.—</strong></span> <span class='ocrx_word' id='word_1_606' title='bbox 2900 4078 2969 4132; x_wconf 85' lang='lat' dir='ltr'><strong>Et</strong></span> <span class='ocrx_word' id='word_1_607' title='bbox 2999 4079 3265 4135; x_wconf 81' lang='lat' dir='ltr'><strong>discedent</strong></span> <span class='ocrx_word' id='word_1_608' title='bbox 3294 4080 3349 4134; x_wconf 86' lang='lat' dir='ltr'><strong>hi</strong></span> <span class='ocrx_word' id='word_1_609' title='bbox 3381 4082 3440 4137; x_wconf 86' lang='lat' dir='ltr'><strong>in</strong></span> 
     </span>
    </p>
   </div>
   <div class='ocr_carea' id='block_1_84' title="bbox 1868 4175 3471 4249">
    <p class='ocr_par' dir='ltr' id='par_1_84' title="bbox 1868 4175 3471 4249">
     <span class='ocr_line' id='line_1_84' title="bbox 1868 4175 3471 4249; baseline 0.001 -15"><span class='ocrx_word' id='word_1_610' title='bbox 1868 4178 2180 4249; x_wconf 84' lang='lat' dir='ltr'><strong>supplicium</strong></span> <span class='ocrx_word' id='word_1_611' title='bbox 2202 4187 2452 4231; x_wconf 64' lang='lat' dir='ltr'><strong>aeternum</strong></span> <span class='ocrx_word' id='word_1_612' title='bbox 2472 4191 2489 4239; x_wconf 90' lang='lat'><strong>;</strong></span> <span class='ocrx_word' id='word_1_613' title='bbox 2512 4175 2645 4245; x_wconf 83' lang='lat' dir='ltr'><strong>justi</strong></span> <span class='ocrx_word' id='word_1_614' title='bbox 2672 4176 2860 4230; x_wconf 84' lang='lat' dir='ltr'><strong>veroin</strong></span> <span class='ocrx_word' id='word_1_615' title='bbox 2889 4177 3050 4230; x_wconf 82' lang='lat' dir='ltr'><strong>vitam</strong></span> <span class='ocrx_word' id='word_1_616' title='bbox 3096 4188 3349 4231; x_wconf 68' lang='lat' dir='ltr'><strong>arternam</strong></span> <span class='ocrx_word' id='word_1_617' title='bbox 3369 4176 3434 4235; x_wconf 80' lang='grc'><strong>³⁸.</strong></span> <span class='ocrx_word' id='word_1_618' title='bbox 3468 4198 3471 4203; x_wconf 93' lang='grc'><strong>·</strong></span> 
     </span>
    </p>
   </div>
   <div class='ocr_carea' id='block_1_85' title="bbox 207 4261 3439 4345">
    <p class='ocr_par' dir='ltr' id='par_1_85' title="bbox 207 4261 3439 4345">
     <span class='ocr_line' id='line_1_85' title="bbox 207 4261 3439 4345; baseline 0.002 -24"><span class='ocrx_word' id='word_1_619' title='bbox 207 4261 308 4331; x_wconf 70' lang='grc' dir='ltr'><strong>πᾶς</strong></span> <span class='ocrx_word' id='word_1_620' title='bbox 318 4264 649 4340; x_wconf 52' lang='grc' dir='ltr'>ὅστε-,λέγει</span> <span class='ocrx_word' id='word_1_621' title='bbox 672 4286 800 4339; x_wconf 81' lang='grc' dir='ltr'>μοι,</span> <span class='ocrx_word' id='word_1_622' title='bbox 826 4273 1021 4341; x_wconf 82' lang='grc' dir='ltr'>Κύριε,</span> <span class='ocrx_word' id='word_1_623' title='bbox 1054 4275 1251 4342; x_wconf 81' lang='grc' dir='ltr'>Κύριε,</span> <span class='ocrx_word' id='word_1_624' title='bbox 1272 4276 1630 4345; x_wconf 71' lang='grc' dir='ltr'>σωθήσεται,</span> <span class='ocrx_word' id='word_1_625' title='bbox 1651 4277 1789 4333; x_wconf 70' lang='grc' dir='ltr'><strong>ἀλλ’</strong></span> <span class='ocrx_word' id='word_1_626' title='bbox 1823 4278 1856 4330; x_wconf 85' lang='lat' dir='ltr'><strong>d</strong></span> <span class='ocrx_word' id='word_1_627' title='bbox 1889 4272 2076 4328; x_wconf 77' lang='grc' dir='ltr'>ποιῶν</span> <span class='ocrx_word' id='word_1_628' title='bbox 2099 4274 2161 4327; x_wconf 84' lang='grc' dir='ltr'>τὸ</span> <span class='ocrx_word' id='word_1_629' title='bbox 2188 4270 2417 4342; x_wconf 77' lang='grc' dir='ltr'>θέλημά</span> <span class='ocrx_word' id='word_1_630' title='bbox 2431 4261 2656 4342; x_wconf 47' lang='grc' dir='ltr'>μουᾙὲ-</span> <span class='ocrx_word' id='word_1_631' title='bbox 2671 4270 2778 4326; x_wconf 77' lang='grc' dir='ltr'><strong>Καὶ</strong></span> <span class='ocrx_word' id='word_1_632' title='bbox 2804 4272 3240 4326; x_wconf 81' lang='grc' dir='ltr'>ἀπελεύσονται</span> <span class='ocrx_word' id='word_1_633' title='bbox 3273 4266 3439 4329; x_wconf 74' lang='grc' dir='ltr'>οὗτοι</span> 
     </span>
    </p>
   </div>
   <div class='ocr_carea' id='block_1_86' title="bbox 204 4358 1841 4442">
    <p class='ocr_par' dir='ltr' id='par_1_86' title="bbox 204 4358 1841 4442">
     <span class='ocr_line' id='line_1_86' title="bbox 204 4358 1841 4442; baseline 0.009 -32"><span class='ocrx_word' id='word_1_634' title='bbox 204 4358 278 4423; x_wconf 77' lang='grc' dir='ltr'>εις</span> <span class='ocrx_word' id='word_1_635' title='bbox 302 4362 545 4419; x_wconf 72' lang='grc' dir='ltr'>κόλασιν</span> <span class='ocrx_word' id='word_1_636' title='bbox 571 4363 839 4419; x_wconf 72' lang='grc' dir='ltr'>αἰώνιονσ</span> <span class='ocrx_word' id='word_1_637' title='bbox 869 4369 923 4421; x_wconf 83' lang='grc' dir='ltr'>οὶ</span> <span class='ocrx_word' id='word_1_638' title='bbox 950 4367 1018 4421; x_wconf 82' lang='grc' dir='ltr'>δὲ</span> <span class='ocrx_word' id='word_1_639' title='bbox 1043 4367 1258 4424; x_wconf 76' lang='grc' dir='ltr'>δίκαιοι</span> <span class='ocrx_word' id='word_1_640' title='bbox 1285 4374 1373 4437; x_wconf 84' lang='grc' dir='ltr'>εἰς</span> <span class='ocrx_word' id='word_1_641' title='bbox 1401 4371 1560 4442; x_wconf 76' lang='grc' dir='ltr'>ζωὴν</span> <span class='ocrx_word' id='word_1_642' title='bbox 1580 4373 1841 4427; x_wconf 67' lang='grc' dir='ltr'>αἰώνιον.</span> 
     </span>
    </p>
   </div>
   <div class='ocr_carea' id='block_1_87' title="bbox 268 4452 1768 4542">
    <p class='ocr_par' dir='ltr' id='par_1_87' title="bbox 268 4452 1742 4542">
     <span class='ocr_line' id='line_1_87' title="bbox 268 4452 1742 4542; baseline 0.01 -34"><span class='ocrx_word' id='word_1_643' title='bbox 268 4452 435 4513; x_wconf 78' lang='lat' dir='ltr'><strong>XLIX.</strong></span> <span class='ocrx_word' id='word_1_644' title='bbox 505 4459 842 4527; x_wconf 86' lang='grc' dir='ltr'>Ἠκούσατε,</span> <span class='ocrx_word' id='word_1_645' title='bbox 891 4462 1185 4534; x_wconf 73' lang='grc' dir='ltr'>ἀγαπητοὶ,</span> <span class='ocrx_word' id='word_1_646' title='bbox 1231 4466 1326 4520; x_wconf 84' lang='grc' dir='ltr'>τοῦ</span> <span class='ocrx_word' id='word_1_647' title='bbox 1376 4469 1583 4542; x_wconf 80' lang='grc' dir='ltr'>Κυρίου</span> <span class='ocrx_word' id='word_1_648' title='bbox 1641 4469 1742 4541; x_wconf 83' lang='grc' dir='ltr'>τὴν</span> 
     </span>
    </p>
   </div>
   <div class='ocr_carea' id='block_1_88' title="bbox 1872 4452 3433 4542">
    <p class='ocr_par' dir='ltr' id='par_1_88' title="bbox 1935 4461 3433 4534">
     <span class='ocr_line' id='line_1_88' title="bbox 1935 4461 3433 4534; baseline -0.001 -14"><span class='ocrx_word' id='word_1_649' title='bbox 1935 4464 2121 4521; x_wconf 74' lang='lat' dir='ltr'><strong>XLIX.</strong></span> <span class='ocrx_word' id='word_1_650' title='bbox 2165 4465 2427 4532; x_wconf 85' lang='lat' dir='ltr'><strong>Audistis,</strong></span> <span class='ocrx_word' id='word_1_651' title='bbox 2467 4465 2672 4532; x_wconf 89' lang='lat' dir='ltr'><strong>dilecti,</strong></span> <span class='ocrx_word' id='word_1_652' title='bbox 2722 4463 3135 4534; x_wconf 89' lang='lat' dir='ltr'><strong>responsionem</strong></span> <span class='ocrx_word' id='word_1_653' title='bbox 3174 4461 3433 4529; x_wconf 90' lang='lat' dir='ltr'><strong>Domini,</strong></span> 
     </span>
    </p>
   </div>
   <div class='ocr_carea' id='block_1_89' title="bbox 205 4545 1751 4634">
    <p class='ocr_par' dir='ltr' id='par_1_89' title="bbox 205 4545 1751 4634">
     <span class='ocr_line' id='line_1_89' title="bbox 205 4545 1751 4634; baseline 0.011 -34"><span class='ocrx_word' id='word_1_654' title='bbox 205 4545 491 4622; x_wconf 79' lang='grc' dir='ltr'>ἀπόκρισιν·</span> <span class='ocrx_word' id='word_1_655' title='bbox 548 4552 750 4623; x_wconf 73' lang='grc' dir='ltr'>ἔγνωτε</span> <span class='ocrx_word' id='word_1_656' title='bbox 788 4554 882 4609; x_wconf 79' lang='grc' dir='ltr'><strong>τοῦ</strong></span> <span class='ocrx_word' id='word_1_657' title='bbox 931 4557 1119 4629; x_wconf 83' lang='grc' dir='ltr'>κριτοῦ</span> <span class='ocrx_word' id='word_1_658' title='bbox 1148 4559 1247 4631; x_wconf 78' lang='grc' dir='ltr'><strong>τὴν</strong></span> <span class='ocrx_word' id='word_1_659' title='bbox 1274 4560 1576 4631; x_wconf 79' lang='grc' dir='ltr'>ἀπόφασιν·</span> <span class='ocrx_word' id='word_1_660' title='bbox 1613 4563 1751 4634; x_wconf 85' lang='grc' dir='ltr'>ἐμά-</span> 
     </span>
    </p>
   </div>
   <div class='ocr_carea' id='block_1_90' title="bbox 206 4634 1756 4723">
    <p class='ocr_par' dir='ltr' id='par_1_90' title="bbox 206 4634 1756 4723">
     <span class='ocr_line' id='line_1_90' title="bbox 206 4634 1756 4723; baseline 0.01 -32"><span class='ocrx_word' id='word_1_661' title='bbox 206 4634 309 4693; x_wconf 81' lang='grc' dir='ltr'>θετε</span> <span class='ocrx_word' id='word_1_662' title='bbox 350 4637 454 4698; x_wconf 74' lang='grc' dir='ltr'>οἷον</span> <span class='ocrx_word' id='word_1_663' title='bbox 501 4645 785 4718; x_wconf 86' lang='grc' dir='ltr'>κριτήριον</span> <span class='ocrx_word' id='word_1_664' title='bbox 837 4646 1068 4719; x_wconf 76' lang='grc' dir='ltr'>φοϐερὸν</span> <span class='ocrx_word' id='word_1_665' title='bbox 1118 4650 1268 4721; x_wconf 80' lang='grc' dir='ltr'>ἡμᾶς</span> <span class='ocrx_word' id='word_1_666' title='bbox 1316 4652 1602 4723; x_wconf 80' lang='grc' dir='ltr'>ἀναμένει,</span> <span class='ocrx_word' id='word_1_667' title='bbox 1660 4653 1756 4707; x_wconf 76' lang='grc' dir='ltr'><strong>καὶ</strong></span> 
     </span>
    </p>
   </div>
   <div class='ocr_carea' id='block_1_91' title="bbox 203 4725 1754 4814">
    <p class='ocr_par' dir='ltr' id='par_1_91' title="bbox 203 4725 1754 4814">
     <span class='ocr_line' id='line_1_91' title="bbox 203 4725 1754 4814; baseline 0.008 -29"><span class='ocrx_word' id='word_1_668' title='bbox 203 4725 382 4801; x_wconf 69' lang='grc' dir='ltr'>ἡμέρα,</span> <span class='ocrx_word' id='word_1_669' title='bbox 410 4735 500 4788; x_wconf 79' lang='grc' dir='ltr'>καὶ</span> <span class='ocrx_word' id='word_1_670' title='bbox 531 4732 651 4807; x_wconf 85' lang='grc' dir='ltr'>ὥρα</span> <span class='ocrx_word' id='word_1_671' title='bbox 670 4751 684 4765; x_wconf 77' lang='grc' dir='ltr'><strong>ο</strong></span> <span class='ocrx_word' id='word_1_672' title='bbox 717 4734 921 4807; x_wconf 82' lang='grc' dir='ltr'>ταύτης</span> <span class='ocrx_word' id='word_1_673' title='bbox 944 4739 1322 4810; x_wconf 82' lang='grc' dir='ltr'>φροντίσωμεν</span> <span class='ocrx_word' id='word_1_674' title='bbox 1349 4741 1469 4795; x_wconf 89' lang='grc' dir='ltr'>καθ’</span> <span class='ocrx_word' id='word_1_675' title='bbox 1497 4742 1754 4814; x_wconf 78' lang='grc' dir='ltr'>ἑκάστην,</span> 
     </span>
    </p>
   </div>
   <div class='ocr_carea' id='block_1_92' title="bbox 207 4818 1760 4900">
    <p class='ocr_par' dir='ltr' id='par_1_92' title="bbox 207 4818 1760 4900">
     <span class='ocr_line' id='line_1_92' title="bbox 207 4818 1760 4900; baseline 0.013 -31"><span class='ocrx_word' id='word_1_676' title='bbox 207 4818 385 4893; x_wconf 87' lang='grc' dir='ltr'>ταύτης</span> <span class='ocrx_word' id='word_1_677' title='bbox 419 4826 801 4898; x_wconf 85' lang='grc' dir='ltr'>μελετήσωμεν</span> <span class='ocrx_word' id='word_1_678' title='bbox 828 4828 1038 4900; x_wconf 78' lang='grc' dir='ltr'>ἡμέρας</span> <span class='ocrx_word' id='word_1_679' title='bbox 1071 4831 1165 4884; x_wconf 79' lang='grc' dir='ltr'><strong>καὶ</strong></span> <span class='ocrx_word' id='word_1_680' title='bbox 1198 4833 1410 4900; x_wconf 85' lang='grc' dir='ltr'>νυκτὸς,</span> <span class='ocrx_word' id='word_1_681' title='bbox 1447 4834 1541 4888; x_wconf 73' lang='grc' dir='ltr'>καὶ</span> <span class='ocrx_word' id='word_1_682' title='bbox 1568 4836 1625 4888; x_wconf 82' lang='grc' dir='ltr'><strong>ἐν</strong></span> <span class='ocrx_word' id='word_1_683' title='bbox 1648 4837 1760 4899; x_wconf 86' lang='grc' dir='ltr'>τοῖς</span> 
     </span>
    </p>
   </div>
   <div class='ocr_carea' id='block_1_93' title="bbox 203 4908 1759 4998">
    <p class='ocr_par' dir='ltr' id='par_1_93' title="bbox 203 4908 1759 4998">
     <span class='ocr_line' id='line_1_93' title="bbox 203 4908 1759 4998; baseline 0.013 -37"><span class='ocrx_word' id='word_1_684' title='bbox 203 4908 368 4998; x_wconf 58' lang='lat' dir='ltr'><strong>etme,</strong></span> <span class='ocrx_word' id='word_1_685' title='bbox 386 4917 475 4970; x_wconf 79' lang='grc' dir='ltr'><strong>καὶ</strong></span> <span class='ocrx_word' id='word_1_686' title='bbox 500 4918 561 4970; x_wconf 89' lang='grc' dir='ltr'><strong>ἐν</strong></span> <span class='ocrx_word' id='word_1_687' title='bbox 580 4920 701 4982; x_wconf 84' lang='grc' dir='ltr'>ταῖς</span> <span class='ocrx_word' id='word_1_688' title='bbox 731 4917 1035 4987; x_wconf 84' lang='grc' dir='ltr'>πλατείαις,</span> <span class='ocrx_word' id='word_1_689' title='bbox 1065 4922 1160 4976; x_wconf 76' lang='grc' dir='ltr'><strong>καὶ</strong></span> <span class='ocrx_word' id='word_1_690' title='bbox 1190 4923 1250 4976; x_wconf 89' lang='grc' dir='ltr'><strong>ἐν</strong></span> <span class='ocrx_word' id='word_1_691' title='bbox 1271 4927 1391 4989; x_wconf 87' lang='grc' dir='ltr'>ταῖς</span> <span class='ocrx_word' id='word_1_692' title='bbox 1422 4926 1759 4998; x_wconf 81' lang='grc' dir='ltr'>ἐκκλησίαις,</span> 
     </span>
    </p>
   </div>
   <div class='ocr_carea' id='block_1_94' title="bbox 202 4991 1764 5089">
    <p class='ocr_par' dir='ltr' id='par_1_94' title="bbox 202 4991 1764 5089">
     <span class='ocr_line' id='line_1_94' title="bbox 202 4991 1764 5089; baseline 0.014 -39"><span class='ocrx_word' id='word_1_693' title='bbox 202 4991 277 5051; x_wconf 84' lang='grc' dir='ltr'><strong>ῐνα</strong></span> <span class='ocrx_word' id='word_1_694' title='bbox 301 5002 369 5076; x_wconf 79' lang='grc' dir='ltr'>μὴ</span> <span class='ocrx_word' id='word_1_695' title='bbox 386 5006 462 5070; x_wconf 85' lang='grc' dir='ltr'><strong>είς</strong></span> <span class='ocrx_word' id='word_1_696' title='bbox 484 5006 583 5079; x_wconf 78' lang='grc' dir='ltr'><strong>τὴν</strong></span> <span class='ocrx_word' id='word_1_697' title='bbox 600 5006 755 5081; x_wconf 88' lang='grc' dir='ltr'>δίκην</span> <span class='ocrx_word' id='word_1_698' title='bbox 775 5009 988 5080; x_wconf 88' lang='grc' dir='ltr'>ἐκείνην</span> <span class='ocrx_word' id='word_1_699' title='bbox 1003 5010 1100 5083; x_wconf 86' lang='grc' dir='ltr'>τὴν</span> <span class='ocrx_word' id='word_1_700' title='bbox 1119 5012 1249 5082; x_wconf 75' lang='grc' dir='ltr'>(ροσε</span> <span class='ocrx_word' id='word_1_701' title='bbox 1258 5013 1355 5085; x_wconf 87' lang='grc' dir='ltr'><strong>ράν</strong></span> <span class='ocrx_word' id='word_1_702' title='bbox 1388 5017 1482 5071; x_wconf 73' lang='grc' dir='ltr'>καὶ</span> <span class='ocrx_word' id='word_1_703' title='bbox 1512 4991 1764 5089; x_wconf 77' lang='grc' dir='ltr'>ἀπροσω-</span> 
     </span>
    </p>
   </div>
   <div class='ocr_carea' id='block_1_95' title="bbox 204 5139 1401 5238">
    <p class='ocr_par' dir='ltr' id='par_1_95' title="bbox 204 5139 1401 5238">
     <span class='ocr_line' id='line_1_95' title="bbox 204 5139 1401 5238; baseline 0.019 -47"><span class='ocrx_word' id='word_1_704' title='bbox 204 5205 240 5238; x_wconf 60' lang='lat'>&quot;</span> <span class='ocrx_word' id='word_1_705' title='bbox 261 5139 539 5238; x_wconf 40' lang='lat' dir='ltr'><strong>astringi).</strong></span> <span class='ocrx_word' id='word_1_706' title='bbox 562 5150 744 5238; x_wconf 36' lang='lat'><strong>&quot;319..</strong></span> <span class='ocrx_word' id='word_1_707' title='bbox 895 5152 939 5185; x_wconf 74' lang='grc' dir='ltr'>ιι</span> <span class='ocrx_word' id='word_1_708' title='bbox 962 5153 1153 5238; x_wconf 48' lang='lat' dir='ltr'><strong>Mat-th.</strong></span> <span class='ocrx_word' id='word_1_709' title='bbox 1184 5172 1279 5223; x_wconf 84' lang='lat' dir='ltr'><strong>vn,</strong></span> <span class='ocrx_word' id='word_1_710' title='bbox 1311 5158 1401 5214; x_wconf 72' lang='lat' dir='ltr'><strong>es.</strong></span> 
     </span>
    </p>
   </div>
   <div class='ocr_carea' id='block_1_96' title="bbox 265 5209 1150 5290">
    <p class='ocr_par' dir='ltr' id='par_1_96' title="bbox 265 5209 1150 5290">
     <span class='ocr_line' id='line_1_96' title="bbox 265 5209 1150 5290; baseline 0.019 -27"><span class='ocrx_word' id='word_1_711' title='bbox 265 5209 411 5284; x_wconf 87' lang='lat' dir='ltr'><strong>Ibid.,</strong></span> <span class='ocrx_word' id='word_1_712' title='bbox 436 5209 523 5274; x_wconf 67' lang='grc' dir='ltr'><strong>Ξῖ.</strong></span> <span class='ocrx_word' id='word_1_713' title='bbox 601 5209 645 5253; x_wconf 59' lang='grc'><strong>(⁸</strong></span> <span class='ocrx_word' id='word_1_714' title='bbox 682 5220 872 5278; x_wconf 79' lang='lat' dir='ltr'><strong>Matth.</strong></span> <span class='ocrx_word' id='word_1_715' title='bbox 907 5239 1036 5290; x_wconf 74' lang='lat' dir='ltr'><strong>xxv,</strong></span> <span class='ocrx_word' id='word_1_716' title='bbox 1061 5225 1150 5279; x_wconf 87' lang='lat'><strong>46.</strong></span> 
     </span>
    </p>
   </div>
   <div class='ocr_carea' id='block_1_97' title="bbox 261 5325 1744 5409">
    <p class='ocr_par' dir='ltr' id='par_1_97' title="bbox 261 5325 1744 5409">
     <span class='ocr_line' id='line_1_97' title="bbox 261 5325 1744 5409; baseline 0.001 -22"><span class='ocrx_word' id='word_1_717' title='bbox 261 5325 361 5398; x_wconf 73' lang='grc'><strong>(29)</strong></span> <span class='ocrx_word' id='word_1_718' title='bbox 387 5328 448 5409; x_wconf 85' lang='lat' dir='ltr'><strong>_In</strong></span> <span class='ocrx_word' id='word_1_719' title='bbox 481 5332 540 5387; x_wconf 88' lang='grc' dir='ltr'><strong>Β.</strong></span> <span class='ocrx_word' id='word_1_720' title='bbox 579 5335 828 5409; x_wconf 72' lang='lat' dir='ltr'><strong>sequitur</strong></span> <span class='ocrx_word' id='word_1_721' title='bbox 862 5354 874 5391; x_wconf 88' lang='lat'><strong>:</strong></span> <span class='ocrx_word' id='word_1_722' title='bbox 921 5337 1007 5390; x_wconf 87' lang='grc' dir='ltr'>Ἐν</span> <span class='ocrx_word' id='word_1_723' title='bbox 1043 5334 1120 5406; x_wconf 82' lang='grc' dir='ltr'>τῷ</span> <span class='ocrx_word' id='word_1_724' title='bbox 1153 5335 1261 5409; x_wconf 40' lang='grc' dir='ltr'><strong>βίῳ-</strong></span> <span class='ocrx_word' id='word_1_725' title='bbox 1282 5335 1477 5409; x_wconf 78' lang='grc' dir='ltr'>τούτῳ,</span> <span class='ocrx_word' id='word_1_726' title='bbox 1524 5338 1619 5391; x_wconf 70' lang='grc' dir='ltr'><strong>καὶ</strong></span> <span class='ocrx_word' id='word_1_727' title='bbox 1670 5338 1744 5409; x_wconf 80' lang='grc' dir='ltr'>μὴ</span> 
     </span>
    </p>
   </div>
   <div class='ocr_carea' id='block_1_98' title="bbox 201 5389 1746 5479">
    <p class='ocr_par' dir='ltr' id='par_1_98' title="bbox 201 5389 1746 5479">
     <span class='ocr_line' id='line_1_98' title="bbox 201 5389 1746 5479; baseline 0.007 -27"><span class='ocrx_word' id='word_1_728' title='bbox 201 5389 678 5479; x_wconf 36' lang='grc' dir='ltr'>ξετενοήσαντεςςῆ</span> <span class='ocrx_word' id='word_1_729' title='bbox 709 5389 1030 5478; x_wconf 74' lang='grc' dir='ltr'>ἐλεήσαντες</span> <span class='ocrx_word' id='word_1_730' title='bbox 1059 5389 1308 5461; x_wconf 13' lang='grc' dir='ltr'>γένταύθα</span> <span class='ocrx_word' id='word_1_731' title='bbox 1363 5389 1746 5479; x_wconf 51' lang='grc' dir='ltr'><strong>οὐδὲνάρεὶυἷ</strong></span> 
     </span>
    </p>
   </div>
   <div class='ocr_carea' id='block_1_99' title="bbox 201 5475 785 5549">
    <p class='ocr_par' dir='ltr' id='par_1_99' title="bbox 201 5475 785 5549">
     <span class='ocr_line' id='line_1_99' title="bbox 201 5475 785 5549; baseline 0 0"><span class='ocrx_word' id='word_1_732' title='bbox 201 5475 561 5549; x_wconf 52' lang='grc' dir='ltr'><strong>στῖἓὲῖεξβιλΐ</strong></span> <span class='ocrx_word' id='word_1_733' title='bbox 595 5476 653 5549; x_wconf 73' lang='grc' dir='ltr'>ἢν</span> <span class='ocrx_word' id='word_1_734' title='bbox 668 5475 785 5549; x_wconf 48' lang='grc' dir='ltr'><strong>ἓως</strong></span> 
     </span>
    </p>
   </div>
   <div class='ocr_carea' id='block_1_100' title="bbox 259 5536 834 5618">
    <p class='ocr_par' dir='ltr' id='par_1_100' title="bbox 259 5536 834 5618">
     <span class='ocr_line' id='line_1_100' title="bbox 259 5536 834 5618; baseline 0 0"><span class='ocrx_word' id='word_1_735' title='bbox 259 5536 359 5618; x_wconf 55' lang='grc' dir='ltr'><strong>(ξφ</strong></span> <span class='ocrx_word' id='word_1_736' title='bbox 388 5542 492 5618; x_wconf 69' lang='grc' dir='ltr'><strong>’[ἀς</strong></span> <span class='ocrx_word' id='word_1_737' title='bbox 520 5536 746 5618; x_wconf 70' lang='grc' dir='ltr'><strong>δωρἐάςο</strong></span> <span class='ocrx_word' id='word_1_738' title='bbox 772 5546 834 5601; x_wconf 80' lang='grc' dir='ltr'><strong>Β·</strong></span> 
     </span>
    </p>
   </div>
   <div class='ocr_carea' id='block_1_101' title="bbox 261 5606 1610 5691">
    <p class='ocr_par' dir='ltr' id='par_1_101' title="bbox 261 5606 1610 5691">
     <span class='ocr_line' id='line_1_101' title="bbox 261 5606 1610 5691; baseline 0.004 -24"><span class='ocrx_word' id='word_1_739' title='bbox 399 5606 674 5691; x_wconf 62' lang='grc' dir='ltr'>ρυευηίίη</span> <span class='ocrx_word' id='word_1_740' title='bbox 706 5606 767 5671; x_wconf 71' lang='grc' dir='ltr'>Β.</span> <span class='ocrx_word' id='word_1_741' title='bbox 801 5620 963 5691; x_wconf 72' lang='lat' dir='ltr'><strong>verba</strong></span> <span class='ocrx_word' id='word_1_742' title='bbox 993 5619 1055 5672; x_wconf 87' lang='grc' dir='ltr'><strong>ἐκ</strong></span> <span class='ocrx_word' id='word_1_743' title='bbox 1084 5622 1181 5691; x_wconf 82' lang='grc' dir='ltr'><strong>τῆς</strong></span> <span class='ocrx_word' id='word_1_744' title='bbox 1213 5618 1610 5690; x_wconf 84' lang='grc' dir='ltr'>ἀσπλαγχνίας.</span> 
     </span>
    </p>
   </div>
   <div class='ocr_carea' id='block_1_102' title="bbox 261 5676 1757 5761">
    <p class='ocr_par' dir='ltr' id='par_1_102' title="bbox 261 5676 1757 5761">
     <span class='ocr_line' id='line_1_102' title="bbox 261 5676 1757 5761; baseline 0.001 -18"><span class='ocrx_word' id='word_1_745' title='bbox 261 5676 483 5761; x_wconf 52' lang='grc' dir='ltr'><strong>(δὲλΒη</strong></span> <span class='ocrx_word' id='word_1_746' title='bbox 513 5688 873 5761; x_wconf 80' lang='grc' dir='ltr'>κατέσχομεν.</span> <span class='ocrx_word' id='word_1_747' title='bbox 914 5689 1113 5745; x_wconf 86' lang='lat' dir='ltr'><strong>Ibidem</strong></span> <span class='ocrx_word' id='word_1_748' title='bbox 1138 5676 1331 5747; x_wconf 66' lang='lat' dir='ltr'><strong>statim</strong></span> <span class='ocrx_word' id='word_1_749' title='bbox 1368 5676 1639 5761; x_wconf 57' lang='lat' dir='ltr'><strong>sequitur,</strong></span> <span class='ocrx_word' id='word_1_750' title='bbox 1669 5688 1757 5744; x_wconf 91' lang='grc' dir='ltr'><strong>διά</strong></span> 
     </span>
    </p>
   </div>
   <div class='ocr_carea' id='block_1_103' title="bbox 202 5747 962 5832">
    <p class='ocr_par' dir='ltr' id='par_1_103' title="bbox 202 5747 962 5832">
     <span class='ocr_line' id='line_1_103' title="bbox 202 5747 962 5832; baseline 0.024 -38"><span class='ocrx_word' id='word_1_751' title='bbox 202 5747 552 5832; x_wconf 53' lang='grc' dir='ltr'>σου-δαίμονας</span> <span class='ocrx_word' id='word_1_752' title='bbox 581 5747 835 5832; x_wconf 61' lang='grc' dir='ltr'>ἀπηλάσα</span> <span class='ocrx_word' id='word_1_753' title='bbox 843 5776 962 5829; x_wconf 82' lang='grc' dir='ltr'>μεν.</span> 
     </span>
    </p>
   </div>
   <div class='ocr_carea' id='block_1_104' title="bbox 287 5819 1755 5904">
    <p class='ocr_par' dir='ltr' id='par_1_104' title="bbox 287 5819 1755 5904">
     <span class='ocr_line' id='line_1_104' title="bbox 287 5819 1755 5904; baseline 0.012 -33"><span class='ocrx_word' id='word_1_754' title='bbox 287 5819 368 5887; x_wconf 77' lang='lat'><strong>33)</strong></span> <span class='ocrx_word' id='word_1_755' title='bbox 396 5819 601 5883; x_wconf 77' lang='lat' dir='ltr'><strong>Desunt</strong></span> <span class='ocrx_word' id='word_1_756' title='bbox 632 5819 754 5884; x_wconf 59' lang='lat' dir='ltr'><strong>in&#39;B</strong></span> <span class='ocrx_word' id='word_1_757' title='bbox 809 5819 996 5896; x_wconf 69' lang='lat' dir='ltr'><strong>verba,</strong></span> <span class='ocrx_word' id='word_1_758' title='bbox 1025 5830 1115 5885; x_wconf 87' lang='grc' dir='ltr'><strong>διά</strong></span> <span class='ocrx_word' id='word_1_759' title='bbox 1147 5847 1203 5885; x_wconf 84' lang='grc' dir='ltr'><strong>σε</strong></span> <span class='ocrx_word' id='word_1_760' title='bbox 1231 5831 1486 5903; x_wconf 81' lang='grc' dir='ltr'>πάροικοι</span> <span class='ocrx_word' id='word_1_761' title='bbox 1519 5832 1617 5903; x_wconf 83' lang='grc' dir='ltr'><strong>τῆς</strong></span> <span class='ocrx_word' id='word_1_762' title='bbox 1652 5832 1755 5904; x_wconf 82' lang='grc' dir='ltr'>γῆς</span> 
     </span>
    </p>
   </div>
   <div class='ocr_carea' id='block_1_105' title="bbox 344 5538 363 5748">
    <p class='ocr_par' dir='ltr' id='par_1_105' title="bbox 344 5538 363 5748">
     <span class='ocr_line' id='line_1_105' title="bbox 344 5538 363 5748; baseline 0 0"><span class='ocrx_word' id='word_1_763' title='bbox 344 5538 363 5748; x_wconf 64' lang='grc' dir='ltr'>ξ</span> 
     </span>
    </p>
   </div>
   <div class='ocr_carea' id='block_1_106' title="bbox 1550 5160 2011 5229">
    <p class='ocr_par' dir='ltr' id='par_1_106' title="bbox 1550 5160 2011 5229">
     <span class='ocr_line' id='line_1_106' title="bbox 1550 5160 2011 5229; baseline 0.002 -12"><span class='ocrx_word' id='word_1_764' title='bbox 1550 5162 1594 5193; x_wconf 73' lang='grc'><strong>¹⁸</strong></span> <span class='ocrx_word' id='word_1_765' title='bbox 1610 5160 1798 5219; x_wconf 65' lang='lat' dir='ltr'><strong>Iacob.</strong></span> <span class='ocrx_word' id='word_1_766' title='bbox 1835 5179 1897 5229; x_wconf 86' lang='lat' dir='ltr'><strong>ll,</strong></span> <span class='ocrx_word' id='word_1_767' title='bbox 1925 5164 2011 5218; x_wconf 71' lang='lat'><strong>13.</strong></span> 
     </span>
    </p>
   </div>
   <div class='ocr_carea' id='block_1_107' title="bbox 1859 4556 3431 4632">
    <p class='ocr_par' dir='ltr' id='par_1_107' title="bbox 1859 4556 3431 4632">
     <span class='ocr_line' id='line_1_107' title="bbox 1859 4556 3431 4632; baseline -0.004 -16"><span class='ocrx_word' id='word_1_768' title='bbox 1859 4559 2194 4632; x_wconf 76' lang='lat' dir='ltr'><strong>cognovistis</strong></span> <span class='ocrx_word' id='word_1_769' title='bbox 2215 4560 2539 4616; x_wconf 85' lang='lat' dir='ltr'><strong>sententiam</strong></span> <span class='ocrx_word' id='word_1_770' title='bbox 2567 4558 2791 4630; x_wconf 77' lang='lat' dir='ltr'><strong>iudicis,</strong></span> <span class='ocrx_word' id='word_1_771' title='bbox 2821 4556 3091 4612; x_wconf 87' lang='lat' dir='ltr'><strong>didicistis</strong></span> <span class='ocrx_word' id='word_1_772' title='bbox 3110 4572 3275 4627; x_wconf 89' lang='lat' dir='ltr'><strong>quam</strong></span> <span class='ocrx_word' id='word_1_773' title='bbox 3304 4556 3431 4612; x_wconf 86' lang='lat' dir='ltr'><strong>hor-</strong></span> 
     </span>
    </p>
   </div>
   <div class='ocr_carea' id='block_1_108' title="bbox 1859 4648 3436 4733">
    <p class='ocr_par' dir='ltr' id='par_1_108' title="bbox 1859 4648 3436 4733">
     <span class='ocr_line' id='line_1_108' title="bbox 1859 4648 3436 4733; baseline -0.003 -25"><span class='ocrx_word' id='word_1_774' title='bbox 1859 4653 2088 4708; x_wconf 87' lang='lat' dir='ltr'><strong>rendum</strong></span> <span class='ocrx_word' id='word_1_775' title='bbox 2124 4651 2389 4721; x_wconf 85' lang='lat' dir='ltr'><strong>judicium</strong></span> <span class='ocrx_word' id='word_1_776' title='bbox 2431 4661 2486 4707; x_wconf 90' lang='lat' dir='ltr'><strong>et</strong></span> <span class='ocrx_word' id='word_1_777' title='bbox 2516 4651 2633 4707; x_wconf 89' lang='lat' dir='ltr'><strong>dies</strong></span> <span class='ocrx_word' id='word_1_778' title='bbox 2665 4657 2720 4704; x_wconf 89' lang='lat' dir='ltr'><strong>et</strong></span> <span class='ocrx_word' id='word_1_779' title='bbox 2757 4650 2895 4703; x_wconf 89' lang='lat' dir='ltr'><strong>hora</strong></span> <span class='ocrx_word' id='word_1_780' title='bbox 2933 4663 3037 4703; x_wconf 88' lang='lat' dir='ltr'><strong>nos</strong></span> <span class='ocrx_word' id='word_1_781' title='bbox 3079 4658 3324 4733; x_wconf 72' lang='lat' dir='ltr'><strong>maneat;</strong></span> <span class='ocrx_word' id='word_1_782' title='bbox 3368 4648 3436 4704; x_wconf 79' lang='lat' dir='ltr'><strong>de</strong></span> 
     </span>
    </p>
   </div>
   <div class='ocr_carea' id='block_1_109' title="bbox 1858 4740 3436 4816">
    <p class='ocr_par' dir='ltr' id='par_1_109' title="bbox 1858 4740 3436 4816">
     <span class='ocr_line' id='line_1_109' title="bbox 1858 4740 3436 4816; baseline -0.004 -16"><span class='ocrx_word' id='word_1_783' title='bbox 1858 4760 1928 4801; x_wconf 85' lang='lat' dir='ltr'><strong>eo</strong></span> <span class='ocrx_word' id='word_1_784' title='bbox 1962 4745 2181 4802; x_wconf 90' lang='lat' dir='ltr'><strong>solliciti</strong></span> <span class='ocrx_word' id='word_1_785' title='bbox 2224 4745 2530 4816; x_wconf 76' lang='lat' dir='ltr'><strong>cogitemus</strong></span> <span class='ocrx_word' id='word_1_786' title='bbox 2573 4743 2851 4814; x_wconf 87' lang='lat' dir='ltr'><strong>quotidie;</strong></span> <span class='ocrx_word' id='word_1_787' title='bbox 2897 4742 3004 4797; x_wconf 84' lang='lat' dir='ltr'><strong>hoc</strong></span> <span class='ocrx_word' id='word_1_788' title='bbox 3031 4740 3126 4795; x_wconf 91' lang='lat' dir='ltr'><strong>diu</strong></span> <span class='ocrx_word' id='word_1_789' title='bbox 3159 4750 3436 4810; x_wconf 90' lang='lat' dir='ltr'><strong>noctuque</strong></span> 
     </span>
    </p>
   </div>
   <div class='ocr_carea' id='block_1_110' title="bbox 1863 4828 3433 4903">
    <p class='ocr_par' dir='ltr' id='par_1_110' title="bbox 1863 4828 3433 4903">
     <span class='ocr_line' id='line_1_110' title="bbox 1863 4828 3433 4903; baseline -0.006 -11"><span class='ocrx_word' id='word_1_790' title='bbox 1863 4837 2212 4902; x_wconf 88' lang='lat' dir='ltr'><strong>meditemur,</strong></span> <span class='ocrx_word' id='word_1_791' title='bbox 2255 4836 2308 4890; x_wconf 93' lang='lat' dir='ltr'><strong>in</strong></span> <span class='ocrx_word' id='word_1_792' title='bbox 2359 4834 2634 4899; x_wconf 88' lang='lat' dir='ltr'><strong>domibus,</strong></span> <span class='ocrx_word' id='word_1_793' title='bbox 2680 4833 2734 4888; x_wconf 94' lang='lat' dir='ltr'><strong>in</strong></span> <span class='ocrx_word' id='word_1_794' title='bbox 2786 4831 3001 4903; x_wconf 88' lang='lat' dir='ltr'><strong>plateis,</strong></span> <span class='ocrx_word' id='word_1_795' title='bbox 3049 4831 3104 4885; x_wconf 92' lang='lat' dir='ltr'><strong>in</strong></span> <span class='ocrx_word' id='word_1_796' title='bbox 3155 4828 3433 4897; x_wconf 81' lang='lat' dir='ltr'><strong>ecclesiis;</strong></span> 
     </span>
    </p>
   </div>
   <div class='ocr_carea' id='block_1_111' title="bbox 1868 4922 3438 4995">
    <p class='ocr_par' dir='ltr' id='par_1_111' title="bbox 1868 4922 3438 4995">
     <span class='ocr_line' id='line_1_111' title="bbox 1868 4922 3438 4995; baseline -0.004 -12"><span class='ocrx_word' id='word_1_797' title='bbox 1868 4943 1939 4983; x_wconf 88' lang='lat' dir='ltr'><strong>ue</strong></span> <span class='ocrx_word' id='word_1_798' title='bbox 1966 4927 2021 4981; x_wconf 92' lang='lat' dir='ltr'><strong>in</strong></span> <span class='ocrx_word' id='word_1_799' title='bbox 2053 4927 2326 4982; x_wconf 77' lang='lat' dir='ltr'><strong>horrendo</strong></span> <span class='ocrx_word' id='word_1_800' title='bbox 2356 4926 2450 4980; x_wconf 88' lang='lat' dir='ltr'><strong>illo</strong></span> <span class='ocrx_word' id='word_1_801' title='bbox 2484 4925 2715 4995; x_wconf 85' lang='lat' dir='ltr'><strong>judicio,</strong></span> <span class='ocrx_word' id='word_1_802' title='bbox 2752 4922 2807 4979; x_wconf 90' lang='lat' dir='ltr'><strong>in</strong></span> <span class='ocrx_word' id='word_1_803' title='bbox 2831 4938 2941 4994; x_wconf 89' lang='lat' dir='ltr'><strong>quo</strong></span> <span class='ocrx_word' id='word_1_804' title='bbox 2974 4922 3122 4977; x_wconf 87' lang='lat' dir='ltr'><strong>nulla</strong></span> <span class='ocrx_word' id='word_1_805' title='bbox 3146 4930 3229 4977; x_wconf 89' lang='lat' dir='ltr'><strong>est</strong></span> <span class='ocrx_word' id='word_1_806' title='bbox 3254 4933 3438 4992; x_wconf 88' lang='lat' dir='ltr'><strong>perso-</strong></span> 
     </span>
    </p>
   </div>
   <div class='ocr_carea' id='block_1_112' title="bbox 1872 5013 3438 5089">
    <p class='ocr_par' dir='ltr' id='par_1_112' title="bbox 1872 5013 3438 5089">
     <span class='ocr_line' id='line_1_112' title="bbox 1872 5013 3438 5089; baseline -0.004 -15"><span class='ocrx_word' id='word_1_807' title='bbox 1872 5034 2066 5074; x_wconf 89' lang='lat' dir='ltr'><strong>narum</strong></span> <span class='ocrx_word' id='word_1_808' title='bbox 2099 5020 2359 5089; x_wconf 88' lang='lat' dir='ltr'><strong>acceptio,</strong></span> <span class='ocrx_word' id='word_1_809' title='bbox 2389 5018 2583 5089; x_wconf 85' lang='lat' dir='ltr'><strong>abjccti</strong></span> <span class='ocrx_word' id='word_1_810' title='bbox 2618 5032 2682 5072; x_wconf 90' lang='lat' dir='ltr'><strong>ac</strong></span> <span class='ocrx_word' id='word_1_811' title='bbox 2706 5017 2886 5072; x_wconf 88' lang='lat' dir='ltr'><strong>tristes</strong></span> <span class='ocrx_word' id='word_1_812' title='bbox 2912 5024 3154 5070; x_wconf 88' lang='lat' dir='ltr'><strong>astemus</strong></span> <span class='ocrx_word' id='word_1_813' title='bbox 3179 5013 3438 5069; x_wconf 81' lang='lat' dir='ltr'><strong>condem-</strong></span> 
     </span>
    </p>
   </div>
   <div class='ocr_carea' id='block_1_113' title="bbox 2160 5153 3427 5226">
    <p class='ocr_par' dir='ltr' id='par_1_113' title="bbox 2160 5153 3427 5226">
     <span class='ocr_line' id='line_1_113' title="bbox 2160 5153 3427 5226; baseline -0.008 -10"><span class='ocrx_word' id='word_1_814' title='bbox 2160 5163 2201 5195; x_wconf 78' lang='grc'><strong>⁸⁸</strong></span> <span class='ocrx_word' id='word_1_815' title='bbox 2238 5161 2425 5218; x_wconf 79' lang='lat' dir='ltr'><strong>Matth.</strong></span> <span class='ocrx_word' id='word_1_816' title='bbox 2459 5178 2587 5226; x_wconf 75' lang='lat' dir='ltr'><strong>xxv,</strong></span> <span class='ocrx_word' id='word_1_817' title='bbox 2627 5160 2715 5215; x_wconf 89' lang='lat'><strong>44.</strong></span> <span class='ocrx_word' id='word_1_818' title='bbox 2856 5158 2901 5190; x_wconf 78' lang='lat'>“</span> <span class='ocrx_word' id='word_1_819' title='bbox 2939 5155 3129 5212; x_wconf 84' lang='lat' dir='ltr'><strong>Matth.</strong></span> <span class='ocrx_word' id='word_1_820' title='bbox 3190 5170 3298 5218; x_wconf 85' lang='lat' dir='ltr'><strong>vn,</strong></span> <span class='ocrx_word' id='word_1_821' title='bbox 3335 5153 3427 5207; x_wconf 70' lang='lat'><strong>25.</strong></span> 
     </span>
    </p>
   </div>
   <div class='ocr_carea' id='block_1_114' title="bbox 1854 5339 2208 5408">
    <p class='ocr_par' dir='ltr' id='par_1_114' title="bbox 1854 5339 2208 5408">
     <span class='ocr_line' id='line_1_114' title="bbox 1854 5339 2208 5408; baseline 0.006 -17"><span class='ocrx_word' id='word_1_822' title='bbox 1854 5339 2085 5408; x_wconf 86' lang='grc' dir='ltr'>ἐγενήθη</span> <span class='ocrx_word' id='word_1_823' title='bbox 2095 5356 2208 5408; x_wconf 89' lang='grc' dir='ltr'>μεν.</span> 
     </span>
    </p>
   </div>
   <div class='ocr_carea' id='block_1_115' title="bbox 1852 5341 3429 5549">
    <p class='ocr_par' dir='ltr' id='par_1_115' title="bbox 1852 5341 3429 5549">
     <span class='ocr_line' id='line_1_115' title="bbox 1854 5341 2208 5463; baseline 0 -71"><span class='ocrx_word' id='word_1_824' title='bbox 1854 5341 2208 5463; x_wconf 52' lang='grc' dir='ltr'>ἐγενήθηὲεν.</span> 
     </span>
     <span class='ocr_line' id='line_1_116' title="bbox 1852 5406 3429 5549; baseline -0.008 -78"><span class='ocrx_word' id='word_1_825' title='bbox 1852 5410 2170 5549; x_wconf 26' lang='lat' dir='ltr'><strong>ﬂgiti”;</strong></span> <span class='ocrx_word' id='word_1_826' title='bbox 2213 5409 2625 5479; x_wconf 77' lang='grc' dir='ltr'>’Υτοηκούσατε,</span> <span class='ocrx_word' id='word_1_827' title='bbox 2673 5409 2809 5465; x_wconf 84' lang='grc' dir='ltr'>ἀλλὰ</span> <span class='ocrx_word' id='word_1_828' title='bbox 2846 5410 3048 5478; x_wconf 87' lang='grc' dir='ltr'>ταύτην</span> <span class='ocrx_word' id='word_1_829' title='bbox 3086 5406 3429 5479; x_wconf 67' lang='grc' dir='ltr'>ἀσπλαγχνίᾳ</span> 
     </span>
    </p>
   </div>
   <div class='ocr_carea' id='block_1_116' title="bbox 1932 5498 2170 5533">
    <p class='ocr_par' dir='ltr' id='par_1_116' title="bbox 1932 5498 2170 5533">
     <span class='ocr_line' id='line_1_117' title="bbox 1932 5498 2170 5533; baseline 0 0"><span class='ocrx_word' id='word_1_830' title='bbox 1932 5498 2170 5533; x_wconf 88' lang='grc' dir='ltr'>ανισατε.</span> 
     </span>
    </p>
   </div>
   <div class='ocr_carea' id='block_1_117' title="bbox 1893 5497 3426 5630">
    <p class='ocr_par' dir='ltr' id='par_1_117' title="bbox 1893 5497 3426 5630">
     <span class='ocr_line' id='line_1_118' title="bbox 1893 5497 3426 5630; baseline -0.002 -25"><span class='ocrx_word' id='word_1_831' title='bbox 1893 5497 2384 5630; x_wconf 29' lang='grc' dir='ltr'><strong>ῗῗέέῖαὗῗτδοζτρ</strong></span> <span class='ocrx_word' id='word_1_832' title='bbox 2416 5550 2573 5630; x_wconf 75' lang='grc' dir='ltr'>σῶμα</span> <span class='ocrx_word' id='word_1_833' title='bbox 2603 5567 2777 5630; x_wconf 65' lang='lat' dir='ltr'><strong>usque</strong></span> <span class='ocrx_word' id='word_1_834' title='bbox 2811 5549 2879 5606; x_wconf 89' lang='lat' dir='ltr'><strong>ad</strong></span> <span class='ocrx_word' id='word_1_835' title='bbox 2915 5546 3426 5630; x_wconf 39' lang='grc' dir='ltr'>ἐφυλάξατεκτεειί-</span> 
     </span>
    </p>
   </div>
   <div class='ocr_carea' id='block_1_118' title="bbox 1854 5618 3430 5692">
    <p class='ocr_par' dir='ltr' id='par_1_118' title="bbox 1854 5618 3430 5692">
     <span class='ocr_line' id='line_1_119' title="bbox 1854 5618 3430 5692; baseline 0.001 -18"><span class='ocrx_word' id='word_1_836' title='bbox 1854 5618 1945 5675; x_wconf 72' lang='grc' dir='ltr'>ιιιί</span> <span class='ocrx_word' id='word_1_837' title='bbox 1966 5618 2031 5676; x_wconf 60' lang='grc' dir='ltr'><em>εὴ</em></span> <span class='ocrx_word' id='word_1_838' title='bbox 2057 5623 2229 5676; x_wconf 91' lang='lat' dir='ltr'><strong>altero</strong></span> <span class='ocrx_word' id='word_1_839' title='bbox 2258 5621 2372 5676; x_wconf 90' lang='lat' dir='ltr'><strong>Pici</strong></span> <span class='ocrx_word' id='word_1_840' title='bbox 2404 5618 2609 5692; x_wconf 71' lang='lat' dir='ltr'><strong>codice.</strong></span> <span class='ocrx_word' id='word_1_841' title='bbox 2641 5618 2705 5676; x_wconf 78' lang='grc' dir='ltr'><strong>Ιιῐ</strong></span> <span class='ocrx_word' id='word_1_842' title='bbox 2729 5621 2792 5676; x_wconf 87' lang='grc' dir='ltr'>Β.</span> <span class='ocrx_word' id='word_1_843' title='bbox 2821 5618 3092 5689; x_wconf 87' lang='lat' dir='ltr'><strong>sequitur,</strong></span> <span class='ocrx_word' id='word_1_844' title='bbox 3122 5619 3180 5675; x_wconf 83' lang='grc' dir='ltr'><strong>ἐν</strong></span> <span class='ocrx_word' id='word_1_845' title='bbox 3205 5618 3281 5692; x_wconf 82' lang='grc' dir='ltr'>τῷ</span> <span class='ocrx_word' id='word_1_846' title='bbox 3306 5618 3430 5675; x_wconf 82' lang='grc' dir='ltr'><strong>ὀνό-</strong></span> 
     </span>
    </p>
   </div>
   <div class='ocr_carea' id='block_1_119' title="bbox 1858 5690 2699 5764">
    <p class='ocr_par' dir='ltr' id='par_1_119' title="bbox 1858 5690 2699 5764">
     <span class='ocr_line' id='line_1_120' title="bbox 1858 5690 2699 5764; baseline 0 -19"><span class='ocrx_word' id='word_1_847' title='bbox 1858 5692 1987 5762; x_wconf 86' lang='grc' dir='ltr'>ματί</span> <span class='ocrx_word' id='word_1_848' title='bbox 2019 5693 2130 5764; x_wconf 77' lang='grc' dir='ltr'><strong>μου</strong></span> <span class='ocrx_word' id='word_1_849' title='bbox 2149 5692 2400 5764; x_wconf 82' lang='grc' dir='ltr'>δαιμόνια</span> <span class='ocrx_word' id='word_1_850' title='bbox 2427 5690 2699 5764; x_wconf 72' lang='grc' dir='ltr'>ἐδιώξατε.</span> 
     </span>
    </p>
   </div>
   <div class='ocr_carea' id='block_1_120' title="bbox 1927 5761 2598 5833">
    <p class='ocr_par' dir='ltr' id='par_1_120' title="bbox 1927 5761 2598 5833">
     <span class='ocr_line' id='line_1_121' title="bbox 1927 5761 2598 5833; baseline 0 -15"><span class='ocrx_word' id='word_1_851' title='bbox 1927 5761 2040 5833; x_wconf 80' lang='lat'><strong>(&#39;56)</strong></span> <span class='ocrx_word' id='word_1_852' title='bbox 2075 5762 2159 5830; x_wconf 82' lang='lat'><strong>8.,</strong></span> <span class='ocrx_word' id='word_1_853' title='bbox 2194 5761 2295 5816; x_wconf 81' lang='grc' dir='ltr'><strong>ούκ</strong></span> <span class='ocrx_word' id='word_1_854' title='bbox 2324 5761 2598 5827; x_wconf 81' lang='grc' dir='ltr'>ἐδιώξατε.</span> 
     </span>
    </p>
   </div>
  </div>
