3882 6332
193 382 296 438 953

1245 379 1517 438 SPUBIA.
1557 412 1628 424 —
1668 380 1758 438 DE
1795 382 1937 438 LXX
1972 383 2374 444 APOSTOLIS.

3330 395 3431 452 951

259 495 464 566 Θωμᾶς
495 495 550 549 δὲ
583 496 837 568 Πάρθοις,
870 497 1092 570 Μήδοις,
1139 496 1401 570 Πέρσαις,
1443 498 1747 569 ’Υρκανοίῖς⁴

1939 502 2199 566 Thomas,
2235 519 2360 560 cum
2391 503 2630 573 Parthis,
2670 505 2861 572 Medis,
2893 507 3094 574 Persis,
3135 507 3429 582 Hyrcanis,

192 587 484 659 Βακτροίς,
517 588 764 658 Μάργοις
795 588 906 660 (40)
939 588 1201 661 κηρύξας,
1227 588 1460 662 ὲλακήδη
1497 589 1610 661 (41)
1649 591 1765 644 ἐλο-

187 679 423 752 γχιάσθη
459 682 572 745 τοῖς
598 682 816 753 τέταρσι
852 680 1073 754 μέρεσιν
1119 682 1282 737 αὐτοῦ
1314 683 1372 737 ἐν
1405 682 1558 736 πόλει
1587 682 1766 738 Καλα-

188 773 335 843 μήνῃ
372 771 506 842 (42),
535 773 634 842 τῆς
676 773 924 844 Ἰνδικῆς,
957 775 1052 828 καὶ
1079 774 1344 828 θάπτεται
1375 776 1511 829 ἐκεῖ.

267 862 525 926 ἰάκωὸος
551 863 608 917 δὲ
650 864 920 934 Ἁλφαίου,
955 865 1243 938 κηρύσσων
1275 867 1333 919 ἐν
1374 865 1759 938 Ἰερουσαλὴμ,

183 955 291 1008 ὑπὸ
336 955 603 1009 Ἰουδαίων
632 957 1036 1026 καταλευσθεὶς,
1069 960 1401 1034 ἀναιρεῖται,
1436 961 1530 1014 καὶ
1558 960 1760 1014 θάπτε-

179 1063 267 1099 ται
305 1049 425 1100 ἐκεῖ
454 1047 604 1120 παρὰ
627 1047 706 1119 τῷ
738 1048 870 1120 ναῷ.

262 1137 484 1202 Ἰούδας,
517 1141 545 1192 6
573 1140 668 1192 καὶ
701 1139 985 1205 Λεϐὗαῖος,
1019 1141 1312 1206 Αἰδεσινοίς
1339 1143 1434 1197 καὶ
1465 1142 1614 1214 πάσῃ
1643 1143 1758 1197 Με-

179 1231 492 1303 σοποταμίᾳ
535 1232 798 1305 κηρύξας,
831 1233 1096 1307 ἐκοιμήθη
1141 1236 1200 1289 ἐν
1233 1235 1480 1308 Βηρύτῳ,
1526 1236 1620 1290 καὶ
1660 1235 1758 1290 θά-

176 1343 377 1378 πτεται
409 1326 544 1378 ἐκεῖ.

243 1418 434 1489 Σίμων
464 1421 494 1472 6
520 1419 828 1490 Κανανίτης
873 1421 902 1474 6
933 1419 1023 1474 τοῦ
1058 1422 1286 1486 Κλωπᾶ,
1319 1424 1347 1476 6
1391 1422 1486 1476 καὶ
1526 1422 1753 1488 Ἰούδας,

176 1511 318 1581 μετὰ
358 1511 615 1566 Ἰάκωϐον
646 1512 738 1566 τὸν
763 1513 978 1567 Δίκαιον
1005 1513 1304 1577 ἐπίσκοπος
1329 1515 1620 1585 γενόμενος
1663 1517 1756 1568 Ἱε-

171 1602 518 1674 ροσολύμων,
563 1604 829 1676 ἐκοιμήθη
851 1644 866 1668 ,
897 1605 992 1658 καὶ
1021 1603 1286 1660 θάπτεται
1328 1608 1462 1673 ἐκεῖ,
1501 1607 1668 1679 ζήσας
1701 1607 1754 1660 ἕ-

166 1713 231 1767 τη
275 1703 382 1768 ρκ’.

557 1784 768 1818 λρτρὲ

233 1789 496 1853 Ματθίας
525 1788 584 1843 δὲ
617 1788 698 1855 εἷς
739 1789 814 1844 ὣν
842 1789 950 1843 τῶν
982 1796 1044 1856 o',
1081 1789 1601 1863 συγκαταριθμεῖται
1641 1796 1753 1858 τοῖς

1863 596 2092 662 Bactris,
2151 595 2352 667 Margis
2398 597 2763 667 pradicasset,
2811 599 3048 654 ahietina
3077 601 3264 657 lancea
3298 619 3433 671 qua-

1865 697 1987 743 tuor
2017 688 2102 743 sui
2133 689 2378 758 corporis
2407 689 2651 760 partibus
2683 691 2972 748 confossus
2993 702 3078 749 est
3097 693 3392 750 Calamiuaz
3414 736 3430 763 ,

1861 793 1984 849 qua:
2015 789 2099 834 est
2130 780 2261 836 urbs
2289 778 2473 846 Indiae,
2505 779 2723 850 illicquc
2749 784 3029 853 sepelitur.

1930 867 2169 923 Jacobus
2204 868 2411 938 Alphwi
2442 870 2739 938 prmdicans
2773 870 3181 945 Hierosolymis,
3221 875 3431 945 lapida-

1861 970 1948 1023 tus
1971 976 2002 1014 a
2025 959 2228 1016 Iudaeis
2266 961 2550 1028 occiditur,
2591 963 2809 1034 illicque
2841 980 3008 1035 prope
3040 968 3298 1036 templum
3345 984 3430 1023 se-

1898 1052 2073 1106 clilur.

1898 1067 2073 1106 entur.

1859 1067 1895 1122 Ρ
1927 1144 2124 1212 Judas,
2157 1144 2251 1214 qui
2299 1152 2353 1199 et
2398 1143 2680 1206 Lebbaaus,
2731 1142 2823 1196 ubi
2858 1143 3056 1212 populo
3099 1142 3314 1198 Edessa:
3357 1158 3427 1197 ac

1861 1239 1959 1293 toti
1994 1237 2395 1308 Mesopotamiae
2430 1236 2797 1308 praedicasset,
2832 1235 2964 1290 obiit
2987 1235 3190 1307 Beryti,
3222 1250 3286 1290 ac
3315 1235 3426 1290 illic

1856 1333 2135 1402 sepelitur.

1928 1423 2117 1478 Simon
2149 1421 2509 1486 Chananaeus,
2543 1421 2684 1476 ﬁlius
2714 1419 2984 1490 Cleophae,
3017 1420 3109 1490 qui
3131 1429 3185 1476 et
3221 1418 3422 1486 Iudas,

1854 1527 1977 1588 post
2008 1515 2270 1572 Iacobum
2297 1513 2511 1570 Justum
2539 1523 2754 1569 creatus
2781 1511 3281 1584 Hierosolymorum
3308 1513 3424 1583 epi-

1855 1625 2072 1680 scopus,
2093 1609 2259 1672 obiit‘,
2294 1607 2660 1678 sepeliturque
2690 1607 2880 1661 eodem
2919 1605 3061 1673 loco,
3091 1620 3216 1660 cum
3245 1621 3421 1661 anno;

1853 1711 2071 1758 centum
2106 1700 2294 1772 viginti
2322 1699 2566 1755 vixisset.

1923 1791 2173 1846 Matthias
2205 1805 2328 1844 cum
2357 1797 2502 1844 esset
2531 1801 2671 1842 unus
2716 1790 2782 1841 de
2820 1784 3188 1856 septuaginta,
3224 1799 3419 1840 accen-

166 1887 232 1935 ια⁹
270 1881 620 1946 ἀποστόλοις,
654 1881 748 1934 καὶ
777 1881 1067 1954 κηρύσσων
1100 1884 1157 1936 ἐν
1203 1881 1574 1953 Ἰερουσαλὴμ,
1607 1883 1747 1936 ἐκοι-

1880 1894 1999 1938 etur
2042 1881 2294 1936 undecim
2335 1880 2631 1950 apostolis;
2659 1893 2892 1947 cumque
2922 1877 3270 1948 praedicasset
3296 1875 3419 1931 Hie-

165 1973 320 2045 μήθη
356 1974 452 2026 καὶ
479 1973 742 2027 θάπτεται
771 1974 904 2026 ἐκεῖ.

233 2062 459 2127 Παῦλος
481 2063 537 2117 δὲ
571 2066 687 2134 μετ’
722 2065 965 2118 ἐνιαυτὸν
995 2063 1093 2119 ἕνα
1121 2065 1220 2136 τῆς
1239 2065 1331 2119 τοῦ
1367 2065 1609 2137 Χριστοῦ
1635 2063 1746 2138 (45)

159 2154 494 2225 ἀναλήψεως
522 2155 767 2227 εἰσῆλθεν
821 2158 902 2220 εἰς
945 2156 1042 2230 τὴν
1074 2157 1400 2230 ἀποστολὴν,
1449 2158 1546 2211 καὶ
1578 2158 1748 2230 ἀρξά-

161 2262 332 2317 μενος
355 2247 466 2299 ἀπὸ
507 2247 880 2320 Ἰερουσαλὴμ,
913 2248 1176 2322 προῆλθεν
1200 2249 1304 2313 ἕως
1333 2249 1424 2303 τοῦ
1457 2249 1747 2322 Ἰλλυρικοῦ

157 2339 256 2392 καὶ
311 2338 544 2402 Ἰταλίας
574 2340 669 2392 καὶ
718 2341 957 2404 Σπανίας
1005 2340 1294 2413 κηρύσσων
1325 2341 1386 2394 τὸ
1416 2341 1747 2410 Εὐαγγέλιον

155 2430 251 2501 ἔτη
310 2429 408 2482 λε’.
449 2431 571 2485 Ἐπὶ
601 2431 658 2484 δὲ
708 2432 979 2504 Νέρωνος,
1025 2433 1083 2488 ἐν
1128 2431 1316 2509 Ῥώμῃ
1356 2435 1458 2508 τὴν
1505 2434 1743 2506 κεφαλὴν

156 2523 527 2595 αποτμηθεὶς,
563 2524 828 2580 θάπτεται
857 2526 992 2580 ἐκεῖ.

1852 1973 2166 2044 rosolymis,
2195 1971 2347 2035 obiit,
2377 1986 2442 2026 ac
2469 1970 2578 2025 illic
2607 1971 2844 2040 sepultus
2871 1977 2972 2025 est.

1918 2066 2117 2121 Paulus
2165 2065 2435 2135 denique,
2498 2072 2620 2133 post
2670 2078 2872 2117 annum
2928 2061 2996 2116 ab
3041 2059 3415 2130 assumptione

1849 2159 2072 2222 Christi,
2109 2158 2242 2213 adiit
2297 2157 2698 2228 apostolatum;
2753 2153 3125 2224 incipiensque
3158 2153 3226 2208 ab
3257 2151 3416 2208 Jeru-

1849 2251 2038 2317 salem,
2065 2248 2310 2318 pervenit
2349 2263 2522 2318 usque
2556 2247 2625 2301 ad
2665 2245 2960 2318 lllyricum,
2993 2253 3046 2299 et
3092 2243 3324 2312 Italiam,
3348 2259 3414 2300 ac

1849 2343 2188 2414 Hispaniam,
2219 2340 2521 2412 praedicans
2547 2339 2895 2410 Evangelium
2925 2355 3019 2408 per
3045 2353 3220 2392 annos
3245 2337 3415 2408 quin-

1849 2453 1954 2508 que
1982 2453 2046 2492 ac
2064 2435 2280 2506 triginta
2301 2451 2316 2501 ;
2343 2434 2446 2490 sub
2457 2433 2671 2491 Nerone
2690 2442 2892 2498 autem,
2911 2429 3118 2498 Romae,
3131 2436 3409 2500 amputato

1849 2528 2046 2600 capite,
2073 2527 2182 2584 illic
2213 2525 2491 2598 sepelitur.

855 2895 1157 3016 ΤΟΥ
1227 2894 1715 3012 ΑΥΤΟΥ
1804 2888 2710 3012 ΙΠΠΟΑΥΤΟΥ

1327 3109 1488 3163 ΠΕΡΙ
1533 3108 1669 3162 ΤΩΝ
1697 3109 1752 3163 0'
1805 3107 2234 3164 ΔΠΟΣΤΟΛΩΝ.

508 3439 1042 3535 EJUSDEM
1112 3434 1789 3532 HlPPOLYTI
1848 3436 1996 3525 DE
2072 3436 2326 3526 LXX
2389 3434 3086 3530 APOSTOLIS.
3193 3380 3204 3390 ’

1358 3629 1408 3686 Ε
1426 3629 1602 3685 codice
1628 3627 1954 3684 Barocciano
1974 3626 2079 3684 206
2102 3626 2236 3699 (44).

236 3940 506 4005 Ἰάκωϐος
532 3941 560 3994 6
589 3937 924 4009 ἀδελφόθεος,
965 3939 1260 4004 ἐπίσκοπος
1289 3938 1690 4011 Ἱεροσολύμων.

1916 3937 1968 3991 1.
2003 3933 2241 3992 Jacobus
2273 3933 2487 3990 Domini
2522 3932 2711 4000 frater,
2747 3931 3242 4004 Hierosolymorum
3281 3932 3399 4004 epi-

224 4123 507 4186 Κλεωπᾶς
535 4120 828 4182 ἐπίσκοπος
865 4117 1125 4190 Ἱεροσολύ
1134 4136 1268 4190 μων.

223 4215 486 4279 Ματθίας
521 4216 549 4268 6
593 4211 992 4286 ἀναπληρώσας
1033 4213 1125 4269 τὸν
1153 4215 1315 4269 τόπον
1353 4213 1462 4269 τῶν
1495 4219 1560 4268 ια’
1597 4215 1735 4268 ἀπο-

149 4307 387 4360 στόλων.

219 4399 489 4462 Θαδδαῖος
518 4398 546 4451 6
575 4397 675 4470 τὴν
709 4396 990 4470 ἐπιστολὴν
1017 4398 1252 4471 Αὐγάρῳ
1280 4397 1527 4469 κομίσας.

239 4482 502 4544 Ἀνανίας
539 4483 568 4535 6
610 4482 878 4553 βαπτίσας
920 4483 1162 4550 Παῦλον,
1206 4485 1496 4548 ἐπίσκοπος
1544 4482 1730 4553 Δαμά-

156 4592 324 4628 σκου.

221 4670 503 4741 Στέφανος
533 4672 562 4725 6
588 4670 950 4744 πρωτομάρτυ
959 4690 1010 4746 ρ.

219 4763 496 4826 Φίλιππος
522 4764 550 4816 6
574 4761 664 4817 τὸν
697 4763 946 4835 εὐνοῦχον
977 4751 1264 4834 βαπτίσας.

222 4856 508 4928 Πρόχορος
548 4856 842 4920 ἐπίσκοπος
878 4855 1272 4928 Νικομηδείας,
1317 4857 1346 4909 6
1387 4853 1481 4908 καὶ
1521 4853 1734 4927 πρῶτος

147 4950 414 5016 ἐξελθὼν,
448 4948 740 5012 πιστεύσας
768 4948 904 5019 μετὰ
929 4947 1036 5000 τῶν
1067 4947 1378 5019 θυγατέρων
1402 4944 1588 4999 αὐτοῦ.

207 5040 490 5113 ,Νικάνωρ
515 5040 802 5103 ἀπέθανεν,
827 5040 916 5092 ὅτε
942 5038 1209 5109 Στέφανος
1239 5036 1632 5109 ἐμαρτύρησεν.

221 5225 421 5297 Τίμων
445 5223 738 5287 ἐπίσκοπος
764 5222 1023 5297 Βόστρης.

381 5526 468 5579 lo’.
501 5526 759 5605 ζνξάρόοις.
793 5527 1113 5595 Combelis.,
1158 5540 1212 5585 at
1248 5528 1492 5598 llieron.,
1530 5531 1722 5605 Magis.

227 5596 348 5670 (41)
375 5613 469 5670 ,που
505 5596 688 5670 Win-

369 5665 667 5745 Steplt.__le'
710 5667 1057 5745 Moyne_le_git
1088 5671 1448 5745 Καραμήνης.

209 5736 346 5812 μᾷ)
379 5736 514 5812 god.
557 5736 817 5812 Barocc.,'
833 5737 928 5792 τοῦ
956 5736 1182 5812 Κυρίου.

228 5741 326 5804 (45
379 5741 514 5792 Cod.
557 5741 804 5806 Barocc.,
833 5741 928 5792 τοῦ
956 5741 1182 5812 Κυρίου.
1261 5741 1270 5743 ἡ
1319 5741 1329 5745 ⁷
1387 5741 1398 5745 ⁷

224 5741 352 5877 (id;
375 5806 561 5864 Exstat
586 5809 748 5866 etiam
778 5827 899 5866 cum
936 5811 1213 5882 superiore
1241 5813 1440 5886 scripto
1482 5815 1557 5874 De
1586 5817 1718 5874 dua-

1838 4042 2295 4186 sc(zzlfuiﬂeophas,
2327 4114 2612 4185 episcopus
2647 4114 3162 4186 Hierosolymorum.

1911 4209 1966 4263 5.
2004 4207 2260 4263 Matthias
2293 4207 2388 4277 qui
2418 4207 2597 4262 locum
2643 4207 2897 4263 undecim
2942 4207 3202 4278 apostolis
3244 4208 3399 4262 addi-

1835 4310 1926 4357 tus
1960 4301 2246 4370 supplevit.

1909 4392 1965 4447 4.
2001 4390 2304 4448 Thaddaaus
2337 4391 2430 4462 qui
2464 4391 2748 4461 epistolam
2794 4393 2974 4447 attulit
3003 4392 3068 4446 ad
3101 4392 3397 4463 Augarum.

1912 4485 1966 4540 5.
2001 4485 2244 4541 Ananias
2277 4485 2372 4555 qui
2401 4485 2628 4540 Paulum
2661 4485 2972 4558 baptizavit,
3006 4484 3253 4541 Damasci
3283 4486 3402 4554 cpi:

1833 4590 2052 4645 scopus.

1912 4667 1965 4722 6.
2003 4667 2313 4738 Stephanus
2345 4678 2729 4740 protomartyr.

1915 4760 1968 4816 7.
2000 4761 2300 4833 Philippus,
2340 4779 2370 4818 a
2402 4779 2511 4833 quo
2543 4765 2828 4819 eunuchus
2860 4763 3162 4833 baptizatus
3192 4772 3296 4818 est.

1911 4851 1965 4906 8.
2003 4851 2330 4920 Procborus,
2362 4855 2654 4926 episcopus
2685 4855 3030 4923 Nicomedim,
3063 4856 3156 4926 qui
3195 4858 3402 4924 primus

1834 4942 1977 4999 diem
2013 4943 2171 5011 obiit,
2206 4943 2366 5000 ﬁdem
2404 4961 2525 5001 cum
2561 4947 2775 5002 ﬁliabus
2809 4948 2924 5004 suis
2952 4951 3254 5018 amplexus.

1904 5036 1959 5092 9.
2001 5034 2239 5092 Nicanor
2267 5037 2403 5092 obiit
2430 5055 2554 5094 cum
2589 5038 2895 5110 Stephanus
2931 5042 3219 5097 sustineret
3250 5056 3399 5094 mar-

1830 5126 2048 5197 tyrium.

1916 5215 2004 5273 10.
2039 5215 2254 5286 Timon,
2283 5218 2487 5276 Bostra:
2514 5222 2822 5293 episcopus.

1834 5536 2000 5614 decim
2027 5535 2276 5614 apostolis
2302 5533 2403 5614 sub
2444 5532 2710 5614 llippolyti
2742 5531 2980 5614 Domine
3019 5532 3073 5585 in
3117 5528 3395 5614 codicibus

1833 5601 2207 5662 duobus'bibl.
2238 5601 2581 5659 Coislinianaa
2604 5601 2717 5659 sive
2741 5601 3126 5673 Seguierianaz,
3152 5608 3210 5655 ut
3233 5607 3396 5673 testa-

1833 5685 1922 5730 tur
1951 5677 2162 5731 clariss.
2195 5673 2614 5730 Montl'auconus
2641 5673 2695 5727 in
2725 5670 3040 5728 reccnsione
3076 5688 3212 5728 mss.
3245 5670 3395 5726 Gras-

1831 5762 2016 5802 corum
2049 5746 2194 5802 illius
2219 5745 2349 5800 bibl.
2377 5743 2618 5816 Tertium
2646 5744 2885 5802 codicem
2914 5743 3186 5816 Hippolyti
3210 5742 3286 5798 De
3312 5757 3393 5799 xu

1829 5816 2076 5888 apostolis
2102 5824 2365 5876 memorat
2393 5831 2447 5889 p.
2476 5815 2597 5873 415.
