3882 6332
559 393 662 447 959

1403 391 1694 450 APPEND.
1737 394 1829 448 AD
1866 395 2147 452 PARTEM
2182 396 2227 452 Il
2263 395 2548 453 OPERUM
2591 395 2647 452 S.
2692 395 3078 452 [-IIPPOLYTI.
3637 403 3718 462 960

627 514 716 570 9.9.
759 513 901 568 Bene
929 512 1328 568 observandum
1358 529 1480 571 esse
1508 531 1575 572 ne
1606 517 1902 589 quidquam
1934 518 2002 576 de
2027 534 2119 576 ca-
2147 529 2196 589 Α
2297 522 2384 576 54.
2431 520 2504 577 De
2533 521 2800 577 modestia
2825 520 3166 576 saecularium
3195 520 3248 575 in
3269 520 3481 576 ecclesia
3501 523 3560 576 ⁸⁸.

557 603 660 660 liee
684 604 738 658 in
767 616 966 660 terram
996 606 1155 661 cadat
1178 606 1243 662 “.

625 699 715 754 50.
759 699 832 753 De
867 699 1274 756 catechumenis
1296 700 1362 754 "'.

627 791 718 845 51.
774 789 1073 845 Diaconum
1127 790 1527 846 Eucharistiam
1577 807 1703 848 cum
1765 793 2126 864 permissione

555 878 795 950 episcopi
815 889 910 935 aut
926 883 1226 953 presbyteri
1250 883 1449 952 populo
1474 883 1859 939 administrare
1882 900 2040 953 posse
2058 885 2122 941 ⁸⁸.

625 974 716 1030 52.
760 973 965 1030 Viduas
1000 984 1162 1046 atque
1198 976 1439 1047 virgines
1488 977 1707 1032 assidue
1746 993 1906 1034 orare
1959 992 2124 1046 opor-

557 1075 668 1120 tere
692 1066 758 1120 ‘9.

626 1159 716 1215 55.
759 1158 1095 1214 Mortuorum
1127 1159 1365 1216 ﬁdelium
1396 1160 1978 1217 commemorationem
2010 1162 2127 1217 sin-

557 1250 698 1320 gulis
725 1251 1268 1334 dicbus_faciendam,
1297 1263 1520 1324 excepta
1553 1254 1642 1310 die
1677 1254 1958 1310 Dominica
1983 1257 2048 1307 ⁸ο.

2299 634 2387 691 55.
2450 633 2721 690 Diaconos
2778 635 3206 689 benedictionem
3254 644 3303 689 ct
3352 637 3533 704 gratias
3580 638 3719 694 dicere

2230 743 2392 798 posse
2426 728 2477 782 in
2510 728 2716 798 agapis,
2750 743 2873 783 cum
2896 727 3181 798 episcopus
3210 743 3431 797 praesens
3457 744 3552 782 non
3573 741 3639 784 est
3663 731 3716 786 ".

2300 842 2388 897 56.
2427 841 2502 897 De
2533 843 2787 912 primitiis
2822 853 2978 898 terra:
3014 852 3068 898 ct
3104 843 3169 898 de
3207 842 3342 897 votis
3364 843 3426 897 ".

2301 934 2390 988 57.
2432 933 2568 990 Cum
2599 936 2887 1006 episc0pus
2921 935 2980 990 S.
3013 935 3252 1007 Synaxin
3280 935 3518 1002 celebrat,
3543 937 3717 1007 presby-

2232 1049 2330 1106 teri
2363 1049 2439 1104 illi
2471 1051 2791 1106 assistentes
2817 1050 2940 1105 alba
2970 1049 3150 1106 vestiti
3176 1063 3296 1105 esse
3327 1048 3584 1103 debent“.

2308 1163 2399 1216 58.
2441 1159 2722 1217 Neminem
2751 1163 2991 1218 dormire
3014 1161 3209 1216 debere
3234 1170 3387 1216 nocte
3407 1158 3722 1216 Rcsurrectio-

2232 1254 2319 1311 nis
2350 1254 2563 1310 Domini
2594 1255 2765 1310 nostri
2789 1254 2919 1312 Jesu
2948 1254 3149 1311 Christi
3171 1255 3241 1310 ⁸⁸.

573 1403 3672 1429 _.______________________—_______________

873 1572 1523 1688 CANONES
1607 1574 2335 1690 ECCLESUE
2415 1575 3464 1693 ALEXANDRIN/E

1489 1793 1923 1854 PERPERAM
1974 1793 2438 1857 HlPPOLYTO
2476 1796 2818 1859 TIUBUTI.

987 1959 1080 2020 (De
1103 1957 1374 2017 Mactsrnts,
1406 1961 1521 2007 Acta
1551 1934 1820 2024 Mariyrruu
1841 1956 1905 2008 ad
1933 1955 2066 2008 Ostia
2095 1955 2344 2020 Tiberina,
2368 1959 2534 2009 Romae
2557 1959 2692 2022 I795,
2719 1960 2821 2023 tol.,
2847 1965 3092 2025 Append,
3121 1978 3172 2026 p.
3197 1964 3329 2026 478.)

626 2256 693 2310 In
746 2258 951 2312 nomine
1000 2257 1219 2322 Patris,
1265 2266 1314 2312 et
1369 2256 1537 2322 Filii,
1577 2267 1626 2311 et
1675 2256 1907 2326 Spiritus
1934 2259 2122 2314 sancti.
2159 2263 2200 2319 Β
2296 2257 2483 2314 Canon
2517 2264 2766 2327 quartus.
2805 2257 2878 2312 De
2907 2259 3248 2316 ordinatione
3279 2263 3577 2334 presbyteri.

553 2355 596 2407 Λ
606 2369 716 2406 men
724 2391 737 2404 .

627 2443 727 2497 Isti
753 2453 877 2496 sunt
905 2443 1142 2498 Canones
1175 2442 1446 2510 Ecclesia,
1480 2445 1733 2498 mandata
1757 2462 1876 2504 qua:
1912 2447 2120 2516 scripsit

553 2535 891 2606 Hippolytus,
914 2554 1004 2606 per
1031 2554 1182 2608 quem
1207 2537 1439 2608 loquitur
1466 2538 1769 2607 (Ecclesia),
1787 2549 1836 2593 et
1876 2555 2120 2594 numerus

550 2646 729 2684 eorum
760 2628 1021 2683 XXXVIII
1050 2629 1306 2685 Canones.
1337 2630 1496 2685 Salus
1520 2649 1552 2684 a
1579 2630 1819 2686 Domino.

621 2721 806 2775 Canon
842 2721 1068 2792 primus.
1114 2720 1189 2776 De
1228 2720 1361 2776 Fide
1397 2721 1685 2776 catholica.
1738 2721 1880 2776 Ante
1938 2722 2120 2777 omnia

551 2813 839 2887 loquamur
864 2817 930 2869 de
953 2817 1057 2870 lide
1079 2823 1286 2886 sancta,
1307 2822 1451 2867 recta
1479 2813 1531 2867 in
1558 2811 1844 2867 Dominum
1873 2822 2119 2868 nostrum

549 2908 732 2963 Jesum
767 2907 1070 2970 Christum,
1102 2905 1295 2959 Filium
1327 2904 1419 2958 Dei
1450 2905 1578 2971 vivi,
1606 2913 1660 2959 et
1686 2905 1971 2974 posuimus
1994 2921 2118 2960 eum

551 2997 858 3070 (canonem)
903 2998 956 3052 in
1010 2997 1114 3052 ﬁde
1163 2996 1475 3068 (symbolo),
1507 3007 1561 3052 et
1601 3012 1702 3053 nos
1745 2999 2119 3056 consentimus

549 3090 698 3145 omni
725 3089 1046 3144 certitudine
1074 3087 1404 3155 rationabili,
1436 3088 1583 3158 quod
1630 3087 1868 3147 Trinitas
1894 3093 2119 3162 aequalis

549 3181 786 3252 perfecte
815 3181 885 3236 sit
914 3181 965 3233 in
997 3180 1223 3242 honore,
1253 3181 1477 3250 aequalis
1503 3182 1557 3236 in
1583 3181 1774 3253 gloria,
1797 3197 1898 3239 nec
1923 3185 2120 3241 habeat

551 3275 764 3329 initium
815 3289 914 3328 nec
963 3273 1147 3328 linem.
1182 3272 1418 3329 Verbum
1461 3273 1630 3331 Filius
1676 3275 1770 3331 Dei
1809 3286 1862 3332 et
1900 3280 2014 3347 ipse
2039 3287 2121 3334 est

549 3371 761 3421 creator
786 3365 964 3419 omnis
993 3374 1278 3431 creaturae,
1307 3365 1602 3422 visibilium
1647 3376 1702 3423 et
1744 3368 2115 3424 invisibilium.

551 3456 666 3512 Iloc
696 3455 1078 3512 constituimus
1109 3457 1514 3514 consentientes
1557 3457 1819 3516 adversus
1864 3474 1980 3526 eos,
2025 3461 2120 3530 qui

549 3551 806 3606 audacter
846 3549 1012 3604 locuti
1048 3559 1197 3615 sunt,
1237 3551 1380 3620 quod
1420 3567 1528 3606 non
1561 3560 1806 3621 oporteat
1839 3551 1905 3608 de
1939 3551 2116 3608 Verbo

2289 2351 2474 2406 Canon
2507 2349 2751 2419 quintus.
2790 2350 2863 2406 De
2893 2352 3291 2409 constitutione
3321 2355 3543 2411 diaconi.

2293 2445 2478 2500 Canon
2513 2435 2720 2499 sextus.
2750 2443 2823 2498 De
2852 2444 2920 2499 iis
2943 2445 3034 2515 (ιυί
3059 2447 3204 2516 passi
3241 2457 3368 2503 sunt
3391 2464 3486 2518 pro
3513 2450 3614 2504 ﬁde.

2292 2538 2476 2592 Canon
2507 2537 2790 2606 septimus.
2833 2535 2908 2591 De
2943 2552 3010 2591 eo
3055 2538 3145 2608 qui
3182 2551 3506 2611 anagnostes
3530 2550 3576 2596 et
3602 2543 3723 2612 hypo-

2220 2631 2486 2686 diaconus
2510 2629 2718 2685 electus
2740 2637 2842 2684 est.

2290 2723 2478 2778 Canon
2511 2730 2754 2777 octavus.
2796 2721 2872 2776 De
2895 2721 3238 2776 curationum
3270 2723 3434 2780 dono.

2291 2815 2479 2869 Canon
2510 2829 2707 2869 nonus.
2735 2811 2812 2867 Ne
2837 2813 3042 2868 habitet
3071 2814 3397 2888 (presbyter)
3440 2821 3490 2873 in
3528 2817 3639 2874 locis
3659 2817 3724 2871 ubi

2221 2923 2330 2962 non
2361 2915 2592 2976 oportet,
2625 2916 2678 2962 et
2704 2906 2771 2960 de
2799 2906 3004 2961 honore
3033 2907 3348 2965 viduarum.

2291 2999 2479 3054 Canon
2509 2997 2774 3053 decimus.
2805 2995 2880 3052 De
2906 2997 2991 3054 his
3020 2997 3113 3068 qui
3155 2995 3425 3056 Nazareni
3453 3000 3724 3073 (Christiani)

2221 3091 2336 3146 ﬁeri
2364 3091 2570 3146 volunt.

2291 3181 2478 3236 Canon
2510 3177 2852 3233 undecimus.
2879 3176 2955 3235 De
2981 3179 3073 3235 illo
3095 3179 3189 3251 qui
3217 3179 3355 3238 facit
3380 3181 3515 3238 idola
3535 3192 3581 3237 et
3601 3182 3722 3236 simu-

2219 3275 2387 3339 lacra,
2420 3272 2534 3328 sive
2558 3270 2772 3326 artifex.

2291 3365 2480 3422 Canon
2510 3363 2883 3420 duodecimus.
2917 3362 2990 3418 De
3023 3365 3393 3434 prohibitione
3434 3368 3608 3422 horum
3632 3380 3723 3434 ope-

2219 3474 2364 3522 rum,
2391 3472 2628 3531 quorum
2659 3464 2915 3512 auctores
2950 3471 3058 3512 non
3085 3457 3422 3528 recipiantur
3443 3459 3542 3514 nisi
3565 3464 3723 3528 peracta

2221 3551 2557 3626 paenitentia.

550 3641 644 3695 Dei
680 3640 875 3713 (loqui)
906 3641 1066 3695 sicuti
1094 3640 1306 3695 locutus
1331 3651 1412 3696 est
1441 3641 1706 3696 Dominus
1735 3651 1920 3698 noster
1956 3641 2116 3699 Iesus
2143 3613 2184 3671 C
2289 3644 2477 3701 Canon
2521 3643 2764 3698 decimus
2802 3643 3014 3698 tertius.
3068 3643 3143 3698 De
3193 3645 3438 3715 principe
3471 3653 3554 3697 aut
3584 3641 3722 3702 milite,

548 3733 824 3788 Christus.
855 3730 1177 3804 Cungregati
1210 3748 1400 3787 sumus
1445 3733 1786 3802 potissimum
1830 3735 1900 3790 ad
1941 3734 2120 3804 profe-

550 3827 776 3882 rendum
818 3835 1003 3880 sancte
1036 3825 1104 3880 de
1141 3826 1273 3891 Deo,
1314 3835 1368 3882 et
1411 3827 1533 3882 illos
1566 3827 1957 3896 scparavimus,
1991 3828 2119 3897 quia

549 3934 656 3972 non
685 3917 1018 3973 concordant
1044 3932 1168 3972 cum
1209 3916 1450 3973 Ecclesia
1495 3917 1547 3971 in
1598 3917 1902 3987 theologia,
1947 3934 2120 3986 neque

547 4005 836 4059 uobiscum
885 4005 1011 4060 tiliis
1057 4004 1482 4075 Scripturarum.
1532 4003 1822 4076 Propterea
1871 4021 2120 4077 Segrega-

546 4097 728 4153 vimus
757 4113 854 4154 eos
885 4098 952 4152 ab
976 4097 1237 4164 Ecclesia,
1265 4107 1319 4152 et
1355 4099 1630 4168 negotium
1668 4114 1858 4154 eorum
1899 4100 2094 4170 reliqui

547 4205 674 4244 mus
704 4188 838 4256 Deo,
871 4187 962 4255 qui
988 4197 1267 4243 creaturas
1294 4203 1418 4243 cum
1451 4188 1658 4258 justitia
1688 4189 1971 4258 judicabit.
2010 4190 2118 4248 Illis

547 4291 728 4336 autem
766 4281 858 4351 qui
889 4281 989 4334 hos
1039 4280 1322 4350 ignorant,
1370 4293 1558 4334 nOtum
1600 4280 1829 4336 facimus
1863 4283 1967 4338 hoc
2000 4283 2121 4339 sine

547 4371 770 4436 invidia,
800 4387 868 4426 ne
894 4369 1092 4424 malam
1122 4370 1404 4432 incurrant
1433 4379 1686 4436 mortem,
1717 4381 1974 4443 tanquam
2009 4377 2118 4430 hae-

547 4465 725 4531 retici,
765 4464 861 4519 sed
893 4471 1306 4533 promereantur
1327 4462 1492 4516 vitam
1517 4471 1792 4528 aeternam,
1812 4475 1865 4519 et
1889 4466 2118 4522 doceant

547 4558 686 4612 tilios
717 4573 868 4623 suos,
902 4568 954 4611 ct
979 4565 1228 4626 posteros
1259 4571 1386 4611 suos
1413 4555 1552 4610 hanc
1583 4555 1799 4612 unicam
1829 4558 2008 4614 iidem.

616 4652 804 4705 Canon
838 4650 1130 4705 secundus.
1152 4648 1229 4703 De
1244 4647 1533 4718 episcopis.
1560 4647 1862 4718 Episcopus
1885 4650 2116 4721 eligatur

546 4742 615 4795 ab
666 4742 814 4796 omni
862 4742 1094 4812 populo,
1146 4741 1326 4809 sitque
1382 4739 1901 4810 irreprehcnsibilis,
1955 4742 2112 4796 sicuti

546 4833 809 4903 scriptum
842 4843 924 4888 est
955 4835 1022 4889 de
1056 4849 1122 4889 eo
1153 4833 1206 4887 in
1249 4833 1510 4902 Apostolo
1536 4849 1549 4886 :
1579 4832 1632 4886 in
1682 4831 2017 4886 hebdomada
2059 4832 2113 4887 in

545 4941 654 4994 qua
687 4926 994 4988 ordinatur,
1029 4937 1083 4980 et
1121 4926 1268 4980 dicat
1305 4924 1591 4979 universus
1639 4924 1907 4993 populus:
1949 4922 2114 4980 Volu-

544 5035 668 5073 mus
700 5032 856 5083 eum;
900 5018 1078 5086 sitque
1109 5017 1384 5072 silentium
1430 5017 1484 5071 in
1528 5024 1644 5070 toto
1686 5016 1845 5078 atrio,
1875 5024 1928 5070 et
1958 5027 2114 5073 orent

544 5126 737 5166 omnes
764 5126 924 5180 super
944 5127 1068 5165 eum
1098 5120 1151 5165 et
1177 5112 1360 5165 dicant
1385 5129 1398 5164 :
1426 5110 1470 5165 Ο
1495 5108 1655 5172 Deus,
1682 5108 1943 5163 conlirma
1968 5110 2114 5164 hunc

542 5216 701 5272 quem
731 5203 1047 5272 praeparasti
1079 5201 1260 5263 nobis,
1291 5209 1398 5256 etc.

615 5292 804 5350 Canon
849 5295 1063 5350 tertius.
1111 5293 1298 5348 Oratio
1340 5307 1503 5363 super
1547 5308 1672 5346 eum
1699 5292 1791 5363 qui
1821 5293 2113 5364 episcopus

543 5387 623 5451 ﬁt,
655 5396 710 5443 et
745 5387 1016 5442 ordinatio
1052 5386 1248 5442 missze.
1295 5385 1436 5441 Deus
1480 5384 1640 5440 Pater
1681 5384 1895 5438 Domini
1941 5385 2111 5440 nostri

546 5477 672 5535 iesu
697 5479 924 5544 Christi,
960 5478 1122 5535 Pater
1145 5479 1664 5544 misericordiarum,
1694 5489 1746 5533 et
1777 5479 1915 5534 Deus
1945 5479 2112 5534 totius

543 5573 956 5635 consolationis,
991 5582 1094 5628 etc.

617 5687 662 5719 “
699 5685 872 5743 Decsh
962 5689 1005 5720 ⁸⁷
1047 5687 1111 5742 L.
1143 5704 1238 5752 vn,
1275 5704 1324 5742 c.
1353 5689 1441 5753 59,
1482 5695 1585 5742 etc.

1680 5687 1724 5718 ⁸⁸
1768 5685 1824 5737 ι..
1864 5701 1981 5744 vni.
2031 5701 2078 5739 c.
2118 5685 2204 5740 ‘28.

2222 3753 2288 3792 ne
2321 3736 2686 3808 suscipiantur
2715 3735 3212 3790 indiscriminatim.

2290 3828 2477 3884 Canon
2509 3828 2753 3885 decimus
2777 3836 3026 3898 quartus.
3055 3826 3131 3882 Ne
3159 3827 3252 3882 fiat
3276 3829 3431 3884 miles
3453 3825 3722 3881 Nazarenus.

2221 3919 2322 3975 nisi
2344 3920 2552 3990 jussus.

2290 4011 2476 4068 Canon
2504 4012 2750 4067 decimus
2775 4011 3019 4083 quintus.
3046 4009 3398 4066 Enumeratio
3425 4025 3623 4081 operum
3641 4020 3721 4075 qua

2219 4116 2348 4162 sunt
2377 4107 2586 4161 illicita.

2293 4195 2480 4251 Canon
2509 4193 2756 4252 decimus
2788 4201 2997 4248 sextus.
3049 4189 3125 4245 De
3156 4205 3222 4244 eo
3253 4192 3351 4262 qui
3382 4192 3534 4247 habet
3558 4200 3722 4243 uxorem

2218 4289 2514 4360 legitimam
2541 4297 2595 4343 et
2618 4288 2780 4342 aliam
2814 4285 3036 4353 insuper
3061 4284 3232 4338 ducit.

2290 4381 2478 4438 Cauon
2522 4380 2768 4435 decimus
2817 4377 3101 4446 septimus.
3159 4375 3231 4430 De
3277 4376 3500 4431 muliere
3526 4374 3722 4442 ingenua.

2217 4473 2446 4544 ejusque
2484 4470 2694 4526 ciliciis.
2747 4467 2824 4523 De
2872 4466 3280 4531 obstetricibus,
3337 4483 3402 4522 ac
3455 4462 3722 4536 separatioie

2217 4565 2458 4618 virorum
2487 4563 2517 4617 τι
2550 4560 2888 4615 mulieribus.
2928 4557 3003 4612 De
3043 4557 3348 4628 virginibus
3387 4554 3720 4625 ut.c00prriant

2217 4655 2384 4710 facies
2413 4670 2541 4710 suas
2566 4663 2620 4708 et
2653 4652 2831 4721 capita
2863 4665 2983 4704 sua.

2287 4746 2475 4801 Canon
2507 4744 2752 4800 decimus
2775 4751 3026 4798 octavus.
3060 4740 3134 4795 De
3165 4739 3469 4811 puerperis,
3505 4755 3560 4793 ac
3593 4736 3720 4789 obsta

2218 4836 2441 4892 tricibus
2470 4834 2683 4889 iterum.

2289 4926 2478 4981 Canon
2517 4923 2763 4979 decimus
2796 4937 2995 4976 nonus.
3030 4921 3104 4975 De
3137 4917 3552 4980 catechumenis,
3589 4923 3629 4964 et
3661 4923 3720 4960 oro

2217 5019 2496 5076 diuatione
2526 5015 2790 5086 Baptismi
2820 5027 2874 5069 et
2898 5013 3096 5069 Missas.

2287 5112 2474 5167 Canon
2502 5109 2816 5166 vicesimus.
2857 5108 2932 5163 De
2971 5105 3182 5179 jejunio
3216 5103 3389 5175 (feria:
3431 5109 3522 5172 vi),
3548 5105 3593 5151 et
3623 5106 3720 5161 ψη·

2219 5199 2589 5272 dragesimali.

2291 5293 2480 5349 Canon
2507 5291 2801 5346 vicesimus
2827 5288 3059 5360 primus.
3089 5288 3163 5343 De
3187 5287 3410 5343 collecta
3439 5276 3718 5337 sacerdotum

2217 5397 2271 5442 ct
2299 5385 2483 5456 populi
2517 5384 2571 5438 in
2602 5383 2831 5440 ecclesia
2860 5383 3121 5452 quotidie.

2284 5476 2472 5532 Canon
2501 5476 2796 5531 vicesimus
2842 5475 3133 5529 secundus.
3184 5472 3255 5526 De
3297 5463 3610 5524 hebdomade
3644 5456 3718 5509 Pa-

2218 5570 2423 5625 schatis
2455 5567 2791 5636 Iudaeorum,
2827 5585 2936 5639 quo
2966 5567 3219 5640 gaudiqu
3246 5565 3474 5628 tolletur,
3504 5569 3550 5613 et
3585 5555 3640 5609 de
3669 5559 3716 5601 ρο

2303 5685 2346 5716 *³
2398 5683 2460 5739 L.
2500 5699 2580 5745 nt.
2637 5700 2685 5738 c.
2725 5684 2777 5747 6,
2834 5683 2976 5749 7,13.
3067 5685 3114 5715 "
3145 5687 3204 5736 L.
3255 5694 3425 5749 huic.
3459 5673 3713 5749 I4;l.t:tl_|.

546 5773 595 5810 e.
627 5738 927 5811 tl-Ivitr'”
958 5759 1018 5814 L.
1357 5738 1443 5792 vi;
1727 5759 1770 5788 ⁵³
1805 5755 1867 5810 L.
1899 5738 2112 5824 ηξρίξίε

2223 5757 2267 5788 ⁵³
2299 5755 2358 5810 L.
2386 5738 2478 5823 vii,
2503 5771 2548 5810 e.
2571 5738 2673 5822 99;
2709 5755 2742 5808 l.
2766 5738 2890 5820 ’νιιῄ
2921 5771 2966 5809 c.
2997 5753 3084 5821 50,
3110 5753 3198 5807 51.
3268 5738 3400 5803 ⁵⁸1..
3427 5762 3536 5812 rm,
3569 5758 3608 5797 c.
3640 5738 3712 5798 ης

549 5830 583 5881 l.
613 5844 665 5894 v,
698 5843 746 5884 c.
778 5828 863 5884 19.
