3834 6752
86 273 173 325 ρει
1081 256 1356 318 SPURIA.
1393 288 1464 299 —
1500 253 1819 312 CANONES
1855 251 2347 311 ALEXANDRINI.

3223 253 3330 312 ί)ῦέ

87 379 220 452 quod
247 378 301 433 in
335 378 462 448 ipso
485 375 880 442 manducatur;
904 382 957 429 et
979 372 1046 429 de
1067 389 1133 429 eo
1152 375 1244 444 qui
1276 386 1503 444 peregre
1523 386 1656 427 con-
1685 375 1735 434 Α
1831 369 2018 424 Canon
2056 369 2362 425 tricesimus
2388 369 2678 424 secundus.
2725 366 2802 423 De
2831 365 3132 438 virginibus
3166 377 3220 423 et
3250 369 3328 423 vi-

87 473 297 527 stitutus
331 466 514 521 nescit
542 472 747 519 textum
773 462 1230 535 (Kalendarium).

152 549 337 617 Canon
365 556 664 612 vicesimus
710 556 924 612 tertius.
967 555 1044 611 De
1075 555 1348 621 doctrina,
1392 553 1537 624 quod
1581 553 1653 608 sit

89 659 333 722 perpetua
369 648 574 719 (major
607 648 770 719 mari)
801 655 860 704 et
891 648 1125 704 debeant
1153 649 1315 704 verba
1338 646 1460 719 ejus
1487 661 1674 717 opere-

94 739 359 811 compleri.

153 835 332 889 Canou
361 832 660 888 vicesimus
685 839 936 901 quartus.
978 831 1054 888 De
1078 831 1317 903 episcopi
1346 831 1654 888 visitatione

95 937 442 996 agrotorttm;
487 933 544 981 et
587 925 634 981 si
681 926 920 981 oraverit
957 924 1208 981 inﬁrmus
1246 926 1301 980 in
1340 925 1569 980 ecclesia
1601 934 1654 980 et

99 1019 274 1072 habeat
303 1017 557 1081 domum,
591 1017 814 1071 accedat
845 1017 912 1072 ad
943 1032 1091 1072 eum.

157 1109 331 1164 Canon
361 1109 664 1165 vicesimus
692 1111 942 1179 quintus.
992 1111 1069 1166 De
1109 1118 1462 1182 procuratore
1505 1108 1656 1163 inﬁr-

101 1216 290 1254 morum
321 1199 649 1264 constituto,
677 1210 732 1256 et
755 1200 1033 1271 episcopo,
1061 1211 1117 1256 et
1155 1200 1494 1272 temporibus
1527 1216 1655 1256 ora-

99 1293 261 1346 tionis.

161 1383 334 1438 Canon
368 1383 669 1439 vicesimus
709 1393 916 1440 sextus.
964 1383 1040 1440 De
1087 1384 1366 1441 auditione
1409 1385 1562 1440 verbi
1598 1383 1653 1438 in

102 1473 306 1528 ecclesia
341 1481 397 1527 et
426 1472 680 1528 oratione
704 1473 759 1528 in
785 1489 870 1528 ea.

161 1566 336 1620 Canon
373 1565 674 1621 vicesimus
715 1565 1000 1634 septimus.
1050 1564 1126 1620 De
1165 1581 1232 1622 eo
1273 1566 1365 1637 qui
1416 1567 1656 1638 quotidie

104 1673 194 1711 non
233 1657 440 1712 accedit
471 1658 543 1712 ad
579 1657 889 1723 ecclesiam;
933 1657 1076 1728 legat
1111 1657 1310 1724 libros;
1347 1668 1402 1714 et
1431 1660 1498 1715 de
1531 1674 1656 1714 ora-

107 1750 231 1802 tione
261 1747 453 1801 media:
482 1749 688 1815 noctis,
719 1757 773 1803 et
803 1748 1098 1818 gallicinio,
1128 1757 1183 1803 et
1218 1749 1498 1805 ablutione
1533 1765 1654 1804 ma-

105 1853 249 1891 nuum
276 1846 522 1908 tempore
554 1837 847 1907 cujuslibet
869 1838 1156 1894 orationis.

162 1928 336 1984 Canon
365 1929 666 1986 vicesimus
692 1938 935 1985 octavus.
959 1928 1114 1995 Quod
1144 1945 1302 1985 nemo
1320 1931 1656 1987 credentium

109 2021 374 2091 quidquam
413 2031 630 2091 gustet,
675 2023 783 2078 nisi
819 2032 1105 2094 postquam
1159 2025 1460 2095 perceperit
1501 2039 1656 2080 sacra

111 2115 360 2183 mysteria,
391 2116 698 2184 prmsertim
724 2117 917 2172 diebus
938 2115 1153 2186 jejunii.

170 2206 339 2260 Canon
370 2208 672 2264 vicesimus
703 2225 898 2264 nonus.
934 2207 1010 2263 De
1048 2207 1294 2263 custodia
1320 2207 1654 2262 oblationum

114 2314 213 2368 quae
245 2314 402 2370 super
435 2301 612 2357 altare
649 2310 776 2357 sunt
807 2301 1101 2371 impositae;
1134 2315 1200 2356 ne
1235 2301 1528 2370 quidquam
1557 2300 1654 2356 de-

117 2393 235 2445 cidat
268 2393 320 2447 in
351 2404 603 2448 sanctum
635 2393 879 2458 calicem,
920 2402 974 2447 et
1002 2408 1070 2448 ne
1106 2391 1401 2463 quidquam
1445 2392 1658 2448 decidat

119 2497 142 2533 a
163 2482 539 2548 sacerdotibus,
574 2499 750 2553 neque
776 2499 843 2538 ex
873 2482 1054 2552 pueris
1090 2483 1181 2537 ubi
1217 2483 1654 2539 communionem

119 2574 459 2642 perceperint:
489 2591 564 2631 ne
595 2575 903 2631 dominetur
929 2575 1009 2632 eis
1049 2576 1272 2646 spiritus
1311 2591 1564 2646 nequam,
1602 2587 1657 2634 et

120 2678 171 2716 ne
207 2664 444 2733 loquatur
493 2667 768 2736 quispiam
814 2667 868 2722 in
920 2668 1254 2738 protectione
1303 2667 1654 2738 (sanctuario)

122 2756 203 2808 nisi
232 2758 524 2812 orationem
555 2759 810 2824 dicendo;
847 2768 899 2815 et
925 2761 1016 2815 ubi
1058 2758 1314 2814 desinunt
1354 2759 1656 2816 oblationes

121 2847 269 2914 populi
296 2848 541 2919 legantur
567 2848 769 2906 Psalmi
807 2850 1014 2921 (ubique
1060 2852 1172 2905 loco
1204 2850 1452 2906 Calvaria
1478 2861 1527 2906 et
1560 2869 1655 2923 pro

122 2941 469 3010 consignatione
502 2945 682 2998 crucis
705 2955 751 2997 et
779 2944 1092 3013 projectione
1113 2943 1340 3013 pulveris
1371 2944 1562 2999 altaris
1601 2945 1656 2999 in

1751 459 1876 516 duis
1907 469 1965 514 ut
1989 470 2148 517 orent
2178 473 2232 516 et
2257 459 2507 531 jejunent
2533 461 2587 515 in
2617 460 2867 516 ecclesia.
2907 459 3066 516 Clero
3105 459 3328 530 ascripti

1753 559 1910 606 orent
1936 565 2036 621 pro
2063 565 2164 606 suo
2193 551 2438 605 arbitrio.
2470 549 2769 621 Episcopus
2804 567 2910 606 non
2941 552 3210 622 obligetur
3243 551 3328 622 je-

1748 641 1904 712 junio
1933 643 2038 698 nisi
2075 658 2199 697 cum
2235 643 2399 697 clero.
2442 640 2516 695 Et
2551 652 2760 712 propter
2785 643 3076 696 convivium
3105 653 3196 698 aut
3228 658 3329 698 εω-

1755 750 1876 788 nam
1901 743 2162 804 prwparet
2196 749 2290 804 pro
2328 734 2644 804 pauperibus
2669 733 2753 804 (ac
2787 735 2849 787 de
2874 750 3052 788 mensa
3077 734 3328 804 pauperi-

1755 825 1849 879 bus
1880 825 2165 896 paranda).

1824 918 2010 973 Canon
2039 917 2348 973 tricesimus
2371 915 2583 974 tertius.
2615 915 2689 970 De
2715 915 2983 969 Atalmsas
3007 915 3327 986 (oblatione)

1755 1028 1916 1082 quam
1949 1021 2154 1082 ponent
2186 1026 2287 1082 pro
2335 1011 2420 1065 bis
2452 1010 2546 1080 qui
2584 1010 2786 1064 mortui
2829 1017 2976 1072 sunt,
3024 1024 3092 1064 ne
3136 1010 3190 1064 id
3235 1011 3330 1066 ﬁat

1755 1103 2037 1158 Domittica
2065 1104 2171 1158 die.

1824 1196 2009 1250 Canon
2037 1194 2361 1266 [tricesimus
2392 1201 2637 1264 quartus.
2686 1191 2762 1248 Ne
2799 1192 2924 1262 quis
2970 1192 3199 1247 multum
3238 1193 3325 1248 lo-

1755 1298 1973 1358 quatur,
2003 1303 2181 1357 neque
2202 1287 2495 1342 clamorem
2521 1285 2666 1350 edat,
2705 1295 2758 1338 et
2786 1285 2853 1340 de
2885 1292 3200 1339 sanctorum
3233 1285 3327 1339 in-

1756 1396 1946 1451 gressu
1979 1380 2033 1434 in
2065 1380 2379 1434 mansiones
2408 1378 2669 1433 ﬁdelium.

1823 1472 2010 1528 Canon
2047 1473 2358 1529 tricesimus
2391 1471 2635 1542 quintus.
2690 1470 2764 1526 De
2807 1470 3037 1526 diacono
3068 1482 3332 1540 praesente

1757 1569 1811 1625 in
1861 1570 2146 1638 convivio,
2191 1570 2244 1624 in
2295 1585 2405 1640 quo
2453 1571 2594 1624 adsit
2633 1571 2944 1640 presbyter;
2986 1569 3159 1625 vicem
3213 1569 3332 1640 ejus

1759 1671 1907 1731 gerat
1936 1662 1988 1716 in
2021 1661 2267 1716 oratione
2297 1671 2351 1716 et
2397 1660 2661 1716 fractione
2697 1662 2853 1731 panis
2885 1661 2950 1714 ad
2992 1660 3332 1716 benedictio-

1757 1765 1915 1817 nem,
1945 1759 2000 1806 et
2041 1766 2150 1807 non
2192 1751 2260 1806 ad
2291 1766 2522 1822 corpus;
2569 1751 2742 1821 deque
2781 1749 3099 1805 dimissione
3138 1751 3332 1804 vidua-

1756 1859 1900 1900 rum.

1825 1934 2014 1990 Canon
2043 1935 2355 1992 tricesimus
2399 1945 2606 1992 sextus.
2653 1935 2728 1990 De
2761 1935 3018 2006 primitiis
3051 1933 3327 1990 fructuum

1756 2036 1932 2092 terrae,
1961 2036 2015 2083 et
2037 2028 2216 2098 primo
2241 2040 2366 2084 voto
2396 2044 2610 2095 eorum,
2657 2040 2710 2084 et
2755 2028 3139 2090 torcularibus,
3189 2027 3327 2091 oleo,

1756 2119 1933 2182 melle,
1967 2117 2129 2184 lacte,
2157 2121 2282 2176 lana
2316 2131 2370 2176 et
2400 2119 2692 2186 similibus,
2725 2135 2845 2190 quae
2879 2119 3329 2189 episcopo'bene-

1756 2210 1983 2266 dicenda
2005 2211 2323 2267 oﬂ'eranuir.

1827 2302 2015 2358 Canon
2072 2303 2384 2358 tricesimus
2431 2302 2717 2372 septimus.
2773 2300 2997 2368 Quoties
3045 2301 3331 2369 episcopus

1758 2393 1987 2464 percipit
2011 2394 2077 2449 de
2111 2395 2383 2466 mysteriis
2416 2395 2644 2458 sanctis,
2683 2401 3080 2464 congregemur
3111 2392 3329 2446 diaconi

1757 2495 1812 2541 et
1855 2487 2157 2557 presbyteri
2205 2486 2376 2541 induti
2435 2486 2680 2541 vestibus
2727 2485 2864 2540 albis
2912 2483 3174 2554 speciosis
3222 2499 3333 2554 pra:

1759 2579 1908 2633 omni
1937 2577 2156 2648 populo,
2187 2585 2241 2632 et
2270 2571 2521 2633 similiter
2546 2586 2894 2648 anagnostes.

1829 2669 2015 2725 Canon
2044 2671 2356 2726 tricesimus
2399 2679 2644 2725 octavus.
2681 2669 2755 2723 De
2782 2676 2941 2725 nocte
2970 2668 3022 2722 in
3070 2683 3175 2738 qua
3211 2683 3333 2722 sur-

1761 2761 1904 2816 rexit
1928 2760 1992 2816 D.
2018 2759 2082 2816 N.
2109 2759 2269 2817 Iesus
2303 2761 2574 2818 Christus.
2617 2760 2695 2816 Ne
2727 2761 2869 2815 ullus
2899 2776 2961 2814 ea
3003 2770 3160 2814 nocte
3201 2760 3332 2814 dor-

1761 2852 1894 2906 miat
1917 2860 1972 2907 et
2001 2868 2140 2922 aqua
2193 2868 2252 2907 se
2301 2852 2518 2917 abluat;
2567 2861 2620 2906 et
2673 2852 2940 2921 expositio
2991 2851 3238 2920 hujusce,
3279 2857 3333 2904 et

1759 2945 2025 3016 expositio
2055 2946 2122 3000 de
2159 2945 2252 3001 illo
2285 2945 2378 3016 qui
2409 2955 2531 3017 post
2558 2944 2891 3016 Baptismum
2918 2955 3126 3016 peccat,
3156 2947 3332 3014 deque

121 3035 335 3100 piscinam
359 3051 378 3090 :
404 3038 476 3092 ita
517 3039 594 3094 el.
629 3039 943 3110 ,pinterpres,
984 3040 1165 3109 potius
1209 3039 1496 3110 verterem)
1542 3056 1658 3094 cum
1686 3059 1728 3119 ρ
1761 3037 1922 3093 licitis
1962 3047 2016 3093 et
2053 3038 2278 3093 illicitis.

123 3127 235 3178 omni
261 3131 546 3184 attentione
576 3147 736 3201 usque
763 3133 832 3184 ad
855 3132 1060 3202 signum
1085 3131 1273 3186 crotali
1293 3146 1313 3185 :
1338 3147 1400 3185 ac
1421 3131 1486 3184 de
1507 3130 1653 3202 signa

121 3219 258 3274 crucis
277 3230 321 3274 et
339 3222 517 3290 projec
531 3223 669 3279 tione
697 3223 945 3292 pulveris,
982 3233 1087 3279 etc.

176 3308 336 3368 Canon
359 3315 698 3372 tricesimus.
724 3316 799 3372 De
821 3319 1243 3382 catcchumenis,
1273 3335 1336 3374 ac
1363 3319 1650 3374 similibus.

179 3400 342 3461 Canon
369 3407 687 3465 tricesimus
716 3410 942 3478 primus.
972 3411 1044 3465 De
1065 3411 1318 3481 episcopo
1341 3421 1394 3466 et
1430 3413 1654 3483 presby-

133 3502 222 3548 leto
249 3496 630 3568 imperantibus
667 3501 892 3558 diaccnc
936 3510 996 3556 ut
1037 3502 1479 3558 communionem
1524 3518 1653 3574 por-

131 3598 256 3656 ngat.

1833 3133 2145 3204 Expliciunt
2171 3133 2408 3189 Canones
2437 3131 2496 3186 S.
2522 3133 2841 3201 patriarcltte
2874 3130 3150 3202 Hippolyti
3176 3130 3333 3199 primi

1760 3226 2080 3297 patriarcha:
2122 3224 2268 3280 urbis
2307 3240 2514 3294 magme
2551 3222 2747 3286 Romtz,
2781 3240 2908 3293 quos
2945 3224 3253 3292 composuit,
3283 3233 3329 3276 et

1762 3335 2006 3372 numerus
2032 3335 2208 3372 eorum
2242 3328 2316 3373 est
2340 3315 2601 3370 XXXVIII
2627 3316 2919 3371 Canonum.
2950 3314 3086 3369 Deus
3114 3332 3205 3369 nos
3238 3315 3331 3367 ad-

1755 3412 1899 3480 juvet
1930 3412 1997 3465 ad
2028 3427 2113 3465 eos
2143 3412 2518 3482 exsequendas.
2568 3409 2635 3463 Et
2675 3409 2782 3462 Deo
2828 3409 2998 3479 gloria
3033 3424 3252 3477 semper,
3283 3416 3332 3460 et

1762 3520 1915 3575 super
1949 3521 2041 3559 uos
2068 3503 2434 3558 misericordia
2463 3503 2577 3574 ejus
2611 3505 2666 3558 in
2695 3502 2966 3557 saxulum.
3000 3501 3184 3553 Amen.

965 3982 1628 4099 ANONYMI
1715 3982 2447 4099 CUJUSDAM

419 4205 553 4280 Qui
603 4206 724 4270 sub
768 4205 1133 4270 Alexandro
1167 4205 1553 4285 imperatore
1589 4205 1855 4273 vixisse,
1887 4220 2058 4268 anno
2116 4203 2348 4268 Christi
2399 4202 2541 4278 236,
2594 4201 2969 4282 perhibetur

1353 4387 2062 4480 CHBONICON

916 4580 1188 4640 SANCTO
1219 4581 1602 4639 HIPPOLYTO
1633 4580 2026 4638 PORTUENSI
2057 4579 2518 4639 SUPPOSITUM.

1034 4743 1197 4804 (Vide
1237 4744 1560 4816 Patrologia:
1605 4744 1815 4800 Latiare
1841 4752 1973 4800 tom.
2003 4742 2092 4808 III,
2121 4743 2228 4801 col.
2255 4734 2410 4807 657.)

144 4931 2373 4964 W

147 5099 463 5183 Fragmenta
493 5114 614 5177 sub
661 5113 924 5176 nomine
981 5110 1692 5191 Hippolytilunioris‘,
1756 5107 2081 5191 Thebani,
2155 5105 2481 5191 sreculix
2535 5111 2830 5191 auctore,
2907 5103 2988 5165 ab
3056 5103 3320 5165 Alberto

445 5193 736 5256 Fabricio
775 5184 1358 5272 congestafordini
1403 5188 1857 5268 chronologico
1903 5188 2298 5250 adhaerentes
2323 5229 2341 5260 ,
2379 5184 2483 5245 hic
2523 5184 2899 5246 omittimus.

152 5401 3298 5442 MM

153 5507 364 5584 Librum
405 5529 506 5592 cui
554 5528 820 5593 titulus:
846 5527 1441 5606 Philosophumena,
1470 5523 1743 5606 'Origeni
1785 5521 2061 5606 primum
2091 5563 2122 5606 ,_
2146 5521 2206 5581 S.
2241 5519 2595 5601 Hippolyto
2623 5527 2843 5600 postea
2871 5510 3320 5593 suppositum,

1029 5599 1296 5668 edemus
1320 5604 1388 5667 in
1419 5599 1884 5684 appendice’ad
1935 5599 2242 5662 saeculum
2278 5617 2366 5664 tv.
