3882 6332
577 313 3683 360 W

1233 525 1441 736 S.
1631 520 3161 735 GBEGOBIUS

1013 923 2397 1059 NEOCESARIENSIS
2528 926 3361 1057 EPISCOPUS

1521 1210 2081 1274 COGNOMENTO
2132 1207 2820 1276 THAUMATURGUS.

1149 1661 1666 1757 NOTITIA
1739 1658 3212 1756 HlSTORlCO-LITTERARIA

1452 1899 1743 1962 (GALLAND.,
1773 1900 1881 1949 Yet.
1909 1900 2049 1948 Patr.
2079 1895 2326 1960 Bibliotlt.,
2351 1897 2441 1960 Ill,
2465 1899 2686 1962 Proleg.,
2709 1913 2758 1963 p.
2784 1900 2929 1963 xxv.)

557 2097 599 2153 1.
644 2097 947 2179 Gregorius,
993 2093 1510 2179 autetheodorits,
1543 2092 1741 2179 Grazcis
1778 2093 2128 2176 Romanisque
2163 2097 2206 2156 Α
2235 2091 2437 2146 moniis
2480 2107 2601 2160 qua:
2652 2091 2795 2147 illius
2838 2090 3105 2162 Operibus
3149 2094 3514 2164 praemisimus,
3549 2104 3636 2147 tum
3669 2109 3713 2146 ct

629 2163 922 2237 disciplinis
993 2165 1273 2230 excultus,
1338 2166 1610 2234 episcopus
1680 2163 2127 2237 Neoctesart'ensis

628 2235 984 2294 consecratur.
1017 2237 1133 2301 Quo
1167 2247 1392 2306 tempore
1417 2251 1714 2306 supremum
1744 2236 1884 2289 diem
1920 2235 2126 2288 abierit.

627 2377 861 2432 Sanctus
911 2373 1244 2445 Gregorius,
1308 2381 1464 2428 antea
1519 2372 1842 2428 Theodorus
1918 2372 2125 2436 dictus,

555 2469 890 2539 praenomine
930 2467 1180 2539 Magnus,
1209 2470 1420 2538 primus
1460 2465 1824 2523 Neocaesareze
1872 2466 1925 2520 in
1958 2465 2130 2520 Ponto

555 2560 844 2630 episc0pus
900 2559 1036 2626 fuit,
1092 2579 1111 2612 ‹
1154 2561 1223 2615 ob
1270 2561 1423 2632 signa
1475 2569 1640 2630 atque
1698 2558 1960 2613 miracula
2005 2574 2128 2627 quae.

553 2666 680 2707 cum
719 2650 889 2706 multa
919 2649 1286 2707 Ecclesiarum
1321 2651 1490 2721 gloria
1523 2651 1873 2721 perpetravit,
1907 2667 1925 2700 ι
1962 2658 2021 2702 ut
2051 2649 2128 2702 ait

553 2739 917 2814 Hieronymus
963 2741 1075 2810 (1),
1126 2739 1551 2810 Tltaumaturgus
1601 2740 1923 2809 appellatus.
1971 2738 2128 2794 Hunc

552 2832 782 2902 ejusque
836 2831 1059 2886 fratrem
1096 2829 1531 2894 Athenodorum,
1579 2829 1813 2884 Eusebio
1857 2839 1996 2884 teste
2024 2830 2124 2900 (2),

551 2923 756 2980 Graecis
780 2922 1154 2990 Romanisque
1201 2922 1507 2992 disciplinis
1557 2923 1824 2989 excultos,
1863 2921 2125 2993 Origenes

549 3017 813 3072 Caesarea:
851 3017 902 3069 in
934 3014 1220 3069 [’alzestina
1266 3015 1461 3085 primis
1491 3015 1614 3069 lidei
1653 3014 1976 3069 rudimentis
2017 3013 2122 3067 im-

549 3109 745 3175 buens,
775 3110 842 3164 ad
875 3124 1058 3163 rerum
1085 3107 1394 3163 divinarum
1424 3107 1828 3162 meditationem
1859 3107 2118 3162 traduxit.

549 3201 752 3272 Elapso
787 3201 1166 3272 quinquennio
1207 3202 1260 3255 in
1291 3201 1521 3271 patriam
1554 3216 1806 3255 reversus
1829 3199 2123 3271 Gregorius

547 3295 692 3348 circa
727 3309 930 3348 annum
961 3293 1166 3348 Christi
1195 3293 1320 3358 259,
1358 3292 1502 3346 haud
1542 3292 1714 3346 multo
1750 3301 1894 3362 post,
1920 3291 2121 3345 invitus

547 3387 694 3449 licet,
750 3401 781 3440 a
825 3384 1100 3440 Phaedime
1152 3385 1400 3441 Amasea:
1468 3385 1698 3456 praesule
1767 3392 2120 3440 consecratur

549 3479 865 3548 episcopus;
914 3493 1021 3532 nou
1063 3477 1302 3549 quidem,
1346 3489 1404 3533 ut
1440 3477 1688 3533 nonnulli
1728 3476 1934 3543 dixere,
1975 3477 2119 3532 nuda

547 3573 603 3628 in
655 3574 932 3628 absentem
985 3571 1177 3642 procul
1222 3570 1390 3626 divini
1438 3569 1693 3626 Numinis
1740 3568 2114 3635 invocatione,

544 3665 639 3720 sed
681 3663 909 3720 solemni
963 3678 1222 3717 manuum
1275 3663 1660 3733 impositione,
1709 3661 1926 3716 πάντων
1979 3661 2117 3731 μετὰ

542 3758 714 3816 ταῦτα
742 3759 849 3812 τῶν
875 3757 1124 3831 νομίμων
1150 3757 1237 3812 ἐπ’
1265 3756 1415 3829 αὑτῷ
1447 3757 1824 3824 τελεσθέντων,
1886 3776 1906 3810 ι
1941 3757 2118 3813 omni-

543 3852 646 3907 bus
697 3861 882 3922 postea
935 3852 988 3904 in
1030 3865 1097 3906 eo
1139 3850 1376 3920 peractis
1435 3865 1557 3921 quae
1606 3849 1863 3906 Ecclesia:
1921 3849 2116 3906 ritibus

541 3946 1009 4016 prtescribuntur,
1042 3962 1060 3994 ι
1121 3942 1198 3997 ait
1249 3942 1451 3997 diserte
1502 3942 1558 3996 in
1604 3943 1727 4011 ejus
1753 3940 1875 3997 Vita
1916 3940 2116 4015 Nysse—

541 4053 648 4092 nus
673 4037 773 4108 (5),
809 4044 870 4090 ιιι
906 4036 1011 4090 rite
1051 4032 1283 4088 advertit
1317 4032 1385 4087 cl.
1428 4031 1757 4103 Lequienius
1781 4032 1878 4106 (4).
1928 4030 2116 4088 Eccle-

539 4129 678 4183 siam
737 4129 920 4198 itaque
975 4127 1078 4182 sibi
1134 4125 1486 4181 commissam
1550 4125 1740 4182 sedulo
1802 4125 1982 4181 studio
2049 4141 2115 4181 ac

540 4239 756 4278 summa
782 4220 1146 4278 sollicitudine
1167 4218 1423 4288 pastorali
1449 4217 1755 4273 diutissime
1770 4219 2109 4288 gubernavit,

540 4321 602 4366 ut
629 4319 860 4366 testatur
897 4316 1119 4364 sanctus
1147 4306 1386 4361 Basilius
1417 4305 1518 4377 (5),
1552 4305 1786 4362 Eusebio
1827 4317 2111 4378 propterea

538 4405 718 4460 dictus
764 4403 842 4475 (6)
891 4420 910 4453 ι
945 4402 1324 4471 episcoporum
1383 4409 1573 4455 nostra
1625 4408 1782 4454 aetate
1827 4400 2113 4455 celeberri-

539 4515 662 4554 mus
684 4538 699 4561 ,
740 4516 759 4550 ι
799 4499 828 4550 ὁ
856 4495 976 4549 καθ’
1005 4495 1153 4565 ἡμᾶς
1180 4492 1494 4547 ἐπισκόπων
1524 4491 1826 4564 διαϐόητος.
1860 4490 1963 4558 Qui
1989 4500 2109 4547 tan-

535 4597 660 4646 dem
695 4593 760 4644 ad
794 4599 1033 4644 extrema
1064 4587 1374 4654 devenieus,
1403 4602 1527 4643 cum
1560 4585 1752 4643 fuisset
1779 4585 2106 4653 sciscitatus,

535 4694 671 4756 quot
691 4685 870 4739 adhuc
902 4683 956 4738 in
987 4683 1122 4738 urbe
1154 4681 1423 4738 idolorum
1451 4682 1688 4737 cultores
1726 4689 2104 4752 superessent;

2233 2183 2405 2254 ipsius
2423 2183 2543 2238 Vita
2575 2200 2669 2255 per
2699 2184 2760 2240 S.
2792 2185 3112 2256 Gregorium
3141 2185 3522 2260 Nyss.scripta.
3547 2187 3638 2254 Quo
3656 2205 3716 2241 au-

2233 2284 2339 2330 tem
2389 2291 2534 2331 anno
2575 2291 2890 2346 supremum
2919 2278 3060 2332 diem
3102 2280 3305 2335 obierit
3337 2289 3537 2336 sanctus
3558 2279 3714 2349 pracsul.

2231 2383 2340 2423 non
2370 2368 2560 2440 liquet.
2592 2367 2726 2423 Illud
2750 2378 2959 2424 tantum
2975 2386 3041 2426 ex
3073 2371 3308 2428 Eusebio
3330 2382 3627 2443 perspectum
3653 2371 3718 2424 lu-

2231 2461 2422 2515 bemus
2457 2461 2555 2531 (8),
2612 2466 2792 2533 ipsum
2849 2463 2991 2516 inter
3037 2479 3132 2519 eos
3159 2464 3352 2521 Patres
3397 2465 3594 2518 maxime
3626 2463 3716 2516 emi-

2229 2554 2427 2616 nuisse,
2457 2553 2550 2623 qui
2588 2555 2658 2609 ob
2687 2553 2839 2608 Pauli
2867 2552 3212 2610 Samosateni
3240 2556 3480 2611 haeresim
3518 2569 3632 2609 anno
3647 2552 3719 2605 265

2229 2645 2529 2700 Antiochia:
2559 2645 2788 2716 primum
2819 2656 3211 2702 convenerunt.
3246 2646 3399 2714 Quod
3435 2647 3479 2701 si
3517 2645 3623 2699 ﬁdes
3656 2645 3719 2696 ha-

2228 2735 2420 2791 beatur
2469 2739 2678 2793 auctori
2713 2737 2904 2793 Libelli
2955 2740 3199 2810 synodici
3246 2737 3559 2810 temporibus
3589 2733 3720 2789 Photii

2228 2826 2422 2886 litteris
2459 2831 2784 2902 consignati,
2815 2829 3113 2901 Gregorius
3150 2829 3582 2889 Neoczesariensis
3623 2827 3720 2880 inter

2228 2923 2480 2978 homines
2520 2923 2699 2979 adhuc
2735 2925 2926 2994 agebat
2960 2941 3103 2980 anno
3131 2925 3264 2990 270,
3298 2925 3488 2998 quippe
3511 2921 3588 2994 qui
3613 2919 3722 2974 alteri

2229 3016 2468 3071 concilio
2493 3016 2831 3072 Antiocheno
2879 3017 3197 3074 interfuisse
3243 3018 3475 3082 dicatur,
3517 3029 3607 3086 quo
3638 3020 3722 3064 tan-

2226 3105 2346 3160 dem
2388 3106 2779 3164 Samosatenus
2846 3107 3127 3178 depositus
3176 3111 3559 3178 damnatusque
3604 3102 3724 3157 fuisse

2225 3199 2564 3268 perhibetur.
2609 3199 2699 3254 Sic
2730 3199 2876 3253 enim
2912 3197 3166 3269 Synodici
3197 3209 3390 3254 auctor
3425 3198 3528 3269 (9):
3562 3191 3722 3249 Σὺνοδθς

2224 3289 2343 3344 θεία
2375 3289 2469 3345 καὶ
2502 3291 2623 3365 ιερὰ
2651 3290 2870 3362 τοπικὴ,
2903 3293 2960 3346 ὲν
2991 3291 3301 3362 Ἀντιοχείᾳ
3329 3283 3722 3359 συναθροισθεῖσα·

2222 3378 2290 3457 ἧς
2331 3383 2558 3456 ἔξαρχος
2605 3381 2672 3456 ἦν
2719 3385 2964 3450 ’⁷Εὶενος,
3009 3387 3038 3437 ὁ
3071 3385 3293 3457 Ταρσοῦ
3341 3377 3726 3442 ὲπίσκοπος·...ὸ

2150 3457 2192 3513 Β
2221 3475 2646 3548 Θαυματουργδς
2669 3477 2988 3551 Γρηγόριος,
3003 3478 3344 3551 Καισαρείας
3365 3475 3574 3538 Πόντον,
3592 3466 3725 3525 ipsi.

2227 3587 2246 3620 ι
2278 3567 2530 3640 Synodus
2568 3569 2750 3625 divina
2789 3580 2844 3626 et
2890 3587 3045 3627 sacra
3080 3572 3457 3642 provincialis,
3494 3562 3727 3622 Antiochia:

2221 3661 2445 3715 collecta
2479 3679 2493 3715 :
2528 3660 2686 3732 cujus
2726 3677 2928 3731 praeses
2969 3671 3088 3717 erat
3117 3662 3362 3719 Helenus
3391 3660 3539 3717 Tarsi
3573 3654 3728 3726 episco-

2220 3753 2862 3824 pus;....miraculorum
2917 3755 3140 3811 ell‘ector
3188 3757 3484 3828 Gregorius
3530 3752 3729 3807 Cresam:

2219 3845 2418 3914 Ponti,
2449 3856 2556 3903 etc.
2599 3867 2618 3899 ι
2684 3845 2860 3917 ilujus
2913 3858 3091 3904 tamen
3144 3850 3436 3920 scriptoris
3479 3842 3730 3904 sententia.

2217 3941 2344 3998 licet
2383 3957 2446 3996 ea
2476 3942 2611 3997 viris
2643 3941 2871 3997 eruditis
2901 3944 3161 4012 probetur
3195 3945 3335 4016 (10),
3372 3943 3511 3998 haud
3537 3939 3729 4011 equidem

2217 4037 2394 4092 libens
2429 4035 2775 4092 accesserim.
2823 4034 2957 4090 Nam
3007 4037 3060 4091 in
3099 4037 3351 4108 epistola:
3395 4033 3640 4108 synodica:
3669 4029 3730 4083 in-

2217 4130 2530 4200 scriptione,
2567 4145 2731 4199 quam
2763 4129 2948 4185 Patres
2983 4129 3147 4200 hujus
3196 4131 3424 4187 concilii
3462 4129 3730 4198 scripserunt

2217 4224 2283 4278 ad
2311 4222 2629 4294 Dionysium
2662 4222 2920 4278 Romanae
2955 4222 3105 4278 urbis
3139 4224 3462 4294 episcopum
3501 4229 3551 4276 et
3579 4217 3634 4273 ad
3652 4213 3732 4269 lla-

2215 4317 2422 4370 ximum
2452 4315 2882 4370 Alexandrinum
2927 4315 3079 4386 (11),
3135 4327 3267 4371 eum
3322 4315 3614 4386 complures
3651 4308 3732 4378 θρῖα

2214 4406 2365 4476 scopi
2412 4415 2536 4476 post
2571 4404 2832 4460 llelenum
2862 4405 3192 4462 Tarsensem
3229 4407 3591 4467 nominentur,
3635 4412 3730 4455 aus-

2212 4498 2358 4568 piam
2394 4505 2672 4567 comparet
2687 4504 2872 4551 noster
2888 4495 3212 4566 Gregorius:
3230 4497 3591 4553 nominandus
3611 4491 3734 4548 enim-

2213 4604 2343 4645 vero
2368 4589 2415 4643 si
2441 4589 2658 4643 demum
2693 4585 2988 4651 adfuisset;
3023 4588 3117 4659 qui
3147 4589 3415 4644 nimirum
3445 4589 3574 4643 inter
3592 4583 3732 4638 Patres

2211 4681 2506 4737 auterioris
2537 4681 2753 4736 concilii
2775 4679 3101 4735 Antiocheni
3133 4685 3374 4737 maxime
3393 4680 3623 4736 enituisse
3643 4688 3733 4728 uar-

537 4777 631 4833 υδί
677 4775 930 4846 οοὲηονίι
963 4790 1072 4830 ῐιοη
1107 4773 1292 4846 Plures
1328 4790 1452 4831 esse
1491 4791 1655 4845 quam
1697 4774 2103 4843 septemdecim.
2134 4801 2176 4858 ρ
2211 4792 2382 4838 retur.
2431 4780 2590 4848 Quod
2624 4789 2806 4835 autem
2853 4795 3144 4838 censemus
3193 4781 3265 4835 de
3315 4778 3505 4834 Libelli
3545 4767 3732 4846 synodici

536 4869 650 4926 Deo
673 4870 877 4940 gratias
907 4885 1108 4939 agens:
1134 4887 1153 4922 ι
1189 4867 1435 4923 Totidem
1459 4869 1700 4938 quidem,
1724 4867 1920 4936 inquit,
1947 4865 2107 4921 Chri-

533 4963 606 5019 sti
645 4963 806 5018 [idem
845 4962 1256 5032 proﬁtebantur,
1303 4976 1413 5032 quo
1454 4971 1699 5032 tempore
1743 4962 1884 5017 hanc
1911 4960 2099 5016 Eccle-

534 5056 672 5111 siam
729 5053 1022 5125 regendam
1084 5053 1298 5122 suscepi
1348 5053 1447 5125 (7).
1493 5073 1512 5107 ι
1543 5052 1772 5124 Reliqua
1801 5054 1918 5123 ejus
1952 5062 2102 5123 gesta

532 5147 896 5220 praeterimus,
934 5145 1074 5202 iul‘ra
1105 5147 1392 5218 repetenda
1420 5163 1545 5201 cum
1570 5163 1633 5201 ex
1663 5157 1909 5203 veterum
1948 5148 2102 5203 testi-

603 5308 682 5449 21)
721 5305 800 5361 De
829 5305 933 5362 vir.
965 5305 1188 5373 illustr.,
1222 5323 1342 5378 cap.
1374 5306 1462 5362 65.

625 5380 661 5432 2
724 5377 868 5449 ﬂist.
896 5377 1054 5449 μοι..
1091 5379 1186 5449 lib.
1218 5394 1294 5443 vx,
1326 5393 1445 5448 cap.

625 5377 682 5448 2)
724 5377 868 5448 Hist.
898 5377 1054 5448 ρει-1.,
1091 5379 1186 5432 lib.
1218 5377 1300 5443 vx,
1326 5393 1445 5448 cap.
1480 5378 1568 5432 50.

630 5446 684 5518 5)
735 5446 840 5519 Vit.
883 5447 1113 5519 S.Greg.
1143 5446 1541 5519 Tliaum.,_cap.
1571 5447 1625 5502 8.

628 5522 680 5588 4)
853 5518 1074 5587 CIm'sL,
1104 5528 1240 5576 tom.
1273 5518 1313 5585 1,
1357 5533 1478 5589 pag.
1501 5519 1618 5573 50L

602 5588 679 5659 (5)
718 5588 888 5659 Epist.
918 5590 1006 5644 64.

605 5607 679 5659 (ο)
718 5607 759 5642 r.
800 5607 888 5645 iSt.
918 5607 1006 5644 04.

605 5660 682 5728 (6)
725 5607 869 5714 dist.
903 5660 1052 5724 eccl.,
1085 5659 1182 5712 lib.
1214 5674 1288 5720 vr.
1320 5674 1438 5728 cap.
1463 5659 1550 5715 50.

603 5727 680 5800 (7)
720 5729 950 5802 Nyssen.
993 5729 1096 5794 Vit,
1137 5727 1364 5803 S.Greg.
1393 5727 1642 5799 Thaum.,
1673 5747 1792 5803 cap.
1827 5731 1917 5788 ες.

2216 4885 2459 4938 auctore,
2483 4874 2624 4928 idem
2659 4872 3070 4944 intelligendum
3105 4873 3493 4929 existimamus
3524 4869 3585 4924 de
3603 4865 3734 4922 Theo-

2208 4969 2347 5024 doro
2377 4966 2727 5032 Balsamone,
2759 4966 2850 5036 qui
2881 4965 3112 5021 Paulum
3141 4965 3562 5021 Samosatenum
3591 4955 3732 5014 aGre-

2209 5061 2363 5130 gorio
2395 5058 2804 5128 Thaumaturgo
2850 5059 3082 5128 aliisque
3128 5057 3311 5122 fuisse
3348 5057 3632 5126 depositum
3658 5057 3735 5103 tra-

2210 5152 2289 5207 dit
2345 5151 2498 5223 (l2),
2563 5150 2842 5206 laudatum
2901 5151 3110 5206 scilicet
3162 5164 3502 5221 anonymum
3550 5144 3733 5200 fortasse

2286 5309 2362 5382 (8)
2407 5308 2740 5382 I_list._eccl.,
2779 5304 2875 5361 lib.
2907 5321 3161 5382 vlt,_cap.
3190 5305 3304 5382 es;
3345 5377 3358 5382 _
3412 5375 3424 5382 ι
3517 5372 3570 5382 __

2284 5362 2603 5453 ﬁyuod.
2639 5362 2764 5453 vel;
2803 5392 2924 5448 cap.
2956 5362 3046 5444 2'7,
3086 5362 3228 5448 a'pud
3261 5375 3480 5432 Fabric.
3509 5369 3634 5428 Bibl.
3659 5362 3730 5421 Cr.

2209 5449 2350 5506 tom.
2377 5449 2470 5517 Xl‘,
2501 5466 2626 5520 pag.
2653 5449 2774 5502 195.
3661 5515 3670 5523 ’

2209 5521 2681 5644 Μὲυέδξῗιῗᾷοηέ,
2703 5519 2920 5573 dissert.
2935 5514 3011 5571 De
3043 5517 3375 5579 cult.J.C.a
3407 5513 3730 5592 Hag.adlub.,
3827 5567 3832 5628 ἦ

2203 5590 2325 5663 pag.
2356 5590 2447 5655 26,
2476 5600 2589 5644 not.
2619 5590 2671 5643 8.
3503 5590 3514 5592 '
3829 5590 3831 5628 ξ

2273 5663 2384 5738 (ll)
2426 5661 2650 5738 Euseb,
2684 5657 2827 5738 Hist.
2859 5657 3012 5738 e_cc_l.,
3044 5659 3135 5714 lib.
3169 5678 3267 5738 vti,
3310 5678 3432 5732 cap.
3457 5659 3542 5738 59:
3830 5655 3831 5676 ¹

2275 5725 2386 5808 (l2)
2427 5725 2690 5797 Balsaui.,
2723 5729 2908 5784 Schol.
2943 5729 2996 5782 in
3027 5745 3145 5786 can.
3174 5725 3262 5788 2i
3297 5725 3457 5789 conc.
3480 5725 3591 5781 Nic.
