  <div class='ocr_page' id='page_1' title='image "/cluster/home/n/w/nwhite01/storage/ocr_20150623/10/hvd.32044073501348/496.png"; bbox 0 0 3882 6332; ppageno 0'>
   <div class='ocr_carea' id='block_1_1' title="bbox 210 300 314 356">
    <p class='ocr_par' dir='ltr' id='par_1_1' title="bbox 210 300 314 356">
     <span class='ocr_line' id='line_1_1' title="bbox 210 300 314 356; baseline 0 0"><span class='ocrx_word' id='word_1_1' title='bbox 210 300 314 356; x_wconf 84' lang='lat'><strong>965</strong></span> 
     </span>
    </p>
   </div>
   <div class='ocr_carea' id='block_1_2' title="bbox 1058 289 2616 373">
    <p class='ocr_par' dir='ltr' id='par_1_2' title="bbox 1058 289 2616 373">
     <span class='ocr_line' id='line_1_2' title="bbox 1058 289 2616 373; baseline 0.004 -8"><span class='ocrx_word' id='word_1_2' title='bbox 1058 311 1115 365; x_wconf 87' lang='lat' dir='ltr'><strong>s.</strong></span> <span class='ocrx_word' id='word_1_3' title='bbox 1155 310 1549 369; x_wconf 76' lang='lat' dir='ltr'><strong>GREGOlllUS</strong></span> <span class='ocrx_word' id='word_1_4' title='bbox 1587 289 2184 371; x_wconf 76' lang='lat' dir='ltr'><strong>TllAUMA’l‘URGb&#39;S.</strong></span> <span class='ocrx_word' id='word_1_5' title='bbox 2218 343 2290 354; x_wconf 90' lang='lat'><strong>—</strong></span> <span class='ocrx_word' id='word_1_6' title='bbox 2319 313 2616 373; x_wconf 73' lang='lat' dir='ltr'><strong>NOTITIA.</strong></span> 
     </span>
    </p>
   </div>
   <div class='ocr_carea' id='block_1_3' title="bbox 3353 331 3457 389">
    <p class='ocr_par' dir='ltr' id='par_1_3' title="bbox 3353 331 3457 389">
     <span class='ocr_line' id='line_1_3' title="bbox 3353 331 3457 389; baseline 0.019 -2"><span class='ocrx_word' id='word_1_7' title='bbox 3353 331 3457 389; x_wconf 70' lang='lat'><strong>960</strong></span> 
     </span>
    </p>
   </div>
   <div class='ocr_carea' id='block_1_4' title="bbox 206 416 3450 522">
    <p class='ocr_par' dir='ltr' id='par_1_4' title="bbox 206 416 3450 522">
     <span class='ocr_line' id='line_1_4' title="bbox 206 416 3450 522; baseline 0.008 -50"><span class='ocrx_word' id='word_1_8' title='bbox 206 427 538 474; x_wconf 85' lang='lat' dir='ltr'><strong>assectatus.</strong></span> <span class='ocrx_word' id='word_1_9' title='bbox 598 416 797 476; x_wconf 79' lang='lat' dir='ltr'><strong>Verum</strong></span> <span class='ocrx_word' id='word_1_10' title='bbox 863 421 948 477; x_wconf 89' lang='lat' dir='ltr'><strong>his</strong></span> <span class='ocrx_word' id='word_1_11' title='bbox 1007 426 1217 494; x_wconf 87' lang='lat' dir='ltr'><strong>missis,</strong></span> <span class='ocrx_word' id='word_1_12' title='bbox 1279 429 1345 482; x_wconf 86' lang='lat' dir='ltr'><strong>ad</strong></span> <span class='ocrx_word' id='word_1_13' title='bbox 1410 428 1579 484; x_wconf 85' lang='lat' dir='ltr'><strong>sancti</strong></span> <span class='ocrx_word' id='word_1_14' title='bbox 1608 426 1785 482; x_wconf 88' lang='lat' dir='ltr'><strong>Patris</strong></span> <span class='ocrx_word' id='word_1_15' title='bbox 1813 466 1856 522; x_wconf 71' lang='grc' dir='ltr'>Α</span> <span class='ocrx_word' id='word_1_16' title='bbox 1889 429 2146 495; x_wconf 74' lang='lat' dir='ltr'><strong>positione</strong></span> <span class='ocrx_word' id='word_1_17' title='bbox 2188 429 2450 494; x_wconf 77' lang='lat' dir='ltr'><strong>recitatis,</strong></span> <span class='ocrx_word' id='word_1_18' title='bbox 2491 430 2672 499; x_wconf 86' lang='lat' dir='ltr'><strong>priore</strong></span> <span class='ocrx_word' id='word_1_19' title='bbox 2715 431 2836 488; x_wconf 89' lang='lat' dir='ltr'><strong>loco</strong></span> <span class='ocrx_word' id='word_1_20' title='bbox 2878 433 3044 492; x_wconf 86' lang='lat' dir='ltr'><strong>citato</strong></span> <span class='ocrx_word' id='word_1_21' title='bbox 3089 438 3204 496; x_wconf 64' lang='lat' dir='ltr'><strong>haec</strong></span> <span class='ocrx_word' id='word_1_22' title='bbox 3239 443 3450 502; x_wconf 79' lang='lat' dir='ltr'><strong>subdit:</strong></span> 
     </span>
    </p>
   </div>
   <div class='ocr_carea' id='block_1_5' title="bbox 205 511 1780 582">
    <p class='ocr_par' dir='ltr' id='par_1_5' title="bbox 205 511 1780 582">
     <span class='ocr_line' id='line_1_5' title="bbox 205 511 1780 582; baseline 0.008 -20"><span class='ocrx_word' id='word_1_23' title='bbox 205 511 388 565; x_wconf 85' lang='lat' dir='ltr'><strong>nostri</strong></span> <span class='ocrx_word' id='word_1_24' title='bbox 441 511 646 582; x_wconf 84' lang='lat' dir='ltr'><strong>scripta</strong></span> <span class='ocrx_word' id='word_1_25' title='bbox 711 515 944 572; x_wconf 84' lang='lat' dir='ltr'><strong>breviter</strong></span> <span class='ocrx_word' id='word_1_26' title='bbox 1001 521 1329 578; x_wconf 84' lang='lat' dir='ltr'><strong>recensenda</strong></span> <span class='ocrx_word' id='word_1_27' title='bbox 1386 535 1446 576; x_wconf 88' lang='lat' dir='ltr'><strong>se</strong></span> <span class='ocrx_word' id='word_1_28' title='bbox 1499 528 1780 576; x_wconf 82' lang='lat' dir='ltr'><strong>convertat</strong></span> 
     </span>
    </p>
   </div>
   <div class='ocr_carea' id='block_1_6' title="bbox 201 601 414 656">
    <p class='ocr_par' dir='ltr' id='par_1_6' title="bbox 201 601 414 656">
     <span class='ocr_line' id='line_1_6' title="bbox 201 601 414 656; baseline 0.009 -2"><span class='ocrx_word' id='word_1_29' title='bbox 201 601 414 656; x_wconf 83' lang='lat' dir='ltr'><strong>oratio.</strong></span> 
     </span>
    </p>
   </div>
   <div class='ocr_carea' id='block_1_7' title="bbox 204 689 1773 767">
    <p class='ocr_par' dir='ltr' id='par_1_7' title="bbox 204 689 1773 767">
     <span class='ocr_line' id='line_1_7' title="bbox 204 689 1773 767; baseline 0.01 -23"><span class='ocrx_word' id='word_1_30' title='bbox 204 689 380 767; x_wconf 89' lang='lat' dir='ltr'><strong>l|.__S.</strong></span> <span class='ocrx_word' id='word_1_31' title='bbox 415 692 652 764; x_wconf 84' lang='lat' dir='ltr'><strong>Gregorii</strong></span> <span class='ocrx_word' id='word_1_32' title='bbox 714 696 990 767; x_wconf 78' lang='lat' dir='ltr'><strong>Expositio</strong></span> <span class='ocrx_word' id='word_1_33' title='bbox 1059 702 1179 756; x_wconf 88' lang='lat' dir='ltr'><strong>ﬁdei</strong></span> <span class='ocrx_word' id='word_1_34' title='bbox 1243 703 1496 758; x_wconf 81' lang='lat' dir='ltr'><strong>divinitus</strong></span> <span class='ocrx_word' id='word_1_35' title='bbox 1548 705 1773 760; x_wconf 82' lang='lat' dir='ltr'><strong>dictata.</strong></span> 
     </span>
    </p>
   </div>
   <div class='ocr_carea' id='block_1_8' title="bbox 285 761 1771 843">
    <p class='ocr_par' dir='ltr' id='par_1_8' title="bbox 285 761 1771 843">
     <span class='ocr_line' id='line_1_8' title="bbox 285 761 1771 843; baseline 0.009 -27"><span class='ocrx_word' id='word_1_36' title='bbox 285 761 536 818; x_wconf 64' lang='lat' dir='ltr'><strong>Veterani</strong></span> <span class='ocrx_word' id='word_1_37' title='bbox 584 761 894 822; x_wconf 73' lang='lat' dir='ltr'><strong>testimoniis</strong></span> <span class='ocrx_word' id='word_1_38' title='bbox 947 772 1254 826; x_wconf 76' lang='lat' dir='ltr'><strong>authentica</strong></span> <span class='ocrx_word' id='word_1_39' title='bbox 1297 791 1408 828; x_wconf 82' lang='lat' dir='ltr'><strong>esse</strong></span> <span class='ocrx_word' id='word_1_40' title='bbox 1444 775 1771 843; x_wconf 84' lang='lat' dir='ltr'><strong>perhibetur.</strong></span> 
     </span>
    </p>
   </div>
   <div class='ocr_carea' id='block_1_9' title="bbox 275 880 1776 954">
    <p class='ocr_par' dir='ltr' id='par_1_9' title="bbox 275 880 1776 954">
     <span class='ocr_line' id='line_1_9' title="bbox 275 880 1776 954; baseline 0.008 -21"><span class='ocrx_word' id='word_1_41' title='bbox 275 882 426 934; x_wconf 84' lang='lat' dir='ltr'><strong>[nter</strong></span> <span class='ocrx_word' id='word_1_42' title='bbox 470 880 688 950; x_wconf 89' lang='lat' dir='ltr'><strong>pietatis</strong></span> <span class='ocrx_word' id='word_1_43' title='bbox 736 896 799 936; x_wconf 90' lang='lat' dir='ltr'><strong>ac</strong></span> <span class='ocrx_word' id='word_1_44' title='bbox 847 881 1106 940; x_wconf 67' lang='lat' dir='ltr'><strong>doctrinae</strong></span> <span class='ocrx_word' id='word_1_45' title='bbox 1157 898 1529 954; x_wconf 91' lang='lat' dir='ltr'><strong>monumenta,</strong></span> <span class='ocrx_word' id='word_1_46' title='bbox 1556 887 1776 944; x_wconf 53' lang='lat' dir='ltr'><strong>Neocae-</strong></span> 
     </span>
    </p>
   </div>
   <div class='ocr_carea' id='block_1_10' title="bbox 195 973 1772 1050">
    <p class='ocr_par' dir='ltr' id='par_1_10' title="bbox 195 973 1772 1050">
     <span class='ocr_line' id='line_1_10' title="bbox 195 973 1772 1050; baseline 0.008 -27"><span class='ocrx_word' id='word_1_47' title='bbox 195 974 441 1028; x_wconf 87' lang='lat' dir='ltr'><strong>sariensi</strong></span> <span class='ocrx_word' id='word_1_48' title='bbox 468 973 723 1030; x_wconf 70' lang='lat' dir='ltr'><strong>Ecclesiae</strong></span> <span class='ocrx_word' id='word_1_49' title='bbox 755 983 1011 1046; x_wconf 83' lang='lat' dir='ltr'><strong>tanquam</strong></span> <span class='ocrx_word' id='word_1_50' title='bbox 1050 980 1350 1049; x_wconf 90' lang='lat' dir='ltr'><strong>pretiosum</strong></span> <span class='ocrx_word' id='word_1_51' title='bbox 1386 981 1772 1050; x_wconf 83' lang='lat' dir='ltr'><strong>patrimonium</strong></span> 
     </span>
    </p>
   </div>
   <div class='ocr_carea' id='block_1_11' title="bbox 193 1061 1772 1138">
    <p class='ocr_par' dir='ltr' id='par_1_11' title="bbox 193 1061 1772 1138">
     <span class='ocr_line' id='line_1_11' title="bbox 193 1061 1772 1138; baseline 0.008 -23"><span class='ocrx_word' id='word_1_52' title='bbox 193 1061 512 1132; x_wconf 84' lang='lat' dir='ltr'><strong>aGregorio</strong></span> <span class='ocrx_word' id='word_1_53' title='bbox 540 1065 747 1130; x_wconf 71' lang='lat' dir='ltr'><strong>relicta&quot;,</strong></span> <span class='ocrx_word' id='word_1_54' title='bbox 774 1067 897 1138; x_wconf 92' lang='lat' dir='ltr'><strong>jure</strong></span> <span class='ocrx_word' id='word_1_55' title='bbox 923 1084 1032 1138; x_wconf 69' lang='lat' dir='ltr'><strong>prae</strong></span> <span class='ocrx_word' id='word_1_56' title='bbox 1063 1071 1317 1124; x_wconf 91' lang='lat' dir='ltr'><strong>omnibus</strong></span> <span class='ocrx_word' id='word_1_57' title='bbox 1345 1071 1652 1126; x_wconf 85' lang='lat' dir='ltr'><strong>celebratur</strong></span> <span class='ocrx_word' id='word_1_58' title='bbox 1680 1072 1772 1127; x_wconf 87' lang='lat' dir='ltr'><strong>illa</strong></span> 
     </span>
    </p>
   </div>
   <div class='ocr_carea' id='block_1_12' title="bbox 191 1153 1772 1228">
    <p class='ocr_par' dir='ltr' id='par_1_12' title="bbox 191 1153 1772 1228">
     <span class='ocr_line' id='line_1_12' title="bbox 191 1153 1772 1228; baseline 0.009 -22"><span class='ocrx_word' id='word_1_59' title='bbox 191 1153 483 1224; x_wconf 74' lang='lat' dir='ltr'><strong>Expositio</strong></span> <span class='ocrx_word' id='word_1_60' title='bbox 543 1157 702 1226; x_wconf 78' lang='lat' dir='ltr'><strong>ﬁdei,</strong></span> <span class='ocrx_word' id='word_1_61' title='bbox 758 1174 923 1228; x_wconf 90' lang='lat' dir='ltr'><strong>quam</strong></span> <span class='ocrx_word' id='word_1_62' title='bbox 970 1159 1056 1214; x_wconf 89' lang='lat' dir='ltr'><strong>vir</strong></span> <span class='ocrx_word' id='word_1_63' title='bbox 1105 1161 1461 1217; x_wconf 89' lang='lat' dir='ltr'><strong>admirandus</strong></span> <span class='ocrx_word' id='word_1_64' title='bbox 1511 1162 1772 1220; x_wconf 86' lang='lat' dir='ltr'><strong>divinitus</strong></span> 
     </span>
    </p>
   </div>
   <div class='ocr_carea' id='block_1_13' title="bbox 188 1245 1766 1324">
    <p class='ocr_par' dir='ltr' id='par_1_13' title="bbox 188 1245 1766 1324">
     <span class='ocr_line' id='line_1_13' title="bbox 188 1245 1766 1324; baseline 0.006 -25"><span class='ocrx_word' id='word_1_65' title='bbox 188 1245 458 1300; x_wconf 89' lang='lat' dir='ltr'><strong>dictatam</strong></span> <span class='ocrx_word' id='word_1_66' title='bbox 526 1249 773 1318; x_wconf 88' lang='lat' dir='ltr'><strong>protinus</strong></span> <span class='ocrx_word' id='word_1_67' title='bbox 835 1252 1025 1307; x_wconf 85' lang='lat' dir='ltr'><strong>litteris</strong></span> <span class='ocrx_word' id='word_1_68' title='bbox 1084 1252 1371 1308; x_wconf 86' lang='lat' dir='ltr'><strong>mandasse</strong></span> <span class='ocrx_word' id='word_1_69' title='bbox 1436 1254 1766 1324; x_wconf 84' lang='lat' dir='ltr'><strong>perhibetur.</strong></span> 
     </span>
    </p>
   </div>
   <div class='ocr_carea' id='block_1_14' title="bbox 189 1336 1772 1415">
    <p class='ocr_par' dir='ltr' id='par_1_14' title="bbox 189 1336 1772 1415">
     <span class='ocr_line' id='line_1_14' title="bbox 189 1336 1772 1415; baseline 0.008 -25"><span class='ocrx_word' id='word_1_70' title='bbox 189 1336 495 1407; x_wconf 84' lang='lat' dir='ltr'><strong>Gregorius</strong></span> <span class='ocrx_word' id='word_1_71' title='bbox 521 1338 820 1410; x_wconf 87' lang='lat' dir='ltr'><strong>Nyssenus,</strong></span> <span class='ocrx_word' id='word_1_72' title='bbox 844 1342 937 1412; x_wconf 91' lang='lat' dir='ltr'><strong>qui</strong></span> <span class='ocrx_word' id='word_1_73' title='bbox 983 1359 1096 1398; x_wconf 91' lang='lat' dir='ltr'><strong>rem</strong></span> <span class='ocrx_word' id='word_1_74' title='bbox 1147 1344 1200 1399; x_wconf 94' lang='lat' dir='ltr'><strong>in</strong></span> <span class='ocrx_word' id='word_1_75' title='bbox 1239 1345 1359 1415; x_wconf 89' lang='lat' dir='ltr'><strong>ejus</strong></span> <span class='ocrx_word' id='word_1_76' title='bbox 1388 1345 1510 1401; x_wconf 85' lang='lat' dir='ltr'><strong>Vita</strong></span> <span class='ocrx_word' id='word_1_77' title='bbox 1541 1347 1772 1403; x_wconf 90' lang='lat' dir='ltr'><strong>ﬁdeliter</strong></span> 
     </span>
    </p>
   </div>
   <div class='ocr_carea' id='block_1_15' title="bbox 187 1423 1770 1512">
    <p class='ocr_par' dir='ltr' id='par_1_15' title="bbox 187 1423 1770 1512">
     <span class='ocr_line' id='line_1_15' title="bbox 187 1423 1770 1512; baseline 0.01 -31"><span class='ocrx_word' id='word_1_78' title='bbox 187 1423 411 1494; x_wconf 85' lang='lat' dir='ltr'><strong>narrat,</strong></span> <span class='ocrx_word' id='word_1_79' title='bbox 463 1431 664 1501; x_wconf 91' lang='lat' dir='ltr'><strong>quique</strong></span> <span class='ocrx_word' id='word_1_80' title='bbox 710 1433 916 1502; x_wconf 89' lang='lat' dir='ltr'><strong>primus</strong></span> <span class='ocrx_word' id='word_1_81' title='bbox 953 1436 1196 1490; x_wconf 90' lang='lat' dir='ltr'><strong>omnium</strong></span> <span class='ocrx_word' id='word_1_82' title='bbox 1251 1437 1391 1492; x_wconf 89' lang='lat' dir='ltr'><strong>idem</strong></span> <span class='ocrx_word' id='word_1_83' title='bbox 1444 1438 1566 1495; x_wconf 87' lang='lat' dir='ltr'><strong>ﬁdei</strong></span> <span class='ocrx_word' id='word_1_84' title='bbox 1613 1439 1770 1512; x_wconf 82' lang='lat' dir='ltr'><strong>Sym-</strong></span> 
     </span>
    </p>
   </div>
   <div class='ocr_carea' id='block_1_16' title="bbox 183 1521 1771 1602">
    <p class='ocr_par' dir='ltr' id='par_1_16' title="bbox 183 1521 1771 1602">
     <span class='ocr_line' id='line_1_16' title="bbox 183 1521 1771 1602; baseline 0.008 -27"><span class='ocrx_word' id='word_1_85' title='bbox 183 1521 382 1576; x_wconf 83' lang='lat' dir='ltr'><strong>bolum</strong></span> <span class='ocrx_word' id='word_1_86' title='bbox 412 1523 698 1593; x_wconf 87' lang='lat' dir='ltr'><strong>descripsit</strong></span> <span class='ocrx_word' id='word_1_87' title='bbox 723 1525 856 1596; x_wconf 80' lang='lat' dir='ltr'><strong>(l5),</strong></span> <span class='ocrx_word' id='word_1_88' title='bbox 885 1526 951 1580; x_wconf 91' lang='lat' dir='ltr'><strong>ad</strong></span> <span class='ocrx_word' id='word_1_89' title='bbox 977 1526 1154 1595; x_wconf 90' lang='lat' dir='ltr'><strong>ipsum</strong></span> <span class='ocrx_word' id='word_1_90' title='bbox 1187 1527 1579 1602; x_wconf 86' lang='lat' dir='ltr'><strong>Thaumaturgi</strong></span> <span class='ocrx_word' id='word_1_91' title='bbox 1610 1533 1771 1587; x_wconf 82' lang='grc' dir='ltr'>αὑτό-</span> 
     </span>
    </p>
   </div>
   <div class='ocr_carea' id='block_1_17' title="bbox 183 1617 1770 1694">
    <p class='ocr_par' dir='ltr' id='par_1_17' title="bbox 183 1617 1770 1694">
     <span class='ocr_line' id='line_1_17' title="bbox 183 1617 1770 1694; baseline 0.008 -29"><span class='ocrx_word' id='word_1_92' title='bbox 183 1629 405 1685; x_wconf 78' lang='grc' dir='ltr'>γραφον</span> <span class='ocrx_word' id='word_1_93' title='bbox 439 1624 692 1684; x_wconf 86' lang='lat' dir='ltr'><strong>provocat</strong></span> <span class='ocrx_word' id='word_1_94' title='bbox 723 1617 807 1671; x_wconf 87' lang='lat' dir='ltr'><strong>his</strong></span> <span class='ocrx_word' id='word_1_95' title='bbox 842 1618 1021 1672; x_wconf 86' lang='lat' dir='ltr'><strong>verbis</strong></span> <span class='ocrx_word' id='word_1_96' title='bbox 1053 1618 1163 1691; x_wconf 69' lang='lat' dir='ltr'>(l4)</span> <span class='ocrx_word' id='word_1_97' title='bbox 1194 1635 1206 1672; x_wconf 90' lang='lat'>:</span> <span class='ocrx_word' id='word_1_98' title='bbox 1244 1621 1312 1674; x_wconf 85' lang='lat' dir='ltr'><strong>El&#39;</strong></span> <span class='ocrx_word' id='word_1_99' title='bbox 1339 1638 1422 1686; x_wconf 86' lang='grc' dir='ltr'><strong>τις</strong></span> <span class='ocrx_word' id='word_1_100' title='bbox 1452 1621 1586 1693; x_wconf 79' lang='grc' dir='ltr'>τῷδε</span> <span class='ocrx_word' id='word_1_101' title='bbox 1619 1625 1770 1694; x_wconf 81' lang='grc' dir='ltr'>φίλος</span> 
     </span>
    </p>
   </div>
   <div class='ocr_carea' id='block_1_18' title="bbox 179 1705 1764 1786">
    <p class='ocr_par' dir='ltr' id='par_1_18' title="bbox 179 1705 1764 1786">
     <span class='ocr_line' id='line_1_18' title="bbox 179 1705 1764 1786; baseline 0.006 -26"><span class='ocrx_word' id='word_1_102' title='bbox 179 1707 322 1777; x_wconf 71' lang='grc' dir='ltr'>περὶ</span> <span class='ocrx_word' id='word_1_103' title='bbox 382 1705 570 1760; x_wconf 77' lang='grc' dir='ltr'>τούτου</span> <span class='ocrx_word' id='word_1_104' title='bbox 631 1707 944 1779; x_wconf 79' lang='grc' dir='ltr'>πεισθῆναι,</span> <span class='ocrx_word' id='word_1_105' title='bbox 1010 1710 1255 1765; x_wconf 80' lang='grc' dir='ltr'><strong>ἀκουέτω</strong></span> <span class='ocrx_word' id='word_1_106' title='bbox 1290 1713 1386 1784; x_wconf 81' lang='grc' dir='ltr'>τῆς</span> <span class='ocrx_word' id='word_1_107' title='bbox 1422 1713 1764 1786; x_wconf 84' lang='grc' dir='ltr'>Ἐκκλησίας,</span> 
     </span>
    </p>
   </div>
   <div class='ocr_carea' id='block_1_19' title="bbox 1887 521 3454 610">
    <p class='ocr_par' dir='ltr' id='par_1_19' title="bbox 1887 521 3454 610">
     <span class='ocr_line' id='line_1_19' title="bbox 1887 521 3454 610; baseline 0.01 -37"><span class='ocrx_word' id='word_1_108' title='bbox 1887 522 1982 584; x_wconf 76' lang='grc' dir='ltr'>Ὠς</span> <span class='ocrx_word' id='word_1_109' title='bbox 2027 539 2110 585; x_wconf 85' lang='grc' dir='ltr'><strong>τις</strong></span> <span class='ocrx_word' id='word_1_110' title='bbox 2141 521 2250 575; x_wconf 85' lang='grc' dir='ltr'>τῶν</span> <span class='ocrx_word' id='word_1_111' title='bbox 2284 523 2466 595; x_wconf 82' lang='grc' dir='ltr'><strong>μικρῷ</strong></span> <span class='ocrx_word' id='word_1_112' title='bbox 2514 524 2747 596; x_wconf 82' lang='grc' dir='ltr'>πρόσθεν</span> <span class='ocrx_word' id='word_1_113' title='bbox 2799 526 3075 601; x_wconf 81' lang='grc' dir='ltr'>Θεοφόρων</span> <span class='ocrx_word' id='word_1_114' title='bbox 3131 533 3454 610; x_wconf 56' lang='grc' dir='ltr'>ἑφιλοσόφηε-</span> 
     </span>
    </p>
   </div>
   <div class='ocr_carea' id='block_1_20' title="bbox 1881 611 3452 687">
    <p class='ocr_par' dir='ltr' id='par_1_20' title="bbox 1881 611 3452 687">
     <span class='ocr_line' id='line_1_20' title="bbox 1881 611 3452 687; baseline 0.015 -23"><span class='ocrx_word' id='word_1_115' title='bbox 1881 628 2009 666; x_wconf 76' lang='grc' dir='ltr'>σενε</span> <span class='ocrx_word' id='word_1_116' title='bbox 2043 631 2062 664; x_wconf 72' lang='grc' dir='ltr'>ε</span> <span class='ocrx_word' id='word_1_117' title='bbox 2097 611 2166 667; x_wconf 91' lang='lat' dir='ltr'><strong>Ut</strong></span> <span class='ocrx_word' id='word_1_118' title='bbox 2188 613 2459 683; x_wconf 88' lang='lat' dir='ltr'><strong>quispiam</strong></span> <span class='ocrx_word' id='word_1_119' title='bbox 2483 613 2670 668; x_wconf 87' lang='lat' dir='ltr'><strong>divino</strong></span> <span class='ocrx_word' id='word_1_120' title='bbox 2701 619 2922 676; x_wconf 89' lang='lat' dir='ltr'><strong>numine</strong></span> <span class='ocrx_word' id='word_1_121' title='bbox 2953 621 3164 680; x_wconf 89' lang='lat' dir='ltr'><strong>aﬁlatus</strong></span> <span class='ocrx_word' id='word_1_122' title='bbox 3197 625 3342 683; x_wconf 88' lang='lat' dir='ltr'><strong>haud</strong></span> <span class='ocrx_word' id='word_1_123' title='bbox 3376 631 3452 687; x_wconf 85' lang='lat' dir='ltr'><strong>ita</strong></span> 
     </span>
    </p>
   </div>
   <div class='ocr_carea' id='block_1_21' title="bbox 1878 697 3486 787">
    <p class='ocr_par' dir='ltr' id='par_1_21' title="bbox 1878 697 3486 787">
     <span class='ocr_line' id='line_1_21' title="bbox 1878 697 3486 787; baseline 0.012 -31"><span class='ocrx_word' id='word_1_124' title='bbox 1878 702 2086 772; x_wconf 87' lang='lat' dir='ltr'><strong>pridem</strong></span> <span class='ocrx_word' id='word_1_125' title='bbox 2156 703 2572 773; x_wconf 86' lang='lat' dir='ltr'><strong>philosophatus</strong></span> <span class='ocrx_word' id='word_1_126' title='bbox 2616 715 2720 762; x_wconf 91' lang='lat' dir='ltr'><strong>est.</strong></span> <span class='ocrx_word' id='word_1_127' title='bbox 2757 725 2776 756; x_wconf 72' lang='grc' dir='ltr'><strong><em>ι</em></strong></span> <span class='ocrx_word' id='word_1_128' title='bbox 2846 708 2964 774; x_wconf 88' lang='lat' dir='ltr'><strong>Qua</strong></span> <span class='ocrx_word' id='word_1_129' title='bbox 3015 701 3145 778; x_wconf 75' lang='lat' dir='ltr'><strong>sane</strong></span> <span class='ocrx_word' id='word_1_130' title='bbox 3196 697 3486 787; x_wconf 34' lang='lat' dir='ltr'><strong>loquendi,</strong></span> 
     </span>
    </p>
   </div>
   <div class='ocr_carea' id='block_1_22' title="bbox 1877 793 3455 880">
    <p class='ocr_par' dir='ltr' id='par_1_22' title="bbox 1877 793 3455 880">
     <span class='ocr_line' id='line_1_22' title="bbox 1877 793 3455 880; baseline 0.013 -34"><span class='ocrx_word' id='word_1_131' title='bbox 1877 793 2089 847; x_wconf 86' lang='lat' dir='ltr'><strong>ratione</strong></span> <span class='ocrx_word' id='word_1_132' title='bbox 2119 795 2427 865; x_wconf 78' lang='lat' dir='ltr'><strong>theologum</strong></span> <span class='ocrx_word' id='word_1_133' title='bbox 2462 797 2768 865; x_wconf 82' lang='lat' dir='ltr'><strong>respexisse</strong></span> <span class='ocrx_word' id='word_1_134' title='bbox 2796 799 2861 853; x_wconf 88' lang='lat' dir='ltr'><strong>ad</strong></span> <span class='ocrx_word' id='word_1_135' title='bbox 2892 799 3288 878; x_wconf 81' lang='lat' dir='ltr'><strong>Thaumaturgi</strong></span> <span class='ocrx_word' id='word_1_136' title='bbox 3325 826 3455 880; x_wconf 87' lang='lat' dir='ltr'><strong>apo-</strong></span> 
     </span>
    </p>
   </div>
   <div class='ocr_carea' id='block_1_23' title="bbox 1875 885 3451 970">
    <p class='ocr_par' dir='ltr' id='par_1_23' title="bbox 1875 885 3451 970">
     <span class='ocr_line' id='line_1_23' title="bbox 1875 885 3451 970; baseline 0.013 -33"><span class='ocrx_word' id='word_1_137' title='bbox 1875 885 2159 956; x_wconf 88' lang='lat' dir='ltr'><strong>calypsim,</strong></span> <span class='ocrx_word' id='word_1_138' title='bbox 2209 903 2305 942; x_wconf 87' lang='lat' dir='ltr'><strong>seu</strong></span> <span class='ocrx_word' id='word_1_139' title='bbox 2349 889 2415 942; x_wconf 91' lang='lat' dir='ltr'><strong>ad</strong></span> <span class='ocrx_word' id='word_1_140' title='bbox 2449 889 2576 957; x_wconf 75' lang='lat' dir='ltr'><strong>fidei</strong></span> <span class='ocrx_word' id='word_1_141' title='bbox 2612 889 2918 959; x_wconf 83' lang='lat' dir='ltr'><strong>Symbolum</strong></span> <span class='ocrx_word' id='word_1_142' title='bbox 2952 897 3168 952; x_wconf 74' lang='lat' dir='ltr'><strong>cmlitus</strong></span> <span class='ocrx_word' id='word_1_143' title='bbox 3212 900 3316 970; x_wconf 91' lang='lat' dir='ltr'><strong>ipsi</strong></span> <span class='ocrx_word' id='word_1_144' title='bbox 3363 918 3451 957; x_wconf 80' lang='lat' dir='ltr'><strong>re-</strong></span> 
     </span>
    </p>
   </div>
   <div class='ocr_carea' id='block_1_24' title="bbox 1875 978 3452 1057">
    <p class='ocr_par' dir='ltr' id='par_1_24' title="bbox 1875 978 3452 1057">
     <span class='ocr_line' id='line_1_24' title="bbox 1875 978 3452 1057; baseline 0.011 -27"><span class='ocrx_word' id='word_1_145' title='bbox 1875 978 2134 1043; x_wconf 87' lang='lat' dir='ltr'><strong>velatum,</strong></span> <span class='ocrx_word' id='word_1_146' title='bbox 2162 979 2318 1047; x_wconf 88' lang='lat' dir='ltr'><strong>cujus</strong></span> <span class='ocrx_word' id='word_1_147' title='bbox 2351 981 2513 1036; x_wconf 87' lang='lat' dir='ltr'><strong>verba</strong></span> <span class='ocrx_word' id='word_1_148' title='bbox 2543 982 2704 1051; x_wconf 88' lang='lat' dir='ltr'><strong>paulo</strong></span> <span class='ocrx_word' id='word_1_149' title='bbox 2737 992 2863 1038; x_wconf 88' lang='lat' dir='ltr'><strong>ante</strong></span> <span class='ocrx_word' id='word_1_150' title='bbox 2892 998 3204 1057; x_wconf 87' lang='lat' dir='ltr'><strong>usurparat,</strong></span> <span class='ocrx_word' id='word_1_151' title='bbox 3240 994 3452 1048; x_wconf 92' lang='lat' dir='ltr'><strong>monuit</strong></span> 
     </span>
    </p>
   </div>
   <div class='ocr_carea' id='block_1_25' title="bbox 1875 1068 3446 1146">
    <p class='ocr_par' dir='ltr' id='par_1_25' title="bbox 1875 1068 3446 1146">
     <span class='ocr_line' id='line_1_25' title="bbox 1875 1068 3446 1146; baseline 0.013 -24"><span class='ocrx_word' id='word_1_152' title='bbox 1875 1068 2003 1123; x_wconf 92' lang='lat' dir='ltr'><strong>olim</strong></span> <span class='ocrx_word' id='word_1_153' title='bbox 2035 1069 2182 1126; x_wconf 88' lang='lat' dir='ltr'><strong>Elias</strong></span> <span class='ocrx_word' id='word_1_154' title='bbox 2223 1070 2516 1140; x_wconf 88' lang='lat' dir='ltr'><strong>Cretensis,</strong></span> <span class='ocrx_word' id='word_1_155' title='bbox 2554 1086 2613 1129; x_wconf 87' lang='lat' dir='ltr'><strong>ut</strong></span> <span class='ocrx_word' id='word_1_156' title='bbox 2664 1087 2786 1146; x_wconf 90' lang='lat' dir='ltr'><strong>post</strong></span> <span class='ocrx_word' id='word_1_157' title='bbox 2825 1077 3042 1134; x_wconf 86' lang='lat' dir='ltr'><strong>Billium</strong></span> <span class='ocrx_word' id='word_1_158' title='bbox 3090 1083 3155 1136; x_wconf 88' lang='lat' dir='ltr'><strong>ad</strong></span> <span class='ocrx_word' id='word_1_159' title='bbox 3190 1099 3313 1138; x_wconf 91' lang='lat' dir='ltr'><strong>eum</strong></span> <span class='ocrx_word' id='word_1_160' title='bbox 3365 1087 3446 1142; x_wconf 87' lang='lat' dir='ltr'><strong>lo-</strong></span> 
     </span>
    </p>
   </div>
   <div class='ocr_carea' id='block_1_26' title="bbox 1875 1161 3447 1249">
    <p class='ocr_par' dir='ltr' id='par_1_26' title="bbox 1875 1161 3447 1249">
     <span class='ocr_line' id='line_1_26' title="bbox 1875 1161 3447 1249; baseline 0.014 -37"><span class='ocrx_word' id='word_1_161' title='bbox 1875 1173 1999 1213; x_wconf 89' lang='lat' dir='ltr'><strong>cum</strong></span> <span class='ocrx_word' id='word_1_162' title='bbox 2031 1161 2447 1219; x_wconf 82' lang='lat' dir='ltr'><strong>adn0tabatnus.</strong></span> <span class='ocrx_word' id='word_1_163' title='bbox 2474 1166 2554 1220; x_wconf 86' lang='lat' dir='ltr'><strong>Ad</strong></span> <span class='ocrx_word' id='word_1_164' title='bbox 2581 1167 2694 1222; x_wconf 58' lang='lat' dir='ltr'><strong>hac</strong></span> <span class='ocrx_word' id='word_1_165' title='bbox 2719 1168 2949 1228; x_wconf 82' lang='lat' dir='ltr'><strong>Ruﬁnus</strong></span> <span class='ocrx_word' id='word_1_166' title='bbox 2969 1174 3212 1230; x_wconf 87' lang='lat' dir='ltr'><strong>eamdem</strong></span> <span class='ocrx_word' id='word_1_167' title='bbox 3244 1175 3447 1249; x_wconf 78' lang='lat' dir='ltr'><strong>Grego-</strong></span> 
     </span>
    </p>
   </div>
   <div class='ocr_carea' id='block_1_27' title="bbox 1874 1250 3442 1340">
    <p class='ocr_par' dir='ltr' id='par_1_27' title="bbox 1874 1250 3442 1340">
     <span class='ocr_line' id='line_1_27' title="bbox 1874 1250 3442 1340; baseline 0.013 -36"><span class='ocrx_word' id='word_1_168' title='bbox 1874 1250 2082 1307; x_wconf 88' lang='lat' dir='ltr'><strong>rianam</strong></span> <span class='ocrx_word' id='word_1_169' title='bbox 2111 1252 2511 1324; x_wconf 74' lang='lat' dir='ltr'><strong>Expositionem</strong></span> <span class='ocrx_word' id='word_1_170' title='bbox 2546 1273 2611 1313; x_wconf 83' lang='lat' dir='ltr'><strong>ex</strong></span> <span class='ocrx_word' id='word_1_171' title='bbox 2644 1257 2912 1330; x_wconf 91' lang='lat' dir='ltr'><strong>Nysseno,</strong></span> <span class='ocrx_word' id='word_1_172' title='bbox 2951 1274 3008 1318; x_wconf 91' lang='lat' dir='ltr'><strong>ut</strong></span> <span class='ocrx_word' id='word_1_173' title='bbox 3039 1266 3258 1334; x_wconf 86' lang='lat' dir='ltr'><strong>quidem</strong></span> <span class='ocrx_word' id='word_1_174' title='bbox 3290 1279 3442 1340; x_wconf 84' lang='lat' dir='ltr'><strong>puto,</strong></span> 
     </span>
    </p>
   </div>
   <div class='ocr_carea' id='block_1_28' title="bbox 1872 1345 3440 1419">
    <p class='ocr_par' dir='ltr' id='par_1_28' title="bbox 1872 1345 3440 1419">
     <span class='ocr_line' id='line_1_28' title="bbox 1872 1345 3440 1419; baseline 0.013 -20"><span class='ocrx_word' id='word_1_175' title='bbox 1872 1345 2214 1417; x_wconf 84' lang='lat' dir='ltr'><strong>desumptam</strong></span> <span class='ocrx_word' id='word_1_176' title='bbox 2265 1365 2377 1405; x_wconf 68' lang='lat' dir='ltr'><strong>suae</strong></span> <span class='ocrx_word' id='word_1_177' title='bbox 2419 1353 2656 1408; x_wconf 86' lang='lat' dir='ltr'><strong>versioni</strong></span> <span class='ocrx_word' id='word_1_178' title='bbox 2701 1354 3024 1414; x_wconf 67' lang='lat' dir='ltr'><strong>Eusebianae</strong></span> <span class='ocrx_word' id='word_1_179' title='bbox 3055 1359 3314 1418; x_wconf 69' lang='lat' dir='ltr'><strong>Historia!</strong></span> <span class='ocrx_word' id='word_1_180' title='bbox 3355 1365 3440 1419; x_wconf 86' lang='lat' dir='ltr'><strong>in-</strong></span> 
     </span>
    </p>
   </div>
   <div class='ocr_carea' id='block_1_29' title="bbox 1872 1437 3442 1519">
    <p class='ocr_par' dir='ltr' id='par_1_29' title="bbox 1872 1437 3442 1519">
     <span class='ocr_line' id='line_1_29' title="bbox 1872 1437 3442 1519; baseline 0.013 -30"><span class='ocrx_word' id='word_1_181' title='bbox 1872 1438 2046 1492; x_wconf 79' lang='lat' dir='ltr'><strong>texuit</strong></span> <span class='ocrx_word' id='word_1_182' title='bbox 2085 1437 2220 1510; x_wconf 90' lang='lat' dir='ltr'><strong>(l8).</strong></span> <span class='ocrx_word' id='word_1_183' title='bbox 2282 1442 2458 1510; x_wconf 79' lang='lat' dir='ltr'><strong>ipsam</strong></span> <span class='ocrx_word' id='word_1_184' title='bbox 2531 1454 2786 1512; x_wconf 68' lang='lat' dir='ltr'><strong>praeterea</strong></span> <span class='ocrx_word' id='word_1_185' title='bbox 2856 1458 3113 1519; x_wconf 88' lang='lat' dir='ltr'><strong>tanquam</strong></span> <span class='ocrx_word' id='word_1_186' title='bbox 3169 1453 3442 1511; x_wconf 88' lang='lat' dir='ltr'><strong>sincerum</strong></span> 
     </span>
    </p>
   </div>
   <div class='ocr_carea' id='block_1_30' title="bbox 1873 1525 3442 1614">
    <p class='ocr_par' dir='ltr' id='par_1_30' title="bbox 1873 1525 3442 1614">
     <span class='ocr_line' id='line_1_30' title="bbox 1873 1525 3442 1614; baseline 0.014 -35"><span class='ocrx_word' id='word_1_187' title='bbox 1873 1525 2261 1601; x_wconf 81' lang='lat' dir='ltr'><strong>&#39;l‘haumatnrgi</strong></span> <span class='ocrx_word' id='word_1_188' title='bbox 2310 1531 2476 1587; x_wconf 81' lang='lat' dir='ltr'><strong>fetum</strong></span> <span class='ocrx_word' id='word_1_189' title='bbox 2527 1546 2866 1605; x_wconf 84' lang='lat' dir='ltr'><strong>agnoverunt</strong></span> <span class='ocrx_word' id='word_1_190' title='bbox 2917 1539 3105 1596; x_wconf 88' lang='lat' dir='ltr'><strong>Patres</strong></span> <span class='ocrx_word' id='word_1_191' title='bbox 3152 1543 3204 1598; x_wconf 93' lang='lat' dir='ltr'><strong>in</strong></span> <span class='ocrx_word' id='word_1_192' title='bbox 3255 1548 3442 1614; x_wconf 85' lang='lat' dir='ltr'><strong>quinta</strong></span> 
     </span>
    </p>
   </div>
   <div class='ocr_carea' id='block_1_31' title="bbox 1872 1617 3441 1704">
    <p class='ocr_par' dir='ltr' id='par_1_31' title="bbox 1872 1617 3441 1704">
     <span class='ocr_line' id='line_1_31' title="bbox 1872 1617 3441 1704; baseline 0.011 -32"><span class='ocrx_word' id='word_1_193' title='bbox 1872 1617 2208 1676; x_wconf 60' lang='lat' dir='ltr'><strong>(lacumenica</strong></span> <span class='ocrx_word' id='word_1_194' title='bbox 2244 1624 2450 1693; x_wconf 84' lang='lat' dir='ltr'><strong>synodo</strong></span> <span class='ocrx_word' id='word_1_195' title='bbox 2477 1628 2808 1696; x_wconf 77' lang='lat' dir='ltr'><strong>congregati.</strong></span> <span class='ocrx_word' id='word_1_196' title='bbox 2837 1626 3042 1683; x_wconf 91' lang='lat' dir='ltr'><strong>Omitto</strong></span> <span class='ocrx_word' id='word_1_197' title='bbox 3063 1629 3304 1688; x_wconf 81' lang='lat' dir='ltr'><strong>Nicetam</strong></span> <span class='ocrx_word' id='word_1_198' title='bbox 3325 1635 3441 1704; x_wconf 82' lang='lat' dir='ltr'>(l9)</span> 
     </span>
    </p>
   </div>
   <div class='ocr_carea' id='block_1_32' title="bbox 1871 1713 3438 1799">
    <p class='ocr_par' dir='ltr' id='par_1_32' title="bbox 1871 1713 3438 1799">
     <span class='ocr_line' id='line_1_32' title="bbox 1871 1713 3438 1799; baseline 0.01 -33"><span class='ocrx_word' id='word_1_199' title='bbox 1871 1713 2115 1783; x_wconf 88' lang='lat' dir='ltr'><strong>aliosque</strong></span> <span class='ocrx_word' id='word_1_200' title='bbox 2177 1716 2466 1785; x_wconf 90' lang='lat' dir='ltr'><strong>scriptores</strong></span> <span class='ocrx_word' id='word_1_201' title='bbox 2515 1717 2733 1775; x_wconf 70' lang='lat' dir='ltr'><strong>Graecos</strong></span> <span class='ocrx_word' id='word_1_202' title='bbox 2799 1721 2942 1792; x_wconf 92' lang='lat' dir='ltr'><strong>apud</strong></span> <span class='ocrx_word' id='word_1_203' title='bbox 2991 1723 3249 1780; x_wconf 82' lang='lat' dir='ltr'><strong>Allatium</strong></span> <span class='ocrx_word' id='word_1_204' title='bbox 3300 1726 3438 1799; x_wconf 84' lang='lat'>(20),</span> 
     </span>
    </p>
   </div>
   <div class='ocr_carea' id='block_1_33' title="bbox 178 1793 1772 1878">
    <p class='ocr_par' dir='ltr' id='par_1_33' title="bbox 178 1793 1765 1878">
     <span class='ocr_line' id='line_1_33' title="bbox 178 1793 1765 1878; baseline 0.008 -28"><span class='ocrx_word' id='word_1_205' title='bbox 178 1799 243 1850; x_wconf 76' lang='grc' dir='ltr'>ἐν</span> <span class='ocrx_word' id='word_1_206' title='bbox 337 1798 515 1852; x_wconf 83' lang='grc' dir='ltr'>ταῦτα</span> <span class='ocrx_word' id='word_1_207' title='bbox 558 1801 846 1871; x_wconf 79' lang='grc' dir='ltr'>ἐκήρυττε,</span> <span class='ocrx_word' id='word_1_208' title='bbox 889 1802 1018 1872; x_wconf 85' lang='grc' dir='ltr'>παρ’</span> <span class='ocrx_word' id='word_1_209' title='bbox 1043 1797 1126 1865; x_wconf 79' lang='grc' dir='ltr'>οἷς</span> <span class='ocrx_word' id='word_1_210' title='bbox 1163 1803 1302 1858; x_wconf 78' lang='grc' dir='ltr'>αὐτὰ</span> <span class='ocrx_word' id='word_1_211' title='bbox 1338 1804 1406 1858; x_wconf 84' lang='grc' dir='ltr'>τὰ</span> <span class='ocrx_word' id='word_1_212' title='bbox 1439 1807 1765 1878; x_wconf 83' lang='grc' dir='ltr'><strong>χαράγματα</strong></span> 
     </span>
    </p>
   </div>
   <div class='ocr_carea' id='block_1_34' title="bbox 1866 1793 2590 1878">
    <p class='ocr_par' dir='ltr' id='par_1_34' title="bbox 1868 1804 2590 1874">
     <span class='ocr_line' id='line_1_34' title="bbox 1868 1804 2590 1874; baseline 0.006 -15"><span class='ocrx_word' id='word_1_213' title='bbox 1868 1804 1963 1874; x_wconf 91' lang='lat' dir='ltr'><strong>qui</strong></span> <span class='ocrx_word' id='word_1_214' title='bbox 1999 1805 2245 1860; x_wconf 84' lang='lat' dir='ltr'><strong>eamdem</strong></span> <span class='ocrx_word' id='word_1_215' title='bbox 2279 1807 2590 1863; x_wconf 82' lang='lat' dir='ltr'><strong>laudarunt.</strong></span> 
     </span>
    </p>
   </div>
   <div class='ocr_carea' id='block_1_35' title="bbox 175 1890 1765 1965">
    <p class='ocr_par' dir='ltr' id='par_1_35' title="bbox 175 1890 1765 1965">
     <span class='ocr_line' id='line_1_35' title="bbox 175 1890 1765 1965; baseline 0.008 -23"><span class='ocrx_word' id='word_1_216' title='bbox 175 1890 287 1959; x_wconf 81' lang='grc' dir='ltr'>τῆς</span> <span class='ocrx_word' id='word_1_217' title='bbox 323 1891 603 1963; x_wconf 83' lang='grc' dir='ltr'>μακαρίας</span> <span class='ocrx_word' id='word_1_218' title='bbox 643 1892 855 1962; x_wconf 74' lang='grc' dir='ltr'>ἐκείνης</span> <span class='ocrx_word' id='word_1_219' title='bbox 893 1893 1075 1965; x_wconf 83' lang='grc' dir='ltr'>χειρὸς</span> <span class='ocrx_word' id='word_1_220' title='bbox 1107 1895 1276 1949; x_wconf 75' lang='grc' dir='ltr'><strong>εἰσέτι</strong></span> <span class='ocrx_word' id='word_1_221' title='bbox 1314 1897 1407 1951; x_wconf 80' lang='grc' dir='ltr'><strong>καὶ</strong></span> <span class='ocrx_word' id='word_1_222' title='bbox 1441 1897 1536 1952; x_wconf 79' lang='grc' dir='ltr'>νῦν</span> <span class='ocrx_word' id='word_1_223' title='bbox 1569 1899 1765 1954; x_wconf 86' lang='grc' dir='ltr'>διασώ-</span> 
     </span>
    </p>
   </div>
   <div class='ocr_carea' id='block_1_36' title="bbox 175 1980 1762 2056">
    <p class='ocr_par' dir='ltr' id='par_1_36' title="bbox 175 1980 1762 2056">
     <span class='ocr_line' id='line_1_36' title="bbox 175 1980 1762 2056; baseline 0.008 -22"><span class='ocrx_word' id='word_1_224' title='bbox 175 1980 364 2046; x_wconf 79' lang='grc' dir='ltr'>ζεται.</span> <span class='ocrx_word' id='word_1_225' title='bbox 422 1982 478 2037; x_wconf 91' lang='lat' dir='ltr'><strong>ld</strong></span> <span class='ocrx_word' id='word_1_226' title='bbox 521 1992 654 2038; x_wconf 90' lang='lat' dir='ltr'><strong>est:</strong></span> <span class='ocrx_word' id='word_1_227' title='bbox 707 2003 725 2035; x_wconf 85' lang='grc'><em>‹</em></span> <span class='ocrx_word' id='word_1_228' title='bbox 760 1983 914 2050; x_wconf 87' lang='lat' dir='ltr'><strong>Quod</strong></span> <span class='ocrx_word' id='word_1_229' title='bbox 962 1985 1010 2040; x_wconf 89' lang='lat' dir='ltr'><strong>si</strong></span> <span class='ocrx_word' id='word_1_230' title='bbox 1057 1987 1180 2056; x_wconf 90' lang='lat' dir='ltr'><strong>quis</strong></span> <span class='ocrx_word' id='word_1_231' title='bbox 1229 1988 1296 2043; x_wconf 90' lang='lat' dir='ltr'><strong>de</strong></span> <span class='ocrx_word' id='word_1_232' title='bbox 1346 1989 1446 2045; x_wconf 90' lang='lat' dir='ltr'><strong>hac</strong></span> <span class='ocrx_word' id='word_1_233' title='bbox 1498 2007 1556 2046; x_wconf 91' lang='lat' dir='ltr'><strong>re</strong></span> <span class='ocrx_word' id='word_1_234' title='bbox 1605 1992 1762 2054; x_wconf 86' lang='lat' dir='ltr'><strong>ﬁdem</strong></span> 
     </span>
    </p>
   </div>
   <div class='ocr_carea' id='block_1_37' title="bbox 173 2073 1762 2154">
    <p class='ocr_par' dir='ltr' id='par_1_37' title="bbox 173 2073 1762 2154">
     <span class='ocr_line' id='line_1_37' title="bbox 173 2073 1762 2154; baseline 0.006 -24"><span class='ocrx_word' id='word_1_235' title='bbox 173 2075 288 2130; x_wconf 81' lang='lat' dir='ltr'><strong>sibi</strong></span> <span class='ocrx_word' id='word_1_236' title='bbox 323 2073 445 2128; x_wconf 88' lang='lat' dir='ltr'><strong>ﬁeri</strong></span> <span class='ocrx_word' id='word_1_237' title='bbox 484 2075 654 2146; x_wconf 91' lang='lat' dir='ltr'><strong>cupit,</strong></span> <span class='ocrx_word' id='word_1_238' title='bbox 697 2077 889 2132; x_wconf 87' lang='lat' dir='ltr'><strong>audiat</strong></span> <span class='ocrx_word' id='word_1_239' title='bbox 922 2076 1224 2134; x_wconf 89' lang='lat' dir='ltr'><strong>Ecclesiam</strong></span> <span class='ocrx_word' id='word_1_240' title='bbox 1267 2079 1320 2134; x_wconf 93' lang='lat' dir='ltr'><strong>in</strong></span> <span class='ocrx_word' id='word_1_241' title='bbox 1352 2097 1459 2151; x_wconf 88' lang='lat' dir='ltr'><strong>qua</strong></span> <span class='ocrx_word' id='word_1_242' title='bbox 1489 2083 1592 2138; x_wconf 87' lang='lat' dir='ltr'><strong>ista</strong></span> <span class='ocrx_word' id='word_1_243' title='bbox 1623 2100 1762 2154; x_wconf 76' lang='lat' dir='ltr'><strong>prte-</strong></span> 
     </span>
    </p>
   </div>
   <div class='ocr_carea' id='block_1_38' title="bbox 169 2168 1762 2242">
    <p class='ocr_par' dir='ltr' id='par_1_38' title="bbox 169 2168 1762 2242">
     <span class='ocr_line' id='line_1_38' title="bbox 169 2168 1762 2242; baseline 0.006 -20"><span class='ocrx_word' id='word_1_244' title='bbox 169 2168 444 2236; x_wconf 88' lang='lat' dir='ltr'><strong>dicabat;</strong></span> <span class='ocrx_word' id='word_1_245' title='bbox 515 2169 656 2240; x_wconf 89' lang='lat' dir='ltr'><strong>apud</strong></span> <span class='ocrx_word' id='word_1_246' title='bbox 719 2185 885 2240; x_wconf 89' lang='lat' dir='ltr'><strong>quam</strong></span> <span class='ocrx_word' id='word_1_247' title='bbox 939 2185 999 2225; x_wconf 90' lang='lat' dir='ltr'><strong>ea</strong></span> <span class='ocrx_word' id='word_1_248' title='bbox 1054 2171 1174 2242; x_wconf 90' lang='lat' dir='ltr'><strong>ipsa</strong></span> <span class='ocrx_word' id='word_1_249' title='bbox 1237 2175 1399 2230; x_wconf 84' lang='lat' dir='ltr'><strong>verba</strong></span> <span class='ocrx_word' id='word_1_250' title='bbox 1451 2175 1604 2230; x_wconf 83' lang='lat' dir='ltr'><strong>beata</strong></span> <span class='ocrx_word' id='word_1_251' title='bbox 1672 2177 1762 2232; x_wconf 92' lang='lat' dir='ltr'><strong>illa</strong></span> 
     </span>
    </p>
   </div>
   <div class='ocr_carea' id='block_1_39' title="bbox 176 2265 1756 2328">
    <p class='ocr_par' dir='ltr' id='par_1_39' title="bbox 176 2265 1756 2328">
     <span class='ocr_line' id='line_1_39' title="bbox 176 2265 1756 2328; baseline 0.004 -13"><span class='ocrx_word' id='word_1_252' title='bbox 176 2277 354 2316; x_wconf 88' lang='lat' dir='ltr'><strong>manu</strong></span> <span class='ocrx_word' id='word_1_253' title='bbox 400 2271 661 2328; x_wconf 79' lang='lat' dir='ltr'><strong>exarata,</strong></span> <span class='ocrx_word' id='word_1_254' title='bbox 709 2279 856 2319; x_wconf 87' lang='lat' dir='ltr'><strong>nunc</strong></span> <span class='ocrx_word' id='word_1_255' title='bbox 893 2265 1056 2319; x_wconf 90' lang='lat' dir='ltr'><strong>etiam</strong></span> <span class='ocrx_word' id='word_1_256' title='bbox 1103 2266 1279 2323; x_wconf 88' lang='lat' dir='ltr'><strong>adhuc</strong></span> <span class='ocrx_word' id='word_1_257' title='bbox 1329 2279 1698 2324; x_wconf 89' lang='lat' dir='ltr'><strong>asservantur.</strong></span> <span class='ocrx_word' id='word_1_258' title='bbox 1736 2289 1756 2322; x_wconf 79' lang='grc'><strong><em>›</em></strong></span> 
     </span>
    </p>
   </div>
   <div class='ocr_carea' id='block_1_40' title="bbox 169 2353 1762 2424">
    <p class='ocr_par' dir='ltr' id='par_1_40' title="bbox 169 2353 1762 2424">
     <span class='ocr_line' id='line_1_40' title="bbox 169 2353 1762 2424; baseline 0.007 -18"><span class='ocrx_word' id='word_1_259' title='bbox 169 2353 466 2424; x_wconf 81' lang='lat' dir='ltr'><strong>Additque</strong></span> <span class='ocrx_word' id='word_1_260' title='bbox 497 2353 990 2410; x_wconf 70' lang='lat' dir='ltr'><strong>Ncoczesaricnsem</strong></span> <span class='ocrx_word' id='word_1_261' title='bbox 1029 2355 1328 2413; x_wconf 87' lang='lat' dir='ltr'><strong>Ecclesiam</strong></span> <span class='ocrx_word' id='word_1_262' title='bbox 1377 2361 1442 2414; x_wconf 88' lang='lat' dir='ltr'><strong>ad</strong></span> <span class='ocrx_word' id='word_1_263' title='bbox 1483 2376 1637 2416; x_wconf 90' lang='lat' dir='ltr'><strong>suam</strong></span> <span class='ocrx_word' id='word_1_264' title='bbox 1669 2377 1762 2416; x_wconf 88' lang='lat' dir='ltr'><strong>us-</strong></span> 
     </span>
    </p>
   </div>
   <div class='ocr_carea' id='block_1_41' title="bbox 167 2449 1757 2520">
    <p class='ocr_par' dir='ltr' id='par_1_41' title="bbox 167 2449 1757 2520">
     <span class='ocr_line' id='line_1_41' title="bbox 167 2449 1757 2520; baseline 0.005 -19"><span class='ocrx_word' id='word_1_265' title='bbox 167 2462 284 2517; x_wconf 90' lang='lat' dir='ltr'><strong>que</strong></span> <span class='ocrx_word' id='word_1_266' title='bbox 318 2457 539 2503; x_wconf 72' lang='lat' dir='ltr'><strong>zetatem</strong></span> <span class='ocrx_word' id='word_1_267' title='bbox 578 2449 631 2503; x_wconf 93' lang='lat' dir='ltr'><strong>in</strong></span> <span class='ocrx_word' id='word_1_268' title='bbox 666 2465 728 2504; x_wconf 90' lang='lat' dir='ltr'><strong>ea</strong></span> <span class='ocrx_word' id='word_1_269' title='bbox 762 2450 885 2504; x_wconf 87' lang='lat' dir='ltr'><strong>lidei</strong></span> <span class='ocrx_word' id='word_1_270' title='bbox 927 2449 1278 2507; x_wconf 76' lang='lat' dir='ltr'><strong>confessione</strong></span> <span class='ocrx_word' id='word_1_271' title='bbox 1329 2453 1654 2520; x_wconf 85' lang='lat' dir='ltr'><strong>institutam,</strong></span> <span class='ocrx_word' id='word_1_272' title='bbox 1687 2455 1757 2510; x_wconf 89' lang='lat' dir='ltr'><strong>ab</strong></span> 
     </span>
    </p>
   </div>
   <div class='ocr_carea' id='block_1_42' title="bbox 167 2537 1754 2613">
    <p class='ocr_par' dir='ltr' id='par_1_42' title="bbox 167 2537 1754 2613">
     <span class='ocr_line' id='line_1_42' title="bbox 167 2537 1754 2613; baseline 0.005 -21"><span class='ocrx_word' id='word_1_273' title='bbox 167 2537 334 2592; x_wconf 89' lang='lat' dir='ltr'><strong>omni</strong></span> <span class='ocrx_word' id='word_1_274' title='bbox 403 2538 657 2594; x_wconf 60' lang='lat' dir='ltr'><strong>haretica</strong></span> <span class='ocrx_word' id='word_1_275' title='bbox 721 2541 990 2610; x_wconf 87' lang='lat' dir='ltr'><strong>pravitate</strong></span> <span class='ocrx_word' id='word_1_276' title='bbox 1049 2543 1306 2598; x_wconf 90' lang='lat' dir='ltr'><strong>intactam</strong></span> <span class='ocrx_word' id='word_1_277' title='bbox 1371 2545 1754 2613; x_wconf 85' lang='lat' dir='ltr'><strong>permansisse.</strong></span> 
     </span>
    </p>
   </div>
   <div class='ocr_carea' id='block_1_43' title="bbox 167 2625 1758 2706">
    <p class='ocr_par' dir='ltr' id='par_1_43' title="bbox 167 2625 1758 2706">
     <span class='ocr_line' id='line_1_43' title="bbox 167 2625 1758 2706; baseline 0.004 -24"><span class='ocrx_word' id='word_1_278' title='bbox 167 2625 230 2682; x_wconf 81' lang='grc' dir='ltr'><strong>ιιι</strong></span> <span class='ocrx_word' id='word_1_279' title='bbox 287 2629 478 2699; x_wconf 90' lang='lat' dir='ltr'><strong>ipsum</strong></span> <span class='ocrx_word' id='word_1_280' title='bbox 533 2639 760 2686; x_wconf 87' lang='lat' dir='ltr'><strong>testatur</strong></span> <span class='ocrx_word' id='word_1_281' title='bbox 803 2631 1038 2688; x_wconf 83' lang='lat' dir='ltr'><strong>Basilius</strong></span> <span class='ocrx_word' id='word_1_282' title='bbox 1089 2633 1315 2701; x_wconf 83' lang='lat' dir='ltr'><strong>Magnus</strong></span> <span class='ocrx_word' id='word_1_283' title='bbox 1345 2633 1576 2706; x_wconf 79' lang='lat' dir='ltr'><strong>Nysseui</strong></span> <span class='ocrx_word' id='word_1_284' title='bbox 1635 2651 1758 2706; x_wconf 87' lang='lat' dir='ltr'><strong>ger-</strong></span> 
     </span>
    </p>
   </div>
   <div class='ocr_carea' id='block_1_44' title="bbox 168 2719 1758 2794">
    <p class='ocr_par' dir='ltr' id='par_1_44' title="bbox 168 2719 1758 2794">
     <span class='ocr_line' id='line_1_44' title="bbox 168 2719 1758 2794; baseline 0.004 -21"><span class='ocrx_word' id='word_1_285' title='bbox 168 2734 388 2775; x_wconf 86' lang='lat' dir='ltr'><strong>manus</strong></span> <span class='ocrx_word' id='word_1_286' title='bbox 463 2719 665 2789; x_wconf 77' lang='lat' dir='ltr'><strong>frater,</strong></span> <span class='ocrx_word' id='word_1_287' title='bbox 717 2720 1180 2779; x_wconf 62' lang='lat' dir='ltr'><strong>Neocaesarienses</strong></span> <span class='ocrx_word' id='word_1_288' title='bbox 1235 2724 1547 2791; x_wconf 89' lang='lat' dir='ltr'><strong>allocutus;</strong></span> <span class='ocrx_word' id='word_1_289' title='bbox 1599 2725 1758 2794; x_wconf 90' lang='lat' dir='ltr'><strong>cujus</strong></span> 
     </span>
    </p>
   </div>
   <div class='ocr_carea' id='block_1_45' title="bbox 165 2813 1758 2887">
    <p class='ocr_par' dir='ltr' id='par_1_45' title="bbox 165 2813 1758 2887">
     <span class='ocr_line' id='line_1_45' title="bbox 165 2813 1758 2887; baseline 0.004 -22"><span class='ocrx_word' id='word_1_290' title='bbox 165 2813 351 2868; x_wconf 76' lang='lat' dir='ltr'><strong>verba</strong></span> <span class='ocrx_word' id='word_1_291' title='bbox 391 2822 632 2868; x_wconf 80' lang='lat' dir='ltr'><strong>veterum</strong></span> <span class='ocrx_word' id='word_1_292' title='bbox 677 2815 1004 2871; x_wconf 89' lang='lat' dir='ltr'><strong>testimoniis</strong></span> <span class='ocrx_word' id='word_1_293' title='bbox 1050 2815 1117 2870; x_wconf 91' lang='lat' dir='ltr'><strong>de</strong></span> <span class='ocrx_word' id='word_1_294' title='bbox 1157 2814 1565 2887; x_wconf 87' lang='lat' dir='ltr'><strong>Thaumaturgo</strong></span> <span class='ocrx_word' id='word_1_295' title='bbox 1621 2817 1758 2872; x_wconf 81' lang='lat' dir='ltr'><strong>inle—</strong></span> 
     </span>
    </p>
   </div>
   <div class='ocr_carea' id='block_1_46' title="bbox 167 2905 1758 2976">
    <p class='ocr_par' dir='ltr' id='par_1_46' title="bbox 167 2905 1758 2976">
     <span class='ocr_line' id='line_1_46' title="bbox 167 2905 1758 2976; baseline 0.003 -17"><span class='ocrx_word' id='word_1_296' title='bbox 167 2907 298 2960; x_wconf 85' lang='lat' dir='ltr'><strong>rius</strong></span> <span class='ocrx_word' id='word_1_297' title='bbox 331 2905 522 2960; x_wconf 88' lang='lat' dir='ltr'><strong>relatis</strong></span> <span class='ocrx_word' id='word_1_298' title='bbox 567 2905 830 2971; x_wconf 85' lang='lat' dir='ltr'><strong>addenda,</strong></span> <span class='ocrx_word' id='word_1_299' title='bbox 867 2907 1136 2976; x_wconf 90' lang='lat' dir='ltr'><strong>ejusmodi</strong></span> <span class='ocrx_word' id='word_1_300' title='bbox 1170 2917 1299 2964; x_wconf 90' lang='lat' dir='ltr'><strong>sunt</strong></span> <span class='ocrx_word' id='word_1_301' title='bbox 1330 2908 1441 2976; x_wconf 75' lang='grc'>(15)</span> <span class='ocrx_word' id='word_1_302' title='bbox 1471 2926 1484 2961; x_wconf 91' lang='lat'><strong>:</strong></span> <span class='ocrx_word' id='word_1_303' title='bbox 1516 2908 1758 2973; x_wconf 84' lang='grc' dir='ltr'><strong>Πίστεως</strong></span> 
     </span>
    </p>
   </div>
   <div class='ocr_carea' id='block_1_47' title="bbox 157 2997 1755 3073">
    <p class='ocr_par' dir='ltr' id='par_1_47' title="bbox 157 2997 1755 3073">
     <span class='ocr_line' id='line_1_47' title="bbox 157 2997 1755 3073; baseline 0.003 -21"><span class='ocrx_word' id='word_1_304' title='bbox 157 2998 226 3052; x_wconf 71' lang='grc' dir='ltr'><strong>δὲ</strong></span> <span class='ocrx_word' id='word_1_305' title='bbox 282 2998 389 3068; x_wconf 81' lang='grc' dir='ltr'>τῆς</span> <span class='ocrx_word' id='word_1_306' title='bbox 431 2998 728 3070; x_wconf 79' lang='grc' dir='ltr'>ἡμετέρας,</span> <span class='ocrx_word' id='word_1_307' title='bbox 760 2997 844 3062; x_wconf 89' lang='grc' dir='ltr'><strong>τίς</strong></span> <span class='ocrx_word' id='word_1_308' title='bbox 893 2998 959 3052; x_wconf 87' lang='grc' dir='ltr'>ἂν</span> <span class='ocrx_word' id='word_1_309' title='bbox 1009 3000 1104 3052; x_wconf 75' lang='grc' dir='ltr'><strong>καὶ</strong></span> <span class='ocrx_word' id='word_1_310' title='bbox 1131 3001 1341 3067; x_wconf 84' lang='grc' dir='ltr'>γένοιτο</span> <span class='ocrx_word' id='word_1_311' title='bbox 1391 3001 1755 3073; x_wconf 80' lang='grc' dir='ltr'>ὲναργεστέρα</span> 
     </span>
    </p>
   </div>
   <div class='ocr_carea' id='block_1_48' title="bbox 161 3091 1819 3197">
    <p class='ocr_par' dir='ltr' id='par_1_48' title="bbox 161 3091 1819 3197">
     <span class='ocr_line' id='line_1_48' title="bbox 161 3091 1819 3197; baseline -0.001 -52"><span class='ocrx_word' id='word_1_312' title='bbox 161 3091 479 3157; x_wconf 80' lang='grc' dir='ltr'>ἀπόδειξις,</span> <span class='ocrx_word' id='word_1_313' title='bbox 515 3091 546 3161; x_wconf 78' lang='grc' dir='ltr'>ἢ</span> <span class='ocrx_word' id='word_1_314' title='bbox 579 3093 659 3145; x_wconf 79' lang='grc' dir='ltr'><strong>ὅτι</strong></span> <span class='ocrx_word' id='word_1_315' title='bbox 689 3093 982 3162; x_wconf 71' lang='grc' dir='ltr'>τραφέντες</span> <span class='ocrx_word' id='word_1_316' title='bbox 1008 3095 1172 3164; x_wconf 77' lang='grc' dir='ltr'>ἡμεῖς</span> <span class='ocrx_word' id='word_1_317' title='bbox 1207 3093 1309 3146; x_wconf 83' lang='grc' dir='ltr'>ὑπὸ</span> <span class='ocrx_word' id='word_1_318' title='bbox 1332 3093 1487 3166; x_wconf 79' lang='grc' dir='ltr'>τίτθῃ</span> <span class='ocrx_word' id='word_1_319' title='bbox 1513 3093 1753 3197; x_wconf 72' lang='grc' dir='ltr'>μακαρίᾳ</span> <span class='ocrx_word' id='word_1_320' title='bbox 1779 3141 1819 3197; x_wconf 79' lang='lat' dir='ltr'>C</span> 
     </span>
    </p>
   </div>
   <div class='ocr_carea' id='block_1_49' title="bbox 159 3184 1749 3259">
    <p class='ocr_par' dir='ltr' id='par_1_49' title="bbox 159 3184 1749 3259">
     <span class='ocr_line' id='line_1_49' title="bbox 159 3184 1749 3259; baseline 0 -19"><span class='ocrx_word' id='word_1_321' title='bbox 159 3186 420 3256; x_wconf 74' lang='grc' dir='ltr'><strong>γυναικὶ,</strong></span> <span class='ocrx_word' id='word_1_322' title='bbox 453 3185 582 3257; x_wconf 79' lang='grc' dir='ltr'>παρ’</span> <span class='ocrx_word' id='word_1_323' title='bbox 617 3184 768 3256; x_wconf 82' lang='grc' dir='ltr'>ὑμῶν</span> <span class='ocrx_word' id='word_1_324' title='bbox 793 3185 1134 3257; x_wconf 80' lang='grc' dir='ltr'>ὼρμημὲνῃ;</span> <span class='ocrx_word' id='word_1_325' title='bbox 1167 3185 1453 3259; x_wconf 80' lang='grc' dir='ltr'>Μακρίναν</span> <span class='ocrx_word' id='word_1_326' title='bbox 1484 3187 1624 3256; x_wconf 84' lang='grc' dir='ltr'><strong>λέγω</strong></span> <span class='ocrx_word' id='word_1_327' title='bbox 1653 3187 1749 3258; x_wconf 84' lang='grc' dir='ltr'>τὴν</span> 
     </span>
    </p>
   </div>
   <div class='ocr_carea' id='block_1_50' title="bbox 159 3269 1749 3350">
    <p class='ocr_par' dir='ltr' id='par_1_50' title="bbox 159 3269 1749 3350">
     <span class='ocr_line' id='line_1_50' title="bbox 159 3269 1749 3350; baseline 0.001 -20"><span class='ocrx_word' id='word_1_328' title='bbox 159 3275 523 3350; x_wconf 72' lang='grc' dir='ltr'>περιϐόητον,</span> <span class='ocrx_word' id='word_1_329' title='bbox 567 3275 694 3348; x_wconf 77' lang='grc' dir='ltr'>παρ’</span> <span class='ocrx_word' id='word_1_330' title='bbox 727 3269 794 3346; x_wconf 74' lang='grc' dir='ltr'>ἧς</span> <span class='ocrx_word' id='word_1_331' title='bbox 836 3275 1187 3348; x_wconf 76' lang='grc' dir='ltr'><strong>ἐδιδάχθημεν</strong></span> <span class='ocrx_word' id='word_1_332' title='bbox 1225 3277 1293 3331; x_wconf 81' lang='grc' dir='ltr'><strong>τὰ</strong></span> <span class='ocrx_word' id='word_1_333' title='bbox 1331 3274 1424 3331; x_wconf 79' lang='grc' dir='ltr'><strong>τοῦ</strong></span> <span class='ocrx_word' id='word_1_334' title='bbox 1468 3295 1749 3349; x_wconf 76' lang='grc' dir='ltr'>μακαριω-</span> 
     </span>
    </p>
   </div>
   <div class='ocr_carea' id='block_1_51' title="bbox 154 3367 1752 3446">
    <p class='ocr_par' dir='ltr' id='par_1_51' title="bbox 154 3367 1752 3446">
     <span class='ocr_line' id='line_1_51' title="bbox 154 3367 1752 3446; baseline 0.002 -25"><span class='ocrx_word' id='word_1_335' title='bbox 154 3369 337 3423; x_wconf 75' lang='grc' dir='ltr'>τάτου</span> <span class='ocrx_word' id='word_1_336' title='bbox 366 3367 665 3440; x_wconf 81' lang='grc' dir='ltr'>Γρηγορίου</span> <span class='ocrx_word' id='word_1_337' title='bbox 700 3369 939 3438; x_wconf 78' lang='grc' dir='ltr'>ῥήματα,</span> <span class='ocrx_word' id='word_1_338' title='bbox 968 3370 1068 3422; x_wconf 82' lang='grc' dir='ltr'><strong>ὅσα</strong></span> <span class='ocrx_word' id='word_1_339' title='bbox 1100 3370 1236 3441; x_wconf 84' lang='grc' dir='ltr'>πρὸς</span> <span class='ocrx_word' id='word_1_340' title='bbox 1267 3369 1436 3441; x_wconf 80' lang='grc' dir='ltr'>αὐτὴν</span> <span class='ocrx_word' id='word_1_341' title='bbox 1462 3371 1752 3446; x_wconf 74' lang='grc' dir='ltr'><strong>ἀκολουθίᾳ</strong></span> 
     </span>
    </p>
   </div>
   <div class='ocr_carea' id='block_1_52' title="bbox 160 3457 1752 3533">
    <p class='ocr_par' dir='ltr' id='par_1_52' title="bbox 160 3457 1752 3533">
     <span class='ocr_line' id='line_1_52' title="bbox 160 3457 1752 3533; baseline 0.005 -25"><span class='ocrx_word' id='word_1_342' title='bbox 160 3459 401 3531; x_wconf 78' lang='grc' dir='ltr'>μνήμης</span> <span class='ocrx_word' id='word_1_343' title='bbox 451 3457 778 3512; x_wconf 79' lang='grc' dir='ltr'><strong>διασωθέντα</strong></span> <span class='ocrx_word' id='word_1_344' title='bbox 828 3461 962 3530; x_wconf 80' lang='grc' dir='ltr'>αὐτή</span> <span class='ocrx_word' id='word_1_345' title='bbox 1022 3476 1079 3514; x_wconf 86' lang='grc' dir='ltr'><strong>τε</strong></span> <span class='ocrx_word' id='word_1_346' title='bbox 1126 3460 1430 3528; x_wconf 74' lang='grc' dir='ltr'><strong>ἐφύλασσε,</strong></span> <span class='ocrx_word' id='word_1_347' title='bbox 1483 3461 1578 3515; x_wconf 78' lang='grc' dir='ltr'><strong>καὶ</strong></span> <span class='ocrx_word' id='word_1_348' title='bbox 1606 3463 1752 3533; x_wconf 79' lang='grc' dir='ltr'>ἡμᾶς</span> 
     </span>
    </p>
   </div>
   <div class='ocr_carea' id='block_1_53' title="bbox 151 3547 1750 3625">
    <p class='ocr_par' dir='ltr' id='par_1_53' title="bbox 151 3547 1750 3625">
     <span class='ocr_line' id='line_1_53' title="bbox 151 3547 1750 3625; baseline 0.003 -23"><span class='ocrx_word' id='word_1_349' title='bbox 151 3551 245 3603; x_wconf 70' lang='grc' dir='ltr'>ἔτι</span> <span class='ocrx_word' id='word_1_350' title='bbox 304 3548 532 3619; x_wconf 80' lang='grc' dir='ltr'><strong>νηπίους</strong></span> <span class='ocrx_word' id='word_1_351' title='bbox 585 3549 741 3613; x_wconf 74' lang='grc' dir='ltr'>ὄντας</span> <span class='ocrx_word' id='word_1_352' title='bbox 787 3547 1017 3604; x_wconf 77' lang='grc' dir='ltr'><strong>ἔπλαττε</strong></span> <span class='ocrx_word' id='word_1_353' title='bbox 1067 3551 1159 3604; x_wconf 83' lang='grc' dir='ltr'><strong>καὶ</strong></span> <span class='ocrx_word' id='word_1_354' title='bbox 1212 3552 1453 3624; x_wconf 77' lang='grc' dir='ltr'>ἑμὸρφου</span> <span class='ocrx_word' id='word_1_355' title='bbox 1501 3555 1614 3616; x_wconf 83' lang='grc' dir='ltr'>τοῖς</span> <span class='ocrx_word' id='word_1_356' title='bbox 1651 3555 1750 3625; x_wconf 81' lang='grc' dir='ltr'>τῆς</span> 
     </span>
    </p>
   </div>
   <div class='ocr_carea' id='block_1_54' title="bbox 155 3640 1747 3710">
    <p class='ocr_par' dir='ltr' id='par_1_54' title="bbox 155 3640 1747 3710">
     <span class='ocr_line' id='line_1_54' title="bbox 155 3640 1747 3710; baseline 0.006 -17"><span class='ocrx_word' id='word_1_357' title='bbox 155 3641 458 3704; x_wconf 70' lang='grc' dir='ltr'>εὐσεϐείας</span> <span class='ocrx_word' id='word_1_358' title='bbox 489 3640 770 3710; x_wconf 75' lang='grc' dir='ltr'><strong>δόγμασιν.</strong></span> <span class='ocrx_word' id='word_1_359' title='bbox 807 3640 918 3696; x_wconf 85' lang='lat' dir='ltr'><strong>Hoc</strong></span> <span class='ocrx_word' id='word_1_360' title='bbox 951 3650 1073 3698; x_wconf 84' lang='lat' dir='ltr'><strong>est:</strong></span> <span class='ocrx_word' id='word_1_361' title='bbox 1108 3662 1125 3694; x_wconf 74' lang='grc' dir='ltr'>ι</span> <span class='ocrx_word' id='word_1_362' title='bbox 1158 3642 1365 3700; x_wconf 64' lang='lat' dir='ltr'><strong>Nostrae</strong></span> <span class='ocrx_word' id='word_1_363' title='bbox 1399 3653 1581 3700; x_wconf 87' lang='lat' dir='ltr'><strong>autem</strong></span> <span class='ocrx_word' id='word_1_364' title='bbox 1626 3647 1747 3702; x_wconf 83' lang='lat' dir='ltr'><strong>ﬁdei</strong></span> 
     </span>
    </p>
   </div>
   <div class='ocr_carea' id='block_1_55' title="bbox 155 3733 1747 3809">
    <p class='ocr_par' dir='ltr' id='par_1_55' title="bbox 155 3733 1747 3809">
     <span class='ocr_line' id='line_1_55' title="bbox 155 3733 1747 3809; baseline 0.004 -23"><span class='ocrx_word' id='word_1_365' title='bbox 155 3748 294 3802; x_wconf 73' lang='lat' dir='ltr'><strong>qua:</strong></span> <span class='ocrx_word' id='word_1_366' title='bbox 341 3733 517 3801; x_wconf 88' lang='lat' dir='ltr'><strong>possit</strong></span> <span class='ocrx_word' id='word_1_367' title='bbox 567 3733 869 3787; x_wconf 75' lang='lat' dir='ltr'><strong>evidentior</strong></span> <span class='ocrx_word' id='word_1_368' title='bbox 919 3748 1044 3788; x_wconf 87' lang='lat' dir='ltr'><strong>esse</strong></span> <span class='ocrx_word' id='word_1_369' title='bbox 1086 3736 1354 3804; x_wconf 80' lang='lat' dir='ltr'><strong>probatio,</strong></span> <span class='ocrx_word' id='word_1_370' title='bbox 1406 3753 1570 3808; x_wconf 91' lang='lat' dir='ltr'><strong>quam</strong></span> <span class='ocrx_word' id='word_1_371' title='bbox 1601 3739 1747 3809; x_wconf 91' lang='lat' dir='ltr'><strong>quod</strong></span> 
     </span>
    </p>
   </div>
   <div class='ocr_carea' id='block_1_56' title="bbox 152 3825 1747 3894">
    <p class='ocr_par' dir='ltr' id='par_1_56' title="bbox 152 3825 1747 3894">
     <span class='ocr_line' id='line_1_56' title="bbox 152 3825 1747 3894; baseline 0.004 -13"><span class='ocrx_word' id='word_1_372' title='bbox 152 3825 393 3881; x_wconf 86' lang='lat' dir='ltr'><strong>educati</strong></span> <span class='ocrx_word' id='word_1_373' title='bbox 455 3840 646 3880; x_wconf 90' lang='lat' dir='ltr'><strong>sumus</strong></span> <span class='ocrx_word' id='word_1_374' title='bbox 689 3826 791 3881; x_wconf 90' lang='lat' dir='ltr'><strong>sub</strong></span> <span class='ocrx_word' id='word_1_375' title='bbox 843 3827 962 3882; x_wconf 80' lang='lat' dir='ltr'><strong>avia</strong></span> <span class='ocrx_word' id='word_1_376' title='bbox 1001 3828 1156 3883; x_wconf 85' lang='lat' dir='ltr'><strong>beata</strong></span> <span class='ocrx_word' id='word_1_377' title='bbox 1207 3829 1451 3894; x_wconf 85' lang='lat' dir='ltr'><strong>muliere,</strong></span> <span class='ocrx_word' id='word_1_378' title='bbox 1484 3846 1551 3885; x_wconf 80' lang='lat' dir='ltr'><strong>ex</strong></span> <span class='ocrx_word' id='word_1_379' title='bbox 1593 3833 1747 3888; x_wconf 89' lang='lat' dir='ltr'><strong>vobis</strong></span> 
     </span>
    </p>
   </div>
   <div class='ocr_carea' id='block_1_57' title="bbox 154 3919 1743 3996">
    <p class='ocr_par' dir='ltr' id='par_1_57' title="bbox 154 3919 1743 3996">
     <span class='ocr_line' id='line_1_57' title="bbox 154 3919 1743 3996; baseline 0.005 -21"><span class='ocrx_word' id='word_1_380' title='bbox 154 3923 337 3976; x_wconf 81' lang='lat' dir='ltr'><strong>orta?</strong></span> <span class='ocrx_word' id='word_1_381' title='bbox 396 3919 690 3976; x_wconf 81' lang='lat' dir='ltr'><strong>Macrinam</strong></span> <span class='ocrx_word' id='word_1_382' title='bbox 731 3921 854 3977; x_wconf 91' lang='lat' dir='ltr'><strong>dico</strong></span> <span class='ocrx_word' id='word_1_383' title='bbox 905 3923 1310 3978; x_wconf 89' lang='lat' dir='ltr'><strong>celeberrimam</strong></span> <span class='ocrx_word' id='word_1_384' title='bbox 1359 3924 1530 3990; x_wconf 89' lang='lat' dir='ltr'><strong>illam,</strong></span> <span class='ocrx_word' id='word_1_385' title='bbox 1577 3941 1606 3980; x_wconf 90' lang='lat' dir='ltr'><strong>a</strong></span> <span class='ocrx_word' id='word_1_386' title='bbox 1635 3943 1743 3996; x_wconf 87' lang='lat' dir='ltr'><strong>qua</strong></span> 
     </span>
    </p>
   </div>
   <div class='ocr_carea' id='block_1_58' title="bbox 152 4011 1746 4085">
    <p class='ocr_par' dir='ltr' id='par_1_58' title="bbox 152 4011 1746 4085">
     <span class='ocr_line' id='line_1_58' title="bbox 152 4011 1746 4085; baseline 0.003 -19"><span class='ocrx_word' id='word_1_387' title='bbox 152 4011 349 4066; x_wconf 88' lang='lat' dir='ltr'><strong>edocti</strong></span> <span class='ocrx_word' id='word_1_388' title='bbox 398 4026 590 4067; x_wconf 90' lang='lat' dir='ltr'><strong>sumus</strong></span> <span class='ocrx_word' id='word_1_389' title='bbox 635 4011 934 4067; x_wconf 84' lang='lat' dir='ltr'><strong>beatissimi</strong></span> <span class='ocrx_word' id='word_1_390' title='bbox 967 4011 1211 4084; x_wconf 84' lang='lat' dir='ltr'><strong>Gregorii</strong></span> <span class='ocrx_word' id='word_1_391' title='bbox 1258 4013 1454 4080; x_wconf 87' lang='lat' dir='ltr'><strong>verba;</strong></span> <span class='ocrx_word' id='word_1_392' title='bbox 1491 4032 1746 4085; x_wconf 73' lang='lat' dir='ltr'><strong>quazcun-</strong></span> 
     </span>
    </p>
   </div>
   <div class='ocr_carea' id='block_1_59' title="bbox 149 4105 1742 4178">
    <p class='ocr_par' dir='ltr' id='par_1_59' title="bbox 149 4105 1742 4178">
     <span class='ocr_line' id='line_1_59' title="bbox 149 4105 1742 4178; baseline 0.004 -20"><span class='ocrx_word' id='word_1_393' title='bbox 149 4119 275 4174; x_wconf 85' lang='lat' dir='ltr'><strong>que</strong></span> <span class='ocrx_word' id='word_1_394' title='bbox 294 4105 550 4172; x_wconf 88' lang='lat' dir='ltr'><strong>usquead</strong></span> <span class='ocrx_word' id='word_1_395' title='bbox 569 4105 739 4173; x_wconf 88' lang='lat' dir='ltr'><strong>ipsam</strong></span> <span class='ocrx_word' id='word_1_396' title='bbox 762 4106 1038 4160; x_wconf 79' lang='lat' dir='ltr'><strong>memoriae</strong></span> <span class='ocrx_word' id='word_1_397' title='bbox 1071 4107 1479 4162; x_wconf 90' lang='lat' dir='ltr'><strong>continuatione</strong></span> <span class='ocrx_word' id='word_1_398' title='bbox 1516 4110 1742 4178; x_wconf 88' lang='lat' dir='ltr'><strong>perlata,</strong></span> 
     </span>
    </p>
   </div>
   <div class='ocr_carea' id='block_1_60' title="bbox 152 4196 1744 4266">
    <p class='ocr_par' dir='ltr' id='par_1_60' title="bbox 152 4196 1744 4266">
     <span class='ocr_line' id='line_1_60' title="bbox 152 4196 1744 4266; baseline 0.004 -15"><span class='ocrx_word' id='word_1_399' title='bbox 152 4213 297 4251; x_wconf 88' lang='lat' dir='ltr'><strong>cum</strong></span> <span class='ocrx_word' id='word_1_400' title='bbox 363 4196 482 4266; x_wconf 89' lang='lat' dir='ltr'><strong>ipsa</strong></span> <span class='ocrx_word' id='word_1_401' title='bbox 533 4198 912 4261; x_wconf 82' lang='lat' dir='ltr'><strong>conservabat,</strong></span> <span class='ocrx_word' id='word_1_402' title='bbox 963 4208 1075 4253; x_wconf 91' lang='lat' dir='ltr'><strong>tum</strong></span> <span class='ocrx_word' id='word_1_403' title='bbox 1136 4213 1238 4254; x_wconf 89' lang='lat' dir='ltr'><strong>nos</strong></span> <span class='ocrx_word' id='word_1_404' title='bbox 1283 4200 1464 4254; x_wconf 89' lang='lat' dir='ltr'><strong>adhuc</strong></span> <span class='ocrx_word' id='word_1_405' title='bbox 1512 4201 1744 4258; x_wconf 80' lang='lat' dir='ltr'><strong>infantes</strong></span> 
     </span>
    </p>
   </div>
   <div class='ocr_carea' id='block_1_61' title="bbox 151 4289 1744 4361">
    <p class='ocr_par' dir='ltr' id='par_1_61' title="bbox 151 4289 1744 4361">
     <span class='ocr_line' id='line_1_61' title="bbox 151 4289 1744 4361; baseline 0.006 -19"><span class='ocrx_word' id='word_1_406' title='bbox 151 4289 392 4359; x_wconf 85' lang='lat' dir='ltr'><strong>pietatis</strong></span> <span class='ocrx_word' id='word_1_407' title='bbox 445 4289 792 4359; x_wconf 78' lang='lat' dir='ltr'><strong>dogmatibus</strong></span> <span class='ocrx_word' id='word_1_408' title='bbox 848 4293 1081 4361; x_wconf 79' lang='lat' dir='ltr'><strong>tingebat</strong></span> <span class='ocrx_word' id='word_1_409' title='bbox 1128 4301 1181 4346; x_wconf 89' lang='lat' dir='ltr'><strong>et</strong></span> <span class='ocrx_word' id='word_1_410' title='bbox 1228 4292 1576 4349; x_wconf 84' lang='lat' dir='ltr'><strong>inl’ormabat.</strong></span> <span class='ocrx_word' id='word_1_411' title='bbox 1606 4313 1624 4346; x_wconf 74' lang='grc' dir='ltr'><strong><em>ι</em></strong></span> <span class='ocrx_word' id='word_1_412' title='bbox 1679 4295 1744 4351; x_wconf 83' lang='grc' dir='ltr'><strong>Ει</strong></span> 
     </span>
    </p>
   </div>
   <div class='ocr_carea' id='block_1_62' title="bbox 149 4379 1743 4456">
    <p class='ocr_par' dir='ltr' id='par_1_62' title="bbox 149 4379 1743 4456">
     <span class='ocr_line' id='line_1_62' title="bbox 149 4379 1743 4456; baseline 0.003 -22"><span class='ocrx_word' id='word_1_413' title='bbox 149 4381 296 4434; x_wconf 84' lang='lat' dir='ltr'><strong>alibi</strong></span> <span class='ocrx_word' id='word_1_414' title='bbox 346 4379 462 4450; x_wconf 82' lang='grc'>(16)</span> <span class='ocrx_word' id='word_1_415' title='bbox 497 4396 512 4432; x_wconf 88' lang='lat'><strong>:</strong></span> <span class='ocrx_word' id='word_1_416' title='bbox 551 4382 646 4434; x_wconf 78' lang='grc' dir='ltr'><strong>Ἐν</strong></span> <span class='ocrx_word' id='word_1_417' title='bbox 691 4381 864 4434; x_wconf 82' lang='grc' dir='ltr'>τοίνυν</span> <span class='ocrx_word' id='word_1_418' title='bbox 910 4382 1016 4434; x_wconf 79' lang='grc' dir='ltr'>τῶν</span> <span class='ocrx_word' id='word_1_419' title='bbox 1056 4381 1388 4456; x_wconf 85' lang='grc' dir='ltr'>Γρηγορίου,</span> <span class='ocrx_word' id='word_1_420' title='bbox 1428 4383 1522 4437; x_wconf 73' lang='grc' dir='ltr'><strong>καὶ</strong></span> <span class='ocrx_word' id='word_1_421' title='bbox 1577 4386 1606 4438; x_wconf 86' lang='grc' dir='ltr'>ὁ</span> <span class='ocrx_word' id='word_1_422' title='bbox 1649 4386 1743 4439; x_wconf 82' lang='grc' dir='ltr'>νῦν</span> 
     </span>
    </p>
   </div>
   <div class='ocr_carea' id='block_1_63' title="bbox 1938 1893 3441 1978">
    <p class='ocr_par' dir='ltr' id='par_1_63' title="bbox 1938 1893 3441 1978">
     <span class='ocr_line' id='line_1_63' title="bbox 1938 1893 3441 1978; baseline 0.013 -32"><span class='ocrx_word' id='word_1_423' title='bbox 1938 1893 2072 1960; x_wconf 68' lang='lat' dir='ltr'><strong>Qute</strong></span> <span class='ocrx_word' id='word_1_424' title='bbox 2103 1909 2228 1949; x_wconf 91' lang='lat' dir='ltr'><strong>cum</strong></span> <span class='ocrx_word' id='word_1_425' title='bbox 2273 1895 2344 1949; x_wconf 88' lang='lat' dir='ltr'><strong>ita</strong></span> <span class='ocrx_word' id='word_1_426' title='bbox 2377 1897 2504 1963; x_wconf 88' lang='lat' dir='ltr'><strong>sint,</strong></span> <span class='ocrx_word' id='word_1_427' title='bbox 2541 1899 2655 1968; x_wconf 89' lang='lat' dir='ltr'><strong>jam</strong></span> <span class='ocrx_word' id='word_1_428' title='bbox 2707 1902 2890 1959; x_wconf 89' lang='lat' dir='ltr'><strong>nullus</strong></span> <span class='ocrx_word' id='word_1_429' title='bbox 2921 1905 2988 1960; x_wconf 90' lang='lat' dir='ltr'><strong>de</strong></span> <span class='ocrx_word' id='word_1_430' title='bbox 3022 1905 3185 1976; x_wconf 89' lang='lat' dir='ltr'><strong>hujus</strong></span> <span class='ocrx_word' id='word_1_431' title='bbox 3210 1907 3441 1978; x_wconf 71' lang='lat' dir='ltr'><strong>Exposi-</strong></span> 
     </span>
    </p>
   </div>
   <div class='ocr_carea' id='block_1_64' title="bbox 1869 1987 3436 2065">
    <p class='ocr_par' dir='ltr' id='par_1_64' title="bbox 1869 1987 3436 2065">
     <span class='ocr_line' id='line_1_64' title="bbox 1869 1987 3436 2065; baseline 0.01 -26"><span class='ocrx_word' id='word_1_432' title='bbox 1869 1987 2029 2040; x_wconf 83' lang='lat' dir='ltr'><strong>tionis</strong></span> <span class='ocrx_word' id='word_1_433' title='bbox 2075 1987 2331 2060; x_wconf 79' lang='grc' dir='ltr'>αὐθεντίᾳ</span> <span class='ocrx_word' id='word_1_434' title='bbox 2374 1990 2652 2047; x_wconf 88' lang='lat' dir='ltr'><strong>dubitandi</strong></span> <span class='ocrx_word' id='word_1_435' title='bbox 2702 1992 2854 2048; x_wconf 84' lang='lat' dir='ltr'><strong>locus</strong></span> <span class='ocrx_word' id='word_1_436' title='bbox 2897 1995 3241 2065; x_wconf 85' lang='lat' dir='ltr'><strong>relinquitur.</strong></span> <span class='ocrx_word' id='word_1_437' title='bbox 3279 1998 3436 2065; x_wconf 84' lang='lat' dir='ltr'><strong>Quod</strong></span> 
     </span>
    </p>
   </div>
   <div class='ocr_carea' id='block_1_65' title="bbox 1865 2077 3433 2158">
    <p class='ocr_par' dir='ltr' id='par_1_65' title="bbox 1865 2077 3433 2158">
     <span class='ocr_line' id='line_1_65' title="bbox 1865 2077 3433 2158; baseline 0.008 -26"><span class='ocrx_word' id='word_1_438' title='bbox 1865 2077 1912 2132; x_wconf 86' lang='lat' dir='ltr'><strong>si</strong></span> <span class='ocrx_word' id='word_1_439' title='bbox 1956 2078 2083 2148; x_wconf 85' lang='lat' dir='ltr'><strong>quis</strong></span> <span class='ocrx_word' id='word_1_440' title='bbox 2119 2077 2340 2135; x_wconf 84' lang='lat' dir='ltr'><strong>Eusebii</strong></span> <span class='ocrx_word' id='word_1_441' title='bbox 2387 2083 2662 2138; x_wconf 90' lang='lat' dir='ltr'><strong>silentium</strong></span> <span class='ocrx_word' id='word_1_442' title='bbox 2723 2099 2788 2139; x_wconf 90' lang='lat' dir='ltr'><strong>ac</strong></span> <span class='ocrx_word' id='word_1_443' title='bbox 2824 2083 3140 2157; x_wconf 85' lang='lat' dir='ltr'><strong>Hieronymi</strong></span> <span class='ocrx_word' id='word_1_444' title='bbox 3189 2089 3433 2158; x_wconf 90' lang='lat' dir='ltr'><strong>objiciat,</strong></span> 
     </span>
    </p>
   </div>
   <div class='ocr_carea' id='block_1_66' title="bbox 1864 2169 3434 2252">
    <p class='ocr_par' dir='ltr' id='par_1_66' title="bbox 1864 2169 3434 2252">
     <span class='ocr_line' id='line_1_66' title="bbox 1864 2169 3434 2252; baseline 0.009 -29"><span class='ocrx_word' id='word_1_445' title='bbox 1864 2169 2009 2224; x_wconf 90' lang='lat' dir='ltr'><strong>haud</strong></span> <span class='ocrx_word' id='word_1_446' title='bbox 2049 2173 2297 2241; x_wconf 88' lang='lat' dir='ltr'><strong>equidem</strong></span> <span class='ocrx_word' id='word_1_447' title='bbox 2331 2172 2597 2229; x_wconf 82' lang='lat' dir='ltr'><strong>aﬁirmare</strong></span> <span class='ocrx_word' id='word_1_448' title='bbox 2640 2176 2815 2231; x_wconf 87' lang='lat' dir='ltr'><strong>ausim</strong></span> <span class='ocrx_word' id='word_1_449' title='bbox 2851 2178 2918 2232; x_wconf 90' lang='lat' dir='ltr'><strong>de</strong></span> <span class='ocrx_word' id='word_1_450' title='bbox 2949 2177 3270 2237; x_wconf 72' lang='lat' dir='ltr'><strong>Ctesaricnsi</strong></span> <span class='ocrx_word' id='word_1_451' title='bbox 3315 2184 3434 2252; x_wconf 86' lang='lat' dir='ltr'><strong>cpi--</strong></span> 
     </span>
    </p>
   </div>
   <div class='ocr_carea' id='block_1_67' title="bbox 1863 2261 3431 2340">
    <p class='ocr_par' dir='ltr' id='par_1_67' title="bbox 1863 2261 3431 2340">
     <span class='ocr_line' id='line_1_67' title="bbox 1863 2261 3431 2340; baseline 0.009 -27"><span class='ocrx_word' id='word_1_452' title='bbox 1863 2274 2052 2328; x_wconf 90' lang='lat' dir='ltr'><strong>scopo,</strong></span> <span class='ocrx_word' id='word_1_453' title='bbox 2105 2261 2282 2331; x_wconf 90' lang='lat' dir='ltr'><strong>ipsum</strong></span> <span class='ocrx_word' id='word_1_454' title='bbox 2334 2275 2613 2334; x_wconf 86' lang='lat' dir='ltr'><strong>propterea</strong></span> <span class='ocrx_word' id='word_1_455' title='bbox 2664 2264 2900 2336; x_wconf 88' lang='lat' dir='ltr'><strong>Symboli</strong></span> <span class='ocrx_word' id='word_1_456' title='bbox 2958 2268 3084 2337; x_wconf 84' lang='lat' dir='ltr'><strong>ﬁdei</strong></span> <span class='ocrx_word' id='word_1_457' title='bbox 3113 2268 3431 2340; x_wconf 83' lang='lat' dir='ltr'><strong>Gregoriani</strong></span> 
     </span>
    </p>
   </div>
   <div class='ocr_carea' id='block_1_68' title="bbox 1863 2349 3432 2426">
    <p class='ocr_par' dir='ltr' id='par_1_68' title="bbox 1863 2349 3432 2426">
     <span class='ocr_line' id='line_1_68' title="bbox 1863 2349 3432 2426; baseline 0.01 -24"><span class='ocrx_word' id='word_1_458' title='bbox 1863 2349 2055 2403; x_wconf 88' lang='lat' dir='ltr'><strong>nullibi</strong></span> <span class='ocrx_word' id='word_1_459' title='bbox 2097 2352 2425 2406; x_wconf 88' lang='lat' dir='ltr'><strong>mentionem</strong></span> <span class='ocrx_word' id='word_1_460' title='bbox 2475 2353 2745 2423; x_wconf 88' lang='lat' dir='ltr'><strong>injecisse,</strong></span> <span class='ocrx_word' id='word_1_461' title='bbox 2779 2358 2922 2426; x_wconf 92' lang='lat' dir='ltr'><strong>quod</strong></span> <span class='ocrx_word' id='word_1_462' title='bbox 2960 2359 3092 2414; x_wconf 90' lang='lat' dir='ltr'><strong>illud</strong></span> <span class='ocrx_word' id='word_1_463' title='bbox 3124 2370 3268 2415; x_wconf 90' lang='lat' dir='ltr'><strong>esset</strong></span> <span class='ocrx_word' id='word_1_464' title='bbox 3297 2363 3432 2418; x_wconf 87' lang='lat' dir='ltr'><strong>satis</strong></span> 
     </span>
    </p>
   </div>
   <div class='ocr_carea' id='block_1_69' title="bbox 1861 2443 3432 2522">
    <p class='ocr_par' dir='ltr' id='par_1_69' title="bbox 1861 2443 3432 2522">
     <span class='ocr_line' id='line_1_69' title="bbox 1861 2443 3432 2522; baseline 0.01 -29"><span class='ocrx_word' id='word_1_465' title='bbox 1861 2448 2117 2496; x_wconf 89' lang='lat' dir='ltr'><strong>accurata</strong></span> <span class='ocrx_word' id='word_1_466' title='bbox 2150 2443 2216 2498; x_wconf 90' lang='lat' dir='ltr'><strong>de</strong></span> <span class='ocrx_word' id='word_1_467' title='bbox 2248 2444 2588 2500; x_wconf 88' lang='lat' dir='ltr'><strong>sanctissima</strong></span> <span class='ocrx_word' id='word_1_468' title='bbox 2613 2446 2872 2504; x_wconf 88' lang='lat' dir='ltr'><strong>Trinitate</strong></span> <span class='ocrx_word' id='word_1_469' title='bbox 2903 2452 3174 2522; x_wconf 84' lang='grc' dir='ltr'>ὁμοουσίῳ</span> <span class='ocrx_word' id='word_1_470' title='bbox 3214 2455 3432 2522; x_wconf 83' lang='lat' dir='ltr'><strong>exposi-</strong></span> 
     </span>
    </p>
   </div>
   <div class='ocr_carea' id='block_1_70' title="bbox 1861 2533 3427 2614">
    <p class='ocr_par' dir='ltr' id='par_1_70' title="bbox 1861 2533 3427 2614">
     <span class='ocr_line' id='line_1_70' title="bbox 1861 2533 3427 2614; baseline 0.01 -28"><span class='ocrx_word' id='word_1_471' title='bbox 1861 2533 1936 2587; x_wconf 91' lang='lat' dir='ltr'><strong>tio</strong></span> <span class='ocrx_word' id='word_1_472' title='bbox 1971 2549 1986 2586; x_wconf 74' lang='grc' dir='ltr'>ε</span> <span class='ocrx_word' id='word_1_473' title='bbox 2021 2534 2145 2589; x_wconf 90' lang='lat' dir='ltr'><strong>licet</strong></span> <span class='ocrx_word' id='word_1_474' title='bbox 2193 2537 2496 2593; x_wconf 80' lang='lat' dir='ltr'><strong>observarit</strong></span> <span class='ocrx_word' id='word_1_475' title='bbox 2545 2539 2673 2593; x_wconf 91' lang='lat' dir='ltr'><strong>olim</strong></span> <span class='ocrx_word' id='word_1_476' title='bbox 2705 2539 2936 2597; x_wconf 87' lang='lat' dir='ltr'><strong>Photius</strong></span> <span class='ocrx_word' id='word_1_477' title='bbox 2961 2544 3098 2614; x_wconf 80' lang='lat' dir='ltr'><strong>(2i),</strong></span> <span class='ocrx_word' id='word_1_478' title='bbox 3135 2544 3427 2602; x_wconf 86' lang='lat' dir='ltr'><strong>Eusebium</strong></span> 
     </span>
    </p>
   </div>
   <div class='ocr_carea' id='block_1_71' title="bbox 1861 2623 3430 2710">
    <p class='ocr_par' dir='ltr' id='par_1_71' title="bbox 1861 2623 3430 2710">
     <span class='ocr_line' id='line_1_71' title="bbox 1861 2623 3430 2710; baseline 0.011 -32"><span class='ocrx_word' id='word_1_479' title='bbox 1861 2623 1914 2678; x_wconf 88' lang='lat' dir='ltr'><strong>in</strong></span> <span class='ocrx_word' id='word_1_480' title='bbox 1945 2640 2043 2680; x_wconf 88' lang='lat' dir='ltr'><strong>sua</strong></span> <span class='ocrx_word' id='word_1_481' title='bbox 2071 2625 2310 2682; x_wconf 82' lang='lat' dir='ltr'><strong>Historia</strong></span> <span class='ocrx_word' id='word_1_482' title='bbox 2341 2632 2749 2699; x_wconf 70' lang='lat' dir='ltr'><strong>prmtermittere</strong></span> <span class='ocrx_word' id='word_1_483' title='bbox 2791 2637 3141 2692; x_wconf 71' lang='lat' dir='ltr'><strong>consuerisse</strong></span> <span class='ocrx_word' id='word_1_484' title='bbox 3171 2655 3430 2710; x_wconf 79' lang='lat' dir='ltr'><strong>quzccun-</strong></span> 
     </span>
    </p>
   </div>
   <div class='ocr_carea' id='block_1_72' title="bbox 1859 2717 3429 2794">
    <p class='ocr_par' dir='ltr' id='par_1_72' title="bbox 1859 2717 3429 2794">
     <span class='ocr_line' id='line_1_72' title="bbox 1859 2717 3429 2794; baseline 0.011 -25"><span class='ocrx_word' id='word_1_485' title='bbox 1859 2731 1966 2785; x_wconf 92' lang='lat' dir='ltr'><strong>que</strong></span> <span class='ocrx_word' id='word_1_486' title='bbox 2008 2717 2338 2787; x_wconf 90' lang='lat' dir='ltr'><strong>impietatem</strong></span> <span class='ocrx_word' id='word_1_487' title='bbox 2383 2721 2639 2776; x_wconf 85' lang='lat' dir='ltr'><strong>Arianam</strong></span> <span class='ocrx_word' id='word_1_488' title='bbox 2681 2723 2996 2794; x_wconf 86' lang='lat' dir='ltr'><strong>impugnare</strong></span> <span class='ocrx_word' id='word_1_489' title='bbox 3040 2736 3135 2781; x_wconf 89' lang='lat' dir='ltr'><strong>aut</strong></span> <span class='ocrx_word' id='word_1_490' title='bbox 3186 2740 3429 2787; x_wconf 73' lang='lat' dir='ltr'><strong>evertere</strong></span> 
     </span>
    </p>
   </div>
   <div class='ocr_carea' id='block_1_73' title="bbox 1858 2809 3425 2891">
    <p class='ocr_par' dir='ltr' id='par_1_73' title="bbox 1858 2809 3425 2891">
     <span class='ocr_line' id='line_1_73' title="bbox 1858 2809 3425 2891; baseline 0.01 -30"><span class='ocrx_word' id='word_1_491' title='bbox 1858 2809 2190 2864; x_wconf 86' lang='lat' dir='ltr'><strong>viderentur.</strong></span> <span class='ocrx_word' id='word_1_492' title='bbox 2243 2811 2323 2865; x_wconf 86' lang='lat' dir='ltr'><strong>Ad</strong></span> <span class='ocrx_word' id='word_1_493' title='bbox 2358 2810 2744 2884; x_wconf 85' lang='lat' dir='ltr'><strong>Hieronymum</strong></span> <span class='ocrx_word' id='word_1_494' title='bbox 2794 2825 2972 2871; x_wconf 88' lang='lat' dir='ltr'><strong>autem</strong></span> <span class='ocrx_word' id='word_1_495' title='bbox 3016 2819 3160 2888; x_wconf 92' lang='lat' dir='ltr'><strong>quod</strong></span> <span class='ocrx_word' id='word_1_496' title='bbox 3213 2823 3425 2891; x_wconf 86' lang='lat' dir='ltr'><strong>attinet,</strong></span> 
     </span>
    </p>
   </div>
   <div class='ocr_carea' id='block_1_74' title="bbox 1857 2902 3425 2971">
    <p class='ocr_par' dir='ltr' id='par_1_74' title="bbox 1857 2902 3425 2971">
     <span class='ocr_line' id='line_1_74' title="bbox 1857 2902 3425 2971; baseline 0.012 -20"><span class='ocrx_word' id='word_1_497' title='bbox 1857 2913 2016 2954; x_wconf 88' lang='lat' dir='ltr'><strong>nemo</strong></span> <span class='ocrx_word' id='word_1_498' title='bbox 2068 2902 2242 2956; x_wconf 90' lang='lat' dir='ltr'><strong>nescit</strong></span> <span class='ocrx_word' id='word_1_499' title='bbox 2293 2912 2542 2957; x_wconf 89' lang='lat' dir='ltr'><strong>sanctum</strong></span> <span class='ocrx_word' id='word_1_500' title='bbox 2597 2903 2870 2960; x_wconf 92' lang='lat' dir='ltr'><strong>doctorem</strong></span> <span class='ocrx_word' id='word_1_501' title='bbox 2926 2909 2979 2962; x_wconf 91' lang='lat' dir='ltr'><strong>in</strong></span> <span class='ocrx_word' id='word_1_502' title='bbox 3031 2927 3132 2965; x_wconf 91' lang='lat' dir='ltr'><strong>suo</strong></span> <span class='ocrx_word' id='word_1_503' title='bbox 3183 2913 3255 2967; x_wconf 88' lang='lat' dir='ltr'><strong>De</strong></span> <span class='ocrx_word' id='word_1_504' title='bbox 3301 2916 3425 2971; x_wconf 79' lang='lat' dir='ltr'><strong>viris</strong></span> 
     </span>
    </p>
   </div>
   <div class='ocr_carea' id='block_1_75' title="bbox 1857 2991 3426 3074">
    <p class='ocr_par' dir='ltr' id='par_1_75' title="bbox 1857 2991 3426 3074">
     <span class='ocr_line' id='line_1_75' title="bbox 1857 2991 3426 3074; baseline 0.01 -28"><span class='ocrx_word' id='word_1_505' title='bbox 1857 2991 2154 3048; x_wconf 80' lang='lat' dir='ltr'><strong>illustribus</strong></span> <span class='ocrx_word' id='word_1_506' title='bbox 2213 2995 2353 3049; x_wconf 90' lang='lat' dir='ltr'><strong>libro</strong></span> <span class='ocrx_word' id='word_1_507' title='bbox 2411 2995 2702 3065; x_wconf 75' lang='lat' dir='ltr'><strong>ipsummet</strong></span> <span class='ocrx_word' id='word_1_508' title='bbox 2745 2995 3036 3054; x_wconf 86' lang='lat' dir='ltr'><strong>Eusebium</strong></span> <span class='ocrx_word' id='word_1_509' title='bbox 3104 3003 3426 3074; x_wconf 81' lang='lat' dir='ltr'><strong>plerumque</strong></span> 
     </span>
    </p>
   </div>
   <div class='ocr_carea' id='block_1_76' title="bbox 1858 3087 3423 3158">
    <p class='ocr_par' dir='ltr' id='par_1_76' title="bbox 1858 3087 3423 3158">
     <span class='ocr_line' id='line_1_76' title="bbox 1858 3087 3423 3158; baseline 0.008 -19"><span class='ocrx_word' id='word_1_510' title='bbox 1858 3087 2141 3142; x_wconf 90' lang='lat' dir='ltr'><strong>assectari.</strong></span> <span class='ocrx_word' id='word_1_511' title='bbox 2184 3087 2444 3158; x_wconf 86' lang='lat' dir='ltr'><strong>Quisquis</strong></span> <span class='ocrx_word' id='word_1_512' title='bbox 2496 3097 2755 3158; x_wconf 62' lang='lat' dir='ltr'><strong>praeterea</strong></span> <span class='ocrx_word' id='word_1_513' title='bbox 2808 3091 2923 3146; x_wconf 78' lang='lat' dir='ltr'><strong>sive</strong></span> <span class='ocrx_word' id='word_1_514' title='bbox 2961 3091 3254 3150; x_wconf 58' lang='lat' dir='ltr'><strong>Eum-bium</strong></span> <span class='ocrx_word' id='word_1_515' title='bbox 3308 3098 3423 3152; x_wconf 85' lang='lat' dir='ltr'><strong>sive</strong></span> 
     </span>
    </p>
   </div>
   <div class='ocr_carea' id='block_1_77' title="bbox 1855 3178 3422 3257">
    <p class='ocr_par' dir='ltr' id='par_1_77' title="bbox 1855 3178 3422 3257">
     <span class='ocr_line' id='line_1_77' title="bbox 1855 3178 3422 3257; baseline 0.008 -25"><span class='ocrx_word' id='word_1_516' title='bbox 1855 3178 2240 3251; x_wconf 84' lang='lat' dir='ltr'><strong>Hieronymum</strong></span> <span class='ocrx_word' id='word_1_517' title='bbox 2304 3182 2524 3236; x_wconf 90' lang='lat' dir='ltr'><strong>silentes</strong></span> <span class='ocrx_word' id='word_1_518' title='bbox 2581 3181 2842 3246; x_wconf 84' lang='lat' dir='ltr'><strong>inducat.</strong></span> <span class='ocrx_word' id='word_1_519' title='bbox 2899 3199 3008 3254; x_wconf 91' lang='lat' dir='ltr'><strong>quo</strong></span> <span class='ocrx_word' id='word_1_520' title='bbox 3063 3186 3422 3257; x_wconf 73' lang='lat' dir='ltr'><strong>Expositionis</strong></span> 
     </span>
    </p>
   </div>
   <div class='ocr_carea' id='block_1_78' title="bbox 1852 3269 3420 3350">
    <p class='ocr_par' dir='ltr' id='par_1_78' title="bbox 1852 3269 3420 3350">
     <span class='ocr_line' id='line_1_78' title="bbox 1852 3269 3420 3350; baseline 0.008 -25"><span class='ocrx_word' id='word_1_521' title='bbox 1852 3269 2196 3341; x_wconf 74' lang='lat' dir='ltr'><strong>Gregorianze</strong></span> <span class='ocrx_word' id='word_1_522' title='bbox 2222 3273 2377 3327; x_wconf 89' lang='lat' dir='ltr'><strong>ﬁdem</strong></span> <span class='ocrx_word' id='word_1_523' title='bbox 2407 3274 2598 3336; x_wconf 87' lang='lat' dir='ltr'><strong>elevet,</strong></span> <span class='ocrx_word' id='word_1_524' title='bbox 2621 3288 2808 3328; x_wconf 88' lang='lat' dir='ltr'><strong>eorum</strong></span> <span class='ocrx_word' id='word_1_525' title='bbox 2837 3277 3143 3333; x_wconf 89' lang='lat' dir='ltr'><strong>meminerit</strong></span> <span class='ocrx_word' id='word_1_526' title='bbox 3161 3297 3280 3350; x_wconf 75' lang='lat' dir='ltr'><strong>qua:</strong></span> <span class='ocrx_word' id='word_1_527' title='bbox 3304 3291 3420 3337; x_wconf 91' lang='lat' dir='ltr'><strong>tum</strong></span> 
     </span>
    </p>
   </div>
   <div class='ocr_carea' id='block_1_79' title="bbox 1851 3364 3416 3442">
    <p class='ocr_par' dir='ltr' id='par_1_79' title="bbox 1851 3364 3416 3442">
     <span class='ocr_line' id='line_1_79' title="bbox 1851 3364 3416 3442; baseline 0.005 -22"><span class='ocrx_word' id='word_1_528' title='bbox 1851 3365 1918 3420; x_wconf 89' lang='lat' dir='ltr'><strong>de</strong></span> <span class='ocrx_word' id='word_1_529' title='bbox 1949 3364 2186 3433; x_wconf 78' lang='lat' dir='ltr'><strong>Syriacis</strong></span> <span class='ocrx_word' id='word_1_530' title='bbox 2217 3364 2514 3420; x_wconf 84' lang='lat' dir='ltr'><strong>Clementis</strong></span> <span class='ocrx_word' id='word_1_531' title='bbox 2555 3365 2781 3419; x_wconf 82' lang='lat' dir='ltr'><strong>Romani</strong></span> <span class='ocrx_word' id='word_1_532' title='bbox 2831 3369 3066 3436; x_wconf 77' lang='lat' dir='ltr'><strong>epistolis</strong></span> <span class='ocrx_word' id='word_1_533' title='bbox 3121 3371 3256 3442; x_wconf 90' lang='lat'>(22),</span> <span class='ocrx_word' id='word_1_534' title='bbox 3301 3383 3416 3428; x_wconf 84' lang='lat' dir='ltr'><strong>tum</strong></span> 
     </span>
    </p>
   </div>
   <div class='ocr_carea' id='block_1_80' title="bbox 1849 3456 3416 3527">
    <p class='ocr_par' dir='ltr' id='par_1_80' title="bbox 1849 3456 3416 3527">
     <span class='ocr_line' id='line_1_80' title="bbox 1849 3456 3416 3527; baseline 0.004 -15"><span class='ocrx_word' id='word_1_535' title='bbox 1849 3457 1916 3512; x_wconf 89' lang='lat' dir='ltr'><strong>de</strong></span> <span class='ocrx_word' id='word_1_536' title='bbox 1939 3456 2152 3512; x_wconf 87' lang='lat' dir='ltr'><strong>Claudii</strong></span> <span class='ocrx_word' id='word_1_537' title='bbox 2186 3456 2513 3527; x_wconf 82' lang='lat' dir='ltr'><strong>Apollinaris</strong></span> <span class='ocrx_word' id='word_1_538' title='bbox 2549 3458 2686 3512; x_wconf 89' lang='lat' dir='ltr'><strong>libro</strong></span> <span class='ocrx_word' id='word_1_539' title='bbox 2720 3457 2794 3512; x_wconf 90' lang='lat' dir='ltr'><strong>De</strong></span> <span class='ocrx_word' id='word_1_540' title='bbox 2818 3459 3075 3515; x_wconf 85' lang='lat' dir='ltr'><strong>Paschate</strong></span> <span class='ocrx_word' id='word_1_541' title='bbox 3103 3463 3231 3517; x_wconf 90' lang='lat' dir='ltr'><strong>alibi</strong></span> <span class='ocrx_word' id='word_1_542' title='bbox 3273 3465 3416 3519; x_wconf 80' lang='lat' dir='ltr'><strong>dixi-</strong></span> 
     </span>
    </p>
   </div>
   <div class='ocr_carea' id='block_1_81' title="bbox 1850 3549 3416 3626">
    <p class='ocr_par' dir='ltr' id='par_1_81' title="bbox 1850 3549 3416 3626">
     <span class='ocr_line' id='line_1_81' title="bbox 1850 3549 3416 3626; baseline 0.006 -22"><span class='ocrx_word' id='word_1_543' title='bbox 1850 3565 1974 3605; x_wconf 89' lang='lat' dir='ltr'><strong>mus</strong></span> <span class='ocrx_word' id='word_1_544' title='bbox 2000 3550 2136 3621; x_wconf 81' lang='lat'>(25).</span> <span class='ocrx_word' id='word_1_545' title='bbox 2168 3549 2238 3604; x_wconf 85' lang='lat' dir='ltr'><strong>At</strong></span> <span class='ocrx_word' id='word_1_546' title='bbox 2264 3550 2330 3604; x_wconf 90' lang='lat' dir='ltr'><strong>de</strong></span> <span class='ocrx_word' id='word_1_547' title='bbox 2365 3550 2587 3620; x_wconf 86' lang='lat' dir='ltr'><strong>reliquis</strong></span> <span class='ocrx_word' id='word_1_548' title='bbox 2627 3551 2799 3606; x_wconf 85' lang='lat' dir='ltr'><strong>sancti</strong></span> <span class='ocrx_word' id='word_1_549' title='bbox 2836 3551 3012 3608; x_wconf 83' lang='lat' dir='ltr'><strong>Patris</strong></span> <span class='ocrx_word' id='word_1_550' title='bbox 3053 3554 3270 3626; x_wconf 85' lang='lat' dir='ltr'><strong>scriptis</strong></span> <span class='ocrx_word' id='word_1_551' title='bbox 3301 3573 3416 3612; x_wconf 87' lang='lat' dir='ltr'><strong>ser-</strong></span> 
     </span>
    </p>
   </div>
   <div class='ocr_carea' id='block_1_82' title="bbox 1849 3657 2519 3712">
    <p class='ocr_par' dir='ltr' id='par_1_82' title="bbox 1849 3657 2519 3712">
     <span class='ocr_line' id='line_1_82' title="bbox 1849 3657 2519 3712; baseline 0.003 -17"><span class='ocrx_word' id='word_1_552' title='bbox 1849 3657 2064 3696; x_wconf 89' lang='lat' dir='ltr'><strong>monem</strong></span> <span class='ocrx_word' id='word_1_553' title='bbox 2101 3657 2519 3712; x_wconf 90' lang='lat' dir='ltr'><strong>prosequamur.</strong></span> 
     </span>
    </p>
   </div>
   <div class='ocr_carea' id='block_1_83' title="bbox 1848 3757 3414 3834">
    <p class='ocr_par' dir='ltr' id='par_1_83' title="bbox 1848 3757 3414 3834">
     <span class='ocr_line' id='line_1_83' title="bbox 1848 3757 3414 3834; baseline 0.005 -22"><span class='ocrx_word' id='word_1_554' title='bbox 1848 3757 1935 3812; x_wconf 86' lang='lat' dir='ltr'><strong>Ill.</strong></span> <span class='ocrx_word' id='word_1_555' title='bbox 1976 3758 2334 3834; x_wconf 76' lang='lat' dir='ltr'><strong>Metaphrasis</strong></span> <span class='ocrx_word' id='word_1_556' title='bbox 2370 3759 2423 3812; x_wconf 94' lang='lat' dir='ltr'><strong>in</strong></span> <span class='ocrx_word' id='word_1_557' title='bbox 2450 3759 2809 3834; x_wconf 72' lang='lat' dir='ltr'><strong>Ecclesiasten</strong></span> <span class='ocrx_word' id='word_1_558' title='bbox 2853 3760 2912 3816; x_wconf 89' lang='lat' dir='ltr'><strong>S.</strong></span> <span class='ocrx_word' id='word_1_559' title='bbox 2941 3760 3190 3834; x_wconf 80' lang='lat' dir='ltr'><strong>Gregorio</strong></span> <span class='ocrx_word' id='word_1_560' title='bbox 3225 3767 3414 3820; x_wconf 81' lang='lat' dir='ltr'><strong>asseri-</strong></span> 
     </span>
    </p>
   </div>
   <div class='ocr_carea' id='block_1_84' title="bbox 1919 3829 3413 3904">
    <p class='ocr_par' dir='ltr' id='par_1_84' title="bbox 1919 3829 3413 3904">
     <span class='ocr_line' id='line_1_84' title="bbox 1919 3829 3413 3904; baseline 0.006 -22"><span class='ocrx_word' id='word_1_561' title='bbox 1919 3839 2025 3886; x_wconf 88' lang='lat' dir='ltr'><strong>tur.</strong></span> <span class='ocrx_word' id='word_1_562' title='bbox 2066 3829 2140 3883; x_wconf 85' lang='lat' dir='ltr'><strong>De</strong></span> <span class='ocrx_word' id='word_1_563' title='bbox 2175 3829 2271 3882; x_wconf 83' lang='lat' dir='ltr'><strong>hoc</strong></span> <span class='ocrx_word' id='word_1_564' title='bbox 2311 3845 2460 3898; x_wconf 80' lang='lat' dir='ltr'><strong>opere</strong></span> <span class='ocrx_word' id='word_1_565' title='bbox 2501 3831 2624 3902; x_wconf 87' lang='lat' dir='ltr'><strong>quid</strong></span> <span class='ocrx_word' id='word_1_566' title='bbox 2661 3831 2886 3894; x_wconf 81' lang='lat' dir='ltr'><strong>Billius,</strong></span> <span class='ocrx_word' id='word_1_567' title='bbox 2929 3829 3059 3901; x_wconf 79' lang='lat' dir='ltr'><strong>quid</strong></span> <span class='ocrx_word' id='word_1_568' title='bbox 3085 3833 3413 3904; x_wconf 80' lang='lat' dir='ltr'><strong>Bengelius?</strong></span> 
     </span>
    </p>
   </div>
   <div class='ocr_carea' id='block_1_85' title="bbox 1919 3919 3413 3992">
    <p class='ocr_par' dir='ltr' id='par_1_85' title="bbox 1919 3919 3413 3992">
     <span class='ocr_line' id='line_1_85' title="bbox 1919 3919 3413 3992; baseline 0.004 -18"><span class='ocrx_word' id='word_1_569' title='bbox 1919 3919 2314 3991; x_wconf 71' lang='lat' dir='ltr'><strong>Expositionem</strong></span> <span class='ocrx_word' id='word_1_570' title='bbox 2343 3922 2469 3991; x_wconf 83' lang='lat' dir='ltr'><strong>ﬁdei</strong></span> <span class='ocrx_word' id='word_1_571' title='bbox 2521 3923 2720 3992; x_wconf 86' lang='lat' dir='ltr'><strong>excipit</strong></span> <span class='ocrx_word' id='word_1_572' title='bbox 2749 3922 3097 3992; x_wconf 80' lang='lat' dir='ltr'><strong>Metaphrasis</strong></span> <span class='ocrx_word' id='word_1_573' title='bbox 3145 3926 3199 3979; x_wconf 87' lang='lat' dir='ltr'><strong>in</strong></span> <span class='ocrx_word' id='word_1_574' title='bbox 3226 3924 3413 3980; x_wconf 85' lang='lat' dir='ltr'><strong>Eccle-</strong></span> 
     </span>
    </p>
   </div>
   <div class='ocr_carea' id='block_1_86' title="bbox 1846 4015 3412 4086">
    <p class='ocr_par' dir='ltr' id='par_1_86' title="bbox 1846 4015 3412 4086">
     <span class='ocr_line' id='line_1_86' title="bbox 1846 4015 3412 4086; baseline 0.004 -19"><span class='ocrx_word' id='word_1_575' title='bbox 1846 4015 2065 4078; x_wconf 85' lang='lat' dir='ltr'><strong>siasten,</strong></span> <span class='ocrx_word' id='word_1_576' title='bbox 2119 4030 2281 4084; x_wconf 89' lang='lat' dir='ltr'><strong>quam</strong></span> <span class='ocrx_word' id='word_1_577' title='bbox 2338 4025 2524 4070; x_wconf 87' lang='lat' dir='ltr'><strong>noster</strong></span> <span class='ocrx_word' id='word_1_578' title='bbox 2554 4015 2849 4086; x_wconf 87' lang='lat' dir='ltr'><strong>Gregorius</strong></span> <span class='ocrx_word' id='word_1_579' title='bbox 2897 4018 3412 4086; x_wconf 80' lang='lat' dir='ltr'><strong>magniﬁcentissime</strong></span> 
     </span>
    </p>
   </div>
   <div class='ocr_carea' id='block_1_87' title="bbox 1845 4105 3408 4179">
    <p class='ocr_par' dir='ltr' id='par_1_87' title="bbox 1845 4105 3408 4179">
     <span class='ocr_line' id='line_1_87' title="bbox 1845 4105 3408 4179; baseline 0.001 -19"><span class='ocrx_word' id='word_1_580' title='bbox 1845 4108 2080 4178; x_wconf 81' lang='lat' dir='ltr'><strong>scripsit,</strong></span> <span class='ocrx_word' id='word_1_581' title='bbox 2115 4107 2296 4177; x_wconf 89' lang='lat' dir='ltr'><strong>judice</strong></span> <span class='ocrx_word' id='word_1_582' title='bbox 2331 4105 2528 4162; x_wconf 80' lang='lat' dir='ltr'><strong>Ruﬁno</strong></span> <span class='ocrx_word' id='word_1_583' title='bbox 2556 4108 2708 4177; x_wconf 66' lang='lat'>(24);</span> <span class='ocrx_word' id='word_1_584' title='bbox 2759 4107 2956 4162; x_wconf 85' lang='lat' dir='ltr'><strong>brevem</strong></span> <span class='ocrx_word' id='word_1_585' title='bbox 2995 4109 3140 4162; x_wconf 89' lang='lat' dir='ltr'><strong>illam</strong></span> <span class='ocrx_word' id='word_1_586' title='bbox 3175 4111 3408 4179; x_wconf 83' lang='lat' dir='ltr'><strong>quidem,</strong></span> 
     </span>
    </p>
   </div>
   <div class='ocr_carea' id='block_1_88' title="bbox 1845 4197 3412 4270">
    <p class='ocr_par' dir='ltr' id='par_1_88' title="bbox 1845 4197 3412 4270">
     <span class='ocr_line' id='line_1_88' title="bbox 1845 4197 3412 4270; baseline 0.003 -17"><span class='ocrx_word' id='word_1_587' title='bbox 1845 4199 1936 4253; x_wconf 84' lang='lat' dir='ltr'><strong>sed</strong></span> <span class='ocrx_word' id='word_1_588' title='bbox 1979 4198 2128 4252; x_wconf 81' lang='lat' dir='ltr'><strong>valde</strong></span> <span class='ocrx_word' id='word_1_589' title='bbox 2162 4199 2366 4263; x_wconf 85' lang='lat' dir='ltr'><strong>utilem,</strong></span> <span class='ocrx_word' id='word_1_590' title='bbox 2409 4199 2484 4253; x_wconf 89' lang='lat' dir='ltr'><strong>ait</strong></span> <span class='ocrx_word' id='word_1_591' title='bbox 2523 4197 2885 4270; x_wconf 89' lang='lat' dir='ltr'><strong>Hieronymus</strong></span> <span class='ocrx_word' id='word_1_592' title='bbox 2919 4199 3031 4268; x_wconf 77' lang='lat'>(25)</span> <span class='ocrx_word' id='word_1_593' title='bbox 3059 4218 3072 4253; x_wconf 91' lang='lat'><strong>:</strong></span> <span class='ocrx_word' id='word_1_594' title='bbox 3106 4200 3200 4270; x_wconf 84' lang='lat' dir='ltr'><strong>qui</strong></span> <span class='ocrx_word' id='word_1_595' title='bbox 3228 4210 3280 4254; x_wconf 90' lang='lat' dir='ltr'><strong>ct</strong></span> <span class='ocrx_word' id='word_1_596' title='bbox 3309 4217 3412 4257; x_wconf 91' lang='lat' dir='ltr'><strong>suo</strong></span> 
     </span>
    </p>
   </div>
   <div class='ocr_carea' id='block_1_89' title="bbox 1845 4287 3409 4347">
    <p class='ocr_par' dir='ltr' id='par_1_89' title="bbox 1845 4287 3409 4347">
     <span class='ocr_line' id='line_1_89' title="bbox 1845 4287 3409 4347; baseline 0.003 -5"><span class='ocrx_word' id='word_1_597' title='bbox 1845 4287 2233 4343; x_wconf 86' lang='lat' dir='ltr'><strong>Commentario</strong></span> <span class='ocrx_word' id='word_1_598' title='bbox 2271 4291 2324 4344; x_wconf 85' lang='lat' dir='ltr'><strong>in</strong></span> <span class='ocrx_word' id='word_1_599' title='bbox 2369 4289 2720 4344; x_wconf 83' lang='lat' dir='ltr'><strong>Ecclesiasten</strong></span> <span class='ocrx_word' id='word_1_600' title='bbox 2789 4290 3043 4343; x_wconf 89' lang='lat' dir='ltr'><strong>nonnulla</strong></span> <span class='ocrx_word' id='word_1_601' title='bbox 3104 4307 3171 4344; x_wconf 88' lang='lat' dir='ltr'><strong>ex</strong></span> <span class='ocrx_word' id='word_1_602' title='bbox 3221 4293 3409 4347; x_wconf 84' lang='lat' dir='ltr'><strong>cadent</strong></span> 
     </span>
    </p>
   </div>
   <div class='ocr_carea' id='block_1_90' title="bbox 1843 4381 3404 4454">
    <p class='ocr_par' dir='ltr' id='par_1_90' title="bbox 1843 4381 3404 4454">
     <span class='ocr_line' id='line_1_90' title="bbox 1843 4381 3404 4454; baseline 0 -18"><span class='ocrx_word' id='word_1_603' title='bbox 1843 4381 2174 4452; x_wconf 75' lang='lat' dir='ltr'><strong>Metapltrasi</strong></span> <span class='ocrx_word' id='word_1_604' title='bbox 2229 4383 2496 4452; x_wconf 88' lang='lat' dir='ltr'><strong>descripta</strong></span> <span class='ocrx_word' id='word_1_605' title='bbox 2551 4382 2816 4447; x_wconf 77' lang='lat' dir='ltr'><strong>intexens,</strong></span> <span class='ocrx_word' id='word_1_606' title='bbox 2871 4382 2986 4436; x_wconf 76' lang='lat' dir='ltr'><strong>haec</strong></span> <span class='ocrx_word' id='word_1_607' title='bbox 3038 4382 3199 4436; x_wconf 89' lang='lat' dir='ltr'><strong>habet</strong></span> <span class='ocrx_word' id='word_1_608' title='bbox 3255 4384 3404 4454; x_wconf 86' lang='lat'>(26):</span> 
     </span>
    </p>
   </div>
   <div class='ocr_carea' id='block_1_91' title="bbox 146 4472 1772 4551">
    <p class='ocr_par' dir='ltr' id='par_1_91' title="bbox 146 4473 1741 4551">
     <span class='ocr_line' id='line_1_91' title="bbox 146 4473 1741 4551; baseline 0.003 -23"><span class='ocrx_word' id='word_1_609' title='bbox 146 4473 583 4544; x_wconf 56' lang='grc' dir='ltr'>ἀναλεγόμενος</span> <span class='ocrx_word' id='word_1_610' title='bbox 622 4474 818 4545; x_wconf 82' lang='grc' dir='ltr'>τρόπος</span> <span class='ocrx_word' id='word_1_611' title='bbox 855 4473 954 4543; x_wconf 80' lang='grc' dir='ltr'>τῆς</span> <span class='ocrx_word' id='word_1_612' title='bbox 991 4474 1295 4542; x_wconf 83' lang='grc' dir='ltr'>δοξολογίας</span> <span class='ocrx_word' id='word_1_613' title='bbox 1338 4477 1506 4542; x_wconf 72' lang='grc' dir='ltr'><strong>ἐστὶν,</strong></span> <span class='ocrx_word' id='word_1_614' title='bbox 1542 4479 1606 4531; x_wconf 84' lang='grc' dir='ltr'><strong>ὲκ</strong></span> <span class='ocrx_word' id='word_1_615' title='bbox 1645 4480 1741 4551; x_wconf 73' lang='grc' dir='ltr'>τῆς</span> 
     </span>
    </p>
   </div>
   <div class='ocr_carea' id='block_1_92' title="bbox 1866 4472 3410 4551">
    <p class='ocr_par' dir='ltr' id='par_1_92' title="bbox 1866 4472 3410 4548">
     <span class='ocr_line' id='line_1_92' title="bbox 1866 4472 3410 4548; baseline 0.004 -22"><span class='ocrx_word' id='word_1_616' title='bbox 1866 4473 1976 4528; x_wconf 81' lang='lat' dir='ltr'><strong>:Vir</strong></span> <span class='ocrx_word' id='word_1_617' title='bbox 2003 4484 2256 4539; x_wconf 88' lang='lat' dir='ltr'><strong>sanctus,</strong></span> <span class='ocrx_word' id='word_1_618' title='bbox 2291 4475 2586 4545; x_wconf 73' lang='lat' dir='ltr'><strong>Gregorius</strong></span> <span class='ocrx_word' id='word_1_619' title='bbox 2618 4472 2775 4528; x_wconf 89' lang='lat' dir='ltr'><strong>Ponti</strong></span> <span class='ocrx_word' id='word_1_620' title='bbox 2809 4474 3118 4544; x_wconf 89' lang='lat' dir='ltr'><strong>episcopus,</strong></span> <span class='ocrx_word' id='word_1_621' title='bbox 3159 4475 3410 4548; x_wconf 84' lang='lat' dir='ltr'><strong>Origenis</strong></span> 
     </span>
    </p>
   </div>
   <div class='ocr_carea' id='block_1_93' title="bbox 149 4565 1736 4641">
    <p class='ocr_par' dir='ltr' id='par_1_93' title="bbox 149 4565 1736 4641">
     <span class='ocr_line' id='line_1_93' title="bbox 149 4565 1736 4641; baseline 0.003 -21"><span class='ocrx_word' id='word_1_622' title='bbox 149 4565 380 4620; x_wconf 73' lang='grc' dir='ltr'>ἐκείνου</span> <span class='ocrx_word' id='word_1_623' title='bbox 432 4565 778 4635; x_wconf 84' lang='grc' dir='ltr'>παραδόσεως</span> <span class='ocrx_word' id='word_1_624' title='bbox 827 4568 895 4636; x_wconf 78' lang='grc' dir='ltr'><strong>τῇ</strong></span> <span class='ocrx_word' id='word_1_625' title='bbox 950 4567 1245 4638; x_wconf 71' lang='grc' dir='ltr'>Ἐκκλησία</span> <span class='ocrx_word' id='word_1_626' title='bbox 1305 4568 1736 4641; x_wconf 80' lang='grc' dir='ltr'>πεφυλαγμένος.</span> 
     </span>
    </p>
   </div>
   <div class='ocr_carea' id='block_1_94' title="bbox 154 4655 1739 4726">
    <p class='ocr_par' dir='ltr' id='par_1_94' title="bbox 154 4655 1739 4726">
     <span class='ocr_line' id='line_1_94' title="bbox 154 4655 1739 4726; baseline 0.004 -16"><span class='ocrx_word' id='word_1_627' title='bbox 154 4657 388 4713; x_wconf 72' lang='lat' dir='ltr'><strong>(Unum</strong></span> <span class='ocrx_word' id='word_1_628' title='bbox 436 4656 615 4725; x_wconf 85' lang='lat' dir='ltr'><strong>itaque</strong></span> <span class='ocrx_word' id='word_1_629' title='bbox 643 4672 707 4710; x_wconf 82' lang='lat' dir='ltr'><strong>ex</strong></span> <span class='ocrx_word' id='word_1_630' title='bbox 737 4655 980 4726; x_wconf 87' lang='lat' dir='ltr'><strong>Gregorii</strong></span> <span class='ocrx_word' id='word_1_631' title='bbox 1026 4657 1288 4712; x_wconf 89' lang='lat' dir='ltr'><strong>institutis</strong></span> <span class='ocrx_word' id='word_1_632' title='bbox 1317 4670 1419 4724; x_wconf 84' lang='lat' dir='ltr'><strong>est,</strong></span> <span class='ocrx_word' id='word_1_633' title='bbox 1455 4660 1618 4714; x_wconf 88' lang='lat' dir='ltr'><strong>etiam</strong></span> <span class='ocrx_word' id='word_1_634' title='bbox 1650 4662 1739 4717; x_wconf 88' lang='lat' dir='ltr'><strong>ille</strong></span> 
     </span>
    </p>
   </div>
   <div class='ocr_carea' id='block_1_95' title="bbox 145 4749 1733 4820">
    <p class='ocr_par' dir='ltr' id='par_1_95' title="bbox 145 4749 1733 4820">
     <span class='ocr_line' id='line_1_95' title="bbox 145 4749 1733 4820; baseline 0.001 -15"><span class='ocrx_word' id='word_1_635' title='bbox 145 4751 281 4820; x_wconf 87' lang='lat' dir='ltr'><strong>ipse</strong></span> <span class='ocrx_word' id='word_1_636' title='bbox 311 4749 722 4820; x_wconf 87' lang='lat' dir='ltr'><strong>gloriﬁcationis</strong></span> <span class='ocrx_word' id='word_1_637' title='bbox 769 4750 980 4813; x_wconf 88' lang='lat' dir='ltr'><strong>modus,</strong></span> <span class='ocrx_word' id='word_1_638' title='bbox 1008 4749 1096 4804; x_wconf 88' lang='lat' dir='ltr'><strong>cui</strong></span> <span class='ocrx_word' id='word_1_639' title='bbox 1133 4766 1279 4805; x_wconf 88' lang='lat' dir='ltr'><strong>nunc</strong></span> <span class='ocrx_word' id='word_1_640' title='bbox 1321 4754 1733 4818; x_wconf 87' lang='lat' dir='ltr'><strong>contradicitur,</strong></span> 
     </span>
    </p>
   </div>
   <div class='ocr_carea' id='block_1_96' title="bbox 143 4839 1737 4916">
    <p class='ocr_par' dir='ltr' id='par_1_96' title="bbox 143 4839 1737 4916">
     <span class='ocr_line' id='line_1_96' title="bbox 143 4839 1737 4916; baseline -0.001 -16"><span class='ocrx_word' id='word_1_641' title='bbox 143 4859 219 4900; x_wconf 75' lang='lat' dir='ltr'><strong>ex</strong></span> <span class='ocrx_word' id='word_1_642' title='bbox 255 4843 410 4896; x_wconf 92' lang='lat' dir='ltr'><strong>illius</strong></span> <span class='ocrx_word' id='word_1_643' title='bbox 451 4841 740 4896; x_wconf 88' lang='lat' dir='ltr'><strong>traditione</strong></span> <span class='ocrx_word' id='word_1_644' title='bbox 789 4841 843 4894; x_wconf 91' lang='lat' dir='ltr'><strong>in</strong></span> <span class='ocrx_word' id='word_1_645' title='bbox 875 4839 1116 4896; x_wconf 85' lang='lat' dir='ltr'><strong>Ecclesia</strong></span> <span class='ocrx_word' id='word_1_646' title='bbox 1152 4843 1480 4898; x_wconf 87' lang='lat' dir='ltr'><strong>custoditus.</strong></span> <span class='ocrx_word' id='word_1_647' title='bbox 1524 4862 1543 4897; x_wconf 71' lang='grc' dir='ltr'><strong><em>ο</em></strong></span> <span class='ocrx_word' id='word_1_648' title='bbox 1598 4843 1737 4916; x_wconf 84' lang='lat' dir='ltr'><strong>Nys-</strong></span> 
     </span>
    </p>
   </div>
   <div class='ocr_carea' id='block_1_97' title="bbox 141 4931 1733 5004">
    <p class='ocr_par' dir='ltr' id='par_1_97' title="bbox 141 4931 1733 5004">
     <span class='ocr_line' id='line_1_97' title="bbox 141 4931 1733 5004; baseline -0.001 -11"><span class='ocrx_word' id='word_1_649' title='bbox 141 4950 296 4993; x_wconf 82' lang='lat' dir='ltr'><strong>seno</strong></span> <span class='ocrx_word' id='word_1_650' title='bbox 341 4945 398 4988; x_wconf 88' lang='lat' dir='ltr'><strong>et</strong></span> <span class='ocrx_word' id='word_1_651' title='bbox 431 4931 628 4988; x_wconf 89' lang='lat' dir='ltr'><strong>Basilio</strong></span> <span class='ocrx_word' id='word_1_652' title='bbox 663 4932 989 5003; x_wconf 86' lang='lat' dir='ltr'><strong>suﬁ‘ragatur</strong></span> <span class='ocrx_word' id='word_1_653' title='bbox 1011 4934 1308 5004; x_wconf 88' lang='lat' dir='ltr'><strong>Gregorius</strong></span> <span class='ocrx_word' id='word_1_654' title='bbox 1338 4934 1733 5004; x_wconf 83' lang='lat' dir='ltr'><strong>Nazianzenus,</strong></span> 
     </span>
    </p>
   </div>
   <div class='ocr_carea' id='block_1_98' title="bbox 140 5023 1732 5096">
    <p class='ocr_par' dir='ltr' id='par_1_98' title="bbox 140 5023 1732 5096">
     <span class='ocr_line' id='line_1_98' title="bbox 140 5023 1732 5096; baseline 0.004 -18"><span class='ocrx_word' id='word_1_655' title='bbox 140 5028 245 5096; x_wconf 86' lang='lat' dir='ltr'><strong>qui</strong></span> <span class='ocrx_word' id='word_1_656' title='bbox 300 5024 470 5079; x_wconf 88' lang='lat' dir='ltr'><strong>semel</strong></span> <span class='ocrx_word' id='word_1_657' title='bbox 512 5023 948 5095; x_wconf 86' lang='lat' dir='ltr'><strong>iterumque(l7)</strong></span> <span class='ocrx_word' id='word_1_658' title='bbox 990 5025 1269 5081; x_wconf 90' lang='lat' dir='ltr'><strong>nonnullis</strong></span> <span class='ocrx_word' id='word_1_659' title='bbox 1305 5041 1372 5081; x_wconf 79' lang='lat' dir='ltr'><strong>ex</strong></span> <span class='ocrx_word' id='word_1_660' title='bbox 1402 5028 1587 5084; x_wconf 86' lang='lat' dir='ltr'><strong>eadem</strong></span> <span class='ocrx_word' id='word_1_661' title='bbox 1623 5027 1732 5084; x_wconf 75' lang='lat' dir='ltr'><strong>Ea:-</strong></span> 
     </span>
    </p>
   </div>
   <div class='ocr_carea' id='block_1_99' title="bbox 225 5181 1432 5256">
    <p class='ocr_par' dir='ltr' id='par_1_99' title="bbox 225 5181 1432 5256">
     <span class='ocr_line' id='line_1_99' title="bbox 225 5181 1432 5256; baseline -0.002 -14"><span class='ocrx_word' id='word_1_662' title='bbox 225 5189 352 5255; x_wconf 76' lang='grc'>(13)</span> <span class='ocrx_word' id='word_1_663' title='bbox 386 5181 645 5256; x_wconf 68' lang='lat' dir='ltr'><strong>Nyssen,</strong></span> <span class='ocrx_word' id='word_1_664' title='bbox 674 5182 782 5239; x_wconf 85' lang='lat' dir='ltr'><strong>Vit.</strong></span> <span class='ocrx_word' id='word_1_665' title='bbox 805 5183 1057 5246; x_wconf 81' lang='lat' dir='ltr'><strong>Thaum..</strong></span> <span class='ocrx_word' id='word_1_666' title='bbox 1089 5199 1208 5256; x_wconf 87' lang='lat' dir='ltr'><strong>cap.</strong></span> <span class='ocrx_word' id='word_1_667' title='bbox 1241 5185 1275 5240; x_wconf 91' lang='lat'>8</span> <span class='ocrx_word' id='word_1_668' title='bbox 1303 5195 1355 5241; x_wconf 91' lang='lat' dir='ltr'><strong>et</strong></span> <span class='ocrx_word' id='word_1_669' title='bbox 1380 5185 1432 5241; x_wconf 89' lang='lat'><strong>9.</strong></span> 
     </span>
    </p>
   </div>
   <div class='ocr_carea' id='block_1_100' title="bbox 222 5255 922 5326">
    <p class='ocr_par' dir='ltr' id='par_1_100' title="bbox 222 5255 922 5326">
     <span class='ocr_line' id='line_1_100' title="bbox 222 5255 922 5326; baseline 0 -18"><span class='ocrx_word' id='word_1_670' title='bbox 222 5256 345 5326; x_wconf 68' lang='grc'>(14)</span> <span class='ocrx_word' id='word_1_671' title='bbox 389 5255 464 5326; x_wconf 56' lang='lat' dir='ltr'><strong>id.</strong></span> <span class='ocrx_word' id='word_1_672' title='bbox 501 5255 656 5320; x_wconf 88' lang='lat' dir='ltr'><strong>ihid.,</strong></span> <span class='ocrx_word' id='word_1_673' title='bbox 687 5270 804 5326; x_wconf 88' lang='lat' dir='ltr'><strong>cap.</strong></span> <span class='ocrx_word' id='word_1_674' title='bbox 836 5257 922 5309; x_wconf 79' lang='grc'><strong>10.</strong></span> 
     </span>
    </p>
   </div>
   <div class='ocr_carea' id='block_1_101' title="bbox 224 5323 1728 5400">
    <p class='ocr_par' dir='ltr' id='par_1_101' title="bbox 224 5323 1728 5400">
     <span class='ocr_line' id='line_1_101' title="bbox 224 5323 1728 5400; baseline 0.005 -21"><span class='ocrx_word' id='word_1_675' title='bbox 224 5323 584 5400; x_wconf 53' lang='lat' dir='ltr'><strong>(lS’_t__Basil.,</strong></span> <span class='ocrx_word' id='word_1_676' title='bbox 607 5323 775 5400; x_wconf 68' lang='lat' dir='ltr'><strong>epist.</strong></span> <span class='ocrx_word' id='word_1_677' title='bbox 805 5325 934 5395; x_wconf 65' lang='lat'><strong>204,</strong></span> <span class='ocrx_word' id='word_1_678' title='bbox 977 5340 1129 5380; x_wconf 88' lang='lat' dir='ltr'><strong>num.</strong></span> <span class='ocrx_word' id='word_1_679' title='bbox 1162 5325 1217 5392; x_wconf 91' lang='lat'><strong>6,</strong></span> <span class='ocrx_word' id='word_1_680' title='bbox 1252 5341 1378 5381; x_wconf 87' lang='lat' dir='ltr'><strong>nov.</strong></span> <span class='ocrx_word' id='word_1_681' title='bbox 1421 5327 1550 5383; x_wconf 91' lang='lat' dir='ltr'><strong>edit.</strong></span> <span class='ocrx_word' id='word_1_682' title='bbox 1589 5327 1728 5400; x_wconf 90' lang='lat' dir='ltr'><strong>Opp.</strong></span> 
     </span>
    </p>
   </div>
   <div class='ocr_carea' id='block_1_102' title="bbox 142 5395 730 5468">
    <p class='ocr_par' dir='ltr' id='par_1_102' title="bbox 142 5395 730 5468">
     <span class='ocr_line' id='line_1_102' title="bbox 142 5395 730 5468; baseline -0.003 -16"><span class='ocrx_word' id='word_1_683' title='bbox 142 5395 291 5452; x_wconf 82' lang='lat' dir='ltr'><strong>tom.</strong></span> <span class='ocrx_word' id='word_1_684' title='bbox 328 5395 429 5468; x_wconf 89' lang='lat' dir='ltr'><strong>Ill,</strong></span> <span class='ocrx_word' id='word_1_685' title='bbox 452 5411 573 5468; x_wconf 82' lang='lat' dir='ltr'><strong>pag.</strong></span> <span class='ocrx_word' id='word_1_686' title='bbox 606 5396 730 5468; x_wconf 73' lang='lat'><strong>366.</strong></span> 
     </span>
    </p>
   </div>
   <div class='ocr_carea' id='block_1_103' title="bbox 137 5464 1725 5538">
    <p class='ocr_par' dir='ltr' id='par_1_103' title="bbox 137 5464 1725 5538">
     <span class='ocr_line' id='line_1_103' title="bbox 137 5464 1725 5538; baseline 0.006 -22"><span class='ocrx_word' id='word_1_687' title='bbox 137 5513 140 5516; x_wconf 83' lang='lat'><strong>.</strong></span> <span class='ocrx_word' id='word_1_688' title='bbox 220 5467 483 5538; x_wconf 28' lang='lat' dir='ltr'><strong>(lti)ﬁld.,</strong></span> <span class='ocrx_word' id='word_1_689' title='bbox 510 5464 602 5521; x_wconf 85' lang='lat' dir='ltr'><strong>lib.</strong></span> <span class='ocrx_word' id='word_1_690' title='bbox 642 5466 718 5521; x_wconf 86' lang='lat' dir='ltr'><strong>De</strong></span> <span class='ocrx_word' id='word_1_691' title='bbox 752 5464 1106 5536; x_wconf 85' lang='lat' dir='ltr'><strong>Spir.sanct.,</strong></span> <span class='ocrx_word' id='word_1_692' title='bbox 1142 5482 1262 5538; x_wconf 92' lang='lat' dir='ltr'><strong>cap.</strong></span> <span class='ocrx_word' id='word_1_693' title='bbox 1309 5468 1401 5536; x_wconf 88' lang='lat'><strong>29,</strong></span> <span class='ocrx_word' id='word_1_694' title='bbox 1447 5487 1598 5526; x_wconf 91' lang='lat' dir='ltr'><strong>num.</strong></span> <span class='ocrx_word' id='word_1_695' title='bbox 1640 5472 1725 5537; x_wconf 73' lang='grc'><strong>74,</strong></span> 
     </span>
    </p>
   </div>
   <div class='ocr_carea' id='block_1_104' title="bbox 179 5537 407 5592">
    <p class='ocr_par' dir='ltr' id='par_1_104' title="bbox 179 5537 407 5592">
     <span class='ocr_line' id='line_1_104' title="bbox 179 5537 407 5592; baseline -0.018 0"><span class='ocrx_word' id='word_1_696' title='bbox 179 5555 279 5592; x_wconf 72' lang='lat'><strong>:2.</strong></span> <span class='ocrx_word' id='word_1_697' title='bbox 314 5537 407 5590; x_wconf 78' lang='grc'><strong>65.</strong></span> 
     </span>
    </p>
   </div>
   <div class='ocr_carea' id='block_1_105' title="bbox 138 5555 1500 5678">
    <p class='ocr_par' dir='ltr' id='par_1_105' title="bbox 138 5555 1500 5678">
     <span class='ocr_line' id='line_1_105' title="bbox 138 5555 1500 5678; baseline -0.007 -5"><span class='ocrx_word' id='word_1_698' title='bbox 138 5555 536 5678; x_wconf 51' lang='grc' dir='ltr'><strong>ῗἿόίὲῗῦρτδιι</strong></span> <span class='ocrx_word' id='word_1_699' title='bbox 565 5606 652 5678; x_wconf 75' lang='lat'><strong>57,</strong></span> <span class='ocrx_word' id='word_1_700' title='bbox 692 5623 812 5676; x_wconf 85' lang='lat' dir='ltr'><strong>pag.</strong></span> <span class='ocrx_word' id='word_1_701' title='bbox 846 5607 984 5673; x_wconf 89' lang='lat'><strong>609;</strong></span> <span class='ocrx_word' id='word_1_702' title='bbox 1019 5617 1072 5663; x_wconf 88' lang='lat' dir='ltr'><strong>et</strong></span> <span class='ocrx_word' id='word_1_703' title='bbox 1097 5609 1186 5674; x_wconf 69' lang='lat'><strong>40,</strong></span> <span class='ocrx_word' id='word_1_704' title='bbox 1221 5623 1344 5677; x_wconf 87' lang='lat' dir='ltr'><strong>pag.</strong></span> <span class='ocrx_word' id='word_1_705' title='bbox 1375 5610 1500 5664; x_wconf 91' lang='lat'><strong>668.</strong></span> 
     </span>
    </p>
   </div>
   <div class='ocr_carea' id='block_1_106' title="bbox 147 5667 1441 5746">
    <p class='ocr_par' dir='ltr' id='par_1_106' title="bbox 147 5667 1441 5746">
     <span class='ocr_line' id='line_1_106' title="bbox 147 5667 1441 5746; baseline 0.005 -18"><span class='ocrx_word' id='word_1_706' title='bbox 147 5667 178 5678; x_wconf 83' lang='grc'><em>”</em></span> <span class='ocrx_word' id='word_1_707' title='bbox 222 5667 343 5746; x_wconf 65' lang='grc'>(18)</span> <span class='ocrx_word' id='word_1_708' title='bbox 387 5676 590 5737; x_wconf 72' lang='lat' dir='ltr'><strong>ltulin.,</strong></span> <span class='ocrx_word' id='word_1_709' title='bbox 625 5667 918 5730; x_wconf 38' lang='lat' dir='ltr'><strong>lli-stfeccl.</strong></span> <span class='ocrx_word' id='word_1_710' title='bbox 951 5667 1042 5732; x_wconf 84' lang='lat' dir='ltr'><strong>lib.</strong></span> <span class='ocrx_word' id='word_1_711' title='bbox 1075 5667 1322 5746; x_wconf 50' lang='lat' dir='ltr'><strong>Vincat:</strong></span> <span class='ocrx_word' id='word_1_712' title='bbox 1352 5680 1441 5734; x_wconf 82' lang='lat'><strong>25.</strong></span> 
     </span>
    </p>
   </div>
   <div class='ocr_carea' id='block_1_107' title="bbox 223 5746 1331 5818">
    <p class='ocr_par' dir='ltr' id='par_1_107' title="bbox 223 5746 1331 5818">
     <span class='ocr_line' id='line_1_107' title="bbox 223 5746 1331 5818; baseline 0.003 -19"><span class='ocrx_word' id='word_1_713' title='bbox 223 5750 343 5817; x_wconf 68' lang='grc' dir='ltr'>(Ην)</span> <span class='ocrx_word' id='word_1_714' title='bbox 389 5746 538 5804; x_wconf 80' lang='lat' dir='ltr'><strong>Thes.</strong></span> <span class='ocrx_word' id='word_1_715' title='bbox 575 5747 710 5802; x_wconf 80' lang='lat' dir='ltr'><strong>ortlt.</strong></span> <span class='ocrx_word' id='word_1_716' title='bbox 737 5748 857 5813; x_wconf 69' lang='grc' dir='ltr'><strong>Μ..</strong></span> <span class='ocrx_word' id='word_1_717' title='bbox 895 5749 986 5802; x_wconf 87' lang='lat' dir='ltr'><strong>lib.</strong></span> <span class='ocrx_word' id='word_1_718' title='bbox 1022 5764 1060 5814; x_wconf 87' lang='grc' dir='ltr'><strong>ι,</strong></span> <span class='ocrx_word' id='word_1_719' title='bbox 1089 5764 1209 5818; x_wconf 87' lang='lat' dir='ltr'><strong>cap.</strong></span> <span class='ocrx_word' id='word_1_720' title='bbox 1242 5749 1331 5803; x_wconf 81' lang='lat'><strong>52.</strong></span> 
     </span>
    </p>
   </div>
   <div class='ocr_carea' id='block_1_108' title="bbox 1842 4564 3408 4634">
    <p class='ocr_par' dir='ltr' id='par_1_108' title="bbox 1842 4564 3408 4634">
     <span class='ocr_line' id='line_1_108' title="bbox 1842 4564 3408 4634; baseline 0.001 -15"><span class='ocrx_word' id='word_1_721' title='bbox 1842 4566 2076 4630; x_wconf 86' lang='lat' dir='ltr'><strong>auditor,</strong></span> <span class='ocrx_word' id='word_1_722' title='bbox 2118 4567 2170 4619; x_wconf 93' lang='lat' dir='ltr'><strong>in</strong></span> <span class='ocrx_word' id='word_1_723' title='bbox 2216 4565 2542 4634; x_wconf 85' lang='lat' dir='ltr'><strong>Metaphrasi</strong></span> <span class='ocrx_word' id='word_1_724' title='bbox 2579 4564 2958 4631; x_wconf 59' lang='lat' dir='ltr'><strong>Ecclesiastai,</strong></span> <span class='ocrx_word' id='word_1_725' title='bbox 3009 4566 3082 4620; x_wconf 90' lang='lat' dir='ltr'><strong>ita</strong></span> <span class='ocrx_word' id='word_1_726' title='bbox 3129 4567 3274 4623; x_wconf 93' lang='lat' dir='ltr'><strong>hunc</strong></span> <span class='ocrx_word' id='word_1_727' title='bbox 3324 4569 3408 4622; x_wconf 85' lang='lat' dir='ltr'><strong>lo-</strong></span> 
     </span>
    </p>
   </div>
   <div class='ocr_carea' id='block_1_109' title="bbox 1838 4656 3409 4727">
    <p class='ocr_par' dir='ltr' id='par_1_109' title="bbox 1838 4656 3409 4727">
     <span class='ocr_line' id='line_1_109' title="bbox 1838 4656 3409 4727; baseline 0.003 -15"><span class='ocrx_word' id='word_1_728' title='bbox 1838 4673 1961 4712; x_wconf 90' lang='lat' dir='ltr'><strong>cum</strong></span> <span class='ocrx_word' id='word_1_729' title='bbox 2009 4657 2287 4722; x_wconf 79' lang='lat' dir='ltr'><strong>intellexit,</strong></span> <span class='ocrx_word' id='word_1_730' title='bbox 2317 4667 2421 4711; x_wconf 88' lang='lat' dir='ltr'><strong>etc.</strong></span> <span class='ocrx_word' id='word_1_731' title='bbox 2460 4677 2478 4708; x_wconf 73' lang='grc' dir='ltr'><strong>ο</strong></span> <span class='ocrx_word' id='word_1_732' title='bbox 2519 4675 2538 4707; x_wconf 71' lang='grc' dir='ltr'><strong><em>ι</em></strong></span> <span class='ocrx_word' id='word_1_733' title='bbox 2571 4659 2796 4711; x_wconf 90' lang='lat' dir='ltr'><strong>Omnem</strong></span> <span class='ocrx_word' id='word_1_734' title='bbox 2838 4656 3020 4727; x_wconf 89' lang='lat' dir='ltr'><strong>itaque</strong></span> <span class='ocrx_word' id='word_1_735' title='bbox 3051 4657 3409 4716; x_wconf 85' lang='lat' dir='ltr'><strong>dubitationis</strong></span> 
     </span>
    </p>
   </div>
   <div class='ocr_carea' id='block_1_110' title="bbox 1837 4747 3408 4820">
    <p class='ocr_par' dir='ltr' id='par_1_110' title="bbox 1837 4747 3408 4820">
     <span class='ocr_line' id='line_1_110' title="bbox 1837 4747 3408 4820; baseline 0.002 -16"><span class='ocrx_word' id='word_1_736' title='bbox 1837 4765 2050 4816; x_wconf 88' lang='lat' dir='ltr'><strong>ansam,</strong></span> <span class='ocrx_word' id='word_1_737' title='bbox 2085 4760 2145 4803; x_wconf 91' lang='lat' dir='ltr'><strong>ut</strong></span> <span class='ocrx_word' id='word_1_738' title='bbox 2191 4764 2315 4804; x_wconf 91' lang='lat' dir='ltr'><strong>eum</strong></span> <span class='ocrx_word' id='word_1_739' title='bbox 2349 4747 2507 4801; x_wconf 89' lang='lat' dir='ltr'><strong>Billio</strong></span> <span class='ocrx_word' id='word_1_740' title='bbox 2543 4749 2735 4818; x_wconf 88' lang='lat' dir='ltr'><strong>loquar</strong></span> <span class='ocrx_word' id='word_1_741' title='bbox 2762 4750 2899 4820; x_wconf 83' lang='lat'>(27),</span> <span class='ocrx_word' id='word_1_742' title='bbox 2955 4751 3114 4805; x_wconf 90' lang='lat' dir='ltr'><strong>nobis</strong></span> <span class='ocrx_word' id='word_1_743' title='bbox 3162 4753 3408 4808; x_wconf 81' lang='lat' dir='ltr'><strong>eximunt</strong></span> 
     </span>
    </p>
   </div>
   <div class='ocr_carea' id='block_1_111' title="bbox 1836 4838 3406 4910">
    <p class='ocr_par' dir='ltr' id='par_1_111' title="bbox 1836 4838 3406 4910">
     <span class='ocr_line' id='line_1_111' title="bbox 1836 4838 3406 4910; baseline 0.003 -16"><span class='ocrx_word' id='word_1_744' title='bbox 1836 4838 2198 4910; x_wconf 85' lang='lat' dir='ltr'><strong>Hieronymus</strong></span> <span class='ocrx_word' id='word_1_745' title='bbox 2245 4853 2298 4894; x_wconf 89' lang='lat' dir='ltr'><strong>et</strong></span> <span class='ocrx_word' id='word_1_746' title='bbox 2327 4839 2574 4903; x_wconf 71' lang='lat' dir='ltr'><strong>ltutinus,</strong></span> <span class='ocrx_word' id='word_1_747' title='bbox 2617 4840 2708 4908; x_wconf 90' lang='lat' dir='ltr'><strong>qui</strong></span> <span class='ocrx_word' id='word_1_748' title='bbox 2754 4843 2900 4897; x_wconf 90' lang='lat' dir='ltr'><strong>hunc</strong></span> <span class='ocrx_word' id='word_1_749' title='bbox 2944 4841 3111 4896; x_wconf 81' lang='lat' dir='ltr'><strong>fetum</strong></span> <span class='ocrx_word' id='word_1_750' title='bbox 3145 4859 3274 4898; x_wconf 82' lang='lat' dir='ltr'><strong>vero</strong></span> <span class='ocrx_word' id='word_1_751' title='bbox 3306 4859 3406 4900; x_wconf 83' lang='lat' dir='ltr'><strong>suo</strong></span> 
     </span>
    </p>
   </div>
   <div class='ocr_carea' id='block_1_112' title="bbox 1837 4930 3405 5003">
    <p class='ocr_par' dir='ltr' id='par_1_112' title="bbox 1837 4930 3405 5003">
     <span class='ocr_line' id='line_1_112' title="bbox 1837 4930 3405 5003; baseline 0.003 -17"><span class='ocrx_word' id='word_1_752' title='bbox 1837 4933 2048 5002; x_wconf 90' lang='lat' dir='ltr'><strong>parenti</strong></span> <span class='ocrx_word' id='word_1_753' title='bbox 2097 4931 2519 4987; x_wconf 64' lang='lat' dir='ltr'><strong>Neocaesariensi</strong></span> <span class='ocrx_word' id='word_1_754' title='bbox 2578 4930 2840 5003; x_wconf 86' lang='lat' dir='ltr'><strong>Gregorio</strong></span> <span class='ocrx_word' id='word_1_755' title='bbox 2894 4943 3172 4990; x_wconf 87' lang='lat' dir='ltr'><strong>asserunt.</strong></span> <span class='ocrx_word' id='word_1_756' title='bbox 3247 4934 3405 5002; x_wconf 86' lang='lat' dir='ltr'><strong>Quod</strong></span> 
     </span>
    </p>
   </div>
   <div class='ocr_carea' id='block_1_113' title="bbox 1835 5023 3405 5096">
    <p class='ocr_par' dir='ltr' id='par_1_113' title="bbox 1835 5023 3405 5096">
     <span class='ocr_line' id='line_1_113' title="bbox 1835 5023 3405 5096; baseline 0 -16"><span class='ocrx_word' id='word_1_757' title='bbox 1835 5035 2016 5081; x_wconf 89' lang='lat' dir='ltr'><strong>autem</strong></span> <span class='ocrx_word' id='word_1_758' title='bbox 2045 5025 2390 5081; x_wconf 85' lang='lat' dir='ltr'><strong>Nazianzeno</strong></span> <span class='ocrx_word' id='word_1_759' title='bbox 2435 5025 2698 5080; x_wconf 88' lang='lat' dir='ltr'><strong>tribtttum</strong></span> <span class='ocrx_word' id='word_1_760' title='bbox 2749 5023 2912 5079; x_wconf 80' lang='lat' dir='ltr'><strong>fuerit</strong></span> <span class='ocrx_word' id='word_1_761' title='bbox 2955 5026 3224 5096; x_wconf 89' lang='lat' dir='ltr'><strong>ejusmodi</strong></span> <span class='ocrx_word' id='word_1_762' title='bbox 3267 5041 3405 5096; x_wconf 89' lang='lat' dir='ltr'><strong>opus</strong></span> 
     </span>
    </p>
   </div>
   <div class='ocr_carea' id='block_1_114' title="bbox 1908 5181 3399 5257">
    <p class='ocr_par' dir='ltr' id='par_1_114' title="bbox 1908 5181 3399 5257">
     <span class='ocr_line' id='line_1_114' title="bbox 1908 5181 3399 5257; baseline 0.001 -17"><span class='ocrx_word' id='word_1_763' title='bbox 1908 5186 2020 5257; x_wconf 88' lang='lat'>(20)</span> <span class='ocrx_word' id='word_1_764' title='bbox 2061 5183 2228 5257; x_wconf 59' lang='lat' dir='ltr'><strong>Gripe.</strong></span> <span class='ocrx_word' id='word_1_765' title='bbox 2254 5184 2417 5249; x_wconf 82' lang='lat' dir='ltr'><strong>ortlt.,</strong></span> <span class='ocrx_word' id='word_1_766' title='bbox 2474 5193 2605 5237; x_wconf 90' lang='lat' dir='ltr'><strong>tom.</strong></span> <span class='ocrx_word' id='word_1_767' title='bbox 2641 5181 2705 5250; x_wconf 91' lang='lat' dir='ltr'><strong>ll,</strong></span> <span class='ocrx_word' id='word_1_768' title='bbox 2752 5199 2911 5255; x_wconf 85' lang='lat' dir='ltr'><strong>pagg.</strong></span> <span class='ocrx_word' id='word_1_769' title='bbox 2954 5184 3082 5252; x_wconf 69' lang='grc'><strong>484,</strong></span> <span class='ocrx_word' id='word_1_770' title='bbox 3117 5186 3242 5252; x_wconf 78' lang='lat'><strong>755,</strong></span> <span class='ocrx_word' id='word_1_771' title='bbox 3273 5185 3399 5251; x_wconf 74' lang='lat'><strong>952,</strong></span> 
     </span>
    </p>
   </div>
   <div class='ocr_carea' id='block_1_115' title="bbox 1834 5255 2197 5312">
    <p class='ocr_par' dir='ltr' id='par_1_115' title="bbox 1834 5255 2197 5312">
     <span class='ocr_line' id='line_1_115' title="bbox 1834 5255 2197 5312; baseline -0.017 0"><span class='ocrx_word' id='word_1_772' title='bbox 1834 5255 1937 5312; x_wconf 87' lang='lat'><strong>986</strong></span> <span class='ocrx_word' id='word_1_773' title='bbox 1970 5255 2023 5312; x_wconf 86' lang='lat' dir='ltr'><strong>et</strong></span> <span class='ocrx_word' id='word_1_774' title='bbox 2042 5255 2197 5310; x_wconf 81' lang='grc'><strong>1056.</strong></span> 
     </span>
    </p>
   </div>
   <div class='ocr_carea' id='block_1_116' title="bbox 1904 5323 2619 5396">
    <p class='ocr_par' dir='ltr' id='par_1_116' title="bbox 1904 5323 2619 5396">
     <span class='ocr_line' id='line_1_116' title="bbox 1904 5323 2619 5396; baseline -0.003 -16"><span class='ocrx_word' id='word_1_775' title='bbox 1904 5327 2017 5396; x_wconf 80' lang='lat' dir='ltr'>(2i)</span> <span class='ocrx_word' id='word_1_776' title='bbox 2056 5325 2225 5385; x_wconf 88' lang='lat' dir='ltr'><strong>Bibl.,</strong></span> <span class='ocrx_word' id='word_1_777' title='bbox 2265 5323 2386 5379; x_wconf 92' lang='lat' dir='ltr'><strong>cod.</strong></span> <span class='ocrx_word' id='word_1_778' title='bbox 2412 5339 2619 5396; x_wconf 52' lang='lat' dir='ltr'><strong>exarui.</strong></span> 
     </span>
    </p>
   </div>
   <div class='ocr_carea' id='block_1_117' title="bbox 1923 5393 3396 5466">
    <p class='ocr_par' dir='ltr' id='par_1_117' title="bbox 1923 5393 3396 5466">
     <span class='ocr_line' id='line_1_117' title="bbox 1923 5393 3396 5466; baseline -0.001 -15"><span class='ocrx_word' id='word_1_779' title='bbox 1923 5399 2014 5464; x_wconf 81' lang='lat'><strong>22)</strong></span> <span class='ocrx_word' id='word_1_780' title='bbox 2050 5396 2353 5466; x_wconf 83' lang='lat' dir='ltr'><strong>Prolegom.</strong></span> <span class='ocrx_word' id='word_1_781' title='bbox 2381 5397 2446 5466; x_wconf 67' lang='lat' dir='ltr'><strong>ael</strong></span> <span class='ocrx_word' id='word_1_782' title='bbox 2470 5395 2613 5466; x_wconf 80' lang='lat' dir='ltr'><strong>Bibl.</strong></span> <span class='ocrx_word' id='word_1_783' title='bbox 2640 5393 2779 5459; x_wconf 71' lang='grc' dir='ltr'><strong>ΡΡ..</strong></span> <span class='ocrx_word' id='word_1_784' title='bbox 2810 5395 2916 5450; x_wconf 82' lang='lat' dir='ltr'><strong>vol.</strong></span> <span class='ocrx_word' id='word_1_785' title='bbox 2949 5396 2992 5460; x_wconf 87' lang='grc' dir='ltr'>Ι,</span> <span class='ocrx_word' id='word_1_786' title='bbox 3023 5409 3146 5466; x_wconf 85' lang='lat' dir='ltr'><strong>pag.</strong></span> <span class='ocrx_word' id='word_1_787' title='bbox 3180 5395 3251 5450; x_wconf 80' lang='lat'><strong>22</strong></span> <span class='ocrx_word' id='word_1_788' title='bbox 3281 5410 3396 5466; x_wconf 80' lang='lat' dir='ltr'><strong>seq.</strong></span> 
     </span>
    </p>
   </div>
   <div class='ocr_carea' id='block_1_118' title="bbox 1927 5465 2647 5536">
    <p class='ocr_par' dir='ltr' id='par_1_118' title="bbox 1927 5465 2647 5536">
     <span class='ocr_line' id='line_1_118' title="bbox 1927 5465 2647 5536; baseline -0.006 -14"><span class='ocrx_word' id='word_1_789' title='bbox 1927 5467 2016 5536; x_wconf 77' lang='lat'><strong>25)</strong></span> <span class='ocrx_word' id='word_1_790' title='bbox 2056 5465 2346 5536; x_wconf 18' lang='lat' dir='ltr'><strong>libid.,pag.</strong></span> <span class='ocrx_word' id='word_1_791' title='bbox 2381 5465 2506 5528; x_wconf 81' lang='lat' dir='ltr'><strong>l2l,</strong></span> <span class='ocrx_word' id='word_1_792' title='bbox 2541 5465 2647 5536; x_wconf 78' lang='lat'><strong>§5.</strong></span> 
     </span>
    </p>
   </div>
   <div class='ocr_carea' id='block_1_119' title="bbox 1925 5535 2926 5604">
    <p class='ocr_par' dir='ltr' id='par_1_119' title="bbox 1925 5535 2926 5604">
     <span class='ocr_line' id='line_1_119' title="bbox 1925 5535 2926 5604; baseline -0.004 -12"><span class='ocrx_word' id='word_1_793' title='bbox 1925 5535 2016 5604; x_wconf 46' lang='lat' dir='ltr'>2A5)</span> <span class='ocrx_word' id='word_1_794' title='bbox 2059 5535 2203 5587; x_wconf 82' lang='lat' dir='ltr'><strong>llist.</strong></span> <span class='ocrx_word' id='word_1_795' title='bbox 2241 5535 2392 5596; x_wconf 86' lang='lat' dir='ltr'><strong>eccl.,</strong></span> <span class='ocrx_word' id='word_1_796' title='bbox 2431 5536 2521 5589; x_wconf 88' lang='lat' dir='ltr'><strong>lib.</strong></span> <span class='ocrx_word' id='word_1_797' title='bbox 2548 5535 2646 5599; x_wconf 49' lang='lat' dir='ltr'><strong>tu,</strong></span> <span class='ocrx_word' id='word_1_798' title='bbox 2685 5549 2805 5604; x_wconf 90' lang='lat' dir='ltr'><strong>cap.</strong></span> <span class='ocrx_word' id='word_1_799' title='bbox 2836 5535 2926 5588; x_wconf 77' lang='lat'><strong>25.</strong></span> 
     </span>
    </p>
   </div>
   <div class='ocr_carea' id='block_1_120' title="bbox 1901 5605 2800 5680">
    <p class='ocr_par' dir='ltr' id='par_1_120' title="bbox 1901 5605 2800 5680">
     <span class='ocr_line' id='line_1_120' title="bbox 1901 5605 2800 5680; baseline -0.006 -18"><span class='ocrx_word' id='word_1_800' title='bbox 2056 5605 2132 5680; x_wconf 90' lang='lat' dir='ltr'><strong>_De</strong></span> <span class='ocrx_word' id='word_1_801' title='bbox 2158 5607 2275 5680; x_wconf 79' lang='lat' dir='ltr'><strong>_t_:ir._</strong></span> <span class='ocrx_word' id='word_1_802' title='bbox 2303 5605 2528 5672; x_wconf 59' lang='grc' dir='ltr'><strong>ξιιμ-πη,</strong></span> <span class='ocrx_word' id='word_1_803' title='bbox 2559 5622 2678 5675; x_wconf 85' lang='lat' dir='ltr'><strong>cap.</strong></span> <span class='ocrx_word' id='word_1_804' title='bbox 2715 5605 2800 5658; x_wconf 76' lang='grc'><strong>65.</strong></span> 
     </span>
    </p>
   </div>
   <div class='ocr_carea' id='block_1_121' title="bbox 1903 5675 2601 5747">
    <p class='ocr_par' dir='ltr' id='par_1_121' title="bbox 1903 5675 2601 5747">
     <span class='ocr_line' id='line_1_121' title="bbox 1903 5675 2601 5747; baseline -0.004 -16"><span class='ocrx_word' id='word_1_805' title='bbox 1903 5675 2014 5747; x_wconf 84' lang='lat'>(26)</span> <span class='ocrx_word' id='word_1_806' title='bbox 2056 5676 2108 5728; x_wconf 90' lang='lat' dir='ltr'><strong>In</strong></span> <span class='ocrx_word' id='word_1_807' title='bbox 2141 5675 2348 5747; x_wconf 62' lang='lat' dir='ltr'><strong>Eri-les.</strong></span> <span class='ocrx_word' id='word_1_808' title='bbox 2383 5692 2500 5744; x_wconf 83' lang='lat' dir='ltr'><strong>cap.</strong></span> <span class='ocrx_word' id='word_1_809' title='bbox 2533 5692 2601 5728; x_wconf 91' lang='lat' dir='ltr'><strong>Iv.</strong></span> 
     </span>
    </p>
   </div>
   <div class='ocr_carea' id='block_1_122' title="bbox 1904 5741 3390 5819">
    <p class='ocr_par' dir='ltr' id='par_1_122' title="bbox 1904 5741 3390 5819">
     <span class='ocr_line' id='line_1_122' title="bbox 1904 5741 3390 5819; baseline -0.002 -16"><span class='ocrx_word' id='word_1_810' title='bbox 1904 5741 2016 5819; x_wconf 83' lang='lat'>(27)</span> <span class='ocrx_word' id='word_1_811' title='bbox 2055 5747 2110 5801; x_wconf 89' lang='lat' dir='ltr'><strong>In</strong></span> <span class='ocrx_word' id='word_1_812' title='bbox 2137 5746 2321 5803; x_wconf 76' lang='lat' dir='ltr'><strong>Monii.</strong></span> <span class='ocrx_word' id='word_1_813' title='bbox 2357 5747 2422 5801; x_wconf 83' lang='lat' dir='ltr'><strong>ad</strong></span> <span class='ocrx_word' id='word_1_814' title='bbox 2450 5741 2591 5800; x_wconf 76' lang='lat' dir='ltr'><strong>orat.</strong></span> <span class='ocrx_word' id='word_1_815' title='bbox 2630 5761 2748 5815; x_wconf 64' lang='lat' dir='ltr'><strong>qua:</strong></span> <span class='ocrx_word' id='word_1_816' title='bbox 2776 5744 2971 5800; x_wconf 88' lang='lat' dir='ltr'><strong>dicitur</strong></span> <span class='ocrx_word' id='word_1_817' title='bbox 2996 5741 3274 5802; x_wconf 79' lang='lat' dir='ltr'><strong>Nazianz..</strong></span> <span class='ocrx_word' id='word_1_818' title='bbox 3299 5744 3390 5799; x_wconf 78' lang='lat'><strong>55.</strong></span> 
     </span>
    </p>
   </div>
  </div>
