3882 6332
577 282 678 339 367

1621 271 1680 328 s.
1723 270 2123 356 caueamus
2160 269 2760 330 rusvnnuncus.
3620 286 3698 344 993

572 400 630 456 in
673 397 950 470 plerisque
1003 407 1142 448 mss.
1182 389 1461 448 codicibus
1484 389 1714 453 Grazels,
1765 389 1820 444 in
1855 389 1948 443 illo
1981 389 2143 444 etiam
2176 394 2220 451 Λ
2252 387 2304 443 in
2334 389 2564 445 concilio
2589 387 2910 455 Quinisexto
2934 385 3048 441 haec
3074 385 3276 442 sanctio
3292 387 3418 445 edita
3441 390 3559 465 (33):
3583 415 3601 449 ι
3622 398 3703 456 0b-

573 489 746 560 Begio
790 483 1165 542 vetustissimo
1219 495 1380 552 quem
1447 486 1704 534 accurate
1755 477 2019 533 describit
2071 477 2142 532 cl.

571 577 1015 645 Montfauconius
1057 574 1190 646 (28),
1235 582 1399 644 atque
1444 569 1580 626 adeo
1631 571 1686 625 in
1735 570 1893 625 editis
1934 577 2144 624 tantum

575 689 682 729 non
709 671 964 725 omnibus
989 676 1325 737 postremum
1351 664 1531 719 locum
1559 664 1701 718 inter
1723 661 1844 732 ejus
1872 662 2146 718 orationes

573 765 857 828 obtineat;
914 774 1205 815 commune
1273 772 1475 812 nomen
1545 755 1814 810 duntaxat
1868 755 1924 808 in
1979 769 2144 808 causa

572 857 693 910 fuit.
729 855 1005 920 Quantum
1049 851 1193 906 enim
1243 865 1307 904 ex
1355 849 1496 920 stylo
1545 853 1915 918 conjecturam
1967 846 2146 901 facere

571 949 726 1008 licet,
770 944 986 1000 tametsi
1030 941 1215 1013 negari
1262 955 1370 994 non
1409 939 1600 1010 possit,
1625 937 1760 1009 quin
1801 941 1872 993 sit
1908 937 2145 992 hominis

572 1037 816 1107 apprime
850 1035 1047 1090 eruditi
1079 1044 1133 1088 et
1159 1031 1400 1101 copiosi;
1450 1038 1632 1083 tamen
1671 1045 1780 1083 non
1830 1043 2144 1099 usquequa-

571 1144 676 1198 que
710 1128 872 1183 refert
903 1127 1238 1181 elaboratum
1282 1125 1412 1179 illud
1450 1130 1504 1178 et
1529 1118 1901 1192 ἀπεξεσμένον
1930 1119 2143 1176 dicendi

570 1234 775 1290 genus,
820 1218 963 1287 quod
1011 1217 1216 1286 passim
1267 1216 1321 1268 in
1354 1213 1682 1268 Nazianzeni
1723 1210 1939 1280 scriptis
1979 1210 2141 1265 lucet.

567 1309 952 1364 Connexiones
1036 1307 1426 1363 sententiarum
1513 1304 1795 1374 aliquanto
1871 1300 2143 1368 duriores,

569 1403 943 1471 transitusque
991 1399 1359 1470 abruptiores.
1411 1397 1564 1464 Quod
1610 1396 1656 1452 si
1686 1393 1934 1466 quaedam
1981 1393 2144 1447 verba

570 1493 900 1563 quandoque
932 1494 1220 1547 intertexta
1261 1489 1514 1556 fuissent,
1548 1489 1720 1542 multo
1755 1486 1973 1540 mollior
1999 1491 2146 1539 esset

572 1593 683 1639 tota
727 1594 1009 1640 contextus
1059 1583 1258 1645 facies,
1309 1581 1602 1650 minusque
1665 1577 1832 1633 invite
1890 1576 2031 1630 inter
2085 1587 2145 1629 se

567 1677 780 1734 coirent
809 1677 1112 1732 sententias.
1138 1674 1338 1730 Verum
1367 1673 1569 1728 idcirco
1601 1671 1830 1728 fortasse
1856 1685 1964 1724 non
1991 1666 2138 1730 facit,

567 1773 697 1840 quia
750 1769 972 1824 minime
1015 1769 1188 1823 libero
1235 1781 1430 1837 campo
1475 1765 1718 1821 decurrit
1777 1762 2002 1819 oratio:
2042 1760 2137 1817 sed
2173 1745 2213 1798 Β

567 1863 943 1920 translationis
995 1862 1153 1933 quasi
1205 1861 1460 1916 cancellis
1509 1857 1835 1930 quibusdam
1898 1856 2137 1910 circum-

567 1957 767 2026 scripta
797 1965 899 2012 est.
933 1975 950 2007 ι
1006 1953 1132 2009 Haec
1164 1952 1333 2007 ferme
1361 1951 1445 2005 vir
1475 1951 1563 2006 ille
1597 1950 1812 2003 doctus.
1863 1946 2136 2002 Cazterum

565 2050 633 2104 ad
661 2048 1012 2105 asserendam
1047 2045 1258 2101 auctori
1294 2060 1394 2100 suo
1425 2043 1564 2098 hanc
1588 2040 1974 2111 Metaphrasiu,
2004 2035 2135 2091 illud

567 2155 786 2210 quoque
841 2139 1076 2203 accedit,
1127 2137 1272 2208 quod
1321 2137 1376 2191 in
1424 2151 1486 2190 ea
1536 2135 1838 2206 peculiares
1886 2131 2133 2202 qua'dam

564 2234 870 2290 locutiones
927 2238 1257 2294 occurrunt,
1312 2229 1515 2298 quibus
1568 2228 1621 2280 in
1675 2226 2005 2296 Panegyrico
2063 2223 2133 2278 ad

572 2323 850 2396 Origeuem
877 2325 1048 2378 utitur
1067 2322 1532 2393 Thaumaturgus,
1559 2329 1617 2374 ut
1641 2320 1694 2372 in
1717 2317 1979 2388 subjectis
2005 2331 2134 2370 eru-

566 2421 664 2496 diti
693 2418 931 2488 Bengelii
963 2415 1404 2472 adnotationibus
1428 2413 1612 2467 videre
1647 2421 1758 2478 est;
1793 2411 1885 2482 qui
1916 2421 1970 2466 et
2002 2407 2135 2463 illud

566 2508 674 2564 huc
709 2511 985 2580 pertinens
1038 2507 1188 2562 addit
1237 2506 1350 2577 (29)
1390 2521 1402 2558 :
1439 2524 1458 2556 ί
1492 2503 1750 2558 Modestia
1774 2543 1790 2570 ,
1855 2501 2130 2570 inquiens,

564 2619 687 2674 quas
715 2602 931 2671 quidem
973 2600 1140 2654 totius
1159 2597 1401 2670 Gregorii
1444 2596 1811 2650 characterem
1840 2593 2131 2663 quemdam

563 2693 896 2765 singularem
947 2690 1167 2752 facit,...
1217 2688 1274 2743 in
1324 2703 1489 2743 causa
1522 2687 1645 2753 fuit,
1698 2685 1912 2755 opinor,
1963 2692 2021 2737 ut
2063 2698 2132 2738 ex

561 2787 820 2840 omnibus
857 2783 1155 2853 Scriptor-te
1189 2793 1358 2833 sacra:
1397 2778 1550 2832 libris
1575 2776 1924 2830 Ecclesiasten
1957 2773 2132 2843 potis-

562 2882 796 2947 simum,
833 2878 1089 2933 vanitatis
1121 2876 1631 2935 demonstratorem,
1670 2868 1996 2938 Metapltrasi
2038 2882 2131 2921 or-

561 2973 804 3028 nandum
854 2977 1117 3034 sumeret,
1161 2978 1214 3022 et
1249 2967 1303 3020 in
1345 2966 1437 3019 illo
1467 2979 1631 3034 opere
1670 2970 1780 3016 tam
1815 2960 1985 3014 multa
2019 2967 2130 3014 tam

2245 483 2530 552 signamus
2561 483 2800 553 reliquos
2833 496 3024 538 omnes
3045 493 3296 546 canones,
3324 484 3404 552 qui
3435 499 3460 537 a
3487 492 3648 545 sanctis
3666 503 3706 548 et

2246 575 2418 630 beatis
2472 575 2674 630 nostris
2703 573 2956 630 Patribus
3003 573 3233 642 expositi
3260 583 3408 642 sunt;
3445 577 3490 633 id
3509 590 3578 636 est
3610 581 3708 640 Gre-

2245 668 2381 740 gorii
2407 665 2767 722 Neocaesarea:
2800 665 3039 736 episcopi
3073 664 3457 738 Thaumaturgi,
3477 680 3563 726 etc.
3587 690 3604 724 ι

2314 757 2380 813 Et
2416 759 2576 828 primi
2607 756 2824 827 quidem
2855 757 3040 811 decem
3070 771 3297 811 canones
3343 758 3550 812 omnium
3569 762 3708 816 erudi-

2247 859 2423 907 torum
2467 851 2693 908 calculis
2732 850 2980 923 Gregorii
3031 849 3459 906 Neoctesariensis
3501 868 3600 908 esse
3640 871 3712 910 no-

2245 952 2507 998 scuntur:
2543 951 2599 997 at
2631 943 2982 998 undecimum
3011 950 3067 997 et
3098 941 3337 996 ultimum
3371 951 3589 1012 tanquam
3616 947 3710 1000 sub-

2243 1036 2479 1091 dititium
2503 1036 2748 1106 plerique
2766 1034 3043 1105 rejiciunt,
3067 1041 3331 1105 praeeunte
3344 1035 3450 1090 viro
3469 1036 3714 1093 doctissimo

2239 1128 2456 1184 Joanne
2484 1129 2715 1194 Mor-ibo,
2748 1129 2842 1199 qui
2881 1128 3208 1184 sententiam
3262 1142 3404 1182 suam
3450 1130 3634 1198 exponit
3657 1130 3714 1185 bis

2244 1221 2426 1276 verbis
2465 1220 2574 1291 (⁸54)
2609 1239 2623 1275 :
2677 1239 2696 1273 t
2731 1219 3074 1275 Postremum
3103 1219 3253 1274 illum
3291 1235 3544 1285 canonem,
3569 1221 3715 1290 inquit,

2245 1312 2509 1383 Gregorio
2540 1311 2952 1382 Thaumaturgo
2973 1311 3313 1378 attributum,
3337 1326 3433 1364 non
3452 1326 3554 1366 esse
3575 1312 3714 1380 ipsius,

2245 1415 2306 1460 ut
2327 1406 2484 1475 vulgo
2509 1406 2747 1460 creditur
2775 1415 2829 1460 et
2858 1405 3114 1475 opinatur
3138 1403 3434 1471 Balsamon,
3478 1404 3558 1458 sed
3577 1420 3631 1458 ex
3654 1420 3718 1459 ca-

2245 1500 2482 1555 nonibus
2517 1499 2964 1570 praecedentibus,
3015 1507 3070 1552 et
3115 1496 3444 1567 potissimum
3485 1512 3544 1551 ex
3581 1504 3717 1551 sancto

2243 1590 2448 1646 Basilio
2481 1592 2769 1647 collectum
2807 1598 2862 1645 et
2884 1589 3130 1661 Gregorii
3157 1588 3445 1644 eanonibus
3478 1603 3718 1650 annexum,

2245 1683 2598 1740 manifestum
2629 1695 2711 1739 est
2744 1683 2980 1754 primum
3027 1698 3091 1737 ex
3133 1681 3397 1737 sermonis
3422 1689 3608 1737 tenore:
3645 1695 3718 1733 non

2241 1785 2324 1831 est
2349 1776 2493 1832 enim
2533 1791 2733 1841 canon,
2795 1776 2890 1832 sed
2941 1775 3383 1842 commentarius,
3412 1773 3555 1828 verba
3580 1770 3720 1841 quibus

2236 1868 2535 1939 Gregorius
2566 1885 2699 1925 usus
2731 1877 2850 1924 erat
2901 1869 3204 1939 explicans.
3248 1867 3342 1922 His
3373 1867 3504 1922 enim
3538 1866 3719 1922 stationi-

2239 1961 2341 2017 bus
2368 1971 2422 2016 et
2453 1977 2640 2016 earum
2673 1961 2990 2016 nominibus
3018 1977 3154 2017 usus
3185 1969 3301 2016 erat
3329 1969 3388 2014 ut
3410 1958 3612 2030 vulgatis
3627 1957 3722 2011 etab

2237 2052 2495 2107 omnibus
2519 2052 2772 2123 cognitis,
2808 2061 2868 2106 ut
2890 2059 2946 2106 et
2975 2060 3200 2107 sanctus
3232 2047 3474 2112 Basilius,
3499 2045 3719 2102 concilium

2235 2140 2542 2212 Nicrenum,
2564 2145 2934 2215 Ancyranum,
2953 2153 3078 2205 etc.,
3098 2157 3200 2199 nec
3226 2141 3280 2196 in
3305 2142 3530 2211 ipsorum
3552 2145 3723 2192 mentem

2239 2233 2410 2302 venit,
2438 2243 2623 2303 utpote
2649 2250 2765 2290 rem
2797 2235 3051 2289 omnibus
3080 2235 3378 2304 cognitam,
3408 2247 3494 2287 eas
3529 2231 3723 2297 interpre-

2236 2328 2361 2381 tari.
2415 2325 2616 2382 Deinde
2649 2327 2764 2397 ipse
2813 2342 2872 2382 se
2904 2327 3103 2397 prodit,
3137 2341 3263 2381 cum
3311 2324 3520 2380 scribit:
3549 2320 3724 2384 Auditic,

2235 2419 2439 2489 inquit,
2469 2429 2614 2487 etc.;
2655 2436 2780 2476 cum
2833 2421 2980 2475 enim
3023 2421 3140 2476 hrec
3173 2431 3368 2476 auctor
3389 2417 3640 2478 scribebat,
3662 2415 3725 2468 ba-

2235 2509 2395 2566 bebat
2425 2512 2481 2565 in
2511 2521 2695 2567 mente
2748 2513 2925 2568 sancti
2953 2512 3137 2568 Basilii
3194 2527 3476 2576 canonem,
3528 2508 3643 2564 unde
3666 2505 3727 2560 illi

2234 2603 2610 2674 interpretatio
2625 2605 2908 2676 desumpta
2935 2616 3036 2661 est.
3055 2605 3152 2661 Est
3174 2606 3231 2660 in
3259 2605 3564 2661 bibliotheca
3588 2602 3725 2656 illustr.

2233 2693 2479 2750 Francia;
2504 2696 2815 2752 cancellarii
2850 2697 3234 2768 antiquissima
3293 2711 3546 2753 canonum
3569 2694 3726 2751 Graecu-

2232 2803 2354 2842 rum
2382 2786 2634 2841 collectio
2661 2802 2692 2841 a
2720 2786 2984 2858 Gregorio
3012 2788 3324 2858 patriarcha
3354 2787 3453 2842 (ΖΡ.
3477 2795 3586 2841 ante
3606 2785 3728 2840 oetin-
3830 2815 3831 2858 ζ

2233 2887 2424 2949 gentos
2463 2892 2638 2932 annos
2671 2877 2975 2945 elaborata,
3005 2895 3126 2948 quae
3154 2888 3382 2935 caeteros
3418 2873 3730 2943 Thaumaturgi

2233 2983 2475 3025 canones
2504 2979 2695 3039 praeter
2753 2970 2916 3024 istum
2963 2969 3378 3037 complectitur
3431 2978 3730 3039 argumentum

560 3071 866 3134 Opportune
924 3061 1207 3116 scriberet.
1239 3078 1257 3110 ι
1311 3057 1482 3110 Porro
1534 3054 1828 3110 editionem
1884 3058 2126 3106 nostram
2161 3083 2206 3143 α
2237 3062 2482 3129 evidens,
2505 3062 2958 3118 commentarium
2992 3063 3144 3117 illum
3195 3072 3320 3134 post
3352 3072 3550 3133 tempus
3573 3060 3732 3113 δάκω.

559 3157 843 3226 exegimus
879 3157 948 3209 ad
987 3153 1350 3207 Parisiensem
1385 3166 1514 3204 ann.
1544 3147 1702 3214 1621,
1744 3147 1941 3202 additis
1994 3161 2135 3202 non-

561 3249 728 3305 nullis
781 3248 1021 3301 virorum
1072 3243 1408 3298 eruditorum
1469 3241 1634 3305 notis,
1699 3237 1904 3306 Vossii,
1966 3237 2133 3304 Billii,

563 3340 743 3396 Bucari
783 3349 836 3394 et
869 3337 1125 3409 Bengelii.

561 3447 653 3508 IV.
696 3451 754 3508 S.
777 3450 1013 3519 Gregorii
1037 3445 1277 3517 Epistola
1304 3444 1565 3519 canonica
1591 3458 1692 3513 qua
1717 3449 2131 3519 wtute‘exarata.

634 3524 774 3588 Quid
818 3514 898 3575 ἅθ’
917 3520 1014 3573 illa
1060 3514 1347 3571 concilium
1391 3514 1806 3579 Quinisextum?
1853 3515 1936 3567 An
1974 3514 2137 3567 unde-

630 3597 803 3648 cimus
839 3593 951 3662 ejus
985 3605 1153 3644 canon
1188 3588 1466 3641 sincerus?

633 3714 713 3770 Ex
746 3713 992 3784 epistolis
1021 3710 1194 3767 sancti
1219 3707 1399 3763 Patris
1453 3706 1647 3773 nostri,
1675 3721 1793 3775 quae
1816 3702 1968 3776 vulgo
1995 3703 2132 3774 fere-

560 3812 756 3865 bantur
781 3827 889 3879 quo
917 3818 1159 3879 tempore
1189 3805 1458 3862 scribebat
1479 3805 1671 3860 doctor
1691 3803 1962 3858 maximus
1997 3802 2132 3873 (30),

559 3919 670 3960 una
699 3909 938 3972 superat,
959 3902 1098 3955 inter
1114 3898 1406 3956 canonicas
1427 3896 1650 3951 Patrum
1679 3895 1952 3966 Epistolas
1973 3904 2136 3964 atque

561 3997 620 4052 in
643 3996 1012 4051 (lonciliorum
1035 3992 1364 4048 editiouibus
1385 3991 1588 4062 pluries
1619 4004 1840 4045 excusa.
1866 3987 2134 4058 Episcopo

556 4091 779 4145 cuidam
809 4087 990 4152 Ponti,
1026 4095 1085 4139 ut
1105 4086 1340 4150 videtur,
1389 4084 1561 4139 fuisse
1597 4083 1742 4137 illam
1787 4082 2129 4151 inscriptam,

558 4197 628 4236 ex
656 4183 777 4252 ipso
805 4180 1027 4235 exordio
1050 4187 1266 4233 constat
1294 4195 1309 4244 ;
1365 4193 1474 4246 quo
1499 4175 1792 4245 Gregorius
1819 4189 1944 4229 eum
1983 4188 2134 4229 com-

557 4274 786 4344 pellans,
849 4269 1141 4342 ἱερώτατον
1185 4269 1417 4322 πάππαν
1471 4266 1762 4320 nominat:
1817 4274 1949 4320 tunc
1985 4265 2131 4320 enim

556 4371 771 4425 dierum
824 4381 974 4436 papa:
1022 4364 1182 4434 vulgo
1220 4360 1512 4416 audiebant
1576 4357 1836 4427 episcopi.
1885 4357 1959 4412 Ea
2001 4371 2132 4413 vero

2239 3160 2353 3206 tum
2372 3152 2763 3297 Shaumaturgi
2794 3153 3046 3225 Epistolas
3075 3153 3252 3211 fuisse
3274 3163 3532 3211 assutum.
3559 3171 3578 3206 ι
3603 3150 3734 3206 liacu-

2240 3258 2345 3297 nus
2424 3285 2438 3297 .
2478 3243 2541 3297 C.

2240 3258 2345 3298 nus
2377 3243 2438 3298 V.
2478 3243 2541 3299 C.

2305 3347 2508 3403 Contra
2543 3363 2672 3403 vero
2703 3345 2912 3402 Natalis
2937 3346 3248 3402 Alexander
3300 3346 3532 3418 ejusdem
3571 3340 3734 3398 canonis

2238 3440 2512 3495 undecimi
2544 3441 2911 3495 sinceritatem
2942 3441 3146 3496 acriter
3177 3447 3484 3510 propugnat
3507 3437 3624 3509 (35),
3657 3432 3733 3503 pri-

2239 3548 2386 3586 mum
2419 3547 2483 3586 ex
2514 3532 2617 3586 ﬁde
2662 3531 3172 3602 antiquissimorum
3224 3547 3362 3585 mss.
3414 3545 3528 3600 quae
3558 3535 3736 3598 penessc

2234 3623 2429 3678 habuit
2458 3623 2748 3679 Balsamon
2784 3624 3096 3694 patriarcha
3137 3623 3528 3688 Aptiochenus,
3551 3618 3630 3690 qui
3655 3628 3734 3670 eam

2237 3716 2482 3786 Gregorii
2509 3717 2790 3787 epistolam
2841 3718 3256 3778 commentariis
3305 3717 3422 3772 suis
3467 3709 3734 3768 illustrant;

2237 3809 2432 3864 deinde
2462 3823 2529 3864 ex
2559 3809 2733 3878 ipsius
2771 3809 3012 3879 epistolae
3058 3809 3369 3864 canonibus
3404 3806 3452 3869 7,
3479 3806 3510 3860 8
3540 3817 3586 3859 et
3611 3802 3652 3862 9,
3675 3798 3735 3867 qui

2235 3903 2453 3958 eosdem
2506 3903 2837 3972 paenitentia:
2896 3903 3096 3971 gradus
3124 3909 3473 3965 enumerant,
3517 3911 3636 3969 quos
3659 3906 3739 3945 me-

2237 4002 2414 4049 morat
2441 4009 2617 4050 canon
2655 3994 2713 4048 il
2745 3995 2796 4048 in
2840 3992 3066 4048 dubium
3097 4004 3350 4049 vocatus.
3380 3993 3510 4047 Aliis
3545 3994 3738 4061 prmum

2236 4085 2410 4140 utitur
2439 4086 2774 4156 argumentis
2822 4086 2876 4140 in
2921 4086 3166 4140 eamdem
3221 4085 3560 4147 sententiam,
3603 4092 3742 4135 occur-

2236 4192 2365 4232 rens
2391 4193 2497 4232 una
2549 4177 2746 4234 Morini
2795 4179 3236 4249 objectionibus;
3268 4179 3338 4234 ad
3367 4191 3524 4247 quem
3575 4167 3741 4243 proinde

2233 4269 2464 4325 lectores
2491 4270 2843 4326 remittimus.
2867 4269 3136 4325 Cancrum
3172 4271 3321 4325 hanc
3359 4267 3624 4337 epistolam
3638 4258 3742 4315 exhi—

2236 4360 2428 4418 bemus
2453 4377 2518 4416 ex
2557 4361 2818 4433 Synodica
2853 4362 3128 4432 Beveregii
3173 4362 3312 4435 (56),
3343 4359 3549 4417 collatis
3571 4357 3742 4420 insupe!

557 4467 878 4530 tempestate
902 4464 1123 4512 sanctus
1138 4453 1298 4508 Pater
1318 4451 1464 4505 illam
1487 4449 1772 4518 scripsisse
1795 4447 2128 4516 perhibetur,

2237 4455 2563 4510 editionibus
2598 4455 2999 4512 Parisiensibus
3031 4454 3378 4511 Balsamouis
3424 4469 3512 4509 an.
3560 4447 3687 4510 1620,
3711 4452 3743 4496 et

555 4566 664 4620 qua
694 4547 889 4601 Boradi
911 4554 964 4600 et
987 4543 1172 4598 Gotthi
1197 4555 1430 4610 quorum
1460 4538 1575 4608 ipse
1598 4536 1844 4591 meminit
1872 4551 2079 4592 canone
2096 4537 2131 4592 5

555 4643 699 4697 inter
727 4640 862 4695 alias
892 4637 1035 4693 Asia:
1062 4634 1394 4707 provincias,
1433 4631 1666 4686 Pontum
1704 4643 1923 4699 quoque
1973 4628 2131 4683 iuva-

553 4743 745 4793 serant
769 4734 1066 4803 imperante
1090 4726 1400 4789 Valeriano,
1430 4735 1490 4778 ut
1518 4723 1680 4778 tradit
1699 4721 1952 4777 Zosimus
1979 4722 2089 4793 (51)
2111 4739 2126 4789 ;

551 4827 802 4894 adeoque
829 4839 973 4878 anno
1006 4820 1212 4876 Christi
1266 4819 1372 4873 ‘258
1432 4815 1635 4884 scripta
1695 4813 1867 4869 fuisse
1915 4813 2130 4867 videtur

551 4918 784 4990 epistola
824 4918 960 4988 (52).
989 4914 1125 4971 Cum
1156 4916 1339 4985 itaque
1361 4911 1798 4967 Christianorum
1821 4906 2128 4977 complures

550 5013 648 5084 qui
682 5027 748 5066 ex
787 5011 891 5066 hac
919 5010 1277 5065 barbarorum
1327 5005 1643 5061 incursione
1675 5003 1730 5057 in
1759 5001 2128 5072 captivitatem

553 5106 879 5171 inciderant,
913 5103 1085 5157 multa
1107 5110 1161 5156 et
1191 5099 1374 5171 gravia
1420 5103 1769 5168 peccassent;
1812 5095 1911 5148 hos
1955 5108 2126 5150 cano-

554 5216 651 5256 nes
685 5197 934 5254 exaravit
987 5204 1209 5251 sanctus
1253 5193 1450 5264 pracsul
1489 5186 1964 5254 Neoczcsariensis,
2015 5201 2125 5256 quo

550 5307 748 5348 eorum
776 5289 937 5345 saluti
965 5288 1142 5343 bonus
1195 5293 1381 5356 pastor
1401 5281 1768 5354 prospiceret;
1797 5278 1866 5334 de
1921 5277 2123 5348 quibus

611 5451 736 5522 με)
776 5449 1053 5522 Ραιαῖοαν.Δ
1076 5445 1192 5522 (ita,
1228 5458 1352 5522 pag.
1379 5440 1506 5496 250.

615 5506 732 5592 (29)
761 5523 818 5575 In
846 5506 1057 5592 ttotfad
1088 5506 1247 5585 Greg:
1275 5506 1509 5592 Thurini.
1533 5509 1816 5580 Panegyr.,
1845 5523 1966 5580 pag.
1993 5506 2120 5562 258.

623 5584 732 5662 (50)
760 5592 836 5645 De
858 5593 954 5645 vir.
981 5584 1346 5662 illustrqcap:
1362 5584 1455 5662 _65.

625 5647 736 5732 (δι)
769 5662 914 5717 Hist.
945 5663 1039 5716 lib.
1071 5677 1107 5732 ι,
1139 5647 1258 5730 pag.
1291 5647 1388 5712 '28
1415 5669 1530 5732 _s_e_q.
1579 5650 1925 5732 edit;_9xon.
1958 5647 2118 5704 1679.

625 5723 736 5804 (ὖῖ)
763 5732 997 5798 Tillem.,
1056 5723 1234 5786 Mein:
1254 5741 1386 5784 tom.
1415 5723 1510 5793 iV,
1534 5740 1659 5797 pag.
1687 5723 1812 5780 559.

2231 4548 2460 4607 Zonarte
2486 4549 2645 4613 1621,
2679 4549 2746 4605 ad
2779 4550 2982 4605 calcem
3014 4547 3257 4620 Operum
3285 4541 3670 4613 Thaumaturgi.

2238 4695 2296 4751 ν.
2337 4695 2415 4751 De
2462 4695 2516 4749 δ.
2547 4693 2786 4764 Gregorii
2831 4692 3088 4748 Oratione
3135 4693 3188 4746 in
3217 4693 3509 4764 Origenem
3573 4693 3744 4756 pauci?

2549 4763 2684 4822 rica.
2728 4766 2939 4830 Quanto
2971 4766 3026 4818 in
3049 4765 3219 4834 pretio
3252 4763 3456 4818 habita.

2300 4902 2504 4959 Ultimo
2533 4903 2654 4958 loco
2681 4901 2919 4957 stitimus
2952 4899 3265 4956 Orationem
3304 4900 3360 4952 in
3408 4896 3656 4964 Origenem
3674 4901 3743 4954 pa-

2227 4997 2552 5066 negyricum,
2586 5010 2750 5066 quam
2782 4995 3048 5050 Caesarea:
3072 4993 3382 5049 Palaestinae
3407 4991 3545 5046 circa
3589 4975 3745 5039 Christi

2229 5103 2433 5142 annum
2483 5087 2592 5143 259
2629 5086 2832 5142 schola:
2861 5083 3199 5156 Origeniana:
3256 5082 3629 5138 valedicturus.
3668 5091 3683 5122 ί
3710 5077 3746 5120 τί

2227 5187 2526 5232 convocata
2543 5175 2735 5248 grandi
2749 5175 3073 5246 frequentia,
3091 5173 3270 5244 inquit
3287 5170 3632 5240 Hieronymus
3647 5157 3745 5228 (37).

2227 5267 2347 5339 ίΡεο
2382 5284 2602 5341 quoque
2653 5267 2887 5342 Origene
2945 5275 3234 5339 praesente,
3289 5260 3532 5320 recitavit
3561 5277 3578 5311 ι
3605 5260 3747 5309 uoster

2296 5428 2408 5500 (55)
2429 5428 2598 5500 ϐοτη)ζ
2630 5425 2845 5500 Quini_s.
2871 5438 2994 5479 can.
3015 5421 3073 5478 2.

2295 5489 2409 5572 (54')
2439 5500 2518 5572 pe
2561 5489 2754 5572 Ptenir.
2787 5496 2881 5550 lib.
2906 5509 2980 5558 Vl,
3005 5508 3124 5564 cap.
3155 5489 3265 5562 l,§
3308 5492 3364 5547 9.

2297 5569 2409 5642 (55)
2437 5571 2662 5642 Dissert.
2689 5569 2757 5623 18
2783 5581 2908 5622 saec.
2942 5582 3024 5619 ιιι.

2297 5630 2408 5709 (56)
2435 5641 2690 5696 Paudect.
2726 5656 2870 5702 can.,
2911 5648 3045 5691 tom.
3074 5635 3142 5709 ll.
3165 5648 3295 5705 pag.
3319 5630 3500 5686 24-55.

2437 5713 2513 5768 De
2543 5715 2638 5769 air.
2674 5711 2896 5774 illustr.,
2925 5707 3164 5784 captiiii.
