3882 6332
179 333 268 388 069

755 393 808 412 ιχ

1603 325 1902 383 ΝΟΤῙἸΊΑ.

3268 333 3375 388 970

181 449 444 519 Gregorius
476 465 490 502 :
523 461 769 516 eamque,
828 457 966 504 teste
1012 447 1235 504 Socrate
1286 448 1398 519 (38)
1423 486 1436 510 ,
1489 456 1712 503 sanctus
1740 453 1783 508 Α
1815 446 1990 500 danda
2025 446 2293 502 videntur.
2317 446 2546 520 Jamque
2578 452 2648 507 ab
2675 452 2901 523 Evagrio
2926 451 3249 511 scholastico
3280 456 3376 510 ad-

180 540 468 610 Pamphilus
495 547 694 611 martyr
753 539 822 594 iis
873 540 1026 594 libris
1068 540 1406 610 adjunxerat.
1439 555 1576 609 quos
1603 553 1700 608 pro

177 635 401 705 Origenis
444 632 754 687 defensione
779 634 1108 702 perscripsit.
1147 633 1240 687 Est
1270 646 1398 688 vero
1426 632 1540 687 haec
1577 645 1703 684 ora-

178 731 260 791 tio,
286 713 345 781 ut
380 727 506 779 viris
548 726 720 780 doctis
755 726 1124 789 observatum,
1175 727 1372 780 eximia
1426 726 1584 795 plane
1639 741 1705 781 ac

175 818 481 889 perelegans,
507 815 650 868 omni
696 815 1044 868 scientiarum
1094 829 1289 885 genere
1336 815 1474 870 satis
1526 816 1701 870 abun-

173 908 292 961 dans
314 913 467 974 atque
492 904 627 958 inter
648 912 891 958 veterum
927 920 1088 974 opera
1111 905 1430 975 eloquentia:
1477 906 1701 960 absolu-

174 1000 356 1054 tissima
376 997 496 1066 jure
547 995 973 1050 annumeranda.
1005 997 1076 1050 At
1123 997 1188 1050 de
1219 996 1366 1052 illius
1417 997 1701 1066 praiscntia

175 1093 236 1146 cl.
297 1087 528 1158 Bcngelii
602 1087 867 1158 judicium
924 1103 1034 1157 pra:
1089 1088 1298 1143 caeteris
1330 1090 1504 1159 placet
1547 1090 1699 1161 (39):

178 1203 195 1236 ι
221 1181 346 1238 {unt
373 1181 640 1244 homines,
675 1180 873 1250 inquit,
903 1181 1194 1251 caeteroqui
1229 1183 1570 1247 excellentes,
1609 1183 1701 1252 qui

171 1292 316 1331 unum
350 1274 636 1344 aliquando
665 1275 903 1328 libellum
943 1274 1176 1329 naturali
1208 1273 1484 1334 refertum.
1517 1275 1702 1329 divino

170 1381 374 1422 vacuum
403 1368 534 1431 sale,
581 1374 855 1435 tantopere
883 1366 1236 1430 admirentur,
1268 1375 1329 1420 ut
1367 1367 1551 1422 multis
1596 1365 1700 1420 Pa-

169 1469 291 1512 trum
318 1459 681 1514 voluminibus
720 1469 1071 1529 anteponant.
1104 1459 1216 1514 Hac
1248 1461 1450 1514 trutina
1503 1461 1547 1514 si
1575 1475 1704 1530 aga—

167 1565 293 1616 mus,
317 1551 408 1604 uni
463 1549 703 1605 vicissim
759 1552 1029 1622 periocha:
1073 1550 1317 1614 Patrum,
1361 1552 1522 1604 etiam
1576 1566 1698 1605 cum

166 1641 292 1695 aliud
321 1650 498 1711 agant,
533 1657 675 1710 saepe
717 1643 840 1711 plus
874 1642 1194 1705 tribuamus,
1248 1656 1410 1711 quam
1469 1641 1700 1711 ingenti-

167 1732 253 1786 bus
275 1727 518 1801 quamvis
553 1733 834 1788 subtilium
884 1734 1226 1803 ingeniorum
1271 1733 1543 1801 operibus.
1588 1731 1702 1788 Hoc

165 1797 305 1879 certe
321 1824 435 1877 loco
468 1822 764 1893 Gregorius
793 1797 1061 1894 exquisite
1108 1797 1505 1892 complectitur,
1539 1821 1699 1890 quid-
1730 1797 1775 1852 Β

163 1917 274 1987 quid
302 1919 364 1970 de
384 1917 676 1972 virtutibus
711 1925 762 1970 et
787 1917 930 1972 vitiis
979 1915 1083 1969 dici
1123 1922 1318 1986 potest.
1363 1933 1381 1964 ι
1427 1912 1699 1979 Quantum

162 2023 302 2077 porro
325 2007 496 2076 prosit
541 2015 796 2076 praeterea
853 2006 970 2060 haec
1015 2005 1132 2075 ipsa
1183 2005 1363 2060 oratio
1393 2005 1460 2058 ad
1487 2019 1700 2058 summa

165 2099 269 2152 fidei
299 2099 466 2168 capita
497 2098 891 2161 confirmanda,
929 2097 1116 2152 Bullus
1159 2096 1394 2167 primum
1427 2095 1558 2166 (40),
1608 2095 1700 2150 de-

162 2191 269 2246 inde
290 2190 543 2244 Maranus
571 2190 680 2260 (41)
708 2189 948 2244 lucenter
972 2189 1428 2242 demonstrarunt.

217 2283 288 2336 Ad
316 2283 471 2353 hujus
517 2293 695 2337 autem
723 2281 985 2335 orationis
1017 2279 1284 2335 editiones
1314 2279 1456 2349 quod
1483 2279 1696 2341 attinet,

159 2383 440 2427 contextum
503 2370 792 2434 Graecum,
856 2369 1035 2423 addita
1092 2369 1531 2437 interpretatione
1586 2364 1700 2420 Sir-

162 2463 341 2525 tnondi,
388 2462 608 2533 primus
662 2459 931 2530 evulgavit
981 2457 1253 2512 Gcrardus
1283 2456 1508 2512 Vossius
1551 2455 1701 2511 Tun-

161 2554 344 2624 grensis
402 2558 756 2623 praepositus,
812 2549 1102 2621 Moguntize
1146 2565 1290 2604 anno
1332 2549 1489 2616 1604,
1535 2559 1699 2619 atque

159 2643 296 2698 istam
337 2645 633 2700 editionem
667 2643 932 2713 expressit
989 2641 1310 2698 Parisiensis
1355 2656 1483 2695 ann.
1540 2640 1696 2695 1621.

160 2735 331 2792 Verum
362 2738 511 2792 hanc
563 2737 731 2792 altera
785 2743 1152 2806 praecesserat,
1184 2749 1304 2805 quae
1334 2734 1513 2788 studio
1538 2731 1700 2788 Dati-

159 2832 232 2884 dis
262 2829 556 2885 Htescbelii
614 2844 734 2884 cum
797 2829 1045 2884 versione
1104 2826 1446 2880 Rhodomani
1500 2826 1700 2895 prodiit

160 2925 384 2993 Augusta!
416 2921 831 2976 Vindelicorum
864 2935 1007 2975 anno
1051 2919 1210 2984 1605,
1243 2915 1490 2989 Origenis
1516 2926 1698 2970 contra

157 3018 340 3072 Celsum
362 3020 526 3074 libris
553 3018 862 3087 subjuncta,
889 3031 1012 3070 cum
1038 3015 1316 3070 nonnullis
1339 3014 1583 3077 editoris,
1615 3011 1700 3067 in-

158 3112 375 3181 terpretis
423 3121 600 3181 atque
639 3108 804 3166 lsaaci
864 3107 1172 3164 Casauboni
1228 3105 1390 3161 notis.
1462 3104 1696 3174 ilujnsce
1723 3146 1762 3199 Ο

155 3214 310 3258 autem
341 3203 532 3260 saeculi
582 3217 722 3257 anno
767 3199 902 3254 1722
951 3199 1273 3268 Stutgardire
1304 3207 1550 3267 quartam
1578 3198 1694 3252 edi.
1723 3181 1764 3201 ’³

155 3296 328 3350 tionem
366 3296 558 3351 emisit
601 3293 836 3348 Joannes
873 3293 1122 3347 Albertus
1151 3291 1455 3361 Bengelius,
1487 3291 1694 3345 caeteris

157 3390 304 3445 multo
337 3389 792 3449 emendatiorem,
823 3400 984 3454 quam
1016 3393 1071 3438 et
1109 3383 1333 3438 eruditis
1362 3383 1695 3436 observatio-

154 3481 292 3536 nibus
325 3491 539 3551 textum
570 3479 911 3548 potissimum
969 3475 1337 3544 spectantibus
1386 3473 1690 3528 illustravit.

153 3574 306 3642 Atque
355 3574 505 3626 hanc
554 3568 1013 3640 Stulgardiensem
1069 3567 1357 3621 editionem
1402 3565 1691 3620 dolendum

156 3680 269 3720 sane
311 3663 644 3735 praeteriisse
688 3661 862 3715 virum
894 3660 1136 3728 doctum,
1163 3659 1255 3728 qui
1288 3658 1528 3712 eamdem
1555 3655 1691 3711 Grec

154 3755 270 3822 gorii
297 3756 462 3810 nostri
527 3752 825 3807 orationem
869 3757 1066 3819 quarto
1117 3747 1379 3802 volumini
1412 3745 1692 3816 Origenia-

154 3861 322 3901 norum
356 3846 594 3901 intexuit
637 3843 908 3913 ediditque
958 3841 1183 3896 Parisiis
1219 3857 1363 3896 anno
1404 3839 1561 3894 1759.
1596 3837 1692 3893 His

151 3940 312 4008 itaque
329 3937 598 3994 subsidiis
645 3935 892 3990 instructi
924 3942 1168 3988 nostram
1196 3932 1529 4002 paravimus,
1555 3929 1692 3984 Ben-

152 4031 326 4100 gelium
362 4035 686 4101 plerumque
716 4027 998 4092 assectati;
1031 4040 1260 4095 eamque
1288 4039 1382 4093 pro
1414 4038 1562 4078 more
1595 4037 1692 4076 no-

151 4131 249 4176 stro
313 4123 364 4175 in
403 4121 588 4189 capita
654 4135 749 4174 seu
798 4119 1067 4173 sectiones
1113 4115 1492 4170 distribuimus
1521 4155 1537 4176 ,
1580 4129 1691 4184 quo

153 4214 385 4267 nimirum
433 4213 563 4283 ejus
616 4213 773 4267 lectio
834 4209 1046 4265 facilior
1093 4208 1382 4272 utiliorque
1437 4207 1690 4275 deinceps

152 4305 338 4359 evadat.

152 4392 228 4450 Vl.
270 4397 388 4451 Hec
436 4405 644 4449 tantum
685 4409 844 4462 supra
880 4399 1171 4444 memorata
1204 4389 1442 4456 Gregorii
1472 4387 1688 4462 ἔθραυ-

208 4467 448 4521 soriensis
492 4467 697 4518 sincera
750 4459 1046 4516 litterarum
1078 4469 1432 4512 monumenta.
1467 4459 1683 4525 Reliqua

211 4538 280 4590 vel
307 4538 468 4590 dubia
505 4535 582 4588 vel
606 4533 1067 4602 pseudepigrap/m.
1110 4529 1532 4602 Expositiofidei
1561 4544 1684 4598 pro-

212 4606 360 4660 lixior
400 4597 727 4675 Apollinarii
772 4597 898 4675 esse
927 4597 1336 4675 demonstratur.
1381 4597 1530 4652 Idem
1566 4597 1688 4652 sen-

211 4677 434 4731 tiendum
451 4673 457 4675 ’
473 4678 538 4729 de
563 4673 1060 4727 Anathematismis.

209 4765 327 4824 Haec
375 4784 544 4839 porro
603 4767 903 4820 litterarum
965 4771 1313 4817 monumenta
1369 4760 1435 4815 de
1491 4759 1689 4831 quibus

148 4857 394 4917 hactenus
419 4858 837 4922 edisseruimus,
863 4870 927 4910 ea
954 4864 1080 4910 sunt
1119 4854 1404 4918 duntaxat,
1428 4867 1549 4922 quae
1575 4860 1689 4905 tum

146 4961 372 5006 veterum
405 4951 748 5011 auctoritate,
799 4958 913 5003 tum
947 4947 1306 5002 recentiorum
1355 4943 1688 4998 eruditorum

144 5055 401 5098 consensu
430 5050 679 5098 sanctum
704 5038 1022 5110 Gregorium
1069 5035 1557 5092 Neocazsariensem
1577 5033 1691 5102 epi-

146 5145 358 5201 scopum
391 5141 669 5187 auctorem
697 5140 1019 5201 agnoscunt.
1053 5126 1277 5198 Reliqua
1309 5142 1439 5181 vero
1482 5140 1604 5196 qua:
1637 5126 1688 5180 in

142 5223 295 5279 editis
323 5224 426 5279 sub
451 5224 570 5294 ejus
603 5223 823 5277 nomine
849 5214 1329 5284 circumferuntur,
1358 5218 1467 5273 alio
1495 5232 1689 5271 aman-

207 5353 313 5424 (58)
343 5355 486 5408 Hist.
515 5355 640 5410 εδει.
670 5354 763 5410 lib.
791 5371 864 5420 tv,
893 5369 1014 5422 cap.
1042 5353 1133 5408 27.

207 5419 314 5489 (59⁷)
353 5424 408 5477 In
447 5435 558 5479 not.
591 5428 656 5479 ad
683 5435 820 5478 orat.
852 5419 916 5478 in
942 5419 1162 5493 Origen.
1199 5419 1444 5493 cap._i2.

145 5495 312 5617 Γἕω)
347 5496 558 5564 Defens.
584 5497 676 5565 ῥά.
707 5494 854 5561 Nic.,
895 5504 1026 5549 sect.
1046 5490 1117 5558 it,
1144 5508 1263 5562 cap.
1295 5490 1382 5556 12,
1410 5492 1437 5559 §
1483 5491 1532 5553 ι,
1565 5503 1686 5558 pag.

175 5581 205 5616 ο
244 5606 252 5615 .
287 5581 440 5618 sena.

175 5582 252 5617 oo.
287 5582 440 5633 seqq.

204 5635 310 5702 (Η)
333 5634 514 5693 Divin.
561 5637 628 5690 D.
664 5635 736 5691 Ν.
763 5634 820 5690 1.
861 5636 947 5700 C.,
986 5634 1080 5689 lib.
1111 5649 1184 5700 tv,
1208 5647 1331 5702 cap.
1360 5630 1452 5694 ΞΟ,
1507 5645 1559 5699 p.
1589 5628 1684 5684 521

133 5717 295 5841 592$)
327 5772 490 5832 Hi“.
526 5776 652 5831 eccl.
679 5776 770 5832 lib.
800 5792 883 5844 Ill,
916 5791 1038 5848 cap.
1065 5774 1158 5832 21.

432 5870 712 5932 “not.
761 5870 877 5934 Gn.
911 5867 993 5931 Χ.

1716 4494 1760 4550 D

1801 553 2086 593 monemur
2105 538 2244 607 (η),
2259 540 2461 596 multos
2479 542 2808 612 Apollinaris
2822 545 2989 601 libros
3005 546 3308 601 Athanasio
3323 559 3375 603 et

1802 628 2050 698 Gregorio
2111 629 2502 702 Thaumaturgo
2549 645 2602 688 et
2651 633 2795 688 Julio
2827 635 3200 708 (Acephalos)
3232 637 3375 695 falso

1801 719 2154 790 ascripsisse:
2188 721 2421 786 Πολλοὺς
2453 723 2510 776 δὲ
2525 723 2928 797 Ἀπολλιναρίου
2959 727 3168 795 λόγους,
3220 730 3378 786 Ἀθα-

1802 809 1988 880 νασίῳ,
2027 812 2122 866 καὶ
2152 813 2436 884 Γρηγορέῳ
2461 814 2537 884 τῷ
2563 815 2969 888 Θαυματουργῷ
2993 820 3088 872 καὶ
3150 821 3373 893 Ἰουλίῳ,

1801 900 1888 954 διὰ
1915 902 2022 954 τῶν
2061 905 2376 975 ἐπιγραφῶν
2407 905 2804 960 ἀνατεθείκασι.
2840 907 3016 978 Atque
3060 911 3373 981 liujusmoili

1802 1001 1888 1046 est
1914 994 1966 1046 in
1991 994 2181 1064 primis
2230 993 2506 1064 Expositio
2529 996 2661 1065 ﬁdei
2689 997 2972 1066 prolixior,
3009 1003 3268 1072 inscripta
3306 1003 3377 1058 Ἢ

1802 1085 1952 1138 κατὰ
1973 1086 2156 1154 μέρος
2180 1087 2402 1154 πίστις,
2436 1090 2540 1143 hoc
2587 1098 2688 1152 est,
2719 1088 2880 1144 Fides
2905 1095 3264 1161 particulatim
3287 1096 3378 1150 di-

1803 1185 1992 1246 gesta:
2041 1179 2163 1233 ideo
2219 1181 2300 1236 sic
2350 1182 2513 1247 dicta,
2563 1191 2624 1236 ut
2673 1183 3058 1253 interpretatur
3100 1186 3373 1242 Gerardus

1805 1267 2031 1325 Vossius
2057 1271 2191 1342 (45),
2226 1273 2310 1326 vel
2337 1273 2485 1343 quod
2517 1290 2582 1327 ea:
2612 1284 2764 1344 parte
2793 1292 2914 1345 quae
2936 1288 3064 1331 sunt
3093 1279 3238 1346 fidei,
3265 1290 3375 1335 tra-

1802 1362 1893 1416 dat
1918 1372 2081 1432 atque
2105 1373 2367 1432 exponat;
2417 1365 2502 1419 vel
2556 1367 2700 1436 quod
2729 1384 2820 1436 per
2847 1380 3018 1437 partes
3051 1370 3104 1424 in
3145 1387 3206 1425 ea
3241 1374 3376 1428 fides

1801 1452 2116 1522 explicetur.
2147 1453 2296 1510 Hanc
2319 1463 2498 1510 autem
2530 1455 2924 1523 Expositione»:
2957 1462 3254 1530 genuinum
3279 1480 3375 1534 pa-

1805 1555 2012 1601 tentem
2065 1563 2364 1617 agnoscere
2422 1547 2841 1620 Apollinarium,
2894 1554 3071 1623 palam
3120 1571 3376 1627 compro-

1804 1637 2005 1692 barunt
2029 1639 2131 1694 sub
2163 1639 2342 1695 Leone
2387 1638 2409 1692 Ι
2440 1641 2768 1711 imperatore
2811 1641 3087 1700 Palaestini
3118 1648 3373 1704 monachi

1805 1738 1857 1784 et
1890 1730 1980 1783 alii
2037 1731 2498 1787 Chalcedonensis
2543 1734 2761 1788 concilii
2802 1747 3255 1807 propugnatores,
3286 1740 3374 1795 in.

1803 1822 1921 1890 quit
1944 1821 2014 1876 ci.
2051 1821 2379 1892 Lequienius
2409 1824 2544 1894 (44),
2603 1826 2816 1895 prolato
2843 1827 3101 1884 nimirum
3145 1845 3372 1899 operui:

1801 1912 1966 1983 hujus
1999 1913 2378 1970 bmresiarchaa
2422 1917 2636 1981 indice,
2687 1934 2848 1987 quem
2897 1918 3214 1978 Timotheus
3250 1925 3371 1995 ejus

1801 2003 2101 2074 discipulus
2132 2006 2262 2061 olim
2317 2017 2686 2063 contexuerat.
2739 2009 2892 2075 Quod
2938 2012 3154 2081 quidem
3184 2026 3370 2084 postea

1801 2095 2002 2150 diserte
2027 2105 2255 2152 testatus
2286 2105 2370 2153 est
2393 2097 2651 2152 Leontius
2674 2098 2967 2170 Byzantius
3015 2103 3068 2157 in
3113 2104 3254 2160 libro
3274 2107 3372 2161 ad-
3451 2125 3471 2141 ο

1800 2201 1992 2242 versus
2042 2186 2478 2256 Apollinaristas,
2517 2190 2604 2244 cui
2653 2191 2843 2247 titulus
2869 2191 3058 2250 Latine
3104 2196 3369 2263 redditus,

1802 2275 1869 2332 1η
1902 2295 1989 2332 eos
2009 2279 2100 2349 qui
2125 2281 2397 2349 proferunt
2424 2281 2572 2336 nobis
2595 2285 2838 2354 quazdam
2859 2285 3200 2354 Apollinarii,
3229 2288 3370 2358 falso

1800 2370 2055 2439 inscripta
2096 2372 2303 2425 nomine
2332 2381 2636 2426 sanctorum
2689 2373 2934 2428 Patrum.
2969 2373 3059 2431 Sic
3082 2375 3248 2448 igitur
3281 2378 3372 2434 ille

1803 2463 1988 2517 statim
2022 2463 2090 2518 ab
2120 2464 2274 2519 initio
2295 2464 2448 2535 (45):
2485 2483 2504 2517 ι
2541 2463 2770 2532 Quidam
2821 2482 2886 2522 ex
2920 2468 3113 2524 haeresi
3165 2470 3371 2540 Apolli-

1799 2554 1941 2608 narii
1991 2556 2074 2610 vel
2117 2557 2371 2626 Eutycbis
2409 2557 2494 2611 vel
2531 2557 2794 2624 Dioscori,
2840 2575 2964 2614 cum
3009 2561 3207 2616 vellent
3257 2562 3370 2617 hie-

1802 2647 1966 2702 resim
2016 2663 2170 2702 suam
2213 2648 2570 2715 conﬁrmare,
2617 2652 2881 2720 quasdam
2933 2655 3209 2710 orationes
3255 2655 3368 2724 (λό-

1798 2737 1960 2809 γους)
1991 2737 2332 2808 Apollinarii,
2363 2738 2615 2811 Gregorio
2652 2741 3047 2813 Thaumaturgo
3080 2756 3174 2800 aut
3206 2747 3370 2799 Atha-

1800 2830 1948 2882 nasio
1977 2838 2073 2884 aut
2095 2828 2244 2884 Iulio
2271 2830 2685 2901 inscripserunt,
2721 2845 2780 2889 ttt
2810 2835 3170 2905 simpliciores
3209 2838 3363 2892 falle-

1803 2928 1954 2974 rent:
1984 2920 2129 2990 quod
2158 2920 2379 2991 quidem
2404 2922 2764 2991 perfecerunt.
2791 2965 2804 2979 .
2826 2967 2870 2981 ..
2902 2925 2968 2980 Et
2993 2928 3136 2997 apud
3167 2929 3370 2984 multos

1800 3030 1867 3070 ex
1900 3025 2046 3071 recte
2095 3016 2438 3073 credentibus
2480 3019 2717 3087 reperire
2754 3022 2959 3089 poteris
3001 3021 3222 3085 librum,
3275 3023 3365 3076 cui

1799 3111 2010 3177 titulus,
2027 3109 2096 3165 Ἠ
2113 3110 2262 3164 κατὰ
2273 3109 2452 3180 μέρος
2473 3112 2694 3179 πίστις,
2713 3113 3028 3184 inscriptum
3061 3114 3326 3184 Gregorio.
3341 3135 3362 3168 ι

1800 3202 2052 3272 Idemque
2078 3202 2346 3272 judicium
2371 3203 2494 3258 tulit
2519 3202 2779 3274 Eulogius
2800 3205 3200 3261 Alexandrinus
3222 3210 3364 3277 apud

1799 3295 2050 3350 Photium
2086 3295 2222 3365 (46).
2258 3294 2324 3349 Et
2350 3299 2694 3364 postmodum
2724 3298 2920 3353 similia
2959 3300 3178 3368 scripsit
3201 3303 3362 3355 etiam

1796 3385 2134 3458 Nicephorus
2165 3387 2276 3442 ΟΡ.
2302 3387 2458 3444 initio
2486 3388 2883 3444 dissertationis
2913 3399 3103 3446 contra
3132 3390 3366 3462 Epipha-

1798 3478 2003 3532 nidem.

1872 3588 1891 3620 ‹
1927 3567 2182 3636 Quinimo
2220 3567 2434 3633 (verbis
2461 3577 2585 3622 utor
2615 3568 2718 3622 viri
2750 3569 2896 3624 docti
2923 3570 3033 3638 (47)
3060 3571 3221 3626 modo
3243 3572 3367 3626 lau-

1798 3660 1938 3730 dati)
1971 3659 2213 3728 ejusdem
2239 3659 2397 3728 plane
2429 3657 2655 3712 furfuris
2677 3669 2802 3714 sunt
2825 3660 2898 3713 illi
2917 3660 3190 3715 duodecim
3219 3663 3368 3716 Ana-

1798 3751 2119 3805 thematismi
2167 3766 2283 3803 cum
2318 3766 2498 3804 eorum
2551 3753 3000 3820 interpretatione,
3040 3769 3163 3823 quae
3190 3754 3370 3810 Thau.

1796 3845 2030 3914 maturgi
2055 3859 2252 3898 nomen
2281 3843 2504 3913 perinde
2530 3844 2811 3913 prmlixum
2842 3845 3061 3899 habent.
3079 3845 3193 3901 Etsi
3219 3849 3364 3903 etiim

1795 3951 1902 3990 una
1926 3947 2120 3989 natura
2153 3935 2206 3988 in
2239 3934 2320 3990 eis
2351 3934 2552 3989 diserte
2578 3949 2687 3989 non
2725 3938 3076 4006 exprimitur,
3111 3939 3363 3994 latentem

1796 4035 1974 4081 tamen
2006 4025 2190 4079 dolum
2244 4025 2488 4080 indicant
2519 4028 2794 4080 consueta:
2825 4027 3225 4096 Apollinaristis
3282 4030 3364 4082 lo-

1795 4118 2062 4179 cutiones,
2095 4117 2294 4186 quibus
2329 4116 2469 4171 male
2520 4131 2684 4172 sanas
2728 4117 2947 4172 Diodori
2985 4117 3272 4175 Tarsensis
3298 4121 3365 4174 de

1791 4207 1994 4264 Christi
2025 4222 2254 4278 persona
2286 4215 2340 4262 et
2369 4215 2561 4264 natura
2579 4223 2742 4263 voces
2762 4213 3168 4280 expugnabant,
3198 4227 3366 4276 seque.

1794 4301 1929 4355 adeo
1964 4300 2241 4356 catholicae
2289 4301 2411 4356 fidei
2458 4299 2797 4370 professores
2825 4303 3208 4357 obtendebant.
3255 4301 3360 4358 Sed

1793 4403 1847 4448 et
1879 4394 1931 4447 in
1988 4395 2178 4464 primis
2208 4411 2271 4449 ex
2303 4394 2496 4449 iisdem
2529 4396 2779 4466 capitulis
2828 4395 3183 4460 addiscimus,
3223 4411 3361 4463 quo-

1791 4503 1914 4541 nam
1938 4497 2095 4558 pacto
2117 4487 2412 4558 Scriptura:
2435 4505 2602 4544 sacra:
2635 4489 2750 4543 loca
2782 4489 2954 4554 varia,
2984 4489 3182 4558 quibus
3208 4488 3367 4543 Chri—

1795 4591 1933 4645 stus,
1970 4590 2029 4635 ut
2051 4581 2352 4647 divinitate,
2384 4581 2455 4636 ita
2509 4591 2563 4636 et
2591 4581 2925 4635 humanitate
2983 4579 3257 4650 perfectus
3285 4582 3361 4635 si-

1728 4717 1739 4728 .
1793 4672 2102 4740 gnificatur,
2132 4672 2197 4726 ad
2224 4688 2382 4728 suum
2409 4687 2630 4728 sensum
2664 4681 2996 4742 torquerent.
3031 4671 3140 4726 Nec
3176 4670 3359 4726 fucum

1793 4761 1977 4830 iaciat,
2005 4763 2098 4818 ubi
2131 4764 2367 4817 animam
2401 4762 2615 4818 Domini
2650 4763 2896 4834 ἀνόητον,
2940 4764 3131 4817 mentis
3173 4780 3358 4831 exper-

1797 4865 1918 4925 tem,
1939 4870 2060 4912 esse
2087 4854 2300 4910 videtur
2327 4855 2576 4912 inliciari.
2607 4854 2728 4910 Non
2776 4857 2921 4911 enim
2953 4856 3191 4910 humana
3222 4857 3362 4911 nati-

1795 4961 1970 5016 vaque
1995 4945 2234 5000 hominis
2267 4954 2445 5001 mente
2487 4946 2765 5016 praeditam
2827 4946 3090 5015 intelligit,
3140 4947 3231 5001 sed
3277 4947 3360 5002 di-

1794 5035 1922 5090 vino
1955 5034 2139 5101 Verbi,
2184 5044 2245 5090 ut
2271 5036 2364 5102 ait,
2389 5037 2600 5106 spiritu,
2629 5053 2736 5104 quo
2766 5035 2968 5091 factum
2997 5037 3086 5100 sit,
3114 5047 3173 5091 ut
3193 5037 3356 5108 ἀνόη-

1793 5145 1902 5192 τος,
1922 5129 2107 5183 mentis
2135 5120 2340 5197 expers,
2359 5128 2724 5185 absolutetlici
2743 5145 2850 5184 non
2874 5130 3137 5184 debuerit.
3157 5128 3328 5196 Quam
3344 5157 3360 5166 -

1795 5221 1980 5275 obrem
2010 5218 2279 5290 ejusmodi
2304 5218 2552 5274 formulae
2591 5220 2712 5274 fidei
2741 5229 2794 5274 et
2821 5219 3257 5275 anathematismi
3290 5218 3363 5272 ad

1866 5351 1978 5419 (45)
2001 5350 2059 5405 ιη
2091 5351 2316 5419 Argum.
2341 5349 2512 5419 hujus
2539 5348 2736 5418 Expos.

1865 5418 1980 5484 (46)
2008 5418 2300 5492 Dissona.)
2335 5418 2654 5492 Damasc._§
2677 5421 2733 5492 ἐξ.
2758 5436 2887 5492 pag:
2911 5435 2979 5492 _n.

1867 5492 1976 5560 (4‘5)
2008 5488 2199 5545 Leont.
2228 5489 2379 5561 Byz.,
2404 5499 2534 5545 tom.
2564 5486 2651 5544 Π(
2678 5486 2817 5543 Bibi.
2841 5486 2968 5542 ῬΡ.
3001 5486 3195 5556 Lugd.,
3232 5501 3352 5556 pag.

1741 5566 1743 5568 ’
1794 5560 1918 5616 707.

1866 5631 1978 5701 (46)
2007 5629 2169 5692 Bibl.,
2189 5630 2311 5686 cod.
2339 5647 2532 5686 ccxxx.
2869 5697 2884 5701 _
2935 5700 2942 5701 ί
3103 5663 3119 5684 ι

1867 5697 1976 5772 (47)
1998 5701 2256 5772 Lequicn.
2276 5703 2492 5758 dissert.
2513 5703 2546 5755 2
2567 5701 2838 5764 Damasc.,
2864 5697 2890 5770 §
2920 5700 2975 5764 9,
3004 5713 3128 5768 pag.
3147 5709 3354 5756 xxvvtt.

2957 5860 3028 5919 3t
