3882 6332
524 281 620 340 9η

524 402 679 461 illum
709 404 944 476 lapidem
991 403 1197 476 lydlum
1251 390 1557 470 revocanda
1617 417 1768 472 sunt.
1807 425 1970 480 quem
2023 425 2091 465 ex

523 494 788 568 Gregorio
811 493 1154 551 Nazianzeno
1185 495 1298 566 (48)
1349 506 1569 568 propter
1598 496 1791 554 Vitalis
1819 499 2097 570 Apollina-

526 589 672 645 ristae
731 588 965 644 similem
1014 588 1416 644 confessionem
1473 591 1640 661 paulo
1695 601 1821 647 ante
1865 594 2099 663 protuli-

523 696 669 735 mus.
705 680 1023 736 illactenus
1053 678 1118 735 V.
1167 680 1232 735 C.
1288 697 1448 752 quem
1502 683 1731 740 consule
1764 701 1981 756 quoque
2026 687 2095 743 ad

524 771 800 826 Parallela
838 771 1219 828 Damascenica
1275 771 1510 843 (19),ubi
1542 790 1608 830 ex
1640 776 2095 834 anathematismo

473 881 484 926 ρ
523 864 592 919 12
617 864 719 920 sub
744 866 964 921 nomine
1019 863 1412 937 Thaumaturgi
1460 866 1682 939 longum
1709 867 1973 925 referetur
2000 886 2096 927 ex-

520 965 787 1026 cerptum.

522 1045 637 1103 Vll.
689 1047 937 1104 Virorum
985 1049 1317 1105 eruditorum
1364 1053 1625 1106 sententia
1669 1051 1733 1106 de
1767 1050 2095 1109 llomiliisw

555 1130 604 1173 et
640 1120 704 1174 de
734 1122 943 1176 Animae
962 1121 1330 1192 disputatione
1358 1133 1541 1177 sancto
1567 1123 1722 1176 Patri
1758 1123 2054 1179 attributis.

588 1210 722 1278 Qua:
741 1227 869 1267 vero
887 1221 1103 1269 exstant
1126 1213 1180 1268 in
1208 1212 1369 1269 editis
1389 1211 1653 1285 Gregorio
1674 1212 2093 1273 Neocaesariensi

519 1303 769 1373 ascriptze
798 1303 1072 1359 orationes
1097 1304 1211 1359 sive
1229 1304 1471 1360 homilite
1494 1320 1568 1370 tv,
1584 1305 1776 1376 ejusne
1796 1321 1922 1362 vere
1961 1302 2092 1375 sint,

520 1408 711 1460 necne,
738 1393 883 1448 haud
917 1406 1068 1449 certo
1099 1395 1451 1465 pronuntiare
1471 1396 1596 1466 quis
1622 1397 1818 1452 valeat.
1846 1397 1966 1452 Jam
1996 1400 2096 1453 tri-

517 1487 622 1542 bus
655 1485 994 1553 auctoribus,
1026 1484 1219 1541 Joanni
1277 1486 1688 1559 Chrysostomo,
1741 1497 1933 1545 nostro
1962 1489 2095 1546 Gre-

517 1577 673 1647 gorio
709 1588 767 1633 et
808 1576 1046 1633 Macario
1081 1576 1540 1649 Philadelphiensi
1592 1580 1852 1636 tributam
1912 1582 2092 1637 homi-

516 1670 647 1725 liam
677 1671 711 1726 '5
736 1670 792 1724 in
814 1669 1326 1737 Annuntiationem,
1380 1671 1436 1726 in
1466 1688 1600 1728 mss.
1632 1672 1916 1730 codicibus
1945 1673 2096 1731 Grie-

519 1764 603 1820 cis
633 1778 693 1820 se
735 1762 1012 1819 invenisse
1060 1772 1292 1819 testatur
1338 1764 1407 1819 cl.
1464 1762 1906 1821 Montfauconius
1955 1765 2090 1837 (50).

522 1855 768 1926 Eamque
802 1855 906 1911 sub
935 1856 1156 1911 nomine
1178 1854 1554 1928 Chrysostomi
1582 1855 1755 1911 edidit
1785 1858 1958 1914 multo
1989 1873 2088 1914 au-

470 1974 476 1981 -
517 1948 745 2004 ctiorem
776 1946 1139 2003 Combeﬁsius
1166 1946 1315 2018 (51),
1366 1948 1460 2018 qui
1491 1948 1763 2004 eruditum
1790 1949 2008 2020 quidem
2031 1964 2096 2005 ac

519 2039 669 2109 pium
697 2037 872 2095 doctae
924 2036 1267 2107 antiquitatis
1318 2046 1735 2094 monumentum
1760 2040 2091 2106 censet;in-

512 2139 696 2186 certus
732 2139 911 2186 tamen
968 2130 1180 2184 haerens
1227 2129 1447 2185 cuinam
1477 2130 1623 2185 illam
1667 2132 1919 2203 scriptori
1947 2132 2091 2189 assi—

511 2231 658 2293 gnet,
690 2238 757 2278 eo
791 2222 1007 2281 tandem
1053 2223 1293 2290 devenit,
1323 2230 1384 2277 ut
1425 2238 1602 2294 neque
1633 2221 2092 2281 Neocaasariensis

511 2330 692 2384 neque
718 2313 1094 2386 Chrysostomi
1134 2314 1355 2387 γνήσιον
1400 2315 1596 2369 dixerit
1626 2315 1761 2383 (52).
1796 2314 2091 2371 Homiliam

435 2410 439 2415 ’
517 2405 706 2462 ver02
756 2406 813 2460 in
839 2406 1357 2474 Aununtiationem,
1411 2405 1591 2463 Procli
1636 2406 1743 2463 CP.
1782 2408 2094 2479 suspicatur

523 2496 848 2573 Vincentius
862 2497 1168 2555 Riccardus
1193 2500 1326 2571 (55),
1344 2499 1502 2570 cujus
1532 2500 1830 2556 sententias
1852 2500 2093 2556 imitetur

507 2600 564 2648 et
584 2606 774 2648 vocem
797 2592 1075 2660 θεοτόκος
1096 2591 1327 2647 aii'ectet.
1353 2591 1498 2647 idem
1522 2592 1610 2647 die
1628 2592 1697 2647 de
1714 2592 1938 2662 reliquis
1956 2593 2092 2647 dua-

508 2684 614 2741 bus
643 2699 771 2740 cum
800 2685 938 2740 viris
990 2684 1414 2750 eruditissimis;
1447 2682 1542 2754 qui
1588 2692 1642 2739 et
1669 2684 1727 2739 in
1772 2685 2089 2740 alterutram

504 2784 720 2849 partem
746 2777 1048 2848 quidquam
1077 2776 1211 2832 certi
1242 2776 1600 2846 pronuntiare
1631 2790 1740 2830 non
1775 2776 1978 2832 audent
2025 2776 2090 2832 de

507 2870 702 2924 anima:
745 2886 840 2940 per
880 2870 1064 2938 capita
1089 2868 1450 2938 disputatione
1473 2867 1543 2921 ad
1566 2866 1877 2935 Tatiammt,
1899 2865 2089 2925 nostro

505 2963 638 3018 item
668 2961 932 3033 Gregorio
951 2961 1152 3016 tributa
1173 2960 1543 3031 ;quippe:qu:e
1568 2961 1638 3015 ab
1668 2959 1791 3031 ejus
1814 2961 1955 3032 stylo
2001 2959 2090 3015 ni-

506 3054 615 3111 mis
629 3056 828 3123 aliena,
854 3062 910 3110 et
925 3054 1027 3110 :evi
1047 3054 1209 3124 longe
1232 3052 1553 3123 posterioris
1571 3067 1694 3109 esse
1713 3036 1959 3108 videatur
1976 3052 2077 3125 (b).

508 3164 647 3223 Vlll.
686 3169 765 3222 De
793 3167 1038 3239 Origenis
1071 3170 1295 3239 epistola
1318 3168 1569 3239 Gregorio
1594 3177 1774 3222 nostra
1797 3168 2085 3239 inscripta:

576 3255 670 3310 nec
726 3255 830 3292 non
884 3238 948 3293 de
978 3238 1134 3294 illius
1187 3241 1305 3295 Vita
1346 3238 1440 3310 per
1490 3249 1732 3293 sanctum
1772 3238 2083 3310 Gregorium

577 3309 903 3436 ﬁgurasnum.
958 3310 1250 3367 Sinistrum
1290 3308 1548 3366 Dodwelli
1597 3308 1892 3380 judicium'
1928 3308 2085 3379 refel-

600 3396 730 3436 τιατ.

600 3396 730 3437 τιατ.

578 3492 680 3550 His
717 3493 903 3564 itaque
926 3492 1183 3564 operibus
1211 3494 1327 3550 sive
1345 3493 1527 3550 dubiis
1559 3493 1675 3550 sive
1700 3492 2085 3565 pseudepigra—

504 3587 632 3659 phis
655 3586 1058 3657 praetermissis,
1089 3602 1152 3642 ea
1180 3586 1364 3655 potius
1421 3587 1653 3643 sinceris
1688 3586 1861 3643 sancti
1906 3586 2085 3643 Patris

511 3678 881 3734 monumentis
932 3677 1271 3748 subjicienda
1324 3678 1791 3745 existimavimus,
1843 3694 1965 3749 quae
2015 3678 2085 3734 ad

505 3772 685 3842 ipsum
724 3772 948 3842 propius
976 3770 1251 3841 pertinere
1276 3781 1602 3827 noscuntur.
1636 3769 1903 3826 Nimirum
1927 3769 2083 3825 exbi-

505 3864 700 3920 bemus
722 3863 958 3935 primum
993 3879 1025 3918 e
1056 3861 1369 3918 Phi/ocatia:
1389 3865 1565 3934 capite
1591 3863 1680 3928 15,
1705 3863 1902 3919 additis
1938 3863 2084 3918 notis

502 3953 728 4012 Joannis
763 3954 951 4012 Tarini
975 3998 991 4025 ,
1025 3955 1277 4026 Origenis
1305 3957 1590 4027 epistolam
1646 3958 1715 4012 ad
1765 3955 2084 4029 Gregorium

505 4045 978 4119 Thaumaturgum
1028 4048 1152 4118 ejus
1208 4049 1564 4119 discipulum,
1597 4064 1707 4120 qua
1739 4049 1918 4119 ipsum
1954 4048 2085 4105 hor-

503 4150 672 4209 tatur,
729 4149 814 4207 ut,
839 4150 1151 4212 contempto
1177 4140 1538 4212 philosophiae
1591 4140 1794 4208 studio,
1820 4150 1993 4197 totum
2025 4156 2088 4197 se

598 4319 689 4389 18)
723 4318 898 4391 Epist.
928 4318 964 4372 2
987 4318 1308 4391 adCl‘edon.

472 4429 478 4443 .
575 4385 686 4462 (49)
716 4385 980 4462 Léquien.
1004 4390 1072 4444 ad
1116 4388 1327 4445 Parall.
1379 4386 1655 4455 Damasc.,
1689 4385 1826 4461 Opp.
1856 4397 1992 4444 tom.
2016 4387 2083 4456 ll,

464 4506 473 4533 ί
501 4477 626 4533 pag.
656 4463 781 4517 571.

575 4527 686 4603 (50)
720 4530 942 4588 Prml‘at.
970 4530 1039 4586 ad
1088 4539 1222 4586 tom.
1253 4527 1436 4603 lgOpp.
1464 4528 1836 4603 Chrys.,A§A5.

598 4599 690 4673 51)
722 4607 946 4658 Auctar.
975 4618 1094 4657 nou.
1121 4611 1253 4656 tom.
1283 4601 1327 4669 l,
1350 4599 1513 4671 pagg.
1547 4599 1798 4658 602-619.

573 4606 794 4744 (52nd.
822 4676 879 4728 in
898 4688 1110 4729 recens.
1156 4682 1370 4729 auctor.
1403 4673 1472 4728 ad
1518 4681 1649 4729 tom.
1682 4672 1704 4726 l
1734 4672 1798 4728 Bi

595 4666 687 4734 52')
717 4673 794 4727 ld.
822 4676 879 4728 in
898 4688 1110 4729 recens.
1156 4666 1375 4729 auctor.
1403 4666 1488 4728 ad
1518 4681 1649 4729 tom.
1682 4672 1704 4726 l
1734 4671 1877 4729 Bibl.
1903 4688 2075 4739 conc.,
2133 4666 2146 4681 '

500 4743 738 4814 pag.16.

573 4813 685 4884 (55)
713 4814 792 4868 Ad
819 4812 968 4870 Orat.
995 4815 1031 4869 6
1061 4813 1265 4872 Procli.

570 4885 685 4956 (54)
709 4884 853 4944 Bibl,
887 4886 1076 4954 (10531.,
1102 4902 1225 4958 pag.
1253 4884 1376 4942 180.

561 5027 636 5154 ill

499 5153 880 5216 nem'ignoravi't
899 5154 1198 5209 Gallandius.
1225 5153 1296 5205 lo.

1505 281 1563 340 S.
1600 282 1995 344 GREGORIUS
2030 283 2627 346 THAUMATURGUS.

3587 300 3669 359 972

2118 414 2166 471 Α
2192 408 2356 467 dedat
2406 410 2579 467 sacris
2625 406 2823 466 litteris
2878 407 3207 465 excolendis.
3246 408 3432 483 Scripta
3460 424 3529 471 est
3557 417 3671 474 circa

2198 516 2400 557 annum
2430 501 2633 558 Christi
2669 500 2793 557 210.
2826 498 2977 557 Hanc
3001 517 3134 558 vero
3160 504 3420 573 epistolam
3447 506 3672 577 Origenia-

2196 608 2321 647 nam
2350 592 2551 663 excipit
2592 590 2710 646 Vita
2736 591 2978 662 ejusdem
3024 594 3196 647 sancti
3244 592 3459 666 Gregorii
3500 597 3675 656 Neoca-

2195 686 2455 742 sariensis
2496 701 2526 740 a
2551 693 2741 741 sancto
2763 684 3025 756 Gregorio
3047 683 3287 757 Nysseno
3313 690 3574 760 conscripta
3599 693 3675 765 (α).

2195 778 2485 850 Exemplar
2522 777 2848 836 Vossianum
2878 767 3253 851 Moguniinum
3279 796 3394 836 ann.
3420 782 3679 843 Miltiadis

2195 871 2475 927 erroribus
2527 878 2769 937 scatens,
2801 886 2927 926 cum
2954 871 3102 926 edito
3132 869 3410 928 Parisiensi
3439 889 3549 930 ann.
3574 876 3680 932 1650

2194 963 2369 1019 multo
2410 963 2777 1018 emendatiore
2827 962 3180 1018 contulimus.
3236 960 3405 1031 Neque
3436 967 3681 1034 praetermi-

2195 1055 2368 1112 simus
2393 1064 2708 1126 excerptum
2755 1053 2888 1111 Vitae
2924 1055 3091 1127 hujus
3131 1054 3471 1127 Gregoriame,
3511 1058 3629 1127 quod
3658 1073 3685 1114 θ

2195 1147 2383 1203 codice
2460 1146 2797 1204 Coisliniano
2851 1146 2956 1202 106
3016 1146 3339 1218 descriptum
3397 1148 3684 1204 doctissimus

2194 1240 2635 1297 Montiauconius
2676 1240 2895 1296 exhibet
2927 1239 3040 1310 (54)
3072 1239 3222 1294 velut
3267 1239 3550 1304 aneedoton,
3591 1240 3687 1295 licet

2194 1333 2248 1388 in
2282 1342 2438 1389 antea
2464 1332 2692 1404 vulgatis
2713 1339 3041 1403 compareat,
3070 1337 3132 1385 ut
3151 1344 3252 1386 suo
3275 1330 3387 1386 loco
3409 1330 3686 1385 animadver-

2192 1424 2363 1479 timus
2393 1421 2528 1494 (55).
2566 1421 2810 1493 Denique
2833 1422 2901 1477 ad
2951 1420 3251 1476 faciliorem
3279 1419 3463 1492 egregii
3488 1420 3687 1490 opusculi

2195 1530 2378 1583 usum,
2406 1514 2538 1571 illud
2567 1515 2623 1570 in
2648 1506 2828 1572 varias
2856 1512 3125 1568 sectiones
3155 1511 3445 1568 divisimus.

2263 1629 2417 1687 Haud
2474 1633 2727 1703 equidem
2788 1633 3001 1703 ignoro,
3046 1631 3376 1688 Dodwellum
3426 1645 3508 1687 res
3551 1640 3690 1703 gestas

2194 1721 2588 1796 'l'haumaturgi
2629 1724 2977 1779 admirandas
3010 1739 3042 1779 a
3068 1721 3313 1795 Nysseno
3333 1732 3585 1778 enarratas
3607 1723 3690 1777 ele-

2196 1830 2354 1880 vare;
2386 1814 2586 1886 quippe
2616 1814 2729 1884 qui,
2770 1813 2818 1870 si
2864 1814 3040 1884 ipsum
3068 1813 3261 1869 audias
3295 1812 3423 1885 (56),
3482 1831 3499 1864 σ
3523 1811 3693 1867 ratioci-

2194 1906 2300 1961 niis
2358 1905 2626 1960 nimirum
2654 1906 2771 1962 suis
2799 1905 3241 1977 conjccturisque
3276 1913 3473 1969 auctas.
3512 1900 3693 1973 posteris

2193 1998 2613 2068 repraesentarit.
2656 2018 2675 2052 ι
2711 1997 2880 2054 Miror
2909 1999 3188 2054 enimvero
3217 2012 3327 2054 non
3357 2004 3582 2053 accurate
3607 2009 3695 2064 per-

2193 2091 2448 2162 pendisse
2473 2092 2650 2146 virum
2675 2091 2925 2147 criticum
2942 2090 3122 2163 Magni
3147 2089 3335 2147 Basilii
3363 2086 3695 2151 testimonium,

2192 2200 2301 2254 quo
2328 2204 2346 2236 (
2378 2183 2675 2256 Gregorius
2702 2184 2929 2256 Magnus
2956 2193 3173 2254 propter
3195 2186 3455 2239 donorum
3480 2182 3696 2238 excellen-

2192 2279 2323 2333 tiam
2351 2293 2473 2348 qua:
2500 2279 2557 2333 in
2601 2277 2719 2349 ipso
2748 2277 3074 2348 operabatur
3105 2276 3343 2346 Spiritus
3368 2276 3420 2329 iu
3468 2274 3596 2330 omni
3614 2272 3694 2328 vir-

2195 2378 2327 2437 tute,
2368 2369 2539 2439 signis
2588 2385 2653 2425 ac
2678 2370 2959 2441 prodigiis,
2992 2370 3060 2424 ab
3110 2368 3247 2438 ipsis
3301 2368 3460 2423 etiam
3509 2364 3699 2422 veritatis

2192 2463 2443 2519 hostibus
2471 2504 2488 2531 ,
2525 2465 2653 2536 παρ’
2702 2465 2879 2517 αὐτῶν
2913 2463 3023 2517 τῶν
3072 2461 3285 2534 ἐχθρῶν
3340 2461 3436 2533 τῆς
3480 2456 3698 2531 ἀληθείας,

2192 2556 2328 2611 alter
2352 2553 2566 2626 Moyses
2609 2553 2910 2625 appellatus
2959 2553 3142 2609 fuisse
3189 2574 3210 2608 ι
3260 2553 3558 2625 perhibetur
3582 2549 3699 2622 (Si):

2192 2662 2369 2718 neque
2401 2646 2617 2703 Doctori
2644 2647 2882 2701 maximo
2908 2661 3095 2701 aurem
3121 2645 3421 2716 praebuisse
3436 2642 3582 2699 aienti
3601 2638 3698 2711 (58).

2192 2739 2517 2811 Gregorium
2577 2737 3069 2795 Neocaesariensem
3115 2755 3134 2790 ι
3198 2738 3354 2809 signa
3400 2744 3551 2806 atque
3570 2732 3703 2788 mira-

2191 2832 2315 2889 cula
2375 2846 2499 2888 cum
2556 2831 2851 2886 multarum
2914 2828 3283 2885 Ecclesiarum
3335 2829 3499 2900 gloria
3552 2836 3703 2895 perpe-

2193 2932 2388 2979 trasse.
2426 2940 2447 2976 ι
2477 2920 2619 2989 Quid
2647 2937 2941 2977 memorem
2966 2919 3252 2989 Ruﬁnum,
3288 2939 3308 2974 ι
3337 2920 3469 2975 tanti
3484 2917 3574 2973 viri
3593 2923 3704 2988 gesta

2193 3013 2294 3069 sub
2322 3012 2574 3069 orientali
2619 3021 2674 3069 et
2721 3012 3109 3084 septentrionis
3154 3028 3258 3068 axe
3284 3019 3588 3068 cunctorum
3622 3021 3703 3061 ser-

2192 3119 2353 3160 mone
2373 3104 2632 3160 celebrari
2664 3122 2684 3157 ι
2744 3113 3034 3160 testantem
3076 3103 3230 3175 (59)?
3279 3102 3422 3172 Quid
3468 3099 3704 3158 Eusebium

2113 3163 2157 3222 δ
2188 3199 2602 3264 (ὶωεετίεηεθῐη,
2650 3198 2972 3271 Gregorium
3019 3206 3277 3253 nostrum
3316 3221 3334 3251 ι
3385 3196 3704 3267 episcoporum

2183 3308 2283 3349 sua
2298 3301 2455 3348 aetate
2479 3291 2911 3358 celeberrimum,
2947 3310 2967 3345 ι
2998 3291 3104 3345 τῶν
3129 3292 3255 3347 καθ’
3282 3292 3429 3365 ἡμᾶς
3455 3287 3709 3343 suam

2183 3385 2489 3456 διαϐόητον,
2527 3384 2912 3454 praedicantem
2942 3383 3088 3457 (60)?
3118 3382 3441 3440 Admiretur
3459 3382 3617 3449 itaque
3638 3387 3709 3445 po-

2182 3477 2294 3534 tius
2343 3478 2447 3533 ista
2477 3492 2599 3548 qua:
2631 3477 2861 3546 respuit,
2899 3477 3067 3532 homo
3110 3478 3251 3533 adeo
3314 3483 3572 3531 emunctae
3594 3467 3708 3524 naris

2185 3566 2378 3640 (verba
2420 3582 2624 3636 usurpo
2645 3566 2828 3637 magni
2869 3565 3088 3621 Baronii
3125 3565 3239 3637 (61)
3271 3563 3531 3621 Joannem
3583 3555 3707 3612 Badi-

2185 3672 2317 3712 num
2343 3656 2672 3727 carpentis),
2696 3671 2797 3712 nec
2827 3664 2985 3728 neget
3008 3656 3299 3712 historiam
3322 3664 3402 3711 tot
3427 3645 3710 3726 gravissimis

2186 3749 2528 3812 auctoribus,
2579 3748 2785 3804 Graecis
2815 3758 2978 3820 atque
3026 3747 3264 3814 Latinis,
3319 3747 3456 3805 satis
3493 3751 3711 3813 superque

2184 3850 2465 3909 testatam,
2500 3841 2809 3912 probatam,
2838 3842 3334 3914 consignatamque
3357 3840 3504 3898 cultu
3539 3832 3714 3901 religio-

2184 3935 2271 3990 nis
2300 3934 2459 3991 annis
2492 3934 2720 4005 singulis
2736 3935 2933 3991 celebri
2964 3936 3229 3992 memoria
3251 3934 3424 4006 repeti
3445 3931 3592 3989 solito
3610 3925 3710 3997 (62)·

2189 4025 2294 4082 Sed
2316 4026 2494 4081 virum
2550 4026 3051 4100 intemperantioris
3095 4027 3307 4084 critica!
3334 4033 3634 4084 sectatorem
3652 4017 3712 4073 di-

2186 4119 2469 4175 mittamus
2496 4118 2592 4191 (c).

2122 1780 2166 1835 Β

2255 4320 2383 4387 (55-
2400 4318 2490 4391 56)
2515 4318 2743 4391 Dissert.
2769 4317 2819 4391 4_
2837 4316 3026 4391 Cypra,
3057 4317 3085 4391 §
3114 4317 3202 4385 16,
3225 4333 3357 4390 pag.
3389 4316 3479 4391 18=

2255 4334 2490 4391 (55-55)
2517 4334 2743 4377 urssert.
2769 4334 2805 4373 4
2837 4334 3026 4445 ugprq
3057 4334 3085 4391 ε
3114 4334 3202 4385 ω,
3225 4334 3357 4390 pag.
3389 4334 3479 4373 ιδ.

2255 4391 2366 4462 (57)
2390 4391 2598 4470 Basil_._,_
2632 4390 2727 4445 lib.
2781 4388 2861 4470 De
2927 4390 3028 4470 pir.
3053 4400 3257 4470 sancta
3290 4403 3412 4459 cap.
3458 4385 3544 4452 29,
3575 4382 3602 4456 ς
3645 4376 3712 4443 Ἠ.

2185 4459 2330 4534 Opp.
2349 4459 2493 4518 tom.
2529 4460 2619 4528 Ill,
2646 4477 2768 4534 pag.
2796 4461 2864 4514 62
2890 4459 3021 4534 edit.
3053 4459 3161 4516 BB.

2254 4478 2325 4532 )p.
2363 4477 2493 4518 tom.
2530 4477 2768 4585 unliag.
2796 4477 2864 4514 υτ
2890 4477 2984 4515 eun

2392 4534 2586 4612 ρίυὶν.
2616 4534 2633 4585 i
2657 4531 2721 4612 l_.,
2743 4546 2869 4612 cap.
2900 4530 2984 4602 6§.

2256 4602 2367 4674 (59')
2405 4604 2547 4658 Hist.
2587 4602 2837 4674 eccl.lib.
2874 4618 2974 4669 vn,
3005 4617 3125 4674 cap.
3150 4602 3246 4674 25.

2253 4672 2364 4745 (60)
2404 4674 2546 4745 Hist.
2577 4673 2823 4745 ecctalib.
2860 4687 2937 4735 Vl,
2963 4688 3079 4745 cap.
3102 4672 3191 4728 50.

2150 4792 2153 4797 .
2254 4743 2364 4816 (01)
2395 4744 2476 4801 Ad
2513 4743 2793 4816 ann._41,
2823 4744 3085 4816 num._51.
3109 4813 3122 4816 _
3292 4813 3319 4816 _
3555 4807 3570 4816 _
3607 4806 3620 4816 ,
3673 4796 3717 4816 ι,
3832 4764 3833 4815 j

2254 4755 2336 4816 (b'l
2395 4755 2476 4801 Ad
2513 4760 2642 4799 ann.
2699 4755 2793 4808 41,
2823 4755 3085 4800 num.5t.
3832 4764 3833 4815 ξ

2179 4755 2365 4944 IVS-2;
2394 4816 2617 4886 Martyr.
2652 4813 2813 4869 Rom.
2847 4821 2903 4868 et
2947 4813 3215 4884 Menolog.
3277 4813 3457 4871 Graec.
3512 4806 3641 4868 add.
3669 4796 3717 4857 11

2228 4904 2316 4944 ον.

2111 4522 2158 4577 D

660 5027 893 5103 Qrigenis
916 5036 971 5103 et
992 5029 1221 5093 Gregorii
1253 5029 1468 5103 Nysseni
1493 5029 2014 5103 elucubratlon-es'hic.
2029 5019 3673 5103 memoratas'jntergutrrigusqueQperaretitlgmps:21312311:ng

660 5075 719 5140 ἐξ
732 5075 1539 5160 'Gééghfiigéigﬁbh'éga‘ii'dﬁihe}
1552 5075 2568 5160 iiiiiy‘iéé'ﬁédadi;ﬂammicam
2595 5075 2723 5150 juris
2744 5075 2863 5137 fecit
2891 5087 3062 5146 Aloys.
3092 5083 3398 5147 Mingarelli.
3424 5083 3555 5134 Hanc
3574 5075 3720 5129 editio-

562 5217 631 5280 (ιτ)
654 5205 896 5270 Notitiam
913 5205 1121 5268 alteram
1138 5205 1187 5268 in
1215 5218 1268 5268 S.
1293 5216 1591 5284 Gregorium
1611 5229 1678 5268 ex
1698 5215 1885 5267 Leonis
1905 5214 2074 5268 Allatil
2097 5213 2320 5266 Diatriba
2339 5212 2402 5266 de
2430 5207 2709 5266 Theudoria
2733 5210 2846 5262 vide
2867 5208 2996 5261 infra
3015 5209 3112 5261 col.
3135 5206 3280 5259 1205.
3303 5205 3379 5259 ιβ.

3832 5106 3833 5183 l

3831 5460 3833 5495 ι

3831 5695 3834 5759 l
