3834 6752
225 239 339 300 915
1368 244 1739 302 TESTIMONI

1968 244 2183 303 suum.
2825 287 2830 292 .
2855 323 2864 332 Α.
3373 252 3479 307 ωτι

1158 551 1730 641 VETERUM
1806 547 2556 642 TESTlMONIA

628 742 718 804 De
758 743 818 804 S.
876 742 1182 822 Gregorio
1224 743 1524 822 episcopo
1578 740 2100 813 Neocasariensi,
2151 748 2575 820 cognomento
2613 739 3116 822 Thaumaturgo.

1274 1082 1313 1135 1.
1345 1081 1596 1135 Eusebius
1639 1079 1779 1135 llist.
1810 1083 1943 1136 eccl.
1979 1082 2074 1136 lib.
2108 1098 2191 1149 vt,
2222 1097 2340 1150 cap.
2371 1078 2460 1134 '50.

289 1193 381 1264 Τῷ
431 1194 494 1248 δὲ
547 1194 808 1265 Ὠριγένει
854 1195 948 1248 ἐπὶ
996 1195 1094 1266 τῆς
1143 1196 1571 1266 Καισαρείαςτά
1604 1197 1802 1270 συνήθη

1979 1198 2194 1254 Interim
2239 1196 2369 1252 dum
2409 1193 2670 1264 Origenes
2703 1193 2843 1262 apud
2875 1192 3178 1250 Casarcam
3213 1207 3474 1252 consueto

222 1288 550 1357 πράττοντι,
588 1286 765 1340 πολλοὶ
815 1286 1144 1359 προσῄεσαν,
1172 1288 1232 1340 οὐ
1275 1289 1432 1359 μόνον
1473 1288 1581 1342 τῶν
1609 1289 1736 1360 ὲπιχ

1962 1290 2136 1346 )ccndi
2167 1304 2392 1344 munere
2441 1288 2776 1359 fungeretur,
2809 1303 2915 1342 non
2947 1287 3121 1343 solum
3152 1288 3386 1359 regionis
3411 1289 3476 1343 il-

225 1381 373 1449 ρίων,
414 1377 564 1430 ἀλλά
597 1377 687 1431 καὶ
728 1377 836 1430 ἀπὸ
871 1378 968 1448 τῆς
1009 1377 1310 1450 ἀλλοδαπῆς
1346 1378 1524 1450 μυρίοι
1561 1397 1739 1452 φοιτητ

1959 1397 2014 1435 us
2045 1380 2253 1446 incola,
2287 1380 2380 1434 sed
2407 1379 2570 1435 etiam
2599 1378 2821 1447 plurimi
2849 1394 2914 1432 ex
2945 1378 3324 1433 remotissimis
3349 1394 3473 1448 pro-

217 1471 316 1533 τάς
350 1471 633 1540 πατρίδας
679 1470 1065 1534 ἀπολιπόντες·
1113 1463 1188 1523 ὧν
1238 1471 1541 1542 ἐπισήμους
1577 1474 1731 1543 μάλισ

1965 1473 2101 1528 neiis
2145 1472 2398 1542 discipuli
2447 1472 2634 1527 relicta
2686 1472 2860 1541 patria
2917 1470 2984 1526 ad
3025 1487 3150 1526 eum
3180 1487 3473 1528 concurre-

218 1562 472 1630 ἔγνωμεν
520 1561 817 1633 Θεόδωρον,
848 1561 906 1625 ὃς
950 1558 1018 1633 ἦν
1056 1561 1215 1626 αὐτὸς
1256 1554 1408 1626 οὗτος
1453 1564 1482 1615 ὁ
1516 1564 1732 1636 καθ’ήμ

1958 1575 2054 1621 int.
2086 1564 2328 1633 Quorum
2377 1565 2680 1635 pracipuos
2711 1563 2881 1619 fuisse
2909 1564 3264 1634 cognovimus
3295 1563 3472 1620 Theo—

217 1654 547 1707 ἐπισκόπων
593 1653 869 1724 διαϐόητος
895 1653 1190 1725 Γρηγόριος
1207 1670 1222 1684 θ
1256 1654 1348 1706 τόν
1372 1671 1432 1707 τε
1460 1655 1622 1709 αὐτοῦ
1650 1657 1731 1710 ἀδε

1955 1673 2118 1725 )rum,
2152 1657 2245 1728 qui
2298 1666 2352 1714 et
2399 1655 2693 1726 Gregorius
2741 1656 2921 1711 dictus
2952 1663 3054 1718 est.
3087 1656 3469 1726 episcoporum

222 1747 317 1814 φὺν
355 1746 766 1818 Ἀθηνόδωρον·
799 1747 894 1810 οὒς
937 1747 1079 1818 ἀμφὶ
1118 1747 1189 1801 τά
1227 1747 1486 1820 Ἑλλήνων
1527 1751 1622 1804 καὶ
1667 1752 1736 1804 Ῥι

1956 1760 2088 1805 )stra
2141 1759 2298 1805 atate
2348 1747 2772 1814 celeberrimus;
2805 1755 2860 1802 et
2890 1745 3111 1801 fratrem
3142 1746 3260 1816 ejus
3302 1744 3470 1800 Athe-

223 1837 393 1908 μαίων
421 1836 732 1908 μαθήματα
756 1837 942 1902 δεινῶς
963 1838 1350 1910 ἐπτοημένους,
1375 1839 1686 1910 φιλοσοφίας
1711 1861 1737 1896 α

1957 1842 2188 1896 »ᾱυιουηκ
2216 1841 2366 1908 Quos
2399 1840 2660 1911 Origenes
2685 1839 2887 1894 Gracis
2909 1837 3276 1908 Romanisque
3305 1837 3469 1893 disci—

219 1933 326 1993 τοῖς
371 1928 560 1994 ἐνθεὶς
592 1929 789 2002 ἔρωτα,
821 1929 918 2000 τῆς
952 1929 1222 2001 προτέρας
1254 1929 1488 2001 σπουδῆς
1519 1933 1619 2001 τὴν
1649 1933 1730 1987 θεί

1961 1935 2066 1990 inis
2095 1934 2323 1988 nimium
2367 1933 2576 1988 deditos
2606 1947 2731 1988 cum
2772 1932 3011 1996 vidisset,
3047 1931 3100 1985 in
3130 1945 3317 1986 eorum
3350 1931 3469 1984 ani-

216 2021 452 2092 ἇσκησιν
497 2020 1058 2085 ἀντικαταλλάξασθαι
1103 2020 1494 2093 προυτρέψατο.
1531 2023 1697 2077 Πέντε

1954 2040 2016 2081 os
2052 2026 2326 2081 instillans
2358 2024 2721 2096 philosophia
2755 2038 3018 2092 amorem,
3061 2023 3285 2094 abiectis
3315 2023 3464 2093 prio-

217 2114 352 2176 ὅλοις
407 2111 597 2166 ἐτεσιν
648 2112 793 2183 αὐτῷ
843 2113 1243 2185 συγγενόμενοι,
1271 2114 1536 2186 τοσαύτην
1560 2115 1731 2188 ἀπηνέ

1947 2117 2047 2173 bus
2095 2116 2312 2182 studiis,
2341 2115 2409 2170 ad
2460 2130 2643 2169 rerum
2697 2114 3005 2169 divinarum
3054 2114 3461 2169 meditationem

218 2221 377 2257 καντο
408 2203 547 2275 περὶ
571 2203 641 2257 τὰ
661 2205 777 2257 θεῖα
801 2203 958 2273 λόγια
984 2203 1278 2274 βελτίωσιν,
1298 2204 1374 2268 ὼς
1399 2204 1478 2259 ἔτι
1512 2206 1662 2270 νέους
1689 2206 1732 2277 ἄλ

1947 2205 2152 2260 aduxit.
2189 2204 2356 2275 Igitur
2407 2220 2531 2260 cum
2577 2204 2952 2274 quinquennio
2997 2204 3208 2275 integro
3238 2205 3293 2258 in
3339 2204 3461 2273 ejus

220 2315 299 2365 φω
330 2296 650 2366 ἐπισκοπῆς
696 2296 804 2350 τῶν
854 2296 991 2351 κατά
1017 2298 1217 2351 Πόντον
1253 2297 1582 2369 Ἐκκλησιῶν
1627 2296 1734 2364 diu

1940 2296 2167 2352 ldilOl‘lO
2209 2296 2410 2353 versati
2440 2295 2692 2360 fuissent,
2725 2306 3006 2366 tantopere
3031 2297 3086 2350 in
3110 2296 3311 2351 divinis
3339 2297 3454 2351 elo-

219 2387 395 2459 θῆναι.
1891 2389 2034 2458 quiis
2061 2387 2668 2460 profecerunt,utl,ambo
2695 2389 2873 2444 adhuc
2902 2388 3192 2442 admodum
3210 2387 3457 2458 juvenes,

1894 2479 2258 2535 Ecclesiarum
2292 2479 2348 2534 in
2397 2478 2570 2534 Ponto
2600 2477 2839 2550 episcopi
2872 2478 3074 2534 fuerint
3100 2479 3402 2535 constituti.

1485 2591 1634 2646 Idem
1671 2594 1801 2646 ibid.
1844 2609 2084 2663 vu,cap.
2117 2594 2202 2648 14.

296 2687 383 2739 Ἐν
412 2685 599 2754 τούτῳ
637 2686 693 2739 δὲ
733 2687 829 2757 τῆς
867 2688 964 2756 μὲν
1002 2687 1284 2758 Ῥωμαίων
1329 2687 1649 2760 Ἐκκλησίας
1681 2689 1796 2741 είσ-

1965 2688 2165 2744 Eadem
2201 2695 2516 2757 tempestate
2547 2686 2805 2742 Romana
2833 2685 3052 2758 quidem
3083 2686 3336 2743 Ecclesia
3360 2688 3456 2742 ad-

218 2779 294 2832 έτι
347 2780 470 2833 τότε
504 2780 800 2850 καθηγεῖτο
825 2780 1054 2844 Ξύστος·
1097 2780 1194 2850 τῆς
1233 2779 1289 2833 δὲ
1333 2780 1417 2831 ἐπ’
1459 2781 1732 2850 Ἀντιοχείς

1943 2795 1999 2835 ac
2021 2788 2250 2850 praerat
2290 2777 2525 2850 Xystus;
2556 2778 2949 2834 Antiochenam
2982 2794 3110 2834 vero
3143 2789 3267 2848 post
3310 2795 3457 2834 mor-

223 2868 351 2937 μετά
395 2871 604 2923 Φάϐιον
650 2870 1054 2942 Δημητριανός’
1097 2867 1439 2939 Φιρμιλιανὺς
1480 2868 1537 2921 δὲ
1579 2869 1737 2922 Καισι

1937 2883 1996 2921 ιηι
2044 2866 2192 2921 Fabii
2242 2865 2616 2922 Dcmetrianus
2643 2863 2918 2938 'regebat;
2965 2868 3108 2938 apud
3148 2869 3451 2926 Casaream

220 2959 358 3029 ρείας
405 2962 505 3032 τῆς
570 2961 981 3016 Καππαδοκῶνο
1020 2962 1110 3014 καὶ
1142 2963 1234 3014 ἐπὶ
1258 2960 1462 3023 τούτοις
1494 2960 1600 3013 τῶν
1647 2978 1734 3014 κατ

1937 2959 2240 3030 appadocia
2261 2959 2638 3026 Firmilianus;
2671 2961 2724 3015 in
2755 2960 2928 3016 Ponto
2947 2971 3130 3016 autem
3163 2960 3451 3031 Gregorius

219 3051 408 3106 Πόντον
448 3055 811 3126 Ἑκκλησιῶν,
837 3055 1132 3126 Γρηγὸριος
1165 3055 1258 3108 καὶ
1294 3054 1324 3105 ὁ
1353 3054 1538 3107 τούτου
1564 3053 1733 3123 ἀδελφὲ

1937 3064 2164 3123 aterque
2197 3053 2319 3123 ejus
2350 3053 2752 3120 Athenodorus,
2791 3053 2953 3109 ambo
3004 3051 3253 3123 Origenis
3285 3055 3451 3110 disci-

231 3145 612 3220 Ἀθηνόδωρος,
631 3150 933 3221 Ὠριγένους
957 3151 1239 3221 γνώριμοι.

1232 3187 1239 3200 .
1889 3146 2022 3215 puli,
2052 3146 2326 3201 Ecclesias
2353 3146 2746 3216 gubernabant.

352 3262 414 3316 ll.
463 3263 526 3322 S.
567 3265 806 3319 Basilius
836 3265 928 3320 lib.
958 3264 1031 3319 De
1062 3264 1264 3334 Spiritu
1294 3272 1502 3326 sancto,
1526 3278 1642 3332 cap.
1665 3260 1757 3324 29,
1784 3259 1813 3332 §
1839 3259 1928 3323 74,
1959 3258 2091 3329 Opp.
2119 3269 2244 3316 tom.
2288 3259 2378 3328 ΙΙΙ,
2401 3277 2522 3330 pag.
2545 3259 2634 3324 62,
2659 3261 2786 3316 edit.
2813 3259 2994 3315 Paris.
3019 3261 3136 3314 BB.
3162 3260 3318 3318 1³150.

282 3381 584 3454 Γρηγόριον
622 3383 678 3436 δὲ
711 3383 802 3436 τὸν
834 3383 1042 3452 Μέγαν,
1080 3385 1172 3438 καὶ
1217 3382 1316 3447 τάς
1361 3382 1566 3436 ἐκείνου
1599 3379 1778 3450 φωνάς

1951 3379 2216 3436 Caterum
2241 3379 2558 3452 Gregorium
2593 3379 2870 3451 Magnum,
2900 3391 2954 3436 et
2975 3381 3120 3437 illius
3147 3396 3308 3437 voces
3337 3398 3445 3452 quo

222 3472 316 3524 ποῦ
364 3473 641 3546 θήσομεν;
674 3470 798 3545 Ἆρ’
827 3475 946 3545 οὐχὶ
993 3475 1126 3544 μετὰ
1172 3474 1278 3528 τῶν
1326 3475 1632 3528 ἀποστόλων
1684 3492 1736 3528 κε

1930 3489 2001 3529 κιο
2027 3473 2264 3544 ponam?
2292 3473 2487 3527 Annon
2519 3487 2642 3528 cum
2672 3471 2930 3542 apostolis
2960 3480 3014 3526 et
3043 3473 3339 3543 prophetis,
3366 3474 3444 3527 vi-

219 3565 500 3634 προφητῶν
520 3605 536 3629 ,
568 3565 738 3635 ἄνδρα
769 3563 845 3635 τῷ
872 3563 1019 3634 αὐτῷ
1049 3565 1325 3636 Πνεύματι
1358 3564 1583 3628 ἐκείνοις
1625 3582 1726 3635 περ

1929 3579 1999 3617 Im
2027 3564 2118 3634 qui
2149 3565 2336 3618 eodem
2357 3554 2574 3632 Spiritu
2608 3579 2717 3633 quo
2745 3564 2817 3617 illi
2847 3572 3094 3618 versatus
3119 3564 3212 3629 sit,
3241 3564 3443 3634 quique

222 3658 550 3726 πατήσαντα,
582 3656 677 3709 καὶ
709 3659 820 3720 τοῖς
845 3656 951 3710 τῶν
975 3656 1142 3725 ἁγίων
1168 3655 1334 3727 ἴχνεσι
1356 3656 1442 3710 διὰ
1466 3656 1662 3719 παντὸς
1679 3673 1736 3709 το

1925 3663 2190 3711 ιηοιοῑυπι
2239 3655 2482 3726 vestigiis
2529 3669 2625 3724 per
2677 3669 2893 3709 omnem
2922 3654 3088 3709 vitam
3142 3653 3439 3719 inhaserit,

221 3743 326 3813 βίου
359 3753 742 3819 στοιχήσαντα,
769 3749 861 3802 καὶ
896 3749 994 3820 τῆς
1037 3748 1394 3819 εὐαηελικῆς
1419 3746 1687 3810 πολιτείας
1712 3765 1735 3799 τ

1921 3747 2078 3816 uique
2115 3747 2435 3822 evangelica
2462 3746 2888 3802 conversationis
2917 3746 3155 3817 vigorem
3195 3747 3435 3817 quandiu

217 3836 427 3906 ἀκριϐὲς
457 3840 553 3892 διὰ
582 3839 764 3911 πάσης
800 3838 963 3893 αὑτοῦ
1003 3840 1100 3910 τῆς
1143 3840 1288 3910 ζωῆς
1320 3837 1731 3911 κατορθώσαντα

1922 3839 2010 3893 ixit
2058 3837 2402 3909 praestiterit?
2427 3836 2690 3909 Equidem
2725 3837 2856 3892 illud
2887 3837 3116 3893 dixerim
3151 3855 3166 3893 :
3195 3838 3436 3909 profecto

228 3925 357 3995 Ἐγὼ
389 3931 488 3999 μὲν
522 3931 682 3983 τοῦτο
707 3931 880 4000 φημί·
915 3927 991 3986 Ἦ
1024 3930 1348 4000 ἀδικήσομεν
1368 3929 1467 4001 τὴν
1497 3927 1742 4000 ἀλήθειαν

1921 3930 2075 4000 ijuria
2103 3928 2444 3984 aﬂ‘ecerimus
2472 3929 2777 3996 veritatem,
2801 3929 2848 3983 si
2883 3944 2991 3983 non
3017 3929 3256 3985 animam
3287 3930 3435 3986 illam

221 4018 287 4089 μὴ
315 4022 426 4083 τοῖς
460 4020 835 4091 ᾠκειωμένοις
873 4019 990 4093 Θεῷ
1030 4019 1128 4091 τὴν
1167 4019 1342 4091 ψυχὴν
1369 4019 1584 4090 εκείνην
1613 4035 1735 4072 συνα

1919 4037 2292 4078 ιηυηιθτεηιυε
2329 4021 2398 4077 iis
2423 4022 2513 4093 qui
2545 4021 2658 4078 Deo
2680 4022 2854 4092 juncti
2878 4032 3029 4087 sunt,
3057 4023 3150 4094 qui
3179 4023 3327 4079 velut
3350 4026 3433 4079 in-

218 4110 524 4180 ριομοῦντες
543 4130 560 4143 ’
595 4109 704 4166 οἷόν
730 4128 848 4166 τινα
875 4114 1174 4183 λαμπτῆρα
1195 4110 1464 4183 περιφανῆ
1493 4111 1683 4181 μέγαν,
1711 4112 1732 4163 ἐ

1917 4115 2036 4185 guis
2064 4129 2365 4187 magnaque
2396 4114 2614 4169 lucerna
2662 4113 2717 4170 in
2771 4113 3010 4171 Ecclesia
3059 4114 3152 4170 Dei
3182 4116 3430 4186 resplen-

215 4204 274 4270 τῇ
306 4202 601 4277 Ἐκκλησία
630 4204 723 4258 τοῦ
745 4203 874 4258 Θεοῦ
900 4203 1275 4275 διαλάμψαντα
1295 4220 1308 4232 ”
1338 4203 1396 4266 ὃς
1418 4203 1644 4275 φοϐερὸν
1670 4204 1729 4275 μὲ

1916 4209 2004 4272 iit,
2037 4205 2129 4275 qui
2182 4221 2214 4261 e
2249 4204 2486 4277 Spiritus
2513 4220 2616 4276 ope
2652 4207 2985 4261 tremendam
3023 4205 3212 4261 habuit
3239 4207 3430 4262 adver-

215 4287 342 4360 εἷχεν
380 4295 442 4347 ὲκ
483 4296 588 4366 τῆς
615 4295 708 4349 τοῦ
741 4295 1050 4366 Πνεύματος
1084 4294 1369 4367 συνεργίας
1402 4294 1544 4348 κατά
1577 4294 1729 4365 δαιμό

1917 4315 1960 4355 IS
2006 4298 2279 4354 damones
2326 4305 2666 4368 potestatem.
2709 4295 2845 4352 Nam
2892 4305 3095 4352 tantam
3146 4308 3431 4367 acceperat

215 4397 307 4434 νων
336 4384 392 4436 τὸ
424 4388 646 4457 κράτος.
663 4388 939 4457 Τοσαύτην
972 4387 1027 4439 δὲ
1055 4386 1210 4439 ἔλαϐε
1237 4386 1328 4439 τοῦ
1355 4385 1510 4454 λόγου
1544 4387 1642 4458 τὴν
1667 4387 1729 4457 χά

1916 4391 2093 4445 'atiam
2127 4390 2194 4445 ad
2232 4390 2591 4445 obedientiam
2645 4389 2769 4444 ﬁdei
2819 4390 2958 4443 inter
2990 4397 3198 4458 gentes,
3231 4397 3292 4442 ut
3339 4405 3430 4444 as-

218 4490 291 4542 ριν
315 4478 390 4538 εἰς
423 4479 670 4551 ὑπακοὴν
697 4479 926 4543 πίστεως
954 4481 1010 4532 ἐν
1033 4481 1145 4542 τοῖς
1172 4479 1397 4542 ἔθνεσιν,
1423 4479 1561 4532 ὥστε
1591 4481 1732 4533 ἑπτα

1912 4482 2098 4552 imptis
2129 4497 2237 4535 non
2269 4481 2389 4550 plus
2425 4480 2805 4550 septemdecim
2831 4479 3177 4544 Christianis,
3207 4481 3426 4535 univer-

215 4566 422 4622 καίδεκα
474 4572 668 4641 μόνους
718 4571 1072 4641 Χριστιανοὺς
1120 4569 1466 4640 παραλαϐὼν,
1509 4569 1626 4623 ὅλον
1667 4569 1727 4621 τὸ

1911 4588 1980 4626 Im
2038 4573 2318 4642 populum,
2357 4581 2412 4626 et
2469 4573 2737 4627 urbanum
2795 4579 2850 4626 et
2903 4571 3268 4636 rusticanum,
3328 4587 3425 4644 per

215 4653 326 4709 λαὸν
354 4661 442 4714 τόν
486 4681 545 4716 τε
584 4663 803 4715 ἀστικὸν
837 4663 926 4715 καὶ
961 4662 1050 4714 τὸν
1080 4661 1366 4733 χωριτικὸν
1396 4660 1482 4714 διὰ
1514 4662 1609 4732 τῆς
1642 4662 1729 4713 ἐπι

1908 4663 2187 4733 ςυίιίοηθιη
2223 4663 2533 4733 adiunxerit
2556 4663 2686 4718 Deo.
2711 4661 2804 4716 Ille
2833 4670 2888 4715 et
2914 4660 3199 4716 ﬂuminum
3225 4677 3422 4718 cursus

215 4747 446 4817 γνώσεως
489 4756 800 4826 προσήγαγε
848 4753 924 4824 τῷ
961 4753 1096 4824 θεῷ.
1116 4755 1346 4817 Ἐκεῖνος
1376 4755 1468 4806 καὶ
1501 4753 1729 4824 ποταμῶε

1906 4774 1910 4807 ι
1939 4754 2212 4808 diversum
2243 4755 2424 4818 vertit,
2450 4753 2767 4824 pracipiens
2799 4753 2907 4807 illis
2932 4752 2986 4806 in
3015 4768 3215 4824 magno
3245 4754 3420 4808 nomi-

216 4840 386 4912 ῥεῖθρα
433 4846 782 4918 μετέστησεν,
813 4842 1067 4910 ἐπιτάξας
1112 4845 1290 4910 αὐτοῖς
1327 4848 1384 4899 ὲν
1425 4844 1501 4916 τῷ
1532 4846 1730 4916 όνόματ

1900 4859 1924 4898 e
1979 4843 2211 4913 Christi;
2252 4856 2306 4901 et
2355 4847 2601 4916 paludem
2650 4844 2964 4906 exsiccavit,
3013 4845 3138 4899 belli
3168 4847 3414 4899 causam

212 4927 280 4998 τῷ
311 4935 522 5005 μεγάλῳ
558 4936 648 4990 τοῦ
680 4935 946 5008 Χριστοῦο
983 4935 1074 4988 καὶ
1113 4935 1304 5007 λίμνην
1337 4935 1593 5008 ἐξήρανεν
1623 4935 1726 4988 ὑπό

1901 4937 2175 4992 rahentem
2213 4938 2470 4994 fratribus
2500 4938 2694 4992 avaris.
2731 4935 2996 4990 (laterum
3036 4935 3415 5006 pradictlones

214 5014 345 5072 θεσιν
374 5025 604 5097 πολέμου
639 5026 910 5098 φέρουσαν
942 5025 1183 5095 ἀδελφοῖς
1221 5027 1581 5089 πλεονέκταις.
1608 5027 1671 5078 Αἱ
1693 5026 1728 5078 δὲ

1899 5044 1917 5081 3
1943 5028 2164 5094 futuris,
2203 5031 2469 5100 ejusmodi
2494 5040 2640 5096 sunt,
2673 5039 2734 5085 ut
2761 5031 2934 5086 nihilo
2957 5032 3029 5085 sit
3058 5028 3280 5084 inferior
3309 5044 3413 5084 ca-

209 5107 306 5160 τῶν
327 5113 615 5181 μελλόντων
637 5117 1055 5190 προαγορεύσεις
1081 5117 1343 5181 τοιαῦται,
1361 5118 1434 5181 ὡς
1460 5118 1621 5189 μηδὲν
1641 5116 1723 5170 τῶ

1895 5121 1982 5175 :ris
2023 5121 2322 5191 prophetis.
2357 5120 2459 5176 Sed
2489 5122 2713 5176 omnino
2756 5121 3075 5191 perlongum
3115 5117 3280 5174 fuerit
3309 5119 3409 5172 viri

212 5196 365 5253 ἄλλων
403 5207 616 5261 ἀποδεῖν
662 5209 970 5279 προφητῶν.
1008 5209 1116 5262 Καὶ
1151 5209 1286 5272 ὅλως
1321 5210 1530 5281 μακρὸν
1562 5210 1627 5263 ἂν
1660 5209 1726 5262 εῖτ

1896 5227 2166 5268 ercensere
2211 5212 2492 5279 miracula,
2526 5213 2618 5283 qui
2655 5222 2874 5282 propter
2918 5213 3186 5267 donorum
3231 5208 3410 5264 exceL

208 5288 290 5340 τοῦ
335 5293 516 5367 ἀνδρὸς
542 5299 839 5371 διηγεῖσθαι
882 5299 950 5353 τὰ
982 5299 1248 5371 θαύματα,
1282 5300 1339 5364 ὃς
1371 5304 1434 5373 τῇ
1475 5302 1722 5373 ὑπερϐολῇ

1893 5306 2067 5360 τηιίαιη
2101 5323 2222 5376 qua
2270 5307 2324 5361 in
2377 5307 2494 5375 ipso
2528 5307 2856 5377 Operabatur
2881 5304 3137 5376 Spiritus,
3179 5302 3232 5356 in
3257 5300 3407 5355 omni

210 5378 304 5470 ’ξῶν
333 5387 386 5438 ὲν
405 5391 547 5463 αύτῷ
577 5395 928 5465 χαρισμάτων
951 5392 1057 5447 τῶν
1085 5395 1484 5467 ἐνεργουμένων
1518 5395 1622 5447 ὑπὸ
1647 5394 1724 5448 τοῐ

1893 5406 2063 5459 τιιιιρ,
2097 5397 2267 5468 signis
2297 5414 2362 5454 ac
2389 5400 2668 5470 prodigiis,
2701 5399 2769 5454 ab
2796 5399 2928 5468 ipsis
2959 5398 3120 5451 etiam
3163 5393 3407 5450 veritatis

214 5467 499 5563 ξῙΥεύματος
531 5488 587 5538 ὲν
612 5487 759 5559 πάσῃ
785 5487 1008 5557 δυνάμει
1034 5487 1126 5540 καὶ
1151 5488 1392 5559 σημείοις
1413 5487 1503 5542 καὶ
1529 5488 1728 5560 τέρασι,

1888 5489 2094 5545 ostibus
2125 5491 2262 5546 alter
2292 5467 2502 5562 Movses
2536 5467 2832 5563 appellatus
2867 5490 2986 5545 fuit.
3032 5488 3182 5544 Adeo
3221 5489 3276 5543 in
3310 5487 3402 5541 illo

213 5559 434 5650 ξεῦτερος
465 5577 702 5647 Μωῦσῆς
736 5579 863 5649 παρ’
895 5577 1072 5631 αὐτῶν
1102 5577 1209 5630 τῶν
1246 5578 1452 5650 ὲχθρῶν
1479 5579 1576 5649 τῆς
1608 5579 1727 5648 ἀλη-

1889 5600 1896 5634 l
1948 5581 2203 5637 omnibus
2244 5590 2358 5638 tum
2382 5559 2707 5639 idiotis—tium
2744 5581 2919 5645 factis,
2947 5595 3135 5635 eorum
3162 5592 3285 5648 qua
3305 5591 3403 5646 per

212 5646 338 5744 θείας
383 5646 721 5739 ἀνηγόρευτο.
749 5646 936 5734 Ούτως
985 5670 1132 5739 αύτῷ
1181 5672 1239 5722 ὲν
1277 5646 1448 5724 παντὶ
1471 5646 1612 5740 λόγῳ
1644 5646 1726 5724 καὶ

1886 5675 2066 5733 ratiam
2095 5674 2507 5744 peragebantur,
2526 5675 2690 5730 veluti
2720 5674 2900 5728 lumen
2948 5646 3193 5736 refulsit,
3211 5683 3400 5744 super;

211 5736 334 5816 ῑργῳ
358 5752 456 5808 τῶν
484 5736 902 5832 ἐπιτελουμένων
927 5760 1017 5815 διὰ
1044 5736 1138 5832 τῆς
1157 5762 1377 5834 χάριτος
1400 5757 1509 5817 οἶόν
1620 5761 1725 5835 φῶς

1887 5763 2074 5820 :elestis
2113 5736 2324 5821 virtutis
2351 5767 2630 5827 indicium.
2667 5779 2786 5826 qua
2813 5779 2876 5818 ex
2909 5763 3122 5819 occulto
3163 5737 3401 5818 «secta?
