3834 6752
484 230 590 289 8Ἰ5
1370 227 1425 281 S.
1467 228 1867 285 GREGORIUS
1910 229 2515 291 THAUMATURGUS.
3550 260 3634 316 9m

484 347 645 403 batur
692 344 865 400 illum.
894 342 1069 413 Hujus
1098 351 1153 398 et
1190 343 1248 399 in
1272 342 1596 400 hodiernum
1644 362 1861 417 quoque
1904 347 1998 403 die]

2150 334 2446 445 ἐπέλᾷμῷε,
2482 372 2703 428 μηνυμα
2728 357 2825 430 τῆς
2850 360 3162 435 ἐπουρανίου
3191 364 3464 438 δυνάμεως,
3485 373 3566 445 τῆς
3589 381 3641 431 ἐκ

484 453 681 509 magna
713 447 797 493 est
828 437 970 507 apud
1000 435 1119 505 ejus
1150 435 1384 506 regionis
1425 437 1674 493 homines
1702 438 1990 493 admiratio

2149 440 2243 495 τοῦ
2268 443 2502 512 ἀφανοῦς
2525 448 2913 522 παρεπομένης
2936 453 3102 519 αὐτῷ.
3126 435 3466 527 Τούτουτμέγα
3482 435 3641 518 ἐτι-καὶ

484 543 783 599 recensque
809 542 875 583 ac
900 542 1115 597 semper
1140 526 1328 597 vigens
1375 530 1631 583 memoria
1661 531 1741 585 sic
1771 530 1935 585 inﬁxa
1963 546 1998 586 e:

2151 534 2244 588 νῦν
2266 538 2379 600 τοῖς
2396 539 2679 609 ἐγχωρίοις
2702 541 2762 594 τὸ
2785 542 2987 614 θαῦμα,
3009 546 3101 598 καὶ
3130 547 3290 618 νεαρὰ
3307 526 3392 601 καὶ
3415 551 3490 605 ἀεὶ⁸
3511 557 3644 627 πρὸς.

485 619 763 683 Ecclesiis,
800 628 860 673 ut
906 619 1056 673 nullo
1088 627 1330 688 tempore
1360 620 1684 676 obsolescat.
1725 621 1909 693 itaque
1938 638 1999 677 no

2150 628 2379 698 φατοςή
2418 631 2601 701 μνήμη
2651 635 2770 697 ταῖς
2812 635 3151 707 Ἐκκλησίαις
3197 639 3467 710 ἐνίδρυται,
3507 619 3646 701 ούδενὶ

486 711 688 768 factum
738 712 980 782 aliquod,
1010 727 1119 766 non
1170 711 1397 778 dictum,
1433 728 1544 769 non
1592 713 1823 769 formam
1878 715 2000 769 ulla:

2151 718 2326 789 χρόνῳ
2353 721 2764 795 ἀμαυρουμένη.
2799 726 3010 795 Οὐκοῦν
3031 729 3091 781 ού
3125 729 3317 801 πρᾶξίν
3343 749 3469 799 τινα,
3497 736 3548 789 οὒ
3573 736 3647 792 λό-

485 807 791 877 mysticam,
824 805 965 860 ultra
998 819 1163 875 quam
1198 804 1305 859 illis
1336 804 1573 874 reliquit,
1616 804 1869 860 Ecclesiae
1897 806 1999 875 adji

2150 825 2268 876 γον,
2297 811 2356 864 οὐ
2404 812 2569 867 τύπον
2599 816 2722 871 τινὰ
2755 818 3011 887 μυστικὸν
3054 823 3180 892 παρ’
3204 821 3263 874 ὂν
3294 824 3498 889 ἐκείνοις
3519 830 3649 883 κατέ-

483 906 694 953 cerunt.
725 895 1065 967 Quapropter
1095 897 1255 951 etiam
1287 895 1456 950 multa
1500 911 1567 951 ex
1616 897 1699 952 his
1741 913 1862 968 qua:
1904 913 1997 966 apu

2150 897 2296 965 λιπε,
2320 904 2385 973 τῇ
2416 904 2708 978 Ἐκκλησία
2728 909 3090 983 προσέθηκαν.
3113 913 3295 986 Ταύτῃ
3320 931 3395 967 τοι
3414 917 3497 969 καὶ
3517 919 3652 975 πολλὰ

486 990 608 1045 illos
640 999 874 1060 aguntur
902 989 956 1043 in
990 988 1186 1043 ritibus
1206 988 1456 1044 videntur
1477 988 1807 1059 imperfecta,
1829 1000 2000 1059 proptr

2149 989 2256 1043 τῶν
2296 994 2425 1064 παρ’
2460 995 2640 1060 αὐτοῖς
2671 997 3005 1070 τελουμένων
3049 1003 3307 1068 ἐλλειπῶς
3353 1005 3481 1077 ἔχειν
3518 1011 3652 1076 δοκεῖ,

486 1079 844 1137 institutionis
883 1080 1283 1150 antiquitatem.
1320 1078 1506 1149 Neque
1532 1082 1676 1135 enim
1708 1082 2000 1137 sustinebal

2149 1082 2239 1136 διά
2291 1083 2352 1136 τὸ
2403 1086 2501 1157 τῆς
2547 1090 2927 1157 καταστάσεως
2963 1094 3369 1166 άρχαιότροπον.
3403 1098 3548 1153 Οὐδὲν
3569 1103 3656 1173 γάρ

487 1174 581 1245 qui
615 1174 670 1228 in
700 1172 1066 1229 Ecclesiarum
1094 1172 1622 1228 administrationem
1650 1187 1999 1228 successeran

2144 1173 2431 1245 ἠνέσχοντο
2472 1181 2689 1235 οἱκατὰ
2727 1184 2971 1257 διαδοχὴν
3011 1187 3110 1253 τὰς
3156 1189 3464 1261 Ἐκκλησίας
3491 1172 3655 1247 οἰκονο-

485 1266 850 1322 additamenta
880 1279 1002 1336 qum
1050 1274 1172 1335 post
1204 1265 1355 1319 illum
1385 1264 1673 1319 adinveuta
1722 1273 1868 1328 sunt,
1905 1279 1993 1319 rec

2149 1265 2436 1354 μήσαντες,
2469 1270 2575 1324 τῶν
2629 1275 2747 1342 μετ’
2778 1276 2979 1344 ἐκεῖνον
3027 1279 3420 1350 ἐφευρεθέντων
3462 1283 3657 1354 παραδέ-

482 1373 633 1430 pere.
671 1355 823 1413 Unus
875 1358 1040 1429 igitur
1081 1356 1183 1421 [uit
1225 1356 1632 1427 gloriﬁcationis
1659 1357 1855 1410 modus
1885 1371 1996 1425 que:

2146 1352 2337 1418 ξασθαι
2358 1360 2438 1421 είς
2465 1362 2901 1435 προσθήκην.Ἒν
2932 1367 3108 1422 τοίνυν
3134 1368 3244 1423 τῶν
3271 1352 3567 1441 Γρηγορίου,
3585 1374 3658 1427 καὶ

484 1453 718 1509 instituit
746 1451 1058 1522 Gregorius,
1088 1458 1142 1504 et
1169 1450 1215 1503 is
1242 1448 1330 1502 cui
1367 1463 1513 1502 nunc
1540 1446 1948 1510 contradicitur,
1979 1460 1998 1500 ε

2146 1447 2172 1498 ὁ
2203 1444 2294 1499 νῦν
2321 1448 2727 1523 άντιλεγόμενος
2759 1456 2957 1527 τρόπος
2987 1458 3084 1528 τῆς
3113 1458 3412 1529 δοξολογίας
3442 1464 3587 1526 ἐστὶν,
3611 1467 3660 1519 ὲκ

482 1543 631 1600 illius
662 1542 955 1598 traditione
986 1540 1040 1593 in
1070 1538 1314 1595 Ecclesia
1340 1537 1683 1592 observatas.

2146 1537 2242 1608 τῆς
2273 1539 2480 1593 ἐκείνου
2496 1544 2921 1619 παραδόσεωςτῇ
2952 1549 3244 1624 Ἐκκλησία
3276 1553 3660 1626 πεφυλαγμένος.

1351 1653 1501 1709 Idem
1538 1654 1694 1723 epist.
1730 1650 1822 1719 28,
1847 1666 1990 1704 num.
2030 1650 2057 1704 1
2096 1662 2145 1705 et
2183 1652 2238 1719 2,
2263 1653 2390 1726 ibid.
2414 1673 2534 1726 pag.
2568 1658 2666 1712 107
2694 1676 2801 1731 seq.

552 1754 738 1826 Neque
773 1768 900 1808 vero
931 1750 1158 1822 attingat
1185 1763 1425 1819 unquam
1456 1745 1799 1818 (Ecclesiam
1829 1744 2046 1799 Neocae-

2214 1747 2366 1817 Μήτε
2393 1747 2448 1802 δὲ
2480 1749 2674 1819 ἅψαιτό
2703 1770 2850 1818 ποτε,
2878 1749 2923 1808 ὧ
2948 1757 3192 1812 Δέσποτα
3218 1759 3327 1812 τῶν
3351 1760 3599 1826 ἁπάντων,
3620 1764 3662 1827 ὃς

483 1850 783 1907 sariensem
812 1844 1187 1900 haereticorum
1227 1850 1510 1895 ventorum
1540 1836 1748 1908 aestus),
1773 1851 1807 1890 ο
1830 1835 1997 1891 ιιηίνε]

2152 1834 2227 1904 τῷ
2261 1834 2337 1905 σῷ
2369 1835 2656 1909 θεράποντι
2685 1840 2985 1914 Γρηγορίῳ,
3017 1844 3095 1916 τῷ
3124 1844 3183 1912 ἐξ
3212 1845 3389 1917 ἀρχῆς
3413 1847 3666 1918 πηξαμένιρ

481 1956 668 1997 eorum
726 1936 986 2002 Domine;
1038 1933 1132 2004 qui
1186 1931 1389 1986 famulo
1420 1939 1514 1985 tuo
1545 1927 1826 1998 Gregorio,
1867 1942 1897 1981 a
1935 1941 1995 1995 qu

2152 1922 2248 1993 τὴν
2279 1925 2515 1994 κρηπίδα
2536 1926 2636 1997 τῆς
2672 1928 3010 2002 Ἐκκλησίας,
3043 1933 3139 2004 τῆς
3170 1935 3264 1987 ἐπὶ
3297 1937 3542 2006 μήκιστον
3565 1939 3666 1992 άτα-

480 2031 626 2087 basis
671 2027 928 2085 Ecclesiae
982 2025 1050 2080 ab
1097 2025 1251 2078 initio
1304 2029 1607 2092 compacta,
1639 2018 1994 2089 tranquillitat

2152 2012 2336 2084 ραξίας
2384 2017 2481 2088 τὴν
2532 2018 2688 2091 χάριν
2742 2020 3163 2090 ἔδωκας.....“ος
3194 2026 3304 2081 ἀπὸ
3346 2028 3437 2081 τοῦ
3471 2029 3665 2099 μεγάλου

480 2118 813 2191 longissima:
838 2130 1038 2171 munus
1066 2114 1333 2169 dedisti...
1370 2109 1472 2177 Qui
1503 2126 1534 2163 a
1563 2123 1759 2179 magno
1791 2106 1993 2163 Ecclesi

2152 2108 2444 2177 προστάτου
2498 2113 2594 2182 τῆς
2631 2112 2951 2184 Ἐκκλησίας
3004 2117 3155 2186 ὑμῶν
3200 2117 3497 2191 Γρηγορίου
3537 2121 3666 2194 μέχρι

479 2222 675 2283 vestrae
718 2208 945 2280 praeside
992 2205 1251 2276 Gregorio
1302 2218 1476 2273 usque
1521 2202 1587 2256 ad
1640 2201 1783 2256 hunc
1825 2201 1993 2256 beatul

2152 2196 2239 2250 τοῦ
2272 2199 2538 2271 μακαρίου
2562 2200 2771 2267 τούτου,
2805 2202 2960 2258 ἄλλον
2986 2206 3071 2258 ἐπ’
3101 2205 3246 2278 ἄλλῳ
3280 2208 3573 2278 προστιθεὶς
3595 2210 3666 2264 καὶ

480 2301 873 2377 (Musonium),
904 2300 1133 2355 alterum
1180 2298 1236 2352 in
1283 2295 1505 2351 alterius
1537 2295 1716 2350 locum
1746 2293 1988 2349 suﬂicien

2151 2292 2498 2362 συναρμόζων
2528 2293 2631 2360 ἀεὶ,
2659 2292 2766 2349 οἷον
2800 2298 2864 2350 ἐκ
2900 2298 3042 2363 τινὸς
3072 2299 3251 2371 άρμοῦ
3284 2300 3445 2356 λίθων
3481 2302 3665 2357 πολυτε-

477 2409 799 2467 semperque
828 2390 1113 2461 adaptans,
1142 2388 1289 2444 velut
1318 2402 1385 2443 ex
1419 2386 1652 2458 quadam
1681 2387 1991 2457 pretiosoru:

2152 2380 2275 2447 λῶν,
2324 2382 2634 2454 θαυμαστὸν
2676 2382 2787 2441 οἷον
2832 2388 3025 2453 κάλλος
3060 2392 3159 2463 τῆς
3192 2392 3512 2464 Ἐκκλησίας
3546 2393 3666 2466 ὑμῶν

480 2487 720 2558 lapidum
749 2483 1130 2550 commissura,
1150 2481 1349 2536 mirum
1376 2488 1756 2535 ornamentum
1791 2478 2044 2533 Ecclesiae
2149 2474 2454 2546 ἐχαρίσατο.

478 2589 670 2636 vestra:
698 2576 930 2649 largitus
955 2583 1056 2632 est.

1502 2661 1653 2718 Idem
1676 2664 1828 2732 epist.
1872 2663 1977 2718 204
2007 2679 2153 2718 num.
2181 2661 2236 2725 2,
2261 2660 2390 2713 ibid.
2422 2676 2544 2730 pag.
2568 2659 2690 2715 303.

546 2766 788 2821 Alterum
837 2763 945 2817 huc
990 2760 1216 2826 accedit,
1262 2758 1408 2828 quod
1437 2758 1484 2812 si
1513 2758 1644 2827 quid
1672 2758 1853 2827 magni
1886 2758 2040 2813 aﬂ'ert

2215 2754 2472 2827 Δεύτερον
2500 2754 2577 2821 δὲ,
2607 2756 2687 2808 ὅτι
2713 2754 2836 2808 εἴτι
2868 2755 3010 2825 μέγα
3037 2757 3402 2828 συμϐάλλεται
3429 2759 3555 2832 πρὸς
3573 2778 3669 2815 συν-

476 2858 546 2913 ad
588 2857 1052 2928 coniunctionem,
1083 2855 1245 2908 etiam
1299 2850 1487 2905 iisdem
1526 2849 1603 2903 uti
1639 2850 1934 2919 magistris,
1976 2849 1990 2903 i

2154 2845 2339 2913 άφειαν
2369 2842 2461 2895 καὶ
2496 2842 2557 2895 τὸ
2603 2842 2712 2896 τῶν
2744 2843 2921 2897 αὐτῶν
2951 2849 3237 2917 μετασχεῖν
3266 2846 3605 2912 διδασκάλων,
3630 2850 3668 2903 0i

474 2951 597 3005 dem
626 2949 785 3003 nobis
825 2947 935 3002 sint
969 2961 1033 3001 ac
1064 2944 1216 2999 vobis
1242 2941 1488 3012 magistri
1524 2942 1905 3011 mysteriorum
1945 2941 1987 2995 D

2155 2937 2297 2990 αὐτοὶ
2327 2936 2454 3005 ὑμῖν
2501 2950 2558 2987 τε
2592 2935 2697 2987 εἰσὶ
2739 2934 2832 2988 καὶ
2862 2938 2995 3007 ἡμῖν
3026 2937 3337 2992 διδάσκαλοί
3370 2956 3427 2993 τε
3456 2940 3554 2995 τῶν
3591 2959 3669 3011 μυ-

474 3052 529 3097 et
560 3051 743 3113 patres
789 3037 1116 3109 spirituales,
1143 3034 1236 3104 qui
1284 3034 1438 3087 initio
1469 3031 1768 3087 Ecclesiam
1800 3042 1988 3088 vestra

2156 3028 2380 3100 ττηρίων
2411 3026 2503 3081 τοῦ
2541 3024 2696 3092 Θεοῦ,
2732 3028 2825 3081 καὶ
2871 3029 3106 3099 πατέρες
3139 3032 3516 3101 πνευματικοὶ,
3547 3034 3590 3085 οί
3625 3033 3670 3099 ἐξ

476 3133 773 3189 fundarunt
809 3148 825 3184 :
853 3128 1168 3198 Gregorium
1208 3126 1330 3181 dico
1358 3140 1630 3180 summum
1660 3125 1808 3179 illum
1836 3126 1990 3181 virun

2152 3120 2313 3192 αρχῆς
2338 3119 2435 3191 τὴν
2473 3119 2794 3189 Ἐκκλησίαν
2821 3121 2919 3192 τὴν
2944 3122 3212 3195 ὑμετέραν
3247 3125 3666 3197 θεμελιώσαντες·

471 3234 527 3281 et
550 3229 811 3293 quotquot
843 3229 965 3291 post
997 3234 1120 3273 eum
1151 3217 1263 3273 sedi
1295 3217 1435 3287 apud
1464 3231 1561 3271 vos
1588 3216 1881 3286 episcopali
1911 3232 1985 3272 εω

2156 3211 2432 3283 Γρηγόριον
2457 3209 2598 3278 λέγω
2617 3210 2707 3263 τὸν
2732 3199 2893 3276 πάνυ,
2920 3214 3012 3266 καὶ
3035 3214 3146 3267 ὅσοι
3174 3216 3375 3287 ἐφεξῆς
3398 3217 3576 3287 ὲκείνῳ
3595 3216 3670 3284 τῆς

473 3315 746 3380 cedentes,
777 3311 917 3366 alius
969 3317 1092 3379 post
1139 3308 1305 3363 alium
1354 3307 1518 3361 veluti
1575 3305 1741 3360 stella:
1790 3306 1987 3376 quaedm

2156 3303 2269 3374 παρ’
2298 3302 2424 3373 ὑμῖν
2453 3303 2755 3373 ἐπισκοπῆς
2781 3303 2870 3357 τὸν
2911 3304 3093 3377 θρόνον
3122 3306 3515 3378 διαδεξάμενοι,
3547 3307 3670 3371 άλλος

472 3403 799 3468 exorientes,
828 3398 1020 3455 iisdem
1049 3397 1290 3468 vestigiis
1318 3396 1661 3461 institerunt;
1692 3394 1827 3449 adeo
1857 3403 1915 3449 ut
1941 3412 1986 3448 ni

2154 3398 2227 3449 ἐπ’
2255 3396 2397 3468 ἄλλῳ
2423 3397 2611 3469 ὥσπερ
2639 3397 2780 3460 τινὲς
2812 3398 3036 3470 ἀστέρες
3064 3396 3535 3466 ἐπανατέλλοντες,
3556 3400 3668 3455 κατὰ

473 3489 609 3552 ιυίὶιὶ
654 3495 885 3552 obscura
927 3492 1246 3564 reliquerint
1287 3489 1520 3546 caelestis
1570 3489 1804 3545 instituti
1841 3503 1987 3543 mon:

2157 3487 2244 3541 τῶν
2286 3488 2462 3543 αὐτῶν
2498 3488 2657 3560 ἰχνῶν
2689 3490 2983 3561 ἐπέϐησαν,
3019 3490 3157 3545 ὥστε
3189 3492 3497 3562 διάγνωστα
3536 3510 3671 3547 κατα-

473 3596 676 3645 menta.
2134 3580 2312 3633 λιπεῖν
2363 3581 2459 3651 τῆς
2513 3579 2631 3634 κατ’
2664 3582 2888 3652 οὐρανὸν
2938 3582 3208 3648 πολιτείας
3253 3586 3328 3641 τά
3361 3587 3553 3658 σημεῖα
3582 3587 3670 3646 τοῖς

2137 3672 2502 3743 βουλομένοις.

1358 3767 1508 3822 Idem
1529 3766 1684 3837 epist.
1711 3765 1837 3832 207,
1874 3783 2018 3821 num.
2051 3765 2106 3835 4,
2132 3767 2260 3822 ibid.
2287 3784 2408 3839 pag.
2445 3767 2543 3823 5H
2570 3777 2619 3821 et
2639 3785 2776 3840 seqq.

540 3885 649 3942 Sed
682 3884 819 3951 haec,
846 3883 1041 3953 inquit,
1068 3896 1177 3937 non
1212 3888 1369 3936 erant
1404 3888 1648 3951 tempore
1689 3878 1871 3950 magni
1898 3877 2032 3934 Gre-

2216 3877 2352 3931 ’Λλλ’
2386 3878 2485 3931 οὐκ
2512 3873 2600 3950 ἦν,
2636 3879 2790 3949 φησὶ,
2824 3878 2993 3933 ταῦτα
3026 3879 3119 3933 ἐπὶ
3150 3879 3243 3936 τοῦ
3292 3881 3525 3953 μεγάλου
3551 3883 3666 3955 Γρη-

470 3979 678 4051 gorii...
710 3976 834 4032 Haec
864 3985 1045 4031 autem
1070 3990 1178 4031 non
1208 3973 1377 4029 fuisse
1417 3973 1519 4029 sub
1552 3972 1869 4028 admirando
1895 3969 1984 4026 Gri

2154 3970 2338 4043 (ορίου.
2367 4011 2379 4024 .
2406 4014 2419 4026 .
2445 3972 2564 4027 Ὅτι
2589 3972 2644 4025 δὲ
2673 3974 2773 4027 οὐκ
2818 3969 2885 4046 ἦν
2928 3965 3101 4029 ταῦτα
3130 3977 3222 4030 ἐπὶ
3259 3977 3357 4032 τοῦ
3393 3976 3668 4049 θαυμαστοῦ

469 4069 643 4140 goria,
670 4082 936 4137 quosnam
966 4063 1173 4120 habetis
1204 4063 1412 4120 testes?
1436 4064 1529 4134 qui
1560 4062 1776 4132 quidem
1804 4061 1937 4115 nihil
1964 4076 1983 4115 ε

2154 4064 2432 4137 Γρηγορίου
2477 4065 2627 4129 τίνας
2677 4064 2827 4136 ἔχετε
2873 4067 3185 4140 μάρτυρας;
3220 4070 3275 4123 οἴ
3307 4088 3371 4140 γε
3402 4071 3545 4125 οὐδὲν
3582 4068 3668 4123 τῶν

470 4157 619 4212 illius
672 4155 934 4210 institutis
987 4154 1248 4208 hactenus
1294 4151 1726 4208 conservastis...
1769 4147 1984 4204 Tantun

2153 4156 2343 4209 ἐκείνου
2384 4155 2540 4227 μέχρι
2572 4155 2667 4209 νῦν
2706 4156 3097 4212 διεσώσασθε...
3128 4161 3305 4215 Μόνον
3352 4161 3596 4234 ὲῤῥὼσθω
3616 4160 3667 4213 τά

470 4248 634 4304 modo
680 4262 813 4303 sana
859 4245 970 4301 sint
1020 4259 1141 4314 qua:
1193 4253 1321 4299 sunt
1370 4243 1659 4312 praecipua,
1686 4250 1739 4296 et
1766 4240 1984 4295 novitati

2153 4247 2536 4319 προηγούμενα,
2570 4248 2661 4301 καὶ
2704 4248 2802 4314 τὰς
2845 4250 2970 4322 περὶ
3014 4255 3110 4322 τὴν
3137 4253 3323 4307 πίστιν
3353 4238 3667 4323 καινοτομίας

467 4340 613 4395 circa
639 4340 799 4395 (idem
827 4337 1222 4407 compescite...
1247 4334 1488 4404 Gregorii
1510 4333 1669 4389 verba
1701 4348 1769 4388 ne
1787 4331 1923 4387 falso
1948 4332 1981 4386 it

2154 4340 2599 4411 ιατασιγήσατε...
2640 4339 2752 4404 Τὰς
2781 4339 2873 4394 τοῦ
2908 4341 3200 4415 Γρηγορίου
3233 4343 3418 4415 φωνάς
3450 4344 3522 4416 μὴ
3550 4359 3668 4412 παρ·

468 4430 860 4502 terpretemini.
1845 4444 1848 4447 λ

1845 4444 1848 4447 λ
2063 4410 2106 4463 D
2133 4410 2428 4501 εξηγεϊσθε.

1341 4517 1491 4572 Idem
1522 4518 1674 4587 epist.
1705 4516 1810 4570 210
1840 4533 1982 4570 num.
2012 4518 2067 4587 3,
2101 4520 2155 4586 5,
2185 4523 2311 4577 ibid.
2349 4540 2469 4595 pag.
2497 4524 2602 4579 514
2622 4567 2638 4591 ,
2660 4522 2784 4583 516.

462 4652 465 4655 Α
535 4615 687 4670 Fidei
715 4614 928 4669 eversio
954 4611 1097 4683 apud
1122 4626 1221 4667 vos
1246 4610 1608 4680 excogitatnr,
1646 4608 1865 4663 inimica
1898 4624 1976 4678 api

2203 4614 2442 4679 Πίστεως
2494 4615 2786 4689 διαστροφὴ
2839 4619 2966 4690 παρ’
2997 4619 3125 4689 ὑμῖν
3171 4619 3479 4690 μελετᾶται,
3524 4616 3666 4690 ἐχθρά

466 4708 676 4763 stolicis
720 4715 774 4761 et
823 4703 1148 4776 evangelicis
1173 4702 1460 4764 doctrinis,
1492 4700 1715 4755 inimica
1753 4699 1980 4754 traditio:

2147 4704 2233 4757 ,ιὲν
2286 4708 2395 4770 τοῖς
2440 4708 2810 4773 ἀποστολικοῖς
2859 4711 2952 4764 καὶ
2996 4711 3366 4779 εύαγγελικοῖς
3412 4712 3661 4782 δόγμασιν,

465 4798 715 4870 Gregorii
747 4811 874 4852 vere
906 4796 1155 4867 magni...
1187 4792 1325 4848 Nam
1365 4792 1585 4847 Sabellii
1630 4792 1854 4858 malum,
1897 4791 1979 4845 οιίι

2150 4793 2299 4865 ιχθρά
2328 4795 2385 4848 δὲ
2410 4798 2475 4866 τῇ
2504 4799 2795 4870 παραδόσει
2818 4799 2912 4852 τοῦ
2948 4796 3180 4871 μεγάλου
3206 4802 3280 4865 ὠς
3305 4802 3519 4874 άληθῶς
3546 4801 3664 4871 Γρη-

465 4892 683 4962 quidem
717 4896 987 4953 exortum,
1017 4886 1111 4942 sed
1166 4884 1455 4939 traditione
1499 4884 1683 4954 magni
1736 4884 1879 4938 illius
1924 4883 1976 4937 vi

2147 4886 2330 4957 (ορίου.
2361 4927 2374 4941 .
2409 4928 2423 4941 .
2460 4888 2532 4942 Τὸ
2574 4889 2681 4962 γὰρ
2712 4888 2805 4942 τοῦ
2835 4890 3116 4944 Σαδελλίου
3159 4893 3348 4951 κακὸν,
3381 4894 3541 4948 πάλαι
3583 4893 3661 4963 μὲν

462 4983 812 5044 exstinctum,
851 4988 1121 5035 conantur
1164 4992 1311 5031 nunc
1358 4975 1447 5030 isti
1477 4990 1806 5031 renovare...
1836 4974 1970 5030 Imm

2144 4977 2367 5049 κινηθὲν,
2402 4981 2767 5037 κατασϐεσθὲν
2796 4983 2851 5037 δὲ
2883 4989 2948 5057 τῇ
2984 4984 3271 5058 παραδόσει
3301 4986 3398 5040 τοῦ
3434 4985 3658 5057 μεγάλου.

458 5092 585 5133 sere
608 5075 771 5132 etiam
812 5088 906 5143 per
930 5070 1215 5140 epistolam
1251 5077 1583 5124 tentamenta
1615 5070 1859 5139 quaedam
1892 5085 1972 5124 un:

2145 5071 2462 5142 ἐπιχειροῦσι
2491 5072 2585 5125 νῦν
2610 5074 2959 5129 ἀνανεοῦσθαι
2991 5073 3154 5131 οὗτοι.
3186 5117 3199 5131 .
3230 5117 3244 5130 .
3293 5077 3549 5149 Καθῆκαν
3571 5072 3659 5143 (63)

463 5170 598 5225 nimi
646 5179 834 5237 nostro
879 5163 1137 5218 Anthimo
1185 5162 1495 5234 Tyanorum
1547 5165 1818 5233 episcopo,
1866 5179 1971 5233 qua

2147 5163 2185 5215 ié
2216 5181 2335 5217 τινα
2370 5168 2561 5236 πεῖραν
2603 5164 2668 5218 δι’
2703 5168 3008 5240 ἐπιστολῆς,
3043 5170 3136 5222 καὶ
3170 5170 3304 5238 πρὸς
3349 5170 3439 5223 τὸν
3485 5166 3661 5237 ὁμόφυ-

459 5259 756 5332 Gregorius
802 5258 858 5311 in
913 5254 1066 5311 Fidei
1112 5256 1435 5325 expositione
1480 5255 1698 5321 dixerit,
1725 5253 1973 5309 Patrem<

2144 5271 2219 5325 (ον
2244 5254 2397 5327 ἡμῶν
2433 5257 2689 5329 Ἀνθιμον
2717 5259 2805 5312 τὸν
2839 5260 3058 5313 Τυάνων
3094 5261 3389 5313 ἐπίσκοπον
3409 5276 3424 5290 ·
3464 5257 3535 5323 ὡς
3570 5257 3658 5327 ἄρα

459 5351 655 5407 Filium
680 5350 879 5406 mentis
901 5348 1121 5419 quidem
1151 5348 1475 5418 cogitatione
1502 5349 1610 5402 duo
1630 5362 1770 5414 esse,
1801 5347 1896 5402 sed
1921 5347 1973 5417 ll]

2144 5348 2424 5420 Γρηγορίου
2440 5351 2679 5415 εἰπόντος
2704 5353 2761 5404 ἐν
2779 5351 3553 5423 Ἔκθέσειπίστεως,Πατέρα
3580 5344 3658 5400 καὶ

456 5443 661 5515 postasi
692 5456 883 5497 unum.
916 5439 1032 5496 Hoc
1072 5449 1251 5495 autem
1301 5456 1408 5495 non
1453 5439 1683 5496 docendi
1712 5455 1899 5507 causa,
1931 5456 1970 5493 se

2140 5440 2247 5494 Γὶὸν
2303 5441 2514 5512 ἐπινοίᾳ
2573 5442 2669 5513 μὲν
2720 5437 2861 5503 εἶναι
2910 5441 3019 5510 δύο,
3058 5443 3350 5497 ὑποστάσει
3381 5436 3654 5510 ﬁetu“).

529 5576 640 5649 (63)
679 5575 982 5649 Καθῆκαγ,
1016 5592 1071 5630 κ.
1096 5592 1146 5628 τ.
1167 5573 1238 5649 λ,Δ
1259 5573 1464 5649 Hoyim
1490 5574 1781 5649 verbornm
1813 5573 2019 5649 versio-
2126 5574 2205 5631 sis
2231 5574 2327 5631 lib.
2356 5592 2413 5645 x,
2445 5591 2496 5632 c.
2526 5576 2581 5645 6,
2613 5573 2750 5647 Opp.
2785 5575 3057 5634 Sirmond.
3087 5588 3218 5635 tom.
3248 5576 3314 5643 ιι,
3344 5591 3464 5649 pag.
3500 5570 3592 5629 740
3612 5579 3657 5628 et

456 5644 577 5702 nem
610 5662 783 5716 usque
813 5644 879 5703 ad
908 5647 1071 5702 ﬁnem
1095 5646 1314 5703 exhibet
1341 5644 1633 5701 Facundus
1664 5644 2012 5700 Hermianew
2124 5661 2238 5716 seq.
