3882 6332
248 390 341 447 977

1344 384 1767 443 TESTIMONIA
1811 385 2166 444 VETERUM.

3363 385 3467 443 978

243 504 382 560 τοῦτο
410 502 465 557 δὲ
490 502 569 556 δτι
612 502 675 556 οὐ
715 502 1057 574 δογματικῶς
1097 504 1331 576 εἴρηται,
1361 504 1477 558 ἀλλ’
1499 506 1774 575 ἀγωνιστι-

1889 504 2202 560 decertandi
2231 504 2283 559 in
2313 502 2535 575 Dialogo
2568 520 2686 559 cum
2720 502 2942 561 Amiano
2967 505 3174 561 dictum
3207 517 3352 568 esse,
3386 504 3464 558 in-

243 597 339 660 κῶς
377 597 431 649 ὲν
455 596 518 666 τῇ
549 594 699 663 πρὸς
738 594 1024 650 Διλιανόγ
1065 595 1346 662 διαλέξει,
1375 597 1475 651 οὐκ
1517 597 1785 671 ἠδυνήθη-

242 704 327 742 σαν
360 687 593 753 συνιδεῖν,
622 687 669 740 οἱ
714 687 806 740 ἐπὶ
852 686 1136 762 λεπτότητι
1177 689 1285 743 τῶν
1316 691 1528 763 φρενῶν
1558 692 1783 757 ἑαυτοὺς

240 779 622 854 μακαρίζοντες.
641 781 729 834 Ἐν
833 781 1003 836 πολλά
1030 781 1136 836 τῶν
1162 783 1638 855 ἀπογραψαμένων
1666 785 1784 837 ἐστὶ

239 872 522 944 σφάλματα,
551 872 626 936 ὡς
658 875 747 926 ἐπ’
769 874 948 929 αὐτῶν
974 874 1081 928 τῶν
1106 875 1302 940 λέξεων
1325 874 1568 947 δείξομεν
1599 879 1779 948 ἡμεῖς,

236 964 319 1016 ἐὰν
345 965 371 1016 ό
400 962 527 1027 Θεὸς
547 963 770 1036 θέλῃ.Ἔ
783 982 937 1018 πειτα
967 967 1068 1037 μέν
1091 984 1172 1020 τοι
1189 967 1280 1020 τὸν
1303 967 1539 1039 Ἕλληνα
1560 968 1781 1035 πείθων,

235 1058 319 1128 οὐχ
342 1059 517 1128 ἡγεῖτο
542 1058 735 1130 χρῆναι
767 1058 1238 1133 ἀκριϐολογεῖσθαι
1276 1061 1402 1130 περὶ
1427 1061 1494 1115 τά
1530 1062 1776 1134 ῥήματα·

234 1148 331 1203 ἀλλ’
349 1148 488 1203 ἔστιν
508 1150 613 1221 ὅπη
634 1151 728 1204 καὶ
756 1150 1060 1205 συνδιδόντα
1081 1151 1158 1224 τῷ
1175 1152 1284 1207 ἔθει
1307 1154 1401 1208 τοῦ
1429 1154 1777 1225 ἐναγομὲνου,

231 1240 295 1304 ὡς
321 1240 381 1295 ἂν
416 1241 487 1312 μὴ
514 1243 798 1297 ἀντιτείνοι
830 1243 966 1315 πρὸς
988 1244 1059 1298 τὰ
1088 1245 1297 1317 καίρια.
1327 1247 1417 1300 Διὸ
1444 1247 1507 1319 δὴ
1532 1247 1625 1301 καὶ
1657 1246 1783 1301 πολ-

160 1388 168 1395 _
231 1331 316 1395 λάς
339 1331 401 1387 ἂν
427 1332 605 1405 εὕροις
632 1334 749 1388 ἐκεῖ
771 1335 974 1404 φωνὰς,
996 1335 1096 1401 τάς
1122 1335 1218 1390 νῦν
1243 1340 1351 1403 τοῖς
1377 1340 1667 1410 αίρετικοῑς
1690 1355 1783 1410 με·

229 1424 401 1495 γίστην
453 1425 603 1496 ἰσχὺν
650 1428 1065 1499 παρεχομένας·
1099 1427 1176 1493 ὡς
1222 1428 1283 1483 τὸ
1328 1430 1567 1500 κτίσμα,
1595 1431 1689 1486 καὶ⁹
1718 1431 1779 1485 τὸ

227 1517 451 1593 ποίημα,
480 1517 576 1570 καὶ
608 1518 662 1571 ετ
688 1536 739 1572 τι
770 1518 1024 1573 τοιοῦτον.
1061 1520 1238 1575 Πολλά
1279 1521 1336 1575 δὲ
1384 1523 1478 1576 καὶ
1522 1523 1778 1596 περὶτῆς

225 1608 345 1681 πρὸς
364 1610 449 1663 τὸν
469 1610 752 1685 ἄνθρωπον
784 1614 1076 1683 συναφείας
1103 1614 1390 1686 εἰρημένα,
1424 1617 1503 1681 είς
1529 1616 1621 1671 τὸν
1647 1617 1777 1689 περὶ

223 1699 312 1768 τῆς
352 1699 599 1773 θεότητος
630 1703 963 1777 ἀναφέρουσι
1006 1705 1267 1775 λόγον,ὀὶ
1300 1708 1639 1773 ἀπαιδεύτως
1669 1709 1777 1765 τῶν

221 1793 601 1864 γεγραμμένων
632 1794 922 1861 ἀκούοντες
942 1813 957 1827 ⁸
1009 1798 1190 1853 ὁποῖόν
1229 1801 1346 1853 ἐστι
1386 1800 1482 1855 καὶ
1509 1799 1682 1864 τοῦτο,
1715 1799 1777 1854 τὸ

222 1884 357 1957 παρὰ
388 1885 593 1940 τούτων
627 1890 1075 1961 περιφερόμενον.

1885 598 2128 668 telligere
2155 612 2262 652 non
2291 607 2588 668 potuerunt
2614 599 2707 668 qui
2733 599 2836 654 sibi
2872 599 2974 669 ipsi
3005 599 3078 653 ob
3104 596 3308 669 ingenii
3341 596 3465 652 sub

1885 689 2134 744 tilitatem
2176 689 2319 744 beati
2346 688 2617 745 videntur.
2654 688 2772 756 Qua
2806 690 2860 744 in
2882 688 3250 759 disputatione
3288 686 3463 742 multa

1885 789 2016 838 sunt
2048 780 2397 836 librariorum
2428 790 2633 850 errata,
2666 793 2726 838 ut
2752 796 2819 836 ex
2846 781 2980 852 ipsis
3006 780 3188 836 verbis
3207 779 3466 835 ostende'

1883 888 2009 930 mus
2030 915 2045 940 ,
2079 875 2124 930 si
2149 874 2293 929 Deus
2327 874 2490 929 volet.
2522 873 2728 930 Deinde
2756 889 2888 930 vero
2918 874 3172 945 gentilem
3203 872 3479 929 erudiens

1883 982 1990 1022 non
2008 965 2352 1022 existimabat
2370 966 2679 1023 accuratius
2706 966 3091 1037 disputandum
3113 982 3233 1023 esse
3253 968 3320 1022 de
3339 981 3459 1021 ver-

1882 1058 1966 1114 bis
1998 1077 2010 1113 :
2048 1058 2142 1114 sed
2170 1073 2280 1113 non
2321 1058 2458 1113 nihil
2500 1059 2664 1114 etiam
2712 1058 2883 1114 indoli
2913 1059 3059 1114 illius
3088 1058 3183 1130 qui
3213 1057 3460 1113 introdu-

1881 1149 2122 1215 cebatur,
2177 1142 2606 1215 concedenddm,
2666 1159 2727 1205 ut
2775 1165 2842 1205 ne
2904 1150 2972 1206 iis
3020 1166 3142 1220 quae
3184 1151 3472 1221 praecipua.

1880 1250 2026 1309 sunt,
2082 1254 2426 1314 repugnaret.
2463 1241 2804 1315 Quapropter
2844 1254 2898 1300 et
2932 1245 3132 1299 multas
3164 1242 3274 1298 illic
3313 1244 3460 1299 inve-

1878 1335 2001 1390 nias
2049 1349 2231 1399 voces,
2282 1349 2403 1404 quae
2447 1350 2595 1390 nunc
2642 1336 2813 1391 robur
2840 1335 3139 1391 maximum
3184 1334 3457 1391 haereticis

1879 1427 2137 1498 prmbent,
2164 1427 2352 1497 quales
2373 1435 2500 1482 sunt
2527 1439 2771 1482 creatura
2803 1435 2858 1482 et
2895 1428 3131 1498 factura,
3159 1436 3215 1482 et
3248 1427 3295 1481 si
3325 1427 3456 1497 quid

1878 1516 2176 1587 ejusmodi.
2212 1516 2380 1573 Multa
2403 1527 2585 1573 autem
2615 1527 2670 1574 et
2698 1519 2766 1574 de
2803 1520 3192 1588 conjunctione
3216 1534 3340 1576 cum
3363 1520 3461 1575 ho-

1880 1609 2028 1665 mine
2052 1609 2195 1665 dicta
2226 1610 2294 1666 ad
2320 1610 2624 1666 divinitatis
2652 1611 2921 1667 rationem
2948 1610 3212 1678 referunt,
3243 1611 3334 1683 qui
3364 1611 3454 1667 in-

1877 1702 2014 1757 scite
2042 1703 2243 1773 scripta
2269 1703 2361 1759 illa
2394 1704 2735 1775 intelligunt;
2761 1704 2921 1775 quale
2943 1712 3026 1761 est
3052 1704 3230 1761 ethoc
3251 1705 3451 1776 ipsum,

1879 1796 2024 1864 quod
2056 1796 2127 1850 ab
2160 1797 2292 1867 ipsis
2319 1797 2657 1853 decantatur.

727 2002 815 2057 Ill.
852 2003 911 2060 S.
956 2004 1336 2078 Hieronymus,
1364 2007 1454 2063 lib.
1490 2008 1564 2063 De
1598 2006 1729 2062 viris
1749 2005 1943 2061 illustr.
1966 2020 2085 2074 cap.
2139 2002 2229 2068 65,
2265 2020 2381 2057 cum
2410 2013 2576 2060 uetere
2604 2006 2904 2075 interprete.

275 2092 575 2167 Θεόδωρος,
611 2095 669 2160 δς
699 2095 922 2170 ὕστερον
958 2099 1161 2173 ἐκλήθη
1192 2100 1514 2175 Γρηγόριος,
1553 2101 1774 2154 Νεοκαι-

1954 2096 2308 2162 Theodorus,
2347 2098 2439 2168 qui
2465 2107 2651 2168 postea
2691 2096 2987 2168 Gregorius
3022 2097 3322 2169 appellatus
3347 2106 3449 2166 est,

218 2186 423 2257 σιρείας
457 2189 790 2258 ἐπίσκοπος,
832 2191 950 2256 νέος
980 2194 1198 2265 κομιδῆ,
1246 2193 1334 2249 διὰ
1362 2193 1461 2266 τὴν
1498 2194 1776 2251 παίδευσιν

240 2279 530 2351 Ελληνικῶν
561 2300 623 2336 τε
658 2284 752 2337 καὶ⁵
792 2285 1114 2356 Ῥωμαϊκῶν
1151 2287 1509 2359 γραμμάτων,
1544 2287 1651 2341 ἀπὸ
1678 2288 1779 2359 τῆς

216 2372 593 2438 Καππαδοκίας
626 2377 705 2439 είς
736 2376 978 2448 Βηρυτὸν
998 2418 1014 2445 ,
1047 2378 1299 2433 κάκεῖθεν
1330 2381 1410 2444 εἰς
1441 2380 1777 2453 Καισάρειαν

213 2462 301 2534 τῆς
318 2462 677 2535 Παλαιστίνης
696 2465 869 2537 διέϐη,
901 2468 1016 2539 ἅμα
1054 2466 1402 2542 Ἀθηνοδώρῳ
1426 2468 1658 2541 ἀδελφῷ·
1683 2463 1780 2524 ὧν-

212 2570 355 2612 τινων
371 2557 467 2627 τὴν
487 2557 770 2630 ἐξαίρετον
796 2559 1027 2629 εὐφυΐαν
1047 2560 1305 2631 ἑωρακὼς
1341 2561 1639 2634 Ὤριγένης,
1664 2560 1778 2614 τού-

209 2660 323 2707 τους
371 2648 448 2712 είς
494 2648 816 2717 φιλοσοφίαν
869 2649 1259 2721 προετρέψατο,
1301 2650 1394 2705 καὶ
1435 2650 1576 2705 κατά
1614 2650 1777 2723 μέρος

209 2737 278 2799 εἰς
305 2738 398 2809 τὴν
424 2738 517 2792 τοῦ
551 2737 793 2811 Χριστοῦ
828 2740 1009 2794 πίστιν
1036 2742 1302 2810 εἰσάγων,
1343 2741 1589 2814 ζηλωτὰς
1616 2740 1776 2806 ἰδίους

209 2826 544 2901 καθέστηκεν.
603 2831 729 2886 Ἐπὶ
772 2832 931 2887 πέντε
959 2836 1135 2887 τοίνυν
1171 2835 1296 2907 παρ’
1347 2833 1511 2887 αὐτοῦ
1552 2834 1774 2887 παιδευ-

207 2915 375 2986 Θέντες
408 2922 524 2994 ἔτη,
557 2923 701 2995 πρὸς
729 2924 826 2996 τὴν
861 2926 1070 2996 μητέρα
1102 2926 1540 2999 ἀποπέμπονται,
1573 2927 1667 2998 ἀφ’
1699 2921 1773 2983 ὧν

206 3009 510 3086 ὸΘεόδωρος
556 3015 883 3087 ἀποδημῶν,
945 3016 1350 3086 πανηγυρικὸν
1391 3019 1774 3089 εὐχαριστίας

206 3101 273 3175 τῷ
319 3104 582 3177 Ὠριγένει
621 3106 827 3181 ἔγραψε
846 3122 864 3139 θ
910 3109 1003 3162 καὶ
1046 3108 1517 3181 συγκαλεσάμενος
1565 3111 1774 3174 πάντας

204 3195 704 3271 τοὺςιὲπιχωρίους,
738 3198 906 3253 αὐτοῦ
937 3217 995 3253 τε
1023 3199 1117 3253 τοῦ
1154 3201 1457 3273 Ὠριγένους
1484 3203 1770 3273 παρόντος,

204 3287 375 3344 τοῦτον
406 3291 627 3360 ἀνέγνω
655 3291 747 3345 τὸν
779 3292 956 3364 λόγον.
1005 3294 1153 3358 ὅστις
1189 3295 1317 3367 ἄχρι
1362 3294 1456 3349 τοῦ
1508 3296 1774 3368 παρόντος

204 3378 439 3455 ὑπάρχει.
468 3385 720 3457 Ἔγραψε
746 3385 801 3440 δὲ
824 3387 917 3440 καί
944 3388 1277 3457 Ἔκφρασιν
1303 3391 1389 3454 εὶς
1425 3389 1775 3458 Ἐκκλησια-

201 3471 362 3541 στὴν,
400 3474 689 3547 ὲλαχιστδν
730 3478 849 3548 μὲν,
877 3478 1015 3533 πάνυ
1045 3478 1102 3532 δὲ
1127 3478 1436 3550 θαυμαστὸν
1468 3480 1644 3550 λόγον,
1678 3484 1773 3536 καὶ

203 3559 350 3628 ἄλλοις
369 3565 574 3631 πολλὰς
605 3566 914 3632 ἐπιστολὰς,
950 3570 1182 3641 ποιήσας
1208 3572 1410 3642 σημεῖά
1430 3588 1491 3626 τε
1520 3571 1615 3626 καὶ
1643 3570 1774 3626 θαύ-

204 3669 355 3722 ματα,
381 3657 544 3728 ήνίκα
580 3656 874 3723 ἐπίσκοπος
906 3659 1219 3732 ἐτύγχανεν.

1882 2187 2243 2247 Neocaesareae
2270 2189 2427 2245 Ponti
2458 2190 2769 2260 episcopus,
2792 2190 3084 2245 admodum
3110 2190 3448 2257 adolescens,

1883 2282 1955 2336 ob
1984 2282 2160 2337 studia
2209 2280 2519 2338 Graecarum
2571 2291 2624 2337 et
2674 2279 2989 2336 Latinarum
3028 2281 3352 2347 litterarum,
3385 2283 3454 2338 de

1882 2372 2222 2444 Cappadocia
2261 2371 2542 2443 Berytum,
2576 2382 2628 2427 et
2665 2372 2789 2443 inde
2824 2371 3127 2429 Caesaream
3153 2372 3452 2430 Palaestina:

1884 2463 2116 2531 transiit,
2157 2462 2348 2534 juncto
2394 2463 2499 2519 sibi
2554 2462 2723 2518 fratre
2770 2462 3123 2519 Athenodoro
3160 2482 3175 2519 :
3214 2479 3450 2535 quorum

1884 2569 2008 2609 cum
2057 2555 2329 2626 egregiam
2373 2538 2608 2610 indolem
2651 2556 2875 2611 vidisset
2922 2553 3219 2627 Origenes,
3256 2571 3351 2613 eos
3381 2557 3451 2613 ad

1883 2647 2280 2719 philosophiam
2314 2649 2630 2704 cohortatus
2655 2660 2757 2713 est,
2787 2650 2841 2703 in
2864 2665 2971 2720 qua
3003 2650 3262 2718 paulatim
3289 2648 3452 2705 Chri-

1882 2740 1952 2795 sti
2013 2740 2173 2795 tidem
2225 2740 2680 2796 subintroducens
2714 2781 2729 2803 .
2779 2741 2861 2796 sui
2891 2755 3107 2811 quoque
3153 2748 3449 2796 sectatores

1878 2830 2134 2887 reddidit.
2162 2830 2554 2902 Quinquennio
2584 2834 2767 2902 itaque
2798 2833 2999 2888 eruditi
3033 2832 3102 2887 ab
3131 2847 3218 2899 eo,
3259 2834 3449 2889 remit-

1879 2933 2066 2981 tuntur
2086 2925 2152 2980 ad
2170 2934 2396 2980 matrem
2417 2944 2431 2994 ;
2457 2940 2488 2980 e
2514 2925 2713 2996 quibus
2730 2924 3050 2980 Theodorus
3071 2923 3445 2995 proﬁciscens.

1882 3016 2294 3089 Πανηγυρικόν
2346 3018 2726 3087 εὐχαριστίας
2790 3017 3007 3087 scripsit
3070 3015 3327 3088 Origeni;
3393 3025 3450 3072 et

1878 3117 2175 3161 convocata
2222 3107 2411 3178 grandi
2456 3106 2782 3178 frequentia,
2834 3108 2954 3178 ipso
2978 3123 3194 3178 quoque
3218 3104 3449 3179 Origene

1878 3210 2148 3269 praesente
2170 3199 2439 3267 recitavit,
2476 3200 2571 3271 qui
2602 3217 2775 3273 usque
2802 3202 2959 3257 hodie
2983 3210 3183 3257 exstat.
3217 3198 3449 3270 Scripsit

1877 3301 1932 3346 et
1964 3291 2351 3363 Μετάεορασιν
2395 3294 2451 3348 in
2510 3293 2885 3359 Ecclesiasten,
2934 3294 3151 3349 brevem
3201 3293 3446 3364 quidem.

1878 3386 1973 3439 sed
2005 3385 2161 3441 valde
2190 3386 2395 3441 utilem.
2447 3385 2514 3441 Et
2554 3388 2673 3442 alia:
2701 3388 2864 3458 hujus
2889 3388 3051 3457 vulgo
3072 3386 3318 3441 feruntur
3340 3385 3449 3453 epi-

1877 3478 2061 3545 stolae;
2114 3481 2207 3535 sed
2259 3481 2529 3551 praecipue
2578 3481 2733 3551 signa
2787 3490 2952 3551 atque
2997 3480 3291 3548 miracula,
3325 3494 3448 3550 qua:

1872 3569 1988 3640 jam
2030 3572 2318 3642 episcopus
2358 3587 2482 3628 cum
2525 3573 2820 3628 multarum
2872 3571 3237 3629 Ecclesiarum
3273 3571 3444 3644 gloria

1799 3657 1841 3714 C
1874 3664 2222 3733 perpetravit.

660 3769 811 3826 Idem
847 3771 1154 3832 Comment.
1187 3775 1243 3830 in
1276 3774 1663 3846 Ecclesiasten,
1691 3795 1811 3851 cap.
1838 3778 1893 3844 4,
1929 3782 2062 3851 Opp.
2092 3789 2219 3836 tom.
2244 3782 2287 3849 ῐ,
2317 3798 2440 3852 pag.
2467 3781 2592 3847 424,
2618 3782 2747 3837 edit.
2794 3778 2980 3836 Veron.

268 3857 357 3916 Vir
386 3874 642 3928 sanctus,
675 3864 974 3936 Gregorius
996 3864 1158 3921 Ponti
1183 3868 1491 3940 episcopus,
1524 3869 1773 3943 Origenis

202 3952 400 4010 auditor
456 3958 513 4013 in
564 3956 898 4029 Metapltrasi
949 3959 1291 4017 Ecclesiast
1318 3963 1392 4018 ita
1419 3964 1564 4019 hunc
1591 3965 1769 4021 locum

201 4045 455 4108 intellexit
506 4071 521 4108 :
585 4070 604 4104 ι
671 4051 783 4125 Ego
835 4070 965 4110 vero
1015 4054 1244 4126 praefero
1305 4056 1768 4114 adolescentulum

202 4154 479 4211 pauperem
504 4154 564 4201 et
592 4145 889 4215 sapientem
916 4148 1027 4218 regi
1060 4150 1174 4204 seni
1201 4158 1255 4205 et
1280 4151 1478 4216 stulto;
1522 4150 1610 4205 cui
1632 4166 1773 4205 nun-

134 4276 139 4280 .
200 4250 350 4302 quam
372 4238 525 4293 venit
546 4238 605 4291 in
630 4247 865 4294 mentem
887 4240 1030 4309 quod
1053 4240 1311 4308 possibile
1326 4242 1417 4308 sit,
1438 4258 1768 4314 quemquam

200 4325 260 4379 de
286 4326 369 4383 his
391 4344 534 4398 quos
566 4329 812 4385 vinxerat
836 4372 851 4398 ,
899 4330 968 4385 ad
996 4347 1221 4402 regnum
1257 4335 1404 4390 exire
1434 4334 1502 4390 de
1528 4350 1767 4400 carcere,

198 4422 248 4469 et
272 4430 329 4473 se
358 4418 542 4490 ipsum
580 4420 647 4475 de
679 4420 865 4492 iniqua
893 4422 1150 4494 deinceps
1198 4431 1464 4494 potestate
1508 4441 1607 4483 sua
1646 4442 1770 4481 cor-

1879 3887 2057 3928 ruere.
2089 3872 2283 3930 Evenit
2317 3875 2462 3930 enim
2513 3874 2782 3929 interdum
2824 3882 2884 3927 ut
2912 3874 2969 3927 hi
3008 3872 3101 3944 qui
3138 3873 3241 3929 sub
3262 3873 3445 3930 adole-

1877 3964 2127 4020 scentulo
2182 3965 2423 4036 sapiente
2466 3964 2686 4030 fuerint,
2740 3964 2946 4035 absque
2993 3978 3229 4018 maerore
3273 3963 3384 4019 sint
3427 3983 3442 4019 :

1876 4056 1949 4110 ita
1988 4066 2170 4112 tamen
2209 4068 2268 4112 ut
2310 4058 2413 4113 sub
2452 4073 2577 4127 rege
2615 4073 2745 4114 sene
2773 4065 2897 4112 ante
2939 4055 3135 4112 versati
3169 4055 3300 4111 sint.
3339 4054 3445 4124 Qui

1874 4149 2020 4204 enim
2053 4158 2241 4220 postea
2280 4151 2395 4205 nati
2420 4161 2566 4215 sunt,
2614 4150 2741 4222 quia
2775 4149 2915 4204 mala
2945 4148 3211 4220 praeterita
3238 4148 3448 4204 nescie-

1876 4250 2026 4304 runt.
2058 4259 2159 4298 nec
2189 4243 2652 4301 adolescentulum
2675 4244 2896 4301 laudare
2920 4252 3151 4314 possunt
3176 4244 3269 4315 qui
3296 4249 3447 4314 post-

1873 4350 1936 4390 ea
1964 4337 2327 4403 consurrexit,
2350 4338 2567 4394 abducti
2596 4339 2851 4411 opinione
2879 4348 3134 4411 perversa
3158 4347 3213 4394 et
3239 4337 3446 4410 impetu

1874 4428 2098 4498 spiritus
2139 4429 2498 4488 adversantis.
2560 4450 2583 4485 ι

1215 4519 1365 4575 Idem
1387 4523 1540 4591 epist.
1573 4522 1640 4576 70
1667 4538 1812 4576 num.
1842 4523 1898 4592 4,
1933 4533 2060 4578 tam.
2088 4523 2131 4592 1,
2163 4541 2286 4598 pag.
2323 4527 2451 4582 427.

262 4605 492 4666 Exstant
515 4618 577 4666 et
600 4610 791 4666 libri...
824 4609 1118 4682 Theodori,
1174 4614 1269 4685 qui
1316 4624 1503 4685 postea
1549 4615 1843 4685 Gregorius
1893 4619 2193 4689 appellatus
2232 4628 2337 4684 est,
2360 4619 2461 4674 viri
2492 4620 2914 4690 apostolicorum
2948 4619 3226 4690 signorum
3287 4624 3450 4687 atque

198 4704 474 4762 virtutum.

1218 4800 1309 4855 ιν.
1346 4801 1735 4867 Βαὴηιισ,Ηίεῐ.
1762 4803 1897 4859 eccl.
1922 4802 2013 4856 lib.
2042 4818 2137 4867 vn,
2163 4818 2279 4872 cap.
2304 4799 2397 4856 25.

160 4958 163 4959 ν
262 4928 463 4987 Verum
512 4936 775 5004 quoniam
828 4935 971 4991 beati
1018 4934 1263 5007 Gregorii
1318 4939 1559 4996 historiae
1588 4952 1770 4997 textus
1807 4924 1851 4979 Ῑ)
1877 4943 2005 4998 huic
2037 4941 2337 4996 narrationi
2371 4940 2439 4995 ad
2476 4940 2795 4995 memoriam
2826 4937 3159 5009 posteritatis
3185 4938 3446 4994 inserere.

196 5024 372 5079 attulit
397 5028 761 5091 mentionem,
803 5027 1184 5098 dignissimum
1216 5040 1348 5099 puto
1377 5034 1512 5087 tanti
1547 5034 1646 5088 viri
1677 5051 1770 5105 ge-

197 5122 274 5167 sta
308 5115 455 5186 (qua:
490 5119 598 5172 sub
635 5118 887 5173 orientali
916 5128 971 5174 et
994 5123 1378 5190 septentrionis
1415 5139 1516 5179 axe
1548 5136 1772 5181 cuncto-

196 5218 312 5257 rum
341 5220 604 5262 sermone
632 5208 994 5281 celebrantur)
1024 5211 1225 5266 omissa
1261 5213 1454 5269 nescio
1473 5231 1582 5284 quo
1614 5231 1769 5283 casu,

264 5314 374 5386 (66)
404 5317 903 5395 ,Ὑποστᾴσει-δὲ
953 5320 1041 5375 ἓν.
1095 5322 1326 5395 Gredere
1381 5340 1489 5380 non
1546 5340 1768 5395 possum

196 5381 522 5462 Gregorium
554 5389 757 5462 dixisse
789 5389 1003 5446 Patrem
1035 5402 1088 5448 et
1119 5393 1335 5458 Filium,
1371 5394 1415 5449 si
1443 5381 1605 5450 simul
1640 5381 1772 5452 con;

198 5455 529 5537 adderentur,
565 5461 890 5537 Cogitatiouc
938 5462 1048 5537 duo
1092 5455 1545 5537 esscthypostasi
1579 5481 1767 5523 unum.

197 5520 317 5578 ch
345 5520 763 5606 eni‘m’gem'ella
795 5541 978 5606 essent
1010 5533 1201 5606 bzeresi
1225 5520 1581 5599 'Sa‘bellianae,
1604 5520 1768 5606 quam

198 5609 366 5680 supra
411 5596 653 5680 basilius
681 5601 927 5680 Gregorii
957 5605 1267 5680 -traditione
1312 5596 1641 5680 exstinctam
1674 5610 1774 5680 do-

204 5676 304 5719 cet.
332 5666 443 5721 Sed
482 5668 572 5744 his
601 5666 864 5744 in_verbis
892 5673 974 5727 vel
1000 5685 1241 5728 erratum
1276 5675 1494 5744 aliquod
1522 5678 1779 5734 librario--

197 5736 634 5818 rum.gu't‘p.lacet
664 5741 887 5818 Basilio,
919 5746 1307 5818 suspicandum
1334 5736 1437 5810 est,
1466 5749 1549 5802 vel
1573 5749 1639 5802 dc
1664 5748 1771 5804 Pa-

194 5814 272 5861 tre
310 5816 364 5863 et
392 5806 544 5863 Filio
596 5814 885 5884 separatim
936 5806 1169 5886 sumptis
1199 5816 1371 5888 accipi
1402 5806 1620 5873 debent.
1652 5818 1772 5887 Quo

1879 5032 2142 5103 Stagnum
2173 5030 2446 5101 quoddam
2475 5039 2593 5085 erat
2625 5031 2681 5085 in
2715 5029 2873 5085 Ponti
2914 5029 3229 5100 regionibus
3259 5029 3449 5097 situm,

1877 5126 2118 5196 piscibus
2154 5125 2481 5194 copiosum,
2508 5139 2578 5178 ex
2614 5138 2846 5195 quorum
2879 5131 3101 5194 captura
3145 5121 3451 5193 praedivites

1877 5218 2089 5274 reditus
2109 5217 2345 5273 dominis
2362 5217 2785 5286 praestabantur.
2802 5216 2907 5272 Ista
2934 5215 3212 5286 possessio
3236 5214 3451 5270 duobus

1873 5343 2034 5384 sensu
2054 5325 2314 5396 magiSter
2329 5321 2572 5394 Gregorii
2589 5322 2850 5394 Origenes
2864 5324 3003 5379 dixit
3019 5323 3086 5378 de
3103 5321 3322 5378 Christo
3342 5339 3358 5376 ε
3375 5323 3453 5376 Τὸ

1875 5399 1973 5450 μὲν
2006 5396 2361 5450 ὑποκείμενον
2392 5395 2450 5447 ἓν
2479 5397 2616 5450 ἐστι.
2651 5398 2772 5450 ταῖς
2800 5396 2857 5449 δὲ
2890 5395 3153 5450 ἐπινοίαις
3183 5391 3256 5445 τὰ
3281 5392 3454 5450 πολλά

1874 5408 1973 5470 μὲν
2006 5408 2361 5465 ὑποκείμενον
2393 5408 2450 5447 εν
2479 5408 2616 5459 εστι,
2651 5408 2772 5458 ταις
2800 5408 2857 5449 δε
2890 5408 3153 5457 επινοιαις
3183 5408 3256 5445 τα
3281 5408 3450 5450 πολλα

1869 5469 2110 5540 ὀνόματα
2158 5467 2251 5520 ἐπὶ
2290 5464 2566 5545 διαφόρων
2595 5466 2791 5545 ἑστίη(
2826 5464 3179 5545 Suppositum
3227 5463 3450 5545 quidem

1870 5535 2039 5594 unum
2068 5549 2172 5602 est,
2213 5535 2305 5591 sed
2333 5535 2663 5605 cogitatione
2708 5536 2867 5604 plura
2902 5536 3124 5605 nomina
3152 5535 3321 5588 variis
3368 5549 3453 5605 re-

1872 5611 1974 5665 hus
2026 5603 2469 5678 imponuntur,'_r
2508 5603 2768 5678 homil.’8
2815 5605 2870 5659 in
2898 5603 3131 5678 itarem"
3185 5619 3307 5678 pag.
3354 5603 3449 5661 96.

1872 5674 2178 5735 Maranfin
2215 5685 2326 5731 not.
2364 5676 2431 5729 ad
2459 5677 2603 5731 hunc
2642 5675 2845 5731 locum.
2881 5675 3064 5731 Adisis
3115 5683 3170 5732 et
3204 5674 3459 5733 Sirmona

1876 5752 2005 5806 dum
2046 5752 2113 5806 ad
2149 5747 2465 5803 Facundum
2501 5762 2554 5817 p.
2595 5745 2719 5803 7A0.
