3882 6332
497 356 602 412 979
918 379 920 386 .
1456 355 1514 410 s.
1553 353 1950 414 caueamus
1988 357 2586 419 THAUMATURGUS.
3556 371 3630 427 530

497 469 761 527 fratribus
793 478 940 528 sorte
965 471 1296 528 haereditatis
1331 472 1622 530 obvenerat
1657 495 1670 531 :
1701 477 1793 532 sed
1825 477 2065 547 pecuniae
2095 489 2134 540 Α
2169 481 2343 536 undas
2367 481 2570 553 deﬁgit,
2604 491 2658 537 et
2690 482 2804 552 ipse
2830 481 3022 553 positis
3046 481 3265 552 genibus
3288 483 3463 553 palmas
3481 487 3534 540 ad
3547 504 3634 542 cte-

493 565 767 636 cupiditas
804 566 946 634 (qua:
975 565 1217 619 omnium
1264 582 1400 636 pene
1437 568 1748 622 mortalium
1779 569 1943 624 corda
1973 585 2066 624 su-

497 664 672 732 perat)
729 662 894 716 etiam
959 661 1254 716 fraternam
1309 660 1764 716 necessitudinem
1819 661 2062 716 violavit.

493 754 759 808 Goibatur
783 769 814 807 a
853 751 1112 808 fratribus
1144 761 1386 820 tempore
1413 760 1670 819 capturze,
1707 766 1814 804 non
1847 761 1956 805 tam
1997 751 2064 806 ad

493 845 784 914 capiendos
835 843 1013 914 pisces
1040 883 1055 907 ,
1094 857 1258 911 quam
1309 841 1376 894 ad
1398 839 1744 908 decipiendos
1783 841 2062 907 homines;

495 936 669 990 ctedes
709 943 764 989 et
796 934 934 988 bella
963 932 1358 996 movebantur;
1414 929 1684 985 humanus
1709 931 1930 1001 sanguis
1967 945 2064 1000 pro

495 1027 740 1097 piscibus
798 1025 1154 1091 fundebatur;
1209 1021 1304 1077 sed
1359 1020 1450 1075 Dei
1511 1021 1846 1090 providentia
1893 1022 2066 1076 adluit

496 1116 794 1187 aliquando
844 1114 1132 1180 auxilium,
1186 1111 1559 1177 adventtISque
1599 1105 1864 1177 Gregorii.
1919 1106 2066 1161 Vidit

496 1208 684 1276 proelia
721 1217 774 1262 et
819 1214 1020 1261 mortes
1052 1205 1315 1268 virorum,
1347 1201 1697 1270 furentesque
1739 1216 2061 1268 germanos;

492 1300 625 1370 quid
661 1313 841 1353 causae
882 1297 1148 1364 subesset,
1193 1313 1293 1366 pro
1331 1313 1439 1364 qua
1484 1296 1539 1350 in
1582 1294 1808 1349 exitium
1833 1292 1916 1347 sui
1944 1308 2065 1347 suo-

493 1405 726 1461 rumque
773 1388 969 1446 fratres
1028 1390 1452 1446 accenderentur
1480 1429 1497 1455 ,
1553 1387 1779 1458 inquirit
1810 1404 1827 1441 :
1856 1385 2060 1441 nullam

493 1481 599 1539 isi
646 1490 928 1552 capturam
983 1481 1215 1550 piscium
1267 1481 1552 1551 comperit.
1591 1478 1746 1535 Tunc
1776 1477 1906 1545 ille,
1936 1493 2061 1533 cum

493 1586 593 1642 pro
633 1572 842 1626 honore
873 1571 1142 1627 adventus
1170 1571 1255 1627 sui
1287 1582 1530 1641 utraeque
1567 1580 1749 1642 partes
1779 1570 2060 1641 paululum

491 1663 775 1720 siluissent
820 1682 836 1719 :
873 1661 1050 1720 Nolite
1073 1705 1090 1731 ,
1131 1664 1326 1734 inquit,
1357 1680 1390 1720 ο
1420 1663 1602 1730 lilioli,
1624 1663 1916 1718 rationales
1946 1662 2064 1717 ani-

2165 570 2276 625 lum
2303 572 2492 638 tendit,
2519 580 2682 642 atque
2719 571 2800 627 bis
2826 571 3003 627 verbis
3035 572 3246 626 excelso
3267 573 3495 642 supplicat
3519 575 3604 630 Deo
3621 596 3634 610 -

2167 661 2245 720 Tn
2277 662 2505 718 Domine
2529 663 2670 718 Deus
2698 672 2910 732 patrum
2944 673 3249 718 nostrorum
3275 701 3288 726 ,
3317 665 3395 734 qui
3432 681 3542 720 cum
3565 668 3637 722 tibi

2163 755 2372 825 primus
2401 755 2564 811 homo
2586 754 2756 809 Adam
2786 764 3082 824 peccasset,
3123 770 3188 809 ac
3222 757 3494 810 mandatum
3519 767 3640 812 tuum

2163 845 2533 915 praeteriisset,
2588 861 2804 915 poenam
2852 847 3024 916 culpae
3072 846 3215 902 illius
3269 848 3554 915 moderatus,
3590 853 3642 906 ad

2163 944 2361 992 terram
2391 936 2787 993 maledictionis
2814 939 3132 992 sententiam
3164 936 3434 1004 detorsisti,
3459 939 3641 996 dicens:

2163 1024 2445 1082 Maledicta
2496 1037 2640 1082 terra
2683 1028 2738 1082 in
2778 1029 3035 1098 operibus
3087 1028 3216 1083 tuis.
3271 1027 3330 1082 Et
3379 1045 3503 1084 nunc
3547 1046 3646 1101 ergo

2163 1119 2450 1173 miseratus
2513 1120 2706 1174 horum
2760 1119 3021 1189 juvenum
3071 1118 3356 1173 fraternum
3391 1121 3647 1189 sanguinem

2163 1210 2256 1278 qui
2306 1210 2659 1280 periclitatur,
2711 1210 2942 1281 prmcipe
2975 1221 3034 1264 ut
3069 1210 3358 1265 maledicta:
3395 1211 3489 1265 sint
3532 1227 3653 1280 aqua

2164 1302 2281 1357 ista:
2307 1302 2359 1356 in
2386 1302 2636 1371 operibus
2659 1318 2872 1367 eorum,
2900 1317 3000 1373 pro
3025 1303 3226 1372 quibus
3247 1301 3413 1357 furore
3433 1305 3649 1368 succensi,

2163 1393 2415 1449 fraternae
2459 1393 2675 1464 pietatis
2707 1393 2858 1449 obliti
2916 1403 3080 1461 sunt;
3131 1395 3208 1456 ita
3249 1403 3306 1448 ut
3349 1411 3588 1464 nunquam
3611 1396 3653 1448 in

2163 1484 2267 1540 hoc
2292 1485 2414 1540 loco
2445 1486 2531 1540 vel
2555 1484 2720 1555 piscis
2751 1492 3027 1555 appareat,
3059 1485 3143 1539 vel
3178 1499 3314 1555 aqua
3341 1484 3557 1550 resideat,
3581 1483 3652 1538 sed

2161 1576 2233 1632 sit
2260 1593 2484 1647 campus
2529 1576 2696 1631 aratri
2737 1576 2970 1646 patiens,
3004 1590 3068 1631 ac
3097 1573 3312 1646 frugum
3345 1574 3498 1640 ferax,
3519 1583 3564 1629 et
3581 1591 3656 1628 cu-

2159 1676 2276 1750 stos
2301 1667 2355 1721 in
2381 1676 2642 1722 :cternum
2676 1665 2927 1721 fraternae
2954 1666 3260 1720 concordiae
3279 1673 3565 1735 perseveret.
3588 1662 3657 1716 Si-

491 1771 612 1812 mas
638 1771 736 1826 pro
769 1755 934 1810 mntis
972 1755 1342 1810 animantibus
1383 1755 1604 1819 violare,
1638 1754 1930 1809 fraternam
1966 1769 2062 1823 pa-
2092 1821 2128 1826 _
2160 1757 2273 1812 mul
2305 1765 2365 1813 ut
2404 1757 2496 1812 ille
2535 1757 2697 1813 linem
2726 1755 2917 1812 orandi
2943 1754 3091 1820 fecit,
3118 1755 3302 1810 statim
3335 1769 3390 1810 se
3419 1754 3541 1808 unda
3561 1752 3659 1807 sub-

491 1862 610 1903 cem
641 1821 890 1918 quaestus
922 1847 1216 1917 cupiditate
1246 1847 1562 1910 dissolvere,
1595 1844 1690 1900 Dei
1711 1846 1855 1915 leges
1879 1855 1933 1901 et
1961 1821 2060 1900 na-
2091 1821 2135 1876 Β
2165 1850 2400 1913 ducens,
2436 1857 2490 1906 et
2531 1863 2697 1903 cursu
2735 1846 3000 1902 velociore
3047 1845 3340 1917 refugiens,
3369 1861 3396 1899 a
3419 1854 3655 1913 conspectu

493 1949 628 1995 tura:
662 1940 866 2009 pariter
891 1939 1017 2009 jura
1047 1948 1338 2007 temerare;
1393 1947 1444 1992 et
1475 1954 1583 1992 una
1616 1952 1828 1994 mecum
1865 1936 1932 1991 ad
1961 1951 2058 1990 ora
2159 1955 2396 2011 superno
2445 1940 2599 2010 jussa
2654 1939 2929 1994 discedere
2956 1978 2971 2004 ,
3029 1938 3244 2010 abyssis
3284 1939 3394 1992 suis
3429 1935 3659 1998 redditur,

491 2032 673 2100 stagni
708 2032 942 2088 exitialis
986 2031 1246 2086 accedite.
1281 2029 1395 2101 Ego
1418 2030 1530 2100 jam
1559 2045 1654 2085 vos
1679 2045 1775 2101 per
1801 2029 2056 2084 virtutem
2159 2039 2214 2086 et
2263 2039 2501 2085 arentem
2550 2045 2802 2094 campum
2863 2031 3135 2100 germanis
3193 2031 3309 2099 jam
3359 2027 3660 2084 concordibus

489 2119 745 2189 Domini,
789 2123 938 2178 omni
968 2123 1264 2178 certamine
1288 2132 1529 2178 cruenta:
1563 2120 1924 2178 contentionis
1962 2120 2058 2174 ab-
2159 2122 2462 2192 dereliquit.
2497 2120 2601 2177 Sed
2632 2131 2686 2178 et
2713 2123 2766 2177 in
2791 2123 3108 2178 hodiernum
3130 2163 3144 2184 .
3175 2121 3387 2191 frugum
3419 2119 3550 2174 ferax
3570 2131 3663 2172 esse

487 2215 715 2271 solvam.
750 2213 816 2268 Et
842 2229 965 2269 cum
1002 2215 1118 2271 lucc
1140 2214 1387 2283 dixisset,
1413 2216 1466 2270 in
1498 2224 1790 2287 conspectu
1813 2213 2054 2268 omnium
2159 2215 2358 2269 dicitur
2385 2214 2586 2280 solum,
2621 2214 2767 2284 quod
2795 2225 2919 2270 ante
2938 2213 3115 2270 fuerat
3145 2215 3363 2268 navium
3401 2212 3552 2266 ferax.

500 2305 694 2376 tirgam
735 2321 898 2375 quam
945 2307 1159 2361 tenebat
1203 2309 1257 2362 in
1306 2324 1471 2363 manu
1513 2309 1579 2364 ad
1623 2309 1827 2379 primas
1858 2305 2056 2360 littoris

1958 2421 2105 2476 Idem
2136 2420 2270 2474 ibid.

467 2544 471 2548 -
557 2516 662 2573 Sed
707 2527 761 2572 et
808 2518 1010 2589 ingenii
1039 2517 1121 2571 sui
1151 2517 1382 2572 nobisin
1407 2532 1572 2586 parvo
1602 2518 1837 2571 maxima
1858 2529 2052 2570 monu-
2159 2512 2246 2567 liis
2277 2509 2623 2566 commodum
2672 2510 2800 2565 duxi
2843 2528 2857 2563 :
2896 2529 2915 2562 ι
2957 2506 3108 2563 Unus
3158 2507 3304 2564 Deus
3350 2507 3493 2562 Pater
3537 2503 3664 2560 Verbi

486 2621 668 2667 menta
724 2611 1011 2681 dereliquit
1047 2629 1060 2664 :
1095 2613 1150 2664 in
1193 2609 1548 2665 Ecclesiasten
1601 2623 1836 2677 namque
1882 2605 2052 2659 Meta-
2157 2604 2407 2669 viventis,
2462 2603 2741 2674 sapientiae
2798 2603 3167 2668 subsistentis,
3237 2613 3291 2658 et
3353 2603 3579 2672 potentia:
3619 2613 3666 2654 ac

483 2705 702 2775 phrasin
726 2704 865 2759 idem
891 2703 1187 2774 Gregorius
1225 2700 1761 2773 magniﬁcentissime
1799 2697 2043 2764 scripsit;
2156 2695 2483 2752 cbaracteris
2521 2695 2833 2765 sempiterni
2869 2713 2884 2750 :
2915 2694 3184 2764 perfectus
3227 2692 3441 2764 perfecti
3480 2691 3665 2765 genitor,

485 2807 539 2853 et
568 2797 852 2853 catholicae
875 2797 1000 2867 fidei
1027 2797 1403 2866 expositionem
1435 2795 1670 2849 breviter
1697 2793 1897 2847 editam
1928 2791 2048 2847 reli-
2157 2787 2314 2842 Pater
2337 2787 2457 2842 Filii
2483 2787 2760 2857 unigeniti.
2791 2784 2944 2842 Unus
2979 2787 3272 2853 Dominus,
3305 2788 3450 2843 solus
3469 2803 3528 2843 ex
3559 2785 3664 2851 solo,

482 2889 623 2959 quit,
669 2905 834 2960 quam
878 2904 978 2958 pro
1029 2887 1384 2942 aedificatione
1420 2885 1789 2941 Ecclesiarum
1838 2882 2048 2938 sociare
2153 2878 2296 2934 Deus
2312 2894 2377 2934 ex
2403 2876 2532 2944 Deo,
2567 2897 2586 2929 ι
2620 2887 2724 2931 etc.

1495 2976 1560 3031 V.
1605 2974 2011 3037 Socrates,llist.
2041 2971 2172 3028 eccl.
2210 2971 2302 3025 lib.
2339 2985 2414 3036 ιν,
2447 2986 2562 3039 cap.
2589 2969 2678 3023 27.

552 3072 814 3127 Ponticus
837 3073 1130 3143 Gregorius
1153 3114 1171 3138 ,
1202 3072 1298 3142 qui
1327 3087 1395 3125 ex
1427 3071 1560 3125 urbe
1583 3069 1741 3124 Ponti
1765 3067 2046 3125 Neocaesa-

2233 3066 2291 3118 '0
2337 3064 2594 3127 Ποντικὸς
2645 3062 2962 3135 Γρηγόριος,
2998 3063 3145 3126 ὅστις
3193 3064 3261 3115 ἐκ
3289 3062 3386 3133 τῆς
3423 3062 3476 3113 ἐν
3521 3059 3669 3127 Πόντῳ

483 3179 576 3219 rea
597 3164 928 3221 oriundus...
961 3163 1212 3237 Origenis
1236 3163 1539 3234 discipulus
1565 3161 1685 3217 fuit.
1714 3161 1888 3233 Hujus
1916 3161 2048 3218 Gre-

2161 3156 2578 3228 Νεοκαισαρείας
2639 3153 3023 3226 ὁρμώμενος...
3090 3152 3344 3226 μαθητὴς
3414 3152 3670 3223 Ὠριγένους

481 3254 621 3325 gorii
656 3255 884 3310 celebris
922 3255 1066 3310 fama
1111 3267 1195 3311 est
1237 3255 1466 3311 Athenis
1517 3269 1582 3309 ac
1636 3253 1831 3325 Beryti,
1857 3263 1912 3309 et
1949 3269 2046 3324 per

2161 3249 2380 3318 ἐγένετο.
2411 3248 2545 3319 Περὶ
2571 3246 2759 3301 τούτου
2792 3245 2884 3299 τοῦ
2925 3245 3256 3318 Γρηγορίου,
3299 3245 3460 3309 πολὺς
3496 3245 3521 3296 ὁ
3548 3242 3669 3309 λόγος

482 3345 790 3401 universam
826 3347 1106 3404 Ponticam
1151 3348 1455 3414 dioecesim,
1499 3363 1564 3403 ac
1599 3363 1693 3417 per
1724 3347 2040 3401 universum

2161 3341 2204 3395 ἓν
2229 3359 2289 3396 τε
2325 3341 2571 3413 Ἀθήναις
2595 3339 2688 3394 καὶ
2711 3337 2956 3410 Βηρυτῷ,
2987 3339 3079 3392 καὶ
3108 3339 3205 3412 ὅλῃ
3237 3342 3304 3410 τῇ
3331 3339 3546 3407 Ποντικῇ
3573 3335 3672 3387 8w:-

480 3452 650 3508 prope
675 3437 904 3494 dixerim
937 3447 1207 3495 terrarum
1234 3441 1489 3496 orbem...
1519 3439 1692 3506 Hujus
1712 3439 2041 3494 mentionem

2161 3437 2305 3509 ιήσει
2328 3476 2343 3502 ,
2389 3435 2464 3499 ὡς
2504 3434 2560 3488 δὲ
2588 3435 2780 3496 εἰπεῖν,
2811 3431 2904 3484 καὶ
2937 3431 3084 3504 πάσῃ
3112 3434 3175 3502 τῇ
3215 3430 3562 3502 οἰκουμένῃ...
3585 3423 3670 3479 Μέ-

481 3529 612 3585 facit
641 3531 804 3586 etiam
848 3529 1166 3601 Pamphilus
1195 3542 1421 3603 martyr,
1474 3532 1529 3588 in
1571 3531 1724 3586 libris
1770 3544 1909 3600 quos
1942 3545 2042 3601 pro

2161 3545 2344 3600 tvqtat
2375 3527 2434 3580 δὲ
2469 3525 2630 3580 αὑτοῦ
2659 3525 2752 3577 καὶ
2774 3523 3052 3594 Πάμφιλος
3081 3525 3110 3576 ὁ
3143 3524 3364 3595 μάρτυρ
3396 3524 3452 3576 ἐν
3475 3523 3574 3583 τοῖς
3600 3534 3672 3569 πε-

480 3622 732 3693 Origenis
762 3623 1078 3680 defensione
1111 3625 1330 3695 scripsit
1359 3643 1373 3680 :
1405 3625 1606 3696 quibus
1651 3623 1812 3678 etiam
1860 3623 2049 3693 adjun-

478 3727 562 3773 cta
598 3726 684 3771 est
711 3714 955 3787 Gregorii
996 3715 1206 3785 Oratio,
1245 3732 1408 3789 quam
1440 3717 1530 3772 ille
1576 3716 1643 3772 ab
1673 3716 1905 3788 Origene
1933 3715 2048 3771 dis--

2161 3709 2465 3774 ςυστατικδς
2504 3709 2658 3778 λόγος
2698 3707 2994 3781 Γρηγορίου
3047 3708 3127 3770 εἰς
3191 3707 3473 3777 Ὠριγένην
3533 3700 3672 3773 παρά-

478 3808 702 3874 cedens,
732 3809 787 3863 in
810 3808 932 3880 ejus
957 3809 1171 3866 laudem
1201 3809 1528 3881 composuit.
2139 3817 2340 3856 κειται.

1456 3899 1546 3954 Vl.
1581 3889 2062 3965 Sozomenus,Hist.
2097 3893 2229 3948 eccl.
2263 3891 2354 3944 lib.
2395 3904 2491 3954 vn,
2526 3904 2643 3958 cap.
2672 3886 2764 3941 27.

545 3991 708 4047 Aliud
737 4001 997 4062 praeterea
1019 3993 1164 4064 quod
1193 3993 1259 4048 de
1283 3992 1378 4046 illo
1407 3990 1750 4066 (Epiphanio)
1778 3988 2032 4054 refertur,

2223 3981 2358 4035 Ἀλλ’
2396 3974 2506 4034 οἷον
2538 3981 2722 4051 ἕτερον
2766 3977 2891 4048 περὶ
2917 3976 3080 4031 αὐτοῦ
3105 3976 3345 4046 λέγεται,
3379 3977 3469 4030 καὶ
3495 3971 3672 4042 ἀφηγή-

474 4094 903 4137 commemorare
938 4063 1086 4136 libet.
1115 4081 1169 4136 Id
1199 4082 1418 4154 quidem
1445 4063 1514 4136 ab
1551 4079 1868 4135 admirando
1905 4077 2036 4131 Gre-

2161 4075 2335 4130 tacGatt
2397 4071 2673 4143 βούλομαι.
2729 4069 3074 4140 Πυνθάνομαι
3127 4063 3671 4142 τεθαυματουργῆσθαι

473 4173 630 4245 gorio
678 4173 769 4244 qui
799 4171 1292 4230 Neocaasariensem
1337 4173 1466 4228 olim
1516 4173 1656 4227 rexit
1714 4170 2030 4234 Ecclesiam,

2161 4165 2419 4238 ’ρηγοριῳ
2441 4162 2517 4234 τῷ
2539 4161 2823 4232 Θαυμασεῳ
2840 4201 2855 4226 ,
2879 4161 2937 4225 ὃς
2967 4160 3132 4215 πάλαι
3159 4161 3260 4233 τὴν
3284 4157 3670 4227 Νεοκαισάρειαν

473 4273 686 4336 gestum
718 4279 842 4320 esse
868 4265 1080 4336 accepi;
1115 4274 1168 4320 et
1189 4264 1416 4319 libenter
1438 4265 1622 4318 credo.

2161 4257 2504 4329 ,πετρόπευσε
2526 4295 2541 4320 ,
2566 4256 2659 4310 καὶ
2695 4254 2839 4325 μάλα
2867 4252 3143 4324 πείθομαι.

1453 4353 1564 4409 VII.
1593 4355 1866 4409 Liberatus
1895 4353 2181 4411 Diaconus,
2219 4349 2457 4402 Breviar.
2491 4363 2607 4413 cap.
2637 4345 2722 4400 l0.

541 4444 777 4503 Basilius
803 4447 1023 4518 quidam
1056 4447 1341 4515 diaconus,
1376 4463 1599 4504 sumens
1621 4457 1824 4501 tomum
1859 4443 2037 4498 Procli
2069 4457 2114 4511 ο
2142 4443 2251 4514 psit
2281 4439 2394 4510 (6'5)
2429 4455 2441 4491 :
2476 4445 2584 4489 tres
2622 4435 2882 4487 adversus
2919 4425 3214 4518 Diodorum
3250 4431 3309 4477 et
3337 4414 3671 4518 Tbeodorutu.

468 4553 630 4608 quem
676 4513 950 4596 Armeniis
984 4541 1301 4612 scripserat,
1328 4513 1723 4594 Alexandriam
1764 4536 1940 4601 venit;
1982 4543 2039 4589 et
2142 4513 2196 4590 et
2232 4532 2398 4588 alium
2430 4527 2506 4582 De
2538 4523 2900 4579 incarnatione
2932 4519 3150 4574 librum.
3195 4515 3255 4570 ln
3301 4514 3501 4614 quibus
3535 4513 3674 4614 coan

467 4631 849 4687 Armeniorum
879 4609 1115 4689 libellos
1133 4634 1250 4690 suis
1285 4633 1440 4688 libris
1478 4642 1809 4699 annectens,
1841 4630 2036 4684 obtulit
2144 4632 2343 4680 nentur
2386 4620 2730 4688 antiquorum
2761 4614 2980 4668 Patrum
3010 4612 3331 4678 incorrupta
3379 4609 3674 4662 testimonia,

464 4719 667 4791 Cyrillo
710 4723 956 4793 ejusdem
1000 4724 1149 4779 urbis
1195 4725 1448 4779 antistiti.
1487 4723 1697 4790 Quibus
1734 4723 1818 4793 (ut
1849 4718 2035 4775 ferunt

2167 4714 2200 4768 d
2231 4721 2380 4769 est...
2429 4711 2677 4785 Gregorii
2715 4713 2998 4779 mirabilis,
3035 4700 3466 4782 Θαυματουργοῦ
3497 4706 3670 4766 cogno-

462 4820 738 4884 runmres)
787 4823 1068 4886 permotus
1118 4813 1374 4886 Cyrillus,
1419 4821 1654 4882 quatuor
1686 4809 1855 4864 libros
1893 4803 2352 4947 seri-Vlllruinati.

763 4987 1054 5045 Facunda:
1077 4994 1348 5062 episcopus
1380 4989 1891 5052 flermianensis,lib.
1919 4998 1978 5050 ιζ,
2011 5002 2128 5055 cap.
2155 4982 2210 5048 6,
2240 4982 2377 5036 inter
2403 4978 2536 5048 Opp.
2569 4975 2858 5042 Sirmondi,
2889 4987 3016 5030 tam.
3041 4974 3105 5042 ll,
3125 4993 3244 5045 pag.
3277 4975 3404 5029 740.

533 5078 772 5138 sana“
814 5081 1052 5137 Basmus
1091 5099 1350 5155 magllum
1389 5083 1730 5154 Ονθεονίυιη»
1789 5084 1882 5155 (illi
1922 5085 2028 5136 ἠί-
2139 5110 2260 5150 rum
2291 5107 2478 5148 errore
2503 5090 2760 5156 defendit,
2780 5090 2874 5160 qui
2896 5105 3058 5144 unam
3085 5087 3266 5147 Patris
3286 5097 3345 5142 et
3376 5085 3496 5140 Filii
3524 5075 3678 5138 subsi-

460 5171 768 5226 raculorum
819 5177 1112 5244 operatoris
1153 5191 1454 5247 cognomen
1499 5177 1736 5247 accepit,
1790 5187 1848 5231 ut
1891 5176 2029 5232 Gau-
2132 5185 2383 5242 slenliam
2407 5182 2893 5251 dicunt;quamvis
2915 5169 3678 5249 hmcetprzedictusGregoriut

460 5265 766 5345 ματουρχδς
813 5277 1103 5322 vocaretur
1149 5277 1204 5322 et
1228 5278 1447 5323 vocetur
1476 5284 1508 5324 a
1534 5267 1756 5335 Graecis,
1801 5285 1908 5323 non
1960 5269 2028 5323 ab

2168 5278 2331 5333 ixisse
2358 5276 2627 5331 videatur.-
2669 5273 2796 5328 lnde
2840 5272 2980 5328 idem
3015 5271 3363 5336 S.Basilins,
3393 5259 3676 5337 loquensde

455 5356 786 5412 Arianorum
823 5368 1032 5414 tantum
1065 5361 1158 5428 qui
1197 5369 1502 5414 creaturam
1537 5372 1592 5417 et
1635 5364 1894 5418 facturam
1933 5363 2025 5416 Fi-
2135 5369 2461 5438 quibusdam
2484 5367 2578 5437 qui
2610 5365 2933 5422 auctoritate
2955 5365 3126 5434 ipsius
3163 5362 3414 5434 Gregorii
3447 5361 3676 5413 excusare

457 5446 590 5503 lium
641 5451 850 5518 dicunt,
891 5467 1080 5507 verum
1113 5455 1276 5508 etiam
1309 5471 1338 5509 a
1376 5457 1657 5511 contrario
1700 5456 2040 5513 Sabelliano-
2146 5474 2299 5513 suam
2331 5445 2607 5528 perfidiam
2629 5457 2976 5512 nitebantur:
3013 5454 3382 5517 Immiserunt,
3413 5450 3507 5510 ait.
3544 5455 3637 5498 cle-

526 5565 639 5646 μεθ’)
689 5569 764 5624 De
800 5572 894 5646 his}
946 5573 1405 5646 quatuorgtlyrilli
1478 5575 1628 5631 libris
1687 5591 1823 5646 quos
1877 5575 2213 5632 intercidisse
2265 5583 2518 5645 constat,
2587 5575 2788 5630 videsis
2867 5572 3176 5629 Fabricium
3225 5569 3374 5624 Bibl.
3433 5565 3521 5622 Cr.
3563 5571 3675 5618 tom.

478 5633 762 5712 V|l|,'pag.
796 5643 920 5707 591,
957 5633 1107 5702 num.
1148 5644 1268 5700 187.

2147 3621 2202 3694 pl
2261 3618 2564 3690 Ὠριγένους
2606 3615 2912 3688 πονηθεῖσιν
2950 3613 3096 3685 αὐτῷ
3133 3613 3383 3684 βιϐλίοις,
3425 3615 3479 3666 ὲν
3505 3606 3576 3672 οἷς
3600 3607 3670 3660 καὶ

3819 5559 3825 5608 i'
