3882 6332
209 333 292 403 ρει
922 417 930 424 _
1294 338 1711 394 TESTIMONIA
1753 337 2110 397 versuum.
3307 351 3412 407 osa

972 457 1061 513 IX.
1095 459 1351 530 Evagrius
1379 458 1902 524 Scholasticus,Hist.
1925 461 2058 516 eccl.
2093 459 2185 515 lib.
2224 476 2304 523 Ill,
2331 476 2448 529 cap.
2483 460 2570 514 5t.

267 553 366 609 Καὶ
397 551 500 623 γὰρ
530 551 614 605 καὶ
642 550 830 619 λόγους
858 551 1114 622 Πατέρων
1141 551 1396 614 πολλάκις
1429 551 1746 605 νενοθεύκα-
1775 561 1800 616 Α

1920 551 2054 607 Nam
2106 561 2159 608 et
2215 553 2384 608 libros
2423 563 2732 610 sanctorum
2771 551 2994 610 Patrum
3045 572 3418 628 saepenumero

207 667 274 702 σι“
306 645 518 708 πολλοὺς
540 643 594 696 δὲ
637 642 1036 715 Ἀπολλιναρίου
1063 643 1270 712 λόγους,
1301 643 1617 715 Ἀθανασίῳ,
1652 645 1740 698 καὶ

1886 653 2214 714 orruperunt
2242 642 2574 714 (Acephali);
2614 644 2813 699 multos
2837 661 3056 716 quoque
3086 647 3417 716 Apollinaris

206 737 460 813 Γρηγορίῳ
490 735 563 807 τῷ
595 734 1021 808 Θαυματουργῷ,
1077 737 1171 791 καὶ
1225 736 1444 808 Ἰουλίῳ,
1497 736 1584 789 διὰ
1634 735 1739 790 τῶν

1884 737 2019 791 ηιποε
2045 737 2344 791 Athanasio
2381 745 2434 791 et
2461 735 2721 807 Gregorio
2757 735 3162 809 Thaumaturgo
3187 747 3240 793 et
3272 738 3417 794 Julio

205 831 493 903 ἐπιγραφῶν
515 830 910 885 άνατεθείκασι.

873 848 910 883 ι.
1849 828 1990 884 falso
2019 829 2405 898 ascripserunt.

1259 942 1330 1000 X.
1369 943 1662 998 Concilium
1691 942 2084 1010 Quinisextum,
2110 959 2228 996 can.
2258 941 2313 998 2.

273 1035 752 1108 Ἐπισφραγίζομεν
779 1038 906 1100 τοὺς
937 1037 1154 1103 λοιποὺς
1189 1040 1398 1102 πάντας
1430 1040 1608 1110 ἱεροὺς
1642 1055 1743 1091 κα-

1919 1036 2282 1108 Obsignamus
2309 1037 2548 1106 reliquos
2590 1051 2780 1092 omnes
2810 1051 3070 1103 canones,
3104 1038 3252 1109 quia
3288 1054 3414 1094 san-

201 1128 336 1192 νόνας
375 1128 495 1191 τοὺς
539 1128 644 1182 ὑπὸ
687 1127 796 1182 τῶν
834 1129 1004 1198 ἁγίων
1050 1131 1143 1183 καὶ
1175 1130 1458 1203 μακαρίων
1488 1129 1734 1202 Πατέρωι

1880 1129 1956 1183 .tis
2001 1137 2054 1184 et
2097 1128 2272 1184 beatis
2309 1129 2515 1184 nostris
2567 1126 2822 1184 Patribus
2871 1129 3102 1200 expositi
3148 1139 3322 1185 sunt:
3359 1128 3413 1184 id

201 1220 334 1292 ήμῶν
363 1219 708 1284 ἐκτεθέντας,
761 1219 1071 1275 τουτέστι...
1117 1221 1418 1292 Γρηγορίου
1443 1221 1734 1274 ἐπισκόπου

1891 1230 1996 1277 st...
2031 1220 2294 1293 Gregorio
2320 1219 2684 1278 Neocaasarea:
2709 1222 2962 1292 episcopo
2986 1221 3412 1296 Tbaumaturgo.

202 1312 460 1384 γενομένου
488 1310 916 1384 Νεοκαισαρείας
937 1311 1032 1365 τοῦ
1059 1311 1508 1385 Θαυματουργοῦ.

520 1428 612 1484 XI.
633 1429 988 1502 Menologium
1017 1429 1414 1494 ercorum,ad
1438 1432 1574 1486 diem
1600 1431 1668 1486 i7
1696 1429 1971 1498 Novemb.,
2002 1441 2142 1501 part.
2179 1448 2219 1498 ι,
2239 1448 2363 1503 pag.
2389 1432 2492 1488 194
2522 1432 2650 1487 edit.
2684 1429 2870 1487 Urbin.
2893 1429 3053 1486 i727.

197 1549 375 1620 Μνήμη
397 1547 513 1622 -τοῦ
551 1549 610 1622 ἐν
641 1548 816 1618 ἁγίοις
847 1547 1060 1622 Πατρὸς
1088 1549 1244 1622 ήμῶν
1285 1549 1584 1622 Γρηγορίου
1631 1549 1730 1601 ἐπι-

1890 1549 2308 1605 ommemoratio
2353 1547 2411 1622 S.
2473 1545 2535 1622 Ρἶ
2566 1545 2660 1622 μ.
2721 1546 2967 1614 Gregorii
3019 1537 3421 1622 Tbaumaturgi.

317 1617 513 1672 σκόπου
556 1617 985 1691 Νεοκαισαρείας
1022 1617 1596 1692 τοῦθαυματουργοῦ.

1414 1617 1596 1692 υργοῦ.
2301 1618 2540 1690 episcopi
2565 1617 2947 1674 Neocaesaream.

254 1725 405 1795 οὗτος
431 1727 497 1803 ἦν
521 1733 608 1785 ἐπ’
629 1731 962 1803 Αὐρηλιανοῢ
996 1733 1088 1787 τοῦ
1116 1733 1395 1803 βασιλέως,
1430 1733 1544 1798 υίὸς
1565 1733 1741 1805 ὑπάρ-

1913 1732 2012 1790 Hic
2036 1735 2330 1790 Aureliano
2360 1734 2687 1804 imperatore
2724 1731 2929 1800 ﬂoruit,
2968 1733 3285 1804 parentibus
3315 1749 3413 1788 na—

195 1842 288 1894 χων
320 1822 577 1894 Ἐλλήνων
603 1841 615 1854 ·
659 1824 820 1887 αὐτὸς
845 1824 902 1878 δὲ
927 1823 1163 1893 γεγονὼς
1194 1825 1530 1895 Χριστιανὸς,
1557 1827 1652 1880 καὶ
1679 1827 1728 1881 τὶ

1881 1843 1930 1883 lS
1977 1825 2310 1892 inﬁdelibus,
2357 1825 2475 1896 ipse
2521 1833 2702 1880 autem
2757 1823 3121 1892 Christianus,
3180 1825 3414 1896 ﬁdeique

193 1918 275 1987 τῆς
299 1915 521 1980 πίστεως
554 1918 851 1988 μυστήριον
883 1916 1150 1988 διδαχθεὶς
1178 1916 1268 1970 διὰ
1297 1918 1561 1982 ὀπτασίας
1587 1919 1726 1990 παρὰ

1882 1917 2160 1990 iysterium
2201 1933 2233 1972 a
2278 1915 2621 1972 sanctissima
2663 1915 2892 1986 Deipara
2930 1925 2985 1972 et
3025 1916 3234 1972 Joanne
3260 1917 3415 1973 theo-

192 2007 277 2076 τῆς
298 2008 592 2078 ὑπεραγίας
619 2007 881 2062 Θεοτόκου
914 2009 1007 2062 καὶ
1028 2009 1120 2063 τοῦ
1163 2009 1410 2080 θεολόγον
1453 2012 1696 2066 Ἰωάννου
1721 2030 1725 2041 ι

1880 2026 1962 2080 ιεο
1992 2025 2088 2080 per
2112 2009 2380 2065 visionem
2420 2007 2666 2074 edoctus,
2700 2009 2907 2078 accepit
2936 2016 2990 2063 et
3015 2008 3219 2064 donum
3249 2009 3413 2063 mira-

192 2098 329 2151 ἔλαϐε
371 2099 462 2154 καὶ⁹
520 2100 586 2154 τὸ
638 2100 747 2155 τῶν
807 2101 1257 2175 θαυματουργιῶν
1312 2104 1591 2175 χάρισμα,
1645 2105 1725 2158 καπ

1879 2100 2086 2156 ulorum
2123 2121 2136 2156 :
2164 2101 2308 2157 unde
2329 2099 2712 2170 Thaumaturgi
2745 2110 3162 2172 cognomentum
3185 2102 3412 2170 adeptus

193 2191 368 2264 ἐκλήθη
395 2195 870 2264 Θαυματουργός,
889 2194 1055 2248 ποιῶν
1087 2195 1340 2267 θαύματα
1371 2196 1557 2262 πολλὰ,
1583 2195 1641 2262 ἐξ
1660 2190 1726 2252 ὧν

1881 2201 1923 2248 st
1953 2194 2024 2248 ob
2059 2193 2227 2248 multa
2261 2194 2522 2249 miracula
2552 2210 2674 2265 qua!
2697 2195 2948 2265 patravit,
2976 2209 3042 2249 ex
3071 2194 3272 2264 quibus
3297 2195 3414 2250 haec

192 2285 280 2337 είσι
301 2285 384 2338 καὶ
409 2285 604 2340 ταῦτα.
641 2288 734 2351 Εἰς
755 2287 864 2358 γὰρ
903 2285 1302 2360 Ἀλεξάνδρειαν
1334 2288 1582 2344 ἀπελθὼν
1606 2333 1621 2358 ,
1649 2293 1725 2344 κατ

1876 2294 2230 2342 remorantur.
2291 2285 2576 2342 Profectus
2642 2286 2933 2356 aliquando
3002 2286 3409 2352 Alexandriam,

190 2377 560 2448 κατηγορηθεὶς
620 2378 726 2432 ὑπὸ
779 2379 1022 2451 πόρνης,
1080 2381 1379 2452 ἐπιπέμπει
1431 2382 1566 2453 αὐτῇ
1621 2382 1723 2435 δαί-

1876 2392 1892 2429 ι
1919 2387 2158 2432 scortum
2190 2377 2336 2446 quod
2362 2379 2428 2432 de
2451 2393 2510 2433 se
2531 2377 2938 2447 obloqueretur,
2969 2378 3267 2433 daemonem
3309 2378 3409 2433 im-

193 2482 336 2535 μονα·
374 2468 465 2520 καὶ
503 2468 671 2522 πάλιν
720 2470 884 2524 ἰᾶται.
939 2465 1072 2524 Εἶτα
1117 2472 1190 2543 μὴ
1229 2470 1419 2546 παρὼν
1459 2474 1517 2524 ὲν
1574 2473 1726 2542 Ἀμα-

1879 2467 2010 2532 iisit,
2035 2468 2131 2523 sed
2151 2468 2313 2538 paulo
2332 2478 2455 2538 post
2469 2469 2630 2524 etiam
2655 2469 2877 2540 fugavit.
2893 2468 3226 2527 APhaedimo
3246 2469 3412 2525 Ama-

192 2558 312 2630 σείᾳ,
345 2562 486 2631 ὅμως
517 2561 610 2615 διὰ
641 2561 739 2633 τὴν
769 2563 930 2616 αὑτοῦ
960 2561 1176 2635 ἀρετὴν,
1207 2566 1587 2634 χειροτονεῖται
1621 2563 1725 2616 ἐπί-

1876 2576 1946 2615 ea:
1966 2561 2220 2632 episcopo
2236 2563 2520 2617 ordinatur
2539 2562 2848 2632 episcopus,
2881 2564 3278 2619 cum‘Amasete
3302 2577 3409 2617 non

191 2664 367 2714 σκοπος
397 2653 500 2705 ὑπὸ
529 2654 794 2724 Φαιδίμου
823 2655 916 2709 τοῦ
957 2656 1267 2726 Ἀμασείας.
1297 2655 1454 2708 Λίθον
1483 2655 1540 2707 δέ
1570 2653 1724 2726 μέγαι

1877 2655 2055 2710 desset
2095 2674 2109 2710 :
2153 2664 2302 2710 tanta
2335 2665 2452 2710 erat
2491 2656 2751 2711 virtutum
2787 2657 2932 2712 illius
2964 2658 3169 2728 opinio.
3204 2655 3410 2712 Saxum

190 2743 395 2814 ποιήσας
437 2746 828 2817 περιπατῆσαι,
896 2746 1153 2800 ἐϐάπτισε
1205 2747 1294 2801 τὸν
1343 2747 1723 2819 προσμονάριοι

1878 2762 2032 2818 igens
2080 2746 2188 2801 alio
2229 2747 2534 2814 transtulit;
2581 2763 2753 2818 eoque
2800 2749 2955 2820 signo
2988 2749 3254 2803 idolorum
3288 2749 3411 2803 tedi-

191 2835 282 2887 τῶν
319 2836 569 2893 εἰδώλων.
628 2837 892 2908 Ἀδελφῶν
923 2838 981 2891 δὲ
1019 2837 1112 2893 δύο
1153 2837 1241 2892 διὰ
1271 2838 1465 2912 λίμνην
1504 2839 1724 2910 μαχομέ-

1875 2855 1995 2894 num
2045 2839 2111 2894 ad
2172 2839 2332 2895 tidem
2381 2853 2704 2895 conversum
2759 2839 3067 2910 baptizavit.
3129 2838 3408 2904 Paludem,

187 2946 294 2992 νων,
319 2928 577 3001 ἐξήρανεν
607 2931 797 3002 αὑτήν.
830 2931 941 2985 Καὶ
966 2933 1063 3003 τὴν
1099 2932 1290 3004 ῥάϐδον
1320 2931 1514 3004 πήξας,
1546 2932 1720 3000 ἔστησε

1877 2947 2062 2987 ausam
2085 2931 2329 2988 rixarum
2361 2931 2504 2986 inter
2531 2930 2670 2987 duos
2701 2930 2919 2999 fratres,
2945 2932 3258 2987 exsiccavit.
3282 2930 3410 2985 Flu-

190 3021 436 3090 ποταμόν’
469 3022 599 3093 ἥτις
632 3024 726 3077 καὶ
747 3023 960 3093 ἐγένετο
987 3026 1066 3088 είς
1095 3007 1307 3096 δένδρον
1332 3023 1490 3094 μέγα.
1524 3025 1634 3077 Καὶ
1656 3023 1723 3077 ἄλη

1876 3024 1988 3078 ium
2015 3023 2194 3080 deﬁxo
2228 3024 2283 3078 in
2315 3032 2514 3078 terram
2540 3023 2757 3088 baculo,
2801 3023 2894 3093 qui
2945 3032 2999 3078 et
3048 3026 3104 3078 in
3155 3039 3409 3094 magnam

188 3108 244 3162 λα
271 3111 424 3183 μυρία
458 3115 725 3186 ποιήσας,
768 3117 824 3169 ἐν
858 3113 936 3185 τῷ
979 3114 1191 3186 μέλλειν
1230 3115 1484 3186 ἐκδημεῖν
1521 3115 1721 3187 εὐχαρί

1878 3116 2083 3171 xcrevit
2112 3116 2384 3179 arborem,
2427 3117 2688 3172 coercuit.
2725 3115 2972 3186 Cumque
2999 3117 3284 3171 innumera
3308 3117 3411 3172 alia

189 3217 286 3254 στει
324 3205 398 3276 τῷ
439 3205 566 3278 Θεῷ
586 3247 602 3273 ,
640 3208 720 3261 ὃτι
754 3210 810 3261 ἐν
829 3211 894 3278 τῇ
934 3205 1099 3260 αὑτοῦ
1132 3206 1282 3259 πόλει
1313 3205 1599 3270 τοσούτους
1621 3206 1720 3260 άπί

1884 3214 2091 3262 ortenta
2125 3205 2405 3272 edidisset,
2440 3206 2774 3279 migraturus
2811 3208 2877 3262 ad
2903 3205 3193 3263 Dominum
3223 3249 3238 3274 ,
3293 3224 3417 3278 gra-

189 3313 324 3361 στους
350 3299 668 3364 κατέλιπεν,
692 3301 850 3364 ὅσους
875 3294 998 3370 εὗρε
1025 3298 1400 3372 Χριστιανούς.
1437 3299 1549 3354 Καὶ
1571 3299 1722 3361 οὕτως

1889 3312 1950 3352 as
1989 3297 2064 3351 illi
2099 3298 2326 3369 agebat.
2377 3299 2521 3369 quod
2572 3307 2652 3354 tot
2684 3297 3013 3368 relinqueret
3050 3299 3104 3353 iu
3149 3315 3246 3354 sua
3283 3299 3415 3354 urbe

185 3391 463 3464 ἐτελειώθη.
1843 3387 2108 3454 inﬁdeles,
2150 3398 2286 3459 quot
2331 3387 2677 3444 Christianos
2723 3389 3019 3445 invenerat.
3067 3388 3242 3460 Atque
3273 3389 3416 3443 hunc

1838 3480 1894 3534 in
1927 3480 2147 3536 modum
2181 3478 2431 3536 decessit.

1431 3595 1546 3654 ΧΠ.
1591 3595 1874 3659 Suidas,in
1904 3594 2125 3652 Lexico.

246 3705 283 3758 Γ
288 3709 559 3779 ρηγόριος,
581 3709 611 3761 6
645 3707 739 3762 καὶ
766 3707 1036 3779 Θεόδωρος
1065 3711 1095 3762 6
1125 3706 1576 3780 Θαυματουργὸς,
1606 3707 1742 3759 Νεο-

1923 3705 2238 3778 Gregorius,
2281 3707 2375 3776 qui
2420 3715 2475 3762 et
2505 3705 2825 3762 Theodorus
2851 3705 3029 3762 dictus
3068 3717 3169 3774 est,
3209 3723 3415 3780 cogno-

185 3801 479 3873 καισαρείας
504 3803 612 3873 τῆς
641 3804 699 3856 ἐν
729 3802 807 3875 τῷ
839 3803 1025 3876 Πόντῳ
1068 3805 1387 3868 ἐπίσκοπος,
1422 3804 1538 3866 νέος
1587 3819 1716 3874 κομι

1881 3809 2028 3855 lento
2056 3799 2499 3871 Θαυματουργὸς,
2535 3799 2640 3854 hoc
2665 3789 2767 3865 est,
2801 3815 2982 3854 rerum
3015 3801 3414 3859 admirabilium

183 3890 260 3962 δῆ,
289 3893 371 3947 διὰ
403 3895 501 3967 τὴν
531 3895 814 3948 παίδευσιν
853 3895 1177 3968 Ἑλληνικῶν
1207 3914 1268 3951 τε
1292 3896 1384 3950 καὶ
1425 3894 1713 3966 Ῥωμαῖκῶ

1879 3891 2085 3957 flector,
2135 3888 2500 3946 Neoctesareze
2523 3905 2644 3960 quae
2672 3890 2727 3943 in
2758 3889 2932 3945 Ponto
2965 3900 3068 3955 est,
3104 3894 3412 3964 episcopus,

182 3987 525 4057 γραμμάτων,
554 3987 661 4041 ἀπὸ
687 3988 788 4059 τῆς
817 3989 1209 4054 Καππαδοκίας
1237 3991 1318 4052 είς
1353 3988 1614 4060 Βηρυτὸν,
1646 3988 1715 4041 κά

1884 3983 2138 4038 dmodum
2187 3982 2523 4050 adolescens,
2574 3982 2884 4039 Graecarum
2936 3982 3417 4056 Romanarumque

182 4077 340 4131 κεῖθεν
379 4081 458 4143 είς
510 4080 856 4150 Καισάρειαν
889 4079 986 4152 τὴν
1026 4081 1124 4152 τῆς
1169 4081 1531 4153 Παλαιστίνης
1567 4079 1715 4150 διέϐη

1879 4076 2152 4130 literarum
2189 4074 2372 4130 studio
2403 4073 2690 4144 incensus,
2725 4091 2756 4131 e
2789 4075 3132 4147 Cappadocia
3161 4075 3412 4150 Berytum

181 4166 284 4237 ἃμα
317 4168 672 4244 Ἀθηνοδώρῳ
710 4173 942 4244 ἀδελφῷ.
995 4173 1102 4238 Οὒς
1138 4175 1230 4227 καὶ
1270 4173 1410 4228 κατὰ
1454 4174 1618 4246 μέρος
1661 4177 1711 4228 εί

1885 4166 2124 4222 rofectus
2166 4176 2270 4232 est,
2323 4176 2484 4237 atque
2531 4167 2656 4222 inde
2695 4167 2997 4224 Caesaream
3049 4185 3170 4238 qua:
3218 4171 3271 4225 in
3311 4171 3414 4226 Pa-

179 4258 264 4329 τὴν
289 4260 378 4314 τοῦ
407 4261 651 4334 Χριστοῦ
686 4264 864 4318 πίστιν
895 4263 1130 4333 εἰσάγων
1168 4264 1462 4336 Ὠριγένης,
1493 4261 1712 4334 ζηλωτὰ

1882 4260 2053 4315 estina
2089 4269 2191 4326 est,
2228 4275 2352 4316 cum
2385 4258 2553 4315 fratre
2575 4261 2925 4317 Athenodoro
2946 4278 3003 4318 se
3027 4263 3272 4318 contulit.
3303 4261 3415 4319 Hos

183 4351 328 4417 ίδίους
379 4357 739 4427 κατέστησεν.
797 4356 918 4408 Ἐπὶ
956 4357 1116 4408 πέντε
1165 4355 1343 4410 τοίνυν
1397 4359 1524 4430 παρ’
1571 4355 1716 4410 αὐτοὶ

1880 4372 1896 4410 ι
1915 4355 2117 4412 Christi
2141 4355 2398 4424 religione
2417 4355 2695 4426 sigillatim
2715 4355 2978 4428 Origenes
2995 4355 3306 4420 instituens,
3328 4357 3413 4411 sui

181 4444 545 4510 παιδευθέντες
575 4447 849 4510 ἐνιαυτοὺς
871 4487 886 4511 ,
933 4447 1072 4518 πρὸς
1103 4447 1201 4518 τὴν
1236 4449 1465 4519 πατρίδα
1493 4448 1714 4520 ἁποπέμ

1882 4446 2120 4502 Ludiosos
2156 4456 2509 4516 amantcsque
2539 4447 2789 4502 reddidit.
2835 4447 3278 4517 Quinquennium
3314 4448 3415 4518 igi-

183 4551 378 4592 πονται.
417 4539 539 4607 Ἀφ’
555 4533 616 4592 οὗ
641 4541 669 4592 6
694 4539 989 4610 Γρηγόριος
1013 4539 1334 4610 ἀποδημῶν,
1365 4541 1716 4612 πανηγυρικὸτ

1881 4555 1931 4592 1r
1968 4539 2022 4593 in
2065 4539 2182 4610 ejus
2213 4540 2500 4610 disciplina
2534 4540 2772 4604 versati,
2811 4539 2865 4593 in
2901 4540 3129 4609 patriam
3169 4539 3413 4595 redeunt.

180 4627 512 4700 εὐχαριστίας
545 4630 624 4701 τῷ
665 4631 924 4702 Ὠριγένει
955 4630 1163 4703 ἔγραψε
1191 4632 1377 4701 λόγον,
1411 4635 1502 4686 καὶ
1536 4650 1712 4704 συγκα

1883 4631 1951 4686 lbi
2005 4629 2296 4702 Gregorius
2342 4633 2638 4702 gratiarum
2698 4631 2966 4686 actionem
3016 4631 3083 4684 ad
3129 4629 3416 4701 Origenem

177 4716 457 4790 λεσάμενος
499 4723 710 4786 πάντας
751 4723 876 4786 τοὺς
920 4724 1244 4796 ἐπιχωρίους
1269 4764 1284 4789 ,
1337 4725 1502 4779 αὑτοῦ
1547 4744 1606 4779 τε
1645 4741 1707 4780 το

1886 4725 2086 4794 cripsit,
2115 4739 2344 4792 eamque
2370 4725 2569 4794 populo
2601 4732 2921 4789 convocato,
2959 4737 3013 4778 et
3039 4724 3157 4794 ipso
3186 4724 3419 4795 Origene

190 4812 482 4882 Ὡριγένους
533 4815 822 4886 παρόντος,
868 4815 1054 4870 τοῦτον
1087 4818 1294 4886 ἀνέγνω
1329 4819 1419 4872 τὸν
1451 4819 1637 4888 λόγον’
1685 4821 1723 4880 δι

1885 4824 2108 4870 raasente
2135 4815 2262 4877 legit
2289 4833 2302 4868 :
2334 4831 2456 4885 quae
2493 4817 2711 4886 quidem
2747 4816 2924 4870 oratio
2949 4825 3128 4871 exstat
3153 4833 3328 4888 usque
3350 4817 3416 4871 ad

175 4917 253 4966 τις
278 4905 368 4957 καὶ
401 4906 529 4978 ἄχρι
560 4906 654 4960 τοῦ
684 4907 952 4978 παρόντος
986 4908 1241 4982 ὑπάρχει.
1281 4911 1526 4983 Ἔγραψε
1552 4911 1608 4964 δὲ
1626 4913 1708 4964 Me

1887 4914 2167 4959 raasentern
2206 4907 2369 4960 diem.
2418 4905 2648 4977 Scripsit
2688 4917 2741 4961 et
2767 4905 3129 4976 Metaphrasin
3161 4909 3214 4962 in
3244 4907 3418 4962 Εεείεο

176 4991 462 5062 τάφρασιν
493 4999 580 5064 είς
607 4998 712 5051 τὸν
756 4999 1239 5067 Ἐκκλησιαστήν
1259 5017 1274 5032 ⁶
1308 5000 1589 5072 ἐλάχιστον
1616 5000 1709 5072 μὲν

1884 4996 2066 5063 iasten,
2097 4996 2474 5053 brevissimam
2501 4999 2650 5052 illam
2685 4998 2904 5068 quidem
2926 5041 2941 5065 ,
2973 4999 3067 5054 sed
3100 5016 3233 5056 sane
3251 5017 3417 5072 quam

178 5081 308 5135 πάνυ
330 5084 385 5138 δὲ
421 5084 732 5156 θαυμαστὸν
757 5087 930 5156 λόγον.
974 5090 1084 5143 Καὶ
1118 5089 1282 5154 ἄλλας
1312 5108 1372 5144 τε
1398 5090 1614 5157 πολλὰς,
1644 5107 1711 5145 κα

1883 5089 2241 5146 dmirabilcm.
2295 5089 2492 5145 Multas
2536 5100 2794 5161 praetcrea
2835 5101 2889 5146 et
2937 5093 3126 5149 varias.
3160 5095 3416 5164 epistolas

179 5176 415 5240 ποικίλας
445 5180 737 5244 ἐπιστολὰς
768 5181 1161 5252 συνεγράψατο.
1191 5185 1429 5255 Ποιήσας
1455 5200 1512 5235 τε
1537 5185 1712 5254 σημεῖι

1881 5184 2171 5253 omposuit.
2205 5183 2449 5254 Denique
2477 5183 2655 5240 factus
2685 5185 3006 5256 episcopus,
3039 5187 3209 5257 signis
3237 5198 3289 5243 et
3317 5189 3414 5244 mi-

177 5266 261 5318 καὶ
293 5269 548 5342 θαύματα
563 5275 701 5346 ὑπὲρ
723 5275 1028 5346 ἄνθρωπον,
1066 5277 1228 5348 ἡνίκα
1259 5277 1552 5342 ἐπίσκοπος
1584 5275 1710 5345 ἐτύγ

1881 5275 2050 5330 aculis
2080 5276 2352 5331 humanas
2383 5277 2528 5332 vires
2551 5278 2938 5347 superantibus
2965 5279 3168 5346 clarus,
3202 5278 3414 5336 Juliano

177 5375 346 5427 χανεν,
381 5365 728 5435 ἐτελεύτησεν
758 5369 850 5421 ἐπὶ
883 5368 1165 5422 Ἰουλιανοῦ
1198 5368 1327 5441 (66).

926 5368 1165 5422 ουλιανοῦ
1198 5368 1327 5441 (66).
1846 5367 2147 5438 imperante
2191 5367 2459 5426 discessit.

179 5492 304 5552 Xlll.
353 5497 650 5557 Theodorus
698 5504 1007 5571 Balsamon,
1029 5502 1208 5561 Schol.
1235 5503 1290 5560 in
1314 5521 1562 5630 canone?
1588 5506 1652 5560 21
1697 5504 1907 5629 ξοησὲιὶἱ
1955 5501 2454 5628 [signent—Apud
2504 5503 2861 5577 Beveregium,
2889 5505 3143 5561 Pandect.
3193 5521 3415 5576 cauom,

1548 5593 1652 5630 om.
1733 5617 1748 5630 .
1794 5592 1916 5630 που.
1997 5594 2048 5627 ο.

1548 5593 1652 5631 om.
1699 5592 1748 5643 ι,
1793 5592 1916 5646 pag.
1962 5592 2048 5628 δο.

247 5685 441 5742 Τοῦτον
467 5690 710 5747 καθεῖλεν
737 5695 794 5748 ἐν
835 5694 1128 5769 ’Δντιοχείᾳ
1153 5697 1180 5750 ὁ
1211 5698 1360 5768 ἅγιος
1390 5698 1686 5771 Γρηγὸριος
1715 5699 1743 5752 ὁ

1922 5693 2077 5748 Hunc
2103 5693 2354 5765 (Paulum
2394 5692 2834 5763 Samosatenum)
2880 5691 3250 5762 deposuerunt
3291 5708 3415 5750 sane

179 5771 581 5854 Θαυματουργδς
612 5786 704 5841 καὶ
734 5787 878 5842 ἄλλοι
915 5789 1075 5852 τινές.

1851 5801 1971 5849 ctus
2000 5791 2297 5864 Gregorius
2325 5790 2784 5862 Thaumaturgus,
2824 5795 2876 5846 et
2915 5787 3004 5844 alii
3033 5787 3277 5857 quidam.
