3882 6332
179 387 269 442 989

1154 377 1285 432 ΜΕἸ
1298 376 1638 432 APHRASIS
1671 376 1738 431 IN
1777 376 2305 434 ECCLESIASTEN.

3261 380 3367 437 990

180 502 362 562 πάντας
403 494 713 568 ἀνθρώπους
746 493 996 566 βασιλεὺς
1039 495 1384 566 ὲντιμότατος
1407 537 1422 561 ,
1458 495 1550 548 καὶ
1576 511 1689 566 προ

1809 495 1968 565 pheta
2020 493 2490 564 sapientissimus,
2549 494 2853 549 universam
2911 491 3006 548 Dei
3064 491 3363 550 Ecclesiam

175 594 331 663 φήτης
375 587 694 657 σοφώτατος.
732 587 818 650 Ὡς
869 585 999 639 κενὰ
1061 586 1156 639 καὶ
1205 588 1437 660 ἀνόνητα
1477 588 1547 641 τά
1597 587 1706 641 τῶν

174 681 449 752 ἀνθρώπων
479 677 776 750 πράγματά
811 694 870 730 τε
905 678 997 730 καὶ
1039 677 1443 748 σπουδάσματα,
1485 678 1584 730 ὅσα
1610 678 1705 730 ἀν-

175 771 414 846 θρώπινα.
451 768 583 822 Οὐδὲ
613 767 720 838 γάρ
747 767 858 838 ἔχει
889 785 973 831 τις
1002 769 1173 820 εἰπεῖν
1202 767 1391 836 ὄφελός
1419 785 1472 820 τι
1499 767 1705 831 τούτοις

172 861 592 936 προσηρτημένον
616 900 631 924 ,
672 861 816 930 ειπερ
859 859 1131 929 ἄνθρωποι
1183 860 1310 932 περὶ
1364 861 1466 931 γῆν
1512 860 1703 931 ’ἐρπον-

171 972 249 1018 τες
273 953 599 1025 (86-87),καὶ
629 951 839 1022 σώμασι
861 952 952 1005 καὶ
972 952 1168 1022 ψυχαῖς
1215 951 1492 1006 ἐκτελέσαι
1543 951 1707 1006 σπεύ-

170 1049 317 1112 δουσι,
350 1045 454 1100 τῶν
492 1045 591 1118 μὲν
635 1047 981 1116 προσκαίρων
1022 1046 1334 1116 ἡττημένοι,
1368 1045 1624 1117 ἀνωτέρω
1646 1044 1703 1098 δὲ

170 1139 264 1192 τῶν
306 1138 512 1208 ἄστρων
566 1135 644 1202 τῷ
687 1135 918 1205 γενναίῳ
946 1137 1045 1205 τῆς
1091 1135 1266 1206 ψυχῆς
1318 1135 1553 1208 ὄμματι,
1594 1133 1702 1186 οὐδ’

170 1230 322 1284 ὁτιοῦν
349 1228 582 1283 κατιδεῖν
621 1225 949 1297 βουλόμενοι.
976 1227 1086 1280 Καὶ
1125 1225 1512 1298 κατατρίὸεται
1537 1227 1564 1278 ό
1595 1225 1701 1278 τῶν

169 1318 441 1392 ἀνθρώπων
479 1317 593 1389 βίος
636 1317 847 1388 ἡμέραν
883 1316 942 1382 ἐξ
992 1316 1203 1388 ἡμέρας
1224 1356 1240 1382 ,
1287 1316 1379 1370 καὶ
1408 1315 1565 1388 ώρῶν
1607 1315 1701 1370 καὶ

166 1411 397 1466 ἐνιαυτῶν
428 1409 709 1482 περιόδους
732 1448 747 1473 ,
779 1406 929 1478 ήλίου
973 1424 1033 1460 τε
1063 1408 1292 1480 δρόμους
1332 1407 1702 1480 περιωρισμέ-

165 1522 290 1568 νους,
313 1503 415 1557 τῶν
441 1502 539 1574 μὲν
563 1499 1029 1571 παραγινομένων,
1053 1501 1157 1555 τῶν
1183 1500 1239 1554 δὲ
1264 1499 1697 1570 ύπαπαιρόντων.

169 1599 329 1652 Ἕοικε
355 1597 410 1650 δέ
436 1597 499 1650 τὸ
525 1599 777 1669 πρᾶγμα,
806 1598 1116 1669 χειμάρρων
1150 1595 1384 1666 παρόδῳ,
1412 1595 1701 1666 ἀμετρήτῳ

163 1692 410 1762 θαλάσσης
438 1691 816 1761 ἐμπιπτόντων
844 1689 990 1761 βυθῷ
1012 1691 1108 1743 σὺν
1127 1687 1348 1760 ταράχῳ
1368 1685 1564 1756 πολλῷ.
1591 1686 1699 1740 Καὶ

162 1786 220 1839 τά
245 1785 332 1856 μὲν
359 1783 421 1837 δι’
445 1781 766 1854 ἀνθρώπους
815 1784 920 1836 ὑπὸ
959 1781 1094 1836 Θεοῦ
1136 1782 1413 1851 γεγονότα,
1456 1781 1605 1852 μένει
1632 1779 1698 1832 τὰ

163 1877 298 1939 αὐτὰ,
322 1871 446 1930 οἷον.
463 1875 525 1927 τὸ
550 1876 660 1928 ἀπὸ
683 1876 788 1946 γῆς
816 1874 1126 1945 γεννᾶσθαι,
1147 1874 1206 1927 τὸ
1236 1875 1314 1937 είς
1333 1874 1434 1945 γῆν
1457 1873 1694 1936 ἀπιέναι,

162 1969 212 2022 τὸ
236 1967 387 2039 αὐτὴν
409 1967 632 2022 ἑστάναι
663 1967 760 2039 τὴν
805 1968 926 2038 γῆν,
957 1968 1018 2020 τὸ
1061 1967 1152 2021 τὸν
1179 1967 1326 2039 1ήλιον
1358 1967 1572 2020 ἅπασαν
1604 1967 1700 2019 αύ-

161 2061 244 2130 τὴν
290 2058 660 2130 ἐκπεριῖόντα,
711 2058 872 2112 πάλιν
917 2060 996 2122 είς
1025 2057 1114 2112 τὸν
1157 2059 1317 2112 αὑτὸν
1361 2058 1698 2130 περιτρέχειν

158 2152 283 2221 ὅρον,
321 2151 409 2205 καὶ
442 2150 510 2204 τὰ
544 2149 830 2220 πνεύματα
874 2149 1134 2214 ὡσαύτως
1159 2149 1305 2219 (88),
1339 2149 1462 2213 τούς
1502 2167 1562 2202 τε
1604 2166 1699 2202 πο-

161 2243 338 2312 ταμοὺς
372 2241 659 2304 τοσούτους
688 2243 769 2304 είς
797 2241 1069 2296 θάλασσαν
1103 2241 1424 2304 ἐκδιδόντας,
1453 2241 1546 2294 καὶ
1574 2241 1698 2303 τοὺς

159 2335 361 2404 ἀνέμους
413 2335 814 2405 ἐμπίπτοντας,
852 2335 925 2406 μὴ
969 2333 1296 2403 ἀναγκάζειν
1329 2335 1494 2404 αὐτὴν
1534 2334 1698 2405 ύπερ-

160 2425 337 2478 ϐαίνειν
380 2425 445 2478 τὰ
475 2426 649 2496 αὐτῆς
685 2425 888 2498 μέτρα,
925 2425 1056 2497 μηδὲ
1102 2426 1300 2488 αὐτοὺς
1342 2428 1692 2496 παρανομεῖν.

163 2517 257 2570 Καὶ
284 2516 349 2568 τά
381 2517 476 2588 μὲν
513 2516 596 2580 ὡς
644 2519 723 2580 είς
769 2517 978 2570 τουτονὶ
1019 2516 1370 2570 συντελοῦντα
1423 2517 1554 2586 ἡμῖν
1605 2517 1696 2570 τὸν

163 2608 273 2676 βίον,
300 2608 462 2673 οὕτως
499 2610 696 2681 ἄραρε.
743 2608 823 2662 Τά
852 2609 896 2662 δ’
935 2609 1025 2662 ὑπ’
1056 2608 1354 2680 ἀνθρώπων
1396 2607 1695 2678 ἐπιτεχνώ-

165 2717 276 2769 μενα
307 2701 516 2771 ῥήματά
554 2718 617 2753 τε
659 2701 753 2754 καὶ
790 2701 1084 2772 πράγματα
1106 2740 1122 2765 ,
1181 2700 1376 2772 μέτρον
1422 2701 1521 2753 οὐκ
1561 2699 1692 2770 ἔχει.

163 2793 252 2844 Καὶ
279 2792 441 2860 λόγων
473 2792 645 2857 πολὺς
673 2794 772 2864 μὲν
799 2793 1003 2864 ὅμιλος,
1035 2793 1220 2865 ὄνησις
1251 2793 1308 2846 δὲ
1337 2792 1558 2863 οὐδεμία
1590 2793 1695 2848 ἀπὸ

159 2884 242 2954 τῆς
267 2885 683 2959 πεπλανημένης
718 2887 985 2958 φλυαρίας
1003 2903 1018 2918 °
1049 2887 1161 2940 ἀλλ’
1191 2887 1460 2956 ἄπληστόν
1487 2889 1602 2938 ἐστι
1633 2885 1694 2939 τὸ

157 2974 247 3027 τῶν
267 2976 556 3048 ἀνθρώπων
595 2976 924 3049 φῦλον,πρός
954 2995 1013 3032 τε
1041 2977 1100 3031 τὸ
1134 2978 1341 3047 λέγειν,
1381 2977 1521 3048 πρός
1552 2995 1613 3030 τε
1635 2977 1694 3030 τὸ

161 3067 314 3138 ἐτέρου
333 3069 582 3138 λέγοντος
602 3069 834 3124 ἀκούειν·
854 3070 932 3124 ἔτι
955 3071 1009 3124 δὲ
1025 3070 1192 3124 καὶτὸ
1210 3070 1448 3141 ὄμμασιν
1468 3069 1694 3134 είκαίοις

1807 587 2019 641 aﬂ’atur.
2080 586 2135 640 2.
2160 585 2334 652 Quam
2366 601 2505 640 vana
2553 595 2607 640 et
2658 587 2871 641 inutilia
2918 594 3047 642 sunt
3086 587 3266 641 omnia
3301 603 3364 641 ea

1805 678 2087 732 hominum
2122 678 2336 748 negotia
2370 686 2423 732 et
2455 676 2650 742 studia,
2682 693 2802 748 quae
2837 678 2890 731 in
2927 677 3180 732 humanis
3203 677 3366 732 rebus

1805 771 2196 841 suscipiuntur.
2246 771 2300 825 5.
2351 767 2522 824 Nemo
2567 770 2710 824 enim
2774 780 2890 834 est,
2937 772 3032 840 qui
3073 771 3363 830 utilitatem
3440 761 3442 766 ’

1805 864 1968 918 ullam
2015 864 2081 919 iis
2125 878 2390 918 annexam
2447 863 2626 918 dicere
2659 863 2859 932 possit;
2911 878 3064 932 quae,
3113 863 3364 918 homines

1804 954 1954 1008 humi
1993 964 2302 1024 reptantes,
2342 963 2394 1008 et
2425 953 2746 1024 corporibus
2787 962 2840 1008 et
2876 955 3073 1010 animis
3103 955 3363 1024 perlicere

1803 1048 2165 1113 contendunt,
2200 1049 2364 1104 rebus
2412 1047 2634 1103 caducis
2668 1057 2722 1102 et
2755 1050 3098 1117 temporariis
3139 1049 3360 1114 addicti,

1803 1155 1966 1210 supra
1998 1139 2176 1195 sidera
2222 1149 2438 1206 autem,
2487 1155 2755 1210 generoso
2801 1140 2997 1196 animae
3052 1142 3230 1207 oculo,
3294 1159 3361 1198 ne

1802 1233 2071 1287 tantillum
2124 1233 2342 1302 quidem
2389 1234 2634 1302 aspicere
2665 1235 2925 1288 volentes.
2951 1234 3006 1288 4.
3039 1235 3118 1290 Ac
3155 1245 3360 1290 morta-

1800 1323 1932 1377 lium
1956 1325 2066 1378 vita
2100 1325 2400 1379 conteritur
2421 1364 2438 1391 ,
2466 1325 2552 1379 die
2599 1324 2707 1379 diei
2740 1325 3081 1392 succedente,
3123 1326 3362 1396 annique

1800 1417 2044 1486 partibus
2095 1428 2150 1472 et
2195 1417 2679 1484 conversionibus;
2727 1418 2780 1472 5.
2827 1419 3068 1488 solisque
3109 1420 3360 1475 cursibus

1799 1508 1962 1563 certis
2007 1523 2074 1563 ac
2125 1508 2400 1574 deﬁnitis;
2464 1508 2517 1562 6.
2554 1523 2700 1564 nunc
2751 1510 3165 1575 accedentibus,
3215 1527 3360 1567 nunc

1798 1602 2000 1656 sensim
2029 1600 2424 1657 recedentibus.
2468 1600 2518 1655 7.
2541 1599 2651 1658 Nec
2688 1601 2968 1657 dissimilis
3004 1614 3087 1658 est
3121 1605 3235 1659 hac
3271 1620 3358 1660 res

1800 1699 2095 1747 torrentum
2148 1690 2444 1757 transitui,
2480 1706 2606 1748 cum
2662 1707 2861 1762 magno
2917 1694 3144 1764 strepitu
3197 1705 3359 1765 atque

1799 1785 2034 1840 tumultu
2075 1783 2130 1837 in
2175 1783 2501 1838 immensum
2547 1784 2717 1839 maris
2767 1783 3092 1854 profundum
3130 1787 3346 1840 illaben-

1796 1877 1952 1931 tium.
1998 1875 2064 1930 Et
2109 1876 2328 1945 quidem
2375 1890 2438 1930 ea
2482 1891 2603 1945 quae
2634 1875 2916 1930 hominum
2964 1892 3128 1932 causa
3171 1893 3203 1932 a
3247 1877 3357 1932 Deo

1797 1976 1972 2021 creata
2022 1975 2183 2032 sunt,
2218 1966 2405 2020 eadem
2457 1976 2710 2031 manent;
2758 1969 2904 2022 velut
2940 1969 3082 2038 quod
3130 1984 3159 2022 a
3211 1977 3353 2023 terra

1793 2056 2104 2127 gignantur,
2137 2055 2282 2126 quod
2307 2057 2360 2110 in
2390 2065 2590 2112 terram
2627 2057 2856 2120 abeant,
2892 2057 3036 2128 quod
3069 2068 3209 2113 terra
3240 2059 3353 2128 ipsa

1795 2148 1950 2202 ﬁrma
1994 2157 2047 2203 et
2079 2147 2289 2203 stabilis
2321 2149 2412 2213 sit,
2451 2147 2595 2218 quod
2641 2149 2723 2204 sol
2772 2165 2834 2203 ea
2873 2160 2984 2204 tota
3030 2151 3254 2205 decursa
3287 2152 3354 2204 ad

1794 2239 2044 2295 emndem
2089 2255 2283 2294 rursus
2333 2241 2623 2294 terminum
2682 2249 3052 2310 punctumque
3113 2242 3343 2296 cireum-

1795 2333 2070 2397 volvatur;
2113 2330 2369 2401 ﬂuviique
2401 2331 2618 2396 itidem,
2668 2341 2818 2386 tanto
2857 2348 3085 2386 numero
3118 2333 3170 2385 in
3205 2348 3354 2386 mare

1796 2420 2101 2487 inﬂuentes,
2149 2429 2206 2477 et
2260 2421 2407 2476 venti
2447 2421 2817 2485 incurrentes,
2865 2438 2962 2477 nec
3007 2423 3182 2492 ipsum
3219 2423 3352 2479 ﬁnes

1795 2529 1926 2568 suos
1962 2513 2220 2568 excedere
2262 2523 2490 2584 cogant,
2526 2529 2625 2568 nec
2667 2515 2769 2583 ipsi
2814 2530 3005 2568 rursus
3039 2515 3207 2584 legem
3249 2515 3352 2570 sibi

1796 2602 2141 2657 constitutam
2165 2601 2483 2673 inl'ringant.
2508 2604 2684 2673 Atque
2714 2603 2828 2657 haec
2855 2618 3005 2666 sane,
3038 2619 3158 2673 qua:
3194 2604 3353 2658 nobis

1794 2691 1861 2747 ad
1904 2691 2044 2746 hanc
2073 2693 2263 2757 vitam,
2289 2707 2448 2748 usum
2479 2701 2533 2748 et
2574 2693 2941 2762 adjumcntum
2989 2692 3246 2758 aﬁ‘erunt,
3278 2694 3350 2748 ita

1794 2783 2009 2838 decreta
2041 2791 2167 2838 sunt
2195 2795 2248 2838 et
2272 2784 2587 2839 constituta.
2623 2784 2677 2839 8.
2711 2785 2777 2839 At
2802 2800 2922 2855 quae
2949 2784 3016 2839 ab
3039 2785 3352 2839 hominibus

1793 2874 2189 2944 excogitantur,
2216 2881 2324 2928 tam
2358 2890 2447 2930 res
2479 2891 2640 2945 quam
2675 2877 2858 2940 verba,
2893 2877 3110 2930 modum
3141 2876 3345 2930 nullum

1793 2967 2010 3022 habent.
2049 2968 2127 3024 Ac
2157 2969 2447 3024 verborum
2482 2985 2676 3038 magna
2706 2969 2922 3039 quidem
2961 2979 3043 3024 est
3067 2971 3259 3038 copia;
3296 2978 3350 3024 at

1792 3058 2003 3116 fructus
2037 3074 2217 3116 nullus
2240 3062 2308 3116 ab
2338 3071 2556 3116 errante
2588 3062 2914 3132 loquacitate
2935 3071 2988 3116 et
3019 3063 3344 3132 nugacitate.

158 3159 330 3215 ἕκαστα
367 3163 471 3216 τῶν
528 3164 988 3235 παραπιπτόντων
1019 3167 1150 3236 ὀρᾷν
1190 3163 1486 3235 γλίχεσθαι.
1525 3165 1590 3217 Τί
1626 3163 1689 3218 ἂν

1799 3152 1994 3209 Verum
2036 3154 2110 3209 ita
2154 3164 2346 3210 natura
2389 3165 2700 3224 comparata
2740 3163 2823 3208 est
2858 3153 3136 3208 hominum
3185 3153 3344 3216 ratio,

159 3251 331 3318 γένοιτο
345 3253 448 3326 (89)
470 3253 722 3328 ὕστερον,
738 3257 874 3328 ὅπερ
897 3257 994 3311 οὐκ
1022 3256 1123 3328 ἤδη
1143 3256 1470 3319 τετέλεσται,
1496 3255 1691 3329 ἢπρα-

155 3344 284 3416 χθείη
300 3348 426 3419 πρὸς
447 3348 547 3402 ἀνθ
557 3347 753 3419 ρώπων
769 3365 783 3413 ;
801 3348 864 3402 Τί
879 3348 1060 3402 καινὸν
1078 3347 1138 3400 τι
1162 3347 1382 3418 μηδέπω
1404 3349 1483 3411 είς
1499 3349 1690 3418 πεῖραν

153 3435 435 3502 ἐλθὸν,ὄτου
463 3437 564 3492 καὶ
593 3436 892 3508 μνησθῆναι
913 3436 1092 3503 ἀξιονς
1122 3435 1260 3505 Ἐγὼ
1286 3435 1382 3506 μὲν
1411 3434 1518 3505 γὰρ
1539 3430 1690 3506 οἶμαι

152 3525 295 3589 οὐδὲν,
326 3528 353 3580 ὃ
372 3545 423 3581 τι
451 3528 495 3581 δ’
535 3528 609 3582 ἂν
638 3528 766 3600 εἴπῃ
789 3527 899 3598 (90)
918 3527 1223 3599 πρόσφατον
1241 3567 1255 3591 ,
1284 3526 1316 3598 ἢ
1352 3525 1532 3580 καινὸν
1563 3527 1691 3579 ἀνα-

153 3613 458 3687 λογιζόμενος
508 3619 737 3690 εὑρήσει
761 3658 776 3683 ,
835 3617 967 3688 μηδὲ
1023 3620 1134 3681 τοῖς
1183 3617 1348 3670 πάλαι
1394 3616 1686 3686 ἄγνωστον.

155 3707 332 3780 Ὠσπερ
351 3709 406 3763 δὲ
436 3709 505 3764 τὰ
535 3709 781 3782 πρότερα
810 3707 950 3782 λήθῃ
983 3709 1302 3779 κέκρυπται,
1334 3706 1592 3761 οὕτωκαὶ
1622 3706 1691 3761 τὰ

152 3798 406 3865 ἐνεστῶτα,
427 3805 506 3866 είς
529 3803 661 3866 τοὺς
692 3801 982 3872 μετέπειτα
1012 3801 1188 3872 χρόνῳ
1211 3803 1357 3871 ἀμαυ
1367 3799 1683 3871 ρωθήσεται.

152 3891 244 3945 Καὶ
288 3894 382 3948 οὐκ
433 3893 841 3964 αύτοσχεδιάζω
886 3893 1059 3947 ταῦτα
1123 3892 1216 3947 νῦν
1273 3891 1682 3963 ἐκκλησιάζων

149 3982 263 4037 ἀλλά
307 4002 392 4055 μοι
436 3985 716 4056 βασιλείαν
759 3985 1023 4058 Ἐϐραίων
1067 3985 1124 4038 ἐν
1165 3983 1553 4056 Ἱεροσολύμοις
1591 4002 1688 4037 πε-

150 4075 480 4148 πιστευμένῳ,
515 4075 720 4141 ἱκανῶς
754 4077 966 4131 ἅπαντα
1001 4077 1404 4149 πεφρόντισται.
1439 4078 1686 4148 Ζητήσας

148 4163 196 4216 δὲ
233 4168 595 4240 μεμελημένος
615 4207 630 4232 ,
676 4169 768 4222 καὶ
802 4168 979 4237 σοφῶς
1027 4169 1365 4240 κατανοήσας
1407 4169 1507 4239 τὴν
1559 4169 1686 4238 περὶ

148 4256 234 4325 γῆν
252 4260 401 4328 φύσιν
427 4262 671 4326 ἅπασαν,
693 4261 1088 4333 ποικιλωτάτην
1112 4261 1302 4330 έγνων,
1319 4261 1393 4325 ώς
1417 4259 1684 4332 ἀνθρώπῳ

146 4347 320 4404 δέδοται
343 4357 523 4407 πονεῖν
560 4353 652 4406 ἐπὶ
674 4354 795 4425 γῆς,
823 4353 1010 4408 ἄλλοτε
1052 4354 1240 4425 ἀλλοία
1261 4353 1509 4424 καμάτου
1551 4370 1685 4424 προ-

145 4441 282 4506 φάσει
313 4443 778 4516 ἐγκαλινδουμένῳ
824 4446 904 4509 εἰς
945 4445 1007 4498 τὸ
1042 4445 1226 4516 μηδέν.
1276 4444 1590 4515 Πνεύματος
1629 4445 1684 4497 δὲ

1793 3255 1853 3301 ut
1896 3247 2238 3317 inexplebilis
2267 3247 2337 3302 sit
2382 3261 2569 3301 eorum
2609 3255 2663 3300 et
2710 3246 2963 3316 loquendi
2992 3254 3045 3299 et
3093 3245 3346 3299 audiendi

1790 3338 1928 3400 sitis,
1962 3352 2026 3392 ac
2057 3347 2316 3406 praeterea
2354 3337 2510 3391 vanis
2552 3335 2724 3392 oculis
2761 3352 2823 3392 ea
2847 3336 3026 3390 omnia
3060 3351 3180 3405 quae
3205 3336 3348 3389 acci-

1788 3429 1942 3492 dunt,
1970 3428 2211 3484 intuendi
2231 3427 2520 3497 cupiditas.
2549 3428 2600 3482 9.
2621 3427 2758 3494 Quid
2788 3437 2966 3481 autem
2991 3427 3043 3480 in
3075 3434 3346 3496 posterum

1789 3522 1903 3576 ﬁeri
1937 3531 2135 3592 queat,
2187 3521 2329 3590 quod
2369 3536 2474 3574 non
2510 3520 2623 3588 jam
2670 3519 2976 3575 confectum
3021 3517 3218 3582 fuerit,
3253 3530 3348 3576 aut;

1788 3622 2004 3682 geratur
2035 3613 2103 3666 ab
2136 3611 2486 3667 hominibus?
2539 3609 2678 3677 Quid
2735 3626 2957 3676 novum,
3014 3608 3158 3679 quod
3203 3623 3347 3663 non~

1787 3705 1916 3759 dum
1981 3703 2348 3773 experimento
2400 3712 2734 3772 compertum
2789 3701 2986 3766 fuerit,
3050 3700 3346 3755 dummodo

1786 3795 2001 3864 insigne.
2057 3795 2130 3850 sit
2181 3804 2237 3849 et
2269 3794 2658 3849 memorabile?
2710 3791 2796 3847 l0.
2828 3791 2900 3847 Ut
2953 3792 3168 3862 quidem
3223 3807 3342 3846 mea
3424 3805 3427 3809 '

1786 3886 1968 3955 opinio
2000 3882 2123 3949 fert,
2149 3884 2398 3954 quisquis
2435 3898 2620 3938 secum
2656 3883 2929 3952 reputabit
2966 3892 3128 3951 atque
3161 3881 3343 3936 consi-

1784 3978 2027 4044 derabit,
2066 3976 2200 4030 nihil
2235 3991 2436 4030 novum
2478 3983 2573 4028 aut
2612 3989 2801 4030 recens
2835 3974 3090 4039 inveniet,
3125 3974 3344 4042 priscis-

1784 4085 1890 4138 que
1930 4068 2287 4138 incognitum.
2339 4067 2425 4122 11.
2466 4065 2932 4132 Quemadmodum
2982 4073 3159 4119 autem
3208 4081 3344 4134 pra:-

1783 4165 1960 4230 terita,
2006 4162 2274 4217 oblivione
2306 4169 2445 4216 tecta
2484 4169 2647 4225 sunt;
2691 4159 2773 4214 sic
2805 4159 3086 4229 praesentia
3129 4173 3343 4228 quoque

1783 4270 2071 4326 progressu
2121 4253 2384 4324 temporis
2435 4253 2502 4308 ad
2551 4263 2798 4323 posteros
2851 4251 2905 4305 in
2953 4251 3337 4306 obscuritatem

1782 4347 1957 4401 ibunt.
2002 4345 2090 4401 12.
2116 4344 2226 4402 Nec
2258 4361 2388 4401 vero
2426 4352 2626 4398 temere
2664 4344 2778 4398 haec
2803 4357 2948 4397 nunc
2973 4343 3124 4409 dico,
3159 4341 3340 4396 Eccle-

1783 4439 1985 4492 siasten
2031 4453 2198 4507 agens
2242 4455 2255 4491 :
2301 4452 2485 4491 verum
2535 4435 2668 4490 mihi
2719 4433 3063 4489 Hebraeorum
3114 4449 3336 4503 regnum

146 4529 403 4588 ἀλλοκότου
452 4534 553 4590 καὶ
608 4536 849 4608 μυσαροῦ
895 4536 963 4590 τὰ
996 4537 1147 4590 κάτω
1189 4536 1404 4590 ἅπαντα
1453 4536 1679 4607 πλήθει,

1789 4528 2172 4600 Hierosolymis
2216 4528 2340 4583 ﬁdei
2373 4544 2508 4584 mea:
2541 4527 2895 4582 commissum
2934 4525 3172 4589 habenti,
3215 4524 3333 4578 dili-

145 4615 263 4674 ῶστε
297 4623 366 4695 μὴ
399 4621 542 4679 εἶναι
563 4624 703 4678 αὐτὰ
746 4625 1172 4696 ἀνακτήσασθαι,
1209 4626 1342 4680 ἀλλὰ
1383 4626 1516 4696 μηδέ
1555 4628 1682 4679 ἁνα-

145 4704 421 4783 θυμηθῆναι
445 4714 506 4767 τὸ
532 4714 792 4785 παράπαν
822 4714 920 4785 ὅση
946 4714 1012 4767 τὰ
1037 4714 1178 4769 κατά
1203 4713 1518 4786 ἀνθρώπους
1543 4715 1682 4786 πρά-

143 4813 303 4867 γματα
341 4805 668 4876 κατείληφεν
713 4806 926 4858 ἀτοπία.
977 4805 1342 4876 Λογισάμενος
1389 4808 1496 4878 γάρ
1550 4823 1678 4860 ποτε

141 4888 236 4957 ἐγὼ
260 4897 369 4948 κατ’
401 4896 662 4967 ἐμαυτὸν,
692 4898 787 4951 καὶ
813 4898 1014 4968 οἰηθεὶς
1036 4898 1110 4962 ὠς
1133 4899 1384 4952 ἁπάντων
1416 4898 1533 4968 εἴην
1559 4899 1677 4952 τότε

141 4980 234 5036 τῶν
273 4986 374 5057 πρὸ
415 4987 656 5058 ἐμαυτοῦ
702 4989 999 5058 γεγονότων
1047 4988 1292 5042 ἐνταυθοῖ
1337 4987 1640 5062 σοφώτερος
1659 5005 1672 5020 ο

141 5227 161 5242 ,
205 5161 399 5236 (εδ-87)
415 5166 555 5242 ΙῙερὶ
581 5166 695 5237 γῆν
710 5167 1016 5237 ἔρποντες.
1038 5168 1170 5226 Cod.
1189 5168 1402 5225 Thuan.
1420 5169 1558 5224 κατά
1573 5170 1672 5242 γῆν

142 5235 393 5300 ἓρποντες.
427 5235 673 5292 Ductus.

201 5300 300 5369 (88)
350 5307 459 5358 Kal
505 5308 574 5359 τὰ
615 5309 922 5375 πνεύματα
959 5306 1258 5375 ὡσαυτως.
1315 5307 1437 5362 [lare
1490 5308 1674 5364 omisit

141 5377 374 5440 tanquam
403 5377 890 5449 superﬂua_Billius
911 5419 926 5445 ,
959 5379 1102 5448 quod
1136 5380 1297 5449 paulo
1327 5386 1449 5448 post
1481 5390 1673 5432 vento-

143 5452 246 5516 ι’μηι
275 5445 474 5516 ιηξᾞῑίο
502 5445 610 5514 ﬁat.
643 5447 921 5503 Musculus
952 5445 1215 5514 vertitfet
1251 5445 1389 5503 vetiti
1428 5449 1674 5501 consimi-

141 5505 278 5588 liter;
317 5509 794 5588 (Ecolampadius,
829 5519 951 5571 item
999 5505 1132 5587 ﬂare
1178 5531 1370 5573 ventos.
1424 5518 1584 5583 Quod
1625 5519 1669 5572 si

144 5584 444 5656 conjectura:
473 5584 620 5656 locus
640 5596 803 5650 esset,
830 5584 1138 5656 suspicarer
1164 5589 1543 5650 corrigendum
1576 5589 1670 5642 καὶ

142 5645 445 5726 τάρτύματα
461 5651 735 5720 ὡσαύτως,
753 5645 800 5710 et
829 5645 1183 5711 rivi-similiter
1197 5645 1344 5727 ﬂuvii
1385 5678 1476 5722 ue;
1493 5659 1672 5712 solent

145 5730 269 5769 enim
295 5719 376 5774 hic
398 5722 518 5776 dua‘.
538 5740 696 5779 voces
727 5743 962 5779 nersame
1001 5727 1278 5779 coniumzi.
1310 5675 1666 5779 GYossariltm.

145 5719 269 5798 enim
295 5719 518 5798 haedum
538 5719 706 5798 voces:
727 5743 962 5798 persaepe
1001 5719 1278 5798 conjungi.
1310 5719 1666 5794 Glossarium,

149 5785 323 5856 ῥεῦμα,
355 5790 634 5859 ﬂuentum;
667 5785 744 5852 sic
777 5785 920 5852 enini
952 5785 1180 5853 emendo
1205 5785 1311 5869 pro
1337 5785 1662 5868 ﬂumcutum.

1782 4631 1965 4691 genter
1989 4631 2042 4676 et
2074 4631 2326 4677 accurate
2349 4622 2531 4676 omnia
2554 4621 2786 4690 cogitata
2818 4627 2869 4675 et
2897 4633 3159 4690 perpensa
3189 4627 3336 4673 sunt.

1781 4714 1866 4768 15,
1891 4713 2062 4768 Porro
2109 4721 2277 4768 totam
2314 4729 2498 4768 rerum
2541 4721 2876 4767 terrenarum
2917 4722 3166 4766 naturam
3211 4726 3337 4780 per-

1779 4813 2075 4869 scrutatus,
2105 4813 2270 4873 atque
2296 4803 2576 4873 ingeniose
2617 4812 2672 4857 et
2705 4804 2974 4872 sapienter
3000 4802 3055 4856 in
3094 4817 3156 4856 ea
3190 4801 3338 4873 cogi-

1778 4898 1980 4952 tatione
2025 4905 2295 4962 versatus,
2344 4911 2463 4950 eam
2520 4895 2755 4950 maxime
2815 4894 3018 4950 variam
3075 4894 3333 4964 comperi.

1775 4987 1993 5044 Homini
2014 4988 2211 5044 etenim
2241 4988 2294 5042 in
2318 4995 2460 5042 terra
2486 4986 2762 5042 laboribus
2795 4987 2976 5041 vexari
3005 4986 3192 5041 datum
3215 4995 3333 5052 est,

1773 5165 1939 5246 Eccli:
1979 5181 2168 5227 χχχιχ,
2197 5165 2284 5228 15,
2317 5163 2587 5246 ὡςρόδον
2624 5165 2888 5287 φυόμενον
2928 5167 3018 5219 ἐπὶ
3064 5165 3333 5236 ῥεύματος

1773 5237 1939 5287 ύγοου
1973 5235 2325 5287 Βλαστήσατε.
2363 5233 2512 5287 Sicut
2547 5252 2666 5287 rosa
2694 5252 2726 5287 υ
2752 5246 2936 5287 aurata
2975 5252 3129 5287 super
3166 5236 3332 5287 fluen-

1773 5235 2325 5307 ύγροῦβλαστήσατε.
2363 5233 2512 5307 Sicut
2547 5233 2936 5307 rosaplantata
2961 5233 3129 5307 super
3147 5233 3332 5307 ﬂuen-

1774 5304 1884 5360 tum
1941 5304 2214 5358 [tumidum
2272 5306 2576 5374 germinate.
2647 5305 2896 5359 Clemens
2943 5304 3095 5360 Alex.
3142 5305 3235 5357 lib.
3289 5319 3328 5359 tt

1771 5375 2127 5445 Pwdag.cap.
2153 5376 2214 5446 ξ,
2242 5375 2368 5442 legit
2393 5375 2486 5427 ἐπὶ
2510 5375 2795 5446 ῥευμάτων
2810 5376 3041 5440 ὑδάτων,
3072 5375 3128 5446 in
3162 5375 3330 5446 ﬂuen-

1771 5447 1838 5545 tia
1867 5442 2145 5545 agli'tar‘um;
2173 5444 2422 5545 vulgata,
2446 5442 2762 5545 itu—pergith
2788 5461 3062 5524 aquarum:
3096 5442 3326 5543 Basilius

1772 5516 1960 5569 homil.
2007 5515 2077 5567 ἐν
2109 5515 2407 5583 λιμῷ.οὐκ
2445 5515 2556 5568 ἔστι
2597 5515 2772 5587 ῥεῦμα
2819 5515 3062 5586 ποταμοῦ
3097 5515 3290 5583 στῆσαι

1773 5585 2038 5638 Fluminis
2067 5601 2275 5638 cursum
2303 5588 2483 5640 sistere
2514 5604 2615 5639 non
2644 5587 2781 5640 licet.
2816 5584 2892 5640 In.

1843 5655 1952 5722 (89)
1996 5655 2057 5708 Τί
2081 5655 2157 5708 ἂν
2188 5655 2435 5726 γένοιτο.
2471 5657 2638 5712 Codd.
2673 5673 2784 5726 reg.
2811 5664 2864 5710 et
2889 5653 3126 5721 Thuan.,
3150 5655 3242 5708 καὶ
3271 5652 3326 5710 τί

1773 5725 1832 5779 ἂν
1862 5724 2086 5779 γένοιτο.
2122 5724 2194 5779 Ιι).

1769 5742 1832 5779 αν
1862 5742 2086 5790 γενοιτο.
2122 5742 2194 5779 ID.

1843 5796 1949 5867 (90)
1988 5796 2113 5851 Ὅτι
2145 5795 2196 5851 δ’
2227 5795 2301 5852 ἂν
2326 5798 2482 5867 εἴπῃ.
2517 5798 2644 5854 Cod.
2676 5798 2837 5861 Μαι,
2873 5797 2979 5869 ἕπῃ
3008 5813 3107 5860 τις.
3146 5797 3216 5853 lo.
