3882 6332
595 384 695 437 991
1724 393 1781 449 S.
1822 393 2125 450 GREGORI

2207 390 2690 448 FHAUMATUllGI
3659 407 3740 463 991

599 500 765 566 alias,
814 500 918 555 alia
981 516 1239 560 aerumna:
1293 508 1614 577 occasione,
1650 509 1854 565 frustra
1896 510 2132 565 involuto

2205 517 2235 571 1
2261 509 2431 578 ἔγνων
2454 507 2768 581 παραϐολάς
2792 525 2851 560 τε
2877 510 3112 561 συνεῖναι
3133 511 3225 563 καὶ
3255 513 3565 583 πραγμάτων
3581 520 3738 587 φύσης.

598 593 687 648 li.
723 593 928 663 Spiritu
962 605 1141 649 autem
1177 597 1487 670 prodigiose
1533 610 1587 655 et
1612 603 1950 658 exsecrando
1978 601 2128 657 omni

2277 599 2474 671 ’ῼήθην
2505 598 2563 652 δὲ
2590 597 2867 668 τηνάλλως
2900 598 2993 652 ἐπὶ
3021 599 3196 671 τούτῳ
3226 601 3488 671 φέρεσθαι,
3525 607 3603 660 καὶ
3620 612 3742 685 σοφίᾳ

500 663 512 676 ’
596 684 713 739 haec
748 684 1004 741 inferiora
1034 663 1193 757 plena
1235 663 1391 757 sunt;
1422 693 1509 748 15.
1533 693 1669 749 adeo
1712 704 1772 749 ut
1802 710 1868 750 ea
1910 694 2033 751 colli

2400 663 2599 760 ’κινῶσιν
2638 663 2902 753 ἕπεσθαι,
2952 663 3257 757 γνώσείδέ
3296 663 3485 758 πόνους.

594 788 757 829 nemo
812 785 1008 845 queat;
1042 779 1152 834 imo
1212 793 1281 836 ne
1341 784 1564 838 omnino
1608 786 1826 856 quidem
1887 785 2162 855 cogitare,
2267 782 2400 836 θεῖν.

593 879 797 939 quanta
831 888 917 927 res
969 872 1237 933 humanas
1268 877 1574 936 absurditas
1630 881 1907 936 invaserit.
1952 879 2038 935 16.
2092 877 2227 933 Nam
2281 893 2405 935 cum
2463 893 2675 933 mecum
2725 879 2841 949 ipse
2902 879 3193 949 aliquando
3238 891 3579 950 reputassem,
3624 896 3743 957 atque

593 964 1023 1034 existimassem,
1051 983 1140 1023 me
1183 970 1437 1027 omnibus
1465 973 1559 1043 qui
1605 983 1731 1030 ante
1770 989 1857 1030 me
1887 973 2138 1039 fuissent,
2199 972 2303 1025 hac
2358 970 2413 1025 in
2462 986 2522 1025 re
2583 971 2965 1041 sapientiorem
3001 987 3166 1040 esse;
3219 973 3304 1026 17.
3369 975 3419 1029 in
3444 977 3649 1032 animum
3681 981 3743 1034 in-

591 1057 744 1125 duxi,
773 1067 885 1114 tum
915 1062 1202 1130 parabolas
1225 1063 1544 1137 intelligere,
1562 1077 1675 1122 tum
1700 1084 1880 1124 rerum
1906 1077 2152 1124 naturas.
2207 1064 2297 1120 18.
2323 1063 2586 1121 Caeterum
2624 1066 2897 1122 incassum
2945 1067 3077 1121 mihi
3122 1067 3187 1122 ad
3237 1082 3351 1122 eam
3404 1083 3508 1124 rem
3560 1073 3743 1131 animum

591 1152 842 1210 conferre
871 1156 1024 1213 visus
1058 1172 1180 1213 sum
1201 1176 1224 1225 ,·
1257 1161 1425 1230 quod,
1465 1174 1525 1218 ut
1563 1165 1887 1235 sapientiam
1932 1162 2161 1220 scientia
2200 1160 2469 1232 sequitur,
2502 1159 2575 1215 ita
2609 1160 2850 1216 scientiae
2871 1161 3099 1216 comites
3123 1161 3235 1217 sint
3257 1162 3472 1218 labores.

1206 1252 1438 1311 CAPUT
1478 1256 1543 1313 ll.

2857 1256 3105 1310 ΚΕΦᾹΛ.
3152 1257 3229 1310 B'.

661 1339 712 1392 1.
746 1338 870 1395 llaec
917 1342 1081 1411 igitur
1110 1345 1176 1400 ad
1219 1347 1366 1403 hunc
1407 1349 1631 1404 modum
1680 1365 1740 1405 se
1776 1349 1977 1408 habere
2011 1351 2157 1407 arbi-

2330 1344 2501 1398 Τοῦτο
2540 1345 2604 1416 δὴ
2647 1345 2792 1399 τοῦθ’
2823 1345 2998 1411 οὕτως
3039 1346 3183 1418 ἔχειν
3227 1348 3477 1419 νομίσας,
3507 1349 3650 1419 ἔγνων
3679 1352 3743 1406 ἐπί

590 1437 795 1496 tratus,
829 1432 1061 1488 alterum
1111 1436 1236 1491 vita:
1286 1453 1458 1508 genus
1520 1455 1804 1509 capessere
1856 1443 2113 1513 proposui

2256 1436 2451 1509 ἑτέραν
2514 1437 2655 1492 ίδέαν
2702 1437 3004 1510 τραπέσθαι
3066 1438 3217 1509 βίου,
3281 1441 3372 1493 καὶ
3423 1442 3637 1496 ἐκδοῦναι
3676 1444 3742 1514 μὶν

586 1520 904 1593 deliciisque
950 1537 1150 1582 memet
1204 1530 1454 1595 tradere,
1508 1534 1798 1603 variasque
1846 1536 2119 1606 voluptate

2253 1526 2487 1595 ἐμαυτὸν
2522 1529 2724 1598 τρυφῇ,
2765 1529 2959 1599 πεῖραν
2992 1526 3048 1580 δὲ
3078 1527 3264 1580 λαϐεῖν
3302 1528 3493 1599 ἡδονῶν
3528 1531 3739 1584 ποικίλων.

586 1614 839 1682 experiri.
875 1613 1072 1672 Verum
1104 1635 1251 1675 nunc
1293 1620 1477 1676 omnia
1510 1622 1624 1678 haec
1657 1639 1795 1679 vana
1840 1640 1962 1680 esse
1993 1627 2119 1681 intel

2250 1615 2365 1670 Νῦν
2395 1619 2575 1671 τοίνυν
2610 1618 2818 1688 συνῆκα
2858 1617 2935 1681 ὡς
2968 1618 3040 1672 τὰ
3064 1617 3290 1672 τοιαῦτα
3329 1619 3519 1691 μάταια
3560 1620 3741 1691 σύμπαν-

585 1702 691 1757 lexi
735 1723 748 1758 :
803 1705 857 1760 2.
904 1706 1081 1776 Atque
1114 1710 1242 1764 hinc
1296 1711 1466 1767 risum
1512 1714 1787 1782 solutum,
1841 1725 2113 1788 temerequ

2247 1726 2316 1763 τα
2335 1727 2349 1741 ·
2373 1710 2466 1763 καὶ
2493 1709 2704 1779 γέλωτα
2740 1710 2837 1783 μὲν
2858 1711 2985 1782 είκῆ
3014 1711 3317 1783 φερόμενον
3342 1712 3572 1782 ἐπέσχον,
3603 1714 3740 1785 ἡδονὴν

584 1808 865 1863 vagantem
912 1800 1259 1867 compescui;
1303 1801 1430 1857 hinc
1463 1803 1792 1874 voluptatem
1826 1807 1893 1861 ad
1940 1818 2117 1878 tempe

2207 1852 2219 1904 ι
2248 1799 2306 1855 δὲ
2335 1800 2470 1872 πρὸς
2506 1800 2566 1854 τὸ
2603 1804 2897 1874 σωφρονεῖν
2935 1803 3188 1870 ἐκόλασα,
3233 1803 3443 1876 πικρῶς
3480 1806 3740 1877 ἐπιτιμήσας

582 1885 815 1941 rantiam
862 1890 1111 1954 coercui,
1168 1891 1467 1962 acerbeque
1514 1894 1565 1948 ei
1614 1897 1921 1952 succensui.
1973 1899 2027 1953 5.
2064 1901 2115 1952 Α.

2205 1885 2219 1905 ’
2245 1889 2403 1960 αὐτῇ.
2462 1890 2829 1961 Λογισάμενος
2893 1888 2984 1955 δὲ,
3026 1891 3109 1944 ὅτι
3151 1891 3301 1963 ψυχὴ
3349 1891 3553 1945 δύναται
3601 1893 3738 1962 στῆσαι

581 1975 717 2043 haec,
775 1994 898 2033 cum
946 1994 1065 2034 eam
1121 1982 1228 2035 vim
1281 1999 1402 2038 esse
1447 1985 1641 2039 animae
1698 1988 2054 2059 cogitassem,
2088 2007 2114 2045 u

2248 1978 2550 2049 μεθύουσαν
2584 1980 2681 2033 καὶ⁵
2715 1979 2941 2051 ῥέουσαν
2962 1979 3151 2053 ὥσπερ
3176 1976 3322 2035 οἶνον
3361 1982 3588 2053 σώματος
3609 1983 3737 2051 φύσιν,

580 2068 931 2125 temulentam
975 2074 1222 2142 corporis
1274 2083 1525 2129 naturam
1589 2087 1752 2148 atque
1805 2081 1980 2137 instar
2032 2083 2113 2137 vin

2243 2069 2537 2141 ἐγκράτεια
2583 2071 2639 2124 δέ
2688 2068 2971 2126 δουλοῦται
3036 2072 3364 2144 ἐπιθυμίαψ
3429 2074 3737 2145 προεθυμήθην

577 2159 940 2226 dillluentem,
990 2164 1182 2219 sistere
1232 2168 1405 2235 possit
1458 2184 1756 2241 rursusque
1813 2174 2105 2229 continenti

2241 2162 2497 2225 κατιδεῖν,
2526 2161 2578 2215 τί
2616 2178 2745 2215 ποτε
2785 2160 2870 2234 εἴη
2915 2164 3276 2235 προκείμενον
3316 2164 3597 2237 ἀνθρώποις
3623 2183 3737 2219 σωο-

577 2254 927 2322 cupiditatem
954 2256 1151 2326 subjici
1191 2273 1256 2315 ac
1289 2260 1549 2315 servitute
1579 2263 1781 2332 premi;
1808 2266 2110 2336 perspicien

2237 2251 2403 2319 δαῖον,
2427 2253 2622 2325 καὶτῷ
2646 2254 2758 2309 ὄντι
2792 2255 2955 2308 καλὸν
2981 2255 3010 2308 ὃ
3043 2257 3480 2328 καταπράξονται
3509 2257 3635 2329 παρὰ
3653 2274 3737 2311 τω-

576 2347 704 2399 dum
738 2346 870 2400 mihi
906 2363 1028 2403 esse
1071 2351 1366 2416 constitui,
1403 2354 1663 2425 quidnam
1706 2359 1920 2413 tandem
1964 2361 2109 2416 bomi

2239 2343 2352 2395 τονὶ
2377 2342 2469 2396 τὸν
2513 2342 2648 2413 βίον.
2689 2343 3048 2412 Διεξελήλυθα
3074 2344 3181 2417 γὰρ
3221 2346 3294 2399 τὰ
3322 2346 3481 2400 λοιπὰ
3516 2348 3736 2419 σύμπαντα

577 2437 739 2493 nibus
773 2442 1106 2510 prepositum
1157 2444 1229 2499 sit
1275 2446 1513 2515 serium,
1560 2464 1794 2519 vereque
1845 2452 2045 2509 bonum
2087 2473 2110 2510 e

2235 2433 2314 2486 ὄσ⁸
2334 2433 2636 2503 ἀξιάγαστα
2659 2436 2958 2507 νομίζεται,
2986 2438 3148 2492 οἴκων
3171 2455 3234 2491 τε
3270 2439 3606 2512 ύπερυψήλων
3624 2444 3738 2513 ἀνορ-

577 2528 889 2600 lionestum,
914 2535 1059 2603 quod
1084 2536 1137 2589 in
1161 2536 1263 2593 hac
1294 2538 1401 2595 vita
1425 2540 1735 2596 conﬁciant.
1764 2542 1899 2599 Nam
1927 2547 2110 2617 reliqu:

2235 2522 2432 2589 θώσεις
2474 2526 2569 2579 καὶ
2611 2527 2833 2597 φυτείας
2886 2530 3145 2600 ἀμπέλων
3170 2571 3185 2593 ,
3233 2530 3316 2583 ἔτι
3362 2531 3419 2585 δέ
3466 2531 3734 2604 παραδείσων

573 2621 790 2689 omnia,
838 2639 959 2694 quae
1004 2628 1260 2694 przeclara
1304 2641 1357 2685 et
1400 2632 1760 2690 admiratione
1797 2636 1957 2707 digna
2003 2656 2106 2694 cent

2232 2617 2621 2682 κατασκευὰς,
2684 2618 2778 2672 καὶ
2828 2621 3095 2673 παντοίων
3157 2621 3391 2693 δένδρων
3441 2622 3734 2693 καρποφόρου

572 2722 782 2781 sentur,
819 2719 1090 2785 percurri;
1117 2718 1172 2773 4.
1204 2718 1364 2775 Velut
1397 2723 1897 2781 excelsissimarum
1934 2729 2105 2784 aedium

2234 2712 2453 2782 κτήσεις
2501 2712 2596 2764 καὶ
2648 2711 2993 2783 ἐπιμελείας
3057 2713 3189 2766 ὅπου
3261 2713 3321 2767 δὲ
3380 2714 3471 2768 καὶ
3513 2712 3735 2784 δεξαμενιὶ

569 2807 891 2876 erectiones,
923 2820 976 2865 et
996 2812 1185 2865 vitium
1214 2813 1584 2881 consitiones;
1631 2817 1682 2872 5.
1708 2818 1885 2889 Atque
1910 2820 2102 2892 insupe

2234 2800 2463 2871 μεγάλαι
2506 2800 2643 2871 πρὸς
2693 2801 2960 2872 ὑποδοχὰς
2998 2803 3204 2857 ὑδάτων
3252 2805 3731 2875 κατεσκευάσθησαν.

569 2897 856 2955 hortorum
873 2911 1212 2968 ‘structuras,
1238 2904 1731 2979 frugiferarumque
1756 2912 1936 2968 omnis
1969 2890 2102 2984 gene

2230 2894 2310 2956 είς
2342 2890 2536 2962 δαψιλῆ
2568 2891 2787 2964 ἀρδείαν
2820 2894 2931 2946 τῶν
2965 2893 3146 2964 φυτῶν
3172 2895 3635 2967 ἀπονενεμημέναι.
3660 2894 3732 2949 Πι-

568 2987 645 3041 ris
667 2988 923 3043 arborum
950 2991 1343 3059 possessiones,
1362 2995 1741 3065 studiosasque
1764 2981 2097 3055 excultiones

2231 2981 2556 3054 ριεὸαλόμην
2589 2982 2648 3036 δὲ
2670 2986 2766 3038 καὶ
2804 2985 3031 3039 οἰκετῶν
3065 2985 3269 3058 πλῆθος
3288 3027 3305 3051 ,
3342 2987 3641 3059 θεράποντας
3666 2985 3732 3037 καὶ

568 3078 621 3131 6.
654 3075 755 3132 Ubi
784 3079 945 3132 etiam
988 3081 1231 3149 iungentes
1264 3083 1414 3139 lacus
1451 3085 1517 3138 ad
1558 3100 1819 3154 aquarum
1851 3088 2095 3157 exceptio

2228 3074 2592 3147 θεραπαίναςο
2621 3076 2812 3141 ἄλλους
2847 3079 2943 3149 μὲν
2976 3076 3172 3143 ἔξωθεν
3221 3081 3570 3152 κτησάμενος,
3593 3079 3730 3140 ἄλλους

566 3185 664 3225 ncs
694 3170 930 3226 confecti
965 3182 1113 3235 sunt,
1138 3176 1204 3228 ad
1242 3175 1459 3231 uberem
1486 3188 1538 3232 et
1562 3179 1839 3248 copiosam
1868 3180 2099 3235 arboruu

2311 3169 2404 3222 καὶ
2445 3170 2574 3241 παρ’
2598 3169 2822 3240 ἐμαυτῷ
2853 3171 3178 3240 γενομένους
3212 3171 3327 3243 (91)
3349 3173 3729 3243 καρπωσάμενος.

565 3262 884 3331 rigationem
914 3263 1209 3319 distributi.
1248 3265 1299 3321 7.
1333 3265 1452 3322 Jam
1483 3284 1610 3325 vero
1638 3270 1965 3328 famulorum
1991 3289 2098 3344 quo

2311 3274 2391 3311 ων
2412 3257 2468 3311 δὲ
2501 3258 2843 3329 τετραπόδων
2883 3259 3095 3327 ἀγέλαι,
3127 3259 3325 3314 πολλαὶ
3353 3262 3447 3332 μὲν
3484 3261 3729 3332 βουκολίαι,

563 3369 671 3424 que
716 3355 931 3423 agmine
972 3366 1154 3426 septus
1204 3357 1281 3413 fui
1307 3400 1321 3424 ,
1358 3368 1473 3415 tum
1511 3363 1683 3419 servis
1730 3372 1844 3419 tum
1884 3366 2094 3423 ancillis

2311 3346 2418 3401 λλαὶ
2455 3349 2513 3402 δὲ
2552 3349 2818 3422 ποιμνίων
2867 3351 2972 3404 ὑπὸ
3016 3351 3119 3423 τὴν
3166 3352 3312 3425 ἐμὴν
3354 3350 3510 3425 ἦλθον
3546 3353 3732 3418 ἐξουσίαν

562 3461 769 3516 eosque
803 3448 999 3517 partim
1026 3460 1247 3505 externe
1270 3454 1603 3522 comparavi,
1641 3457 1836 3524 partim
1869 3460 2010 3528 apud
2041 3477 2091 3514 m

2226 3440 2357 3511 παρ’
2390 3439 2629 3495 ὁντινοῦν
2653 3440 2762 3495 τῶν
2783 3440 2969 3496 πάλαι.
3001 3442 3279 3515 Θησαυροί
3304 3462 3364 3497 τε
3389 3444 3575 3517 χρυσοῦ
3593 3461 3645 3497 τε
3665 3442 3730 3495 καὶ

563 3549 723 3594 natos
750 3541 986 3609 possedi.
1021 3541 1329 3609 Quinetiam
1356 3548 1538 3615 plures
1567 3548 1980 3617 quadrupedum
2008 3554 2096 3607 ani

2224 3531 2466 3603 ἀργύρου
2514 3533 2883 3606 προσέρρεον,
2930 3534 3263 3607 δορυφόρους
3302 3536 3415 3608 (92)
3461 3536 3516 3590 τέ
3561 3554 3635 3607 μοι
3666 3534 3730 3588 καὶ

560 3631 827 3685 mantium
886 3647 1115 3702 greges,
1151 3642 1266 3689 tum
1311 3635 1477 3691 boum
1527 3647 1639 3693 tum
1703 3642 2002 3710 pecudum,
2070 3644 2093 3698 i;

2222 3624 2632 3697 δασμοφόρους,
2673 3628 2799 3690 τοὺς
2842 3627 3094 3681 ἁπάντων
3131 3626 3373 3697 βασιλεῖς
3422 3628 3726 3699 πεποιημένῃ.

561 3738 762 3791 meam,
804 3738 967 3793 quam
998 3725 1051 3778 in
1088 3726 1409 3797 cujusquam
1440 3743 1630 3784 eorum
1667 3732 1761 3801 qui
1789 3733 1918 3787 olim
1954 3737 2090 3790 exsti

2221 3715 2386 3784 Χοροί
2436 3733 2495 3770 τε
2538 3717 2957 3789 συνεκροτοῦντο
3007 3718 3398 3790 παμπληθεῖς,
3442 3722 3654 3794 ἀρρένων
3689 3718 3729 3771 δέ

560 3824 775 3881 terunt,
821 3824 1140 3886 potestatem
1168 3830 1451 3877 venerunt.
1501 3822 1554 3877 8.
1584 3822 1687 3878 Sed
1713 3835 1766 3880 et
1798 3828 1916 3881 auri
1948 3837 2002 3882 et
2031 3844 2093 3883 ar

2221 3824 2281 3860 τε
2307 3807 2416 3879 (95)
2441 3808 2575 3880 ὁμοῦ
2603 3810 2696 3864 καὶ
2720 3810 2944 3882 θηλειῶν
2959 3812 3040 3875 είς
3059 3810 3165 3883 τὴν·
3181 3813 3323 3884 ἐμὴν
3347 3813 3548 3885 τέρψιν,
3566 3827 3722 3883 παναρ-

558 3909 702 3978 genti
756 3911 997 3965 thesauri
1032 3912 1166 3967 milii
1224 3914 1548 3980 afﬂuebant,
1598 3926 1784 3989 utpote
1829 3922 1923 3991 qui
1969 3938 2091 3995 rege

2222 3898 2399 3969 μόνιον
2448 3900 2813 3956 ἐκπονούντων
2872 3901 3034 3973 ᾠδήν.
3129 3903 3417 3974 Συμπόσιά
3452 3921 3511 3974 γε
3552 3903 3639 3975 μὴν

557 4014 749 4054 omnes
779 4014 847 4054 eo
874 4000 1243 4069 adduxissem,
1271 4012 1330 4058 ut
1356 4005 1487 4058 mihi
1514 4016 1568 4061 et
1593 4023 1817 4064 munera
1839 4012 2090 4069 aﬂ‘errenl

2218 3991 2485 4062 οἰνοχόους
2525 3993 2607 4056 είς
2648 3991 2807 4046 τοῦτο
2859 3992 3107 4059 ἀπέταξα
3133 3995 3234 4068 τῆς
3277 3996 3488 4067 τρυφῆς
3519 3995 3657 4066 μέρος
3687 3991 3727 4054 ἐξ

556 4100 610 4142 et
644 4090 847 4144 tributa
887 4091 1277 4160 persolverent.
1315 4091 1582 4151 Praeterea
1622 4098 1773 4153 chori
1815 4102 2089 4172 complure

2218 4082 2476 4154 ἐκατέρου
2526 4084 2716 4152 γένους
2763 4084 3063 4157 ἀνθρώπων
3110 4085 3546 4159 ἐξειλεγμένους,
3570 4085 3657 4140 οὐδ’
3682 4085 3726 4137 ἂν

555 4180 621 4235 ad
646 4197 820 4236 meam
850 4183 1265 4239 oblectationem
1293 4185 1654 4255 agitabantur,
1686 4190 1925 4246 virorum
1956 4195 2088 4249 simu

2217 4175 2538 4244 καταλέγειν
2563 4174 2761 4247 ἔχοιμι,
2787 4176 3038 4232 τοσοῦτον
3065 4178 3403 4250 ὑπερέϐαλον
3428 4178 3618 4241 τούτοις
3637 4175 3726 4236 τοὺς

553 4284 609 4327 et
641 4271 991 4338 feminarum,
1030 4275 1513 4331 concinnissimum
1541 4290 1760 4335 cantum
1790 4291 1844 4337 et
1873 4285 2086 4341 modttla

2217 4267 2322 4338 πρὸ
2365 4266 2499 4338 ἐμοῦ
2555 4266 2978 4338 βασιλεύσαντας
3044 4271 3415 4344 Ἰερουσαλήμ.
3454 4266 3575 4325 Εἶτα
3615 4265 3727 4322 συνί⁸

554 4366 826 4421 tissimum
869 4366 1235 4421 efﬁcientium.
1276 4366 1536 4422 Convivia
1563 4384 1725 4439 porro
1750 4381 1803 4427 et
1831 4374 2084 4442 pincerna

2215 4358 2386 4425 ϐαινε,
2417 4359 2486 4413 τὰ
2514 4361 2613 4431 μὲν
2636 4362 2734 4434 τῆς
2759 4363 2948 4433 σοφίας
2973 4381 3062 4434 μοι
3093 4364 3463 4428 ἐλαττοῦσθαι,
3495 4362 3725 4434 πληθύνιιν

552 4455 709 4529 (nam
736 4473 799 4513 ea
830 4458 884 4511 in
928 4458 1065 4513 lianc
1106 4459 1397 4529 voluptatis
1440 4471 1646 4531 partem
1687 4466 2005 4539 rettuleram)
2044 4484 2085 4523 e:

2212 4450 2269 4504 δὲ
2290 4450 2358 4504 τὰ
2379 4452 2479 4522 τῆς
2506 4452 2608 4505 ούκ
2637 4454 2847 4526 ἀγαθῆς
2884 4455 3198 4526 ἐπιθυμίας.
3242 4457 3414 4510 Παντὶ
3441 4456 3543 4527 γὰρ
3573 4450 3724 4522 690d-

554 4559 786 4620 utroque
829 4550 1110 4605 hominum
1158 4567 1287 4606 sexu
1328 4551 1600 4616 delectos,
1649 4567 1703 4611 et
1734 4559 1999 4626 eximios,
2042 4577 2087 4615 Ill

2216 4539 2329 4611 μῶν
2351 4560 2411 4595 τε
2446 4542 2801 4613 δελεάσματι,
2843 4551 2937 4599 καὶ
2983 4546 3209 4618 καρδίας
3269 4548 3521 4620 ἀκράτοις
3573 4542 3722 4615 ὁρμαῖς

550 4652 779 4693 numero
838 4639 1058 4708 quidem
1102 4641 1383 4719 complecti
1422 4643 1659 4712 possim;
1705 4646 1759 4701 9.
1785 4648 1935 4704 Adeo
1981 4650 2067 4705 liis

2208 4633 2383 4702 ἐφιεὶς
2412 4637 2747 4706 πανταχόθεν
2791 4639 3292 4709 προσπιπτούσαις,
3333 4638 3530 4710 ἡδονῶν
3560 4633 3722 4690 ἐλπίσιν

549 4742 741 4783 omnes
780 4730 873 4799 qui
909 4742 1034 4785 ante
1073 4747 1157 4787 me
1184 4731 1572 4806 Hierosolymis
1614 4750 1925 4810 regnarunt,
1957 4753 2082 4797 ante

2207 4722 2438 4793 ἐμαυτὸν
2496 4725 2838 4790 ἐκδεδωκώς·
2890 4730 2984 4782 καὶ
3047 4730 3248 4794 πάσαις
3295 4731 3523 4802 τρυφαῖς
3571 4722 3720 4780 δειλαί·

548 4818 728 4873 cellui.
758 4818 897 4876 Hinc
928 4832 1110 4878 autem
1153 4827 1530 4896 contingebat,
1563 4840 1622 4885 ut
1650 4832 1782 4886 mihi
1817 4842 1871 4888 et
1898 4834 2079 4903 sapien

2206 4833 2294 4880 αις
2337 4815 2499 4889 (94),
2569 4818 2669 4891 τὴν
2734 4820 2971 4891 ἐμαυτοῦ
3039 4823 3374 4893 ἐγκατέδησα
3436 4820 3715 4895 προαίρεσιν.

548 4910 621 4963 tia
672 4910 1119 4978 imminueretur,
1162 4924 1217 4969 et
1262 4917 1457 4973 vitiosa
1495 4921 1765 4990 cupiditas
1819 4935 2081 4980 cresceret

2207 4908 2361 4963 Οὕτω
2413 4909 2522 4981 γάρ
2577 4928 2679 4981 μου
2738 4912 2795 4965 αι
2866 4912 3191 4983 ἐνθυμήσεις
3218 4954 3234 4979 ,
3300 4916 3382 4978 εἰς
3435 4907 3718 4981 δυσπραγίαν

550 5000 635 5056 10.
651 4999 785 5059 Nam
809 5018 933 5057 cum
964 5007 1219 5063 omnibus
1236 5009 1517 5065 oculorum
1550 5012 1834 5079 illecebris,
1858 5026 1911 5070 et
1935 5015 2083 5087 impo

2204 4997 2541 5069 ἠνέχθησαν,
2574 4999 2650 5064 ὡς
2694 4998 2867 5060 ταῦτα
2916 5002 3017 5072 μὲν
3058 4997 3198 5056 εἶναι
3230 5084 3233 5087 Ι
3262 5002 3436 5067 καλὰ,
3484 5000 3633 5055 ταῦτα
3672 4992 3715 5048 δὲ

545 5093 785 5148 tentibus
825 5094 1305 5170 petulantibusque
1326 5103 1507 5159 cordis
1538 5104 1821 5161 desideriis
1869 5086 2078 5179 undiqul

2209 5106 2296 5159 μοι
2350 5097 2645 5163 προσήκειν
2699 5093 3123 5163 διαπράττεσθαι
3169 5086 3426 5167 νομίζειν.
3467 5092 3584 5149 Εἶτα
3616 5086 3714 5179 ποτὶ

546 5188 977 5254 incursantibus,
1004 5198 1146 5246 totas
1178 5192 1419 5251 habenas
1445 5197 1837 5267 permisissem,
1863 5216 1927 5255 ac.
1953 5202 2075 5257 volu

2204 5179 2477 5253 ἀνανήψας
2522 5181 2634 5252 ἐγὼ
2683 5184 2775 5239 καὶ⁵
2821 5184 3126 5256 ἀναϐλέψας
3147 5226 3165 5253 ,
3228 5186 3467 5241 κατεῖδον
3508 5185 3630 5255 ᾇπερ
3668 5178 3712 5232 δν

614 5384 727 5453 (91)
765 5386 1156 5457 Γενομένους.
1217 5389 1349 5445 Cod.
1400 5391 1625 5459 Medic.,
1674 5393 1944 5463 γενέσθαι.
1998 5396 2103 5453 Dn-

2202 5392 2530 5477 suﬂ’ragatur
2555 5402 2708 5457 alteri
2736 5404 2956 5458 lectioni
2984 5403 3264 5477 Scriptura
3294 5403 3357 5458 lll
3385 5404 3601 5477 Regis.
3622 5397 3710 5477 Si:

540 5458 725 5548 Clusa"
1193 5529 1224 5548 ι,
1685 5458 1697 5463 ’
2206 5469 2271 5523 Et
2303 5458 2476 5524 οηῦιεε
2512 5487 2653 5542 reges
2690 5483 2842 5548 terra:
2879 5458 3201 5545 quitrebatnﬁti
3220 5478 3406 5548 {aciem
3434 5458 3706 5534 έῖιιοηιοπίε,

616 5527 729 5616 (ll?)
768 5531 1162 5616 Δορυφᾴρεμς.
1193 5529 1495 5616 Scripserat
1526 5536 2100 5616 in_n2arginelibri5tti
2199 5527 2689 5616 etlegebqntdona.
2725 5527 2830 5616 In.“
2889 5527 2925 5545 ’ν
3220 5527 3399 5548 ’ψη
3444 5527 3461 5529 ν
3536 5612 3569 5616 __
3604 5610 3616 5616 _
3673 5606 3685 5616 ,

616 5550 729 5597 tua)
768 5550 1162 5599 Δορυφορους.
1194 5550 1308 5587 DCI‘I
1352 5550 1495 5589 serat
1526 5551 1577 5588 In
1604 5551 1845 5606 margine
1868 5550 1990 5591 lIDrl
2014 5554 2074 5592 Stl

546 5594 771 5653 Basilea:
799 5601 983 5687 excusi
1032 5600 1256 5687 Dillius;
1306 5550 1447 5669 δυίά
1491 5607 1538 5658 si
1576 5606 1958 5687 δωροφόρουςῖ
2004 5624 2079 5663 set

2199 5550 2251 5595 et
2272 5550 2507 5609 [arebant
2530 5550 2689 5595 dona.
2726 5550 2799 5597 In.
3084 5616 3097 5628 ο
3673 5606 3685 5616 ,

2212 5680 2224 5687 _
2251 5610 2386 5687 _(_9.5)
2434 5611 2714 5687 Ἆρῤεᾷνω]ρ
2738 5614 2806 5687 δέ
2831 5631 2916 5670 τε.
2959 5614 3152 5671 Medic.
3184 5618 3302 5673 cod.
3340 5615 3507 5671 deleto
3530 5612 3580 5666 δὲ
3604 5610 3705 5680 legit

543 5675 849 5751 transversa
876 5671 1015 5754 linea
1042 5674 1411 5754 conjecturam
1440 5691 1592 5731 suam
1613 5671 1913 5754 jugtila'rat,‘
1936 5694 2076 5754 quan

1440 5691 1592 5731 suam
1613 5671 1913 5754 jugtila'rat,
1936 5694 2098 5754 quam
2200 5671 2445 5754 ἀρρένων
2469 5671 2536 5734 τέ
2556 5682 2712 5753 ὁμοῦ.
2742 5684 2818 5738 Ιι).
2953 5701 2969 5714 ·

546 5694 849 5737 vallavere.
876 5694 1015 5726 unca
1042 5694 1288 5741 cmucmu
1300 5694 1411 5729 ram
1440 5694 1592 5731 suam
1613 5694 1905 5746 jugltlaral,
1936 5694 2079 5802 (gat!

546 5745 726 5824 talmen
759 5740 813 5824 in
854 5756 953 5796 sua
991 5744 1431 5824 interpretatione
1470 5757 1686 5824 secutus
1712 5748 1918 5824 eSL__$i
2010 5767 2079 5824 ρυ

2200 5694 2270 5754 αρ
2313 5694 2445 5733 ενων
2469 5698 2529 5734 τε
2556 5694 2712 5753 ομου.
2742 5694 2818 5738 Il).
2953 5701 2970 5714 ο

2200 5818 2231 5824 _
2271 5694 2382 5824 ὧι)
2423 5753 2734 5821 Δειλαίαις.
2783 5754 2967 5811 Savilii
2998 5758 3166 5812 codex
3206 5756 3451 5824 Anglicus
3493 5752 3697 5817 δείλαιος.

548 5805 739 5887 φόρους
767 5809 932 5883 legas,
962 5805 1213 5873 satellites
1243 5816 1321 5898 νει
1347 5817 1671 5889 apparitores
1710 5805 2081 5893 intelliges.'A‘

1992 5805 2098 5877 .Ἀι
2200 5805 2380 5878 mna
2396 5805 2527 5897 post
2545 5805 3173 5900 ...‘;'a.ae;,"g;.gaa;2
3194 5805 3525 5899 ἑῖἕεῖᾱῦζίιὶ.
