3834 6752
609 240 715 296 995
1729 238 1789 294 S.
1829 235 2157 305 GREGOBII
2194 235 2706 294 THAUMATURGI
3645 252 3727 307 996

609 363 708 429 ris,
739 371 956 433 pectore
987 362 1061 417 illi
1092 361 1163 416 ob
1191 360 1424 417 absurda
1457 359 1672 431 negotia
1703 359 2089 431 ingemiscente
2122 367 2178 413 et
2219 357 2533 428 palpitante.
2571 355 2663 411 21.
2712 353 2900 426 Neque
2943 354 3086 411 enim
3127 371 3385 415 summum
3420 372 3469 418 et
3494 364 3722 432 perfectum

607 460 812 519 bonum
881 458 935 512 in
997 458 1290 513 esculentis
1332 465 1388 512 et
1428 455 1731 527 poculentis
1775 452 2056 518 consistit;
2098 450 2203 506 etsi
2248 449 2451 519 alioqui
2481 448 2721 503 maxime
2757 447 2852 503 Dei
2911 447 3167 503 beneﬁcio
3204 449 3439 506 alimenta
3488 460 3733 518 mortalibus

612 555 956 624 contingunt.
1013 550 1159 606 Nihil
1202 552 1347 606 enim
1378 565 1565 605 eorum
1596 566 1717 621 qua:
1767 548 1927 603 nobis
1974 547 2043 601 ad
2098 545 2327 600 salutem
2371 546 2496 598 data
2552 552 2715 611 sunt,
2760 542 2896 598 citra
2958 542 3128 612 ipsius
3168 544 3529 613 providentiam
3562 555 3733 612 ειείειὶι.

607 643 697 698 22.
755 643 952 699 Verum
978 641 1180 713 probus
1214 639 1433 711 quidem
1467 640 1576 705 vir,
1628 638 2057 708 sapientiamque
2091 633 2184 688 Dei
2224 632 2370 688 dono
2399 641 2749 696 consecutus,
2780 632 2984 688 caelesti
3028 634 3296 704 voluptate
3331 634 3540 704 fruitur;
3571 641 3644 697 23.
3671 645 3737 700 Im.

610 734 815 806 probus
860 742 1043 792 autem
1077 735 1236 788 malis
1263 731 1522 787 divinitus
1559 729 1824 786 immissis
1869 726 2178 782 stimulatus
2201 721 2547 793 avaritiaeque
2578 721 2770 778 morbo
2820 732 3124 793 correptus,
3180 725 3344 780 multa
3392 741 3637 797 congerere
3657 748 3737 789 stu-

608 834 729 895 det;
781 829 871 883 24.
912 830 1088 899 Atque
1119 845 1242 883 cum
1271 842 1429 898 quem
1465 827 1608 883 Deus
1634 827 1841 881 honore
1894 822 2102 885 aﬂ‘ecit,
2138 821 2193 876 in
2236 819 2478 873 omnium
2514 817 2726 873 Domini
2763 830 3055 889 conspectu
3101 819 3314 890 probris
3363 821 3599 881 incessere
3633 829 3737 886 leui-

605 931 724 988 nat,
752 923 893 978 dona
919 922 1131 977 inutilia
1157 923 1463 992 porrigens,
1491 919 1752 976 insidiosa
1775 916 1938 974 simul
1962 924 2018 971 et
2035 928 2173 969 vana
2199 912 2394 966 animae
2419 925 2531 965 suae
2560 909 2774 965 miserae
2804 910 2984 966 studia
3009 909 3234 967 faciens.

1188 1011 1419 1068 CAPUT
1491 1011 1580 1066 111.
2202 1009 2251 1064 Α

2202 1009 2251 1064 Α
2862 1002 3110 1054 ΚΕΦΑΛ.
3172 1002 3245 1057 Γ.

673 1106 725 1160 1.
766 1104 1057 1160 Enimvero
1087 1104 1189 1159 hoc
1213 1112 1423 1174 tempus
1445 1145 1460 1168 ,
1493 1103 1656 1159 rebus
1680 1103 1823 1157 inter
1851 1116 1910 1157 se
1938 1098 2175 1155 maxime

2348 1092 2552 1165 Χρόνος
2601 1091 2659 1146 δὲ
2702 1087 2855 1156 οὗτος
2905 1092 3121 1147 πάντων
3165 1094 3325 1164 γέμει
3362 1093 3463 1148 τῶν
3500 1098 3737 1176 humu-ct.

602 1196 890 1251 contrariis
922 1196 1138 1265 plenum
1166 1202 1286 1263 est;
1335 1194 1390 1249 2.
1417 1193 1612 1249 Partus
1655 1203 1710 1248 et
1749 1192 1974 1258 mortis,
2020 1198 2116 1244 ortl

2271 1202 2380 1237 των
2402 1184 2533 1255 (97),
2558 1184 2819 1249 τοκετῶν,
2839 1178 2958 1237 εἶτα
2979 1184 3240 1249 θανάτων,
3272 1184 3579 1259 βλαστήσεως
3599 1195 3738 1261 φυτῶν,

603 1288 852 1357 stirpium
898 1296 952 1341 et
1011 1268 1313 1342 aversionis
1365 1294 1527 1355 atque
1571 1284 1823 1339 interitus
1854 1323 1869 1348 ,
1918 1283 1973 1338 5.
2000 1282 2117 1336 Cur:

2272 1270 2392 1329 εἷτα
2440 1276 2780 1347 ἀνατροπῆς·
2826 1276 3018 1331 ἰάσεων
3052 1277 3145 1330 καὶ
3187 1277 3530 1348 ἀναιρέσεων,
3558 1283 3681 1338 οἴκων
3700 1306 3734 1341 τε

604 1380 814 1433 tionum
841 1386 894 1432 et
925 1377 1148 1432 caedium
1170 1415 1185 1441 ,
1224 1375 1611 1432 exstructionis
1654 1374 1849 1429 aedium
1883 1380 1937 1429 et
1961 1372 2118 1427 destrl

2269 1366 2613 1439 εὑορθώσεως
2652 1368 2746 1422 καὶ
2782 1367 3160 1433 καταλύσεως,
3212 1368 3489 1441 κλαυθμῶν
3530 1374 3607 1427 καὶ
3628 1380 3735 1443 γελέι.

603 1470 818 1535 ctionis,
871 1468 925 1522 4.
951 1468 1198 1523 Gemitus
1246 1478 1298 1523 et
1318 1469 1491 1533 risus,
1543 1469 1792 1538 planctus
1831 1475 1885 1521 et
1923 1465 2117 1521 saltatii

2267 1475 2395 1521 των,
2428 1457 2671 1512 κοπετῶν
2701 1459 2795 1513 καὶ
2838 1460 3185 1531 ὀρχημάτων.
3221 1460 3334 1514 Νῦν
3365 1462 3457 1532 μὲν
3489 1464 3666 1534 συνάγει
3687 1486 3735 1533 τις

603 1578 756 1616 num.
817 1561 870 1616 5.
911 1558 1064 1615 Nunc
1091 1571 1247 1614 terrae
1276 1560 1483 1616 fructus
1517 1561 1713 1630 aliquis
1753 1561 1990 1631 colligit,
2024 1577 2117 1616 nul

2266 1549 2336 1603 τὰ
2383 1550 2489 1603 ἀπὸ
2533 1550 2669 1621 γῆς,
2697 1551 2792 1605 νῦν
2832 1551 2888 1605 δὲ
2928 1550 3183 1617 ὲξέὸαλε’
3230 1553 3324 1607 καὶ
3354 1553 3475 1606 ποτὲ
3507 1556 3590 1624 μὲν
3611 1559 3736 1628 ἔπειμι

602 1667 796 1707 rursus
821 1652 994 1723 ejicit;
1028 1666 1173 1705 nunc
1201 1652 1482 1706 mulierem
1515 1652 1740 1721 deperit,
1779 1661 1939 1722 atque
1974 1652 2116 1706 insat‘

2272 1659 2407 1713 μηνε
2425 1642 2671 1712 γυναικὶ,
2692 1643 2823 1696 ποτὲ
2847 1643 2904 1697 δὲ
2935 1644 3103 1715 αὑτὴν
3125 1645 3439 1715 ἀποστυχεῖ.
3471 1646 3567 1699 Καὶ
3587 1647 3659 1701 νῦν
3677 1652 3737 1720 μὲν

601 1758 788 1798 amore
828 1743 1237 1812 complectitur;
1297 1757 1443 1797 nunc
1489 1742 1730 1811 impense
1776 1757 1895 1796 eam
1951 1742 2067 1797 odit
2114 1778 2115 1783 η

2264 1734 2493 1807 ὲζήτησέ
2522 1753 2608 1799 τις
2636 1735 2835 1801 ὁτιοῦν,
2887 1736 2980 1791 νῦν
3029 1737 3086 1791 δὲ
3136 1737 3408 1792 ἀπώλεσε*
3457 1739 3541 1792 καὶ
3574 1740 3647 1793 νῦν
3677 1743 3735 1813 μὲν

598 1842 909 1897 aversatur;
961 1831 1015 1886 6.
1067 1831 1222 1887 Nunc
1264 1832 1467 1902 aliquid
1509 1833 1721 1903 quaerit,
1762 1849 1907 1889 nunc
1932 1835 2112 1890 amitth

2264 1826 2495 1897 ἐφύλαξε
2511 1867 2526 1893 ,
2544 1828 2639 1882 νῦν
2657 1827 2714 1882 δὲ
2733 1830 3009 1900 προήκατο
3030 1847 3044 1861 ⁸
3063 1828 3255 1883 ἄλλοτε
3281 1830 3596 1893 ἀπέκτεινεν,
3614 1832 3735 1887 ἀλλα-ιε

599 1939 748 1978 nunc
771 1924 1054 1994 diligenter
1084 1932 1346 1991 asservat,
1366 1940 1509 1981 nunc
1536 1925 1778 1995 proiicit;
1820 1927 1872 1980 7.
1898 1924 2053 1983 Nune
2080 1927 2113 1981 ἰι

2264 1919 2526 1991 ὲφονεύθη
2548 1936 2563 1951 ·
2594 1919 2874 1992 ἐλάλησεν,
2897 1916 3014 1975 εἶτα
3043 1920 3318 1992 ἡσύχασεν
3339 1938 3354 1952 -
3380 1921 3644 1994 ἠγάπησεν,
3660 1921 3735 1979 εἶτα

598 2015 814 2083 terlicit,
850 2031 993 2070 nunc
1020 2016 1406 2082 obtruncatur;
1443 2032 1588 2071 nunc
1610 2017 1883 2088 loquitur,
1919 2035 2063 2074 nunc
2090 2036 2112 2075 ε

2262 2009 2514 2083 ἐμίσησε.
2543 2010 2625 2065 Τά
2664 2011 2774 2083 γὰρ
2800 2015 2858 2065 ὲν
2892 2011 3198 2084 ἀνθρώποις
3227 2013 3516 2085 πράγματα
3544 2017 3646 2068 ποτὲ
3671 2017 3733 2087 μὲν

597 2106 766 2161 lentio
805 2107 1134 2174 acquiescit;
1182 2107 1236 2164 8.
1268 2105 1423 2163 Nunc
1467 2116 1641 2172 amat,
1691 2124 1837 2164 nunc
1867 2110 1992 2164 odio
2022 2109 2111 2164 ins:

2263 2101 2608 2174 πολεμεῖται,
2650 2104 2835 2159 ἄλλοτε
2860 2104 2922 2158 δὲ
2958 2103 3331 2176 είρηνεύεται,
3385 2105 3736 2178 όξυρρόπιικτῶν

597 2207 794 2252 ctatur.
854 2197 964 2253 Res
992 2199 1136 2253 enim
1169 2199 1439 2265 humanae,
1487 2214 1633 2254 nunc
1657 2198 1797 2254 bello
1818 2200 2109 2256 aﬂlictantu

2265 2195 2601 2266 πραγμάτων
2634 2194 2692 2260 ἐξ
2733 2194 2950 2265 ἀγαθῶν
2992 2189 3129 2249 εἶναι
3176 2195 3471 2250 δοκούντων
3506 2199 3575 2260 είς
3608 2198 3736 2268 ὁμολο-

596 2294 745 2345 hunc
770 2292 1073 2361 tranquillae
1096 2299 1150 2347 et
1181 2301 1385 2362 pacatae
1410 2299 1568 2357 sunt;
1594 2299 1851 2362 tantaque
1870 2301 1954 2348 est
1972 2308 2110 2347 earn:

2261 2285 2499 2356 γούμενα
2525 2286 2670 2340 κακά
2697 2287 3158 2358 μεταπιπτόντων.
3186 2288 3522 2361 Παυσώμεθα
3544 2291 3681 2346 τοίνυν
3700 2294 3736 2356 ἐξ

598 2379 997 2449 inconstantia,
1040 2392 1099 2436 ut
1124 2397 1243 2451 qua:
1274 2381 1437 2437 modo
1467 2385 1720 2438 secunda:
1745 2398 1865 2439 esse
1892 2383 2106 2438 videntu

2222 2377 2234 2427 ι
2260 2378 2528 2448 ἀνονήτων
2563 2378 2793 2450 μόχθων.
2823 2376 3005 2431 Ταῦτα
3035 2379 3143 2452 γάρ
3174 2380 3413 2444 ἅπαντα,
3446 2380 3515 2445 ὥς
3539 2383 3594 2450 γέ
3613 2384 3736 2452 μοιδε-

596 2470 756 2525 celeri
802 2482 1076 2528 momento
1115 2473 1169 2527 in
1200 2475 1503 2529 certissima
1544 2474 1687 2528 mala
1720 2475 2063 2529 delabantur.
2104 2479 2110 2526 ε

2260 2471 2380 2531 κεῖ,
2408 2468 2650 2541 κέντροις
2693 2468 2920 2532 ίοὸόλοις
2966 2468 3287 2542 ἀνθρώπους
3317 2470 3587 2544 ὲξοιστρεῖν
3617 2472 3733 2542 ἐτέθη.

597 2559 674 2614 Ac
709 2561 930 2630 proinde
959 2562 1116 2618 vanis
1138 2563 1418 2619 laboribus
1443 2565 1681 2620 exerceri
1704 2565 2033 2620 desinamus.
2073 2566 2111 2619 ll

2259 2561 2634 2633 Καιροσκόπος
2662 2560 2723 2633 δή
2756 2578 2842 2625 τις
2874 2564 3107 2636 πονηρὸς
3133 2563 3228 2617 τὸν
3259 2563 3431 2619 αἰῶνα
3451 2563 3612 2617 τοῦτον
3636 2582 3736 2636 ’θερι-

593 2647 720 2707 Ilaec
747 2653 890 2707 enim
923 2656 1138 2721 omnia,
1174 2664 1234 2711 ut
1261 2656 1392 2710 mihi
1422 2656 1638 2726 quidem
1663 2658 1909 2723 videtur,
1962 2657 2029 2712 ad
2063 2657 2107 2711 1ι‹

2259 2653 2515 2724 κέχηνεν,
2559 2653 2816 2722 ἀφανίσαι
2868 2654 3407 2726 ὑπερδιατεινόμενος
3445 2655 3502 2708 τὸ
3542 2655 3619 2710 τού
3651 2656 3735 2710 Θεσῖ

593 2744 768 2799 mines
815 2746 1097 2803 virulentis
1144 2747 1347 2803 aculeis
1389 2747 1743 2804 concitandos
1785 2749 1961 2818 posita
2009 2764 2107 2804 sun

2258 2745 2497 2816 πλάσμα,
2529 2744 2587 2813 ἐξ
2615 2746 2789 2817 ἀρχῆς
2820 2745 2968 2817 αύτῷ
2999 2747 3162 2818 μέχρι
3188 2747 3380 2812 τέλους
3406 2748 3628 2820 πολεμεῖν
3656 2751 3736 2819 ᾑρη-

593 2836 681 2889 11.
728 2836 903 2907 Atque
969 2853 1254 2908 perversus
1291 2840 1508 2909 quidem
1563 2842 1873 2910 explorator
1913 2845 2107 2899 occasit

2268 2836 2440 2906 μένος.
2463 2836 2768 2907 Πέπεισμαι
2791 2837 2971 2889 τοίνυν
2990 2835 3058 2889 τά
3090 2836 3328 2908 μέγιστα
3352 2838 3523 2907 ἀγαθά
3545 2836 3736 2909 ἀνθρώπῳ

592 2928 787 2998 nisque
818 2938 1061 2999 captator
1098 2930 1225 2986 huic
1262 2932 1458 2987 saeculo
1494 2932 1684 2999 inhiat,
1721 2933 1814 2988 Dei
1842 2934 2106 3005 ﬁgmentul

2255 2927 2515 3000 εὐθυμίαν
2540 2929 2634 2982 καὶ
2663 2929 2906 2983 εὑποιῖαν
2935 2929 3225 3002 ὑπάρχειν,
3249 2932 3346 2985 καὶ
3376 2932 3471 3002 μέν
3493 2948 3567 2985 τοι
3589 2931 3733 2999 καὶτὴν

590 3020 769 3076 delere
817 3036 881 3075 ac
924 3023 1147 3091 perdere
1193 3027 1340 3078 omni
1375 3026 1718 3080 contentione
1764 3026 2049 3091 annitens,
2095 3044 2104 3081 l

2254 3022 2583 3093 πρόσκαιρον
2609 3022 2810 3091 ταύτην
2839 3021 3139 3076 ἀπόλαυσιν
3163 3024 3229 3076 ἐκ
3260 3022 3396 3077 Θεοῦ
3423 3022 3731 3094 παραγενέσθαι

590 3111 686 3181 qui
720 3126 750 3165 a
784 3112 1051 3182 principio
1078 3114 1147 3168 ad
1181 3123 1482 3170 extremum
1518 3131 1693 3186 usque
1720 3133 1843 3172 cum
1868 3133 1934 3173 eo
1965 3119 2104 3174 conti

2255 3112 2441 3183 μόνον,
2475 3116 2524 3167 εί
2553 3112 2862 3186 δικαιοσύνη
2894 3114 3001 3169 τῶν
3029 3114 3285 3187 πράξεων
3316 3116 3424 3187 (98)
3448 3119 3624 3187 ἡγοῖτο.
3658 3115 3729 3167 Τῶν

590 3218 717 3270 gere
750 3203 1062 3259 instituerit.
1124 3206 1211 3260 12.
1240 3204 1567 3262 Persuasum
1595 3207 1775 3278 itaque
1807 3210 2000 3273 habeo,
2032 3225 2099 3265 an

2248 3202 2305 3257 δὲ
2341 3205 2572 3259 αἰωνίων
2601 3207 2695 3260 καί
2721 3205 3013 3277 ἀφθάρτων
3042 3207 3390 3278 πραγμάτων
3414 3244 3432 3272 ,
3470 3208 3559 3261 ὅσα
3599 3209 3622 3259 ὁ
3650 3204 3731 3265 Θεὲις

589 3295 662 3348 Illi
691 3294 1049 3364 hilaritatem,
1104 3297 1192 3352 15.
1238 3306 1293 3353 et
1317 3297 1744 3364 beneﬁcentiam,
1789 3300 2027 3354 maxima
2053 3301 2103 3355 b1

2248 3301 2458 3362 παγίως
2482 3294 2709 3366 ὥρισεν,
2744 3294 2868 3348 οὕτε
2894 3313 2946 3350 τι
2978 3297 3232 3366 ἀφελεῖν,
3261 3296 3391 3352 οὔτε
3420 3316 3473 3361 τι
3499 3296 3728 3369 προσθεῖναι

589 3388 722 3443 mini
758 3389 900 3443 bona
924 3404 1075 3457 esse;
1113 3389 1197 3445 14.
1235 3398 1395 3460 atque
1416 3391 1549 3446 adeo
1572 3391 1785 3447 brevem
1810 3392 1951 3449 hanc
1975 3394 2103 3449 solal

2246 3386 2483 3441 δυνατόν.
2521 3380 2589 3457 Ὦ
2628 3404 2731 3442 τινι
2776 3384 2868 3442 οὗν
2890 3428 2906 3453 ,
2938 3388 3053 3443 ἀλλ’
3082 3388 3263 3454 ἔστιν,
3300 3393 3481 3446 ἐκεῖνα
3520 3388 3731 3460 φοὸεράτι

588 3480 920 3551 voluptatem
967 3482 1228 3537 divinitus
1279 3482 1564 3547 obvenire,
1608 3483 1654 3539 si
1697 3486 1861 3540 rebus
1900 3487 2102 3556 gerenti

2245 3476 2379 3547 όμοῦ
2410 3478 2505 3532 καί⁵
2531 3478 2850 3550 θαυι.ιαστά⁸
2889 3482 2981 3535 xui
3026 3482 3095 3535 τά
3128 3482 3226 3552 μὲν
3257 3483 3546 3555 γενόμενα,
3570 3482 3728 3550 ἕστηκε·

580 3570 796 3639 iustitia
824 3581 1043 3643 praeeat.
1103 3574 1190 3628 15.
1224 3578 1289 3628 At
1318 3589 1445 3629 vero
1474 3586 1794 3632 aeternarum
1823 3593 2003 3632 rerum
2036 3587 2094 3633 st:

2242 3568 2311 3623 τά
2337 3570 2393 3623 δὲ
2422 3571 2674 3641 ἐσόμενα,
2700 3571 2801 3644 ήδη
2835 3573 2976 3627 κατὰ
3002 3572 3065 3627 τὸ
3097 3573 3478 3645 πρωγνῶσθαι
3502 3572 3728 3642 γεγένηται.

590 3661 667 3715 tui
697 3662 1172 3735 corruptionisque
1205 3665 1529 3734 expertium,
1561 3680 1699 3735 quas
1731 3665 1870 3722 Deus
1901 3668 2104 3723 lirmissi

2244 3661 2361 3734 Θεῷ
2386 3661 2441 3716 δὲ
2464 3661 2725 3736 κέχρηται
2750 3664 2781 3716 ό
2816 3663 3165 3734 ἀδικούμενος
3197 3664 3398 3751 βοηθῷ.
3425 3662 3563 3718 Εἶδον
3586 3666 3632 3716 ἐν
3658 3663 3729 3723 τοῖς

586 3767 673 3807 me
718 3754 1034 3819 constituit,
1085 3770 1187 3811 nec
1214 3756 1414 3826 aliquid
1449 3757 1764 3823 detrahere,
1813 3773 1912 3814 nec
1947 3759 2100 3814 addet

2244 3753 2394 3808 κάτω
2424 3755 2633 3825 μέρεσι,
2657 3752 2934 3819 κολάσεως
2955 3756 3050 3827 μὲν
3077 3756 3354 3829 βάραθρον
3379 3745 3504 3822 τοὺς
3529 3754 3731 3813 δυσσεὸεῖς

582 3844 870 3913 quisquam
896 3853 1091 3914 potest.
1133 3845 1222 3901 16.
1275 3844 1473 3901 Verum
1508 3846 1871 3903 formidolosae
1900 3848 2061 3904 simul
2090 3872 2096 3899 ι

2241 3846 2554 3917 δεχόμενον,
2615 3846 2861 3900 εὐσεϐέσι
2924 3846 2981 3901 δὲ
3031 3847 3206 3921 χῶρον
3251 3848 3443 3922 ἕτερον
3504 3846 3726 3918 ἀνειμένα.

582 3934 930 3991 admirabiles
962 3936 1068 3992 illae
1108 3944 1270 4005 sunt;
1318 3947 1481 4008 atque
1521 3952 1599 3993 ea:
1641 3939 1858 4009 quidem
1884 3955 2004 4011 quae
2026 3940 2096 4011 jat

2254 3939 2611 4011 Ἐλογισάμην
2653 3938 2713 3993 δὲ
2752 3938 2930 3995 πάντα
2975 3940 3135 4013 ὃμοια
3188 3941 3456 4014 ὑπάρχειν
3496 3941 3621 4013 παρὰ
3651 3936 3729 4006 θεῷ

584 4024 822 4094 fuerunt,
854 4028 1076 4084 stabiles
1119 4036 1367 4094 manent;
1413 4046 1533 4101 qua:
1564 4041 1743 4088 autem
1769 4032 1964 4089 futurae
1991 4050 2092 4090 sun

2238 4031 2547 4103 νομίζεσθαι
2578 4030 2672 4085 καὶ
2710 4031 3022 4104 κρίνεσθαι,
3050 4033 3243 4087 ταυτὸν
3273 4030 3414 4089 εἶναι
3444 4033 3648 4095 δικαίους
3667 4028 3726 4084 καὶ

576 4117 689 4185 jam
716 4117 1014 4173 secundum
1045 4118 1438 4188 praescientiam
1477 4121 1817 4176 exstiterunt.
1871 4121 2090 4178 Caeterul

2240 4123 2482 4189 ἀδίκους,
2523 4122 2715 4192 λογικά
2762 4124 2857 4178 καὶ
2900 4123 3090 4193 ἀλογα.
3132 4125 3338 4195 Χρόνον
3379 4143 3438 4180 τε
3467 4125 3565 4197 γὰρ
3588 4124 3725 4176 ἅπασιν

580 4208 628 4262 is
656 4206 749 4277 qui
780 4207 977 4273 injuste
1007 4208 1169 4264 laesus
1199 4218 1303 4273 est,
1330 4207 1442 4264 Deo
1468 4211 1789 4266 auxiliatore
1816 4213 2007 4269 utitur.
2047 4213 2094 4267 11

2237 4213 2438 4284 ὁμοίως
2484 4214 2988 4285 ὲπιμεμετρῆσθαι,
3037 4215 3130 4268 καὶ
3156 4215 3390 4271 θάνατον
3427 4212 3723 4287 ἐπηρτῆσθαι,

581 4297 751 4354 Porro
800 4298 855 4354 in
902 4298 1091 4355 inferis
1117 4300 1359 4370 partibus
1385 4301 1632 4372 supplicii
1660 4302 1977 4359 barathrum
2000 4305 2088 4359 vid

2236 4304 2428 4358 ταυτόν
2454 4321 2515 4359 τε
2546 4301 2680 4358 εἶναι
2713 4305 2862 4376 παρά
2888 4304 3008 4376 Θεῷ
3051 4306 3261 4377 κτηνῶν
3290 4325 3352 4362 τε
3379 4308 3472 4362 καὶ
3500 4303 3724 4377 ἀνθρώπω

580 4390 776 4460 impios
805 4390 1110 4461 excipiens;
1145 4391 1248 4461 piis
1276 4400 1484 4458 contra,
1518 4393 1701 4448 sedem
1724 4392 1946 4449 alteram
1988 4403 2094 4465 pati

2236 4397 2411 4467 φῦλα,
2441 4398 2715 4471 διαφέρειν
2742 4400 2801 4454 δὲ
2829 4400 3071 4472 ἀλλήλων
3089 4439 3105 4462 ,
3141 4400 3289 4472 μόνῳ
3316 4399 3394 4472 τῷ
3420 4398 3635 4471 ἐνάρθρῳ
3663 4393 3724 4462 τῆς

578 4479 796 4535 factam.
851 4480 938 4536 18.
966 4480 1099 4536 Illud
1136 4496 1353 4551 quoque
1380 4482 1643 4553 cogitavi,
1686 4484 1827 4553 apud
1859 4483 2028 4539 Deum
2062 4501 2092 4540 α

2237 4487 2419 4557 φωνῆς
2439 4503 2452 4517 ’
2500 4487 2815 4558 συμϐαίνειν
2843 4488 2898 4542 δὲ
2928 4488 3109 4552 αὑτοῖς
3142 4490 3362 4544 ᾶπαντα
3408 4488 3721 4561 παραπλήσιαι

576 4571 757 4640 qualia
786 4572 967 4627 omnia
993 4585 1133 4637 esse,
1155 4573 1451 4629 existimari
1475 4583 1529 4629 et
1550 4573 1812 4644 iudicari;
1847 4575 1984 4630 idem
2013 4590 2090 4632 ess

2232 4579 2327 4632 καὶ
2353 4579 2443 4632 τὸν
2474 4577 2699 4633 θάνατον
2735 4581 2963 4651 χωρεῖν,
2996 4580 3147 4634 οὐδὲν
3184 4580 3387 4653 μᾶλλον
3416 4583 3503 4634 ἐπὶ
3527 4580 3587 4632 τὰ
3614 4572 3722 4629 iam

571 4659 831 4728 justoset
854 4661 1123 4732 iniustos;
1153 4663 1293 4718 idem
1320 4665 1575 4720 animalia
1612 4668 1822 4721 ratione
1851 4667 2085 4722 utentia.

2230 4670 2339 4725 τῶν
2384 4670 2565 4736 ζώων,
2600 4672 2745 4744 ἥπερ
2791 4674 2886 4727 καὶ
2922 4673 3008 4726 ἐπ’
3038 4671 3361 4743 ἀνθρώπους
3403 4672 3525 4742 (99).
3563 4666 3723 4735 Πνεῦμα

573 4750 752 4806 bruta.
806 4752 893 4807 19.
919 4751 1156 4824 Tempus
1183 4755 1325 4809 enim
1350 4756 1603 4812 omnibus
1625 4772 1778 4827 aeque
1808 4758 2087 4833 admensul

2229 4763 2337 4835 γάρ
2368 4765 2533 4817 πᾶσιν
2561 4764 2744 4834 ὅμοιον
2773 4760 2910 4819 εἶναι
2929 4805 2944 4829 ,
2978 4766 3071 4819 καὶ
3101 4766 3261 4820 πλέον
3306 4767 3559 4839 ὑπάρχειν
3585 4765 3632 4816 ἑν
3659 4761 3721 4813 ἀν-

573 4854 716 4907 esse,
762 4852 816 4898 et
858 4854 1086 4899 mortem
1125 4843 1460 4913 impendere;
1498 4847 1745 4917 idemque
1784 4849 1925 4917 apud
1958 4847 2087 4904 Deut

2228 4854 2463 4928 θρώποις
2497 4855 2656 4928 μηδὲν
2675 4896 2690 4921 ,
2718 4855 2855 4909 ἀλλά
2879 4856 3056 4912 πάντα
3095 4858 3176 4911 ἐνὶ
3207 4857 3353 4929 λόγῳ
3380 4854 3513 4911 εἶναι
3538 4856 3718 4927 μάταιαι

570 4949 713 5001 esse,
746 4934 1025 4989 hominum
1055 4944 1109 4991 et
1129 4936 1500 5004 iumentorum
1543 4953 1742 5008 genus,
1774 4939 1890 4995 sola
1915 4948 2084 4994 tantur

2227 4946 2335 5000 ἀπὸ
2364 4948 2463 5018 τῆς
2500 4947 2672 5017 αὐτῆς
2714 4948 2817 5019 γῆς
2856 4947 3089 5002 λαϐόντα
3114 4949 3214 5020 τὴν
3259 4948 3543 5012 σύστασιν,
3569 4944 3644 5000 καὶ
3665 4941 3719 5001 εις

570 5026 854 5082 articulate
887 5027 1036 5082 vocis
1063 5027 1365 5097 prolatione
1390 5027 1530 5084 inter
1557 5044 1617 5085 se
1643 5029 1892 5100 ditl‘erre;
1919 5031 2084 5102 reliqu

2226 5040 2325 5113 τὴν
2349 5039 2514 5109 αὑτὴν
2532 5040 2634 5110 γῆν
2662 5038 2851 5103 ἕξοντα
2870 5038 2967 5110 τὴν
2987 5039 3263 5096 ἀνάλυσιν.
3279 5040 3500 5112 Ἄδηλον
3516 5039 3607 5109 γὰρ
3620 5029 3717 5088 εἶναι

640 5241 1282 5368 ξ9⁷ὸυξναντιωτήτωκ
1324 5245 1583 5320 Anglicus
1611 5250 1756 5316 cod.,
1798 5253 2121 5308 ἐναντιωτά-

2227 5259 2461 5314 animam
2483 5266 2635 5329 putet
2656 5260 2831 5329 perire
2851 5275 2971 5315 cum
2999 5276 3260 5331 corpore;
3282 5263 3366 5318 vel
3396 5275 3548 5317 unum
3571 5254 3713 5312 bestiis

2220 5342 2268 5368 nl
2318 5329 2626 5368 Iinminihnc
2653 5330 2940 5368 uruanas-ari
2986 5331 3163 5368 lnnnm
3188 5351 3201 5364 ο
3234 5334 3326 5368 ..ιιι
3356 5332 3491 5368 ηηηιΙ
3519 5337 3622 5368 nnis
3641 5324 3713 5368 ad.

565 5324 913 5402 mygnyvgk
949 5396 982 5402 ᾼ
1040 5384 1093 5402 η
1256 5386 1305 5402 η
1392 5387 1436 5402 __
1492 5388 1528 5402 η
1689 5391 1716 5402 _
1992 5392 2003 5402 _
2220 5342 2274 5383 et
2318 5324 2626 5402 hominibus
2653 5324 2942 5402 praeparari
2986 5324 3201 5402 locum:
3234 5324 3327 5388 sed
3356 5332 3492 5402 quod
3517 5337 3622 5402 ante
3640 5324 3713 5378 ad.

937 5384 1226 5473 πράξεως.
1256 5386 1363 5473 Ms.
1391 5387 1586 5473 Medic.
1601 5430 1616 5455 ,
1645 5391 2121 5473 τῶνπραγμάτων

2222 5382 2440 5473 tantum
2474 5382 2676 5473 ςιειειιι
2719 5382 3710 5473 ὄτῖίιιίῖίξιξἰιῖἐὲὶὸὲἷθιξῐὲἶάᾳοετειιε

565 5453 931 5537 ήγρξξρθὲξῐὶίξ.
955 5472 970 5519 ;
1001 5467 1068 5535 et
1079 5459 1157 5537 sic
1179 5457 1486 5537 legendum,
1508 5453 2047 5537 vel,_évavrto'§ﬁ€mv.

2222 5476 2327 5521 tur.
2362 5468 2514 5533 Quod
2545 5453 3014 5537 ne’pttlemius‘dirci
3040 5453 3209 5526 etiam
3222 5453 3517 5534 habilia;
3541 5465 3707 5523 intulit:

636 5520 747 5595 (99)
773 5523 962 5607 οᾲδὲςν
989 5520 1288 5594 μᾶλλονᾎ.
1328 5527 1421 5607 ᾄπ*
1450 5520 1816 5607 ἀνθρώπους.
1849 5520 1960 5607 Νὲο
1984 5550 2120 5607 mor-

2225 5520 2439 5593 Onini‘cz"
2456 5520 2606 5606 [ἀειᾶ
2623 5520 2756 5592 .31";
2766 5520 3019 5604 ἆῖῑεῖἑᾶζ
3044 5520 3517 5597 ἓῖἲῖυἱτῖεἷιὶᾶῗῖιὶ
3537 5520 3709 5607 ἐξίναι.

564 5599 667 5645 tem
708 5599 971 5681 ψηφὶς-,ὁτι
998 5608 1208 5681 feriere
1244 5599 1538 5681 anim-qlia,
1583 5618 1739 5671 quam
1787 5605 1840 5656 in
1885 5606 2116 5681 homines
2223 5607 2296 5661 De
2327 5599 2467 5661 remi
2493 5620 2667 5664 autem
2696 5610 2830 5664 nihil
2859 5612 2960 5665 nisi
2990 5599 3175 5681 corpus
3208 5611 3405 5681 factum
3424 5619 3510 5667 at.
3535 5606 3658 5662 Diu.

564 5663 817 5730 grauari.
845 5663 957 5723 Hoc
981 5667 1139 5735 dicit,
1181 5669 1357 5740 inquit
1392 5663 1751 5743 Hieronymus
1775 5712 1790 5740 ,
1834 5689 1940 5729 non
1972 5677 2116 5744 quod
