3882 6332
175 312 280 369 997
294 310 298 314 ’

1216 309 1698 366 METAPHRASIS
1733 309 1799 366 IN
1841 308 2370 365 ECCLESIASTEN.

3307 312 3411 367 998

173 428 305 499 περί
334 445 395 482 τε
425 427 536 481 τῶν
562 427 914 498 ἀνθρωπίνων
942 427 1149 499 ψυχῶν,
1173 431 1220 482 εί
1247 429 1645 498 ἀναπτήσονται
1667 427 1742 500 (1)

1850 436 2026 482 autem
2077 429 2259 483 omnia
2308 429 2438 499 ipsis
2474 429 2662 485 eodem
2705 431 2867 486 modo
2911 430 3263 503 contingere;
3319 433 3414 488 20.

169 520 307 584 ἀνω,
338 520 430 573 ml
454 521 581 591 περὶ
606 520 716 573 τῶν
744 519 942 574 λοιπῶν
968 519 1034 583 ἃς
1061 520 1130 574 τά
1158 519 1325 589 ἄλογα
1351 521 1672 591 κέκτηνται,
1697 521 1746 573 εἰ

1850 520 1952 575 Nec
1985 529 2214 576 mortem
2250 522 2423 592 magis
2461 523 2514 577 in
2546 531 2738 578 castera
2765 525 3018 580 animalia
3042 541 3205 596 quam
3237 527 3291 582 in
3322 528 3420 583 ho-

169 612 326 665 κάτω
350 611 788 684 διαρῤυὴσονται.
838 612 946 664 Καὶ
977 612 1006 664 ὅ
1037 628 1126 681 μοι
1155 611 1329 664 ἐδόκει
1373 611 1535 682 μηδὲν
1563 612 1746 682 ἕτερον

1850 612 2020 667 mines
2054 613 2311 682 grassari.
2370 613 2461 667 21.
2498 611 2765 669 Omnibus
2793 615 2936 670 enim
2964 618 3226 686 aequalem
3257 618 3418 687 splri-

168 703 443 774 ὑπάρχειν
491 701 726 770 ἀγαθὸν,
768 703 814 754 εἰ
865 701 939 773 μὴ
985 703 1163 773 τρυφὴ
1203 703 1298 756 ml
1327 702 1436 755 τῶν
1469 703 1746 773 παρόντων

1850 710 1961 756 tum
1991 718 2149 769 esse,
2189 719 2290 758 nec
2315 704 2612 774 quidquam
2657 707 2880 762 omnino
2904 708 3136 778 amplius
3167 710 3418 767 homines

167 795 392 865 χρῆσις.
437 795 512 847 Οὐ
559 793 668 866 γὰρ
708 789 845 847 εἶναι
890 793 1050 848 πάλιν
1081 793 1302 866 ᾠήθην,
1337 793 1429 846 ἐπὶ
1468 793 1566 864 τὴν
1607 793 1743 847 ἀπό-

92 897 98 903 ’
166 885 362 939 λαυσιν
391 885 592 940 τούτων
623 886 795 940 ἐλθεῖν
826 885 1047 940 δυνατὸν
1067 927 1081 953 ,
1117 885 1260 951 ὅιπαξ
1291 883 1561 957 ἀνθρώπῳ
1586 883 1745 938 θανά-

166 993 268 1029 του
299 977 644 1049 γευσαμένῳ.

1850 791 2085 860 habere;
2121 793 2213 848 sed
2239 803 2459 860 cuncta,
2495 803 2555 848 ut
2579 811 2690 849 uno
2718 798 2882 852 verbo
2908 801 3106 865 dicam,
3131 817 3270 856 vana
3295 817 3419 858 esse

1851 885 1919 939 ab
1943 885 2129 940 eadem
2157 894 2301 941 terra
2328 890 2846 956 coagmentationem
2871 891 3140 955 habentia,
3173 903 3333 962 atque
3361 895 3419 948 in

1851 976 2097 1031 eamdem
2149 985 2349 1032 terram
2396 977 2692 1047 dilapsura.
2764 981 3034 1036 Incertum
3081 984 3227 1038 enim
3273 999 3418 1050 esse,

166 1076 292 1123 tum
325 1070 394 1125 de
425 1069 682 1126 humanis
719 1070 1024 1136 animabus,
1055 1084 1124 1124 an
1166 1083 1382 1125 sursum
1413 1067 1776 1124 convolatnrze
1817 1067 1956 1134 sint;
1992 1077 2106 1123 tum
2133 1069 2200 1124 de
2244 1069 2468 1140 reliquis
2503 1086 2639 1140 quas
2666 1073 2919 1128 animalia
2949 1075 3156 1132 ratione
3177 1080 3416 1135 carentia

166 1173 523 1234 acceperunt,
545 1180 614 1218 an
634 1164 889 1219 deorsum
913 1163 1216 1219 diﬁluxurte
1242 1164 1384 1229 sint;
1416 1163 1506 1217 22.
1535 1163 1611 1217 Ac
1636 1163 1768 1217 mihi
1799 1163 2007 1218 nullum
2063 1163 2208 1218 aliud
2271 1164 2473 1219 bonum
2516 1181 2638 1220 esse
2674 1167 2976 1232 videbatur,
3015 1187 3178 1240 quam
3213 1174 3419 1232 delicia:

166 1267 226 1311 et
255 1258 604 1327 praesentium
633 1259 1043 1314 commodorum
1065 1275 1219 1315 usus.
1263 1257 1448 1328 Neque
1501 1258 1646 1312 enim
1681 1257 1795 1312 ﬁeri
1839 1272 2000 1327 posse
2043 1257 2252 1327 putavi,
2295 1267 2350 1312 ut
2381 1259 2671 1329 quisquam
2717 1276 2907 1319 rursus
2936 1263 3004 1318 ad
3041 1266 3417 1336 percipiendas

168 1351 480 1421 voluptates
509 1353 766 1420 accedat,
823 1364 1172 1424 posteaquam
1207 1362 1436 1410 mortem
1465 1353 1630 1410 semel
1657 1352 1973 1424 degustarit.

771 1448 1023 1504 ΚΕΦΑΛ.
1061 1450 1135 1504 A'.

255 1533 390 1588 Ἀπὸ
414 1535 471 1589 δὲ
497 1536 700 1590 τούτων
735 1537 960 1591 ἀπασῶν
993 1539 1228 1610 ἐμαυτὸν
1258 1539 1589 1612 ἐπιστρέψας
1633 1539 1740 1594 τῶν

163 1627 395 1681 ἐννοιῶν
436 1629 857 1702 κατεσκεψάμην
899 1630 990 1684 καὶ
1021 1631 1375 1704 ἀπεστράφην
1414 1633 1588 1686 πάντα
1625 1631 1737 1703 εἴδη

165 1720 549 1788 συκοφαντιῶν
597 1721 667 1774 τὰ
714 1723 772 1775 ἐν
808 1722 1114 1795 ἀνθρώποις
1158 1725 1512 1796 πλαζόμενα,
1563 1724 1622 1790 ἐξ
1666 1718 1740 1778 ὧν

161 1818 316 1876 τινὲς
356 1812 457 1883 μὲν
487 1814 828 1886 ἀδικούμενοι
859 1816 1150 1888 δακρύουσι
1194 1817 1288 1871 καὶ
1323 1817 1616 1890 θρηνοῦσι,
1655 1816 1744 1888 βίᾳ

163 1905 640 1976 καταϐεϐλημένα
670 1907 778 1961 τῶν
813 1909 1198 1980 ἐπαμυνόντων
1230 1910 1307 1979 (2)
1331 1951 1345 1976 ,
1390 1911 1424 1983 ἢ
1471 1910 1608 1975 ὅλως
1639 1929 1743 1965 πα·-

161 1997 638 2070 ραμυθησομένων
665 1998 860 2063 αὐτοὺς
889 2000 1073 2072 πάσης
1107 1999 1442 2071 πανταχόθεν
1489 2000 1746 2070 κατεχού-

163 2106 272 2160 σης
305 2091 570 2163 ἀπορίαςο
605 2093 652 2144 οί
683 2091 739 2144 δὲ
768 2093 1062 2164 χειροδίκαι
1105 2094 1184 2156 εἰς
1212 2092 1342 2162 ὖψος
1380 2093 1651 2165 αίρονται,
1685 2093 1743 2160 ἐξ

159 2177 226 2236 οὗ
258 2183 356 2236 καὶ
388 2183 694 2238 πεσοῦνται.
719 2184 839 2238 Τῶν
861 2185 915 2238 δὲ
935 2185 1134 2239 ἀδίκων
1162 2186 1256 2239 καὶ
1285 2186 1549 2258 θρασέων,
1567 2187 1614 2239 οἱ
1647 2185 1745 2257 μὲν

165 2275 559 2338 ἀποθανόντες,
608 2276 826 2347 ἄμεινον
867 2277 1018 2349 παρά
1060 2278 1185 2341 τοὺς
1227 2278 1384 2348 μέχρι
1416 2277 1510 2331 νῦν
1543 2275 1747 2342 ζῶντας

163 2363 442 2436 ἔπραξαν.
460 2363 727 2435 Δίρετώτε
737 2381 826 2435 ρος
843 2364 900 2418 δὲ
919 2363 1123 2417 τούτων
1148 2364 1490 2436 ἀμφοτέρων,
1515 2363 1544 2414 ὁ
1564 2364 1747 2434 ὅμοιος

163 2460 361 2522 αὐτοῖς
403 2457 675 2528 ἐσόμενος,
723 2456 946 2527 μηδέπω
975 2456 1032 2510 δὲ
1065 2456 1138 2527 (3)
1189 2454 1444 2524 γεγονὼς,
1486 2457 1567 2508 ὅτι
1596 2454 1748 2508 οῦπω

165 2552 270 2621 τῆς
299 2550 447 2604 κατά
465 2547 779 2620 ἀνθρώπους
805 2549 980 2618 ἥψατο
1013 2548 1291 2620 πονηρίας.
1319 2547 1551 2620 Φανερδν
1577 2548 1633 2600 δέ
1659 2565 1746 2618 μοι

163 2643 393 2711 ἐγένετο
442 2643 534 2694 ml
582 2641 776 2704 ὁπόσος
821 2641 976 2712 ἀνδρὶ
1020 2639 1210 2709 φθόνος
1252 2640 1402 2712 παρά
1445 2640 1552 2693 τῶν
1580 2640 1748 2704 πέλας

163 2731 389 2793 ἕπεται,
435 2728 646 2803 οἶστρος
691 2730 949 2802 ὑπάρχων
992 2731 1224 2802 πονηροῦ
1267 2731 1573 2802 πνεύματος
1604 2749 1618 2762 ·
1655 2732 1749 2785 ml

163 2822 254 2875 ὅτι
283 2825 313 2874 ὁ
344 2821 736 2891 ὑποδεξάμενός
763 2838 822 2874 τε
848 2820 1029 2882 αὑτὸν,
1061 2822 1154 2875 ml
1174 2822 1334 2875 οἱονεὶ
1363 2821 1749 2894 προστερνισά-

171 2921 363 2985 μενος,
396 2913 548 2968 οὐδὲν
588 2915 772 2986 ἕτερον
811 2915 942 2986 ἔχει,
985 2914 1019 2985 ἢ
1060 2913 1121 2968 τὸ
1146 2913 1395 2967 διεσθίειν
1427 2913 1524 2986 τὴν
1556 2912 1748 2968 ἑαυτοῦ

164 3005 376 3076 ψυχὴν,
409 3008 502 3059 καὶ
533 3006 801 3078 διαπρίειν
821 3023 882 3060 τε
909 3007 1001 3059 καὶ
1020 3006 1260 3077 δαπανᾷν
1287 3005 1422 3078 μετά
1447 3006 1542 3058 τοῦ
1573 3005 1749 3077 σώμα-

165 3115 261 3162 τος
319 3098 512 3152 ἐαυτοῦ
565 3098 740 3172 λύπην
791 3099 1240 3172 ἀπαραμύθητον,
1294 3099 1392 3172 τὴν
1437 3099 1544 3191 τῶν
1576 3100 1747 3155 ἀλλων
1775 3133 1816 3191 C

165 3192 484 3262 εὐπραγίαν
520 3191 800 3264 τιθέμενον
823 3192 918 3264 (4).
953 3192 1162 3246 Ἔλοιτο
1191 3193 1234 3246 δ’
1259 3193 1324 3246 ἀν
1350 3210 1432 3256 τις
1453 3188 1511 3246 εὖ
1535 3194 1745 3265 φρονῶν

168 3285 412 3357 θατέραν
459 3285 736 3356 ἐμπλῆσαι
784 3284 892 3339 τῶν
943 3285 1160 3357 χειρῶν,
1212 3286 1310 3338 σὺν
1361 3285 1606 3358 ῥᾳστώνη
1653 3289 1745 3342 καὶ

166 3378 466 3449 πραότητι,
508 3379 648 3451 ἤπερ
688 3377 1001 3450 ἀμφοτέρας
1049 3377 1144 3430 σὺν
1180 3376 1380 3449 μόχθῳ,
1411 3377 1505 3432 καὶ
1526 3378 1743 3451 δολεροῦ

167 3467 487 3540 πνεύματος
515 3469 835 3540 πανουργίᾳ.
879 3471 1034 3522 Ἐστι
1064 3467 1120 3520 δέ
1150 3485 1203 3520 τι
1234 3469 1327 3521 ml
1359 3469 1542 3540 ἕτερον
1561 3509 1576 3534 ,
1609 3471 1746 3540 ὅπερ

167 3559 294 3614 οἶδα
353 3559 642 3630 συμϐαῖνον
694 3560 846 3633 παρά
891 3559 954 3614 τδ
1005 3559 1297 3631 προσῆκον,
1350 3559 1540 3632 ἀνδρὸς
1585 3561 1746 3615 ἕνεκα

166 3649 550 3720 προαιρέσεως
569 3650 668 3702 οὐκ
690 3648 917 3720 ἀγαθῆς.
947 3651 1042 3711 Ὃς
1069 3649 1442 3720 μεμονωμένος
1463 3649 1743 3714 πάντοθεν,

169 3740 273 3792 καὶ
306 3737 431 3791 οὔτε
460 3739 682 3808 ἀδελφὸν
709 3739 865 3810 ἔχων,
893 3738 1014 3794 οὔτε
1038 3739 1172 3804 υἱὸν,
1195 3743 1434 3811 κτήμασι
1458 3741 1515 3795 δὲ
1535 3741 1746 3807 πολλοῖς

166 3829 592 3902 εύθηνούμενος,
641 3831 912 3903 ἀπληστίᾳ
950 3831 1146 3896 συζῶν,
1181 3833 1504 3905 χρηστότητι
1557 3834 1745 3887 ἐαυτὸν

165 3922 292 3976 οὐθ’
325 3923 460 3986 ὅλως
488 3920 663 3976 ὁτιοῦν
700 3922 975 3978 ἐπιδοῦναι
1006 3923 1168 3979 θέλει.
1214 3924 1408 3988 Ἡδέως
1437 3919 1530 3978 οῦν
1556 3923 1622 3978 ἂν
1647 3926 1745 3980 αὐ-

168 4015 272 4069 τὸν
319 4014 562 4088 ἐροίμην,
606 4015 728 4068 ὅτου
773 4014 930 4087 χάριν
961 4017 990 4069 ό
1019 4015 1258 4080 τοιοῦτος
1302 4015 1519 4088 μοχθεῖ,
1551 4016 1614 4071 τὸ
1649 4018 1746 4090 μὲν

170 4106 383 4175 ἀγαθόν
411 4125 462 4160 τι
494 4107 686 4180 δρᾶσαι
742 4108 1120 4181 προτροπάδην
1140 4107 1375 4178 φεύγων,
1397 4108 1665 4173 ποικίλαις
1689 4110 1746 4164 δὲ

169 4196 275 4252 τοῦ
305 4199 746 4269 χρηματίσασθαι
794 4199 957 4254 ποθεν
1006 4199 1319 4272 ἐπιθυμίαις
1355 4199 1743 4272 διασπώμενος.

175 4287 369 4358 Πολλῷ
391 4288 446 4342 δὲ
466 4290 652 4343 τούτου
677 4289 913 4360 βελτίους
936 4289 984 4343 οἳ
1005 4290 1285 4345 κοινωνίαν
1312 4291 1427 4362 ἅμα
1446 4290 1561 4360 βίου
1581 4291 1748 4344 ἐστεί-

173 4383 364 4445 λαντο,
379 4383 436 4448 ἐξ
449 4377 515 4455 ἦς
533 4384 823 4454 καρποῖντο
836 4381 900 4435 ἂν
913 4381 980 4434 τὰ
996 4380 1246 4452 βέλτιστα
1260 4380 1382 4454 (4⁶);
1406 4380 1508 4435 Δύο
1520 4379 1629 4454 γὰρ
1656 4383 1747 4436 άν-

2432 1447 2658 1504 CAPUT
2731 1449 2816 1503 IV.

1870 1550 1877 1556 '
1917 1539 1968 1591 1.
1994 1538 2075 1593 Ab
2095 1539 2162 1594 iis
2178 1540 2431 1596 omnibus
2448 1542 2868 1612 cogitationibus
2885 1545 3129 1601 animum
3152 1563 3418 1606 revocans

1845 1631 2204 1698 consideravi,
2237 1642 2400 1703 atque
2428 1645 2709 1690 aversatus
2739 1650 2859 1690 sum
2894 1639 3074 1692 omnia
3109 1642 3417 1712 schphan-

1847 1723 2043 1777 tiarum
2075 1738 2270 1793 genera
2299 1725 2440 1780 inter
2471 1727 2721 1782 homines
2749 1731 3018 1796 errantia,
3048 1732 3246 1799 quibus
3276 1749 3415 1788 non-

1846 1814 1978 1868 nulli
1997 1813 2182 1884 inique
2207 1815 2563 1871 circumventi
2583 1834 2646 1873 ac
2663 1835 2759 1888 per
2786 1821 2894 1874 vim
2912 1822 3125 1890 dejecti,
3145 1823 3415 1897 lacrymas

1845 1901 2076 1957 fundunt
2128 1911 2291 1974 atque
2356 1905 2758 1977 ingemiscant;
2815 1911 3053 1982 undique
3100 1913 3169 1967 ab
3223 1916 3416 1971 amicis

1842 2009 2069 2064 prorsus
2116 1995 2337 2065 inopes,
2387 1999 2481 2071 qui
2529 2014 2716 2054 eorum
2741 2016 2960 2056 causam
3010 2014 3288 2071 tueantur,
3320 2018 3418 2061 aut

1844 2095 1990 2140 certe
2016 2085 2245 2141 aﬁlictos
2270 2089 2640 2145 consolentur.
2673 2091 2742 2146 At
2763 2107 2891 2147 vero
2917 2093 3136 2150 violenti
3166 2096 3416 2153 homines

1841 2177 2038 2247 jusque
2060 2178 2116 2231 in
2140 2179 2392 2234 manibus
2414 2181 2692 2248 habentes,
2711 2183 2763 2237 in
2787 2185 3017 2241 sublime
3039 2186 3416 2253 vehuntur,'ob

1846 2284 2078 2340 eamque
2107 2286 2327 2327 causam
2363 2284 2637 2328 corruent.
2675 2275 2730 2330 2.
2770 2275 3057 2334 Enimvero
3089 2298 3154 2335 ex
3185 2297 3415 2337 consce-

1850 2358 2034 2414 leratis
2061 2369 2116 2414 et
2141 2361 2460 2427 audacibus,
2502 2363 2540 2416 ii
2581 2364 2677 2432 qui
2716 2380 2780 2418 ex
2813 2367 2916 2421 hac
2946 2369 3051 2422 vita
3087 2370 3415 2441 migrarunt,

1848 2453 2069 2508 meliore
2098 2455 2409 2513 conditione
2448 2467 2604 2522 sunt,
2648 2474 2812 2528 quam
2860 2463 2953 2529 qui
2991 2463 3286 2518 etiamnum
3330 2465 3415 2518 vi~

1847 2550 2002 2596 vunt.
2044 2542 2097 2595 5.
2131 2540 2387 2614 Utrisque
2420 2557 2599 2600 autem
2642 2547 3040 2617 praeferendus,
3085 2555 3178 2623 qui
3220 2555 3416 2611 similis

1847 2647 2036 2687 eorum
2061 2632 2280 2691 futurus
2310 2646 2410 2701 est,
2445 2653 2544 2693 nec
2572 2647 2788 2695 creatus
2813 2643 2990 2697 adhuc
3015 2653 3130 2711 cst;
3155 2647 3415 2715 quoniam

1848 2721 2130 2779 hominum
2170 2727 2568 2797 improbitatem
2599 2732 2840 2786 nondum
2880 2735 3074 2805 attigit.
3114 2736 3170 2790 4.
3201 2736 3419 2807 Perspi-

1848 2828 2008 2869 cuum
2037 2816 2172 2870 mihi
2195 2833 2411 2888 quoque
2437 2818 2640 2874 factum
2674 2831 2777 2887 est,
2809 2835 3007 2893 quanta
3039 2827 3414 2896 proximorum

1850 2905 2056 2962 invidia
2089 2909 2319 2978 probum
2350 2910 2526 2966 virum
2570 2925 2849 2983 sequatur,
2882 2926 3108 2971 oestrum
3147 2919 3417 2974 exsislens

1849 2997 2049 3070 impuri
2069 3002 2312 3070 spiritus.
2357 3004 2410 3057 5.
2437 3003 2702 3075 Quodque
2731 3007 2778 3061 is
2803 3009 2893 3077 qui
2927 3009 3065 3064 hanc
3089 3011 3416 3080 susceperit,

1851 3108 1915 3148 ac
1941 3094 2089 3148 velut
2112 3103 2326 3164 pectore
2348 3099 2666 3166 complexus
2690 3101 2870 3164 fuerit,
2902 3102 3036 3155 nihil
3060 3103 3202 3158 aliud
3229 3103 3411 3171 habet,

1849 3200 2011 3255 quam
2044 3186 2188 3256 quod
2227 3188 2464 3243 animam
2507 3205 2659 3245 suam
2684 3203 2836 3247 exest
2855 3202 2907 3247 et
2937 3193 3192 3260 dissecat,
3225 3195 3416 3251 simulo

1850 3291 1956 3346 que
1979 3292 2100 3331 cum
2129 3293 2356 3348 corpore
2378 3281 2648 3349 absumit;
2667 3298 2953 3339 mmrorem
2980 3287 3414 3356 acerbissimum,

1851 3383 1952 3422 nec
1973 3369 2166 3423 solatio
2197 3370 2304 3423 ullo
2334 3371 2706 3441 mitigabilem,
2738 3375 2968 3429 aliorum
3000 3379 3410 3447 prosperitatem

1850 3459 2186 3515 existimans.
2217 3461 2270 3516 6.
2293 3461 2456 3532 Atqui
2491 3465 2808 3534 praeoptarit
2840 3467 2921 3520 vir
2953 3468 3169 3537 sapiens
3201 3478 3255 3524 et
3291 3485 3415 3526 cor-

1851 3552 2031 3618 datus,
2058 3553 2280 3608 alteram
2309 3570 2530 3610 manum
2553 3572 2676 3611 cum
2700 3556 2957 3613 facilitate
2986 3568 3039 3613 et
3070 3560 3288 3615 levitate
3315 3563 3416 3617 im-

1853 3642 2030 3711 plere;
2066 3659 2228 3713 quam
2261 3653 2550 3716 utramque
2578 3661 2698 3700 cum
2733 3664 2974 3703 aerumna
3003 3660 3056 3705 et
3084 3650 3415 3708 fraudulcnti

1852 3733 2078 3802 spiritus
2116 3734 2406 3790 calliditate
2448 3744 2502 3790 et
2543 3739 2802 3792 versutia.
2847 3738 2898 3795 7.
2929 3738 3026 3795 Est
3064 3750 3119 3796 et
3154 3743 3411 3811 quiddam

1853 3825 2018 3888 aliud,
2055 3825 2198 3895 quod
2230 3837 2421 3894 praeter
2452 3827 2536 3883 fas
2557 3836 2612 3883 et
2638 3845 2853 3900 aequum
2877 3830 3082 3888 homini
3111 3833 3182 3888 ob
3208 3833 3415 3904 impro-

1852 3916 1974 3972 bam
2009 3919 2338 3973 voluntatem
2383 3921 2695 3991 contingere
2738 3921 2872 3978 scio.
2929 3923 2984 3978 8.
3028 3922 3132 3990 Qui
3173 3927 3414 3997 undique

1853 4009 2003 4065 solus
2025 4009 2266 4066 relictus.
2307 4025 2406 4065 nec
2427 4010 2647 4067 fratrem
2671 4028 2771 4068 nec
2793 4013 2962 4068 ﬁlium
2994 4014 3216 4080 habens,
3241 4015 3413 4072 facul-

1853 4102 2057 4157 tatibus
2079 4110 2137 4158 et
2159 4101 2333 4172 copiis
2368 4102 2612 4170 affluens,
2655 4104 2963 4174 inexplebili
3000 4106 3293 4176 cupiditate
3321 4123 3414 4163 ar-

1851 4193 1962 4259 dct,
2007 4210 2108 4250 nec
2158 4195 2529 4252 beneﬁcentia:
2581 4207 2744 4268 atque
2790 4198 3112 4254 humanitati
3146 4216 3203 4254 se
3231 4201 3410 4270 ipsum

1853 4287 1964 4342 ullo
1999 4288 2162 4343 modo
2201 4289 2412 4344 tradere
2449 4284 2616 4360 cupit.
2652 4290 2729 4344 Ex
2758 4305 2824 4346 eo
2850 4291 3012 4360 igitur
3047 4291 3238 4346 lubens
3263 4300 3411 4362 quaa-

1853 4378 2094 4447 siverim,
2135 4396 2299 4452 quam
2346 4382 2418 4437 ob
2463 4398 2684 4438 causam
2727 4383 3002 4439 laboribus
3041 4399 3100 4439 se
3138 4385 3410 4450 conﬁciat,

173 4475 328 4545 δρῶν
355 4478 466 4539 τοῖς
489 4475 670 4539 αὐτοῖς
697 4474 1014 4546 πράγμασιν
1044 4474 1217 4546 ὀρθῶς
1245 4475 1671 4547 προσκειμένων,
1698 4477 1746 4529 εί

1851 4469 1981 4524 1)οηί
2025 4470 2242 4540 quidem
2298 4472 2504 4543 aliquid
2557 4472 2735 4528 facere
2781 4489 3126 4543 summopere
3172 4474 3410 4544 fugiens,

175 4570 278 4621 ml
319 4566 530 4639 θατέρῳ
572 4568 678 4621 τινὶ
719 4567 1000 4640 προσπέσῃ
1043 4584 1121 4620 τι·
1163 4566 1298 4621 ἀλλά
1327 4568 1432 4640 μὴν
1462 4569 1522 4622 ού
1547 4567 1748 4640 μικράν

175 4659 500 4730 ἐπικουρίαν
538 4659 671 4731 ἔχει,
708 4660 800 4713 τὸν
841 4659 990 4730 αὐτῷ
1022 4660 1267 4714 συνόντα.
1298 4660 1542 4734 Μεγίστη
1572 4662 1628 4714 δὲ
1656 4662 1749 4716 καὶ

178 4751 441 4824 συμφορά
471 4752 737 4824 ἀνθρώπῳ
762 4749 1180 4824 δυσπραγοῦντι,
1222 4753 1315 4805 καὶ
1349 4754 1382 4824 ἡ
1423 4752 1626 4824 ἐρημία
1654 4753 1748 4806 τοῦ

175 4846 644 4917 ἀνακτησομένου.
677 4847 740 4899 Ul
777 4845 821 4898 δ’
850 4840 916 4900 αὖ
947 4846 1260 4916 όμοδίαιτοι,
1286 4847 1380 4900 καὶ
1413 4845 1506 4918 τὴν
1544 4848 1750 4920 εὐπρα-

173 4938 312 5008 γίαν
346 4938 528 5002 αὐτοῖς
564 4936 964 5000 ὲδιπλασίασαν,
1010 4938 1104 4990 καὶ
1147 4938 1486 5009 πραγμάτων
1520 4938 1750 5011 ἀϐουλή-

175 5047 292 5084 των
329 5029 571 5100 χειμῶνα
608 5029 1100 5100 παρεμυθήσαντο“
1146 5027 1284 5082 ὥστε
1314 5031 1406 5084 ml
1441 5030 1752 5102 μεθημέραν

176 5125 249 5192 τῇ
283 5123 372 5174 ἐπ’
400 5120 644 5192 ἀλλήλοις
665 5118 1076 5191 λαμπρύνεσθαι
1104 5120 1402 5192 παρρησίᾳ,
1426 5121 1519 5174 ml
1538 5120 1751 5192 νύκτωρ

255 5277 336 5348 (1)
408 5275 886 5348 Ἆγαπτήσονται.
930 5274 1158 5331 Codices
1213 5275 1346 5347 regii
1392 5285 1447 5332 et
1499 5275 1748 5343 Thuan.,

175 5346 598 5404 ἀναστήσονται.
629 5346 757 5401 Duc.

254 5418 336 5488 (Ξ)
374 5415 484 5484 Bia
506 5415 1001 5486 καταϐεϐλημένα
1024 5415 1141 5470 τῶν
1159 5415 1598 5488 ἐπαμυνόντων.
1621 5417 1753 5473 Post

180 5487 535 5561 participium
561 5487 1021 5561 καταόεὸλημένοι
1051 5487 1366 5561 collocanda
1395 5497 1478 5541 est
1520 5488 1748 5561 virgula,

182 5558 248 5616 in
284 5560 556 5631 genitivus
600 5573 834 5628 sequens
869 5558 1502 5631 tmpuvdvrwv‘regatur
1537 5571 1567 5610 a
1595 5559 1749 5631 geni-

183 5626 310 5685 tivo
327 5628 560 5698 ἀπορίας
582 5667 596 5692 ,
632 5626 739 5682 non
772 5638 950 5682 autem
982 5626 1012 5680 a
1041 5629 1223 5682 dativo
1254 5626 1576 5699 Bith_Neque
1600 5627 1749 5682 enim

184 5703 242 5754 vi
275 5697 570 5770 dejicimur
604 5699 672 5770 ab
713 5699 779 5754 iis
806 5699 909 5770 qui
936 5699 1092 5770 nobis
1123 5697 1488 5770 succurrunt:
1518 5697 1746 5770 ἐπαμυ-

187 5768 422 5827 νόντων
445 5778 625 5844 autem
639 5769 758 5824 ἀντὶ
774 5768 866 5824 τοῦ
887 5769 1212 5847 ἐπαμύνειν)
1227 5769 1588 5847 ὀφειλόντων
1599 5768 1742 5847 acci:

1852 4564 2243 4634 multiplicibus
2277 4575 2456 4620 autem
2494 4575 2735 4636 quaestus
2776 4566 3024 4622 alicunde
3053 4565 3284 4621 faciendi
3309 4583 3408 4621 cu-

1849 4655 2164 4726 piditatibus
2202 4657 2513 4713 distractus.
2561 4658 2614 4713 9.
2666 4657 2882 4723 Quanto
2923 4656 3135 4712 tandem
3163 4657 3266 4712 hoc
3295 4673 3410 4713 me-

1849 4746 2034 4815 liores,
2059 4748 2152 4818 qui
2175 4749 2299 4804 vitae
2320 4748 2631 4804 societatem
2660 4749 2916 4813 inierunt,
2947 4761 3010 4801 ex
3041 4763 3148 4817 qua
3176 4747 3412 4816 optimos

1849 4839 2060 4896 fructus
2107 4842 2393 4912 decerpere
2429 4842 2666 4911 queant?
2695 4841 2782 4896 10.
2821 4839 3042 4896 Duobus
3100 4839 3243 4895 enim
3275 4840 3411 4895 viris

1849 4933 2012 4988 rebus
2060 4933 2251 4988 iisdem
2303 4941 2449 4988 recte
2492 4931 2950 4999 incumbentibus,
2996 4933 3210 4988 etiamsi
3254 4933 3409 4987 alteri

1850 5025 2127 5096 quidpiam
2169 5024 2382 5081 adversi
2414 5027 2642 5091 accidat,
2674 5035 2857 5080 tamen
2888 5027 3030 5081 haud
3076 5027 3192 5081 leve
3224 5025 3404 5080 subsi-

1849 5117 2002 5173 dium
2043 5118 2098 5172 in
2141 5118 2312 5174 sodali
2347 5128 2401 5174 et
2437 5118 2809 5174 contubernali
2839 5133 2941 5174 suo
2964 5119 3200 5188 positum
3223 5116 3408 5171 habet.

1812 5284 1831 5306 '
1850 5291 1997 5346 pere,
2023 5285 2082 5331 ut
2105 5274 2424 5345 Wolfangus
2451 5273 2616 5339 facit,
2658 5273 2820 5329 nimis
2848 5273 3146 5329 violentum
3171 5271 3305 5328 mihi
3325 5269 3404 5325 vi.

1851 5348 2026 5401 detur.
2063 5347 2214 5400 Btu..

1921 5417 1996 5488 (5)
2036 5415 2287 5488 Μηδέπω
2301 5413 2403 5488 ῌδέ.
2435 5413 2626 5471 Billius
2653 5431 2719 5470 ex
2758 5415 2882 5470 cod.
2929 5411 3143 5478 Medic.,
3179 5410 3272 5465 ml
3302 5423 3392 5481 μη·

1849 5485 1994 5541 δέπω
2020 5487 2274 5556 γεγονώς.
2301 5485 2432 5540 Duc.

1921 5558 1996 5628 (4)
2032 5549 2372 5628 ’[ίθέμενον.
2413 5555 2543 5610 Cod.
2579 5554 2795 5622 Medic.,
2820 5553 3098 5628 τιθέμενος
3150 5549 3225 5606 In.

1923 5621 2022 5698 (4³)
2050 5627 2128 5682 Ex
2163 5621 2287 5682 nota
2329 5627 2709 5698 interrogativa
2748 5621 3018 5698 conjicere
3051 5623 3195 5698 licet,
3223 5621 3376 5688 legen

1849 5693 1977 5754 dum
2006 5693 2180 5769 πόσῳ,
2224 5699 2363 5769 loco,
2396 5695 2620 5769 πολλῷ,
2644 5698 2749 5752 nisi
2793 5693 3273 5764 interrogationem
3309 5702 3396 5744 ex-

1851 5772 2066 5828 cludere
2081 5767 2270 5837 magis
2298 5768 2527 5836 placeat.
2549 5767 2715 5823 Εοιτ.
