3834 6752
517 266 641 376 ’ἓθθ

1670 305 1729 361 S.
1771 301 2102 374 GREGORII
2141 298 2647 358 TllAUMATUllGI

3598 300 3705 361 1000

518 431 871 490 Gravissima
893 437 1072 485 autem
1102 434 1188 483 est
1212 424 1499 485 calamitas
1525 424 1733 479 homini
1754 424 1980 478 adversa
2002 421 2114 475 for-

2221 418 2534 489 φαιδρότητι
2565 412 2926 486 σεμνύνεσθαι
2948 407 3047 481 (5).
3104 408 3163 464 '0
3197 408 3255 462 δὲ
3283 406 3389 479 βίον
3415 409 3710 484 ἀκοινώνητον

539 538 668 584 tuna
711 523 906 587 utenti,
953 535 1141 577 carere
1185 522 1363 575 amico
1404 519 1499 589 qui
1540 519 1811 588 jacentem
1851 517 2109 583 luctuque

538 618 797 674 afﬂictum
825 614 1027 670 excitet
1055 628 1119 667 ac
1150 619 1376 667 recreet.
1415 611 1599 679 Atqui
1633 605 1976 662 contubernii
2013 618 2111 657 ne-

536 709 868 767 cessitudine
890 707 1065 776 juncti
1099 712 1246 770 sunt,
1284 710 1340 757 et
1368 701 1615 772 prosperi
1647 712 1938 755 successus
1957 695 2115 749 volu-

537 810 742 873 ptatem
776 800 878 855 sibi
911 797 1142 852 invicem
1190 795 1596 864 conduplicant,
1622 801 1677 847 et
1709 804 1894 845 rerum
1923 796 2115 859 printer

538 895 873 947 voluntatem
892 889 1175 944 ﬂuentium
1194 895 1571 957 tempestatem
1591 884 1831 939 leniunt:
1858 881 1945 935 ll.
1964 879 2114 934 Adeo

539 994 601 1040 ut
635 992 689 1038 et
717 984 809 1038 diu
860 990 1049 1036 mutua
1094 980 1342 1034 libertate
1391 978 1793 1048 splendescant,
1845 983 1899 1027 et
1947 979 2114 1025 noctu

537 1075 824 1131 honestate
862 1088 927 1128 ac
969 1072 1232 1141 gravitate
1267 1068 1527 1139 fulgeant.
1561 1065 1648 1121 12.
1677 1064 1881 1121 Contra
1912 1064 2006 1134 qui
2034 1061 2117 1114 vi—

537 1177 649 1224 tam
695 1168 763 1221 ab
808 1164 958 1219 omni
1002 1162 1282 1217 hominum
1338 1160 1599 1215 societate
1627 1166 1892 1213 semotam
1944 1154 2113 1218 ducit,

541 1261 864 1317 horrendam
887 1257 1179 1328 quamdam
1210 1255 1372 1307 vitam
1396 1251 1653 1315 traducit,
1678 1265 1788 1304 non
1810 1248 2117 1317 intelligens

539 1369 663 1409 eum
695 1362 897 1405 temere
925 1365 989 1403 ac
1010 1348 1317 1419 periculose
1344 1346 1447 1401 sibi
1471 1343 1777 1403 consulere,
1796 1340 1889 1411 qui
1914 1339 2116 1394 multos

542 1444 799 1501 homines
831 1450 1021 1497 mutuo
1053 1440 1304 1511 praesidio
1325 1438 1719 1504 circumseptos
1745 1435 1970 1487 adortus
2001 1430 2117 1485 fue—

540 1541 645 1604 rit;
707 1551 772 1591 ac
823 1542 1076 1604 praeterea
1137 1530 1319 1585 funem
1367 1528 1560 1598 triplici
1610 1540 1751 1580 nexu
1801 1531 2114 1579 contextum

544 1626 971 1696 haudquaquam
996 1621 1156 1677 facile
1186 1620 1443 1691 perfringi
1472 1617 1667 1673 solere.
1727 1615 1813 1669 l5.
1843 1612 1956 1684 Ego
1986 1624 2117 1665 vero

539 1720 797 1790 juvenem
833 1730 1147 1786 pauperem,
1188 1713 1351 1768 modo
1387 1708 1673 1780 prudentia
1706 1714 1982 1768 ornatum,
2011 1718 2113 1757 an-

2212 511 2406 577 ἒλκων,
2430 506 2671 581 φρικώδη
2694 506 2816 560 τινὰ
2840 503 3020 575 ἐαυτῷ
3040 502 3271 571 διεξάγει
3292 502 3447 573 ζωὴν,
3469 502 3560 555 οὐκ
3579 505 3714 576 ᾔσθη.

2217 604 2393 674 μένος,
2432 603 2508 666 ὡς
2537 603 2584 655 εί
2609 600 2705 655 καὶ
2742 596 2979 652 ἑπίθοιτό
3013 613 3097 659 τις
3121 594 3420 667 ἀνθρώποις
3455 612 3715 668 συμπεφρα.

2212 695 2453 764 γμένοις,
2489 690 2736 763 θρασέως
2780 689 2876 743 κα)⁵
2918 689 3020 741 οὐκ
3055 685 3309 756 ἀσφαλῶς
3346 685 3621 754 βουλεύεται
3644 691 3716 759 ((2).

2216 786 2309 839 καὶ
2333 786 2414 838 ὅτι
2445 783 2567 837 οὐδὲ
2616 783 2825 853 σχοῖνος
2870 779 3071 851 τριπλῇ
3118 777 3316 850 ῥᾳδίως
3343 778 3718 849 ἁποῤῥήγνυσθαι

2216 877 2472 946 πέφυκεν.
2520 873 2660 943 Ἐγὼ
2689 873 2747 928 δὲ
2773 873 2849 944 (7)
2881 872 3161 943 προκρίνω
3193 869 3314 922 νέον
3342 868 3535 939 πένητα
3561 870 3721 942 «nam.

2214 986 2300 1031 να,
2333 967 2586 1038 γέροντος
2617 964 2879 1035 βασιλέως
2908 962 3160 1033 ἄφρονος,
3193 953 3239 1028 ᾧ
3264 959 3503 1029 ἐνθύμιον
3526 959 3580 1013 ού
3602 964 3721 1031 γεγέ.

2214 1075 2394 1130 νηται,
2417 1058 2495 1120 ὡς
2522 1055 2740 1109 δυνατόν
2769 1056 2906 1118 ἐστι,
2933 1052 3041 1105 τῶν
3074 1052 3170 1123 μὲν
3201 1053 3268 1105 ὲκ
3294 1050 3388 1104 τοῦ
3417 1052 3723 1123 δεσμωτηρίου

2214 1148 2339 1202 τινὰ
2361 1150 2440 1211 εἰς
2467 1148 2529 1200 τὸ
2561 1144 2874 1217 βασιλεῦσαι
2901 1142 3259 1213 καταστῆναι,
3292 1140 3450 1194 αὑτὸν
3478 1140 3529 1194 δὲ
3546 1142 3629 1212 τῆς
3646 1144 3723 1198 ﬁat.

2215 1258 2313 1295 κου
2338 1238 2671 1302 δυναστείας,
2701 1236 2923 1298 δικαίως
2955 1234 3180 1301 ὕστερον
3210 1234 3477 1286 ἐκπεσεῖν.
3495 1233 3725 1303 Συμὸαίνει

2216 1330 2326 1403 γὰρ
2356 1333 2481 1394 τοὺς
2511 1329 2616 1384 ὑπὸ
2645 1327 2723 1399 τῷ
2752 1327 2857 1399 νέῳ
2894 1327 3012 1398 μὲν,
3046 1325 3281 1396 ἔμφρονι
3317 1324 3375 1377 δὲ
3407 1325 3723 1395 τασσομένους,

2216 1423 2455 1486 ἀλύπους
2489 1418 2627 1475 εἶναι
2661 1421 2788 1484 τοὺς
2824 1421 2938 1472 ὅσοι
2981 1416 3405 1490 προγενέστεροι
3427 1414 3517 1487 (8).
3557 1417 3611 1468 0i
3651 1418 3726 1487 γὰρ

2221 1517 2514 1589 μετέπειτα
2541 1512 2842 1585 γενόμενοι,
2871 1510 2960 1564 διὰ
2987 1509 3048 1563 τὸ
3077 1509 3270 1581 ἑτέρου
3291 1507 3585 1578 ἀπειράτως
3607 1507 3724 1578 ἔχειν,

2218 1608 2338 1662 οὐδὲ
2377 1607 2566 1661 τοῦτον
2609 1606 2847 1658 ἐπαινεῖν
2894 1602 3142 1656 δύνανται
3163 1639 3180 1665 ,
3228 1599 3484 1670 ἀγόμενοι
3510 1616 3564 1651 τε
3588 1600 3726 1673 γνώμῃ

2219 1699 2506 1769 ἀλογίστῳ,
2536 1698 2629 1752 καὶ
2648 1698 2793 1768 ὁρμῇ
2829 1694 3138 1768 πνεύματος
3157 1694 3427 1747 ἐναντίου.
3477 1693 3727 1766 Ἐκκλησιᾶ-

542 1785 746 1881 lepono
775 1785 891 1864 seni
940 1785 1052 1878 regi
1103 1804 1325 1868 stolido,
1355 1803 1443 1857 cui
1480 1802 1532 1855 in
1567 1805 1803 1853 mentem
1832 1810 1938 1851 non
1973 1793 2115 1848 venit

2221 1790 2326 1854 ζων
2347 1790 2404 1844 δὲ
2434 1790 2538 1862 πρὸ
2574 1788 2865 1858 ὀφθαλμῶν
2897 1786 2986 1858 ἔχε
3019 1787 3109 1840 τόν
3130 1789 3177 1840 τ’
3229 1785 3426 1839 ἑαυτοῦ
3469 1785 3571 1855 βίον
3604 1787 3726 1857 ὀρθῶς

542 1905 661 1959 fieri
698 1916 880 1972 posse,
917 1900 1006 1955 Η.
1045 1908 1103 1953 ut
1129 1896 1399 1967 quispiam
1427 1909 1492 1948 ex
1527 1905 1747 1946 carcere
1777 1897 1940 1958 atque
1962 1901 2113 1956 erga-

543 1998 690 2055 stulo
721 1996 789 2051 ad
813 1995 963 2065 regni
985 1990 1350 2063 gubernacula
1374 1988 1768 2050 constituatur;
1795 1984 1909 2052 ipse
1936 1989 2118 2035 autem

2221 1881 2655 1955 διαπορεύεσθαι,
2680 1881 2775 1935 καὶ
2799 1880 2937 1953 ὑπὲρ
2956 1879 3063 1932 τῶν
3082 1878 3338 1951 ἀφρόνων
3358 1875 3610 1948 εὖχεσθαι,
3627 1876 3727 1941 ὅπως

2225 1975 2536 2028 ἐπίσταιντο
2577 1972 2792 2027 σύνεσιν
2833 1971 3110 2035 λαϐόντες,
3159 1969 3431 2025 ἐκκλίνειν
3476 1967 3563 2039 τὴν
3588 1970 3726 2041 πρᾶξιν

543 2099 735 2160 postea
771 2087 962 2155 iniquo
988 2084 1292 2155 principatu
1324 2082 1473 2151 juste
1496 2078 1837 2133 exturbetur.
1858 2074 1945 2129 l5.
1970 2070 2121 2126 Non-
2225 2068 2332 2122 τῶν
2366 2065 2633 2139 πονηρῶν.

543 2157 823 2254 nunquam
853 2182 996 2237 enim
1027 2180 1225 2245 evenit,
1258 2187 1316 2232 ut
1345 2177 1440 2247 qui
1468 2174 1654 2246 juveni
1703 2169 1948 2242 quidem,
1996 2179 2254 2222 caeterum
2312 2163 2555 2229 cordate,
2616 2161 2868 2225 subsunt,
2904 2159 3163 2216 maestitia
3197 2165 3420 2225 vacent,
3464 2157 3628 2213 saltem
3649 2173 3727 2211 ma-

541 2250 693 2348 jores
732 2285 883 2328 nam.
914 2272 1048 2327 Nam
1096 2275 1187 2342 qui
1232 2280 1416 2342 postea
1464 2270 1519 2323 in
1562 2269 1736 2323 lucem
1774 2263 2110 2336 prodierunt,
2147 2258 2405 2329 quoniam
2453 2255 2680 2311 alterius
2713 2254 3015 2324 periculum
3046 2269 3157 2309 non
3210 2251 3483 2319 fecerunt,
3532 2264 3592 2304 ne
3631 2250 3727 2305 hunc

547 2346 765 2441 quidem
816 2368 1039 2423 laudare
1086 2374 1333 2437 possunt.
1394 2364 1483 2419 l6.
1543 2362 1772 2417 Abducti
1830 2359 2080 2414 videlicet
2140 2353 2449 2409 inconsulto
2507 2350 2778 2415 consilio,
2852 2350 3263 2420 adversariique
3317 2348 3535 2419 spiritus
3584 2346 3726 2415 impetit

549 2465 853 2538 praecipites
906 2464 1035 2519 acti.
1100 2463 1188 2519 l7.
1238 2461 1499 2531 Quisquis
1547 2469 1728 2514 autem
1780 2455 2123 2513 Ecclesiaste:
2148 2465 2373 2506 munere
2416 2448 2681 2518 fungeris,
2727 2446 2856 2502 illud
2900 2446 2970 2502 ob
3008 2446 3194 2502 oculos
3239 2446 3460 2510 habeto,
3516 2454 3571 2498 ut
3609 2452 3728 2498 etre.

546 2571 696 2616 ctum
723 2560 847 2614 vita
874 2559 977 2614 iter
1008 2566 1214 2623 teneas,
1248 2566 1302 2612 et
1327 2571 1424 2625 pro
1447 2555 1626 2610 stultis
1650 2552 1906 2624 preceris,
1930 2558 1990 2605 ut
2022 2556 2241 2618 accepta
2263 2542 2547 2615 prudentia
2573 2541 2840 2597 malorum
2872 2541 3114 2595 actiones
3148 2540 3323 2594 vitare
3354 2538 3543 2594 sciant.

1167 2646 1397 2704 CAPUT
1433 2645 1498 2702 ν.

2581 2655 2587 2660 “
2826 2631 3058 2688 ΚΕΦΑΛ
3106 2630 3185 2685 E'.

617 2744 672 2800 1.
714 2742 924 2814 Lingua
978 2755 1141 2812 parce
1185 2741 1285 2806 uti,
1312 2739 1669 2809 praeclarum;
1725 2744 1888 2808 atque
1921 2734 1989 2790 ad
2029 2734 2115 2789 lo-

2289 2726 2547 2800 Γλώσσης
2572 2726 2629 2781 δὲ
2658 2724 2934 2796 φείδεσθαι
2960 2724 3141 2790 καλὸν,
3176 2723 3273 2777 καὶ
3305 2721 3618 2797 εύσταθούσῃ
3639 2722 3727 2795 χρῆ-

550 2835 753 2907 quendi
778 2835 1041 2897 studium,
1073 2834 1395 2903 gravitatem
1429 2830 1906 2900 constantiamque
1939 2828 2115 2883 cordis

2223 2818 2345 2875 σθαι
2376 2818 2572 2892 καρδίᾳ
2600 2819 2659 2871 ὲν
2684 2820 2749 2889 τῇ
2781 2817 2911 2889 περὶ
2939 2815 3131 2884 λόγους
3161 2814 3392 2886 σπουδῇ.
3437 2816 3509 2869 Οὐ
3544 2815 3633 2886 γὰρ
3657 2816 3726 2885 χρὴ

552 2904 834 2982 adhibere.
867 2923 985 2979 Non
1015 2926 1158 2978 enim
1192 2939 1293 2979 nos
1317 2923 1625 2978 inconsulto
1656 2922 1910 2992 loquendi
1941 2921 2115 2976 studio

2223 2911 2523 2980 ἀλογίστως
2551 2908 2729 2964 αὐτῶν
2762 2909 2975 2981 ἔχοντα,
3018 2910 3121 2963 κᾶν
3149 2909 3330 2963 ἄτοπα
3348 2949 3364 2974 ,
3404 2909 3438 2981 ἢ
3465 2908 3527 2962 τὰ
3551 2910 3626 2962 ἐπὶ
3645 2904 3725 2961 νοῦν

549 3017 722 3073 teneri
778 3024 1009 3086 oportet,
1068 3029 1239 3083 caque
1287 3029 1407 3083 quae
1468 3013 1525 3068 in
1582 3023 1822 3083 mentem
1870 3011 2115 3077 veniunt,

2225 3003 2465 3069 ἐλθόντα,
2492 3003 2664 3057 ταῦτα
2700 3002 2984 3074 προΐεσθαι
3015 3001 3104 3055 διὰ
3132 3002 3232 3073 τῆς
3258 3002 3444 3073 φωνῆς
3464 3019 3478 3032 ο
3507 3002 3605 3055 ἀλλ’
3626 3000 3727 3054 ἐνθυ-

549 3110 805 3182 quamvis
844 3108 1099 3168 absurda.
1148 3105 1390 3177 proferre
1429 3117 1591 3176 atque
1628 3106 1903 3171 emittere;
1930 3119 2115 3173 verum

2231 3095 2554 3167 μουμένους,
2597 3095 2678 3148 ὅτι
2725 3096 2773 3147 εί
2811 3094 2905 3147 καὶ
2952 3094 3086 3148 πολὺ
3131 3095 3517 3164 ἀφεστήκαμεν
3540 3089 3723 3164 ούρανοῦ,

550 3203 683 3258 illud
712 3201 975 3271 cogitare,
1015 3200 1158 3269 quod
1190 3199 1313 3253 licet
1354 3213 1550 3268 magno
1584 3197 1867 3251 intervallo
1904 3213 1934 3252 a
1980 3197 2119 3253 coelo

546 3296 837 3357 distemus,
881 3300 1088 3347 certum
1139 3299 1223 3346 est
1266 3299 1446 3345 tamen
1500 3305 1776 3345 sermones
1830 3298 2046 3344 nostros
2086 3306 2118 3343 a

547 3385 660 3441 Deo
699 3384 983 3450 exaudiri;
1034 3393 1195 3454 atque
1232 3384 1362 3438 utile
1390 3392 1473 3439 est
1513 3382 1726 3453 lapsum
1757 3382 1812 3436 in
1845 3382 2119 3453 loquendo

547 3490 763 3533 cavere.
789 3477 844 3531 2.
871 3476 1335 3543 Quemadmodum
1363 3476 1507 3530 enim
1534 3475 1714 3529 varias
1741 3474 1938 3529 animae
1957 3490 2118 3530 curas

548 3572 831 3640 multiplex
891 3570 1286 3624 insomniorum
1341 3569 1550 3639 species
1610 3568 1993 3639 subsequitur,
2052 3568 2118 3622 ad

546 3666 802 3719 eumdem
853 3676 1073 3733 quoque
1121 3662 1339 3715 modum
1388 3661 1568 3717 stultis
1611 3660 1791 3716 verbis
1838 3661 2119 3731 nugacitas

547 3756 838 3827 conjuncta
861 3765 963 3811 est.
990 3757 1043 3809 ’5.
1072 3753 1402 3809 Pollicitatio
1423 3770 1588 3825 porro
1617 3763 1743 3809 voto
1767 3753 1932 3818 facta,
1957 3755 2117 3808 finem

548 3866 647 3922 per
681 3866 821 3919 opus
857 3849 1107 3920 accipiat.
1144 3846 1239 3903 Est
1279 3847 1382 3903 hoc
1408 3847 1701 3902 stultorum
1730 3847 2029 3917 proprium,
2060 3855 2120 3900 ut

550 3941 803 4012 rcjectitii
853 3941 981 3997 sint.
1035 3940 1107 3994 At
1158 3948 1216 3994 tu
1264 3940 1520 4009 promissi
1554 3939 1844 3994 veritatem
1890 3949 2115 4010 praesta,

623 4072 847 4146 (5)__Kal
906 4075 1136 4146 ῂύκτωρ
1188 4074 1524 4146 σεμνότητι
1553 4074 1991 4146 σεμνύνεσθαι.
2038 4073 2116 4129 Ex

549 4143 886 4216 ms._'Medic.
918 4143 1106 4216 Billhts
1147 4143 1399 4216 emendat
1445 4143 1539 4196 καὶ
1588 4144 1801 4216 νύκτωρ
1830 4145 2117 4216 σεμνότητι

549 4213 957 4285 φαιδρύνεσθαι.
1012 4212 1079 4266 Et
1127 4222 1282 4266 noctu
1330 4213 1597 4267 honestate
1635 4223 1685 4267 et
1723 4212 1982 4283 gravitate
1993 4212 2118 4338 Jul-

551 4294 729 4338 aeaut.
764 4283 874 4337 Nec
915 4286 1072 4338 lonae
1112 4284 1398 4337 discedunt
1437 4284 1528 4338 alii
1555 4284 1893 4338 interpretes.
1927 4284 1987 4338 Ei
2030 4299 2113 4338 em

547 4283 729 4355 geant.
764 4283 874 4337 Nec
915 4286 1072 4352 longe
1112 4284 1398 4355 discedunt
1437 4284 1537 4355 alii
1555 4284 1893 4355 interpretes.
1927 4283 2113 4339 Eidem

549 4352 768 4410 lectioni
814 4356 956 4409 favet
996 4364 1052 4406 et
1089 4354 1256 4408 codex
1289 4352 1566 4422 Vaquerii.
1592 4353 1660 4405 At
1695 4352 1981 4408 Basiliensi
2003 4356 2119 4408 edi-

550 4425 682 4481 tioni
741 4424 953 4496 νύκτωρ
1002 4423 1318 4496 φαιδρότητι
1365 4440 1520 4494 σεμν.
1558 4423 1921 4495 suffragantur
1954 4425 2112 4480 codd.

548 4510 661 4564 reg.
693 4505 744 4548 et
771 4494 984 4548 Tnuan.
1016 4494 1146 4548 Duc.

620 4562 697 4636 (6)
741 4567 1110 4619 Βουλεύεται.
1147 4563 1443 4618 Admonuit
1468 4562 1657 4636 Billius
1688 4564 1739 4617 in
1775 4569 1896 4619 cod.
1919 4563 2112 4620 Medic.

550 4634 652 4703 legi
681 4634 1038 4704 βουλεύσεται
1059 4674 1074 4699 ,
1109 4650 1272 4703 quam
1306 4645 1483 4688 tamen
1510 4635 1795 4690 lectionem
1827 4637 1986 4690 obelo
2019 4652 2116 4689 uo-

552 4706 704 4775 tavit,
738 4722 835 4760 nec
866 4707 917 4759 in
963 4706 1406 4775 interpretatione
1446 4720 1550 4775 sua
1588 4715 1672 4761 est
1700 4706 2025 4775 amplexus:
2059 4715 2116 4761 at

549 4774 697 4829 illam
730 4784 908 4828 tuetur
932 4778 1100 4830 codex
1138 4773 1411 4843 Vaqui-rii.
1442 4774 1515 4828 In.

621 4845 716 4915 (7);
755 4845 893 4914 Ἐγὼ
920 4846 1006 4910 δὲ,
1036 4864 1088 4900 κ.
1122 4862 1171 4899 τ.
1195 4844 1243 4897 λ.
1275 4843 1430 4900 llunc
1461 4846 1636 4900 locum
1670 4845 1748 4900 sic
1772 4861 1801 4899 a
1829 4843 1887 4899 S.
1920 4845 2118 4915 Grego-

550 4915 633 4988 rio
675 4913 1083 4988 Thaumaturgo
1119 4916 1443 4988 explicatum
1478 4917 1607 4970 citat
1655 4916 1712 4988 S.
1753 4913 2115 4988 Hieronymus

552 4987 605 5039 in
638 5001 739 5040 suo
762 4986 1148 5039 Commentario
1176 4984 1230 5039 in
1261 4984 1632 5040 Ecclesiasten.
1671 4987 1895 5041 Voss.—-
1910 4984 2111 5041 Locum

551 5053 1031 5127 Hieronymiauum
1063 5058 1347 5110 retulimus
1378 5056 1517 5110 inter
1551 5054 1788 5111 Veterum
1812 5060 2116 5111 testimonia

551 5127 619 5181 de
645 5125 832 5180 nostro
855 5125 1137 5195 Gregorio.

624 5197 699 5267 (8)
742 5199 911 5267 Ὅσοι
970 5194 1440 5265 προγενέστεροι.
1520 5194 1836 5250 Subodoror
1912 5196 2115 5265 aliquid

554 5266 742 5321 deesse
766 5268 816 5320 in
843 5266 1031 5321 Graeco
1068 5286 1080 5319 :
1119 5282 1293 5334 neque
1340 5267 1483 5320 enim
1527 5267 1611 5320 his
1651 5267 1832 5320 verbis
1880 5266 2115 5335 perfecta

552 5349 639 5392 est
664 5339 949 5391 sententia.
984 5336 1347 5406 Hieronymus
1391 5338 1535 5406 hunc
1572 5337 1749 5391 locum
1801 5348 2014 5391 vertens
2059 5338 2113 5390 in

552 5409 945 5462 commentario
971 5424 1130 5476 quem
1155 5404 1372 5476 scripsit
1397 5406 1449 5459 in
1472 5404 1855 5472 Ecclesiasten,
1881 5407 1947 5460 ad
1972 5407 2116 5461 hunc

554 5480 773 5533 modum
815 5474 1092 5532 transtulit
1123 5495 1137 5531 :
1169 5474 1466 5530 Ita’tamen
1503 5490 1558 5530 ut
1589 5478 1682 5531 sub
1712 5482 1829 5531 sene
1862 5493 1977 5546 rege
2003 5492 2116 5530 ver-

553 5552 658 5602 sati
687 5551 812 5602 siut.
853 5547 1031 5615 Quare
1076 5556 1172 5601 aut
1219 5548 1272 5601 in
1318 5548 1593 5601 meliorem
1630 5548 1869 5602 codicem
1903 5546 2113 5612 incidit,

553 5629 649 5690 aut
675 5619 745 5674 ad
776 5620 1096 5690 explendam
1146 5619 1468 5690 sententiam
1511 5620 1756 5687 quaedam
1796 5618 1864 5672 de
1891 5632 1990 5672 suo
2017 5618 2116 5671 ad-

551 5687 679 5743 dere
713 5705 818 5743 non
849 5687 1136 5744 dubitavit.
1181 5687 1326 5742 BtLL.

622 5760 698 5830 (9)
732 5758 1089 5831 Παντοδαπῇ
1120 5758 1441 5831 φαντασίᾳ.
1468 5756 1877 5815 Emendandum
1908 5773 1977 5813 ex
2005 5755 2114 5812 Bil-

2224 3186 2512 3256 γινώσκειν
2531 3185 2658 3257 χρὴ,
2697 3187 2777 3239 ὅτι
2801 3185 2886 3238 ἐπ’
2915 3186 3137 3257 ἐπηκόῳ
3164 3184 3509 3256 φθεγγόμεθα
3526 3181 3726 3247 Θεοῦ,κσί

2224 3278 2338 3332 ἔστι
2359 3278 2631 3340 λυσιτελὲς
2660 3277 2840 3331 λαλεῖν
2869 3275 3285 3349 ἀπεριπτώτως.
3318 3277 3523 3346 Ὠσπερ
3546 3276 3594 3328 δὲ
3618 3290 3725 3345 φρον-

2223 3371 2334 3424 τίσι
2359 3370 2536 3441 ψυχῆς
2559 3370 2828 3433 ποικίλαις
2852 3369 3153 3442 παρέπεται
3178 3369 3473 3441 ὀνειράτων
3489 3367 3724 3435 παντοδαπῇ

2225 3462 2498 3534 φαντασία
2528 3462 2601 3533 (9)
2626 3478 2640 3491 '
2672 3460 2816 3515 οὕτω
2844 3462 2939 3515 καὶ¹
2974 3460 3254 3535 ἀφροσύνῃ
3287 3460 3521 3533 φλυαρία
3548 3457 3725 3522 συνέζειο

2224 3570 2370 3608 κται.
2422 3553 2752 3623 Ἐπαγγελία
2779 3551 2837 3605 δὲ
2867 3553 2932 3607 δι’
2965 3553 3131 3624 εὐχῆς
3159 3552 3443 3624 γινομένη,
3489 3552 3617 3613 τέλος
3635 3551 3723 3619 λαμ-

2225 3646 2434 3701 ϐανέτω
2461 3646 2529 3699 δι’
2558 3646 2740 3718 ἔργου.
2782 3646 3055 3718 Ἀφρόνων
3080 3645 3137 3698 δὲ
3170 3645 3327 3709 ἴδιον,
3370 3645 3432 3698 τὸ
3463 3643 3725 3713 emam;

2223 3736 2361 3794 εἶναι
2380 3757 2393 3770 ο
2431 3740 2497 3793 σὺ
2527 3739 2583 3793 δὲ
2618 3738 2823 3811 ἀληθὴς
2854 3738 2974 3803 ἔσο,
3026 3736 3312 3807 γινώσκων
3338 3738 3415 3802 ὡς
3442 3735 3599 3806 πολλῷ
3619 3736 3724 3804 dust-

2223 3849 2312 3885 νον
2345 3830 2418 3903 μὴ
2449 3830 2702 3897 εὔξασθαί
2747 3847 2836 3899 σε,
2888 3830 3023 3902 μηδὲ
3065 3830 3403 3901 ὑποσχέσθαι
3442 3832 3493 3883 τὶ
3517 3824 3720 3901 δρᾶσαιά

2222 3923 2538 3996 εὐξάμενον,
2571 3920 2691 3978 εἶτα
2717 3916 3065 3996 παραλιπεῖν.
3095 3924 3185 3976 Δεῖ
3206 3923 3264 3978 δὲ
3294 3923 3553 3986 παντοίως
3566 3919 3722 3993 φεύγειν

2222 4075 2296 4132 lio
2321 4086 2376 4132 et
2404 4075 2596 4131 Medic.
2615 4075 2775 4148 libro
2793 4116 2809 4143 ,
2856 4074 3198 4148 «armauit-ip
3217 4076 3505 4147 φαντασία.
3540 4073 3720 4148 Joannes

2223 4148 2526 4203 monachus
2574 4146 3117 4218 (OEcolampadius):
3156 4146 3439 4202 Variarum
3468 4146 3720 4218 animaru-

2224 4234 2406 4270 rarum
2429 4214 2643 4272 assecia:
2671 4214 3179 4287 suntgmultiformes
3210 4219 3579 4271 insomniorum
3601 4214 3719 4287 phan-

2223 4290 2391 4342 tasite.
2431 4288 2706 4341 Musculus
2740 4306 2753 4341 :
2801 4283 2996 4341 Varias
3020 4290 3186 4340 animi
3213 4304 3371 4341 curas
3402 4288 3557 4340 omnis
3575 4283 3717 4355 generi!

2220 4360 2548 4411 somniorum
2585 4358 2866 4428 phantasia
2896 4358 3195 4428 comitatur.
3235 4356 3353 4428 ῌοο
3389 4366 3470 4412 est
3499 4353 3621 4428 quod
3629 4353 3719 4428 fit?"

2224 4429 2371 4509 ganti
2406 4442 2562 4509 versu
2585 4419 2879 4509 'espressit
2926 4427 3219 4498 Gregorius
3252 4419 3719 4491 Nazianzehus'llzpl

2152 4488 2195 4542 Ι)
2223 4488 2331 4549 τῶν
2359 4495 2479 4551 καθ’
2512 4488 2721 4551 ἑαυτόνο

2255 4569 2572 4640 φροντίσιν
2600 4567 3010 4640 ήματίαιςλτὰρ
3034 4567 3227 4637 ὁμοιτα
3246 4566 3523 4640 φάσματα
3535 4560 3715 4624 νυκτός·

2315 4641 2393 4693 isa
2422 4640 2610 4691 etenim
2633 4654 2788 4691 curas
2810 4638 3054 4705 referunt
3074 4649 3329 4691 nocturna
3354 4638 3576 4707 diurnas.
3704 4696 3712 4707 .

2223 4709 2329 4763 Sed
2362 4709 2587 4762 alteram
2628 4717 2834 4777 partem
2884 4709 3046 4776 hujus
3074 4712 3363 4763 commatis
3399 4706 3715 4764 Thaumaturgt

2222 4780 2401 4847 aptius
2424 4779 2929 4832 fortassevertisset
2955 4780 3307 4833 doctissimus
3329 4777 3427 4830 Bill
3453 4794 3530 4836 us,
3551 4778 3607 4826 ad
3621 4784 3715 4821 ww

2220 4850 2336 4902 dem
2355 4864 2555 4920 quoque
2572 4848 2781 4920 modum
2804 4847 3048 4920 stultitia:
3064 4850 3356 4917 loquacitas
3374 4857 3447 4901 est
3468 4847 3714 4920 conjuncta:

2220 4935 2329 4983 quo
2353 4917 2507 4989 pacto
2531 4919 2692 4989 etiam
2726 4919 2819 4972 alii
2848 4920 2955 4989 duo
2984 4920 3304 4987 interpretes
3335 4920 3476 4972 hunc
3504 4917 3648 4969 locum
3665 4917 3716 4960 in-

2223 4986 2562 5044 tellexerunt.
2602 4987 2883 5043 Joannes':
2920 4986 3008 5041 Ita
3040 4999 3088 5041 et
3128 4986 3491 5057 imprudentia:
3527 4992 3715 5057 perpetua
3788 4998 3789 5013 ι

2228 5077 2396 5113 comes
2426 5068 2503 5112 est
2531 5058 2845 5128 loquacitas.
2878 5057 3153 5113 Musculus
3181 5055 3210 5111 ;“
3228 5058 3314 5112 Ita
3342 5069 3393 5112 et
3418 5055 3711 5128 stultitiaque

2222 5131 2423 5199 gacitas
2457 5119 2710 5183 adliceret.
2742 5128 3052 5183 Salomonis
3083 5138 3260 5183 textus
3280 5130 3357 5184 sic
3385 5132 3528 5183 habet
3549 5119 3713 5199 ίιιϐιπέ

2221 5191 2301 5253 cis
2340 5218 2353 5252 :
2393 5200 2500 5271 Καὶ
2540 5199 2687 5271 φωνὴ
2728 5199 2959 5271 ἄφρονος
3000 5200 3057 5252 ὲν
3103 5199 3294 5271 πλήθει
3339 5200 3520 5269 λόγων·
3564 5191 3619 5245 Et
3646 5198 3713 5240 ea:
3788 5228 3789 5235 η

2220 5271 2374 5322 stulti
2401 5269 2457 5321 in
2488 5236 3159 5324 m‘tlt'ltitt‘tdii‘i'erseif‘monum.
3195 5236 3438 5325 incertus
3471 5272 3709 5338 aucturﬁfc

2221 5342 2443 5410 exponit
2471 5340 2522 5391 in
2556 5338 2757 5410 Catena
2789 5338 2967 5410 Regiae
2998 5341 3337 5410 bibliothecae
3366 5360 3380 5398 :
3412 5341 3594 5410 Ὠσπερ
3614 5330 3651 5382 οι
3674 5330 3711 5410 ΞΥ

2219 5406 2401 5494 ἡμέρα
2446 5407 2842 5494 πειραζόμενοι.
2864 5406 2958 5489 καὶ
2976 5409 3063 5494 ..δι’
3092 5412 3374 5494 ἐνυπνίων,
3398 5406 3709 5494 ταράτξξὶξαξ

2220 5472 2482 5552 etiam
2509 5472 2749 5552 δ’ὄιφρων
2782 5480 2945 5534 αὑτοῦ
2972 5479 3059 5533 διὰ
3094 5482 3190 5552 τῆς
3221 5472 3526 5550 πολυλογίπ
3550 5472 3709 5552 ἐλέγκεζ

2218 5565 2329 5621 ται.
2361 5547 2813 5621 Quemadmodum
2842 5552 2932 5621 qui
2954 5547 3181 5605 interdiu
3207 5547 3483 5613 tentantur,
3502 5547 3711 5618 etiamgﬂ

2220 5620 2481 5695 insomnia
2512 5620 2888 5695 perturbantur
2901 5636 2933 5695 ε
2962 5622 3040 5675 ita
3089 5639 3291 5695 quoque
3333 5622 3515 5678 stultus
3544 5629 3623 5671 sua
3648 5621 3706 5661 ου’

2219 5691 2481 5761 quacitutc
2514 5690 2868 5761 redarguitar.
2900 5691 3033 5747 Duc.
