3950 6326
182 326 311 384 {SM

1238 322 1719 381 METAleASls
1758 322 1822 380 m
1861 325 2392 385 nccmsusmv.

3275 336 3414 393 1002

175 448 277 518 τὴν
289 445 402 500 τῶ.
426 466 476 499 υς
509 443 688 499 καλῶν
705 441 961 516 ῥημάτων
990 443 1268 516 ἐπιρροήν,
1290 444 1365 508 ὡς
1393 444 1750 515 ἀκουσομένου

1855 447 1909 502 4.
1958 446 2140 505 sciens
2180 447 2338 518 longe
2389 445 2486 503 tibi
2508 445 2680 504 satius
2723 462 2843 505 esse
2892 464 3001 504 non
3052 464 3268 517 vovere,
3316 468 3417 510 nec

174 539 336 594 Θεοῦ.
356 538 450 609 Τῷ
464 538 573 608 γάρ
588 537 757 591 ταῦτα
778 535 1159 607 ἐνθυμουμένῳ
1180 535 1340 589 πλέον
1358 535 1507 588 οὐδέν
1531 536 1753 608 ἐστιν,ῆ

173 629 609 686 τὸαίσθάνεσθαι
635 628 742 683 τῶν
770 626 963 682 ἑαυτοῦ
993 626 1167 700 ἔργων
1196 627 1299 680 ὑπὸ
1314 626 1446 680 Θεοῦ
1459 626 1756 700 διαφθειρο-

174 725 379 798 μένων.
399 725 609 794 ’Ὥσπερ
626 720 735 792 γάρ
753 720 820 775 τά
840 720 1008 775 πολλά
1020 720 1245 774 ἐνύπνια
1271 719 1494 791 μάταια,
1506 719 1648 772 οὕτω
1663 720 1755 772 καὶ

171 816 242 870 τὰ
260 815 435 871 πολλά
460 816 701 887 ῥήματα.
717 812 882 877 Φόϐος
902 813 957 867 δὲ
973 803 1131 877 Θεοῦ,
1152 811 1249 868 ἀνθ
1257 811 1450 884 ρώπων
1468 812 1750 883 σωτήριος,

174 912 410 972 σπάνιος
421 906 497 961 δέ.
521 904 683 959 Ὅθεν
711 903 823 977 [οὐ]
848 903 954 976 χρὴ
982 902 1278 974 θαυμάζειν
1303 903 1590 976 ἀφορῶντα
1617 903 1754 974 πρός

172 1015 233 1052 τε
245 1000 489 1070 πένητας
502 1013 833 1068 συκοφάντου
841 997 1030 1068 μένους
1037 1035 1052 1061 ,
1064 996 1159 1049 καὶ
1169 995 1303 1069 πρὸς
1312 995 1566 1060 δικαστάς
1578 1013 1753 1068 παρα-

170 1089 576 1162 λογιζομένους.
592 1089 714 1163 Χρὴ
727 1088 783 1142 δὲ
802 1087 1159 1161 ἐκτρέπτεσθαι
1171 1086 1233 1142 τὸ
1250 1086 1355 1142 τῶν
1369 1087 1752 1160 δυνατωτέρων

173 1183 436 1254 μείζονας
460 1177 601 1237 εἶναι
628 1182 823 1236 δοκεῖν.
853 1179 973 1255 Ιξᾶν
996 1178 1104 1252 γάρ
1130 1179 1416 1252 ἐκγένηται
1443 1178 1616 1244 τοῦτο,
1636 1179 1750 1234 ἀλλ’

166 1271 265 1329 οὖν
286 1275 399 1328 τῶν
426 1272 699 1345 ἐσομένων
727 1289 809 1326 σοι
840 1271 1103 1345 φοϐερῶν,
1132 1272 1194 1326 ού
1225 1271 1445 1345 ῥύσεται
1474 1290 1533 1326 σε
1562 1277 1594 1346 ἡ
1625 1275 1747 1329 καθ’

167 1368 344 1439 αὐτὴν
366 1367 619 1439 πονηρία.
647 1367 855 1437 ’Ὠσπερ
882 1365 938 1419 δὲ
967 1365 1154 1437 κτῆμα
1173 1366 1234 1419 τὸ
1260 1366 1318 1434 ἐξ
1349 1367 1601 1439 ἁρπαγῆς
1623 1367 1750 1437 βλα-

167 1458 482 1531 ϐερώτατον
499 1459 593 1514 καὶ
606 1456 984 1521 ἀνοσιώτατον,
1005 1457 1148 1512 οὕτω
1164 1458 1258 1512 καὶ
1276 1458 1430 1531 ἀνδρὶ
1444 1458 1597 1512 ἐπιθυ
1605 1462 1746 1533 μητῇ

167 1552 477 1626 χρημάτων
505 1552 604 1605 οὐκ
637 1551 909 1619 ὲκγινεται
929 1550 1041 1621 (10)
1064 1549 1243 1623 κόρος,
1273 1549 1384 1604 οὔθ’
1414 1553 1448 1622 ἡ
1470 1551 1620 1623 παρά
1641 1551 1749 1606 τῶν

167 1644 344 1708 πέλας
376 1643 590 1698 εὖνοιασ
615 1642 722 1698 κᾶν
741 1642 923 1697 ὁτιοῦν
950 1642 1179 1715 μάλιστα
1208 1643 1463 1716 πάμπολυ
1491 1636 1749 1716 ἀργύριον

164 1736 601 1808 ἐπικτήσωνται.
633 1734 807 1789 Τοῦτο
828 1735 926 1805 μὲν
949 1734 1056 1807 γάρ
1085 1734 1330 1805 μάταιον.
1377 1734 1669 1805 Ἀγαθότης
1690 1736 1747 1789 δὲ

1852 540 2122 594 facturum
2164 539 2368 611 aliquid
2423 540 2688 609 polliceri,
2738 555 2903 611 quam
2934 552 3060 612 post
3089 556 3412 616 conceptum

1851 639 2035 686 votum
2066 630 2119 685 id
2141 632 2469 702 relinquere.
2504 632 2559 688 5.
2583 630 2740 687 Omni
2764 641 2943 688 autem
2969 635 3175 689 ratione
3198 634 3415 705 fugien-

1850 723 1978 777 dum
2008 731 2093 778 est
2118 723 2355 793 turpium
2404 724 2692 779 verborum
2746 724 3096 794 profluvium,
3139 740 3241 783 nec
3267 729 3412 785 enim

1851 813 1961 869 Deo
2005 814 2247 869 inaudita
2287 823 2464 890 erunt.
2507 813 2641 870 Nam
2672 815 2738 871 ad
2765 831 2890 872 cum
2918 818 3013 887 qui
3046 818 3161 874 haec
3192 820 3413 890 cogitat,

1850 906 1997 962 nulla
2027 905 2133 960 alia
2164 905 2373 962 utilitas
2397 884 2539 962 redit
2560 921 2724 977 quam
2760 915 2822 961 ut
2842 884 3042 963 sentiat
3064 924 3225 979 opera
3250 884 3351 966 sua
3381 884 3413 967 Α

1849 996 1962 1053 Deo
1986 995 2295 1052 labefactari
2321 1005 2485 1067 atque
2511 997 2811 1068 corrumpi.
2839 997 2894 1052 6.
2928 996 2998 1053 Ut
3016 1001 3161 1054 enim
3184 1002 3417 1069 plerum-

1849 1103 1956 1159 que
1977 1087 2249 1143 insomnia
2273 1103 2435 1153 vana,
2458 1089 2539 1145 sic
2561 1089 2724 1144 etiam
2747 1089 3005 1161 pleraque
3025 1092 3207 1147 verba.
3229 1091 3414 1149 Timor

1847 1191 2028 1237 autem
2083 1180 2198 1247 Dei,
2232 1180 2547 1237 hominibus
2584 1180 2806 1252 quidem
2837 1182 3127 1249 salutaris;
3157 1194 3413 1241 caeterum

1849 1290 2029 1330 rarus.
2062 1274 2113 1327 7.
2149 1273 2419 1341 Quocirca
2448 1275 2585 1330 nihil
2616 1285 2700 1330 est
2723 1290 2821 1330 cur
2855 1275 3091 1341 mireris,
3124 1276 3169 1331 si
3196 1286 3253 1332 ct
3283 1294 3415 1348 pau-

1850 1381 2008 1435 peres
2044 1366 2344 1422 calumniis
2371 1366 2629 1436 opprimi,
2668 1375 2723 1422 et
2749 1366 2959 1436 iudices
2997 1368 3206 1439 legibus
3234 1370 3416 1439 impo-

1849 1465 2057 1513 sturam
2089 1456 2269 1519 facere
2308 1458 2528 1513 videris.
2578 1456 2631 1512 8.
2673 1456 2987 1514 Cavendum
3028 1474 3192 1530 porro
3216 1472 3323 1529 est,
3351 1477 3418 1517 ne

1849 1549 1920 1605 iis
1947 1550 2041 1621 qui
2086 1549 2326 1620 potentia
2373 1558 2655 1619 praestant,
2696 1550 2933 1620 majores
2961 1565 3083 1607 esse
3108 1552 3413 1609 videamur.

1847 1639 1983 1695 Nam
2012 1641 2229 1698 etiamsi
2258 1642 2363 1696 hoc
2380 1642 2658 1708 acciderit,
2683 1651 2862 1697 tamen
2881 1659 2949 1698 ex
2971 1642 3257 1699 horrendis
3285 1661 3415 1700 cru‘

1848 1734 2078 1815 ciatibus
2106 1734 2162 1790 in
2197 1750 2337 1805 quos
2363 1734 2688 1797 incidemus,
2711 1748 3060 1804 nequaquam
3084 1750 3185 1791 nos
3210 1736 3414 1807 impro-

162 1830 302 1893 τοὺς
360 1802 626 1893 συνόντας
681 1802 841 1900 αὐτῇ-
876 1802 1418 1901 ὑπερευφραίνουσα,
1449 1802 1747 1901 *ἀνδρείους

1851 1828 1993 1884 bitas
2038 1810 2157 1897 ipsa
2202 1802 2473 1883 liberabit.
2513 1827 2568 1883 9.
2602 1802 3065 1893 Quemadmodum
3111 1802 3302 1884 autem.
3330 1829 3416 1885 fa-

162 1919 550 1992 ἀπεργάζεται
590 1919 684 1974 τοῦ
733 1917 972 1992 καθορᾷν
1021 1917 1226 1972 ἕκαστα
1272 1919 1381 1972 τῶν
1413 1919 1748 1991 πραγμάτων

164 2015 495 2085 παρέχουσα
515 2012 613 2085 τὴν
639 2012 884 2085 δύναμιν.
901 2012 1061 2080 Μέγα
1074 2010 1130 2065 δὲ
1146 2012 1239 2066 καὶ
1259 2010 1320 2065 τὸ
1347 2012 1422 2083 μὴ
1453 2028 1749 2084 προστετη-

164 2108 328 2161 κέναι
356 2104 637 2171 τοιαύταις
664 2105 940 2177 φροντίσιν
958 2122 971 2134 ·
1002 2105 1031 2157 ὁ
1063 2103 1161 2176 μέν
1190 2121 1253 2174 γε
1283 2104 1474 2175 πένης,
1498 2105 1605 2159 κᾶν
1631 2104 1750 2159 δοῦ-

163 2198 260 2263 λος
290 2195 351 2272 ᾖ,
383 2197 481 2251 καὶ
511 2197 585 2270 μὴ
633 2194 1058 2268 ὑπερεμπλήσας
1104 2192 1201 2265 τὴν
1240 2193 1433 2247 ἑαυτοῦ
1479 2193 1746 2265 γαστέρα,

164 2289 486 2363 προσηνοῦς
517 2287 921 2363 μεταλαμϐάνει
946 2287 1048 2357 τῆς
1070 2285 1158 2340 διὰ
1183 2285 1277 2340 τοῦ
1300 2286 1466 2341 ὕπνου
1489 2286 1744 2350 ἀνέσεως

164 2379 409 2435 πλούτου
436 2379 493 2433 δὲ
520 2377 792 2449 ἐπιθυμία
849 2375 1061 2430 σύνεστι
1095 2376 1423 2448 ἀγρυπνίαις
1451 2376 1544 2429 καὶ
1571 2375 1749 2446 καμά-

162 2490 286 2537 τοις
311 2473 514 2543 ψυχῆς.
543 2472 608 2525 Τί
635 2471 679 2524 δ’
704 2470 770 2525 ἂν
793 2468 1002 2539 γένοιτο
1020 2467 1210 2522 τούτου
1237 2466 1599 2539 ἀτοπώτερον,
1631 2468 1663 2539 ἢ
1688 2468 1751 2521 τὸ

168 2563 318 2635 μετά
363 2561 568 2633 πολλῆς
613 2560 849 2632 σπουδῆς
898 2560 992 2615 καὶ
1034 2559 1350 2630 ἐπιμελείας
1379 2559 1750 2632 ἀποθησαυρί-

166 2659 335 2724 ζοντα
363 2659 457 2712 τὸν
501 2655 727 2711 πλοῦτον
762 2656 1065 2727 συντηρεῖν,
1110 2652 1317 2726 μυρίων
1344 2652 1519 2725 ἑαυτῷ
1548 2652 1750 2722 φυλάσ-

167 2769 342 2806 σοντα
392 2749 576 2805 κακῶν
625 2751 911 2820 ἀφορμήνς
967 2746 1077 2801 Kal
1126 2745 1219 2799 τὸν
1268 2744 1495 2799 πλοῦτον
1545 2744 1750 2798 ἐκεῖνον

167 2843 396 2915 ἀνάγκη
417 2840 710 2896 ἀπολέσθαι
725 2841 870 2895 ιποτὲ
895 2839 990 2894 καὶ
1007 2836 1391 2910 διαφθαρῆναι,
1412 2837 1523 2890 εἴτε
1543 2835 1752 2905 γένοιτο

164 2933 249 3006 τῷ
278 2932 608 3005 κτησαμένῳ
647 2931 829 2998 τέκνα,
876 2930 987 2982 εἴτε
1018 2929 1113 2984 καὶ
1144 2928 1250 2999 μὴ’
1282 2926 1443 2980 αὐτόν
1483 2943 1543 2980 τε
1581 2928 1629 2980 εἰ
1658 2928 1752 2981 καὶ

167 3027 251 3099 μὴ
283 3026 527 3099 βούλοιτο
548 3025 811 3098 προσήκει
835 3021 1072 3077 τοιοῦτον
1098 3023 1175 3086 εἰς
1207 3021 1304 3093 τὴν
1324 3019 1425 3093 γὴν
1447 3022 1629 3073 πεσεῖν
1658 3022 1751 3074 καὶ

1850 1920 2085 1975 cultates
2113 1930 2269 1991 raptu
2303 1920 2542 1977 collectae
2569 1935 2634 1975 ac
2678 1935 2774 1989 per
2806 1920 2913 1974 vim
2954 1929 3198 1985 extortae,
3233 1925 3416 1992 perui-

1852 2012 2176 2069 ciosissimae
2217 2021 2272 2066 et
2319 2012 2757 2068 sceleratissima:
2795 2021 2961 2077 sunt;
3000 2012 3081 2068 sic
3112 2012 3273 2068 etiam
3312 2014 3416 2069 ho-

1854 2106 1987 2160 mini
2020 2105 2370 2175 pecuniarum
2404 2104 2700 2175 cupiditate
2726 2103 2996 2174 flagranti,
3021 2120 3298 2175 nunquam
3327 2122 3417 2162 sa-

1849 2198 2029 2264 tietas,
2091 2212 2191 2253 nec
2238 2198 2610 2268 proximorum
2663 2196 3038 2254 benevolentia
3098 2199 3411 2268 proveniet,

1850 2291 2151 2360 quamlibet
2200 2289 2497 2345 maximam
2545 2290 2656 2344 vim
2706 2292 2918 2362 argenti
2963 2293 3260 2361 quaesierit.
3303 2291 3418 2349 Hoc

1850 2382 1993 2438 enim
2039 2398 2242 2438 vanum
2286 2390 2373 2438 est
2411 2391 2467 2438 et
2494 2382 2787 2437 inane.-At
2830 2382 3076 2452 probitas
3121 2382 3416 2441 familiares

1851 2490 1982 2532 suos
2011 2473 2272 2545 majorem
2303 2474 2357 2529 in
2392 2474 2613 2530 modum
2639 2473 2908 2542 oblectat;
2939 2473 3213 2546 fortesque
3232 2474 3416 2543 edicit,

1852 2582 1964 2622 rem
2016 2580 2457 2636 unamquamque
2503 2564 2862 2637 perspiciendi
2912 2564 3222 2622 facultatem
3273 2581 3414 2637 pra:-

1854 2658 2010 2714 bens.
2038 2656 2127 2711 l0.
2153 2656 2257 2712 Sed
2282 2666 2338 2712 et
2367 2654 2679 2728 hujusmodi
2702 2655 2850 2711 curis
2866 2656 3092 2712 minime
3113 2657 3415 2723 inbaesisse,

1849 2752 2203 2822 animumque
2255 2750 2545 2816 deﬁxisse,
2602 2764 2863 2821 magnum
2920 2749 3251 2805 censendum
3309 2759 3412 2806 est.

1853 2844 1940 2901 ll.
1971 2843 2262 2899 Enimvero
2289 2857 2516 2914 pauper,
2545 2840 2670 2902 licet
2692 2849 2969 2897 senectute
2991 2849 3268 2911 prematur
3287 2857 3418 2896 ven-

1854 2946 2101 3007 tremque
2121 2951 2280 2992 suum
2303 2946 2643 3003 nequaquam
2664 2932 2867 3004 largius
2892 2932 3210 3002 impleverit,
3236 2943 3417 2989 tamen

1852 3029 2038 3084 suavis
2062 3027 2239 3083 somni
2262 3027 2448 3096 requie
2477 3024 2707 3091 fruitur;
2743 3038 2903 3093 opum
2925 3033 3104 3079 autem
3126 3023 3418 3093 cupiditas,

167 3117 456 3182 ἀπελθεῖν,
478 3112 586 3181 οἷος
612 3117 705 3170 καὶ
734 3114 894 3169 ὁπότε
923 3116 1002 3179 εἰς
1022 3114 1080 3168 τὸ
1102 3109 1236 3167 εἶναι
1263 3110 1451 3182 παρὼν
1467 3111 1747 3184 ἐτύγχανε.

1854 3117 2156 3175 indivulsas
2180 3117 2408 3171 comites
2438 3115 2602 3171 habet
2632 3113 2845 3186 vigilias
2875 3122 2931 3169 et
2956 3115 3154 3169 anima:
3178 3114 3415 3171 labores.

167 3214 381 3275 Κεναῖς
420 3210 479 3264 δὲ
526 3211 711 3282 χερσὶν
758 3209 974 3263 ἀπιέναι
1006 3206 1231 3279 μέλλων,
1259 3204 1410 3272 αὔξει
1436 3204 1533 3277 τὴν
1560 3203 1750 3258 ἑαυτοῦ

167 3306 403 3368 κακίαν,
423 3303 611 3374 ὥσπερ
642 3302 742 3355 ούκ
770 3299 1183 3371 ἐνθυμούμενος,
1214 3297 1295 3351 ὃτι
1316 3294 1585 3349 ἐπίκειται
1605 3295 1754 3366 αύτῴ

165 3398 329 3461 τέλος
371 3394 468 3450 τοῦ
514 3394 629 3466 βίου
674 3396 742 3466 τῇ
782 3392 991 3461 γενέσει
1035 3392 1240 3462 ὅμοιον,
1286 3388 1381 3442 καὶ
1410 3390 1493 3442 ὅτι
1522 3386 1753 3458 ἀνόνητα

170 3490 405 3562 μοχθεῖ,
441 3489 521 3552 εἰς
550 3487 607 3541 δέ
638 3503 756 3541 τινα
805 3484 1001 3556 μᾶλλον
1033 3483 1232 3555 ἀνέμου
1275 3481 1479 3555 ὁρμὴν,
1515 3482 1657 3553 ἢπερ
1685 3482 1751 3551 τῇ

167 3580 383 3637 ἑαυτοῦ
416 3580 620 3650 σπουδῇ
649 3576 1022 3651 χαριζόμενος,
1045 3576 1431 3638 καταναλώσας
1448 3574 1537 3627 τὸν
1559 3573 1751 3628 ἑαυτοῦ

171 3677 298 3746 βίον
330 3671 640 3744 σύμπαντα,
684 3670 740 3724 ἐν
769 3688 829 3724 τε
861 3669 1175 3740 ἐπιθυμίαις
1206 3666 1615 3733 ἀνοσιωτάταις,
1661 3667 1754 3720 καὶ

169 3769 234 3820 ὲν
267 3768 469 3838 ὁρμαῖς
489 3763 720 3832 ἀλόγοις,
748 3762 828 3815 έτι
858 3761 916 3815 δὲ
940 3760 1133 3824 λύπαις
1152 3760 1243 3814 καὶ
1270 3757 1619 3831 ἀρρωστίαις.
1646 3758 1755 3810 Καὶ

173 3857 464 3913 συνελόντι
494 3856 679 3926 φάναι,
712 3855 902 3918 σκότος
937 3853 1035 3927 μέν
1062 3855 1167 3906 εἰσι
1192 3851 1271 3923 τῷ
1286 3850 1510 3922 τοιούτῳ
1537 3851 1595 3904 αἱ
1622 3849 1756 3921 ὴμέ-

174 3969 275 4022 ραι
290 3968 305 3982 ο
326 3948 526 4014 πένθος
555 3948 615 4002 δὲ
642 3950 676 4020 ἡ
709 3945 841 4019 ζωή.
860 3945 1086 4015 ’Δγαθόν
1106 3961 1170 4014 γε
1201 3943 1307 4016 μὴν
1326 3945 1503 3996 έκεῖνο
1533 3942 1628 3996 καὶ
1651 3943 1750 3996 οὐκ

170 4044 512 4117 ἀπόϐλητον·
546 4041 682 4097 Θεοῦ
713 4041 823 4114 γάρ
856 4040 973 4093 ἔστι
998 4039 1189 4111 δῶρον,
1222 4038 1284 4090 τὸ
1311 4035 1600 4108 δυνηθῆναι
1620 4036 1746 4090 ἀπο-

1857 3210 1943 3265 12.
1972 3208 2114 3277 Quid
2145 3223 2310 3280 porro
2350 3206 2640 3263 absurdius
2681 3221 2804 3262 esse
2852 3214 3036 3277 queat,
3086 3222 3250 3277 quam
3289 3221 3414 3261 cum

1856 3316 2052 3372 magno
2085 3300 2267 3357 studio
2299 3309 2353 3356 et
2380 3315 2512 3355 cura
2543 3298 2853 3370 reconditas
2898 3313 3029 3367 opes
3072 3313 3415 3362 conservare.

1856 3409 1921 3447 ac
1944 3398 2322 3448 sescentorum
2352 3389 2620 3445 malorum
2643 3389 2961 3446 occasiones
2990 3388 3093 3443 sibi
3116 3388 3217 3460 ipsi
3235 3399 3418 3446 custo-

1854 3484 2008 3538 dire?
2038 3484 2124 3538 l3.
2145 3481 2224 3537 Ac
2247 3481 2464 3536 divitias
2480 3480 2696 3551 quidem
2726 3480 2846 3535 illas
2868 3479 3179 3536 labefactari
3205 3495 3271 3536 ac
3298 3497 3420 3552 per-

1856 3574 1936 3630 ire
1988 3588 2209 3630 necesse
2232 3582 2334 3638 est,
2375 3572 2489 3628 sive
2517 3572 2567 3627 ei
2598 3572 2693 3642 qui
2725 3571 2824 3628 has
2855 3572 3080 3642 adeptus
3112 3575 3235 3627 est”
3263 3573 3418 3628 liberi

1855 3668 1984 3733 sint,
2012 3666 2129 3722 sive
2166 3666 2319 3720 nulli.
2376 3664 2462 3720 14.
2499 3662 2681 3733 Ipsum
2716 3672 2919 3731 autem,
2965 3665 3047 3718 vel
3091 3665 3318 3720 invitum
3355 3681 3421 3720 ac

1856 3766 2268 3829 repugnantem,
2299 3756 2460 3811 talem
2490 3756 2545 3811 in
2578 3764 2781 3810 terram
2819 3756 3013 3810 cadere
3045 3765 3206 3825 atque
3243 3757 3421 3811 disce-

1854 3853 1983 3907 dere
2019 3857 2249 3920 oportet,
2286 3849 2463 3920 qualis
2490 3855 2628 3912 erat,
2662 3863 2788 3903 cum
2820 3847 2874 3901 in
2905 3848 3045 3902 banc
3083 3846 3259 3902 lucem
3289 3862 3420 3917 pro-

1855 3942 2011 3999 diit'.
2036 3941 2124 3997 15.
2161 3940 2238 3996 lla
2259 3940 2448 3996 vacuis
2494 3939 2745 3995 manibus
2791 3938 3170 4003 abscessurus,
3224 3953 3420 4010 pecca-

1856 4044 1970 4090 tum
1999 4048 2157 4090 suum
2188 4032 2426 4104 augebit,
2450 4031 2674 4102 perinde
2703 4038 2867 4101 atque
2896 4030 3000 4085 hoc
3018 4044 3128 4085 non
3151 4030 3418 4101 cogitans,

1857 4125 2125 4182 nativitati
2158 4124 2392 4180 similem
2430 4122 2555 4177 vita:
2583 4121 2745 4178 finem
2780 4122 2885 4177 sibi
2918 4121 3225 4187 imminere,
3252 4134 3421 4190 seque

171 4138 385 4194 λαῦσαι
413 4136 696 4210 ἄνθρωπον
709 4134 815 4189 τῶν
829 4131 1019 4188 ἑαυτοῦ
1050 4127 1309 4203 καματῶν
1337 4131 1394 4183 ὲν
1422 4128 1751 4202 εὐφροσύνη,

172 4230 463 4292 θεόσδοτα,
492 4209 587 4283 καὶ
617 4230 715 4298 οὐχ
750 4223 1063 4298 άρπακτικά
1088 4222 1378 4293 δεξάμενον
1407 4220 1517 4292 (ll)
1551 4223 1750 4293 κτήμα-

1857 4218 2003 4273 inani
2029 4216 2213 4271 labore
2236 4213 2509 4284 torqueri;
2536 4210 2625 4269 16.
2662 4221 2826 4282 atque
2850 4211 2904 4265 in
2928 4213 3217 4281 quemdam
3240 4209 3421 4279 potius

172 4338 270 4378 τα.
293 4319 436 4374 Οὔτε
461 4319 570 4393 γὰρ
598 4292 800 4381 λύπαις
816 4309 969 4380 οὗτός
999 4331 1062 4384 γε
1086 4292 1250 4376 νοσεῖ,
1277 4310 1403 4365 οὔτε
1423 4310 1498 4375 ὡς
1515 4312 1606 4365 ἐπὶ
1624 4310 1750 4365 πολὺ

1856 4311 2002 4368 venti
2042 4311 2327 4380 impetum,
2356 4320 2519 4377 quam
2550 4320 2652 4359 suo
2693 4303 2865 4373 ipsius
2894 4301 3075 4357 studio
3097 4300 3417 4366 inserviens,

175 4412 519 4484 ἑνθυμήσεσι
540 4391 810 4482 πονηραῖς
839 4406 1106 4462 δουλεύειο
1153 4404 1543 4476 συμμετρεῖται
1572 4401 1628 4455 δὲ
1662 4401 1750 4455 τὸν

1857 4411 2027 4457 totam
2045 4400 2208 4454 vitam
2222 4411 2376 4454 suam
2392 4396 2446 4450 in
2459 4391 2845 4465 impurissimis
2858 4391 3246 4462 cupiditatibus
3262 4400 3421 4445 temo-

177 4482 383 4559 ἑαυτοῦ
413 4502 526 4574 βίον
554 4500 839 4568 εὐποιίαις,
870 4501 981 4563 τοῖς
1014 4499 1177 4553 πᾶσιν
1218 4494 1637 4567 εύθυμούμενος,
1668 4494 1750 4547 καῖ

1864 4494 2134 4561 rariisque
2166 4489 2609 4559 appetitionibus,
2638 4501 2701 4541 ac
2723 4495 2980 4555 praeterea
3011 4483 3064 4537 in
3092 4482 3419 4538 maeroribus

176 4592 591 4665 ἀγαλλιώμενος
617 4594 686 4664 τῇ
713 4591 805 4645 τοῦ
833 4589 967 4645 Θεοῦ
994 4589 1189 4661 δωρεᾷ.
1686 4604 1699 4615 ν

1864 4583 2178 4651 morbisque
2213 4580 2503 4636 consumit.
2548 4576 2741 4649 Atque,
2774 4588 2833 4631 ut
2861 4574 3182 4646 compendio
3218 4574 3419 4642 dicam,

181 4664 505 4756 huiusmodi
542 4683 745 4739 homini
779 4682 892 4737 dies
930 4681 1166 4736 tenebrae
1186 4687 1334 4745 sunt,
1382 4692 1449 4733 ac
1499 4680 1608 4732 vita
1662 4675 1862 4732 luctus.
1898 4674 1985 4729 l7.
2035 4669 2358 4739 Quanquam
2413 4667 2546 4722 illud
2612 4666 2834 4721 minime
2867 4664 3414 4756 rejiciendumiest:

180 4755 281 4836 i8.
307 4777 404 4834 Dei
435 4779 580 4833 enim
608 4775 869 4833 beneﬁcio
901 4773 1106 4829 homini
1135 4770 1419 4841 contingit,
1452 4778 1513 4826 ut
1558 4768 1838 4826 laboribus
1879 4767 1997 4824 suis
2045 4779 2173 4819 cum
2228 4761 2395 4817 animi
2452 4759 2813 4814 oblectatione
2864 4755 3191 4828 perfruatur,
3223 4755 3421 4809 divini-

180 4890 279 4932 tus
331 4882 586 4944 acceptas
631 4887 696 4928 ac
742 4886 849 4927 non
893 4869 947 4924 vi
985 4878 1224 4924 extortas
1262 4881 1392 4937 opes
1437 4865 1743 4936 possidens.
1794 4865 1881 4919 l9.
1938 4860 2123 4932 Neque
2170 4859 2315 4915 enim
2358 4856 2450 4912 ille
2487 4855 2819 4911 mmroribus
2870 4851 3153 4923 afﬂigitur,
3197 4867 3319 4918 nec,
3361 4861 3422 4906 ut

178 4968 509 5042 plurimum,
541 4965 697 5020 malis
722 4974 777 5020 et
813 4963 1035 5034 perditis
1062 4960 1480 5035 cogitationibus
1511 4961 1716 5017 servit:
1752 4959 1884 5030 quin
1924 4956 2105 5027 potius
2152 4951 2521 5009 beneficentiis
2563 4961 2618 5006 et
2658 4948 3037 5019 largitionibus
3065 4947 3231 5002 vitam
3266 4963 3419 5003 suam

181 5040 435 5125 metitur,
484 5060 538 5112 in
590 5057 844 5113 omnibus
893 5056 1055 5111 rebus
1113 5053 1280 5108 animi
1340 5052 1732 5123 tranquillitate
1760 5050 1968 5117 fruens,
1999 5056 2161 5118 atque
2193 5044 2263 5101 ob
2293 5042 2383 5100 Dei
2411 5043 2613 5099 donum
2634 5042 2818 5097 laetitia
2840 5040 3094 5109 gestiens.

780 5150 1028 5204 ΚΕΦΑΛ.
1070 5150 1157 5216 ς’.

2449 5136 2678 5196 CAPUT
2753 5135 2841 5192 Vl.

258 5242 577 5319 Πιρέξομαι
620 5243 680 5298 δὲ
727 5241 804 5313 τῷ
851 5242 1026 5312 λόγῳ,
1075 5239 1172 5312 τὴν
1219 5239 1453 5310 μάλιστα.
1497 5236 1750 5293 ἐπιπολά-

1935 5240 1989 5292 l.
2027 5235 2147 5291 Jam
2176 5250 2306 5292 vero
2331 5231 2699 5289 infelicitatem
2739 5228 2879 5301 apud
2915 5229 3162 5289 homines
3189 5226 3422 5280 maxime

187 5336 394 5404 ζουσαν
434 5333 740 5408 ἀνθρώποις
772 5332 1168 5405 κακοπραγίαν.
1207 5333 1372 5387 Ὅταν
1397 5330 1527 5396 Θεὸς
1563 5331 1660 5403 μὲν
1691 5330 1750 5384 τὰ

1864 5329 2200 5402 frequentem
2246 5339 2407 5399 atque
2438 5333 2777 5397 grassantem
2812 5320 3059 5377 oratione
3104 5332 3416 5403 persequar.

220 5536 229 5543 ε
262 5462 283 5494 ι
318 5457 426 5513 Job
450 5455 662 5524 13,20.
737 5455 760 5487 ι
791 5453 896 5511 .Iob
925 5471 964 5520 ι,
993 5454 1096 5521 21;
1129 5453 1146 5507 l
1176 5451 1319 5509 Tim.
1354 5468 1429 5517 vr,
1463 5452 1516 5506 7.

260 5577 381 5648 (ιο)
420 5576 890 5648 Οῠκίὲκτίζεται.
918 5573 1140 5644 Corrige
1168 5589 1236 5629 ex
1258 5572 1382 5628 cod.
1414 5568 1633 5637 Media,
1664 5567 1750 5622 οὖν

1871 5566 1958 5633 ιε,
1981 5566 2180 5637 ὀρνέων
2201 5564 2538 5648 ἀνάρπαστοι
2562 5561 2868 5648 γινόμενοι.Ι
2885 5550 3267 5648 Rursus-idem

190 5626 889 5720 εγξτξιέτοῑίξδράξςιῇιέοῒτ
1338 5626 1345 5627 ί
1411 5710 1444 5720 ,
1499 5710 1515 5720 ,
1671 5709 1706 5720 ..

1872 5626 2081 5692 necnon
2110 5651 2239 5691 mss.
2277 5626 2388 5702 reg.
2421 5626 2632 5720 Thuan.
2666 5626 2721 5689 et
2742 5630 2892 5686 card.
2921 5626 3260 5692 Lotharing.,
3291 5626 3425 5691 κτη-

265 5704 382 5783 (11)
420 5717 530 5771 Kal
562 5704 673 5787 ,οὐξι
724 5714 1038 5787 ἀρπακτικά
1058 5714 1364 5787 δεξάμενον.
1571 5708 1750 5764 Medic.

1876 5723 2040 5778 ματα,
2072 5722 2197 5763 cum
2222 5720 2442 5760 excuso.
2476 5704 2548 5757 lo.

198 5793 424 5857 rectius,
450 5790 542 5843 καὶ
556 5784 652 5859 οὐχ
664 5784 922 5859 ἀρπακτά
935 5784 1241 5855 δεξάμενον.
1275 5784 1364 5840 Sic
1385 5784 1524 5838 infra
1549 5796 1665 5851 cap.
1688 5794 1750 5834 IL

519 5855 790 5942 Parant.
839 5878 953 5937 Gn.
1004 5878 1084 5938 Χ.
2797 5934 2816 5942 Α
3041 5855 3119 5918 32

2797 5934 2837 5950 δη
