3834 6752
584 342 727 399 1005
1725 344 1783 399 S.
1824 343 2098 403 GREGOR

2201 342 2691 402 I‘HAUMATURGI
3614 346 3715 403 1001

583 465 638 519 2.
684 462 821 518 Cum
868 462 1125 517 nimirum
1174 461 1318 517 Deus
1352 462 1587 534 cuipiam
1637 465 1820 521 omnia
1871 481 1995 538 quae
2041 466 2097 537 ip

2208 464 2555 539 ,καταθύμια
2605 465 2784 521 αὐτῶν
2840 464 3049 520 ἅπαντα
3096 465 3476 539 ἐπιχορηγήσας
3494 505 3507 529 ,
3555 466 3722 537 unam;

581 554 736 611 cordi
767 561 945 621 erant,
981 552 1199 608 abunde
1219 552 1664 624 suppeditaverit,
1716 570 1816 612 nec
1837 556 1945 611 ulla
1968 570 2095 611 omn

2247 559 2552 613 οὑτινοσοῦν
2606 558 2714 613 τῶν
2758 561 2836 624 είς
2876 559 3164 633 ἐπιθυμίαν
3194 558 3441 615 ἐλθόντων
3468 560 3603 615 αὐτὸν
3625 562 3722 633 ἀφί-

580 661 655 702 no
686 661 747 701 re
775 660 841 701 ex
868 645 1126 702 omnibus
1172 660 1294 716 quae
1319 646 1561 701 animum
1592 646 1886 717 cupiditate
1916 656 2094 705 tentan

2247 651 2434 723 ληται,
2474 650 2547 722 μὴ
2582 652 2916 722 περιουσίας,
2952 653 3028 725 μὴ
3075 649 3398 717 πολυδοξίας,
3430 651 3497 723 μὴ
3533 652 3623 707 τῶν
3650 653 3726 707 λα-

579 753 705 794 eum
740 738 1085 808 Spoliaverit;
1134 754 1244 794 non
1276 739 1472 810 opibus
1508 747 1564 794 et
1603 738 1985 804 facultatibus,
2037 755 2093 795 nt

2250 743 2367 797 πῶν
2411 745 2540 816 περὶ
2584 743 2683 796 ὅσα
2716 744 2989 818 ἄνθρωποι
3022 744 3322 817 ἐπτόηνται·
3352 745 3380 798 ό
3405 743 3459 798 δέ
3491 746 3588 809 τοῖς
3607 748 3728 801 πᾶσιν

580 829 752 902 gloria
786 839 840 885 et
870 829 1180 900 splendore,
1211 846 1323 888 non
1343 831 1566 903 reliquis
1587 832 1709 887 aliis
1729 830 2002 899 omnibus,
2027 847 2094 903 qu

2246 832 2657 906 εὐθηνούμενος,
2710 834 2900 907 ὥσπερ
2946 834 3119 906 τούτῳ
3162 836 3308 907 μόνῳ
3357 834 3576 908 θεηλάτῳ

579 924 841 980 mortales
870 926 936 981 ad
970 934 1247 996 stuporem
1291 941 1466 997 usque
1508 925 1849 980 admirantur
1882 944 1895 979 :
1929 925 2019 981 ille
2050 941 2093 981 an

2247 926 2629 997 συνεχόμενος,
2672 927 2751 1000 τῷ
2802 929 2876 1001 μὴ
2915 926 3234 993 ᾁπολαύειν,
3280 926 3469 1000 ἑταίρῳ
3501 926 3571 999 τῷ
3610 928 3728 985 αὐτοῦ

580 1024 686 1070 tem
732 1016 989 1073 omnibus
1036 1018 1203 1074 rebus
1245 1016 1632 1074 circumﬂuens
1679 1017 1856 1089 (quasi
1905 1017 2008 1072 hac
2039 1032 2094 1071 ut

2245 1016 2596 1089 ταμιεύσεται
2630 1018 2738 1091 (12)
2761 1059 2776 1085 ,
2803 1019 2984 1073 πεσὼν
3023 1019 3270 1092 ἄκαρπος
3316 1018 3407 1073 καὶ
3453 1019 3633 1090 ἐαυτῷ,
3666 1024 3730 1076 nl

579 1109 891 1165 calamitate
946 1109 1208 1168 divinitus
1256 1109 1461 1166 inﬂicta
1524 1109 1819 1180 implicitus
1872 1117 2091 1164 teneatu

2245 1113 2358 1174 τοῖς
2403 1108 2646 1182 πλησίον.
2701 1111 2871 1165 Τοῦτο
2929 1111 3073 1183 μέγα
3119 1113 3410 1184 τεκμήριον
3447 1111 3532 1165 καὶ
3570 1111 3730 1185 ἔλεγχοι

575 1200 724 1271 quod
754 1216 943 1256 earum
971 1200 1152 1257 fructu
1182 1202 1411 1273 careat),
1450 1200 1539 1256 alii
1572 1217 1669 1257 sua
1697 1208 1975 1268 asservat,
2023 1202 2089 1257 in!

2246 1203 2518 1275 περιφανῆ
2585 1204 3025 1276 ὑπερϐαλλούσης
3079 1204 3189 1274 ἐγὼ
3244 1204 3453 1275 τίθεμαι
3500 1207 3727 1276 πονηρίαςι

576 1294 687 1348 tilis
720 1292 1008 1364 prolapsus
1035 1302 1089 1349 et
1114 1294 1220 1350 sibi
1252 1302 1309 1351 et
1331 1294 1616 1365 proximis.
1657 1295 1712 1349 3.
1748 1291 1865 1350 Hoc
1893 1309 2026 1350 sane
2058 1309 2088 1348 a

2244 1292 2415 1366 ἄνδρα
2456 1311 2514 1348 τε
2566 1295 2789 1360 ἐκεῖνον,
2841 1295 2900 1360 ὃς
2949 1296 3214 1371 πλείστων
3260 1297 3437 1370 πατὴρ
3483 1299 3730 1368 ὀνομασθείς

577 1393 893 1456 gumentum
946 1401 1203 1458 magnum
1230 1428 1247 1455 ,
1300 1387 1625 1458 signumque
1670 1387 2016 1458 perspicuum
2048 1402 2091 1441 e1

2243 1388 2448 1441 τέκνων
2462 1386 2682 1454 ἀσινῶς,
2716 1389 2864 1459 βιοὺς
2894 1390 2950 1444 δέ
2966 1391 3158 1462 χρόνον
3180 1390 3408 1462 μακρὸν,
3436 1392 3526 1445 οὐκ
3551 1391 3731 1464 ἐπλήσθη

574 1487 761 1533 tremas
807 1478 1091 1548 cujusdam
1140 1479 1509 1550 improbitatis
1554 1494 1677 1535 esse
1722 1494 1941 1536 censeo.
1999 1478 2081 1547 Qu

2243 1475 2605 1547 χρηστότητος
2635 1476 2732 1549 τὴν
2760 1477 2937 1550 ψυχὴν
2970 1480 3063 1533 ἐπὶ
3107 1478 3389 1542 τοσοῦτον,
3422 1480 3621 1535 θάνατον
3641 1482 3732 1555 (ίῖ)

573 1571 724 1625 illum
751 1587 973 1643 quoque
996 1572 1297 1641 hominem,
1333 1573 1427 1645 qui
1457 1572 1814 1643 plurimorum
1845 1572 2081 1629 liberoru

2243 1569 2438 1638 πεῖραν
2467 1569 2529 1620 οὐ
2560 1568 2738 1623 λαϐών
2760 1587 2774 1600 ·
2810 1569 2996 1625 τοῦτον
3027 1571 3224 1641 ἔγωγε,
3255 1572 3378 1625 οὔτε
3408 1572 3499 1644 τῆς
3535 1574 3732 1628 mitum-

572 1675 723 1732 pater
757 1666 876 1721 sine
923 1666 1030 1721 ulla
1077 1665 1378 1722 oti‘ensione
1421 1665 1772 1732 nominatus,
1822 1665 2043 1737 vitaque
2085 1684 2086 1720 :

2240 1657 2378 1723 δίας,
2421 1658 2546 1713 οὔτε
2578 1660 2677 1730 τῆς
2707 1661 3078 1736 πολυημερίας
3108 1663 3413 1735 ζηλώσαιμ⁹
3438 1664 3517 1717 ἄν·
3549 1667 3628 1718 καὶ
3644 1683 3731 1738 προ-

572 1757 803 1830 longum
820 1759 1108 1831 producta,
1134 1758 1468 1830 benignitate
1493 1767 1676 1814 tamen
1702 1774 1767 1815 ac
1788 1757 1998 1815 deliciis
2025 1773 2086 1812 an

2242 1750 2413 1820 κρίνω
2462 1750 2520 1804 δέ
2558 1751 2725 1805 αὐτοῦ
2769 1752 2945 1825 ἄωρον
3000 1754 3239 1826 γαστρὸς
3282 1752 3530 1825 μητρῴας
3568 1756 3733 1812 ἐκπεσὸν

569 1827 717 1905 mum
752 1827 903 1905 tanto
940 1860 1180 1921 tempore
1210 1827 1319 1906 non
1348 1850 1666 1922 expleverit,
1695 1850 1891 1907 mortis
1919 1849 2080 1905 interi

2240 1844 2496 1916 ἔμϐρυον.
2555 1845 2762 1900 Ἐκεῖνο
2810 1847 2918 1919 γὰρ
2964 1845 3152 1918 ὥσπερ
3181 1842 3315 1919 ἦλθε
3357 1848 3598 1918 ματαίως,
3616 1848 3734 1913 οὕτως

568 1944 814 2014 periculo
864 1944 1288 2016 haudquaquam
1333 1942 1513 2011 facto;
1564 1945 1712 2000 hunc
1751 1942 2003 2014 equidem
2040 1958 2082 1998 ηε

2242 1930 2425 1991 ἄπεισι
2455 1939 2549 1992 καὶ
2575 1938 2847 2012 λαθραίως
2873 1940 2931 1992 ἐν
2958 1940 3253 2012 ἀμνηστίᾳ,
3283 1940 3382 2012 οὐχ
3409 1940 3648 2012 ἁψάμενον
3668 1961 3733 1995 και

568 2049 874 2091 uumerosae
918 2035 1088 2106 prolis
1113 2073 1129 2099 ,
1183 2049 1285 2090 nec
1333 2035 1711 2092 diuturnitatis
1752 2036 1878 2092 vitae
1919 2033 2082 2090 uomit

2241 2031 2371 2095 κῶν,
2403 2033 2523 2086 οὐδὲ
2552 2032 2893 2104 προσϐλέψαν
2919 2031 3072 2104 ἡλίῳ.
3106 2033 3282 2086 Τοῦτο
3305 2033 3623 2102 κουφότερον,
3638 2034 3735 2105 ἢπερ

568 2129 788 2183 beatum
823 2127 1073 2183 duxerim
1105 2145 1119 2181 :
1151 2127 1262 2191 imo
1288 2141 1416 2182 vero
1441 2125 1610 2183 fetum
1633 2143 1664 2182 e
1685 2135 1932 2183 materno
1951 2133 2079 2183 vent

2238 2122 2318 2194 τῷ
2347 2124 2586 2196 πονηρῷ,
2616 2125 2717 2179 κᾶν
2758 2124 2949 2196 χιλίοις
2980 2123 3122 2178 ἔτεσι
3153 2125 3256 2197 τὴν
3286 2123 3478 2178 ἐαυτοῦ
3513 2124 3633 2197 ζωὴν
3648 2128 3733 2179 ἀνα.

565 2228 891 2289 ριίεηιοιυιιε
936 2219 1312 2283 excidentem,
1368 2228 1534 2289 atque
1606 2219 1798 2274 abortu
1867 2226 2079 2290 egestur

2242 2217 2641 2290 μετρησαμένῳ
2671 2218 2979 2290 ἀγαθότητα
3027 2217 3102 2290 μὴ
3149 2217 3363 2289 ἐπιγνῷ
3394 2218 3520 2289 (15).
3549 2217 3677 2280 Τέλος
3699 2218 3734 2269 δὲ

567 2313 667 2383 ipsi
701 2311 1097 2383 praeferendum
1122 2319 1273 2382 puto.
1331 2311 1386 2366 4.
1416 2311 1510 2368 llle
1544 2311 1729 2375 enim,
1770 2318 1831 2366 ut
1858 2308 2076 2367 incassu

2238 2309 2440 2379 ἀμφοῖν
2473 2308 2719 2373 θάνατος.
2763 2310 3146 2381 Ἐλεγχομένου
3182 2310 3449 2382 ἄφρονος,
3479 2308 3734 2380 μάλιστατῷ

567 2404 734 2471 venit,
788 2404 861 2458 ita
890 2402 1201 2460 clanculum
1229 2403 1392 2459 etiam
1419 2412 1474 2458 et
1502 2419 1628 2459 cum
1664 2402 1937 2459 oblivione
1959 2403 2081 2458 disc

2238 2400 2553 2474 πλησμονὴν
2623 2401 2891 2474 μηδεμιᾶς
2937 2402 3238 2474 λαμϐάνειν
3304 2401 3599 2473 ἐπιθυμίας.
3640 2402 3734 2456 ’οἃ

562 2495 675 2562 dit,
732 2496 788 2551 5.
829 2512 936 2555 non
964 2496 1267 2567 degustatis
1294 2496 1459 2567 hujus
1490 2496 1613 2551 vitae
1648 2495 1809 2551 malis
1830 2535 1846 2563 ,
1897 2510 2000 2551 nec
2023 2510 2076 2551 sn

2240 2495 2491 2567 σώφρων,
2544 2494 2755 2559 τούτοις
2803 2495 2904 2549 οὐκ
2945 2495 3214 2567 ἐνίσχεται
3267 2498 3382 2560 τοῖς
3432 2494 3646 2550 πάθεσιν.
3677 2494 3735 2557 '0;

559 2597 869 2659 prospecto.
934 2587 1091 2655 Quod
1135 2587 1354 2659 quidem
1401 2587 1571 2643 levius
1615 2595 1732 2652 est,
1775 2600 1939 2657 quam
1989 2601 2073 2657 qui

2235 2589 2281 2642 δ’
2315 2588 2408 2643 ἐπὶ
2438 2588 2500 2642 τὸ
2541 2588 2791 2642 πλεῖστον
2821 2587 3054 2661 εὐθύτης
3099 2589 3250 2661 ζωῆς
3290 2588 3565 2662 ἄνθρωπον
3595 2591 3648 2660 τῇ
3670 2607 3735 2642 ισ-

561 2693 822 2750 perverso
855 2679 933 2735 illi
957 2689 1011 2736 et
1042 2680 1328 2751 profligato
1353 2677 1560 2732 homini
1604 2677 1830 2746 accidit;
1885 2677 1978 2750 qui
2012 2677 2075 2734 lic

2234 2682 2324 2754 νίᾳ
2352 2682 2553 2755 ὁδηγεῖ.
2596 2680 2867 2754 Ἐξίστησι
2909 2680 2966 2735 δὲ
3009 2680 3237 2747 πολλοὺς
3282 2681 3564 2755 ὀφθαλμῶν
3599 2682 3735 2753 λίχνων

561 2772 620 2825 in
652 2770 800 2826 mille
832 2784 1009 2826 annos
1037 2771 1203 2825 vitam
1234 2783 1389 2825 suam
1420 2768 1768 2840 propagarit,
1798 2767 1922 2823 vita:
1954 2775 2075 2822 tamt

2236 2776 2500 2846 θεάματα,
2533 2774 2632 2847 τὴν
2659 2773 2835 2846 ψυχὴν
2863 2772 3207 2847 ἐρεθίζοντα,
3239 2775 3332 2829 ἐπ’
3357 2775 3597 2847 ἀνόνητον
3619 2792 3734 2827 σπον-

557 2863 846 2918 commoda
869 2879 977 2919 non
1001 2862 1244 2934 agnovit.
1285 2858 1584 2931 Utriusque
1605 2874 1771 2930 porro
1791 2858 1936 2926 ﬁnis,
1960 2874 2071 2914 mor

2233 2866 2330 2939 δὴν
2368 2866 2617 2934 ἕλκοντα,
2650 2865 2740 2920 διὰ
2763 2866 2860 2937 τῆς
2890 2864 2980 2919 τοῦ
3020 2866 3250 2939 ὀφθῆναι
3294 2868 3461 2939 κενῆς
3493 2866 3732 2938 ἐπιθυμίας.

567 2960 620 3017 7.
655 2962 924 3016 Caeterum
958 2959 1048 3015 hic
1071 2959 1306 3015 maxime
1336 2958 1540 3013 stultus
1563 2954 1940 3021 convincitur,
1985 2969 2081 3027 qut

2234 2958 2315 3012 Τὰ
2342 2957 2442 3030 μέν
2474 2975 2557 3011 τοι
2589 2958 2686 3012 νῦν
2716 2957 3090 3030 γεγεννημένα
3130 2956 3230 3030 ἥδη
3265 2958 3547 3029 ἔγνωσται·
3572 2958 3649 3012 καὶ
3672 2975 3734 3011 σα-

560 3054 711 3109 nulla
761 3052 1057 3122 cupiditate
1105 3052 1335 3108 satietur
1363 3058 1418 3104 et
1445 3050 1728 3120 expleatur
1759 3068 1775 3105 :
1808 3048 1862 3104 8.
1896 3049 1965 3103 At
2001 3064 2074 3121 pri

2233 3048 2333 3120 φές
2375 3048 2655 3120 τυγχάνει,
2700 3048 2776 3113 ὡς
2815 3051 2929 3113 τοῖς
2968 3049 3107 3121 ὑπὲρ
3146 3049 3312 3104 αὐτὸν
3354 3049 3617 3124 ἄνθρωπος
3637 3051 3736 3103 ἀντι-

557 3147 692 3203 dens
721 3154 774 3200 ct
806 3146 1119 3201 moderatus
1153 3145 1239 3201 his
1267 3143 1551 3200 aﬂ‘ectibus
1589 3142 1817 3198 minime
1839 3142 2071 3198 retinetu

2231 3128 2524 3196 τάσσεσθαι
2548 3142 2648 3212 ούχ
2678 3134 2789 3205 οἷός
2817 3157 2898 3193 τε.
2922 3140 3183 3212 Φλυαρίαι
3206 3158 3273 3211 γε
3307 3142 3416 3213 μὴν
3437 3141 3565 3195 κατὰ
3587 3139 3733 3212 ἀνθρὼ-

557 3238 695 3295 Fere
719 3239 779 3294 ﬁt
816 3248 998 3294 autem
1022 3278 1037 3303 ,
1091 3246 1153 3294 ut
1180 3237 1308 3293 vita:
1337 3236 1605 3293 rectitudo
1632 3244 1686 3291 et
1715 3235 2001 3308 integritas
2028 3235 2071 3291 lu

2231 3251 2367 3298 πους
2398 3231 2739 3305 στρέφονται,
2770 3232 2870 3305 τὴν
2896 3230 3003 3287 τῶν
3031 3232 3331 3304 χρωμένων
3360 3232 3539 3288 ἄνοιαν
3565 3230 3734 3297 ἐπαυξά-

557 3330 758 3387 minem
811 3331 880 3386 ad
921 3338 1293 3402 paupertatem
1320 3330 1504 3386 ducat.
1562 3328 1618 3384 9.
1658 3325 1856 3385 Multos
1891 3342 2022 3385 vero
2059 3328 2127 3385 de
2230 3344 2437 3383 νουσαι.

555 3426 756 3483 mentis
803 3426 971 3498 gradu
1006 3426 1270 3496 dejiciunt
1306 3424 1616 3496 procacium
1645 3424 1929 3480 oculorum
1960 3434 2236 3496 aspectus,
2291 3423 2530 3479 animam
2591 3421 2900 3489 incitantes,
2953 3437 3018 3478 ac
3067 3438 3163 3493 per
3218 3423 3443 3480 inanem
3471 3422 3736 3477 videndicu—

554 3520 834 3590 pidltatem
888 3522 956 3577 ad
1004 3521 1194 3577 inutile
1255 3520 1497 3577 studium
1560 3524 1960 3590 pertrahentes.
2030 3518 2118 3575 10.
2184 3517 2474 3573 Enimvero
2536 3531 2600 3571 ea
2645 3530 2769 3586 quas
2815 3529 2963 3571 nunc
3012 3513 3155 3569 facta
3207 3526 3379 3584 sunt,
3432 3516 3540 3586 jam
3578 3512 3734 3583 cognita

555 3627 683 3673 sunt
711 3636 727 3674 :
760 3620 1219 3691 perspicuumque
1278 3628 1382 3686 est,
1430 3617 1710 3673 hominem
1776 3617 1845 3674 iis
1901 3631 2024 3688 quae
2080 3630 2241 3685 supra
2301 3628 2361 3670 se
2419 3622 2583 3681 sunt,
2627 3611 2885 3668 reluctari
2927 3620 3092 3682 atque
3121 3610 3399 3667 obsistere
3457 3626 3559 3667 non
3606 3620 3732 3681 posse.

555 3711 642 3767 11.
662 3712 929 3769 Caeterum
966 3728 1127 3785 nugae
1157 3722 1213 3768 et
1234 3712 1449 3782 ineptia:
1468 3712 1610 3767 inter
1630 3710 1880 3767 homines
1908 3716 2215 3774 versantur,
2266 3721 2456 3762 eorum
2489 3704 2583 3775 qui
2613 3705 2680 3761 iis
2711 3712 2940 3761 utuntur
2959 3703 3253 3759 amentiam
3277 3711 3558 3776 augentes.

1126 3805 1356 3862 CAPUT
1437 3804 1546 3860 VII.

2828 3799 3079 3854 ΚΕΦΔΛ.
3117 3800 3193 3861 Z’.

625 3901 676 3958 1.
717 3899 850 3956 Nam
886 3917 1010 3956 cum
1047 3900 1218 3955 nihilo
1248 3900 1510 3971 majorem
1544 3898 1829 3956 utilitatem
1863 3899 1910 3955 is
1947 3896 2124 3968 perci-

2297 3893 2577 3967 Μηδαμῶς
2598 3892 2706 3964 γὰρ
2731 3891 2891 3946 πλέον
2905 3908 2957 3944 τι
2986 3888 3371 3962 ὠφελουμένου
3395 3889 3490 3945 τοῦ
3509 3888 3734 3959 γινώσκον-

551 3992 704 4063 piat,
756 3993 849 4062 qui
899 4007 963 4046 ea
1005 4006 1129 4063 quae
1164 4007 1231 4046 ex
1274 3992 1443 4045 animi
1475 3990 1747 4046 sententia
1774 3990 1878 4047 sibi
1922 3990 1978 4045 in
2014 3989 2065 4044 vi

2224 3979 2315 4050 τος
2348 3986 2414 4041 τὰ
2442 3983 2590 4056 αὐτῷ
2624 3982 3009 4055 συμϐησόμενα
3032 3981 3185 4054 παρὰ
3212 3983 3306 4036 τὸν
3334 3981 3447 4053 βίον
3466 3978 3730 4049 καταθύμια·

549 4091 811 4138 eventura
865 4092 1033 4150 sunt,
1103 4090 1385 4153 perspecta
1452 4081 1675 4137 haberet
1731 4081 2024 4153 (tingamus

2233 4078 2416 4150 θῶμεν
2448 4078 2554 4151 γὰρ
2585 4075 2744 4130 τοῦτο
2785 4075 2894 4146 (14)
2914 4091 2928 4106 ο
2961 4075 3108 4147 ὅμως
3139 4074 3196 4127 δέ
3228 4075 3329 4128 καὶ
3361 4075 3470 4128 τῶν
3498 4072 3731 4144 ἀνθρώπων

548 4173 754 4243 enim);
785 4181 964 4227 tamen
992 4172 1095 4227 hoc
1119 4185 1335 4242 quoque
1356 4170 1641 4225 hominum
1666 4170 1959 4227 curiositas
1979 4184 2062 4225 cor

2225 4171 2512 4245 περιεργίᾳ
2537 4170 2906 4241 ἐπιτεχνᾶται,
2930 4168 3005 4233 ὡς
3029 4168 3123 4223 καὶ
3146 4167 3214 4222 τὰ
3237 4168 3381 4240 μετὰ
3408 4168 3615 4224 Θάνατόν
3633 4181 3730 4227 τινος

551 4262 862 4319 miniscitur
885 4306 898 4329 ,
949 4272 1008 4318 ut
1034 4278 1098 4317 ea
1127 4262 1291 4318 etiam
1326 4277 1448 4331 quae
1478 4270 1602 4332 post
1633 4271 1860 4317 mortem
1893 4260 2065 4333 alicuji

2226 4265 2454 4320 ἑκάστου
2506 4263 2770 4334 ἐσόμενα,
2820 4259 3295 4335 πολυπραγμονεῖν
3355 4277 3417 4314 τε
3474 4259 3561 4314 καὶ
3606 4257 3732 4312 δοκεῖν

549 4353 730 4411 futura
762 4364 921 4427 sunt,
951 4353 1111 4409 anxie
1145 4352 1422 4422 inquirere
1447 4367 1512 4408 ac
1542 4351 1682 4407 scire
1708 4352 2015 4407 videantur.
2062 4360 2063 4371 ‘

2226 4358 2440 4412 εἰδέναι.
2475 4357 2677 4427 Μνήμη
2708 4354 2765 4409 δέ
2797 4352 2975 4426 ἀγαθὴ
3003 4354 3147 4425 ψυχῇ
3181 4351 3605 4426 προσηνεστέρα,
3630 4348 3730 4418 ῆπερ

548 4451 719 4505 l’orro
747 4446 890 4504 fama
916 4448 1055 4505 bona
1092 4445 1315 4503 suavior
1338 4452 1423 4500 est
1444 4444 1640 4499 anima:
1664 4444 1707 4511 ⁸,
1741 4460 1903 4515 quam
1934 4444 2057 4501 oleu

2226 4450 2436 4521 σώματι
2465 4448 2659 4503 ἐλαιον·
2696 4448 2788 4504 καὶ
2834 4448 2950 4520 βίου
2999 4446 3195 4515 ἔξοδος,
3228 4446 3468 4518 ἀμείνων
3504 4441 3727 4513 γενέσεως·

548 4543 796 4615 corpori;
825 4548 879 4596 et
903 4540 1024 4595 vita:
1049 4538 1248 4602 exitus,
1273 4536 1468 4592 melior
1489 4536 1771 4592 nativitate
1797 4555 1812 4591 :
1856 4537 1910 4592 5.
1938 4536 2062 4607 Atqt

2221 4544 2316 4595 καὶ
2347 4538 2706 4613 αἱρετώτερον
2734 4537 2968 4603 πενθεῖν,
2999 4536 3032 4608 ἢ
3076 4534 3376 4608 κωμάζειν,
3410 4536 3503 4591 καὶ
3543 4533 3597 4587 τὺ
3628 4546 3727 4599 πιρ-

547 4634 843 4705 optabilius
879 4642 933 4688 et
962 4630 1326 4703 praestabilius
1364 4629 1549 4700 lugere
1579 4645 1742 4700 quam
1792 4644 2061 4685 comessar

2221 4637 2358 4689 εἶναι
2391 4636 2503 4698 τοῖς
2545 4631 2921 4703 λυπουμένοις,
2957 4630 2990 4701 ἢ
3023 4632 3133 4693 τοῖς
3168 4628 3596 4701 μεθυσκομένοις.
3616 4624 3727 4677 Ἔστι

545 4741 612 4781 ac
646 4725 1004 4781 maerentibus
1051 4723 1244 4779 adesse
1275 4737 1437 4791 quam
1469 4721 1718 4777 ebrietati
1747 4722 2059 4778 studentibu

2221 4728 2330 4800 γὰρ
2354 4726 2514 4793 οὕτω,
2547 4725 2779 4782 λαϐόντα
2810 4725 2933 4780 τινὰ
2970 4723 3066 4779 τοῦ
3101 4722 3216 4794 βίου
3261 4724 3413 4788 τέλος
3447 4722 3518 4795 μὴ
3557 4716 3728 4785 εὐλαϐηο

548 4817 639 4873 Sic
660 4818 804 4871 enim
834 4833 892 4872 se
921 4833 1008 4872 res
1033 4817 1215 4882 habet,
1237 4816 1382 4885 quod
1404 4815 1448 4870 si
1473 4815 1596 4885 quis
1627 4814 1773 4870 hunc
1798 4815 1923 4870 vitae
1951 4816 2058 4871 [ine

2223 4818 2377 4890 θῆναι
2410 4820 2538 4892 περὶ
2569 4819 2675 4874 τῶν
2718 4820 2855 4891 ἀμφ’
2887 4817 3063 4872 αὐτόν.
3110 4816 3348 4881 Γέλωτος
3392 4817 3449 4871 δέ
3481 4813 3631 4886 θυμὸς
3661 4809 3727 4879 ἔμ-

544 4919 737 4964 nactus
768 4908 950 4974 fuerit,
984 4908 1051 4964 de
1082 4908 1168 4967 his
1200 4921 1324 4979 quae
1352 4907 1498 4962 circa
1526 4922 1585 4962 se
1610 4916 1759 4973 sunt,
1794 4921 1892 4962 nec
1919 4907 2058 4962 timo

2220 4929 2371 4984 φρων
2419 4911 2836 4985 προτιμότεροςο
2870 4910 3114 4981 αύστηρᾷ
3163 4909 3270 4982 γὰρ
3309 4909 3542 4964 διαθέσει
3570 4899 3727 4977 προσώ·

540 5018 644 5057 nec
676 5000 1040 5059 sollicitudine
1068 5000 1353 5055 aﬂiciatur.
1396 5000 1449 5053 4.
1484 4998 1767 5054 Consimili
1799 4998 1963 5055 modo
1988 5015 2053 5070 pr

2220 5020 2357 5067 που,
2399 5002 2758 5075 κατορθοῦται
2800 5001 2970 5073 ψυχή.
3000 5002 3063 5055 Δί
3098 5002 3196 5073 μὲν
3239 5002 3421 5054 τοίνυν
3456 4998 3556 5053 τῶν
3585 4993 3725 5063 σοφῶν

542 5096 677 5151 dens
708 5095 786 5149 ira
814 5093 947 5150 risui
980 5091 1315 5164 praeferenda
1362 5099 1479 5159 est;
1530 5106 1718 5147 severa
1749 5092 1896 5146 enim
1928 5092 2056 5146 vultu

2219 5096 2409 5165 ψυχαὶ,
2457 5094 2907 5167 σκυθρωπάζουσι
2949 5096 3044 5148 καὶ
3077 5092 3466 5156 συστέλλονται,
3491 5091 3544 5144 ai
3581 5088 3628 5141 δέ
3649 5082 3724 5139 τῶν

541 5186 881 5250 habitudine,
922 5186 1103 5240 anima
1130 5183 1197 5239 ad
1226 5193 1432 5240 rectum
1462 5182 1861 5254 honestumque
1884 5199 2055 5255 comp:

2218 5187 2466 5260 ἀφρόνων
2526 5188 2880 5260 ἐπαιρόμεναι
2935 5186 3254 5257 διαχέονται.
3330 5185 3469 5237 Πολὺ
3517 5181 3568 5235 δέ
3617 5180 3728 5232 ἐστιν

540 5281 710 5337 nitur.
778 5280 831 5335 5.
868 5279 945 5334 Ac
988 5280 1292 5350 sapientum
1344 5275 1562 5348 quidem
1625 5276 1822 5331 animae
1889 5277 2054 5332 tristlt

2218 5280 2594 5350 εὐκταιότερον
2638 5278 2926 5351 ἐπίπληξιν
2960 5276 3123 5348 σοφοῦ
3153 5276 3269 5340 ἐνὸς
3298 5274 3562 5343 δέξασθαι.
3587 5267 3723 5342 ἢὸλου

608 5390 634 5426 δ
668 5390 827 5447 Prov.
859 5406 996 5456 nu,
1031 5392 1082 5446 1.

609 5514 720 5589 (12)
760 5510 1371 5589 Ταμιεύσεταικῦοιάιί.
1402 5507 1596 5589 M_e_dic.
1644 5517 1702 5589 _et
1741 5505 1980 5589 Thuanv
2013 5524 2121 5589 ταέ

2218 5518 2309 5583 net
2334 5509 2418 5589 vel
2445 5510 3281 5589 dv_aperp_rjedpevo;_legendnm,
3306 5506 3548 5589 vel,_quod
3571 5500 3722 5589 meling

542 5569 806 5655 μιὲύεται.
833 5569 1382 5655 buezus.—Le_gisse
1397 5579 1617 5655 videtur
1643 5580 1909 5647 interpres
1937 5577 2056 5650 ἐτέρ

2216 5580 2468 5651 quadrat,
2503 5569 2821 5655 ἐπιγνῶναι,
2848 5592 2909 5637 ut
2934 5569 3010 5655 :in
3028 5569 3160 5655 fms.
3210 5569 3359 5638 card.
3392 5569 3610 5655 'llotliar.
3645 5569 3722 5623 Alii

537 5645 606 5710 τὰ
633 5656 799 5710 αὐτοῦ
832 5652 1175 5726 ταμιεύεται.
1206 5645 1367 5706 Εἶητ.
1396 5648 1643 5706 Ρλτκοι..
1787 5645 1799 5647 ’
2033 5645 2044 5650 ’

2222 5645 2403 5726 tamen
2439 5645 2906 5726 codd.'vulgatam
2933 5652 3221 5726 lectionem
3252 5660 3508 5726 ‘tuentur._

611 5709 748 5796 (η’)
783 5709 932 5791 ισωξι
959 5724 1231 5796 θανάτουη
1449 5792 1460 5796 _
1626 5789 1651 5796 _
1706 5790 1821 5796 _____
1972 5791 1987 5796 _

2286 5723 2399 5794 (14)
2429 5721 2630 5793 Θῶμεν
2654 5709 2765 5794 τὰὲ
2791 5721 2988 5779 τοῦτο.
3015 5721 3178 5781 Deest
3198 5723 3305 5796 γάρ
3332 5723 3383 5777 in
3416 5719 3530 5777 cod.
3551 5709 3716 5796 ξθνίίϋ·

605 5784 741 5870 (15)
762 5784 1317 5867 Ἀναρετρησιιμένῳ
1435 5789 1676 5863 ἐπιγνῷ.
1706 5790 1896 5849 Billius
1922 5791 2107 5849 admo-

2514 5784 2531 5793 -
2662 5784 2741 5794 ..
3210 5784 3286 5796 ..
3566 5784 3632 5840 ι’.
