3950 6326
581 379 603 432 1
614 379 716 434 007

1697 376 1755 432 S.
1797 377 2124 434 GRF-GOilll
2165 376 2672 435 TllAUMATL'BGI

3619 389 3634 440 i
3643 392 3722 443 008

579 497 643 548 ad
674 495 962 563 regerenda
1011 495 1252 551 convicia
1301 495 1414 565 ipse
1443 510 1660 566 quoque
1689 497 1997 551 abducaris.
2053 497 2130 550 24.

2247 497 2456 566 Καρδία
2497 498 2593 566 μὲν
2636 497 2743 569 γὰρ
2785 498 2951 570 αὐτῆς
2996 499 3274 568 σαγηνεύει
3314 502 3428 563 τοὺς
3471 503 3724 573 παριόντας,

577 587 703 642 [huc
727 587 908 642 omnia
939 603 1040 658 ego
1075 603 1286 647 noram.
1319 589 1641 658 sapientiam
1670 603 1698 642 a
1730 587 1841 644 Deo
1874 603 2140 642 consecu-

577 689 706 735 tus:
735 694 840 748 qua
876 678 1068 734 deinde
1108 679 1333 742 amissa,
1384 678 1472 732 25.
1507 675 1620 746 jam
1671 679 1774 732 mei
1803 679 1996 732 similis
2020 693 2140 732 esse

575 769 891 840 nequibam.
950 769 1040 824 26.
1071 768 1346 839 Sapientia
1397 770 1540 823 enim
1586 784 1616 823 a
1661 785 1747 824 me
1786 770 1839 824 in
1874 768 2137 823 infinitam

578 861 970 932 longitudinem
997 860 1151 930 fugit,
1175 870 1227 914 et
1255 860 1308 914 in
1337 859 1652 914 immensam
1682 861 2137 930 profunditatem:

577 965 635 1009 ut
675 954 808 1008 mihi
847 970 965 1008 eam
1004 953 1245 1021 arripere
1285 953 1425 1007 ultra
1455 967 1562 1006 non
1591 952 1796 1006 liceret.
1856 951 2035 1018 Quare
2073 951 2141 1004 ab

571 1061 637 1100 ea
681 1059 900 1114 quoque
949 1044 1273 1113 inquirenda
1323 1044 1548 1099 omnino
1582 1043 1819 1098 abstinui
1863 1062 1875 1096 :
1919 1043 2140 1112 jamque

577 1152 680 1191 nec
715 1136 770 1190 in
803 1137 985 1190 animo
1008 1136 1272 1190 habebam
1319 1134 1605 1204 impiorum
1635 1134 1902 1188 amentias
1925 1142 1977 1186 et
2003 1147 2139 1186 vana

577 1227 837 1290 consilia,
889 1227 1163 1296 vitamque
1206 1227 1403 1281 misere
1447 1227 1715 1295 palantem
1766 1227 2134 1283 considerare.

573 1317 663 1371 27.
697 1316 788 1372 Sic
812 1325 990 1371 autem
1022 1319 1204 1371 animo
1228 1319 1556 1373 constitutus
1579 1357 1592 1382 ,
1627 1319 1678 1372 in
1707 1319 1820 1372 haec
1849 1319 2137 1374 devolutus

2239 590 2380 659 χειρὶ
2429 588 2484 642 δὲ
2531 592 2685 658 χεῖρα
2721 591 3000 660 συνάψασα
3043 593 3226 662 μόνον,
3261 593 3463 663 κατέχει
3505 595 3534 665 ἢ
3566 599 3605 648 εί
3643 598 3726 669 (20)

2239 677 2453 746 δεσμοῖς
2501 678 2895 748 περιϐάλλουσα
2937 674 3104 732 εἷλκε.
3139 682 3305 745 Μόνος
3332 683 3372 734 δ’
3397 684 3456 736 ἂν
3482 685 3563 737 ἀπ’
3593 687 3727 756 αὐτῆς

2243 768 2513 839 ῥυσθείης,
2545 768 2633 822 τον
2677 769 2809 823 Θεὸν
2836 771 2963 824 ἱλεω
3011 773 3102 825 καὶ
3146 773 3378 844 ἐπόπτην
3419 777 3644 846 ἐσχηκώς·
3672 779 3730 842 ὡς

2240 861 2268 912 ὃ
2303 876 2363 926 γε
2394 861 2636 931 ἁμαρτίᾳ
2659 860 3046 932 δεδουλωμένος
3070 864 3169 916 οὐκ
3193 865 3257 918 ἂν
3285 865 3513 934 ἐκφύγοι.
3535 870 3731 939 Ζητήσας

2240 949 2284 1001 δ’
2315 947 2422 1017 ἐγὼ
2456 949 2542 1002 διά
2575 951 2762 1004 πασῶν
2787 953 3060 1020 γυναικῶν
3101 955 3436 1028 σωφροσύνην
3471 959 3645 1023 αὐτῶν,
3669 956 3733 1013 εὖ·

2248 1057 2337 1109 ρον
2378 1042 2434 1093 ἐν
2465 1041 2705 1112 οὐδεμιᾷ.
2739 1044 2847 1095 Καὶ
2885 1044 3049 1115 ἄνδρα
3082 1045 3178 1115 μέν
3208 1063 3290 1110 τις
3331 1047 3386 1098 ἐν
3425 1047 3594 1117 χιλίοις
3615 1052 3733 1119 γνοίη

2238 1130 2308 1184 ἇν
2357 1130 2626 1203 σώφρονα,
2677 1136 2907 1200 γυναῖκα
2954 1133 3009 1186 δὲ
3054 1135 3135 1188 οὗ.
3181 1136 3484 1206 Κατενόησα
3511 1138 3559 1190 δὲ
3600 1140 3735 1193 έκεῖνο

2242 1219 2492 1290 μάλιστα,
2533 1221 2614 1272 ὅτι
2649 1220 2922 1292 ἄνθρωποι
2953 1225 3056 1276 ὑπὸ
3105 1225 3238 1278 Θεοῦ
3271 1225 3424 1280 ἁπλοῖ
3449 1230 3553 1292 ταῖς
3580 1228 3734 1298 ψυχαῖς

2237 1313 2511 1382 γενόμενοι
2543 1312 2675 1383 (21),
2710 1315 2920 1378 ἑαυτοῖς
2953 1316 3288 1370 ἐπισπῶνται
3311 1318 3577 1389 λογισμοὺς
3602 1321 3736 1372 ποικίο

574 1424 694 1462 sum
739 1428 752 1463 :
794 1423 858 1462 ac
884 1408 1163 1463 mortifera
1211 1410 1503 1480 cupiditate
1530 1420 1830 1478 correptus,
1858 1410 2130 1462 mulierem

2237 1404 2360 1469 λους
2404 1407 2496 1458 καὶ
2550 1403 2802 1478 ζητήσεις
2846 1408 3209 1479 ἀπεράντους,
3259 1411 3352 1463 καὶ
3391 1411 3562 1479 σοφίαν
3597 1411 3738 1484 ζητεῖν

573 1499 838 1568 cognovi,
877 1499 981 1554 hoc
1028 1509 1129 1562 est,
1174 1509 1371 1554 terram
1418 1501 1742 1569 quamdam,
1795 1508 1889 1552 aut
1931 1499 1974 1551 si
2012 1497 2130 1566 quid

2240 1497 2710 1569 προσποιούμενοι,
2749 1499 2876 1570 περὶ
2912 1502 3151 1571 ῥημάτια
3177 1503 3584 1574 κατατρίϐονται.

573 1589 715 1650 aliud
743 1599 826 1645 est
853 1590 1183 1660 hujusmodi.
1235 1591 1340 1645 Cor
1371 1591 1568 1645 etenim
1605 1591 1724 1660 ejus
1773 1598 2214 1660 pertranseuntcs
2267 1589 2467 1655 irretit;
2515 1605 2577 1644 ac
2621 1594 2664 1644 si
2723 1591 2806 1645 vel
2852 1607 3071 1646 manum
3121 1602 3329 1648 tantum
3383 1597 3552 1649 manui
3578 1611 3736 1651 conne-

573 1683 773 1748 suerit,
810 1699 916 1738 non
949 1684 1130 1737 minus
1163 1684 1346 1738 stricte
1389 1684 1602 1747 retinet,
1641 1699 1805 1752 quam
1851 1684 1896 1739 si
1939 1682 2172 1736 vinculis
2202 1682 2528 1735 constrictos
2567 1681 2819 1738 traheret.
2881 1682 2991 1739 Nec
3035 1700 3162 1739 vero
3205 1686 3277 1739 ab
3300 1701 3358 1740 ea
3390 1687 3532 1741 aliter
3567 1688 3735 1740 liberari

571 1795 760 1846 queas,
795 1795 955 1848 quam
983 1781 1148 1833 Deum
1176 1781 1468 1850 propitium
1500 1797 1563 1835 ac
1593 1781 1824 1851 benigno
1875 1779 2033 1833 oculo
2094 1779 2388 1831 intuentem
2435 1787 2626 1832 nactus
2687 1798 2700 1833 :
2758 1795 2881 1833 nam
2925 1782 3016 1850 qui
3082 1782 3288 1850 pet-cati
3317 1777 3561 1838 servitute
3586 1785 3736 1853 premi-

573 1883 696 1939 tur,
741 1876 1158 1946 haudquaquam
1207 1876 1475 1946 effugerit.
1515 1877 1605 1931 28.
1660 1876 1833 1931 Porro
1880 1891 2001 1929 cum
2042 1890 2138 1944 per
2189 1888 2374 1927 omnes
2426 1873 2680 1927 mulieres
2732 1874 3046 1944 pudicitiam
3093 1893 3280 1930 carum
3313 1879 3737 1945 quaesivissemﬁn

573 1969 721 2022 nulla
788 1969 985 2037 reperi.
1025 1969 1116 2024 29.
1148 1969 1226 2023 Ac
1287 1969 1461 2023 virum
1523 1969 1737 2040 quidem
1788 1969 2046 2041 pudicitia
2105 1976 2378 2030 ornatum,
2424 1965 2564 2019 inter
2605 1967 2750 2020 mille
2808 1967 3034 2022 fortasse
3079 1971 3460 2038 perspexeris;
3514 1971 3736 2023 mulierem

573 2070 756 2115 autem
790 2060 1031 2114 minime.
1101 2061 1190 2115 50.
1227 2059 1360 2115 lllud
1423 2078 1548 2118 vero
1607 2063 1842 2117 maxime
1886 2058 2278 2122 animadverti,
2319 2057 2461 2126 quod
2508 2058 2756 2114 homines
2804 2061 3002 2116 animis
3049 2062 3325 2130 simplices
3367 2077 3395 2116 a
3438 2061 3540 2116 Deo
3588 2067 3731 2122 creati.

569 2151 748 2204 varias
774 2151 1129 2220 cogitationes
1161 2151 1498 2222 rationisque
1558 2154 1837 2208 discursus
1886 2151 1989 2207 sibi
2038 2151 2170 2221 ipsis
2202 2149 2478 2202 attrahunt
2533 2157 2694 2219 atque
2749 2149 2985 2206 infinitas
3022 2151 3384 2220 quaestiones;
3420 2152 3739 2222 sapientiaque

570 2240 975 2310 inquisitionem
1004 2242 1337 2312 profitentes,
1360 2246 1502 2300 circa
1527 2247 1884 2302 dictinnculas
1911 2256 2121 2315 tempus
2149 2251 2344 2296 terunt.

1139 2338 1366 2394 CAPUT
1443 2341 1576 2398 Vlll.

642 2430 916 2501 Sapientia
958 2439 1178 2496 autem,
1249 2447 1373 2487 cum
1428 2435 1481 2488 in
1533 2436 1751 2490 homine
1799 2437 2132 2505 exploratur,

571 2522 745 2590 ipsum
773 2537 988 2592 quoque
1021 2522 1223 2578 domini
1253 2525 1460 2579 vultum
1513 2527 1792 2594 splendore
1818 2527 2136 2597 perfundere

572 2615 812 2668 cernitur
847 2632 861 2669 :
893 2615 1343 2683 quemadmodum
1379 2628 1567 2672 contra
1590 2658 1605 2681 ,
1655 2619 1984 2688 imprudentia
2010 2634 2132 2673 eum

571 2705 626 2758 in
655 2721 767 2775 quo
793 2705 1128 2760 domicilium
1166 2707 1360 2769 habet,
1403 2709 1583 2761 statim
1619 2717 1675 2762 ut
1704 2711 1854 2763 visus
1880 2720 1982 2773 est,
2011 2709 2136 2763 odio

571 2795 793 2865 dignum
823 2811 944 2850 esse
967 2796 1232 2866 coarguit.
1271 2797 1324 2850 2.
1363 2795 1521 2866 Regis
1543 2797 1884 2852 sermonibus
1907 2797 2135 2866 diligen-

572 2898 652 2942 ter
681 2887 958 2941 advertere
979 2887 1248 2950 convenit,
1284 2901 1348 2941 ac
1373 2887 1750 2956 jusjurandum
1785 2887 1934 2940 omni
1965 2889 2133 2941 ratio—

570 2993 639 3034 ne
683 2977 889 3047 fugere,
939 2978 1100 3046 idque
1137 2981 1456 3045 praesertim,
1499 2979 1642 3048 quod
1694 2978 1747 3032 in
1793 2977 1884 3032 Dei
1936 2994 2131 3032 nomen

569 3066 893 3134 concipitur.
931 3066 984 3119 ’5.
1019 3065 1236 3118 Interim
1265 3075 1440 3120 tamen
1469 3081 1680 3136 :equum
1712 3067 1874 3122 fuerit
1898 3071 2134 3124 sermoni

573 3159 717 3213 malo
767 3157 1078 3223 imminere;
1133 3173 1319 3211 verum
1362 3173 1584 3224 cavere,
1635 3176 1702 3214 ne
1745 3160 2132 3230 blasphemiam

569 3251 734 3306 ullam
777 3250 830 3304 in
885 3250 1174 3304 Dominum
1225 3251 1584 3306 eflundamus.
1648 3251 1764 3308 Non
1805 3256 1947 3310 enim
1977 3256 2044 3309 de
2069 3270 2135 3309 eo

568 3358 784 3412 pmnam
816 3342 1054 3410 aliquam
1094 3343 1366 3413 infligente
1409 3345 1562 3414 queri
1598 3345 1813 3412 licebit;
1846 3361 1942 3400 nec
1973 3348 2136 3402 unius

569 3433 714 3487 illius
762 3433 974 3488 Domini
1006 3445 1056 3488 et
1086 3435 1227 3505 regis
1256 3436 1466 3504 placitis
1511 3437 1791 3492 obsistere.
1857 3438 1910 3492 4.
1944 3437 2136 3494 Melius

569 3534 751 3579 autem
799 3535 854 3580 et
886 3527 1280 3582 conducibilius
1329 3528 1523 3594 fuerit,
1572 3531 1929 3586 sacrosanctis
1981 3547 2135 3585 man-

569 3617 710 3672 datis
760 3618 1226 3687 acquiescentem,
1273 3619 1343 3674 ab
1375 3619 1632 3689 improbis
1678 3621 2018 3677 sermonibus
2050 3638 2131 3677 re-

570 3710 796 3764 moveri.
855 3711 907 3762 5.
955 3709 1223 3766 Cordatus
1272 3712 1416 3766 enim
1461 3713 1544 3766 vir
1587 3714 1960 3782 tempestivum
1996 3714 2127 3768 illud

565 3800 828 3872 judicium
863 3802 1070 3872 justum
1103 3800 1219 3856 fore
1247 3803 1349 3858 scit
1381 3811 1540 3872 atque
1583 3806 1889 3874 praenoscit.
1929 3803 2129 3860 Omnes

569 3893 714 3948 enim
744 3894 864 3948 vita:
900 3893 1150 3948 humanae
1179 3907 1266 3947 res
1293 3908 1580 3962 supernam
1621 3908 1836 3964 poenam
1863 3903 2083 3949 manent
2110 3911 2125 3947 :

567 3992 620 4044 6.
659 3983 859 4041 Verum
904 3986 1185 4056 improbus
1225 3985 1367 4040 haud
1412 3985 1700 4041 admodum
1731 3987 1870 4042 scire
1895 3987 2125 4052 videtur,

568 4079 710 4148 quod
743 4091 865 4131 cum
899 4078 1068 4131 multa
1102 4091 1262 4145 super
1293 4091 1351 4130 se
1377 4075 1468 4130 Dei
1502 4077 1834 4146 providentia
1867 4078 1957 4138 sit.
1994 4078 2128 4132 nihil

569 4184 794 4238 prorsus
830 4169 882 4222 in
911 4176 1184 4237 posterum
1215 4166 1421 4220 latebit.
1465 4167 1518 4221 7.
1552 4166 1666 4222 Non
1689 4169 1832 4222 enim
1861 4171 1981 4232 scit,
2010 4186 2130 4239 qua:

567 4269 753 4330 postea
776 4259 955 4314 futura
986 4268 1132 4313 sunt.
1173 4257 1356 4328 Neque
1378 4259 1662 4328 quisquam
1686 4266 1787 4320 est,
1812 4260 1903 4328 qui
1925 4260 2127 4329 aliquid

2819 2339 3061 2392 ΚΕΦΑΛ.
3107 2341 3185 2392 η’.

2303 2427 2468 2496 Σοφία
2501 2427 2555 2480 δὲ
2598 2428 2654 2479 ὲν
2670 2428 2936 2500 ἀνθρώπῳ
2972 2430 3360 2502 ἐξεταζομένη,
3391 2433 3482 2486 καὶ
3505 2431 3582 2484 διὰ
3613 2447 3737 2501 πρεσ-

2233 2517 2383 2572 ὡπου
2432 2520 2682 2589 φαίνεται
2725 2523 3025 2590 φωτίζουσα
3079 2524 3168 2576 τὸν
3211 2525 3572 2596 κεκτημένον·
3598 2523 3740 2594 ὥσπερ

2232 2607 2325 2662 οὖν
2364 2611 2635 2676 ἀναίδεια,
2688 2613 2875 2682 μίσους
2921 2614 3080 2677 εὐθὺς
3120 2615 3356 2684 ὀφθέντα
3404 2618 3543 2682 ἀξιον
3583 2619 3740 2669 ἐκεῖνον

2233 2700 2475 2771 ἐλέγχει,
2506 2695 2660 2774 ᾧπερ
2687 2701 2946 2773 ἐνῴκησε.
2980 2705 3124 2758 Πάνυ
3154 2707 3209 2758 δὲ
3245 2708 3352 2779 χρὴ
3386 2708 3633 2779 ἐπιμελῶς
3657 2711 3738 2769 τοῖς

2233 2790 2327 2843 τοῦ
2362 2791 2621 2861 βασιλέως
2661 2793 2945 2864 προσέχειν
2977 2794 3151 2865 λόγοις
3174 2836 3188 2860 ,
3217 2799 3382 2868 ὅρκον
3412 2800 3466 2852 δὲ
3503 2803 3561 2853 ἐκ
3587 2799 3738 2857 παντὶ

2232 2883 2433 2958 τρόπου
2466 2884 2703 2953 φεύγειν,
2755 2885 2984 2955 μάλιστα
3029 2886 3122 2940 τὸν
3153 2890 3230 2952 είς
3264 2889 3399 2942 Θεοῦ
3439 2891 3594 2960 ὄνομα
3632 2890 3739 2958 γινό-

2237 2990 2412 3044 μενον.
2455 2975 2798 3044 Ἐφίστασθαι
2825 2977 2879 3030 δὲ
2906 2978 3052 3048 ὅμως
3079 2981 3345 3051 προσήκει
3372 2981 3508 3053 λόγῳ
3540 2981 3737 3052 ποθι]ρῷ

2234 3064 2369 3119 ἀλλὰ
2420 3066 2782 3135 φυλάσσεσθαι
2845 3069 3058 3123 ἃπασαν
3107 3071 3204 3142 τὴν
3252 3075 3334 3137 είς
3376 3075 3465 3127 τὸν
3520 3074 3740 3142 Δεσπότην

2237 3158 2598 3229 βλασφημίαν.
2649 3160 2722 3212 Οὐ
2767 3159 2875 3231 γάρ
2925 3161 2990 3232 δὴ
3039 3163 3338 3230 ἐπάγοντός
3384 3183 3436 3218 τι
3490 3165 3740 3236 μέμφεσθαι

2237 3249 2501 3321 ὑπάρξει,
2548 3251 2666 3304 οὐδὲ
2709 3251 3008 3321 ἀντιλέγειν
3049 3257 3159 3316 τοῖς
3188 3254 3284 3307 τοῦ
3335 3258 3491 3326 μόνου
3536 3256 3740 3309 δυνάστου

2236 3343 2328 3394 καὶ
2361 3341 2622 3412 βασιλέως
2657 3342 2906 3413 δόγμασι.
2939 3344 3153 3398 Βέλτιον
3181 3347 3262 3408 δὲ,
3297 3349 3390 3402 καὶ
3435 3349 3740 3403 λυσιτελέστε-

2238 3448 2329 3502 ρον
2368 3431 2670 3504 ἐμμένοντα
2709 3435 2828 3496 ταῖς
2858 3434 3030 3504 ἱεραῖς
3058 3435 3300 3500 ἐντολαῖς
3320 3477 3335 3501 ,
3369 3438 3534 3506 λόγων
3560 3436 3651 3488 τῶν
3673 3451 3741 3485 πο-

2233 3523 2409 3595 νηρῶν
2434 3524 2588 3586 ἐκτὸς
2617 3525 2963 3578 καθεστάναι.
2999 3527 3166 3596 Σοφὸς
3193 3528 3304 3600 γάρ
3329 3529 3462 3600 ἀνὴρ
3511 3530 3741 3582 ἐπίσταται

2234 3617 2327 3669 καὶ
2360 3617 2720 3688 προγινώσκει
2751 3620 2848 3690 τὴν
2896 3623 2975 3683 είς
3022 3621 3210 3690 καιρὸν
3251 3622 3460 3694 κρίσιν,
3497 3624 3570 3676 ὅτι
3605 3619 3741 3672 δικαία

2231 3709 2403 3762 ἔσται.
2452 3709 2635 3764 Πάντα
2681 3711 2789 3780 γάρ
2832 3712 2900 3765 τά
2963 3715 3021 3766 ἐν
3069 3712 3145 3784 τῷ
3193 3713 3294 3784 βίῳ
3347 3714 3454 3768 τῶν
3500 3713 3741 3785 ἀνθρώπων

2233 3800 2533 3870 πράγματα
2602 3803 2883 3873 περιμένει
2925 3805 3023 3874 τὴν
3053 3804 3258 3858 ἄνωθεν
3300 3806 3541 3859 κόλασιν·
3589 3801 3740 3873 πλὴνὸ

2232 3909 2294 3961 γε
2336 3893 2605 3965 πονηρὸς,
2649 3897 2709 3948 οὐ
2751 3895 2870 3948 λίαν
2910 3895 3198 3964 γινώσκειν
3239 3898 3447 3963 ἔοικεν,
3480 3900 3553 3952 δτι
3589 3896 3741 3964 πολλῆς

2233 3985 2320 4036 ἐπ’
2351 3984 2498 4056 αὐτῷ
2528 3985 2693 4056 οὔσης
2719 3987 2972 4058 προνοίας
2991 4027 3006 4052 ,
3037 3989 3190 4042 οὐδὲν
3227 3989 3407 4043 ὁτιοῦν
3436 3993 3509 4054 είς
3541 3990 3595 4042 τὸ
3621 3985 3739 4058 μετέ-

2233 4091 2391 4128 πειτα
2422 4076 2669 4148 λήσεται.
2704 4078 2776 4131 Οὐ
2807 4077 2914 4149 γὰρ
2953 4075 3059 4132 οἶδε
3097 4080 3163 4133 τά
3211 4080 3462 4135 ἐπιόντα’
3507 4080 3638 4133 οὐδὲν
3661 4076 3740 4146 γὰρ

2233 4166 2410 4220 αὐτῶν
2464 4171 2582 4221 κατ’
2624 4167 2779 4232 ἀξίαν
2821 4186 2905 4233 τις
2955 4171 3270 4239 ἀναγγεῖλαι
3332 4173 3634 4243 δυνήσεταιο
3682 4171 3739 4220 ὅτι

2231 4258 2327 4327 οὐχ
2357 4258 2527 4322 οὕτως
2555 4277 2638 4322 τις
2667 4261 2882 4330 ἰσχυρὸς
2904 4262 3150 4333 ὑπάρξει,
3177 4263 3252 4326 ὡς
3279 4264 3371 4316 τὸν
3400 4261 3740 4334 ἀφαιρούμεκων

567 4368 754 4408 eorum
805 4366 900 4422 pro
931 4352 1190 4420 dignitate
1220 4364 1491 4419 exponere
1529 4359 1692 4419 queat
1722 4369 1735 4403 :
1771 4351 1824 4404 8.
1866 4355 2124 4421 quoniam

2232 4351 2325 4420 τὴν
2346 4350 2520 4422 ψυχὴν
2545 4352 2706 4405 αὑτοῦ
2735 4354 2959 4421 ἄγγελον
2992 4355 3229 4408 κωλῦσαι
3259 4356 3534 4415 δύνασθαι,
3555 4354 3656 4406 οὐδέ
3679 4367 3738 4411 τις

568 4462 728 4502 nemo
763 4448 928 4500 tantis
955 4446 1162 4500 viribus
1195 4443 1409 4499 futurus
1449 4451 1552 4509 est,
1600 4455 1660 4499 ut
1687 4448 1956 4514 angelum,
2006 4447 2126 4499 ani-

568 4554 712 4594 mam
746 4537 916 4607 ipsius
939 4544 1368 4605 cxtorquentem,
1394 4550 1579 4590 arcere
1605 4551 1668 4590 ac
1693 4524 1975 4605 prohibere
2004 4550 2128 4604 pos-

568 4631 635 4683 sit
658 4645 680 4696 ;
703 4645 802 4683 nec
829 4644 918 4682 ars
947 4628 1171 4682 omnino
1195 4627 1302 4679 ulla
1334 4637 1388 4679 et
1419 4626 1617 4680 astutia
1652 4626 1976 4690 invenietur,
2007 4642 2128 4696 quae

569 4721 760 4775 mortis
787 4731 1000 4790 tempus
1025 4720 1267 4790 repellat,
1296 4733 1359 4772 ac
1389 4718 1534 4772 velut
1567 4718 1878 4787 exceptione
1907 4719 2128 4772 submo-

568 4819 691 4864 veat
720 4829 732 4864 :
765 4827 951 4864 verum
981 4811 1436 4880 quemadmodum
1469 4811 1521 4862 in
1551 4809 1730 4864 medio
1766 4810 1902 4864 bello
1929 4811 2124 4879 captis,

568 4904 691 4971 fuga
743 4905 920 4956 omnis
968 4905 1205 4972 undique
1254 4903 1513 4972 praeclusa
1559 4905 1912 4974 perspicitur,
1965 4913 2127 4972 atque

566 4995 744 5050 omnis
769 4993 1005 5052 hominis
1053 4994 1299 5063 impietas
1325 4993 1485 5048 simul
1521 4994 1676 5062 perit.
1749 4995 1801 5048 9.
1841 4993 2128 5049 Enimvero

566 5163 790 5236 apostol.
825 5163 919 5218 lib.
948 5179 987 5236 I,
1018 5179 1135 5233 cap.
1168 5163 1220 5224 8.
1257 5165 1346 5236 qui
1378 5175 1656 5236 prepterea
1683 5167 1962 5236 legendum
1994 5187 2126 5225 eon-

566 5181 790 5233 apostat.
827 5181 919 5218 nu.
948 5181 987 5226 I,
1018 5181 1135 5233 cap.
1168 5181 1220 5224 δ.
1257 5181 1346 5231 qut
1370 5181 1656 5287 Propterea
1684 5181 1962 5236 tegendum
1994 5187 2126 5225 con-

564 5235 816 5306 tendebat
850 5235 1088 5306 σαγήνην
1115 5236 1254 5306 τινά.
1284 5234 1368 5289 Set
1423 5239 1592 5306 magis
1627 5239 1798 5306 placet
1823 5244 2126 5296 emendatio

565 5305 804 5380 Dcngelii
855 5305 1079 5380 legentis
1122 5304 1302 5380 πάγην
1335 5305 1577 5380 τινάέγίιι
1609 5304 2125 5380 notisadUGregorii

565 5375 854 5430 Thaumat.
911 5375 1199 5442 Panegyr.,
1251 5375 1371 5443 pag.
1421 5375 1551 5440 17’s;
1594 5394 1716 5430 nam
1753 5377 1892 5430 LXX
1935 5375 2036 5436 hoc
2071 5384 2124 5436 iu

564 5447 687 5500 loco
726 5446 932 5517 habent
967 5443 1242 5515 Θήρευμα,
1280 5446 1360 5498 vel
1403 5445 1718 5517 θηρεύματα
1757 5449 1908 5517 juxta
1945 5467 2128 5506 exemo

566 5518 683 5586 plar
710 5515 1156 5586 Alexandrinum.

639 5585 751 5658 (29)
781 5587 844 5638 Ἡ
872 5587 931 5658 el
1042 5583 1274 5658 κατέχει
1299 5583 1438 5658 ἤμει.
1467 5583 1694 5658 Locutio
1724 5591 2010 5658 peculiaris
2036 5608 2127 5647 no-

565 5655 661 5707 stri
692 5652 958 5723 Gregorii,
988 5655 1080 5722 qui
1127 5670 1244 5708 eam
1288 5655 1450 5708 etiam
1499 5652 1746 5712 adhibuit
1773 5660 1912 5714 infra
1938 5663 1990 5715 in
2021 5678 2121 5715 suo

568 5723 826 5794 l’aiiegyr.
864 5725 931 5775 ad
982 5725 1217 5792 0rigen.,
1248 5740 1363 5792 cap.
1391 5725 1424 5777 6
1467 5734 1586 5794 post
1618 5731 1886 5794 mmlinrn;
1921 5735 2008 5784 ubi
2042 5733 2121 5786 sic

565 5793 792 5860 icgituus
826 5812 836 5846 :
874 5796 940 5844 Ἢ
971 5798 1015 5847 εἰ
1054 5796 1145 5847 καὶ
1183 5797 1330 5866 παρὰ
1367 5793 1572 5859 πάντας
1603 5799 1729 5862 ἴσως
1756 5793 1881 5862 τοὺς
1912 5800 2003 5853 νῦν
2027 5803 2120 5854 ἀν-

2226 4441 2359 4505 ὃλως
2390 4443 2606 4512 μέθοδος
2645 4444 2891 4515 εὑρεθείη
2933 4446 2998 4497 ἂν
3041 4446 3131 4499 τοῦ
3167 4447 3612 4521 παραγράψασθαί
3653 4458 3738 4503 ﬁt»;

2227 4535 2316 4587 τὸν
2339 4535 2525 4604 καιρὸν
2545 4535 2641 4605 τῆς
2661 4534 2932 4606 τελευτῆς·
2957 4537 3068 4589 ἀλλ’
3097 4537 3282 4609 ὥσπερ
3310 4540 3368 4591 ἐν
3402 4539 3602 4607 πολέμῳ
3625 4535 3737 4606 μέσῳ

2226 4621 2490 4693 ληφθέντα
2512 4664 2527 4688 ,
2565 4623 2778 4692 ἄφυκτα
2820 4626 3153 4696 πανταχόθεν
3195 4627 3342 4681 ἔστιν
3376 4631 3531 4700 όρᾷν,
3564 4626 3737 4681 άσέὅεια

2225 4713 2280 4765 δὲ
2321 4713 2464 4765 πάσα
2502 4713 2786 4784 ἀνθρώπου
2827 4715 3216 4782 συνεξὸλλυται.
3249 4719 3359 4772 Καὶ
3407 4717 3735 4786 ἐκπέπληγμαι

2225 4802 2298 4863 δὲ,
2335 4803 2480 4855 ὁπότ’
2509 4802 2574 4856 ἂν
2602 4804 2775 4857 ἀπίδω
2822 4799 2906 4857 οἷα
2936 4809 3026 4859 καὶ
3072 4808 3173 4860 ὅσα
3203 4811 3282 4869 είς
3315 4808 3515 4879 βλάϐην
3543 4802 3636 4860 τῶν

2226 4890 2322 4953 λας
2365 4891 2637 4962 ἄνθρωποι
2677 4895 3170 4966 ἐπιτετηδεύκασιν.
3221 4898 3535 4968 Ἐπίσταμαι
3563 4897 3610 4948 δὲ
3637 4910 3735 4963 προ-

2228 4985 2704 5056 αναρπαζομένους
2730 4986 2937 5042 ἐνθένδε
2969 4991 3094 5052 τοὺς
3117 4989 3332 5054 ἀσεϐεῖς
3353 4990 3446 5044 καὶ
3475 4988 3733 5058 γινομένοκ

2229 5180 2475 5250 θρώπους
2501 5184 2646 5256 αὐτῷ
2683 5185 3198 5260 μόνω-ἐδωρήσατο,
3224 5207 3276 5242 κ.
3305 5207 3356 5242 τ.
3395 5188 3443 5241 λ.
3478 5185 3632 5252 Adjit‘.i
3656 5184 3731 5260 illic

2227 5263 2409 5328 potest
2427 5259 2758 5328 argumentis
2790 5257 2929 5320 illis,
2964 5257 3166 5328 quibus
3196 5261 3468 5328 probatur,
3509 5274 3602 5309 ttott
3631 5257 3734 5305 alle-

2229 5322 2344 5397 rius
2372 5323 2612 5397 Gregorii
2634 5339 2756 5380 esse
2787 5328 2923 5381 hanc
2949 5322 3306 5397 ertapltrost'u
3334 5331 3388 5382 in
3410 5328 3731 5381 Ecclesium».

2227 5391 2506 5468 Bqueliui
2535 5395 2651 5450 loco
2686 5398 2848 5450 modo
2876 5391 3110 5468 laudato.
3468 5467 3480 5468 ί
3573 5467 3580 5468 7
3691 5454 3712 5468 ί

2299 5462 2410 5532 (9.1)
2459 5465 2776 5532 Ἄνθρωποι
2818 5467 2936 5519 ὑπὸ
2984 5469 3130 5523 Θεοῦ
3175 5469 3362 5525 ἁπλοῖ
3392 5467 3512 5532 ταῖς
3548 5462 3732 5532 ψυχαῖς

2224 5533 2566 5608 τειρόμενοι.-
2617 5533 2733 5608 H_ttc
2780 5539 3012 5605 pertinet
3053 5543 3200 5608 quod
3247 5540 3402 5595 habet
3451 5535 3589 5608 i_ufra_
3619 5533 3730 5608 idem

2227 5601 2519 5678 (iri-geritis
2555 5604 2625 5678 in_
2639 5601 2898 5676 Pandgyr.
2925 5611 2993 5660 ad
3029 5601 3266 5678 origen.,
3315 5624 3430 5678 cap.
3459 5606 3486 5658 7
3517 5605 3608 5678 sub
3635 5601 3727 5678 fit!"

2227 5670 2287 5792 is
2301 5668 2507 5798 ομιῖςὶὲν
2536 5673 2691 5798 iam
2723 5668 2936 5730 καῖὀὺκ
2962 5668 3510 5751 άναγκάῖονμάθημηι·
3530 5668 3727 5741 Πενθίέί

2252 5779 2264 5791 .
2301 5756 2350 5795 c.
2386 5757 2506 5812 pag.
2541 5756 2658 5800 ιδδ.
