3950 6326
188 343 325 398 1009

1231 352 1719 411 HETAPHRASIS
1755 353 1822 409 IN
1863 352 2396 452 ECCLESIAST'EN.

3274 358 3423 413 {010'

184 458 250 509 ἐκ
281 455 498 523 ποδῶν,
544 459 656 512 ἀνθ’
704 453 777 514 ὧν
812 461 1033 528 ἑαυτοὺς
1075 467 1388 538 ματαιότητι
1431 467 1749 528 δεδώκεσαν,

1857 471 2065 540 quoties
2091 472 2427 539 contemplor
2469 485 2589 541 quae
2616 481 2670 526 et
2697 480 2898 540 quanta
2921 471 3180 527 mortales
3209 472 3262 526 in
3290 488 3417 542 pro-

198 548 416 620 Ἐπειδὴ
443 551 551 623 γάρ
581 553 680 606 οὐκ
705 555 786 622 ἐφ’
813 556 1066 610 ἀπάντων
1099 558 1412 631 μετέρχεται
1442 561 1474 630 ἡ
1503 561 1594 614 τοῦ
1618 561 1750 614 Θεοῦ

187 642 417 714 πρόνοια
466 644 631 710 ὀξέως
678 647 765 702 διὰ
809 649 904 719 τὴν
974 650 1172 722 πολλὴν
1218 652 1579 718 ἀνεξικακίαν,
1634 653 1753 707 οὐδὲ

185 736 503 807 παραυτίκα
526 744 842 811 τιμωρεῖται
864 743 956 795 ἐπὶ
983 747 1102 808 ταῖς
1131 745 1542 816 πλημμελείαις,
1566 745 1752 798 τούτου

184 827 350 898 χάριν
398 829 568 882 οἴεται
611 829 718 883 δεῖν
758 835 788 886 6
829 835 1060 905 πονηρὸς
1105 836 1242 907 ἀνὴρ
1287 836 1619 908 ἁμαρτάνειν
1665 837 1754 889 ἐπὶ

187 917 376 972 πλεῖον
395 961 411 985 ,
443 921 518 984 ὡς
546 921 722 986 άθῶος
769 924 1086 990 ἀπαλλάξων
1112 944 1125 956 ·
1156 928 1218 979 ού
1255 929 1454 990 συνιεὶς
1476 965 1490 988 ,
1537 928 1620 980 ὅτι
1661 929 1755 981 καὶ

188 1013 330 1080 μετά
357 1011 646 1082 πάμπολυν
673 1015 861 1086 χρόνον
893 1017 1156 1088 ἀδικήσας
1182 1019 1244 1072 οὐ
1277 1018 1526 1089 λήσεται·
1553 1019 1754 1088 ἀγαθόν

185 1118 249 1170 γε
287 1103 396 1172 μὴν
422 1103 710 1173 μέγιστον,
752 1106 1089 1162 εὐλαϐεῖσθαι
1133 1109 1290 1162 Θεόν’
1348 1107 1515 1182 οὗπερ
1556 1111 1756 1181 ἀσεϐὴς

187 1193 476 1260 ἐκπεσὼν,
508 1197 571 1249 οὐ
615 1197 780 1250 πολὺν
821 1199 1007 1269 χρόνον
1047 1203 1112 1272 τῇ
1148 1201 1339 1254 ἐαυτοῦ
1374 1203 1553 1274 μωρίᾳ
1585 1220 1754 1256 κατα-

186 1286 472 1355 χρήσεται.
492 1287 748 1358 Χειρίστη
771 1289 828 1343 δέ
852 1291 943 1342 καὶ
972 1290 1272 1363 ἐψευσμένη
1294 1292 1419 1358 δόξα
1443 1292 1756 1364 ἀνθρώπους

185 1376 510 1446 ἐπινέμεται
540 1379 828 1448 πολλάκις,
862 1383 987 1452 περί
1032 1400 1091 1436 τε
1129 1384 1352 1438 δικαίων
1396 1387 1488 1439 καὶ
1536 1387 1753 1442 ἀδίκων.

198 1467 673 1540 ’Υπολαμδάνουσι
714 1471 822 1545 γάρ
864 1475 991 1545 περὶ
1033 1475 1304 1548 ἑκατέρων
1335 1478 1620 1530 τάναντίαο
1663 1477 1756 1531 καὶ

183 1559 397 1625 δίκαιός
429 1577 492 1630 γε
519 1561 604 1626 τὶς
631 1561 724 1627 ῶν,
750 1565 811 1618 οὐ
839 1564 1076 1630 τοιοῦτος
1104 1567 1248 1634 ἔδοξε
1267 1585 1280 1598 ·
1317 1569 1410 1622 καὶ
1443 1569 1600 1622 πάλιν
1632 1569 1757 1622 ἀσε-

187 1650 326 1722 σὴς,
373 1652 597 1725 ἔμφρων
630 1655 903 1729 ἐνομίσθη.
937 1658 1149 1730 Ταύτην
1179 1659 1351 1729 ἔγωγε
1409 1661 1508 1731 τὴν
1553 1660 1757 1732 πλάνην

187 1743 437 1814 χαλεπὴν
471 1747 530 1798 ἐν
560 1749 672 1810 τοῖς
704 1747 934 1816 μάλιστα
963 1749 1199 1821 τίθεμαι.
1236 1751 1426 1818 Ἔδοξα
1453 1751 1509 1804 δέ
1536 1768 1662 1805 ποτε
1695 1750 1756 1805 τδ

187 1835 450 1905 μέγιστον
479 1837 585 1891 τῶν
632 1839 846 1907 ἀγαθῶν
891 1839 1089 1912 βρῶσιν
1127 1837 1266 1895 εἶναι
1313 1843 1406 1896 κα)⁸
1433 1843 1590 1896 πόσιν
1610 1859 1624 1874 ο
1656 1842 1753 1896 κά-

184 1930 370 1980 κεῖνον
417 1928 821 1999 θεοφιλέστατον
843 1971 858 1996 ,
903 1932 962 1995 ὃς
992 1931 1055 1986 ἀν
1083 1932 1284 1987 τούτων
1315 1934 1560 2006 ἀπολαύῃ
1605 1933 1754 2006 παρά

181 2020 278 2072 τὸν
307 2019 426 2091 βίον
455 2022 564 2091 (22)
590 2063 606 2088 ,
633 2021 707 2086 ώς
736 2017 844 2076 οἷόν
875 2039 934 2076 τε
988 2023 1219 2094 μάλιστα
1237 2041 1250 2054 ·
1286 2025 1379 2078 καὶ
1407 2024 1754 2096 παραμυθίαν

181 2113 288 2181 τῆς
318 2111 466 2184 ζωῆς
490 2156 504 2178 ,
539 2116 636 2186 τὴν
663 2115 912 2187 τοιαύτην
940 2116 1200 2188 εὐθυμίαν
1238 2118 1406 2189 μόνην
1436 2116 1748 2188 ἡγησάμην·

183 2206 282 2258 καὶ
300 2205 481 2259 τοίνυν
503 2211 786 2278 προσεῖχον
810 2208 984 2262 οὐδενὶ
1006 2209 1192 2280 ἑτέρῳ,
1215 2207 1246 2279 ἢ
1273 2210 1338 2279 τῇ
1357 2211 1534 2280 οἰήσει
1561 2208 1752 2280 ταύτῃ,

182 2296 263 2360 ὠς
295 2299 435 2368 μήτε
461 2298 668 2372 νύκτωρ
697 2303 829 2372 μήτε
863 2301 1175 2372 μεθημέραν
1193 2301 1466 2366 ἀπάντων,
1493 2301 1591 2355 ὅσα
1622 2301 1754 2372 πρὸς

181 2391 402 2460 τρυφὴν
417 2389 721 2462 ἀνθρώποις
745 2393 992 2465 εὓρηται,
1013 2393 1248 2464 ἐμαυτὸν
1278 2393 1526 2461 ἀπάγειν.
1546 2393 1756 2454 Ἔγνων

182 2497 247 2533 τε
277 2481 562 2547 τοσοῦτον,
593 2484 674 2536 ὅτι
701 2485 757 2537 ἐν
788 2484 1012 2548 ἐκείνοις
1066 2485 1150 2548 τὶς
1193 2483 1477 2555 ἐμφύρων,
1512 2480 1758 2552 οὐδαμῶς

183 2572 508 2644 δυνήσεται,
545 2575 664 2630 οὐδὲ
707 2576 874 2630 πολλά
917 2577 1208 2648 μοχθήσας,
1255 2577 1428 2648 εὑρεῖν
1495 2574 1556 2627 τὸ
1586 2574 1754 2635 ὅντως

185 2664 417 2734 ἀγαθόν.

1855 562 2123 617 ximorum
2169 562 2461 633 perniciem
2491 562 2734 618 studiose
2759 567 3098 634 cogitarunt,
3144 572 3288 618 totus
3314 565 3413 617 ob—

1853 665 2125 722 stupesco.
2158 653 2243 708 lO.
2271 652 2403 707 Illud
2430 655 2646 722 quidem
2679 663 3015 723 compertum
3048 655 3240 720 habeo,
3267 655 3418 724 prius

1852 759 2069 814 quoque
2095 760 2161 800 ex
2195 745 2296 799 hac
2321 745 2428 799 vita
2461 744 2632 815 abripi
2659 743 2852 814 impios
2883 759 2948 800 ac
2982 746 3046 800 de
3079 746 3254 800 medio
3278 746 3415 811 tolli,
3479 727 3486 740 ’

1852 848 1917 888 eo
1949 835 2094 905 quod
2129 835 2354 889 vanitati
2379 850 2437 889 se
2466 836 2610 906 ipsos
2643 836 2982 891 dediderunt.
3023 837 3107 889 ll.
3145 835 3416 901 Quoniam

1853 926 1996 980 enim
2031 925 2124 981 Dei
2151 927 2487 997 providentia
2539 937 2755 997 propter
2803 943 3070 983 summam
3100 926 3417 997 aequanimi~

1855 1028 2015 1076 tatem
2043 1032 2094 1077 et
2123 1023 2488 1088 clementiam,
2538 1023 2959 1093 haudquaquam
3001 1036 3193 1076 omnes
3232 1018 3420 1075 confc-

1855 1114 1979 1166 stim
2014 1115 2400 1184 persequitur:
2432 1129 2530 1170 nec
2569 1115 2744 1169 malus
2794 1114 2974 1170 statim
3021 1121 3142 1182 post
3183 1111 3419 1166 admissa

1856 1202 2052 1274 flagitia
2111 1205 2288 1274 pcenis
2340 1204 2596 1272 afﬁcitur;
2660 1205 2746 1260 12.
2789 1202 2871 1258 Ob
2915 1219 3033 1258 cam
3065 1218 3284 1258 causam
3316 1201 3420 1256 sibi

1854 1295 1938 1351 fas
1963 1311 2084 1352 esse
2112 1305 2266 1366 putat
2295 1297 2377 1352 vir
2405 1299 2666 1353 scelestus
2721 1296 2921 1350 diutius
2968 1309 3186 1365 peccare
3206 1335 3222 1360 ,
3261 1294 3420 1364 quasi

1856 1389 2111 1444 innoxius
2133 1389 2478 1444 discessurus
2502 1407 2515 1442 ι
2550 1389 2678 1443 illud
2699 1369 2948 1442 videlicet
2967 1402 3073 1441 non
3097 1385 3419 1455 intelligens.

1855 1481 1996 1549 quod
2043 1479 2206 1533 etiam
2242 1489 2364 1548 post
2413 1479 2633 1547 longum
2664 1493 2694 1531 a
2722 1486 3028 1547 perpetrato
3056 1475 3257 1530 scelere
3287 1485 3426 1528 tem-

1856 1587 1978 1642 pus,
2027 1569 2120 1624 Dei
2167 1570 2453 1625 scientiam
2502 1585 2609 1623 non
2659 1569 2894 1639 effugiet.
2947 1568 3080 1622 Illud
3130 1581 3254 1620 vero
3288 1580 3424 1635 prie-

1855 1658 2248 1716 stantissimum
2276 1658 2501 1719 bonum.
2523 1658 2612 1728 pio
2637 1655 2726 1710 Dei
2753 1658 2945 1711 timore
2965 1655 3245 1725 praeditum
3269 1669 3420 1719 esse,

1857 1751 1944 1805 l3.
2005 1767 2034 1806 a
2072 1765 2182 1820 quo
2210 1765 2333 1806 cum
2358 1749 2558 1818 impius
2583 1748 2862 1813 exciderit,
2899 1747 3041 1802 haud
3076 1747 3166 1800 diu
3195 1745 3422 1801 stultitia

1858 1857 1954 1900 sua
2008 1842 2278 1897 abutetur.
2337 1840 2424 1895 Η.
2458 1839 2697 1896 Pessima
2747 1849 2924 1893 autem
2972 1848 3026 1894 et
3075 1838 3208 1893 falsa
3239 1839 3424 1908 opinio

1859 1947 1950 2003 per
1975 1931 2226 1986 homines
2270 1930 2588 2000 plerumque
2634 1940 2909 2000 grassatur
2933 1967 2948 1993 ,
2995 1938 3106 1982 tum
3138 1929 3204 1983 de
3236 1929 3420 1998 justis,

1859 2031 1972 2078 tum
2003 2023 2070 2078 de
2097 2022 2373 2078 sceleratis
2407 2039 2420 2075 :
2448 2024 2514 2076 de
2537 2021 2780 2091 utrisque
2822 2020 2966 2075 enim
3015 2022 3281 2075 contraria
3308 2020 3424 2073 exl-

1859 2114 2100 2170 stimant.
2135 2112 2270 2167 Nam
2304 2122 2357 2167 et
2387 2113 2478 2182 qui
2504 2113 2714 2184 justitia
2748 2112 3000 2182 praeditus
3030 2120 3132 2173 est,
3162 2127 3268 2166 non
3302 2111 3424 2165 talis

1860 2205 2078 2260 habitus
2101 2213 2214 2271 est;
2249 2214 2303 2259 et
2329 2221 2519 2260 rursus
2567 2206 2786 2275 impius,
2832 2203 3038 2259 cordati
3083 2203 3183 2258 viri
3213 2204 3424 2273 opinio-

1859 2311 1981 2352 nem
2014 2297 2136 2351 tulit
2165 2314 2180 2350 :
2217 2311 2375 2365 quem
2402 2297 2618 2366 quidem
2649 2312 2887 2351 errorem
2919 2297 2971 2350 in
2995 2296 3182 2366 primis
3207 2309 3422 2366 gravem

1860 2405 1980 2444 esse
2014 2397 2216 2443 statuo.
2255 2389 2341 2448 15.
2373 2386 2682 2458 Quinetiam
2705 2387 2999 2458 aliquando
3026 2401 3297 2441 summum
3329 2386 3422 2439 bo-

1863 2496 1990 2535 num
2039 2480 2092 2537 in
2123 2482 2246 2539 cibo
2273 2492 2326 2539 et
2359 2495 2484 2554 potu
2511 2485 2675 2540 situm
2699 2499 2823 2540 esse
2869 2477 3140 2553 judicavi;
3191 2493 3423 2552 eumque

1863 2571 1974 2628 Deo
2003 2575 2409 2642 charissimum,
2449 2578 2541 2646 qui
2592 2586 2704 2631 toto
2735 2577 2856 2632 vitae
2901 2577 3075 2647 spatio
3107 2577 3212 2640 his,
3258 2591 3420 2646 quam

1861 2665 2094 2720 maxime
2117 2666 2230 2720 fieri
2255 2676 2452 2736 potest,
2481 2667 2750 2724 frueretur
2782 2689 2795 2724 :
2831 2668 2914 2724 l6.
2955 2679 3117 2738 atque
3139 2670 3423 2738 hujusmo-

185 2756 243 2811 di
293 2757 656 2822 hilaritatem,
713 2759 936 2814 unicum
983 2761 1108 2815 vita:
1163 2759 1410 2815 solatium
1465 2758 1759 2813 arbitratus
1819 2771 1960 2810 sum.
2024 2757 2101 2811 Ac
2143 2758 2366 2827 proinde
2410 2758 2464 2812 in
2505 2760 2706 2814 nullam
2742 2761 2903 2814 aliam
2962 2775 3110 2824 rem,
3141 2775 3302 2830 quam
3366 2761 3419 2813 in

189 2844 336 2900 hanc
362 2848 670 2916 opinionem
701 2850 1098 2914 incumbebam,
1135 2861 1192 2906 ut
1247 2865 1347 2905 nec
1371 2859 1531 2904 noctu
1567 2863 1664 2902 nec
1701 2846 1934 2901 interdiu
1987 2847 2279 2918 quidquam
2339 2863 2528 2904 eorum
2552 2890 2567 2913 ,
2598 2864 2720 2920 quae
2782 2851 2850 2904 ad
2897 2851 3119 2906 delicias
3159 2866 3190 2905 a
3223 2859 3422 2905 morta-

189 2937 339 2993 liius
367 2939 584 2994 inventa
611 2951 755 3005 sunt,
782 2942 912 2995 mihi
946 2942 1342 3006 interdicerem,
1378 2940 1442 2996 ab
1481 2953 1656 3008 eoque
1682 2953 1768 2992 me
1799 2936 2143 2993 abducerem.
2197 2938 2282 2994 l7.
2347 2939 2612 2996 Caeterum
2667 2942 2770 2997 hoc
2802 2942 3066 3012 cognovi,
3097 2943 3238 3012 quod
3269 2943 3418 3013 quis-

187 3031 320 3101 quis
372 3045 433 3086 se
476 3032 560 3086 his
606 3036 766 3088 rebus
809 3033 1206 3102 inquinaverit,
1266 3033 1413 3088 nullo
1457 3027 1754 3101 quamlibet
1777 3026 1937 3097 longo
1975 3025 2182 3093 labore,
2211 3045 2396 3083 verum
2425 3029 2625 3083 bonum
2662 3046 2899 3098 unquam
2929 3035 3176 3103 reperiet.

794 3127 1012 3180 ΚΕΦΛΛ
1026 3167 1039 3179 .
1077 3127 1155 3181 9'.

266 3217 450 3287 ’ῼμην
497 3216 605 3288 γάρ
643 3217 886 3283 ἅπαντας
920 3220 1042 3272 τότε
1082 3219 1189 3272 τῶν
1227 3219 1402 3272 αὐτῶν
1442 3217 1756 3291 ἀνθρώπους

186 3308 492 3380 1ήξιῶσθιιῑι·
537 3312 630 3363 καὶ
677 3311 730 3364 εἴ
773 3312 832 3364 τέ
882 3329 964 3376 τις
1015 3311 1211 3380 σοφὸς,
1267 3311 1609 3382 δικαιοσύνης
1660 3313 1756 3382 μὲν

188 3401 538 3473 ἐπεμελήθη,
566 3401 776 3456 ἀδικίαν
808 3402 865 3456 δέ
901 3401 1204 3474 ἐξετράπη,
1247 3404 1339 3456 καὶ
1369 3403 1563 3476 ἔχθραν
1592 3404 1756 3472 ἔφυγε

192 3496 338 3566 πρὸς
366 3497 607 3558 ἅπαντας
638 3493 808 3560 δεξιὸς
837 3495 910 3549 ῶν
929 3536 944 3560 ,
985 3497 1120 3568 ὅπερ
1152 3497 1298 3549 ἐστὶν
1341 3496 1566 3568 ἀρεστὸν
1605 3497 1720 3568 Θεῷ
1739 3537 1754 3562 ,

189 3580 355 3650 οὗτος
401 3591 774 3657 ματαιοπονεῖν
809 3589 1075 3657 ἐφαίνετο.
1110 3589 1272 3652 Τέλος
1304 3589 1361 3642 δέ
1401 3589 1457 3641 ἓν
1486 3590 1655 3642 ἐδόκει
1683 3589 1757 3643 δι·-

192 3678 356 3731 καξου
387 3695 444 3730 τε
471 3680 563 3732 καὶ
590 3679 844 3744 ἀσεϐοῦς,
873 3679 1075 3748 ἀγαθοῦ
1098 3697 1156 3732 τε
1183 3683 1276 3734 καὶ
1295 3681 1486 3746 κακοῦ,
1518 3681 1754 3754 καθαροῦ

189 3790 255 3826 τε
289 3773 385 3827 καὶ
427 3773 732 3845 ἀκαθάρτου
754 3816 768 3841 ,
803 3777 896 3828 καὶ
939 3774 1070 3828 Θεὸν
1117 3776 1468 3846 ίλασκομένου
1512 3778 1605 3831 καὶ
1661 3780 1752 3848 μή.

194 3865 330 3918 Ὅτε
357 3865 464 3936 γὰρ
496 3865 676 3929 ἄδικος
708 3867 799 3919 καὶ
823 3868 851 3920 ό
874 3867 1075 3935 ἀγαθὸς
1099 3906 1114 3931 ,
1156 3868 1244 3920 ὅτε
1295 3868 1578 3940 ἐπίορκος,
1610 3871 1700 3922 καὶ
1727 3870 1756 3921 6

188 3953 378 4008 τέλεον
408 3956 569 4025 ὅρκον
596 3956 987 4027 ἐκτρεπόμενος
1005 3999 1019 4022 ,
1043 3959 1122 4020 εἰς
1148 3958 1311 4010 ταύτὸ
1341 3958 1490 4021 τέλος
1520 3958 1757 4011 ἐλαύνειν

189 4045 483 4116 ἠλπίζετο,
519 4047 853 4116 κατάγνωσίς
887 4048 948 4101 τέ
993 4066 1077 4112 τις
1123 4048 1302 4103 ὕπεισι
1344 4049 1438 4103 τοῦ
1479 4053 1557 4114 είς
1599 4052 1757 4122 ὃμοια

188 4139 450 4209 τελευτᾷν
479 4137 738 4202 ἅπαντας.
757 4138 1008 4193 Γινώσκω
1027 4141 1082 4194 δὲ
1111 4141 1205 4194 νῦν
1229 4142 1303 4205 ώς
1323 4143 1566 4214 ἀφρόνων
1587 4144 1758 4198 ταῦτα

190 4229 587 4300 ἐνθυμήματα,
618 4232 710 4283 καὶ
758 4230 952 4284 πλάναι
997 4234 1090 4286 καὶ
1137 4233 1416 4299 ἐξαπάται.
1451 4237 1560 4289 Καὶ
1590 4237 1758 4289 πολλὰ

188 4321 473 4390 λέγουσιν,
501 4322 576 4385 ὼς
601 4325 630 4375 ὁ
663 4323 946 4377 ἀποθανὼν
977 4325 1178 4395 οἴχεται
1206 4326 1386 4380 τέλεον
1409 4345 1422 4358 ·
1452 4329 1544 4382 καὶ
1573 4347 1758 4402 προτι-

193 4415 397 4486 μητέον
447 4415 540 4468 τὸν
593 4415 770 4478 ζῶντα
805 4415 899 4469 τοῦ
939 4417 1290 4487 τεθνηκότος,
1333 4419 1432 4473 κᾶν
1475 4422 1535 4474 ἐν
1580 4423 1754 4493 σκότῳ

190 4507 446 4576 κείμενος
463 4502 519 4578 ᾖ,
548 4505 647 4559 κᾶν
677 4507 832 4568 κυνὸς
857 4509 1072 4579 τρόπον,
1095 4510 1184 4562 τὸν
1205 4511 1317 4580 βίον
1346 4488 1751 4586 διαπορεύηται,
1787 4488 1829 4543 D

189 4597 348 4669 παρά
375 4597 469 4651 τὸν
505 4598 690 4652 λέοντα
732 4599 824 4652 τὸν
854 4601 1166 4666 τεθνηκότα.
1199 4604 1260 4656 Oi
1294 4604 1392 4674 μὲν
1419 4604 1526 4677 γάρ
1555 4606 1754 4671 ζῶντες

185 4689 352 4741 τοῦτο
368 4689 499 4756 γοῦν
526 4689 859 4757 ἐπίστανται,
887 4692 966 4744 ὅτι
993 4692 1331 4764 τεθνήξονται
1350 4713 1362 4726 ο
1389 4697 1438 4748 οἱ
1477 4697 1533 4750 δὲ
1569 4701 1752 4771 νεκροὶ

191 4779 304 4834 οὐδ’
343 4779 523 4834 ὁτιοῦν
567 4780 940 4848 γινώσκουσιν.
983 4783 1232 4854 Ἀμοιὸαὶ
1275 4787 1331 4839 δὲ
1368 4788 1577 4853 οὐδενὸς
1621 4791 1753 4862 πρό-

195 4890 408 4926 κεινται
440 4872 576 4942 μετά
602 4873 659 4926 τὺ
685 4874 1072 4946 ἀποπληρῶσαι
1092 4877 1152 4930 τὸ
1180 4877 1374 4949 χρεών.
1402 4880 1472 4933 Ἦ
1500 4897 1559 4933 τε
1587 4881 1755 4954 ἔχθρα

191 4968 286 5020 καὶ
337 4968 372 5036 ή
429 4965 578 5034 φιλία
623 4968 655 5038 ἡ
701 4967 836 5038 πρὸς
875 4969 1000 5032 τοὺς
1035 4968 1380 5039 τεθνηκότας,
1425 4973 1576 5038 τέλος
1623 4975 1756 5045 ἔχει.

198 5057 460 5110 Ἑκείνων
491 5057 620 5129 γὰρ,
652 5059 759 5110 είτε
791 5057 949 5130 ζῆλος
968 5098 983 5122 ,
1013 5059 1257 5125 ἐξέλιπεν
1279 5081 1291 5094 ·
1317 5064 1426 5118 εἴτε
1456 5066 1585 5136 βίος,
1615 5070 1756 5138 ἠφά-

185 5167 387 5203 νισται.
431 5149 663 5202 Μέτεστι
694 5149 750 5202 δὲ
789 5150 998 5214 οὐδενὸς
1037 5152 1115 5223 τῷ
1145 5153 1290 5220 ἅπαξ
1321 5157 1568 5212 ἐντεῦθεν
1604 5161 1760 5214 ἀπελ-

184 5244 359 5297 θόντι.
398 5241 584 5296 Ταῦτα
627 5245 660 5314 ή
713 5243 885 5315 πλάνη
923 5245 1194 5316 ἐπᾴδουσα
1237 5247 1346 5312 ἐτι,
1401 5251 1495 5305 καὶ
1536 5253 1758 5307 τοιαῦτα

186 5334 570 5404 συμϐουλεύειο
601 5334 665 5387 Τί
701 5331 1026 5407 πράττειςῶ
1055 5331 1243 5402 οὗτος,
1291 5343 1385 5396 καὶ
1413 5344 1474 5396 οὐ
1497 5347 1708 5418 τρυφᾷς
1731 5389 1746 5410 ,

181 5427 311 5480 οὑδέ
340 5427 551 5496 ἐμφορῇ
579 5426 676 5496 μὲν
703 5425 1008 5497 ἐδεσμάτων
1037 5430 1316 5496 παντοίων,
1335 5431 1477 5486 οἴνου
1507 5436 1564 5488 δέ
1592 5438 1752 5508 ὑπερ-

184 5516 565 5588 εμπίπλασαι;
593 5519 704 5572 Οὐκ
730 5517 956 5592 αἰσθάνῃ
975 5563 988 5586 ,
1012 5521 1086 5585 ὡς
1110 5524 1173 5575 ἐκ
1199 5524 1331 5577 Θεοῦ
1360 5528 1521 5580 ταυτὶ
1546 5528 1751 5582 δέδοται

183 5608 329 5681 πρὸς
381 5609 676 5664 ἀπόλαυσιν
721 5610 1153 5682 ἀνεπικώλυτον,
1200 5616 1499 5687 Περιϐαλοῦ
1553 5620 1752 5692 ἐσθῆτα

2446 3119 2672 3176 CAPUT
2707 3121 2796 3175 IX.

1929 3230 1979 3283 f.
2017 3228 2154 3284 Tum
2202 3231 2346 3285 enim
2394 3232 2642 3287 homines
2682 3247 2870 3288 omnes
2914 3233 3105 3288 iisdem
3150 3234 3311 3288 rebus
3336 3233 3421 3288 di—

1855 3333 1991 3389 gnos
2026 3319 2238 3375 habitos
2261 3335 2381 3376 esse
2409 3323 2687 3390 putabam.
2739 3324 2818 3378 Ac
2854 3324 2899 3379 si
2938 3326 3062 3394 quis
3089 3325 3302 3394 sapiens
3331 3326 3423 3394 ju-

1856 3408 2060 3463 stitiam
2101 3409 2340 3464 studiose
2403 3412 2659 3466 coluisset
2710 3422 2874 3482 atque
2919 3416 2990 3468 ab
3028 3415 3291 3484 ihjustitia
3339 3431 3423 3471 ι·οά

1856 3503 2128 3564 cessisset.
2161 3503 2438 3571 animique
2459 3505 2775 3560 dexteritate
2804 3515 2858 3560 et
2889 3506 3147 3562 facilitate
3178 3510 3420 3563 omnium

1857 3594 2038 3647 odium
2066 3593 2290 3662 fugisset
2320 3595 2484 3664 (quod
2520 3596 2735 3664 quidem
2774 3596 2884 3651 Deo
2915 3608 3124 3667 gratum
3149 3601 3294 3668 est);
3334 3601 3422 3656 hic

1858 3685 1991 3739 mihi
2043 3685 2256 3738 inanem
2293 3685 2534 3740 laborent
2575 3688 2854 3758 suscipere
2897 3690 3196 3744 videbatur.
3235 3694 3288 3745 2.
3321 3691 3423 3747 De-

1860 3777 2024 3844 nique
2046 3791 2217 3829 unum
2255 3777 2609 3847 eumdemque
2631 3777 2788 3832 finem
2815 3793 2934 3834 esse
2961 3780 3264 3836 arbitrabar
3286 3783 3421 3852 justi

1857 3875 1911 3921 et
1939 3867 2148 3937 injusti,
2178 3869 2305 3922 boni
2330 3877 2384 3922 et
2406 3869 2555 3934 mali,
2586 3869 2707 3938 puri
2736 3883 2790 3925 et
2815 3871 3047 3940 impuri,
3083 3873 3192 3928 Deo
3218 3877 3424 3944 suppli-

1856 3961 2033 4015 cuntis
2061 3960 2394 4028 minimeque
2448 3961 2826 4031 supplicantis.
2883 3964 2935 4018 '5.
2961 3963 3097 4019 Nam
3127 3981 3250 4020 cum
3277 3967 3422 4036 inju-

1856 4080 1976 4127 stus
2005 4082 2058 4126 et
2085 4073 2307 4141 probus,
2340 4073 2612 4143 pejerator
2638 4084 2692 4130 et
2713 4073 3095 4145 jusjurandum
3137 4092 3296 4134 omne
3331 4077 3418 4132 fu-

1856 4163 2006 4232 giens
2029 4203 2045 4228 ,
2097 4164 2164 4217 ad
2207 4165 2457 4219 eumdem
2505 4165 2663 4220 finem
2695 4181 2788 4236 spe
2814 4176 2977 4236 atque
3019 4169 3271 4236 opinione
3301 4186 3420 4225 mea

1855 4254 2278 4322 contenderent;
2336 4257 2555 4312 subibat
2601 4258 2821 4313 sinistra
2867 4261 3112 4328 quaedam
3143 4263 3418 4330 cogitatio,

1856 4361 2047 4402 omnes
2092 4347 2146 4401 in
2197 4347 2382 4404 eadem
2431 4350 2703 4404 desinere.
2743 4339 2897 4405 Nlinc
2927 4367 3051 4405 vero
3081 4361 3419 4421 perspectum

1860 4437 2067 4500 habeo,
2103 4437 2389 4492 stultorum
2423 4453 2542 4492 esse
2568 4439 2665 4492 bas
2697 4440 3047 4509 cogitationes
3069 4481 3082 4503 ,
3117 4455 3180 4494 ac
3206 4441 3422 4492 fraudes

1857 4537 1912 4584 et
1951 4527 2300 4598 imposturas.
2353 4529 2408 4582 4.
2441 4529 2519 4583 Ac
2545 4531 2730 4585 multis
2767 4531 2941 4585 verbis
2966 4531 3094 4584 illud
3143 4532 3416 4595 occinunt,

1855 4633 1979 4672 eum
2008 4620 2100 4688 qui
2132 4633 2358 4674 mortem
2404 4619 2558 4684 obiit,
2614 4622 2825 4689 penitus
2856 4621 3102 4687 interire;
3146 4636 3210 4676 ac
3236 4622 3419 4675 viven-

1856 4719 1964 4765 tem
2009 4720 2226 4766 mortuo
2267 4711 2658 4780 praeferendum
2705 4728 2865 4776 esse,
2919 4713 3133 4768 etiamsi
3182 4714 3420 4769 tenebris

1856 4804 2066 4858 obsitus
2106 4805 2314 4874 jaceat,
2363 4804 2575 4860 etiamsi
2610 4805 2808 4859 canino
2838 4817 2989 4860 more
3017 4805 3138 4858 vita:
3180 4805 3279 4858 iter
3307 4816 3419 4858 tra-

1855 4893 2054 4959 ducat,
2101 4909 2263 4963 supra
2295 4895 2503 4948 leonem
2535 4907 2831 4950 mortuum.
2877 4893 2930 4948 5.
2963 4896 3174 4950 Etenim
3203 4911 3297 4950 eos
3323 4897 3418 4966 qui

1856 4985 1964 5040 vita
1993 4983 2266 5049 fruuntur,
2299 4986 2402 5040 hoc
2423 4986 2611 5040 saltem
2637 4988 2797 5049 scire,
2818 4990 2960 5056 quod
2993 4987 3240 5043 morituri
3271 4990 3376 5042 sint
3401 5007 3414 5042 :

1852 5092 1947 5132 eos
1976 5088 2154 5132 autem
2189 5077 2282 5145 qui
2317 5078 2427 5132 vita
2471 5077 2642 5132 functi
2689 5086 2850 5144 sunt,
2897 5079 3031 5132 nihil
3072 5095 3296 5149 prorsus
3327 5096 3416 5132 co-

1852 5185 2132 5239 gnoscere.
2193 5167 2420 5224 Praemia
2452 5185 2616 5236 porro
2647 5187 2944 5241 poenasque
2971 5172 3148 5226 nullas
3180 5181 3298 5241 post
3323 5186 3416 5225 ex-

1852 5263 2052 5332 pletum
2086 5262 2206 5318 vitae
2236 5277 2455 5317 cursum
2483 5263 2730 5332 proponi.
2797 5263 2849 5318 6.
2883 5263 3078 5318 Odium
3113 5265 3331 5330 insuper
3362 5275 3414 5314 et

1854 5353 2279 5409 benevolentiam
2319 5371 2444 5426 erga
2485 5371 2578 5411 eos
2603 5357 2694 5426 qui
2724 5357 2886 5411 vitam
2916 5373 3039 5412 cum
3071 5367 3240 5411 morte
3263 5369 3412 5410 com-

1857 5455 2153 5511 mutarunt,
2188 5447 2346 5501 finem
2377 5446 2593 5502 habere.
2628 5446 2829 5503 Eorum
2850 5450 2992 5503 enim
3019 5457 3130 5502 tum
3159 5447 3411 5502 invidiam

1857 5545 2020 5603 atque
2063 5535 2459 5590 aemulationem
2485 5534 2776 5601 defecisse,
2827 5547 2937 5592 tum
2966 5540 3128 5591 vitam
3156 5539 3415 5592 obscura-

1857 5633 1966 5679 tam
2019 5633 2179 5694 atque
2229 5626 2550 5681 exstinctam
2586 5641 2726 5684 esse.
2785 5623 3062 5682 Postremo
3091 5625 3294 5680 nullius
3338 5625 3414 5680 rei

258 5772 378 5846 (22)
437 5769 604 5835 Παρὰ
645 5769 750 5822 τὸν
781 5770 943 5834 βίον.
991 5772 1122 5828 Cod.
1177 5773 1361 5831 Medic.
1390 5819 1405 5842 ,
1439 5780 1585 5854 παρὰ
1617 5781 1708 5835 τὸν
1752 5788 1756 5833 ἐ

1857 5785 1943 5840 τοῦ
1967 5785 2096 5856 βίον.
2130 5782 2256 5838 Duc.
