3950 6326
535 350 663 405 1οη

1633 349 1692 405 S.
1733 347 2060 407 GREGORII
2102 345 2609 406 THAUMATURGI
2716 358 2725 369 '

3630 341 3773 396 illi!

528 477 654 521 eum
684 461 1001 532 participem
1035 476 1177 527 esse,
1228 461 1321 532 qui
1351 461 1518 517 semel
1543 475 1607 517 ex
1633 462 1738 518 hac
1765 463 1873 518 vita
1901 463 2097 534 migra-

2205 461 2490 517 νεόπλυτον
2509 503 2525 529 ,
2558 461 2650 515 καὶ
2691 459 2848 532 μύρῳ
2874 458 2974 531 τὴν
3007 457 3247 530 κεφαλὴν
3279 457 3638 531 χρισάμενος,
3664 460 3776 531 ὅρα

525 553 618 608 rit.
656 550 782 609 Hac
806 568 961 608 error
992 554 1268 618 accineus,
1316 553 1629 623 hujusmodi
1678 569 1897 624 quoque
1921 555 2102 610 consi—

526 644 660 698 lium
707 645 978 717 porrigit:
1027 645 1079 699 7.
1110 643 1257 701 Heus
1282 654 1337 699 tu
1365 647 1494 716 quid
1540 644 1696 713 facis,
1729 661 1794 701 ac
1823 662 1929 700 non
1963 642 2105 700 deli-5

529 737 629 792 ciis
659 737 906 806 indulges
927 777 943 802 ,
990 752 1091 792 nec
1118 736 1296 791 omnis
1332 738 1545 807 generis
1581 736 1776 793 eduliis
1804 737 2103 807 ingurgita-

528 829 607 884 ris
629 867 645 893 ,
691 828 927 898 vinoque
958 836 1010 883 te
1037 827 1328 883 immodice
1364 828 1588 898 exples?
1622 829 1816 883 Annon
1846 828 2102 901 intelligis

527 918 626 974 tibi
656 917 772 973 haec
800 916 985 973 divino
1018 933 1246 973 munere
1273 917 1519 984 concedi,
1557 926 1615 972 ut
1658 918 1883 974 arbitrio
1915 928 2007 974 tuo
2038 934 2104 975 ac

526 1011 644 1065 sine
670 1009 1059 1079 impedimento
1082 1007 1323 1065 fruaris?
1352 1008 1405 1065 8.
1435 1007 1576 1075 Quin
1599 1018 1655 1065 tu
1682 1020 1885 1066 vestem
1910 1025 2101 1067 recens

526 1102 778 1157 sordibus
810 1101 1080 1158 detersam
1109 1100 1325 1166 induis,
1377 1102 1660 1171 capiteque
1689 1103 1984 1173 unguentis
2007 1102 2103 1158 de-

525 1194 720 1258 libuto,
780 1195 833 1249 9.
888 1196 1026 1250 hanc
1054 1202 1216 1263 atque
1256 1194 1404 1248 illam
1448 1195 1733 1250 mulierem
1758 1195 1938 1250 cernis
1960 1235 1975 1260 ,
2007 1209 2103 1248 va-

525 1301 763 1355 namque
814 1286 979 1340 vitam
1017 1302 1157 1340 vane
1199 1280 1488 1358 transigis?
1540 1285 1686 1343 Nihil
1729 1287 1876 1343 enim
1908 1297 2102 1359 praater

523 1378 643 1434 haec
670 1378 765 1434 tibi
793 1378 1064 1448 reliquum
1089 1376 1206 1445 est“,
1253 1392 1356 1433 nec
1399 1378 1456 1432 in
1503 1378 1608 1434 hac
1640 1379 1746 1433 vita
1770 1418 1787 1444 ,
1840 1393 1941 1435 nec
1981 1387 2101 1448 post

524 1481 776 1526 mortem.
817 1469 905 1525 l0.
934 1470 1120 1526 Facito
1144 1471 1342 1541 igitur,
1376 1486 1498 1540 quae
1527 1479 1730 1526 temere
1753 1479 1809 1526 et
1836 1470 1977 1526 ultro
2007 1486 2103 1526 oc-

526 1571 776 1618 currunt.
837 1561 1020 1634 Neque
1045 1562 1191 1618 enim
1225 1561 1494 1617 rationem
1517 1562 1715 1617 horum
1749 1563 2038 1633 quisquam
2070 1579 2101 1617 a

529 1663 581 1710 te
606 1655 783 1725 exiget
811 1673 824 1709 :
861 1669 963 1709 nec
990 1655 1270 1709 hominum
1296 1654 1437 1709 facta
1458 1695 1473 1719 ,
1520 1655 1625 1710 nisi
1652 1654 1796 1725 apud
1828 1654 2098 1720 homines,

522 1746 637 1802 ullo
669 1746 832 1802 modo
862 1755 1288 1817 cognoscuntur.
1343 1742 1519 1801 Orcus
1548 1753 1752 1811 autem,
1787 1745 2101 1818 quicunque

2202 551 2302 622 τὴν
2332 553 2568 619 γυναῖκα
2600 550 2803 622 ταύτην
2823 590 2837 614 ,
2883 549 3141 621 κάκείνην
3179 548 3236 602 δὲ
3271 549 3512 621 ματαίως
3546 549 3638 603 τὸν
3666 549 3779 620 μά-

2201 663 2348 702 ταιον
2372 642 2606 717 πάρελθε
2645 642 2787 714 βίον;
2819 639 3212 714 (8ἱε.)Ἕτερον
3236 641 3345 712 γάρ
3371 640 3519 694 οὐδὲν
3551 640 3778 694 ὑπολείσι

2204 738 2362 792 πεταί
2389 755 2470 791 σοι
2493 734 2643 808 παρὰ
2656 734 2847 798 ταῦτα,
2862 735 2963 787 ούκ
2987 732 3172 787 ἐνθάδε
3196 773 3211 799 ,
3232 732 3351 786 οὐδὲ
3366 734 3503 803 μετὰ
3517 730 3772 786 θάνατον.

2215 829 2375 884 Ἀλλὰ
2409 828 2613 900 πρᾶττε
2653 827 2721 880 τὰ
2761 825 3153 898 προστυχόντα.
3191 822 3331 880 Οὔτε
3363 825 3470 900 γὰρ
3514 825 3786 896 λογισμὸν,

2205 921 2263 974 σέ
2292 938 2378 983 τις
2425 919 2630 973 τούτων
2671 918 3025 991 εἰσπράξεται
3049 933 3064 948 ’
3098 915 3211 970 οὗθ’
3253 916 3393 981 ὅλως
3444 916 3779 988 γινώσκεται

2202 1014 2360 1077 ἐκτὸς
2398 1012 2698 1085 ἀνθρώπων
2727 1011 2798 1065 τά
2837 1012 2929 1065 ὑπ’
2961 1009 3263 1083 ἀνθρώπων
3290 1010 3568 1083 γινόμενα.
3603 1010 3779 1082 ᾍδης

2199 1106 2276 1173 δὲ,
2322 1107 2351 1159 δ
2405 1105 2458 1159 τί
2496 1122 2625 1160 ποτε
2669 1106 2763 1159 καὶ
2801 1104 2983 1168 ἔστιν,
3020 1104 3101 1168 εἰς
3125 1103 3184 1157 ὃν
3214 1103 3429 1157 ἀπιέναι
3467 1103 3777 1174 λεγέμεθα,

2203 1196 2395 1268 σοφίας
2425 1198 2518 1252 καὶ
2565 1197 2868 1270 αἰσθήσεως
2896 1197 3134 1268 ἀμοιρεῖ.
3184 1194 3368 1251 Ταῦτα
3424 1196 3522 1267 μὲν
3567 1196 3619 1250 οἱ
3669 1195 3779 1267 μά-

2200 1307 2363 1345 ταιοι.
2406 1289 2547 1359 Ἐγὼ
2582 1290 2639 1344 δὲ
2686 1285 2744 1344 εὖ
2783 1284 2929 1353 οἶδα,
2971 1288 3048 1352 ὡς
3087 1286 3209 1341 οὔτε
3254 1288 3304 1341 οί
3333 1289 3651 1359 κουφότατοι
3691 1288 3780 1340 δο-

2202 1381 2423 1446 κοῦντες
2458 1381 2552 1436 τὸν
2591 1382 2762 1454 μέγαν
2800 1381 2997 1455 δρόμον
3042 1383 3247 1435 ἐκεῖνον
3294 1381 3581 1435 άνύσουσιν
3602 1421 3619 1445 ,
3648 1379 3777 1433 οὔτε

2202 1478 2249 1529 οἱ
2284 1474 2499 1530 δυνατοὶ
2545 1476 2639 1531 καὶ
2666 1475 2885 1545 φοϐεροὶ
2922 1474 3074 1547 παρὰ
3110 1473 3415 1546 ἀνθρώποις
3450 1473 3779 1544 δεδοξασμέο

2201 1584 2315 1633 νοι,
2357 1568 2448 1622 τὸν
2478 1567 2706 1639 φοϐερὸν
2737 1567 2970 1639 πόλεμον
3000 1569 3333 1638 νικήσουσιν.
3369 1566 3507 1622 Ἀλλ’
3555 1568 3679 1622 οὐδὲ
3718 1570 3777 1621 ἐν

2202 1660 2401 1733 ἐδωδῆς
2447 1658 2639 1732 πλήθει
2682 1661 2941 1732 φρόνησις
2967 1659 3353 1732 δοκιμάζεται,
3386 1661 3506 1715 οὐδὲ
3555 1660 3776 1723 σύνεσις

2202 1751 2416 1823 πλούτῳ
2463 1754 2735 1807 κοινωνεῖν
2777 1750 2986 1806 εἴωθεν.
3044 1751 3179 1806 Οὐδὲ
3213 1752 3494 1824 συγχαίρω
3520 1754 3636 1815 τοῖς
3664 1753 3775 1805 οἰο-

525 1836 744 1892 tandem
770 1838 858 1892 ille
886 1814 969 1892 est
988 1878 1002 1903 ,
1057 1836 1123 1890 ad
1148 1851 1309 1907 quem
1338 1836 1490 1891 abire
1515 1837 1780 1903 dicimur,
1804 1814 2097 1906 sapientia:

2205 1814 2399 1917 μένοις.
2435 1844 2680 1909 ἅπαντας
2725 1843 2834 1899 τῶν
2882 1845 3083 1916 ὁμοίων
3136 1814 3443 1912 τεύξεσθαι.
3508 1814 3659 1899 Πάνυ
3719 1844 3776 1900 δὲ

522 1937 577 1985 et
613 1944 808 1984 sensus
839 1938 924 1985 est
958 1943 1172 1999 expers.
1214 1928 1392 1997 Atque
1438 1926 1554 1983 haec
1580 1928 1707 1982 vani
1737 1928 1987 1984 homines
2019 1928 2101 1982 lo-

522 2030 784 2091 quuntur.
845 2022 933 2076 ll.
966 2020 1080 2093 Ego
1105 2035 1234 2076 vero
1261 2029 1467 2076 certum
1504 2019 1708 2088 habeo,
1754 2035 1856 2077 nec
1881 2035 1976 2077 eos
2005 2020 2099 2091 qui

521 2114 722 2183 pedum
767 2112 985 2168 levitate
1018 2121 1277 2183 praestare
1323 2113 1602 2178 videntur,
1632 2127 1888 2184 magnum
1943 2112 2098 2166 illum

521 2221 744 2261 cursum
774 2216 1126 2275 peracturos;
1174 2221 1274 2262 nec
1300 2220 1398 2262 eos
1434 2206 1528 2276 qui
1558 2212 1807 2276 potentes
1831 2212 1886 2259 et
1911 2202 2099 2259 formi-

521 2296 731 2352 dahiles
767 2295 907 2366 apud
941 2297 1194 2353 homines
1244 2297 1415 2353 habiti
1445 2295 1680 2363 fuerint,
1722 2294 1926 2352 bellum
1967 2294 2098 2349 illud

523 2387 866 2443 formidabile
912 2386 1279 2444 confecturos.
1323 2387 1435 2444 Nec
1461 2403 1592 2443 vero
1622 2387 1910 2459 prudentia
1940 2385 1995 2441 in
2023 2387 2099 2441 ci-

524 2480 719 2535 borum
774 2479 931 2550 copia
962 2480 1311 2550 exploratur,
1359 2495 1461 2535 nec
1495 2480 1767 2552 sagacitas
1798 2478 2096 2550 quidquam

522 2583 811 2625 commune
859 2571 1059 2626 habere
1105 2586 1231 2627 cum
1284 2571 1478 2641 opibus
1511 2570 1811 2626 consuevit.
1871 2569 1961 2624 l2.
1990 2566 2099 2625 Nec

522 2663 592 2717 iis
622 2662 1007 2732 gratulandum
1037 2673 1190 2733 puto,
1221 2663 1317 2735 qui
1349 2678 1540 2718 omnes
1573 2662 1642 2718 ad
1662 2662 1850 2718 eadem
1876 2676 2100 2732 perven-

2202 1931 2496 1990 ὑπνώττειν
2525 1935 2766 1988 ἐοίκασιν
2798 1937 2847 1988 οί
2875 1934 2944 1988 τά
2968 1933 3199 1989 τοιαῦτα
3222 1934 3649 2007 ἐνθυμούμενοι,
3681 1936 3774 1989 καὶ

2202 2028 2276 2101 μὴ
2307 2026 2640 2098 λογιζόμενοι
2661 2066 2677 2092 ,
2706 2026 2782 2091 ὡς
2805 2026 2958 2098 δίκην
2988 2025 3186 2098 ίχθύων
3231 2027 3325 2081 καὶ
3357 2027 3562 2099 ὀρνέων
3608 2028 3774 2098 ἀνάρ-

2199 2137 2395 2174 παστοι
2422 2119 2725 2191 γινόμενοι,
2754 2120 2813 2173 ὲν
2842 2121 3033 2183 κακοῖς
3063 2118 3552 2191 κατατριϐήσονται
3577 2159 3593 2180 ,
3624 2121 3771 2189 άφνω

2197 2212 2297 2283 τῆς
2326 2210 2482 2278 ἀξίας
2513 2212 2767 2282 λαχόντες
2795 2211 3095 2284 ἐπιτιμίας.
3131 2212 3274 2283 Ἐγὼ
3302 2212 3360 2267 δὲ
3395 2212 3592 2281 σοφίαν
3630 2212 3767 2267 οὕτω

2196 2321 2249 2358 τι
2284 2304 2426 2376 μέγα
2468 2304 2704 2376 ἡγοῦμαι
2727 2347 2743 2366 ,
2770 2304 2847 2370 ὡς
2873 2306 2967 2358 καὶ
3007 2304 3162 2359 πόλιν
3200 2305 3405 2378 μικρὰν
3452 2307 3544 2360 ὑπ’
3579 2304 3766 2374 ὀλίγων

2200 2391 2298 2463 μὲν
2322 2390 2672 2462 οίκουμένην,
2699 2391 2804 2445 ὑπὸ
2831 2392 2888 2445 δὲ
2915 2391 3154 2464 μεγάλου
3184 2393 3650 2465 πολιορκουμένην
3678 2393 3764 2464 βα-

2201 2480 2387 2544 σιλέως
2441 2482 2615 2551 χειρὶ,
2655 2479 2853 2552 πολλὴν
2883 2481 2978 2535 καὶ
3010 2481 3255 2554 μεγάλην
3286 2482 3530 2554 ἡγοῦμαι
3549 2522 3566 2545 ,
3597 2485 3643 2536 εξ
3675 2484 3763 2537 καὶ

2197 2572 2292 2626 ἕνα
2337 2572 2498 2637 σοφὸν
2527 2569 2693 2642 ἄνδρα
2738 2569 2961 2642 πολίτην
2992 2570 3105 2642 ἔχοι
3137 2571 3365 2643 πένητα.
3411 2570 3640 2626 Δύναιτο
3663 2572 3762 2639 γὰρ

2197 2664 2263 2719 ἂν
2290 2657 2447 2727 οὗτος
2485 2663 2584 2723 ,καὶ
2613 2663 2678 2716 ὲκ
2704 2661 2813 2716 τῶν
2846 2661 3141 2734 πολεμίων,
3177 2663 3271 2716 καὶ
3297 2664 3363 2717 ὲκ
3392 2662 3503 2717 τῶν
3530 2681 3761 2735 χαρακω-

521 2764 673 2809 turos
698 2770 820 2811 esse
845 2756 1201 2813 arbitrantur.
1263 2754 1426 2811 Gravi
1449 2754 1596 2810 enim
1627 2766 1823 2825 sopore
1849 2754 2097 2824 oppressi

2200 2756 2385 2828 μάτων
2426 2754 2525 2828 τὴν
2566 2754 2761 2809 ἑαυτοῦ
2800 2754 3061 2809 διασῶσαι
3112 2754 3288 2810 πόλιν.
3330 2757 3443 2810 Καὶ
3484 2755 3632 2811 ἄλλοι
3671 2756 3758 2827 μὲν

520 2846 659 2902 mihi
683 2848 958 2913 videntur,
991 2848 1197 2927 quires
1231 2847 1544 2918 hujusmodi
1577 2847 1848 2917 cogitant;
1882 2859 1982 2900 nec
2013 2859 2097 2901 se-

2198 2850 2288 2904 τδν
2315 2849 2476 2920 σοφὸν
2501 2851 2704 2903 ἐκεῖνον
2728 2848 2789 2901 οὐ
2826 2846 3149 2919 γινώσκουσι
3195 2848 3402 2920 πένητα
3418 2865 3432 2880 ·
3470 2847 3581 2918 ἐγὼ
3599 2848 3653 2903 δὲ
3674 2850 3756 2903 καὶ

520 2954 646 2994 cum
677 2948 928 3010 reputant
964 2938 1115 3005 fore,
1166 2948 1225 2994 ut
1260 2940 1490 3009 piscium
1521 2939 1697 2994 instar
1724 2946 1887 3009 atque
1912 2938 2093 2994 avium

2198 2943 2338 2996 πάνυ
2370 2940 2646 3012 προκρίνω
2672 2940 2770 3012 τὴν
2811 2939 2869 2993 ὲν
2914 2940 3078 3012 σοφία
3115 2940 3268 3011 ίσχὺν
3307 2939 3515 3012 ταύτης
3538 2942 3637 3013 τῆς
3671 2942 3754 3011 δη-

520 3030 751 3100 ahrepti,
784 3033 836 3086 in
868 3032 1027 3087 malis
1061 3042 1363 3095 versentur,
1398 3046 1463 3086 ac
1488 3030 1671 3087 subito
1698 3045 1798 3101 pro
1828 3028 2095 3086 scelerum

2200 3031 2409 3103 μώδους
2469 3031 2767 3103 δυνάμεως.
2829 3030 2968 3085 Ἀλλ’
3039 3031 3223 3085 ἐνθάδε
3291 3033 3391 3104 μὲν
3448 3032 3755 3104 άτιμάζεται

521 3123 719 3178 merito
762 3138 954 3193 poenas
999 3124 1173 3179 luant.
1233 3124 1320 3178 l5.
1357 3123 1731 3178 At‘enimvero
1771 3121 2092 3192 sapientiam

2200 3124 2362 3194 σοφία
2411 3124 2573 3196 πενίᾳ
2651 3121 2973 3178 συνοικοῦσα
2995 3139 3010 3154 ο
3068 3123 3466 3196 ἀκουσθήσεται
3510 3126 3568 3179 δὲ
3616 3126 3754 3197 μετέ-

522 3218 657 3274 tanti
684 3217 828 3274 facio
857 3226 1021 3290 atque
1040 3215 1273 3284 asstimo,
1304 3227 1363 3273 ut
1382 3231 1606 3287 parvam
1628 3217 1792 3273 etiam
1822 3216 2094 3271 civitatem

2202 3231 2362 3269 πειτα
2395 3212 2790 3287 ὑπερφωνοῦσα
2815 3212 3080 3277 δυνάστας
3124 3213 3217 3267 καὶ
3262 3214 3565 3285 τυράννους
3589 3213 3755 3267 κακῶν

522 3328 553 3367 a
582 3312 770 3381 paucis
807 3309 1103 3365 babitatam
1122 3351 1138 3377 ,
1168 3318 1333 3380 atque
1357 3309 1494 3366 adeo
1522 3324 1553 3364 a
1575 3323 1774 3380 magno
1817 3323 1942 3380 rege
1969 3323 2095 3363 cum

2200 3308 2576 3381 ὀρεγομένους.
2633 3306 2804 3376 Σοφία
2848 3307 2958 3379 γὰρ
2988 3306 3081 3360 καὶ⁸
3126 3305 3345 3377 σιδήρου
3390 3305 3753 3379 δυνατωτέρα·

522 3410 765 3462 exercitu
789 3406 1234 3471 circumsessam,
1267 3420 1517 3476 magnam
1546 3412 1600 3461 et
1625 3403 1962 3473 frequentem
1984 3401 2097 3457 exi-

2212 3399 2513 3472 Ἀφροσύνη
2542 3416 2601 3453 τε
2632 3399 2749 3462 ἑνὸς
2794 3399 3009 3464 πολλοῖς
3046 3396 3288 3452 κίνδυνον
3334 3398 3650 3470 ἐργάζεται,
3669 3397 3757 3453 κάν

522 3495 775 3560 stimem,
812 3495 858 3550 si
900 3494 983 3549 vel
1028 3508 1315 3565 pauperem
1357 3508 1522 3549 unum
1573 3491 1871 3563 sapientem
1919 3491 2093 3547 virum

2202 3491 2414 3555 πολλοῖς
2442 3490 2553 3563 (25)
2586 3491 2993 3563 καταφρόνητος

521 3584 695 3638 civem
721 3584 935 3638 habeat.
978 3582 1065 3637 Η.
1100 3580 1199 3636 llic
1224 3583 1390 3649 enim,
1416 3592 1531 3637 tum
1598 3582 1667 3636 ah
1714 3582 1953 3637 hostium
2010 3582 2245 3653 impetu,
2291 3588 2407 3637 tum
2440 3597 2471 3637 a
2519 3582 3114 3642 circumvallationibus
3164 3593 3220 3640 et
3277 3584 3762 3657 oppugnationibus

522 3677 794 3731 civitatem
843 3691 999 3733 suam
1043 3674 1366 3731 incolumem
1419 3674 1558 3730 tueri
1604 3673 1823 3744 poterit.
1891 3674 1979 3729 15.
2030 3672 2096 3728 Ει
2127 3674 2376 3744 quamvis
2422 3673 2515 3729 alii
2540 3689 2833 3746 pauperem
2876 3675 3029 3730 illum
3083 3677 3385 3747 sapientem
3459 3693 3572 3732 non
3602 3692 3757 3748 agno-

522 3785 718 3832 scant:
757 3774 846 3829 16.
885 3788 986 3845 ego
1008 3783 1185 3829 tamen
1213 3772 1489 3842 sapientia:
1513 3771 1678 3838 vires,
1724 3770 1972 3841 populari
2027 3770 2155 3826 huic
2198 3771 2452 3841 potentiae
2501 3771 2661 3841 longe
2684 3779 2977 3842 antepono.
3041 3768 3243 3826 Verum
3270 3770 3358 3826 hic
3381 3771 3608 3842 quidem
3632 3772 3763 3842 jacet

521 3879 576 3925 et
608 3868 979 3925 contemnitur
1002 3866 1289 3937 sapientia,
1321 3881 1441 3934 qua:
1466 3880 1591 3921 cum
1646 3872 1964 3935 paupertate
2014 3863 2307 3934 conjuncta
2356 3873 2441 3919 est
2497 3883 2509 3917 :
2563 3863 2652 3918 l7.
2693 3872 2951 3920 caeterum
3003 3872 3189 3936 postea
3217 3863 3494 3931 audietur,
3522 3864 3760 3919 altiorem

520 3976 709 4018 vocem
736 3962 1127 4031 edens,quam
1155 3958 1427 4029 principes
1461 3966 1516 4012 et
1551 3957 1796 4029 tyranni,
1849 3958 2117 4013 malorum
2169 3957 2467 4028 cupiditate
2521 3956 2834 4030 ﬂagrantes.
2895 3956 3171 4029 Sapientia
3219 3959 3365 4013 enim
3412 3956 3563 4014 ferro
3609 3961 3761 4015 etiam

522 4052 644 4128 ipso
673 4056 870 4111 fortior
897 4064 982 4112 est
1021 4073 1034 4109 :
1090 4054 1177 4110 18.
1204 4053 1454 4109 .Stultitia
1477 4063 1658 4110 autem
1692 4055 1876 4119 unius,
1932 4054 2120 4110 multis
2175 4052 2477 4125 periculum
2529 4054 2792 4122 accersit;
2838 4052 3051 4110 etiamsi
3079 4054 3262 4110 multis
3284 4054 3419 4113 levis
3443 4065 3501 4112 et
3531 4066 3763 4113 contem-

522 4150 727 4221 ptibilis
763 4151 855 4204 sit.

1150 4237 1378 4293 CAPUT
1427 4237 1495 4292 Χ.

2807 4238 3056 4292 ΚΕΦΑΛ.
3092 4240 3150 4292 l'.

597 4335 652 4390 1.
681 4331 816 4389 Nam
849 4348 1050 4387 musca:
1081 4332 1497 4401 inungucnturn
1542 4330 1811 4401 prolapsa:
1843 4339 1897 4387 et
1925 4331 2093 4386 sulla-

2270 4331 2380 4384 Καὶ
2407 4329 2515 4403 γὰρ
2548 4332 2700 4401 μυῖαι
2730 4328 3068 4401 ἐμπεσοῦσαι
3107 4330 3264 4402 μύρῳ
3283 4369 3297 4393 ,
3342 4330 3436 4384 καὶ
3481 4332 3762 4384 ἐναποπνι-

522 4437 676 4494 catre,
703 4427 1019 4482 indecorum
1048 4423 1231 4479 suavis
1264 4407 1417 4477 illius.
1457 4422 1687 4492 liquoris
1717 4430 2000 4491 aspectum
2040 4431 2095 4476 ct

2198 4426 2396 4492 γεῖσαι,
2419 4423 2702 4495 ἀσχήμονα
2731 4422 2825 4475 τοῦ
2856 4422 3009 4494 ήδέος
3052 4423 3258 4476 ἐκείνου
3305 4423 3637 4497 χρίσματος,
3670 4425 3760 4493 τήν

523 4522 835 4578 unctionem
897 4518 1157 4574 reddunt:
1203 4516 1481 4586 sapientia:
1526 4524 1706 4569 autem
1751 4523 1805 4570 et
1855 4514 2096 4570 stultitiae

2198 4530 2255 4566 τε
2284 4513 2426 4583 ὄψιν,
2462 4514 2556 4566 καὶ⁴
2585 4512 2682 4584 τὴν
2713 4512 2892 4585 χρίσιν
2937 4511 3049 4585 (24)
3080 4513 3402 4585 ἐργάζονται
3424 4530 3437 4543 ·
3494 4515 3682 4584 σοφίας
3705 4511 3754 4563 δὲ

522 4613 686 4667 simul
708 4611 1042 4675 meminisse,
1076 4609 1209 4663 nihil
1236 4609 1507 4663 convenit.
1544 4607 1600 4663 2.
1644 4600 1873 4678 Sapiens
1898 4608 2096 4678 quippe

2198 4604 2286 4659 καὶ
2314 4597 2628 4677 ἀφροσύνης
2647 4604 2797 4658 οὐδὲν
2820 4605 2877 4659 ὲν
2906 4604 3088 4676 ταυτῷ
3118 4603 3429 4675 μεμνῆσθαι
3472 4605 3751 4677 προσῆκον.

522 4707 591 4761 ad
629 4722 718 4763 rcs
750 4706 974 4761 dextras
1000 4716 1055 4759 et
1076 4704 1335 4759 honestas
1364 4700 1466 4756 sibi
1495 4701 1597 4772 ipsi
1620 4699 1730 4756 dux
1750 4708 1860 4757 est:
1896 4700 2095 4756 stultus

522 4804 704 4851 autem
734 4797 802 4851 ad
830 4797 993 4850 laevas
1031 4793 1349 4866 propcndct,
1367 4807 1466 4847 nec
1496 4806 1733 4862 unquam
1762 4790 1828 4846 ad
1855 4806 1942 4844 res
1959 4805 2097 4859 prae-

593 4995 707 5119 ($033
736 4994 863 5049 Κᾶν
881 4992 1163 5075 ⁸πολλοῖς.
1200 4992 1289 5048 Sic
1311 4990 1635 5048 Bodleianus
1660 4991 2095 5064 Anglicus/liber

604 5083 633 5119 c
711 5105 723 5117 .
756 5064 948 5119 Medic.
977 5068 1044 5119 At
1068 5080 1199 5119 mss.
1227 5080 1338 5119 rea.
1364 5064 1512 5118 card.
1534 5062 1756 5118 Lothar.
1780 5060 2090 5119 etThuan..

522 5077 575 5121 et
604 5060 723 5120 cod.
756 5064 948 5119 Medic.
977 5068 1044 5119 At
1068 5080 1199 5119 mss.
1227 5080 1338 5129 reg.
1364 5064 1512 5118 card.
1534 5060 2090 5128 LotharfetThuan.,

523 5135 627 5190 κᾶν
660 5135 817 5190 πολύ.
849 5134 1060 5189 Rursus
1095 5135 1236 5189 idem
1275 5136 1441 5188 codex
1475 5131 1665 5187 Medic.
1690 5148 1789 5204 pro
1817 5133 2092 5204 καταφρό-

522 5223 680 5278 νητος
704 5204 1206 5278 δοτίριυιημεχίιίὺρι
1225 5199 1772 5278 εύκαταφρόνητοςῇ.
1804 5204 1883 5258 Ita
1907 5199 2092 5278 postea

522 5274 642 5346 cap.
699 5274 877 5339 xu,’5
900 5315 929 5347 ,γ
957 5275 1144 5345 ὥσπερ
1178 5274 1451 5347 μελαίνης
1476 5274 1576 5328 καὶ
1620 5274 2090 5347 εὐκαταφρονήτου

523 5349 881 5420 καππάρεως.
915 5346 1047 5420 Dug.

512 5453 514 5456 μ
595 5413 967 5485 (24)’Χρ[σιν.
997 5416 1170 5471 Prava
1219 5416 1379 5471 lectio
1417 5430 1639 5485 pravam
1678 5415 1887 5486 peperit
1915 5413 2089 5470 (Eco-

517 5486 776 5565 lampadii
810 5489 1168 5565 versionem_:_
1207 5486 1404 5565 Musca;
1445 5493 1553 5538 tam
1604 5487 2088 5565 unctionemnquam

519 5554 772 5627 unguenti
805 5559 995 5627 faciem
1031 5558 1266 5612 reddunt
1304 5557 1611 5624 deformem.
1667 5554 1853 5627 Neque
1898 5554 2089 5609 Billius

520 5626 677 5681 aliter
709 5626 1097 5697 interpretatus
1137 5636 1250 5690 est,
1281 5626 1424 5697 quod
1475 5641 1584 5680 non
1616 5626 2091 5681 animadvertisset

518 5698 579 5750 in
603 5698 790 5768 codice
818 5696 1011 5754 Medic.
1050 5696 1311 5768 scriptum
1332 5696 1525 5768 χρῆσιν
1545 5735 1559 5759 ,
1594 5712 1782 5760 usum;
1805 5712 1912 5768 quo
1931 5706 2090 5766 pacto

520 5767 921 5835 emendandum
952 5766 1461 5827 censuit—Musculus
1482 5782 1604 5823 cum
1627 5768 1787 5823 dixit:
1826 5766 2085 5839 Ungzccnti

2205 4697 2262 4749 ὐ
2299 4696 2399 4768 μέν
2441 4713 2507 4766 γε
2561 4695 2723 4766 σοφὸς
2757 4696 2945 4751 ἑαυτὸν
2976 4697 3068 4750 ἐπὶ
3090 4695 3241 4761 δεξιὰ
3272 4696 3382 4751 τῶν
3427 4697 3752 4769 πραγμάτων

2192 4788 2379 4861 ὁδηγεῖ
2401 4806 2414 4819 ·
2451 4789 2640 4863 ἄφρων
2659 4788 2717 4842 δὲ
2739 4790 2818 4853 είς
2836 4788 3101 4861 ἀριστερά
3124 4786 3236 4859 (25)
3253 4789 3637 4853 άπονένευκεν,
3657 4785 3751 4840 οὐδ’

2191 4988 2340 5043 illius
2352 5000 2400 5045 et
2413 4989 2631 5059 speciem
2651 4998 2699 5044 et
2720 5003 2873 5044 usum
2888 4992 3191 5059 deturpant.
3206 4987 3410 5059 Catena
3432 4988 3615 5044 Grzeca
3634 5002 3749 5059 ms,

2192 5062 2288 5140 καὶ
2312 5055 3093 5140 γάρ’μυῖαιεὲναποπνιγείσαι
3114 5058 3291 5140 μύρῳ,
3324 5058 3596 5140 άχρηστω
3631 5055 3751 5140 αὐτῇ

2193 5126 2515 5203 ἐργάζονται
2531 5148 2545 5161 ³
2572 5130 2678 5185 τῶν
2713 5126 2981 5184 Ἰουδαίων
3008 5129 3103 5183 καὶ
3116 5126 3410 5200 αἱρετικῶν
3434 5126 3485 5183 οἱ
3520 5126 3751 5250 λογισδιοὶ

2193 5202 2552 5250 ἐμπίπτοντες
2577 5203 2641 5250 τῆ
2676 5198 2784 5250 τῶν
2820 5200 3051 5250 Fautoti
3089 5200 3307 5250 εὐωδία.
3344 5201 3641 5250 scamonia-rs
3692 5215 3750 5249 α·-

2191 5198 2552 5272 ὲμπίπτοντες
2577 5203 2642 5271 τῇ
2676 5198 2784 5255 τῶν
2820 5200 3051 5272 Γραφῶν
3089 5198 3307 5272 εύωδία,
3344 5201 3641 5272 ἑαυτούς-ες
3664 5198 3750 5272 θα·-

2192 5268 2429 5344 νατοῧσι,
2465 5272 2557 5344 καὶ¹
2591 5268 2795 5344 σαπρὸν
2838 5268 3313 5344 παρασκευάζουσι
3351 5274 3464 5344 τοῖς
3509 5268 3749 5338 πειθομέ-

2190 5361 2302 5417 νοις
2319 5343 2391 5417 τὸ
2416 5343 2611 5417 μύρον.
2650 5342 2796 5417 Nam
2836 5342 3031 5397 musae
3069 5342 3348 5417 stt/Iocatus
3386 5343 3441 5398 in
3474 5349 3744 5417 unguem.

2190 5413 2377 5466 inutile
2405 5412 2578 5482 ipsum
2601 5413 2864 5468 reddunt:
2896 5429 3083 5467 sensus
3107 5412 3424 5468 Judaei-um
3460 5422 3512 5466 et
3546 5412 3760 5465 licere“?

2192 5498 2371 5556 corunt
2399 5481 2454 5535 in
2490 5482 2680 5536 bonam
2719 5481 3009 5556 Scriptura:
3046 5484 3407 5556 fragrantia»:
3451 5482 3738 5556 incidentes,

2189 5549 2985 5624 etseipsasmorteraﬁieiunt,
3031 5549 3079 5608 et
3123 5549 3445 5624 unguentum
3485 5549 3737 5621 putridum

2189 5622 2430 5695 efﬁciunt
2460 5622 2590 5695 illis,
2623 5623 2714 5690 qui
2740 5622 2970 5695 obsecuti
2998 5626 3075 5695 eis
3101 5622 3424 5695 fuci-fatain.

2261 5693 2373 5769 (253)
2401 5696 2503 5769 Εὶς
2528 5689 2831 5769 ᾂριστερζί.
2870 5694 3038 5751 Codd.
3081 5689 3192 5769 reg.
3228 5706 3283 5753 et
3313 5692 3502 5764 Savil.,
3530 5693 3604 5754 εις
3632 5689 3736 5760 ἀμ’

2192 5764 2410 5833 στεράν,
2436 5767 2503 5819 ad
2534 5765 2738 5821 larvam.
2770 5766 2848 5822 In.
