  <div class='ocr_page' id='page_1' title='image "/cluster/home/n/w/nwhite01/storage/ocr_20150623/10/hvd.32044073501348/520.png"; bbox 0 0 3950 6326; ppageno 0'>
   <div class='ocr_carea' id='block_1_1' title="bbox 182 298 309 358">
    <p class='ocr_par' dir='ltr' id='par_1_1' title="bbox 182 298 309 358">
     <span class='ocr_line' id='line_1_1' title="bbox 182 298 309 358; baseline -0.024 0"><span class='ocrx_word' id='word_1_1' title='bbox 182 298 309 358; x_wconf 72' lang='grc'>1015</span> 
     </span>
    </p>
   </div>
   <div class='ocr_carea' id='block_1_2' title="bbox 1234 242 2491 343">
    <p class='ocr_par' dir='ltr' id='par_1_2' title="bbox 1234 242 2491 343">
     <span class='ocr_line' id='line_1_2' title="bbox 1234 242 2491 343; baseline -0.015 0"><span class='ocrx_word' id='word_1_2' title='bbox 1234 282 1715 343; x_wconf 69' lang='lat' dir='ltr'><strong>usrarnnasns</strong></span> <span class='ocrx_word' id='word_1_3' title='bbox 1760 278 1829 336; x_wconf 90' lang='lat' dir='ltr'><strong>IN</strong></span> <span class='ocrx_word' id='word_1_4' title='bbox 1867 242 2399 336; x_wconf 64' lang='lat' dir='ltr'><strong>sccwéras’rss.</strong></span> <span class='ocrx_word' id='word_1_5' title='bbox 2482 310 2491 315; x_wconf 90' lang='lat'><strong>-</strong></span> 
     </span>
    </p>
   </div>
   <div class='ocr_carea' id='block_1_3' title="bbox 3259 257 3399 316">
    <p class='ocr_par' dir='ltr' id='par_1_3' title="bbox 3259 257 3399 316">
     <span class='ocr_line' id='line_1_3' title="bbox 3259 257 3399 316; baseline -0.029 0"><span class='ocrx_word' id='word_1_6' title='bbox 3259 257 3399 316; x_wconf 70' lang='grc' dir='ltr'><strong>10ίό</strong></span> 
     </span>
    </p>
   </div>
   <div class='ocr_carea' id='block_1_4' title="bbox 173 381 1750 481">
    <p class='ocr_par' dir='ltr' id='par_1_4' title="bbox 173 395 1738 481">
     <span class='ocr_line' id='line_1_4' title="bbox 173 395 1738 481; baseline -0.014 -5"><span class='ocrx_word' id='word_1_7' title='bbox 173 419 311 477; x_wconf 68' lang='grc' dir='ltr'>εστιν</span> <span class='ocrx_word' id='word_1_8' title='bbox 328 416 419 469; x_wconf 78' lang='grc' dir='ltr'>ὅτε</span> <span class='ocrx_word' id='word_1_9' title='bbox 447 409 630 467; x_wconf 85' lang='grc' dir='ltr'>καλῶν</span> <span class='ocrx_word' id='word_1_10' title='bbox 650 406 829 481; x_wconf 84' lang='grc' dir='ltr'><strong>ὁδηγῷ</strong></span> <span class='ocrx_word' id='word_1_11' title='bbox 847 395 1186 480; x_wconf 82' lang='grc' dir='ltr'>πραγμάτων</span> <span class='ocrx_word' id='word_1_12' title='bbox 1222 403 1500 478; x_wconf 81' lang='grc' dir='ltr'>ἀφροσύνῃ</span> <span class='ocrx_word' id='word_1_13' title='bbox 1544 403 1738 475; x_wconf 79' lang='grc' dir='ltr'>χρήσε-</span> 
     </span>
    </p>
   </div>
   <div class='ocr_carea' id='block_1_5' title="bbox 1855 381 3399 481">
    <p class='ocr_par' dir='ltr' id='par_1_5' title="bbox 1855 381 3399 455">
     <span class='ocr_line' id='line_1_5' title="bbox 1855 381 3399 455; baseline -0.014 -2"><span class='ocrx_word' id='word_1_14' title='bbox 1855 398 2015 454; x_wconf 84' lang='lat' dir='ltr'><strong>:laras</strong></span> <span class='ocrx_word' id='word_1_15' title='bbox 2038 396 2175 452; x_wconf 89' lang='lat' dir='ltr'><strong>duce</strong></span> <span class='ocrx_word' id='word_1_16' title='bbox 2209 392 2437 449; x_wconf 84' lang='lat' dir='ltr'><strong>stultitia</strong></span> <span class='ocrx_word' id='word_1_17' title='bbox 2467 396 2664 446; x_wconf 85' lang='lat' dir='ltr'><strong>utetur.</strong></span> <span class='ocrx_word' id='word_1_18' title='bbox 2707 387 2763 442; x_wconf 75' lang='lat'><strong>3.</strong></span> <span class='ocrx_word' id='word_1_19' title='bbox 2788 385 2930 455; x_wconf 82' lang='lat' dir='ltr'><strong>Quin</strong></span> <span class='ocrx_word' id='word_1_20' title='bbox 2968 381 3139 454; x_wconf 77' lang='lat' dir='ltr'><strong>ipsius</strong></span> <span class='ocrx_word' id='word_1_21' title='bbox 3180 393 3399 453; x_wconf 82' lang='lat' dir='ltr'><strong>quoque</strong></span> 
     </span>
    </p>
   </div>
   <div class='ocr_carea' id='block_1_6' title="bbox 170 490 1733 567">
    <p class='ocr_par' dir='ltr' id='par_1_6' title="bbox 170 490 1733 567">
     <span class='ocr_line' id='line_1_6' title="bbox 170 490 1733 567; baseline -0.021 -2"><span class='ocrx_word' id='word_1_22' title='bbox 170 527 274 566; x_wconf 72' lang='grc' dir='ltr'>ται.</span> <span class='ocrx_word' id='word_1_23' title='bbox 302 506 525 561; x_wconf 82' lang='grc' dir='ltr'>Μάταια</span> <span class='ocrx_word' id='word_1_24' title='bbox 551 501 609 556; x_wconf 85' lang='grc' dir='ltr'>δὲ</span> <span class='ocrx_word' id='word_1_25' title='bbox 635 498 799 555; x_wconf 85' lang='grc' dir='ltr'>αὐτοῦ</span> <span class='ocrx_word' id='word_1_26' title='bbox 832 498 925 557; x_wconf 74' lang='grc' dir='ltr'>καὶ</span> <span class='ocrx_word' id='word_1_27' title='bbox 966 497 1034 552; x_wconf 82' lang='grc' dir='ltr'>τὰ</span> <span class='ocrx_word' id='word_1_28' title='bbox 1062 495 1422 567; x_wconf 79' lang='grc' dir='ltr'>ἐνθυμήματα</span> <span class='ocrx_word' id='word_1_29' title='bbox 1443 533 1460 559; x_wconf 98' lang='grc'><strong>,</strong></span> <span class='ocrx_word' id='word_1_30' title='bbox 1498 490 1733 565; x_wconf 83' lang='grc' dir='ltr'>ἀφροσύ..</span> 
     </span>
    </p>
   </div>
   <div class='ocr_carea' id='block_1_7' title="bbox 170 578 1733 674">
    <p class='ocr_par' dir='ltr' id='par_1_7' title="bbox 170 578 1733 674">
     <span class='ocr_line' id='line_1_7' title="bbox 170 578 1733 674; baseline -0.011 -20"><span class='ocrx_word' id='word_1_31' title='bbox 170 619 263 674; x_wconf 81' lang='grc' dir='ltr'>νης</span> <span class='ocrx_word' id='word_1_32' title='bbox 291 592 774 666; x_wconf 80' lang='grc' dir='ltr'>ἀναπεπλησμένα.</span> <span class='ocrx_word' id='word_1_33' title='bbox 818 590 880 645; x_wconf 81' lang='grc' dir='ltr'><strong>Εἰ</strong></span> <span class='ocrx_word' id='word_1_34' title='bbox 925 589 982 644; x_wconf 84' lang='grc' dir='ltr'>δὲ</span> <span class='ocrx_word' id='word_1_35' title='bbox 1011 589 1106 643; x_wconf 70' lang='grc' dir='ltr'>καὶ</span> <span class='ocrx_word' id='word_1_36' title='bbox 1136 586 1353 659; x_wconf 87' lang='grc' dir='ltr'>πνεῦμά</span> <span class='ocrx_word' id='word_1_37' title='bbox 1392 587 1472 639; x_wconf 89' lang='grc' dir='ltr'><strong>σοί</strong></span> <span class='ocrx_word' id='word_1_38' title='bbox 1505 601 1654 651; x_wconf 82' lang='grc' dir='ltr'>ποτε,</span> <span class='ocrx_word' id='word_1_39' title='bbox 1687 578 1733 638; x_wconf 84' lang='grc' dir='ltr'><strong>ὧ</strong></span> 
     </span>
    </p>
   </div>
   <div class='ocr_carea' id='block_1_8' title="bbox 171 679 1733 767">
    <p class='ocr_par' dir='ltr' id='par_1_8' title="bbox 171 679 1733 767">
     <span class='ocr_line' id='line_1_8' title="bbox 171 679 1733 767; baseline -0.01 -21"><span class='ocrx_word' id='word_1_40' title='bbox 171 694 338 767; x_wconf 75' lang='grc' dir='ltr'>φίλος,</span> <span class='ocrx_word' id='word_1_41' title='bbox 365 687 624 759; x_wconf 79' lang='grc' dir='ltr'>πολέμιον</span> <span class='ocrx_word' id='word_1_42' title='bbox 655 683 974 758; x_wconf 80' lang='grc' dir='ltr'><strong>προσπέσοι,</strong></span> <span class='ocrx_word' id='word_1_43' title='bbox 1010 679 1225 752; x_wconf 82' lang='grc' dir='ltr'>ἐνστηθι</span> <span class='ocrx_word' id='word_1_44' title='bbox 1258 679 1583 751; x_wconf 78' lang='grc' dir='ltr'>ἐρρωμένως</span> <span class='ocrx_word' id='word_1_45' title='bbox 1601 719 1615 743; x_wconf 89' lang='grc'><strong>,</strong></span> <span class='ocrx_word' id='word_1_46' title='bbox 1646 694 1733 746; x_wconf 91' lang='grc' dir='ltr'>γι-</span> 
     </span>
    </p>
   </div>
   <div class='ocr_carea' id='block_1_9' title="bbox 169 768 1736 846">
    <p class='ocr_par' dir='ltr' id='par_1_9' title="bbox 169 768 1736 846">
     <span class='ocr_line' id='line_1_9' title="bbox 169 768 1736 846; baseline -0.012 -5"><span class='ocrx_word' id='word_1_47' title='bbox 169 784 391 842; x_wconf 85' lang='grc' dir='ltr'>νώσκων</span> <span class='ocrx_word' id='word_1_48' title='bbox 416 782 494 845; x_wconf 87' lang='grc' dir='ltr'><strong>ὡς</strong></span> <span class='ocrx_word' id='word_1_49' title='bbox 517 778 611 834; x_wconf 78' lang='grc' dir='ltr'>καὶ</span> <span class='ocrx_word' id='word_1_50' title='bbox 642 776 854 831; x_wconf 85' lang='grc' dir='ltr'>πολλῶν</span> <span class='ocrx_word' id='word_1_51' title='bbox 901 772 1312 846; x_wconf 80' lang='grc' dir='ltr'><strong>ἁμαρτημάτων</strong></span> <span class='ocrx_word' id='word_1_52' title='bbox 1353 770 1553 844; x_wconf 85' lang='grc' dir='ltr'>πλῆθος</span> <span class='ocrx_word' id='word_1_53' title='bbox 1604 768 1736 834; x_wconf 83' lang='grc' dir='ltr'><strong>Θεὸς</strong></span> 
     </span>
    </p>
   </div>
   <div class='ocr_carea' id='block_1_10' title="bbox 174 861 1738 941">
    <p class='ocr_par' dir='ltr' id='par_1_10' title="bbox 174 861 1738 941">
     <span class='ocr_line' id='line_1_10' title="bbox 174 861 1738 941; baseline -0.011 -9"><span class='ocrx_word' id='word_1_54' title='bbox 174 874 456 932; x_wconf 71' lang='grc' dir='ltr'><strong>ἱλάσασθαι</strong></span> <span class='ocrx_word' id='word_1_55' title='bbox 486 872 726 926; x_wconf 87' lang='grc' dir='ltr'>δύναται.</span> <span class='ocrx_word' id='word_1_56' title='bbox 750 868 1026 941; x_wconf 81' lang='grc' dir='ltr'><strong>Τυράννου</strong></span> <span class='ocrx_word' id='word_1_57' title='bbox 1052 867 1108 920; x_wconf 79' lang='grc' dir='ltr'>δὲ</span> <span class='ocrx_word' id='word_1_58' title='bbox 1128 866 1265 937; x_wconf 76' lang='grc' dir='ltr'>ἔργα</span> <span class='ocrx_word' id='word_1_59' title='bbox 1286 863 1481 927; x_wconf 91' lang='grc' dir='ltr'>ταῦτα,</span> <span class='ocrx_word' id='word_1_60' title='bbox 1516 861 1611 917; x_wconf 76' lang='grc' dir='ltr'>καὶ</span> <span class='ocrx_word' id='word_1_61' title='bbox 1633 878 1738 916; x_wconf 65' lang='grc' dir='ltr'>παη</span> 
     </span>
    </p>
   </div>
   <div class='ocr_carea' id='block_1_11' title="bbox 171 955 1738 1043">
    <p class='ocr_par' dir='ltr' id='par_1_11' title="bbox 171 955 1738 1043">
     <span class='ocr_line' id='line_1_11' title="bbox 171 955 1738 1043; baseline -0.011 -19"><span class='ocrx_word' id='word_1_62' title='bbox 171 967 293 1043; x_wconf 79' lang='grc' dir='ltr'>τρὺς</span> <span class='ocrx_word' id='word_1_63' title='bbox 320 966 504 1038; x_wconf 80' lang='grc' dir='ltr'><strong>πάσης</strong></span> <span class='ocrx_word' id='word_1_64' title='bbox 535 963 817 1036; x_wconf 64' lang='grc' dir='ltr'>πονηρίας</span> <span class='ocrx_word' id='word_1_65' title='bbox 851 962 941 1014; x_wconf 82' lang='grc' dir='ltr'>τὸν</span> <span class='ocrx_word' id='word_1_66' title='bbox 968 961 1064 1032; x_wconf 80' lang='grc' dir='ltr'>μὲν</span> <span class='ocrx_word' id='word_1_67' title='bbox 1091 958 1299 1031; x_wconf 86' lang='grc' dir='ltr'>ἄφρονα</span> <span class='ocrx_word' id='word_1_68' title='bbox 1324 958 1404 1021; x_wconf 89' lang='grc' dir='ltr'><strong>είς</strong></span> <span class='ocrx_word' id='word_1_69' title='bbox 1432 955 1565 1026; x_wconf 73' lang='grc' dir='ltr'>ὕψος</span> <span class='ocrx_word' id='word_1_70' title='bbox 1591 955 1738 1027; x_wconf 80' lang='grc' dir='ltr'>αἴρε-</span> 
     </span>
    </p>
   </div>
   <div class='ocr_carea' id='block_1_12' title="bbox 173 1046 1738 1125">
    <p class='ocr_par' dir='ltr' id='par_1_12' title="bbox 173 1046 1738 1125">
     <span class='ocr_line' id='line_1_12' title="bbox 173 1046 1738 1125; baseline -0.011 -9"><span class='ocrx_word' id='word_1_71' title='bbox 173 1061 326 1125; x_wconf 85' lang='grc' dir='ltr'>σθαι,</span> <span class='ocrx_word' id='word_1_72' title='bbox 369 1059 463 1114; x_wconf 78' lang='grc' dir='ltr'>τὸν</span> <span class='ocrx_word' id='word_1_73' title='bbox 504 1056 758 1112; x_wconf 89' lang='grc' dir='ltr'>πλούσιον</span> <span class='ocrx_word' id='word_1_74' title='bbox 800 1053 856 1108; x_wconf 80' lang='grc' dir='ltr'><strong>δέ</strong></span> <span class='ocrx_word' id='word_1_75' title='bbox 894 1053 1150 1125; x_wconf 77' lang='grc' dir='ltr'>φρονήσει</span> <span class='ocrx_word' id='word_1_76' title='bbox 1187 1047 1604 1104; x_wconf 73' lang='grc' dir='ltr'>ταπεινοῦσθαιο</span> <span class='ocrx_word' id='word_1_77' title='bbox 1644 1046 1738 1101; x_wconf 73' lang='grc' dir='ltr'>καὶ</span> 
     </span>
    </p>
   </div>
   <div class='ocr_carea' id='block_1_13' title="bbox 170 1138 1741 1222">
    <p class='ocr_par' dir='ltr' id='par_1_13' title="bbox 170 1138 1741 1222">
     <span class='ocr_line' id='line_1_13' title="bbox 170 1138 1741 1222; baseline -0.011 -15"><span class='ocrx_word' id='word_1_78' title='bbox 170 1150 386 1215; x_wconf 78' lang='grc' dir='ltr'>δούλους</span> <span class='ocrx_word' id='word_1_79' title='bbox 418 1149 514 1221; x_wconf 81' lang='grc' dir='ltr'>μὲν</span> <span class='ocrx_word' id='word_1_80' title='bbox 546 1145 829 1222; x_wconf 86' lang='grc' dir='ltr'>ἁμαρτιῶν</span> <span class='ocrx_word' id='word_1_81' title='bbox 865 1145 956 1198; x_wconf 75' lang='grc' dir='ltr'><strong>ἐπὶ</strong></span> <span class='ocrx_word' id='word_1_82' title='bbox 981 1144 1147 1197; x_wconf 78' lang='grc' dir='ltr'>ἵππον</span> <span class='ocrx_word' id='word_1_83' title='bbox 1162 1140 1512 1214; x_wconf 79' lang='grc' dir='ltr'>φερομένους,</span> <span class='ocrx_word' id='word_1_84' title='bbox 1543 1138 1741 1209; x_wconf 82' lang='grc' dir='ltr'>ἄνδρας</span> 
     </span>
    </p>
   </div>
   <div class='ocr_carea' id='block_1_14' title="bbox 170 1231 1739 1314">
    <p class='ocr_par' dir='ltr' id='par_1_14' title="bbox 170 1231 1739 1314">
     <span class='ocr_line' id='line_1_14' title="bbox 170 1231 1739 1314; baseline -0.008 -16"><span class='ocrx_word' id='word_1_85' title='bbox 170 1244 225 1297; x_wconf 76' lang='grc' dir='ltr'>δὲ</span> <span class='ocrx_word' id='word_1_86' title='bbox 258 1243 440 1314; x_wconf 73' lang='grc' dir='ltr'>ἱεροὺς</span> <span class='ocrx_word' id='word_1_87' title='bbox 468 1240 782 1313; x_wconf 73' lang='grc' dir='ltr'><strong>βαδίζοντας</strong></span> <span class='ocrx_word' id='word_1_88' title='bbox 813 1237 1025 1309; x_wconf 80' lang='grc' dir='ltr'><strong>ἀτίμως</strong></span> <span class='ocrx_word' id='word_1_89' title='bbox 1052 1236 1303 1309; x_wconf 78' lang='grc' dir='ltr'>ὁρᾶσθαι,</span> <span class='ocrx_word' id='word_1_90' title='bbox 1341 1233 1449 1288; x_wconf 93' lang='grc' dir='ltr'><strong>τῶν</strong></span> <span class='ocrx_word' id='word_1_91' title='bbox 1489 1231 1739 1304; x_wconf 83' lang='grc' dir='ltr'>πονηρῶν</span> 
     </span>
    </p>
   </div>
   <div class='ocr_carea' id='block_1_15' title="bbox 172 1323 1740 1408">
    <p class='ocr_par' dir='ltr' id='par_1_15' title="bbox 172 1323 1740 1408">
     <span class='ocr_line' id='line_1_15' title="bbox 172 1323 1740 1408; baseline -0.008 -18"><span class='ocrx_word' id='word_1_92' title='bbox 172 1334 576 1408; x_wconf 80' lang='grc' dir='ltr'>γαυρουμένων.</span> <span class='ocrx_word' id='word_1_93' title='bbox 606 1333 669 1387; x_wconf 86' lang='grc' dir='ltr'><strong>Εἰ</strong></span> <span class='ocrx_word' id='word_1_94' title='bbox 696 1332 754 1387; x_wconf 83' lang='grc' dir='ltr'><strong>δέ</strong></span> <span class='ocrx_word' id='word_1_95' title='bbox 782 1348 866 1397; x_wconf 87' lang='grc' dir='ltr'><strong>τις</strong></span> <span class='ocrx_word' id='word_1_96' title='bbox 902 1330 1072 1402; x_wconf 76' lang='grc' dir='ltr'>ἐτέρῳ</span> <span class='ocrx_word' id='word_1_97' title='bbox 1116 1328 1453 1382; x_wconf 78' lang='grc' dir='ltr'>ἐπιϐουλεύει</span> <span class='ocrx_word' id='word_1_98' title='bbox 1473 1370 1486 1392; x_wconf 88' lang='grc'><strong>,</strong></span> <span class='ocrx_word' id='word_1_99' title='bbox 1519 1323 1740 1396; x_wconf 82' lang='grc' dir='ltr'>λέληθεν</span> 
     </span>
    </p>
   </div>
   <div class='ocr_carea' id='block_1_16' title="bbox 171 1418 1737 1498">
    <p class='ocr_par' dir='ltr' id='par_1_16' title="bbox 171 1418 1737 1498">
     <span class='ocr_line' id='line_1_16' title="bbox 171 1418 1737 1498; baseline -0.009 -15"><span class='ocrx_word' id='word_1_100' title='bbox 171 1429 331 1484; x_wconf 76' lang='grc' dir='ltr'>αὑτὸν</span> <span class='ocrx_word' id='word_1_101' title='bbox 345 1427 423 1492; x_wconf 83' lang='grc' dir='ltr'><strong>ῶς</strong></span> <span class='ocrx_word' id='word_1_102' title='bbox 446 1426 622 1498; x_wconf 82' lang='grc' dir='ltr'>ἐαυτῷ</span> <span class='ocrx_word' id='word_1_103' title='bbox 653 1423 855 1497; x_wconf 83' lang='grc' dir='ltr'>πρώτῳ</span> <span class='ocrx_word' id='word_1_104' title='bbox 890 1424 983 1479; x_wconf 73' lang='grc' dir='ltr'>καὶ</span> <span class='ocrx_word' id='word_1_105' title='bbox 1013 1422 1162 1493; x_wconf 83' lang='grc' dir='ltr'>μόνῳ</span> <span class='ocrx_word' id='word_1_106' title='bbox 1193 1421 1404 1493; x_wconf 82' lang='grc' dir='ltr'>ἐνεδρον</span> <span class='ocrx_word' id='word_1_107' title='bbox 1432 1418 1737 1491; x_wconf 83' lang='grc' dir='ltr'>ἐργάζεται.</span> 
     </span>
    </p>
   </div>
   <div class='ocr_carea' id='block_1_17' title="bbox 181 1511 1746 1589">
    <p class='ocr_par' dir='ltr' id='par_1_17' title="bbox 181 1511 1746 1589">
     <span class='ocr_line' id='line_1_17' title="bbox 181 1511 1746 1589; baseline -0.006 -15"><span class='ocrx_word' id='word_1_108' title='bbox 181 1519 236 1574; x_wconf 86' lang='lat'><strong>&#39;0</strong></span> <span class='ocrx_word' id='word_1_109' title='bbox 253 1520 314 1573; x_wconf 82' lang='grc' dir='ltr'>δὲ</span> <span class='ocrx_word' id='word_1_110' title='bbox 347 1517 628 1589; x_wconf 88' lang='grc' dir='ltr'>καθαιρῶν</span> <span class='ocrx_word' id='word_1_111' title='bbox 641 1516 800 1572; x_wconf 92' lang='grc' dir='ltr'>ἄλλου</span> <span class='ocrx_word' id='word_1_112' title='bbox 816 1514 1135 1584; x_wconf 80' lang='grc' dir='ltr'>ἀσφάλειαν,</span> <span class='ocrx_word' id='word_1_113' title='bbox 1169 1515 1541 1585; x_wconf 82' lang='grc' dir='ltr'>περιπεσεῖται</span> <span class='ocrx_word' id='word_1_114' title='bbox 1569 1511 1746 1581; x_wconf 77' lang='grc' dir='ltr'>ὄφεως</span> 
     </span>
    </p>
   </div>
   <div class='ocr_carea' id='block_1_18' title="bbox 170 1604 1742 1685">
    <p class='ocr_par' dir='ltr' id='par_1_18' title="bbox 170 1604 1742 1685">
     <span class='ocr_line' id='line_1_18' title="bbox 170 1604 1742 1685; baseline -0.005 -20"><span class='ocrx_word' id='word_1_115' title='bbox 170 1611 426 1685; x_wconf 85' lang='grc' dir='ltr'>δήγματι.</span> <span class='ocrx_word' id='word_1_116' title='bbox 452 1608 612 1664; x_wconf 80' lang='grc' dir='ltr'>Ἀλλά</span> <span class='ocrx_word' id='word_1_117' title='bbox 645 1609 718 1681; x_wconf 85' lang='grc' dir='ltr'>μὴ</span> <span class='ocrx_word' id='word_1_118' title='bbox 750 1607 863 1681; x_wconf 72' lang='grc' dir='ltr'>[τον.</span> <span class='ocrx_word' id='word_1_119' title='bbox 899 1606 1029 1679; x_wconf 84' lang='grc' dir='ltr'>μὴν]</span> <span class='ocrx_word' id='word_1_120' title='bbox 1067 1607 1095 1660; x_wconf 89' lang='grc' dir='ltr'><strong>ὀ</strong></span> <span class='ocrx_word' id='word_1_121' title='bbox 1135 1605 1311 1670; x_wconf 83' lang='grc' dir='ltr'>λίθους</span> <span class='ocrx_word' id='word_1_122' title='bbox 1345 1604 1742 1678; x_wconf 81' lang='grc' dir='ltr'>ἐξαιρούμενος,</span> 
     </span>
    </p>
   </div>
   <div class='ocr_carea' id='block_1_19' title="bbox 172 1692 1745 1773">
    <p class='ocr_par' dir='ltr' id='par_1_19' title="bbox 172 1692 1745 1773">
     <span class='ocr_line' id='line_1_19' title="bbox 172 1692 1745 1773; baseline -0.007 -15"><span class='ocrx_word' id='word_1_123' title='bbox 172 1703 389 1758; x_wconf 77' lang='grc' dir='ltr'>ὕποίσει</span> <span class='ocrx_word' id='word_1_124' title='bbox 402 1703 561 1757; x_wconf 86' lang='grc' dir='ltr'>πόνον</span> <span class='ocrx_word' id='word_1_125' title='bbox 578 1702 639 1755; x_wconf 88' lang='grc' dir='ltr'>οὐ</span> <span class='ocrx_word' id='word_1_126' title='bbox 656 1699 872 1773; x_wconf 75' lang='grc' dir='ltr'>μικρόνο</span> <span class='ocrx_word' id='word_1_127' title='bbox 892 1697 1028 1754; x_wconf 86' lang='grc' dir='ltr'><strong>ἀλλά</strong></span> <span class='ocrx_word' id='word_1_128' title='bbox 1042 1699 1135 1753; x_wconf 76' lang='grc' dir='ltr'>καὶ</span> <span class='ocrx_word' id='word_1_129' title='bbox 1150 1698 1343 1769; x_wconf 79' lang='grc' dir='ltr'>σχίζων</span> <span class='ocrx_word' id='word_1_130' title='bbox 1355 1696 1506 1763; x_wconf 76' lang='grc' dir='ltr'>ξύλα,</span> <span class='ocrx_word' id='word_1_131' title='bbox 1523 1697 1581 1751; x_wconf 87' lang='grc' dir='ltr'><strong>ἐν</strong></span> <span class='ocrx_word' id='word_1_132' title='bbox 1596 1692 1745 1765; x_wconf 83' lang='grc' dir='ltr'>αὐτῷ</span> 
     </span>
    </p>
   </div>
   <div class='ocr_carea' id='block_1_20' title="bbox 1837 472 3399 561">
    <p class='ocr_par' dir='ltr' id='par_1_20' title="bbox 1837 472 3399 561">
     <span class='ocr_line' id='line_1_20' title="bbox 1837 472 3399 561; baseline -0.013 -13"><span class='ocrx_word' id='word_1_133' title='bbox 1837 489 2192 561; x_wconf 76' lang='lat' dir='ltr'><strong>cogitationes</strong></span> <span class='ocrx_word' id='word_1_134' title='bbox 2220 499 2377 541; x_wconf 70' lang='lat' dir='ltr'><strong>vana:</strong></span> <span class='ocrx_word' id='word_1_135' title='bbox 2410 489 2560 548; x_wconf 89' lang='lat' dir='ltr'><strong>sunt,</strong></span> <span class='ocrx_word' id='word_1_136' title='bbox 2590 480 2819 538; x_wconf 80' lang='lat' dir='ltr'><strong>stultitia</strong></span> <span class='ocrx_word' id='word_1_137' title='bbox 2861 477 3107 550; x_wconf 55' lang='lat' dir='ltr'><strong>oppletae.</strong></span> <span class='ocrx_word' id='word_1_138' title='bbox 3150 475 3203 531; x_wconf 74' lang='grc'>4.</span> <span class='ocrx_word' id='word_1_139' title='bbox 3238 472 3399 541; x_wconf 90' lang='lat' dir='ltr'><strong>Quod</strong></span> 
     </span>
    </p>
   </div>
   <div class='ocr_carea' id='block_1_21' title="bbox 1839 568 3400 649">
    <p class='ocr_par' dir='ltr' id='par_1_21' title="bbox 1839 568 3400 649">
     <span class='ocr_line' id='line_1_21' title="bbox 1839 568 3400 649; baseline -0.013 -11"><span class='ocrx_word' id='word_1_140' title='bbox 1839 583 1885 639; x_wconf 84' lang='lat' dir='ltr'><strong>si</strong></span> <span class='ocrx_word' id='word_1_141' title='bbox 1913 590 1984 649; x_wconf 88' lang='lat' dir='ltr'><strong>te,</strong></span> <span class='ocrx_word' id='word_1_142' title='bbox 2014 597 2049 636; x_wconf 92' lang='grc' dir='ltr'><strong>ο</strong></span> <span class='ocrx_word' id='word_1_143' title='bbox 2086 580 2280 644; x_wconf 85' lang='lat' dir='ltr'><strong>amice,</strong></span> <span class='ocrx_word' id='word_1_144' title='bbox 2317 577 2540 649; x_wconf 84' lang='lat' dir='ltr'><strong>spiritus</strong></span> <span class='ocrx_word' id='word_1_145' title='bbox 2577 573 2791 630; x_wconf 85' lang='lat' dir='ltr'><strong>hostilis</strong></span> <span class='ocrx_word' id='word_1_146' title='bbox 2834 568 3127 640; x_wconf 82' lang='lat' dir='ltr'><strong>aliquando</strong></span> <span class='ocrx_word' id='word_1_147' title='bbox 3174 568 3400 622; x_wconf 84' lang='lat' dir='ltr'><strong>adortus</strong></span> 
     </span>
    </p>
   </div>
   <div class='ocr_carea' id='block_1_22' title="bbox 1838 658 3401 738">
    <p class='ocr_par' dir='ltr' id='par_1_22' title="bbox 1838 658 3401 738">
     <span class='ocr_line' id='line_1_22' title="bbox 1838 658 3401 738; baseline -0.014 -8"><span class='ocrx_word' id='word_1_148' title='bbox 1838 673 2023 738; x_wconf 78' lang='lat' dir='ltr'><strong>fuerit,</strong></span> <span class='ocrx_word' id='word_1_149' title='bbox 2057 670 2184 727; x_wconf 82' lang='lat' dir='ltr'><strong>forti</strong></span> <span class='ocrx_word' id='word_1_150' title='bbox 2217 669 2401 725; x_wconf 88' lang='lat' dir='ltr'><strong>animo</strong></span> <span class='ocrx_word' id='word_1_151' title='bbox 2425 665 2622 722; x_wconf 86' lang='lat' dir='ltr'><strong>resiste</strong></span> <span class='ocrx_word' id='word_1_152' title='bbox 2641 705 2656 726; x_wconf 87' lang='lat'><strong>.</strong></span> <span class='ocrx_word' id='word_1_153' title='bbox 2684 661 2861 719; x_wconf 90' lang='lat' dir='ltr'><strong>sciens</strong></span> <span class='ocrx_word' id='word_1_154' title='bbox 2902 660 3070 717; x_wconf 87' lang='lat' dir='ltr'><strong>Deum</strong></span> <span class='ocrx_word' id='word_1_155' title='bbox 3099 658 3183 712; x_wconf 87' lang='lat' dir='ltr'><strong>vel</strong></span> <span class='ocrx_word' id='word_1_156' title='bbox 3214 658 3401 727; x_wconf 73' lang='lat' dir='ltr'><strong>iugen—</strong></span> 
     </span>
    </p>
   </div>
   <div class='ocr_carea' id='block_1_23' title="bbox 1838 752 3401 837">
    <p class='ocr_par' dir='ltr' id='par_1_23' title="bbox 1838 752 3401 837">
     <span class='ocr_line' id='line_1_23' title="bbox 1838 752 3401 837; baseline -0.015 -14"><span class='ocrx_word' id='word_1_157' title='bbox 1838 775 1947 823; x_wconf 89' lang='lat' dir='ltr'><strong>tem</strong></span> <span class='ocrx_word' id='word_1_158' title='bbox 1977 773 2319 837; x_wconf 84' lang='lat' dir='ltr'><strong>peccatorum</strong></span> <span class='ocrx_word' id='word_1_159' title='bbox 2358 757 2759 815; x_wconf 86' lang='lat' dir='ltr'><strong>multitudinem</strong></span> <span class='ocrx_word' id='word_1_160' title='bbox 2783 752 3118 824; x_wconf 79' lang='lat' dir='ltr'><strong>benignitate</strong></span> <span class='ocrx_word' id='word_1_161' title='bbox 3146 766 3244 804; x_wconf 86' lang='lat' dir='ltr'><strong>sua</strong></span> <span class='ocrx_word' id='word_1_162' title='bbox 3263 762 3401 803; x_wconf 87' lang='lat' dir='ltr'><strong>con-</strong></span> 
     </span>
    </p>
   </div>
   <div class='ocr_carea' id='block_1_24' title="bbox 1839 839 3402 921">
    <p class='ocr_par' dir='ltr' id='par_1_24' title="bbox 1839 839 3402 921">
     <span class='ocr_line' id='line_1_24' title="bbox 1839 839 3402 921; baseline -0.015 -7"><span class='ocrx_word' id='word_1_163' title='bbox 1839 860 2046 914; x_wconf 83' lang='lat' dir='ltr'><strong>donare</strong></span> <span class='ocrx_word' id='word_1_164' title='bbox 2077 869 2255 921; x_wconf 88' lang='lat' dir='ltr'><strong>posse.</strong></span> <span class='ocrx_word' id='word_1_165' title='bbox 2298 852 2349 907; x_wconf 80' lang='lat'><strong>5.</strong></span> <span class='ocrx_word' id='word_1_166' title='bbox 2388 849 2624 921; x_wconf 86' lang='lat' dir='ltr'><strong>Tyranni</strong></span> <span class='ocrx_word' id='word_1_167' title='bbox 2670 854 2849 901; x_wconf 89' lang='lat' dir='ltr'><strong>autem</strong></span> <span class='ocrx_word' id='word_1_168' title='bbox 2900 843 3178 915; x_wconf 88' lang='lat' dir='ltr'><strong>patrisque</strong></span> <span class='ocrx_word' id='word_1_169' title='bbox 3222 839 3402 894; x_wconf 89' lang='lat' dir='ltr'><strong>omnis</strong></span> 
     </span>
    </p>
   </div>
   <div class='ocr_carea' id='block_1_25' title="bbox 1841 926 3402 1013">
    <p class='ocr_par' dir='ltr' id='par_1_25' title="bbox 1841 926 3402 1013">
     <span class='ocr_line' id='line_1_25' title="bbox 1841 926 3402 1013; baseline -0.017 -9"><span class='ocrx_word' id='word_1_170' title='bbox 1841 947 2080 1010; x_wconf 57' lang='lat' dir='ltr'><strong>malitiae,</strong></span> <span class='ocrx_word' id='word_1_171' title='bbox 2112 945 2228 1000; x_wconf 75' lang='lat' dir='ltr'><strong>hzec</strong></span> <span class='ocrx_word' id='word_1_172' title='bbox 2257 956 2422 1013; x_wconf 83' lang='lat' dir='ltr'><strong>opera</strong></span> <span class='ocrx_word' id='word_1_173' title='bbox 2461 934 2771 993; x_wconf 86' lang='lat' dir='ltr'><strong>fuerint:6.</strong></span> <span class='ocrx_word' id='word_1_174' title='bbox 2817 932 3040 989; x_wconf 89' lang='lat' dir='ltr'><strong>stultum</strong></span> <span class='ocrx_word' id='word_1_175' title='bbox 3086 928 3304 999; x_wconf 84' lang='lat' dir='ltr'><strong>quidem</strong></span> <span class='ocrx_word' id='word_1_176' title='bbox 3345 926 3402 979; x_wconf 87' lang='lat' dir='ltr'><strong>in</strong></span> 
     </span>
    </p>
   </div>
   <div class='ocr_carea' id='block_1_26' title="bbox 1842 1020 3400 1102">
    <p class='ocr_par' dir='ltr' id='par_1_26' title="bbox 1842 1020 3400 1102">
     <span class='ocr_line' id='line_1_26' title="bbox 1842 1020 3400 1102; baseline -0.017 -7"><span class='ocrx_word' id='word_1_177' title='bbox 1842 1038 2074 1095; x_wconf 88' lang='lat' dir='ltr'><strong>sublime</strong></span> <span class='ocrx_word' id='word_1_178' title='bbox 2096 1032 2301 1099; x_wconf 87' lang='lat' dir='ltr'><strong>attolli;</strong></span> <span class='ocrx_word' id='word_1_179' title='bbox 2326 1029 2623 1102; x_wconf 78' lang='lat' dir='ltr'><strong>prudentiae</strong></span> <span class='ocrx_word' id='word_1_180' title='bbox 2644 1035 2826 1081; x_wconf 88' lang='lat' dir='ltr'><strong>autem</strong></span> <span class='ocrx_word' id='word_1_181' title='bbox 2860 1022 3052 1094; x_wconf 88' lang='lat' dir='ltr'><strong>opibus</strong></span> <span class='ocrx_word' id='word_1_182' title='bbox 3072 1020 3400 1079; x_wconf 74' lang='lat' dir='ltr'><strong>sinuentem,</strong></span> 
     </span>
    </p>
   </div>
   <div class='ocr_carea' id='block_1_27' title="bbox 1842 1115 3404 1205">
    <p class='ocr_par' dir='ltr' id='par_1_27' title="bbox 1842 1115 3404 1205">
     <span class='ocr_line' id='line_1_27' title="bbox 1842 1115 3404 1205; baseline -0.016 -14"><span class='ocrx_word' id='word_1_183' title='bbox 1842 1131 2101 1205; x_wconf 89' lang='lat' dir='ltr'><strong>deprimi:</strong></span> <span class='ocrx_word' id='word_1_184' title='bbox 2158 1129 2208 1183; x_wconf 89' lang='lat'><strong>7.</strong></span> <span class='ocrx_word' id='word_1_185' title='bbox 2272 1136 2328 1182; x_wconf 88' lang='lat' dir='ltr'><strong>et</strong></span> <span class='ocrx_word' id='word_1_186' title='bbox 2364 1133 2711 1197; x_wconf 85' lang='lat' dir='ltr'><strong>peccatorum</strong></span> <span class='ocrx_word' id='word_1_187' title='bbox 2743 1120 2961 1191; x_wconf 90' lang='lat' dir='ltr'><strong>quidem</strong></span> <span class='ocrx_word' id='word_1_188' title='bbox 2995 1132 3216 1181; x_wconf 85' lang='lat' dir='ltr'><strong>servos,</strong></span> <span class='ocrx_word' id='word_1_189' title='bbox 3247 1115 3404 1185; x_wconf 87' lang='lat' dir='ltr'><strong>equis</strong></span> 
     </span>
    </p>
   </div>
   <div class='ocr_carea' id='block_1_28' title="bbox 1844 1206 3405 1289">
    <p class='ocr_par' dir='ltr' id='par_1_28' title="bbox 1844 1206 3405 1289">
     <span class='ocr_line' id='line_1_28' title="bbox 1844 1206 3405 1289; baseline -0.013 -9"><span class='ocrx_word' id='word_1_190' title='bbox 1844 1236 2063 1289; x_wconf 87' lang='lat' dir='ltr'><strong>vectos;</strong></span> <span class='ocrx_word' id='word_1_191' title='bbox 2116 1226 2493 1279; x_wconf 82' lang='lat' dir='ltr'><strong>sacrosanctos</strong></span> <span class='ocrx_word' id='word_1_192' title='bbox 2531 1229 2659 1270; x_wconf 90' lang='lat' dir='ltr'><strong>vero</strong></span> <span class='ocrx_word' id='word_1_193' title='bbox 2703 1211 2985 1277; x_wconf 89' lang='lat' dir='ltr'><strong>homines,</strong></span> <span class='ocrx_word' id='word_1_194' title='bbox 3033 1208 3260 1280; x_wconf 83' lang='lat' dir='ltr'><strong>pedibus</strong></span> <span class='ocrx_word' id='word_1_195' title='bbox 3305 1206 3405 1261; x_wconf 84' lang='lat' dir='ltr'><strong>iter</strong></span> 
     </span>
    </p>
   </div>
   <div class='ocr_carea' id='block_1_29' title="bbox 1846 1295 3405 1378">
    <p class='ocr_par' dir='ltr' id='par_1_29' title="bbox 1846 1295 3405 1378">
     <span class='ocr_line' id='line_1_29' title="bbox 1846 1295 3405 1378; baseline -0.015 -5"><span class='ocrx_word' id='word_1_196' title='bbox 1846 1319 2165 1373; x_wconf 84' lang='lat' dir='ltr'><strong>inhdnorate</strong></span> <span class='ocrx_word' id='word_1_197' title='bbox 2198 1312 2456 1369; x_wconf 80' lang='lat' dir='ltr'><strong>facientes</strong></span> <span class='ocrx_word' id='word_1_198' title='bbox 2480 1306 2741 1378; x_wconf 81' lang='lat' dir='ltr'><strong>conspici,</strong></span> <span class='ocrx_word' id='word_1_199' title='bbox 2783 1302 3046 1374; x_wconf 81' lang='lat' dir='ltr'><strong>improbis</strong></span> <span class='ocrx_word' id='word_1_200' title='bbox 3084 1295 3405 1357; x_wconf 80' lang='lat' dir='ltr'><strong>exsultanti-</strong></span> 
     </span>
    </p>
   </div>
   <div class='ocr_carea' id='block_1_30' title="bbox 1845 1388 3408 1474">
    <p class='ocr_par' dir='ltr' id='par_1_30' title="bbox 1845 1388 3408 1474">
     <span class='ocr_line' id='line_1_30' title="bbox 1845 1388 3408 1474; baseline -0.017 -8"><span class='ocrx_word' id='word_1_201' title='bbox 1845 1410 1970 1466; x_wconf 88' lang='lat' dir='ltr'><strong>bus.</strong></span> <span class='ocrx_word' id='word_1_202' title='bbox 2009 1408 2063 1462; x_wconf 91' lang='lat'><strong>8.</strong></span> <span class='ocrx_word' id='word_1_203' title='bbox 2102 1406 2257 1474; x_wconf 85' lang='lat' dir='ltr'><strong>Quod</strong></span> <span class='ocrx_word' id='word_1_204' title='bbox 2290 1403 2336 1461; x_wconf 84' lang='lat' dir='ltr'><strong>si</strong></span> <span class='ocrx_word' id='word_1_205' title='bbox 2367 1403 2491 1473; x_wconf 87' lang='lat' dir='ltr'><strong>quis</strong></span> <span class='ocrx_word' id='word_1_206' title='bbox 2530 1399 2680 1456; x_wconf 83' lang='lat' dir='ltr'><strong>alteri</strong></span> <span class='ocrx_word' id='word_1_207' title='bbox 2722 1396 2944 1453; x_wconf 84' lang='lat' dir='ltr'><strong>insidias</strong></span> <span class='ocrx_word' id='word_1_208' title='bbox 2976 1391 3265 1454; x_wconf 86' lang='lat' dir='ltr'><strong>moliatur,</strong></span> <span class='ocrx_word' id='word_1_209' title='bbox 3300 1388 3408 1442; x_wconf 89' lang='lat' dir='ltr'><strong>im-</strong></span> 
     </span>
    </p>
   </div>
   <div class='ocr_carea' id='block_1_31' title="bbox 1846 1478 3408 1573">
    <p class='ocr_par' dir='ltr' id='par_1_31' title="bbox 1846 1478 3408 1573">
     <span class='ocr_line' id='line_1_31' title="bbox 1846 1478 3408 1573; baseline -0.017 -15"><span class='ocrx_word' id='word_1_210' title='bbox 1846 1501 2085 1573; x_wconf 89' lang='lat' dir='ltr'><strong>prudens</strong></span> <span class='ocrx_word' id='word_1_211' title='bbox 2115 1498 2222 1555; x_wconf 88' lang='lat' dir='ltr'><strong>sibi</strong></span> <span class='ocrx_word' id='word_1_212' title='bbox 2255 1495 2356 1567; x_wconf 88' lang='lat' dir='ltr'><strong>ipsi</strong></span> <span class='ocrx_word' id='word_1_213' title='bbox 2391 1494 2569 1566; x_wconf 85' lang='lat' dir='ltr'><strong>primo</strong></span> <span class='ocrx_word' id='word_1_214' title='bbox 2599 1500 2654 1549; x_wconf 88' lang='lat' dir='ltr'><strong>et</strong></span> <span class='ocrx_word' id='word_1_215' title='bbox 2673 1490 2774 1548; x_wconf 88' lang='lat' dir='ltr'><strong>soli</strong></span> <span class='ocrx_word' id='word_1_216' title='bbox 2815 1486 3041 1543; x_wconf 86' lang='lat' dir='ltr'><strong>insidias</strong></span> <span class='ocrx_word' id='word_1_217' title='bbox 3085 1482 3265 1540; x_wconf 88' lang='lat' dir='ltr'><strong>struit.</strong></span> <span class='ocrx_word' id='word_1_218' title='bbox 3304 1478 3408 1546; x_wconf 89' lang='lat' dir='ltr'><strong>Qui</strong></span> 
     </span>
    </p>
   </div>
   <div class='ocr_carea' id='block_1_32' title="bbox 1849 1572 3411 1652">
    <p class='ocr_par' dir='ltr' id='par_1_32' title="bbox 1849 1572 3411 1652">
     <span class='ocr_line' id='line_1_32' title="bbox 1849 1572 3411 1652; baseline -0.015 -2"><span class='ocrx_word' id='word_1_219' title='bbox 1849 1572 2028 1652; x_wconf 77' lang='lat' dir='ltr'><strong>autem</strong></span> <span class='ocrx_word' id='word_1_220' title='bbox 2069 1592 2291 1649; x_wconf 89' lang='lat' dir='ltr'><strong>alterius</strong></span> <span class='ocrx_word' id='word_1_221' title='bbox 2344 1588 2690 1646; x_wconf 86' lang='lat' dir='ltr'><strong>securitatem</strong></span> <span class='ocrx_word' id='word_1_222' title='bbox 2743 1580 2955 1646; x_wconf 84' lang='lat' dir='ltr'><strong>evertit,</strong></span> <span class='ocrx_word' id='word_1_223' title='bbox 3020 1577 3075 1633; x_wconf 90' lang='lat' dir='ltr'><strong>in</strong></span> <span class='ocrx_word' id='word_1_224' title='bbox 3143 1572 3411 1643; x_wconf 85' lang='lat' dir='ltr'><strong>serpentis</strong></span> 
     </span>
    </p>
   </div>
   <div class='ocr_carea' id='block_1_33' title="bbox 1849 1665 3411 1757">
    <p class='ocr_par' dir='ltr' id='par_1_33' title="bbox 1849 1665 3411 1757">
     <span class='ocr_line' id='line_1_33' title="bbox 1849 1665 3411 1757; baseline -0.017 -12"><span class='ocrx_word' id='word_1_225' title='bbox 1849 1702 2091 1744; x_wconf 86' lang='lat' dir='ltr'><strong>morsum</strong></span> <span class='ocrx_word' id='word_1_226' title='bbox 2136 1684 2464 1757; x_wconf 65' lang='lat' dir='ltr'><strong>prolabatur.</strong></span> <span class='ocrx_word' id='word_1_227' title='bbox 2506 1681 2560 1736; x_wconf 90' lang='lat'><strong>9.</strong></span> <span class='ocrx_word' id='word_1_228' title='bbox 2594 1678 2734 1746; x_wconf 87' lang='lat' dir='ltr'><strong>Quin</strong></span> <span class='ocrx_word' id='word_1_229' title='bbox 2774 1677 2820 1732; x_wconf 92' lang='lat' dir='ltr'><strong>is</strong></span> <span class='ocrx_word' id='word_1_230' title='bbox 2864 1674 3025 1730; x_wconf 87' lang='lat' dir='ltr'><strong>etiam</strong></span> <span class='ocrx_word' id='word_1_231' title='bbox 3076 1669 3168 1741; x_wconf 90' lang='lat' dir='ltr'><strong>qui</strong></span> <span class='ocrx_word' id='word_1_232' title='bbox 3204 1665 3411 1736; x_wconf 78' lang='lat' dir='ltr'><strong>lapides</strong></span> 
     </span>
    </p>
   </div>
   <div class='ocr_carea' id='block_1_34' title="bbox 169 1758 1750 1866">
    <p class='ocr_par' dir='ltr' id='par_1_34' title="bbox 169 1758 1741 1866">
     <span class='ocr_line' id='line_1_34' title="bbox 169 1758 1741 1866; baseline -0.006 -18"><span class='ocrx_word' id='word_1_233' title='bbox 169 1794 243 1866; x_wconf 84' lang='grc' dir='ltr'><strong>τῷ</strong></span> <span class='ocrx_word' id='word_1_234' title='bbox 266 1793 460 1865; x_wconf 82' lang='grc' dir='ltr'>οἰκείῳ</span> <span class='ocrx_word' id='word_1_235' title='bbox 473 1790 622 1864; x_wconf 78' lang='grc' dir='ltr'>ὅπλῳ</span> <span class='ocrx_word' id='word_1_236' title='bbox 651 1758 743 1845; x_wconf 74' lang='grc' dir='ltr'>τὸν</span> <span class='ocrx_word' id='word_1_237' title='bbox 759 1758 1010 1845; x_wconf 39' lang='grc' dir='ltr'>ικίνδυνον</span> <span class='ocrx_word' id='word_1_238' title='bbox 1029 1758 1341 1843; x_wconf 44' lang='grc' dir='ltr'>οῐσειΓἸοξάν</span> <span class='ocrx_word' id='word_1_239' title='bbox 1364 1758 1429 1841; x_wconf 71' lang='grc' dir='ltr'>δὲ</span> <span class='ocrx_word' id='word_1_240' title='bbox 1449 1758 1628 1859; x_wconf 78' lang='grc' dir='ltr'>συμϐῇ</span> <span class='ocrx_word' id='word_1_241' title='bbox 1644 1758 1741 1839; x_wconf 88' lang='grc' dir='ltr'><strong>τοῦ</strong></span> 
     </span>
    </p>
   </div>
   <div class='ocr_carea' id='block_1_35' title="bbox 1855 1758 3410 1866">
    <p class='ocr_par' dir='ltr' id='par_1_35' title="bbox 1855 1758 3410 1845">
     <span class='ocr_line' id='line_1_35' title="bbox 1855 1758 3410 1845; baseline -0.018 -5"><span class='ocrx_word' id='word_1_242' title='bbox 1855 1778 2098 1845; x_wconf 74' lang='lat' dir='ltr'><strong>extrahit,</strong></span> <span class='ocrx_word' id='word_1_243' title='bbox 2155 1779 2394 1835; x_wconf 85' lang='lat' dir='ltr'><strong>laborem</strong></span> <span class='ocrx_word' id='word_1_244' title='bbox 2449 1774 2592 1830; x_wconf 90' lang='lat' dir='ltr'><strong>haud</strong></span> <span class='ocrx_word' id='word_1_245' title='bbox 2653 1785 2879 1842; x_wconf 87' lang='lat' dir='ltr'><strong>parvum</strong></span> <span class='ocrx_word' id='word_1_246' title='bbox 2921 1764 3178 1830; x_wconf 78' lang='lat' dir='ltr'><strong>sutleret;</strong></span> <span class='ocrx_word' id='word_1_247' title='bbox 3213 1771 3267 1816; x_wconf 91' lang='lat' dir='ltr'><strong>et</strong></span> <span class='ocrx_word' id='word_1_248' title='bbox 3315 1758 3410 1830; x_wconf 86' lang='lat' dir='ltr'><strong>qui</strong></span> 
     </span>
    </p>
   </div>
   <div class='ocr_carea' id='block_1_36' title="bbox 172 1876 1743 1955">
    <p class='ocr_par' dir='ltr' id='par_1_36' title="bbox 172 1876 1743 1955">
     <span class='ocr_line' id='line_1_36' title="bbox 172 1876 1743 1955; baseline -0.006 -17"><span class='ocrx_word' id='word_1_249' title='bbox 172 1881 393 1938; x_wconf 81' lang='grc' dir='ltr'>στελεοῦ</span> <span class='ocrx_word' id='word_1_250' title='bbox 416 1880 635 1955; x_wconf 69' lang='grc' dir='ltr'>(26)τδν</span> <span class='ocrx_word' id='word_1_251' title='bbox 662 1879 893 1934; x_wconf 81' lang='grc' dir='ltr'>πέλεκυν</span> <span class='ocrx_word' id='word_1_252' title='bbox 919 1879 1244 1950; x_wconf 79' lang='grc' dir='ltr'>ἐκπηδῆσαι,</span> <span class='ocrx_word' id='word_1_253' title='bbox 1269 1876 1695 1949; x_wconf 76' lang='grc' dir='ltr'>θορυϐηθήσεται</span> <span class='ocrx_word' id='word_1_254' title='bbox 1714 1876 1743 1929; x_wconf 91' lang='grc' dir='ltr'><strong>ὀ</strong></span> 
     </span>
    </p>
   </div>
   <div class='ocr_carea' id='block_1_37' title="bbox 168 1966 1743 2048">
    <p class='ocr_par' dir='ltr' id='par_1_37' title="bbox 168 1966 1743 2048">
     <span class='ocr_line' id='line_1_37' title="bbox 168 1966 1743 2048; baseline -0.007 -17"><span class='ocrx_word' id='word_1_255' title='bbox 168 1976 344 2031; x_wconf 85' lang='grc' dir='ltr'>ταῦτα</span> <span class='ocrx_word' id='word_1_256' title='bbox 373 1973 755 2048; x_wconf 76' lang='grc' dir='ltr'>ἐργαζόμενος,</span> <span class='ocrx_word' id='word_1_257' title='bbox 789 1973 889 2026; x_wconf 88' lang='grc' dir='ltr'>οὐκ</span> <span class='ocrx_word' id='word_1_258' title='bbox 912 1971 998 2025; x_wconf 89' lang='grc' dir='ltr'><strong>ἐπ’</strong></span> <span class='ocrx_word' id='word_1_259' title='bbox 1023 1968 1210 2041; x_wconf 87' lang='grc' dir='ltr'>ἀγαθῷ</span> <span class='ocrx_word' id='word_1_260' title='bbox 1240 1966 1586 2040; x_wconf 78' lang='grc' dir='ltr'>συγκομίζων</span> <span class='ocrx_word' id='word_1_261' title='bbox 1605 2008 1621 2033; x_wconf 95' lang='grc'><strong>,</strong></span> <span class='ocrx_word' id='word_1_262' title='bbox 1649 1967 1743 2021; x_wconf 80' lang='grc' dir='ltr'>καὶ</span> 
     </span>
    </p>
   </div>
   <div class='ocr_carea' id='block_1_38' title="bbox 170 2060 1744 2140">
    <p class='ocr_par' dir='ltr' id='par_1_38' title="bbox 170 2060 1744 2140">
     <span class='ocr_line' id='line_1_38' title="bbox 170 2060 1744 2140; baseline -0.006 -16"><span class='ocrx_word' id='word_1_263' title='bbox 170 2070 424 2137; x_wconf 81' lang='grc' dir='ltr'>ἐπαύξων</span> <span class='ocrx_word' id='word_1_264' title='bbox 456 2068 619 2132; x_wconf 82' lang='grc' dir='ltr'>αὐτὸς</span> <span class='ocrx_word' id='word_1_265' title='bbox 646 2067 744 2140; x_wconf 82' lang='grc' dir='ltr'>τὴν</span> <span class='ocrx_word' id='word_1_266' title='bbox 762 2064 955 2122; x_wconf 87' lang='grc' dir='ltr'>ἐαυτοῦ</span> <span class='ocrx_word' id='word_1_267' title='bbox 987 2065 1169 2120; x_wconf 86' lang='grc' dir='ltr'>ἄδικον</span> <span class='ocrx_word' id='word_1_268' title='bbox 1215 2065 1308 2118; x_wconf 79' lang='grc' dir='ltr'>καὶ</span> <span class='ocrx_word' id='word_1_269' title='bbox 1338 2063 1622 2139; x_wconf 83' lang='grc' dir='ltr'>ὠκύμορον</span> <span class='ocrx_word' id='word_1_270' title='bbox 1653 2060 1744 2115; x_wconf 89' lang='grc' dir='ltr'>δύ-</span> 
     </span>
    </p>
   </div>
   <div class='ocr_carea' id='block_1_39' title="bbox 169 2153 1742 2236">
    <p class='ocr_par' dir='ltr' id='par_1_39' title="bbox 169 2153 1742 2236">
     <span class='ocr_line' id='line_1_39' title="bbox 169 2153 1742 2236; baseline -0.007 -18"><span class='ocrx_word' id='word_1_271' title='bbox 169 2181 356 2236; x_wconf 89' lang='grc' dir='ltr'>ναμιν.</span> <span class='ocrx_word' id='word_1_272' title='bbox 388 2164 605 2232; x_wconf 84' lang='grc' dir='ltr'>Ὄφεως</span> <span class='ocrx_word' id='word_1_273' title='bbox 629 2160 684 2215; x_wconf 84' lang='grc' dir='ltr'><strong>δέ</strong></span> <span class='ocrx_word' id='word_1_274' title='bbox 710 2159 891 2232; x_wconf 85' lang='grc' dir='ltr'>δῆγμα</span> <span class='ocrx_word' id='word_1_275' title='bbox 919 2158 1172 2230; x_wconf 80' lang='grc' dir='ltr'>λαθραῖον</span> <span class='ocrx_word' id='word_1_276' title='bbox 1195 2174 1209 2188; x_wconf 74' lang='grc' dir='ltr'><strong>ο</strong></span> <span class='ocrx_word' id='word_1_277' title='bbox 1234 2156 1388 2211; x_wconf 76' lang='grc' dir='ltr'>οὐδὲν</span> <span class='ocrx_word' id='word_1_278' title='bbox 1416 2153 1742 2227; x_wconf 78' lang='grc' dir='ltr'>παραμυθήι-</span> 
     </span>
    </p>
   </div>
   <div class='ocr_carea' id='block_1_40' title="bbox 172 2245 1744 2327">
    <p class='ocr_par' dir='ltr' id='par_1_40' title="bbox 172 2245 1744 2327">
     <span class='ocr_line' id='line_1_40' title="bbox 172 2245 1744 2327; baseline -0.009 -15"><span class='ocrx_word' id='word_1_279' title='bbox 172 2274 362 2312; x_wconf 86' lang='grc' dir='ltr'>σονται</span> <span class='ocrx_word' id='word_1_280' title='bbox 386 2256 437 2310; x_wconf 81' lang='lat' dir='ltr'><strong>oi</strong></span> <span class='ocrx_word' id='word_1_281' title='bbox 470 2255 759 2327; x_wconf 76' lang='grc' dir='ltr'>ἐπᾴδοντες</span> <span class='ocrx_word' id='word_1_282' title='bbox 779 2270 794 2284; x_wconf 67' lang='grc' dir='ltr'><strong><em>υ</em></strong></span> <span class='ocrx_word' id='word_1_283' title='bbox 821 2251 1036 2324; x_wconf 82' lang='grc' dir='ltr'>μάταιοι</span> <span class='ocrx_word' id='word_1_284' title='bbox 1073 2249 1181 2321; x_wconf 77' lang='grc' dir='ltr'>γάρ</span> <span class='ocrx_word' id='word_1_285' title='bbox 1204 2251 1357 2304; x_wconf 79' lang='grc' dir='ltr'>εἰσιν.</span> <span class='ocrx_word' id='word_1_286' title='bbox 1418 2247 1555 2301; x_wconf 62' lang='grc' dir='ltr'>Ἀλλῖ</span> <span class='ocrx_word' id='word_1_287' title='bbox 1584 2249 1613 2300; x_wconf 87' lang='grc' dir='ltr'><strong>ό</strong></span> <span class='ocrx_word' id='word_1_288' title='bbox 1647 2245 1744 2317; x_wconf 84' lang='grc' dir='ltr'>μὲν</span> 
     </span>
    </p>
   </div>
   <div class='ocr_carea' id='block_1_41' title="bbox 170 2330 1747 2422">
    <p class='ocr_par' dir='ltr' id='par_1_41' title="bbox 170 2330 1747 2422">
     <span class='ocr_line' id='line_1_41' title="bbox 170 2330 1747 2422; baseline -0.008 -17"><span class='ocrx_word' id='word_1_289' title='bbox 170 2350 381 2420; x_wconf 81' lang='grc' dir='ltr'>ἀγαθὸς</span> <span class='ocrx_word' id='word_1_290' title='bbox 402 2349 544 2422; x_wconf 83' lang='grc' dir='ltr'>ἀνὴρ</span> <span class='ocrx_word' id='word_1_291' title='bbox 572 2345 751 2417; x_wconf 87' lang='grc' dir='ltr'>ἀγαθά</span> <span class='ocrx_word' id='word_1_292' title='bbox 782 2345 1070 2418; x_wconf 73' lang='grc' dir='ltr'>ἐργάζεται</span> <span class='ocrx_word' id='word_1_293' title='bbox 1090 2342 1238 2415; x_wconf 79' lang='grc' dir='ltr'>αὐτῷ</span> <span class='ocrx_word' id='word_1_294' title='bbox 1264 2330 1438 2397; x_wconf 73' lang='grc' dir='ltr'>τε⁶καὶ</span> <span class='ocrx_word' id='word_1_295' title='bbox 1466 2344 1579 2405; x_wconf 77' lang='grc' dir='ltr'>τοῖς</span> <span class='ocrx_word' id='word_1_296' title='bbox 1611 2339 1747 2409; x_wconf 85' lang='grc' dir='ltr'>πλη-</span> 
     </span>
    </p>
   </div>
   <div class='ocr_carea' id='block_1_42' title="bbox 174 2433 1746 2515">
    <p class='ocr_par' dir='ltr' id='par_1_42' title="bbox 174 2433 1746 2515">
     <span class='ocr_line' id='line_1_42' title="bbox 174 2433 1746 2515; baseline -0.007 -17"><span class='ocrx_word' id='word_1_297' title='bbox 174 2444 283 2498; x_wconf 89' lang='grc' dir='ltr'>σίον</span> <span class='ocrx_word' id='word_1_298' title='bbox 310 2461 327 2474; x_wconf 81' lang='grc'><em>’</em></span> <span class='ocrx_word' id='word_1_299' title='bbox 366 2445 396 2497; x_wconf 88' lang='grc' dir='ltr'><strong>ὀ</strong></span> <span class='ocrx_word' id='word_1_300' title='bbox 436 2442 494 2496; x_wconf 83' lang='grc' dir='ltr'>δὲ</span> <span class='ocrx_word' id='word_1_301' title='bbox 533 2441 723 2515; x_wconf 88' lang='grc' dir='ltr'>ἄφρων</span> <span class='ocrx_word' id='word_1_302' title='bbox 766 2441 847 2504; x_wconf 88' lang='grc' dir='ltr'><strong>είς</strong></span> <span class='ocrx_word' id='word_1_303' title='bbox 888 2437 1108 2510; x_wconf 85' lang='grc' dir='ltr'>ὀλεθρον</span> <span class='ocrx_word' id='word_1_304' title='bbox 1152 2437 1471 2507; x_wconf 74' lang='grc' dir='ltr'>ἐμπεσεῖται</span> <span class='ocrx_word' id='word_1_305' title='bbox 1513 2433 1602 2489; x_wconf 80' lang='grc' dir='ltr'>διὰ</span> <span class='ocrx_word' id='word_1_306' title='bbox 1645 2433 1746 2503; x_wconf 85' lang='grc' dir='ltr'>τῆς</span> 
     </span>
    </p>
   </div>
   <div class='ocr_carea' id='block_1_43' title="bbox 173 2527 1747 2608">
    <p class='ocr_par' dir='ltr' id='par_1_43' title="bbox 173 2527 1747 2608">
     <span class='ocr_line' id='line_1_43' title="bbox 173 2527 1747 2608; baseline -0.007 -17"><span class='ocrx_word' id='word_1_307' title='bbox 173 2535 344 2592; x_wconf 85' lang='grc' dir='ltr'>αὐτοῦ</span> <span class='ocrx_word' id='word_1_308' title='bbox 371 2534 653 2608; x_wconf 81' lang='grc' dir='ltr'>φλυαρίας.</span> <span class='ocrx_word' id='word_1_309' title='bbox 692 2533 803 2588; x_wconf 60' lang='grc' dir='ltr'><strong>Καὶ⁸</strong></span> <span class='ocrx_word' id='word_1_310' title='bbox 830 2530 975 2596; x_wconf 84' lang='grc' dir='ltr'>ἀπαξ</span> <span class='ocrx_word' id='word_1_311' title='bbox 999 2527 1216 2594; x_wconf 79' lang='grc' dir='ltr'>ἀνοίξας</span> <span class='ocrx_word' id='word_1_312' title='bbox 1244 2529 1305 2583; x_wconf 86' lang='grc' dir='ltr'>τὸ</span> <span class='ocrx_word' id='word_1_313' title='bbox 1339 2528 1511 2608; x_wconf 86' lang='grc' dir='ltr'>στόμα</span> <span class='ocrx_word' id='word_1_314' title='bbox 1530 2567 1544 2591; x_wconf 91' lang='grc'><strong>,</strong></span> <span class='ocrx_word' id='word_1_315' title='bbox 1584 2528 1747 2600; x_wconf 84' lang='grc' dir='ltr'>ἄρχε-</span> 
     </span>
    </p>
   </div>
   <div class='ocr_carea' id='block_1_44' title="bbox 173 2605 1748 2703">
    <p class='ocr_par' dir='ltr' id='par_1_44' title="bbox 173 2605 1748 2703">
     <span class='ocr_line' id='line_1_44' title="bbox 173 2605 1748 2703; baseline -0.009 -18"><span class='ocrx_word' id='word_1_316' title='bbox 173 2648 260 2685; x_wconf 88' lang='grc' dir='ltr'><strong>ται</strong></span> <span class='ocrx_word' id='word_1_317' title='bbox 283 2605 564 2703; x_wconf 80' lang='grc' dir='ltr'>ἀφρόνως,</span> <span class='ocrx_word' id='word_1_318' title='bbox 592 2630 687 2685; x_wconf 81' lang='grc' dir='ltr'><strong>καὶ</strong></span> <span class='ocrx_word' id='word_1_319' title='bbox 720 2628 952 2684; x_wconf 87' lang='grc' dir='ltr'>παύεται</span> <span class='ocrx_word' id='word_1_320' title='bbox 971 2626 1200 2697; x_wconf 73' lang='grc' dir='ltr'>ταχέως,</span> <span class='ocrx_word' id='word_1_321' title='bbox 1228 2622 1316 2679; x_wconf 83' lang='grc' dir='ltr'><strong>διὰ</strong></span> <span class='ocrx_word' id='word_1_322' title='bbox 1344 2605 1544 2685; x_wconf 82' lang='grc' dir='ltr'>παντὸς</span> <span class='ocrx_word' id='word_1_323' title='bbox 1586 2619 1748 2673; x_wconf 86' lang='grc' dir='ltr'>ἐνδει-</span> 
     </span>
    </p>
   </div>
   <div class='ocr_carea' id='block_1_45' title="bbox 174 2713 1749 2797">
    <p class='ocr_par' dir='ltr' id='par_1_45' title="bbox 174 2713 1749 2797">
     <span class='ocr_line' id='line_1_45' title="bbox 174 2713 1749 2797; baseline -0.009 -18"><span class='ocrx_word' id='word_1_324' title='bbox 174 2724 449 2797; x_wconf 85' lang='grc' dir='ltr'>κνύμενος</span> <span class='ocrx_word' id='word_1_325' title='bbox 465 2722 562 2795; x_wconf 77' lang='grc' dir='ltr'>τὴν</span> <span class='ocrx_word' id='word_1_326' title='bbox 591 2721 783 2777; x_wconf 82' lang='grc' dir='ltr'>ἑαυτοῦ</span> <span class='ocrx_word' id='word_1_327' title='bbox 816 2721 1018 2778; x_wconf 77' lang='grc' dir='ltr'>ἄνοιαν.</span> <span class='ocrx_word' id='word_1_328' title='bbox 1073 2716 1364 2791; x_wconf 84' lang='grc' dir='ltr'>Ἀνθρώπῳ</span> <span class='ocrx_word' id='word_1_329' title='bbox 1393 2716 1450 2770; x_wconf 81' lang='grc' dir='ltr'>δὲ</span> <span class='ocrx_word' id='word_1_330' title='bbox 1490 2713 1749 2769; x_wconf 84' lang='grc' dir='ltr'>ἀδύνατόν</span> 
     </span>
    </p>
   </div>
   <div class='ocr_carea' id='block_1_46' title="bbox 174 2805 1746 2888">
    <p class='ocr_par' dir='ltr' id='par_1_46' title="bbox 174 2805 1746 2888">
     <span class='ocr_line' id='line_1_46' title="bbox 174 2805 1746 2888; baseline -0.008 -16"><span class='ocrx_word' id='word_1_331' title='bbox 174 2836 223 2872; x_wconf 86' lang='grc' dir='ltr'><strong>τι</strong></span> <span class='ocrx_word' id='word_1_332' title='bbox 257 2817 497 2888; x_wconf 84' lang='grc' dir='ltr'>γνῶναι,</span> <span class='ocrx_word' id='word_1_333' title='bbox 531 2817 625 2870; x_wconf 85' lang='grc' dir='ltr'>καὶ</span> <span class='ocrx_word' id='word_1_334' title='bbox 650 2815 799 2888; x_wconf 87' lang='grc' dir='ltr'><strong>παρά</strong></span> <span class='ocrx_word' id='word_1_335' title='bbox 816 2814 1099 2887; x_wconf 88' lang='grc' dir='ltr'>ἀνθρώπου</span> <span class='ocrx_word' id='word_1_336' title='bbox 1131 2812 1319 2885; x_wconf 80' lang='grc' dir='ltr'>μαθεῖν</span> <span class='ocrx_word' id='word_1_337' title='bbox 1336 2808 1521 2864; x_wconf 79' lang='grc' dir='ltr'>τάἀπ’</span> <span class='ocrx_word' id='word_1_338' title='bbox 1551 2805 1746 2879; x_wconf 82' lang='grc' dir='ltr'>ἀρχῆς,</span> 
     </span>
    </p>
   </div>
   <div class='ocr_carea' id='block_1_47' title="bbox 176 2898 1749 2983">
    <p class='ocr_par' dir='ltr' id='par_1_47' title="bbox 176 2898 1749 2983">
     <span class='ocr_line' id='line_1_47' title="bbox 176 2898 1749 2983; baseline -0.011 -17"><span class='ocrx_word' id='word_1_339' title='bbox 176 2910 303 2983; x_wconf 76' lang='grc' dir='ltr'>ἦτά</span> <span class='ocrx_word' id='word_1_340' title='bbox 334 2908 579 2964; x_wconf 86' lang='grc' dir='ltr'>ἐπιόντα.</span> <span class='ocrx_word' id='word_1_341' title='bbox 613 2908 709 2973; x_wconf 85' lang='grc' dir='ltr'>Τίς</span> <span class='ocrx_word' id='word_1_342' title='bbox 734 2907 846 2980; x_wconf 81' lang='grc' dir='ltr'>γὰρ</span> <span class='ocrx_word' id='word_1_343' title='bbox 870 2907 1021 2961; x_wconf 73' lang='grc' dir='ltr'>ἔσται</span> <span class='ocrx_word' id='word_1_344' title='bbox 1051 2908 1080 2960; x_wconf 92' lang='grc' dir='ltr'><strong>ὀ</strong></span> <span class='ocrx_word' id='word_1_345' title='bbox 1112 2905 1398 2977; x_wconf 86' lang='grc' dir='ltr'>μηνύσων;</span> <span class='ocrx_word' id='word_1_346' title='bbox 1431 2898 1749 2971; x_wconf 81' lang='grc' dir='ltr'>Ἀνθρωπος</span> 
     </span>
    </p>
   </div>
   <div class='ocr_carea' id='block_1_48' title="bbox 172 2989 1751 3073">
    <p class='ocr_par' dir='ltr' id='par_1_48' title="bbox 172 2989 1751 3073">
     <span class='ocr_line' id='line_1_48' title="bbox 172 2989 1751 3073; baseline -0.009 -16"><span class='ocrx_word' id='word_1_347' title='bbox 172 3003 230 3057; x_wconf 73' lang='grc' dir='ltr'>δὲ</span> <span class='ocrx_word' id='word_1_348' title='bbox 263 3003 337 3068; x_wconf 74' lang='grc' dir='ltr'>ὃς</span> <span class='ocrx_word' id='word_1_349' title='bbox 363 3002 466 3056; x_wconf 82' lang='grc' dir='ltr'>οὐκ</span> <span class='ocrx_word' id='word_1_350' title='bbox 482 2998 621 3056; x_wconf 80' lang='grc' dir='ltr'>οἶδεν</span> <span class='ocrx_word' id='word_1_351' title='bbox 645 3002 726 3066; x_wconf 85' lang='grc' dir='ltr'><strong>είς</strong></span> <span class='ocrx_word' id='word_1_352' title='bbox 748 3000 849 3073; x_wconf 86' lang='grc' dir='ltr'>τὴν</span> <span class='ocrx_word' id='word_1_353' title='bbox 868 2998 1075 3070; x_wconf 84' lang='grc' dir='ltr'>ἀγαθὴν</span> <span class='ocrx_word' id='word_1_354' title='bbox 1095 2994 1424 3069; x_wconf 77' lang='grc' dir='ltr'>πορευθῆναι</span> <span class='ocrx_word' id='word_1_355' title='bbox 1451 2992 1629 3053; x_wconf 89' lang='grc' dir='ltr'>πόλιν,</span> <span class='ocrx_word' id='word_1_356' title='bbox 1659 2989 1751 3043; x_wconf 83' lang='grc' dir='ltr'>κά-</span> 
     </span>
    </p>
   </div>
   <div class='ocr_carea' id='block_1_49' title="bbox 176 3081 1752 3166">
    <p class='ocr_par' dir='ltr' id='par_1_49' title="bbox 176 3081 1752 3166">
     <span class='ocr_line' id='line_1_49' title="bbox 176 3081 1752 3166; baseline -0.011 -16"><span class='ocrx_word' id='word_1_357' title='bbox 176 3112 356 3150; x_wconf 86' lang='grc' dir='ltr'>κωσιν</span> <span class='ocrx_word' id='word_1_358' title='bbox 404 3093 663 3166; x_wconf 74' lang='grc' dir='ltr'>ὑπομένει</span> <span class='ocrx_word' id='word_1_359' title='bbox 681 3131 697 3158; x_wconf 86' lang='grc'><strong>,</strong></span> <span class='ocrx_word' id='word_1_360' title='bbox 746 3094 858 3157; x_wconf 77' lang='grc' dir='ltr'>τοῖς</span> <span class='ocrx_word' id='word_1_361' title='bbox 893 3108 954 3146; x_wconf 89' lang='grc' dir='ltr'><strong>τε</strong></span> <span class='ocrx_word' id='word_1_362' title='bbox 985 3089 1279 3161; x_wconf 83' lang='grc' dir='ltr'>ὀφθαλμοῖς</span> <span class='ocrx_word' id='word_1_363' title='bbox 1297 3128 1312 3152; x_wconf 92' lang='grc'><strong>,</strong></span> <span class='ocrx_word' id='word_1_364' title='bbox 1343 3086 1435 3140; x_wconf 78' lang='grc' dir='ltr'>καὶ</span> <span class='ocrx_word' id='word_1_365' title='bbox 1473 3083 1552 3156; x_wconf 82' lang='grc' dir='ltr'>τῷ</span> <span class='ocrx_word' id='word_1_366' title='bbox 1588 3081 1752 3137; x_wconf 72' lang='grc' dir='ltr'>παντὶ</span> 
     </span>
    </p>
   </div>
   <div class='ocr_carea' id='block_1_50' title="bbox 178 3172 1750 3258">
    <p class='ocr_par' dir='ltr' id='par_1_50' title="bbox 178 3172 1750 3258">
     <span class='ocr_line' id='line_1_50' title="bbox 178 3172 1750 3258; baseline -0.01 -16"><span class='ocrx_word' id='word_1_367' title='bbox 178 3185 486 3258; x_wconf 81' lang='grc' dir='ltr'>προσώπῳ.</span> <span class='ocrx_word' id='word_1_368' title='bbox 537 3185 696 3239; x_wconf 87' lang='grc' dir='ltr'>Πόλει</span> <span class='ocrx_word' id='word_1_369' title='bbox 734 3184 792 3239; x_wconf 83' lang='grc' dir='ltr'>δὲ</span> <span class='ocrx_word' id='word_1_370' title='bbox 835 3183 1020 3257; x_wconf 82' lang='grc' dir='ltr'>ἐκείνῃ</span> <span class='ocrx_word' id='word_1_371' title='bbox 1061 3180 1206 3236; x_wconf 88' lang='grc' dir='ltr'><strong>κακά</strong></span> <span class='ocrx_word' id='word_1_372' title='bbox 1249 3178 1516 3251; x_wconf 80' lang='grc' dir='ltr'>προλέγω,</span> <span class='ocrx_word' id='word_1_373' title='bbox 1542 3172 1610 3248; x_wconf 77' lang='grc' dir='ltr'>ἧς</span> <span class='ocrx_word' id='word_1_374' title='bbox 1635 3174 1664 3227; x_wconf 85' lang='grc' dir='ltr'>ὅ</span> <span class='ocrx_word' id='word_1_375' title='bbox 1689 3190 1750 3227; x_wconf 86' lang='grc' dir='ltr'><strong>τε</strong></span> 
     </span>
    </p>
   </div>
   <div class='ocr_carea' id='block_1_51' title="bbox 178 3269 1754 3352">
    <p class='ocr_par' dir='ltr' id='par_1_51' title="bbox 178 3269 1754 3352">
     <span class='ocr_line' id='line_1_51' title="bbox 178 3269 1754 3352; baseline -0.011 -17"><span class='ocrx_word' id='word_1_376' title='bbox 178 3278 444 3352; x_wconf 81' lang='grc' dir='ltr'>βασιλεὺς</span> <span class='ocrx_word' id='word_1_377' title='bbox 469 3277 608 3343; x_wconf 78' lang='grc' dir='ltr'>νέος,</span> <span class='ocrx_word' id='word_1_378' title='bbox 644 3276 739 3331; x_wconf 78' lang='grc' dir='ltr'>καὶ</span> <span class='ocrx_word' id='word_1_379' title='bbox 764 3278 814 3330; x_wconf 79' lang='lat' dir='ltr'><strong>oi</strong></span> <span class='ocrx_word' id='word_1_380' title='bbox 830 3276 1088 3349; x_wconf 84' lang='grc' dir='ltr'>ἄρχοντες</span> <span class='ocrx_word' id='word_1_381' title='bbox 1105 3272 1528 3344; x_wconf 89' lang='grc' dir='ltr'>γαστρίμαργοι.</span> <span class='ocrx_word' id='word_1_382' title='bbox 1561 3269 1754 3322; x_wconf 83' lang='grc' dir='ltr'>Μακα-</span> 
     </span>
    </p>
   </div>
   <div class='ocr_carea' id='block_1_52' title="bbox 179 3357 1757 3445">
    <p class='ocr_par' dir='ltr' id='par_1_52' title="bbox 179 3357 1757 3445">
     <span class='ocr_line' id='line_1_52' title="bbox 179 3357 1757 3445; baseline -0.011 -18"><span class='ocrx_word' id='word_1_383' title='bbox 179 3373 319 3445; x_wconf 77' lang='grc' dir='ltr'>ρίξω</span> <span class='ocrx_word' id='word_1_384' title='bbox 352 3371 411 3425; x_wconf 86' lang='grc' dir='ltr'>δὲ</span> <span class='ocrx_word' id='word_1_385' title='bbox 428 3372 532 3442; x_wconf 84' lang='grc' dir='ltr'>γῆν</span> <span class='ocrx_word' id='word_1_386' title='bbox 560 3369 660 3441; x_wconf 84' lang='grc' dir='ltr'>τὴν</span> <span class='ocrx_word' id='word_1_387' title='bbox 689 3367 898 3441; x_wconf 82' lang='grc' dir='ltr'>ἀγαθὴν</span> <span class='ocrx_word' id='word_1_388' title='bbox 923 3407 939 3433; x_wconf 92' lang='grc'><strong>,</strong></span> <span class='ocrx_word' id='word_1_389' title='bbox 970 3363 1038 3440; x_wconf 84' lang='grc' dir='ltr'>ἧς</span> <span class='ocrx_word' id='word_1_390' title='bbox 1078 3362 1399 3438; x_wconf 84' lang='grc' dir='ltr'>βασιλεύειό</span> <span class='ocrx_word' id='word_1_391' title='bbox 1427 3360 1523 3415; x_wconf 91' lang='grc' dir='ltr'><strong>τοῦ</strong></span> <span class='ocrx_word' id='word_1_392' title='bbox 1552 3357 1757 3413; x_wconf 83' lang='grc' dir='ltr'>ἐλευθέ-</span> 
     </span>
    </p>
   </div>
   <div class='ocr_carea' id='block_1_53' title="bbox 180 3450 1753 3537">
    <p class='ocr_par' dir='ltr' id='par_1_53' title="bbox 180 3450 1753 3537">
     <span class='ocr_line' id='line_1_53' title="bbox 180 3450 1753 3537; baseline -0.01 -18"><span class='ocrx_word' id='word_1_393' title='bbox 180 3481 271 3537; x_wconf 85' lang='grc' dir='ltr'><strong>ρου</strong></span> <span class='ocrx_word' id='word_1_394' title='bbox 311 3463 462 3528; x_wconf 77' lang='grc' dir='ltr'>υίός’</span> <span class='ocrx_word' id='word_1_395' title='bbox 509 3461 637 3516; x_wconf 68' lang='grc' dir='ltr'>ἔνθα</span> <span class='ocrx_word' id='word_1_396' title='bbox 664 3461 933 3533; x_wconf 78' lang='grc' dir='ltr'>εὐκαίρως</span> <span class='ocrx_word' id='word_1_397' title='bbox 969 3456 1364 3514; x_wconf 78' lang='grc' dir='ltr'>ἀπολαύσουσιν</span> <span class='ocrx_word' id='word_1_398' title='bbox 1404 3452 1622 3523; x_wconf 81' lang='grc' dir='ltr'>ἀγαθῶν</span> <span class='ocrx_word' id='word_1_399' title='bbox 1646 3490 1662 3517; x_wconf 89' lang='grc'><strong>,</strong></span> <span class='ocrx_word' id='word_1_400' title='bbox 1704 3450 1753 3504; x_wconf 77' lang='lat' dir='ltr'><strong>oi</strong></span> 
     </span>
    </p>
   </div>
   <div class='ocr_carea' id='block_1_54' title="bbox 176 3545 1754 3629">
    <p class='ocr_par' dir='ltr' id='par_1_54' title="bbox 176 3545 1754 3629">
     <span class='ocr_line' id='line_1_54' title="bbox 176 3545 1754 3629; baseline -0.007 -19"><span class='ocrx_word' id='word_1_401' title='bbox 176 3558 371 3612; x_wconf 79' lang='grc' dir='ltr'>ἐκεῖσε</span> <span class='ocrx_word' id='word_1_402' title='bbox 413 3556 603 3629; x_wconf 84' lang='grc' dir='ltr'>ἄρχειν</span> <span class='ocrx_word' id='word_1_403' title='bbox 644 3554 953 3627; x_wconf 75' lang='grc' dir='ltr'>ἠξιωμένοι.</span> <span class='ocrx_word' id='word_1_404' title='bbox 1005 3551 1260 3624; x_wconf 75' lang='grc' dir='ltr'>ὐκνηρός</span> <span class='ocrx_word' id='word_1_405' title='bbox 1313 3549 1369 3604; x_wconf 80' lang='grc' dir='ltr'>δὲ</span> <span class='ocrx_word' id='word_1_406' title='bbox 1427 3548 1521 3602; x_wconf 77' lang='grc' dir='ltr'>καὶ</span> <span class='ocrx_word' id='word_1_407' title='bbox 1564 3545 1754 3619; x_wconf 81' lang='grc' dir='ltr'>ἀργὸς,</span> 
     </span>
    </p>
   </div>
   <div class='ocr_carea' id='block_1_55' title="bbox 176 3634 1756 3718">
    <p class='ocr_par' dir='ltr' id='par_1_55' title="bbox 176 3634 1756 3718">
     <span class='ocr_line' id='line_1_55' title="bbox 176 3634 1756 3718; baseline -0.009 -14"><span class='ocrx_word' id='word_1_408' title='bbox 176 3650 340 3704; x_wconf 76' lang='grc' dir='ltr'>οἷκον</span> <span class='ocrx_word' id='word_1_409' title='bbox 381 3647 663 3703; x_wconf 81' lang='grc' dir='ltr'>ἐλαττοῦσι</span> <span class='ocrx_word' id='word_1_410' title='bbox 705 3645 994 3718; x_wconf 76' lang='grc' dir='ltr'>χλευασταὶ</span> <span class='ocrx_word' id='word_1_411' title='bbox 1036 3644 1313 3715; x_wconf 84' lang='grc' dir='ltr'>γενόμενοι</span> <span class='ocrx_word' id='word_1_412' title='bbox 1331 3658 1346 3675; x_wconf 75' lang='grc' dir='ltr'><strong>ο</strong></span> <span class='ocrx_word' id='word_1_413' title='bbox 1398 3641 1491 3695; x_wconf 75' lang='grc' dir='ltr'>καὶ</span> <span class='ocrx_word' id='word_1_414' title='bbox 1538 3638 1618 3702; x_wconf 57' lang='lat' dir='ltr'><strong>si:</strong></span> <span class='ocrx_word' id='word_1_415' title='bbox 1659 3634 1756 3708; x_wconf 79' lang='grc' dir='ltr'>τὴν</span> 
     </span>
    </p>
   </div>
   <div class='ocr_carea' id='block_1_56' title="bbox 176 3730 1758 3812">
    <p class='ocr_par' dir='ltr' id='par_1_56' title="bbox 176 3730 1758 3812">
     <span class='ocr_line' id='line_1_56' title="bbox 176 3730 1758 3812; baseline -0.01 -14"><span class='ocrx_word' id='word_1_416' title='bbox 176 3739 397 3798; x_wconf 76' lang='grc' dir='ltr'>ἑαυτῶν</span> <span class='ocrx_word' id='word_1_417' title='bbox 428 3738 780 3812; x_wconf 88' lang='grc' dir='ltr'>λαιμαργίαν,</span> <span class='ocrx_word' id='word_1_418' title='bbox 806 3740 920 3802; x_wconf 83' lang='grc' dir='ltr'>τοῖς</span> <span class='ocrx_word' id='word_1_419' title='bbox 951 3738 1085 3792; x_wconf 78' lang='grc' dir='ltr'>πᾶσι</span> <span class='ocrx_word' id='word_1_420' title='bbox 1114 3730 1553 3807; x_wconf 82' lang='grc' dir='ltr'>καταχρώμενοι,</span> <span class='ocrx_word' id='word_1_421' title='bbox 1586 3730 1758 3800; x_wconf 88' lang='grc' dir='ltr'>ἀργυ-</span> 
     </span>
    </p>
   </div>
   <div class='ocr_carea' id='block_1_57' title="bbox 179 3819 1759 3905">
    <p class='ocr_par' dir='ltr' id='par_1_57' title="bbox 179 3819 1759 3905">
     <span class='ocr_line' id='line_1_57' title="bbox 179 3819 1759 3905; baseline -0.009 -18"><span class='ocrx_word' id='word_1_422' title='bbox 179 3834 285 3905; x_wconf 86' lang='grc' dir='ltr'><strong>ρίῳ</strong></span> <span class='ocrx_word' id='word_1_423' title='bbox 369 3829 639 3902; x_wconf 87' lang='grc' dir='ltr'>ἀγώγιμοι</span> <span class='ocrx_word' id='word_1_424' title='bbox 661 3868 678 3895; x_wconf 93' lang='grc'><strong>,</strong></span> <span class='ocrx_word' id='word_1_425' title='bbox 739 3830 901 3884; x_wconf 75' lang='grc' dir='ltr'>ἕνεκα</span> <span class='ocrx_word' id='word_1_426' title='bbox 961 3828 1141 3897; x_wconf 84' lang='grc' dir='ltr'>ὀλίγου</span> <span class='ocrx_word' id='word_1_427' title='bbox 1220 3825 1524 3896; x_wconf 84' lang='grc' dir='ltr'>τιμήματος</span> <span class='ocrx_word' id='word_1_428' title='bbox 1582 3819 1759 3874; x_wconf 86' lang='grc' dir='ltr'>πάντα</span> 
     </span>
    </p>
   </div>
   <div class='ocr_carea' id='block_1_58' title="bbox 177 3911 1759 3995">
    <p class='ocr_par' dir='ltr' id='par_1_58' title="bbox 177 3911 1759 3995">
     <span class='ocr_line' id='line_1_58' title="bbox 177 3911 1759 3995; baseline -0.006 -18"><span class='ocrx_word' id='word_1_429' title='bbox 177 3921 435 3995; x_wconf 77' lang='grc' dir='ltr'>αἰσχρῶς</span> <span class='ocrx_word' id='word_1_430' title='bbox 465 3923 558 3976; x_wconf 75' lang='grc' dir='ltr'>καὶ</span> <span class='ocrx_word' id='word_1_431' title='bbox 586 3919 856 3984; x_wconf 83' lang='grc' dir='ltr'>ταπεινῶς</span> <span class='ocrx_word' id='word_1_432' title='bbox 882 3920 1145 3992; x_wconf 83' lang='grc' dir='ltr'>πράσσειν</span> <span class='ocrx_word' id='word_1_433' title='bbox 1176 3914 1552 3987; x_wconf 83' lang='grc' dir='ltr'>ὑπομένοντες.</span> <span class='ocrx_word' id='word_1_434' title='bbox 1594 3911 1759 3968; x_wconf 84' lang='grc' dir='ltr'>Βασι-</span> 
     </span>
    </p>
   </div>
   <div class='ocr_carea' id='block_1_59' title="bbox 176 4004 1759 4087">
    <p class='ocr_par' dir='ltr' id='par_1_59' title="bbox 176 4004 1759 4087">
     <span class='ocr_line' id='line_1_59' title="bbox 176 4004 1759 4087; baseline -0.011 -16"><span class='ocrx_word' id='word_1_435' title='bbox 176 4017 263 4071; x_wconf 81' lang='grc' dir='ltr'>λεῖ</span> <span class='ocrx_word' id='word_1_436' title='bbox 286 4016 377 4079; x_wconf 82' lang='grc' dir='ltr'>δὲ,</span> <span class='ocrx_word' id='word_1_437' title='bbox 403 4015 495 4069; x_wconf 78' lang='grc' dir='ltr'><strong>καὶ</strong></span> <span class='ocrx_word' id='word_1_438' title='bbox 516 4015 790 4087; x_wconf 85' lang='grc' dir='ltr'>ἄρχουσιν,</span> <span class='ocrx_word' id='word_1_439' title='bbox 811 4011 845 4085; x_wconf 79' lang='grc' dir='ltr'>ἢ</span> <span class='ocrx_word' id='word_1_440' title='bbox 866 4012 1150 4074; x_wconf 81' lang='grc' dir='ltr'>δυνάσταις</span> <span class='ocrx_word' id='word_1_441' title='bbox 1164 4005 1455 4062; x_wconf 84' lang='grc' dir='ltr'>ὑπακούειν</span> <span class='ocrx_word' id='word_1_442' title='bbox 1476 4004 1759 4075; x_wconf 82' lang='grc' dir='ltr'>προσήκει,</span> 
     </span>
    </p>
   </div>
   <div class='ocr_carea' id='block_1_60' title="bbox 179 4093 1764 4177">
    <p class='ocr_par' dir='ltr' id='par_1_60' title="bbox 179 4093 1764 4177">
     <span class='ocr_line' id='line_1_60' title="bbox 179 4093 1764 4177; baseline -0.013 -12"><span class='ocrx_word' id='word_1_443' title='bbox 179 4109 277 4164; x_wconf 79' lang='grc' dir='ltr'>καὶ</span> <span class='ocrx_word' id='word_1_444' title='bbox 308 4107 413 4161; x_wconf 79' lang='grc' dir='ltr'>οὐκ</span> <span class='ocrx_word' id='word_1_445' title='bbox 438 4104 858 4177; x_wconf 84' lang='grc' dir='ltr'>ἀπεχθάνεσθαι,</span> <span class='ocrx_word' id='word_1_446' title='bbox 891 4104 997 4158; x_wconf 79' lang='grc' dir='ltr'>οὐδ’</span> <span class='ocrx_word' id='word_1_447' title='bbox 1018 4103 1154 4166; x_wconf 82' lang='grc' dir='ltr'>ὅλως</span> <span class='ocrx_word' id='word_1_448' title='bbox 1194 4097 1438 4172; x_wconf 84' lang='grc' dir='ltr'>λυπηρόν</span> <span class='ocrx_word' id='word_1_449' title='bbox 1465 4114 1519 4151; x_wconf 93' lang='grc' dir='ltr'><strong>τι</strong></span> <span class='ocrx_word' id='word_1_450' title='bbox 1549 4096 1630 4158; x_wconf 86' lang='grc' dir='ltr'><strong>είς</strong></span> <span class='ocrx_word' id='word_1_451' title='bbox 1667 4093 1764 4147; x_wconf 86' lang='grc' dir='ltr'>αύ-</span> 
     </span>
    </p>
   </div>
   <div class='ocr_carea' id='block_1_61' title="bbox 179 4187 1763 4271">
    <p class='ocr_par' dir='ltr' id='par_1_61' title="bbox 179 4187 1763 4271">
     <span class='ocr_line' id='line_1_61' title="bbox 179 4187 1763 4271; baseline -0.009 -16"><span class='ocrx_word' id='word_1_452' title='bbox 179 4203 317 4265; x_wconf 81' lang='grc' dir='ltr'>τοὺς</span> <span class='ocrx_word' id='word_1_453' title='bbox 354 4200 504 4271; x_wconf 77' lang='grc' dir='ltr'>ῥῆμα</span> <span class='ocrx_word' id='word_1_454' title='bbox 529 4197 908 4271; x_wconf 77' lang='grc' dir='ltr'>ἀπορρίπτειν.</span> <span class='ocrx_word' id='word_1_455' title='bbox 942 4197 1070 4260; x_wconf 82' lang='grc' dir='ltr'>Δέος</span> <span class='ocrx_word' id='word_1_456' title='bbox 1101 4193 1230 4267; x_wconf 85' lang='grc' dir='ltr'>γὰρ,</span> <span class='ocrx_word' id='word_1_457' title='bbox 1263 4194 1337 4265; x_wconf 82' lang='grc' dir='ltr'>μὴ</span> <span class='ocrx_word' id='word_1_458' title='bbox 1368 4192 1429 4245; x_wconf 84' lang='grc' dir='ltr'>τὸ</span> <span class='ocrx_word' id='word_1_459' title='bbox 1453 4189 1547 4245; x_wconf 79' lang='grc' dir='ltr'>καὶ</span> <span class='ocrx_word' id='word_1_460' title='bbox 1577 4187 1641 4241; x_wconf 84' lang='grc' dir='ltr'>τὸ</span> <span class='ocrx_word' id='word_1_461' title='bbox 1660 4203 1763 4241; x_wconf 90' lang='grc' dir='ltr'>κα-</span> 
     </span>
    </p>
   </div>
   <div class='ocr_carea' id='block_1_62' title="bbox 180 4278 1765 4366">
    <p class='ocr_par' dir='ltr' id='par_1_62' title="bbox 180 4278 1765 4366">
     <span class='ocr_line' id='line_1_62' title="bbox 180 4278 1765 4366; baseline -0.009 -19"><span class='ocrx_word' id='word_1_462' title='bbox 180 4292 437 4366; x_wconf 85' lang='grc' dir='ltr'>ταμόνας</span> <span class='ocrx_word' id='word_1_463' title='bbox 459 4291 765 4363; x_wconf 81' lang='grc' dir='ltr'>εἰρημένον,</span> <span class='ocrx_word' id='word_1_464' title='bbox 795 4292 874 4355; x_wconf 87' lang='grc' dir='ltr'><strong>είς</strong></span> <span class='ocrx_word' id='word_1_465' title='bbox 900 4290 1131 4362; x_wconf 89' lang='grc' dir='ltr'>φανερόν</span> <span class='ocrx_word' id='word_1_466' title='bbox 1170 4304 1287 4351; x_wconf 89' lang='grc' dir='ltr'><strong>πως</strong></span> <span class='ocrx_word' id='word_1_467' title='bbox 1332 4283 1479 4356; x_wconf 72' lang='grc' dir='ltr'>ἔλθῃ.</span> <span class='ocrx_word' id='word_1_468' title='bbox 1521 4279 1611 4353; x_wconf 78' lang='grc' dir='ltr'><strong>Τῷ</strong></span> <span class='ocrx_word' id='word_1_469' title='bbox 1656 4278 1765 4350; x_wconf 82' lang='grc' dir='ltr'>γὰρ</span> 
     </span>
    </p>
   </div>
   <div class='ocr_carea' id='block_1_63' title="bbox 185 4372 1764 4460">
    <p class='ocr_par' dir='ltr' id='par_1_63' title="bbox 185 4372 1764 4460">
     <span class='ocr_line' id='line_1_63' title="bbox 185 4372 1764 4460; baseline -0.01 -21"><span class='ocrx_word' id='word_1_470' title='bbox 185 4387 345 4460; x_wconf 80' lang='grc' dir='ltr'>μόνῳ</span> <span class='ocrx_word' id='word_1_471' title='bbox 378 4386 475 4440; x_wconf 79' lang='grc' dir='ltr'>καὶ</span> <span class='ocrx_word' id='word_1_472' title='bbox 502 4383 741 4455; x_wconf 89' lang='grc' dir='ltr'>πλουσίῳ</span> <span class='ocrx_word' id='word_1_473' title='bbox 762 4383 856 4437; x_wconf 78' lang='grc' dir='ltr'>καὶ</span> <span class='ocrx_word' id='word_1_474' title='bbox 888 4381 1106 4455; x_wconf 85' lang='grc' dir='ltr'>μεγάλῳ</span> <span class='ocrx_word' id='word_1_475' title='bbox 1137 4380 1341 4452; x_wconf 83' lang='grc' dir='ltr'>βασιλεῖ</span> <span class='ocrx_word' id='word_1_476' title='bbox 1375 4373 1590 4446; x_wconf 87' lang='grc' dir='ltr'>ἄγγελοι</span> <span class='ocrx_word' id='word_1_477' title='bbox 1626 4372 1764 4460; x_wconf 52' lang='grc' dir='ltr'>ὀξεῖς</span> 
     </span>
    </p>
   </div>
   <div class='ocr_carea' id='block_1_64' title="bbox 182 4448 1842 4557">
    <p class='ocr_par' dir='ltr' id='par_1_64' title="bbox 182 4448 1842 4557">
     <span class='ocr_line' id='line_1_64' title="bbox 182 4448 1842 4557; baseline -0.012 -23"><span class='ocrx_word' id='word_1_478' title='bbox 182 4448 282 4534; x_wconf 68' lang='grc' dir='ltr'>καὶ</span> <span class='ocrx_word' id='word_1_479' title='bbox 314 4448 624 4550; x_wconf 50' lang='grc' dir='ltr'>’ὑπόπτεροι</span> <span class='ocrx_word' id='word_1_480' title='bbox 673 4448 1328 4557; x_wconf 15' lang='grc' dir='ltr'>ἃπαντατνδιακομίςουσι,</span> <span class='ocrx_word' id='word_1_481' title='bbox 1392 4448 1766 4538; x_wconf 80' lang='grc' dir='ltr'>πνευματίκὴν</span> <span class='ocrx_word' id='word_1_482' title='bbox 1799 4474 1842 4529; x_wconf 81' lang='grc' dir='ltr'><strong>ι)</strong></span> 
     </span>
    </p>
   </div>
   <div class='ocr_carea' id='block_1_65' title="bbox 181 4564 1348 4645">
    <p class='ocr_par' dir='ltr' id='par_1_65' title="bbox 181 4564 1348 4645">
     <span class='ocr_line' id='line_1_65' title="bbox 181 4564 1348 4645; baseline -0.009 -18"><span class='ocrx_word' id='word_1_483' title='bbox 181 4571 331 4645; x_wconf 81' lang='grc' dir='ltr'>ὁμοῦ</span> <span class='ocrx_word' id='word_1_484' title='bbox 362 4570 457 4625; x_wconf 79' lang='grc' dir='ltr'><strong>καὶ</strong></span> <span class='ocrx_word' id='word_1_485' title='bbox 475 4569 696 4641; x_wconf 79' lang='grc' dir='ltr'>λογικὴν</span> <span class='ocrx_word' id='word_1_486' title='bbox 720 4567 999 4629; x_wconf 80' lang='grc' dir='ltr'>τελοῦντες</span> <span class='ocrx_word' id='word_1_487' title='bbox 1030 4564 1348 4638; x_wconf 84' lang='grc' dir='ltr'>ὑπηρεσίαν.</span> 
     </span>
    </p>
   </div>
   <div class='ocr_carea' id='block_1_66' title="bbox 1846 1848 3407 1947">
    <p class='ocr_par' dir='ltr' id='par_1_66' title="bbox 1846 1848 3407 1947">
     <span class='ocr_line' id='line_1_66' title="bbox 1846 1848 3407 1947; baseline -0.017 -16"><span class='ocrx_word' id='word_1_488' title='bbox 1846 1875 1991 1947; x_wconf 88' lang='lat' dir='ltr'><strong>ligna</strong></span> <span class='ocrx_word' id='word_1_489' title='bbox 2026 1871 2358 1937; x_wconf 87' lang='lat' dir='ltr'><strong>consciudit,</strong></span> <span class='ocrx_word' id='word_1_490' title='bbox 2394 1869 2448 1924; x_wconf 87' lang='lat' dir='ltr'><strong>in</strong></span> <span class='ocrx_word' id='word_1_491' title='bbox 2480 1867 2679 1924; x_wconf 87' lang='lat' dir='ltr'><strong>suimet</strong></span> <span class='ocrx_word' id='word_1_492' title='bbox 2716 1861 2883 1917; x_wconf 89' lang='lat' dir='ltr'><strong>armis</strong></span> <span class='ocrx_word' id='word_1_493' title='bbox 2920 1855 3219 1929; x_wconf 87' lang='lat' dir='ltr'><strong>periculum</strong></span> <span class='ocrx_word' id='word_1_494' title='bbox 3252 1848 3407 1909; x_wconf 77' lang='lat' dir='ltr'><strong>feret.</strong></span> 
     </span>
    </p>
   </div>
   <div class='ocr_carea' id='block_1_67' title="bbox 1848 1942 3409 2033">
    <p class='ocr_par' dir='ltr' id='par_1_67' title="bbox 1848 1942 3409 2033">
     <span class='ocr_line' id='line_1_67' title="bbox 1848 1942 3409 2033; baseline -0.018 -10"><span class='ocrx_word' id='word_1_495' title='bbox 1848 1942 1936 2023; x_wconf 67' lang='grc'>16.</span> <span class='ocrx_word' id='word_1_496' title='bbox 1970 1964 2128 2033; x_wconf 88' lang='lat' dir='ltr'><strong>Quod</strong></span> <span class='ocrx_word' id='word_1_497' title='bbox 2181 1963 2228 2018; x_wconf 87' lang='lat' dir='ltr'><strong>si</strong></span> <span class='ocrx_word' id='word_1_498' title='bbox 2267 1959 2405 2016; x_wconf 79' lang='lat' dir='ltr'><strong>forte</strong></span> <span class='ocrx_word' id='word_1_499' title='bbox 2452 1954 2659 2013; x_wconf 89' lang='lat' dir='ltr'><strong>securis</strong></span> <span class='ocrx_word' id='word_1_500' title='bbox 2712 1969 2744 2008; x_wconf 92' lang='lat' dir='ltr'><strong>e</strong></span> <span class='ocrx_word' id='word_1_501' title='bbox 2792 1948 3079 2006; x_wconf 87' lang='lat' dir='ltr'><strong>manubrio</strong></span> <span class='ocrx_word' id='word_1_502' title='bbox 3126 1942 3409 2006; x_wconf 79' lang='lat' dir='ltr'><strong>exsilierit,</strong></span> 
     </span>
    </p>
   </div>
   <div class='ocr_carea' id='block_1_68' title="bbox 1847 2032 3412 2121">
    <p class='ocr_par' dir='ltr' id='par_1_68' title="bbox 1847 2032 3412 2121">
     <span class='ocr_line' id='line_1_68' title="bbox 1847 2032 3412 2121; baseline -0.02 -6"><span class='ocrx_word' id='word_1_503' title='bbox 1847 2032 2258 2115; x_wconf 87' lang='lat' dir='ltr'><strong>conturbabitur</strong></span> <span class='ocrx_word' id='word_1_504' title='bbox 2293 2049 2403 2121; x_wconf 83' lang='lat' dir='ltr'><strong>qui,</strong></span> <span class='ocrx_word' id='word_1_505' title='bbox 2424 2047 2551 2103; x_wconf 91' lang='lat' dir='ltr'><strong>huic</strong></span> <span class='ocrx_word' id='word_1_506' title='bbox 2594 2043 2745 2115; x_wconf 88' lang='lat' dir='ltr'><strong>operi</strong></span> <span class='ocrx_word' id='word_1_507' title='bbox 2801 2038 3083 2103; x_wconf 86' lang='lat' dir='ltr'><strong>incumbit,</strong></span> <span class='ocrx_word' id='word_1_508' title='bbox 3130 2032 3412 2103; x_wconf 83' lang='lat' dir='ltr'><strong>haudqua-</strong></span> 
     </span>
    </p>
   </div>
   <div class='ocr_carea' id='block_1_69' title="bbox 1847 2123 3412 2221">
    <p class='ocr_par' dir='ltr' id='par_1_69' title="bbox 1847 2123 3412 2221">
     <span class='ocr_line' id='line_1_69' title="bbox 1847 2123 3412 2221; baseline -0.02 -14"><span class='ocrx_word' id='word_1_509' title='bbox 1847 2164 2012 2221; x_wconf 88' lang='lat' dir='ltr'><strong>quam</strong></span> <span class='ocrx_word' id='word_1_510' title='bbox 2048 2147 2224 2202; x_wconf 80' lang='lat' dir='ltr'><strong>fauste</strong></span> <span class='ocrx_word' id='word_1_511' title='bbox 2246 2150 2615 2212; x_wconf 87' lang='lat' dir='ltr'><strong>comportans,</strong></span> <span class='ocrx_word' id='word_1_512' title='bbox 2649 2148 2887 2204; x_wconf 88' lang='lat' dir='ltr'><strong>suasque</strong></span> <span class='ocrx_word' id='word_1_513' title='bbox 2918 2130 3147 2200; x_wconf 87' lang='lat' dir='ltr'><strong>injustas</strong></span> <span class='ocrx_word' id='word_1_514' title='bbox 3170 2133 3223 2180; x_wconf 90' lang='lat' dir='ltr'><strong>et</strong></span> <span class='ocrx_word' id='word_1_515' title='bbox 3260 2123 3412 2179; x_wconf 85' lang='lat' dir='ltr'><strong>brevi</strong></span> 
     </span>
    </p>
   </div>
   <div class='ocr_carea' id='block_1_70' title="bbox 1848 2223 3413 2316">
    <p class='ocr_par' dir='ltr' id='par_1_70' title="bbox 1848 2223 3413 2316">
     <span class='ocr_line' id='line_1_70' title="bbox 1848 2223 3413 2316; baseline -0.019 -17"><span class='ocrx_word' id='word_1_516' title='bbox 1848 2243 2122 2316; x_wconf 87' lang='lat' dir='ltr'><strong>perituras</strong></span> <span class='ocrx_word' id='word_1_517' title='bbox 2140 2238 2284 2293; x_wconf 89' lang='lat' dir='ltr'><strong>vires</strong></span> <span class='ocrx_word' id='word_1_518' title='bbox 2314 2234 2420 2306; x_wconf 90' lang='lat' dir='ltr'><strong>ipsi</strong></span> <span class='ocrx_word' id='word_1_519' title='bbox 2452 2232 2748 2303; x_wconf 89' lang='lat' dir='ltr'><strong>adaugens.</strong></span> <span class='ocrx_word' id='word_1_520' title='bbox 2791 2227 2880 2282; x_wconf 89' lang='grc'><strong>11.</strong></span> <span class='ocrx_word' id='word_1_521' title='bbox 2907 2223 3005 2281; x_wconf 86' lang='lat' dir='ltr'><strong>Est</strong></span> <span class='ocrx_word' id='word_1_522' title='bbox 3036 2236 3165 2277; x_wconf 88' lang='lat' dir='ltr'><strong>vero</strong></span> <span class='ocrx_word' id='word_1_523' title='bbox 3196 2231 3413 2273; x_wconf 89' lang='lat' dir='ltr'><strong>morsus</strong></span> 
     </span>
    </p>
   </div>
   <div class='ocr_carea' id='block_1_71' title="bbox 1850 2309 3413 2406">
    <p class='ocr_par' dir='ltr' id='par_1_71' title="bbox 1850 2309 3413 2406">
     <span class='ocr_line' id='line_1_71' title="bbox 1850 2309 3413 2406; baseline -0.02 -13"><span class='ocrx_word' id='word_1_524' title='bbox 1850 2309 2117 2406; x_wconf 75' lang='lat' dir='ltr'><strong>serpentis</strong></span> <span class='ocrx_word' id='word_1_525' title='bbox 2164 2330 2403 2387; x_wconf 78' lang='lat' dir='ltr'><strong>furtivus</strong></span> <span class='ocrx_word' id='word_1_526' title='bbox 2456 2341 2520 2382; x_wconf 89' lang='lat' dir='ltr'><strong>ac</strong></span> <span class='ocrx_word' id='word_1_527' title='bbox 2552 2320 2959 2380; x_wconf 88' lang='lat' dir='ltr'><strong>clandestinus:</strong></span> <span class='ocrx_word' id='word_1_528' title='bbox 2989 2324 3043 2372; x_wconf 94' lang='lat' dir='ltr'><strong>et</strong></span> <span class='ocrx_word' id='word_1_529' title='bbox 3070 2311 3206 2369; x_wconf 88' lang='lat' dir='ltr'><strong>nihil</strong></span> <span class='ocrx_word' id='word_1_530' title='bbox 3232 2309 3413 2368; x_wconf 88' lang='lat' dir='ltr'><strong>solatii</strong></span> 
     </span>
    </p>
   </div>
   <div class='ocr_carea' id='block_1_72' title="bbox 1851 2401 3413 2481">
    <p class='ocr_par' dir='ltr' id='par_1_72' title="bbox 1851 2401 3413 2481">
     <span class='ocr_line' id='line_1_72' title="bbox 1851 2401 3413 2481; baseline -0.017 -2"><span class='ocrx_word' id='word_1_531' title='bbox 1851 2401 2078 2479; x_wconf 75' lang='lat' dir='ltr'><strong>atl&#39;erent</strong></span> <span class='ocrx_word' id='word_1_532' title='bbox 2104 2421 2470 2476; x_wconf 87' lang='lat' dir='ltr'><strong>incantatores</strong></span> <span class='ocrx_word' id='word_1_533' title='bbox 2487 2433 2501 2481; x_wconf 92' lang='lat'><strong>;</strong></span> <span class='ocrx_word' id='word_1_534' title='bbox 2521 2413 2645 2469; x_wconf 88' lang='lat' dir='ltr'><strong>vani</strong></span> <span class='ocrx_word' id='word_1_535' title='bbox 2665 2410 2809 2466; x_wconf 90' lang='lat' dir='ltr'><strong>enim</strong></span> <span class='ocrx_word' id='word_1_536' title='bbox 2833 2417 2977 2465; x_wconf 89' lang='lat' dir='ltr'><strong>sunt.</strong></span> <span class='ocrx_word' id='word_1_537' title='bbox 3013 2404 3101 2460; x_wconf 73' lang='grc'>12.</span> <span class='ocrx_word' id='word_1_538' title='bbox 3124 2401 3413 2458; x_wconf 79' lang='lat' dir='ltr'><strong>Enimvero</strong></span> 
     </span>
    </p>
   </div>
   <div class='ocr_carea' id='block_1_73' title="bbox 1853 2497 3408 2575">
    <p class='ocr_par' dir='ltr' id='par_1_73' title="bbox 1853 2497 3408 2575">
     <span class='ocr_line' id='line_1_73' title="bbox 1853 2497 3408 2575; baseline -0.017 -5"><span class='ocrx_word' id='word_1_539' title='bbox 1853 2515 2029 2570; x_wconf 91' lang='lat' dir='ltr'><strong>bonus</strong></span> <span class='ocrx_word' id='word_1_540' title='bbox 2066 2511 2166 2575; x_wconf 90' lang='lat' dir='ltr'><strong>vir,</strong></span> <span class='ocrx_word' id='word_1_541' title='bbox 2201 2520 2317 2566; x_wconf 91' lang='lat' dir='ltr'><strong>tum</strong></span> <span class='ocrx_word' id='word_1_542' title='bbox 2357 2506 2481 2570; x_wconf 89' lang='lat' dir='ltr'><strong>sibi,</strong></span> <span class='ocrx_word' id='word_1_543' title='bbox 2514 2514 2626 2560; x_wconf 90' lang='lat' dir='ltr'><strong>tum</strong></span> <span class='ocrx_word' id='word_1_544' title='bbox 2658 2499 2931 2574; x_wconf 77' lang='lat' dir='ltr'><strong>proximis</strong></span> <span class='ocrx_word' id='word_1_545' title='bbox 2951 2498 3095 2554; x_wconf 89' lang='lat' dir='ltr'><strong>bona</strong></span> <span class='ocrx_word' id='word_1_546' title='bbox 3124 2497 3408 2564; x_wconf 88' lang='lat' dir='ltr'><strong>operatur:</strong></span> 
     </span>
    </p>
   </div>
   <div class='ocr_carea' id='block_1_74' title="bbox 1854 2579 3416 2669">
    <p class='ocr_par' dir='ltr' id='par_1_74' title="bbox 1854 2579 3416 2669">
     <span class='ocr_line' id='line_1_74' title="bbox 1854 2579 3416 2669; baseline -0.018 -6"><span class='ocrx_word' id='word_1_547' title='bbox 1854 2609 1941 2665; x_wconf 78' lang='grc'>15.</span> <span class='ocrx_word' id='word_1_548' title='bbox 1982 2605 2200 2669; x_wconf 87' lang='lat' dir='ltr'><strong>Contra,</strong></span> <span class='ocrx_word' id='word_1_549' title='bbox 2229 2601 2426 2660; x_wconf 88' lang='lat' dir='ltr'><strong>stultus</strong></span> <span class='ocrx_word' id='word_1_550' title='bbox 2458 2600 2636 2668; x_wconf 88' lang='lat' dir='ltr'><strong>inepta</strong></span> <span class='ocrx_word' id='word_1_551' title='bbox 2674 2609 2774 2651; x_wconf 88' lang='lat' dir='ltr'><strong>sua</strong></span> <span class='ocrx_word' id='word_1_552' title='bbox 2796 2588 3123 2662; x_wconf 85' lang='lat' dir='ltr'><strong>loquacitate</strong></span> <span class='ocrx_word' id='word_1_553' title='bbox 3153 2586 3208 2641; x_wconf 91' lang='lat' dir='ltr'><strong>in</strong></span> <span class='ocrx_word' id='word_1_554' title='bbox 3234 2579 3416 2654; x_wconf 89' lang='lat' dir='ltr'><strong>perni-</strong></span> 
     </span>
    </p>
   </div>
   <div class='ocr_carea' id='block_1_75' title="bbox 1853 2679 3416 2756">
    <p class='ocr_par' dir='ltr' id='par_1_75' title="bbox 1853 2679 3416 2756">
     <span class='ocr_line' id='line_1_75' title="bbox 1853 2679 3416 2756; baseline -0.017 0"><span class='ocrx_word' id='word_1_555' title='bbox 1853 2700 1989 2756; x_wconf 85' lang='lat' dir='ltr'><strong>ciem</strong></span> <span class='ocrx_word' id='word_1_556' title='bbox 2022 2705 2163 2754; x_wconf 89' lang='lat' dir='ltr'><strong>ruet.</strong></span> <span class='ocrx_word' id='word_1_557' title='bbox 2207 2694 2293 2750; x_wconf 81' lang='grc'>14.</span> <span class='ocrx_word' id='word_1_558' title='bbox 2332 2692 2470 2749; x_wconf 90' lang='lat' dir='ltr'><strong>Cum</strong></span> <span class='ocrx_word' id='word_1_559' title='bbox 2507 2688 2672 2747; x_wconf 89' lang='lat' dir='ltr'><strong>semel</strong></span> <span class='ocrx_word' id='word_1_560' title='bbox 2701 2702 2762 2741; x_wconf 83' lang='lat' dir='ltr'><strong>os</strong></span> <span class='ocrx_word' id='word_1_561' title='bbox 2801 2680 3094 2755; x_wconf 88' lang='lat' dir='ltr'><strong>aperuerit,</strong></span> <span class='ocrx_word' id='word_1_562' title='bbox 3121 2679 3283 2734; x_wconf 89' lang='lat' dir='ltr'><strong>stulte</strong></span> <span class='ocrx_word' id='word_1_563' title='bbox 3320 2691 3416 2731; x_wconf 83' lang='lat' dir='ltr'><strong>or-</strong></span> 
     </span>
    </p>
   </div>
   <div class='ocr_carea' id='block_1_76' title="bbox 1852 2768 3414 2854">
    <p class='ocr_par' dir='ltr' id='par_1_76' title="bbox 1852 2768 3414 2854">
     <span class='ocr_line' id='line_1_76' title="bbox 1852 2768 3414 2854; baseline -0.016 -6"><span class='ocrx_word' id='word_1_564' title='bbox 1852 2792 2020 2854; x_wconf 90' lang='lat' dir='ltr'><strong>ditur,</strong></span> <span class='ocrx_word' id='word_1_565' title='bbox 2066 2800 2121 2846; x_wconf 91' lang='lat' dir='ltr'><strong>et</strong></span> <span class='ocrx_word' id='word_1_566' title='bbox 2166 2787 2347 2844; x_wconf 88' lang='lat' dir='ltr'><strong>statim</strong></span> <span class='ocrx_word' id='word_1_567' title='bbox 2380 2781 2591 2840; x_wconf 86' lang='lat' dir='ltr'><strong>dicendi</strong></span> <span class='ocrx_word' id='word_1_568' title='bbox 2649 2779 2810 2835; x_wconf 84' lang='lat' dir='ltr'><strong>ﬁnem</strong></span> <span class='ocrx_word' id='word_1_569' title='bbox 2852 2774 3004 2839; x_wconf 80' lang='lat' dir='ltr'><strong>facit,</strong></span> <span class='ocrx_word' id='word_1_570' title='bbox 3063 2768 3414 2854; x_wconf 63' lang='lat' dir='ltr'><strong>stoliditatem</strong></span> 
     </span>
    </p>
   </div>
   <div class='ocr_carea' id='block_1_77' title="bbox 1855 2845 3413 2943">
    <p class='ocr_par' dir='ltr' id='par_1_77' title="bbox 1855 2845 3413 2943">
     <span class='ocr_line' id='line_1_77' title="bbox 1855 2845 3413 2943; baseline -0.019 0"><span class='ocrx_word' id='word_1_571' title='bbox 1855 2901 2011 2943; x_wconf 79' lang='lat' dir='ltr'><strong>suum</strong></span> <span class='ocrx_word' id='word_1_572' title='bbox 2048 2881 2226 2939; x_wconf 87' lang='lat' dir='ltr'><strong>ubivis</strong></span> <span class='ocrx_word' id='word_1_573' title='bbox 2250 2877 2560 2936; x_wconf 89' lang='lat' dir='ltr'><strong>ostendens.</strong></span> <span class='ocrx_word' id='word_1_574' title='bbox 2589 2872 2734 2928; x_wconf 90' lang='lat' dir='ltr'><strong>Fieri</strong></span> <span class='ocrx_word' id='word_1_575' title='bbox 2756 2877 2936 2925; x_wconf 88' lang='lat' dir='ltr'><strong>autem</strong></span> <span class='ocrx_word' id='word_1_576' title='bbox 2960 2865 3184 2921; x_wconf 90' lang='lat' dir='ltr'><strong>minime</strong></span> <span class='ocrx_word' id='word_1_577' title='bbox 3216 2845 3413 2932; x_wconf 64' lang='lat' dir='ltr'><strong>potest,</strong></span> 
     </span>
    </p>
   </div>
   <div class='ocr_carea' id='block_1_78' title="bbox 1855 2951 3416 3044">
    <p class='ocr_par' dir='ltr' id='par_1_78' title="bbox 1855 2951 3416 3044">
     <span class='ocr_line' id='line_1_78' title="bbox 1855 2951 3416 3044; baseline -0.019 -9"><span class='ocrx_word' id='word_1_578' title='bbox 1855 2988 1917 3035; x_wconf 95' lang='lat' dir='ltr'><strong>ut</strong></span> <span class='ocrx_word' id='word_1_579' title='bbox 1938 2979 2105 3033; x_wconf 92' lang='lat' dir='ltr'><strong>homo</strong></span> <span class='ocrx_word' id='word_1_580' title='bbox 2138 2990 2201 3030; x_wconf 90' lang='lat' dir='ltr'><strong>ea</strong></span> <span class='ocrx_word' id='word_1_581' title='bbox 2239 2987 2361 3044; x_wconf 71' lang='lat' dir='ltr'><strong>qua:</strong></span> <span class='ocrx_word' id='word_1_582' title='bbox 2396 2985 2427 3024; x_wconf 89' lang='lat' dir='ltr'><strong>a</strong></span> <span class='ocrx_word' id='word_1_583' title='bbox 2460 2964 2722 3039; x_wconf 83' lang='lat' dir='ltr'><strong>principio</strong></span> <span class='ocrx_word' id='word_1_584' title='bbox 2751 2961 2973 3017; x_wconf 76' lang='lat' dir='ltr'><strong>fuerunt</strong></span> <span class='ocrx_word' id='word_1_585' title='bbox 3001 2965 3094 3014; x_wconf 89' lang='lat' dir='ltr'><strong>aut</strong></span> <span class='ocrx_word' id='word_1_586' title='bbox 3116 2964 3302 3027; x_wconf 80' lang='lat' dir='ltr'><strong>postea</strong></span> <span class='ocrx_word' id='word_1_587' title='bbox 3328 2951 3416 3007; x_wconf 80' lang='lat' dir='ltr'><strong>fu-</strong></span> 
     </span>
    </p>
   </div>
   <div class='ocr_carea' id='block_1_79' title="bbox 1856 3046 3417 3135">
    <p class='ocr_par' dir='ltr' id='par_1_79' title="bbox 1856 3046 3417 3135">
     <span class='ocr_line' id='line_1_79' title="bbox 1856 3046 3417 3135; baseline -0.019 -7"><span class='ocrx_word' id='word_1_588' title='bbox 1856 3082 1978 3129; x_wconf 88' lang='lat' dir='ltr'><strong>tura</strong></span> <span class='ocrx_word' id='word_1_589' title='bbox 2029 3075 2177 3131; x_wconf 84' lang='lat' dir='ltr'><strong>sunt,</strong></span> <span class='ocrx_word' id='word_1_590' title='bbox 2233 3069 2522 3135; x_wconf 77' lang='lat' dir='ltr'><strong>cognoscat</strong></span> <span class='ocrx_word' id='word_1_591' title='bbox 2568 3068 2622 3114; x_wconf 86' lang='lat' dir='ltr'><strong>et</strong></span> <span class='ocrx_word' id='word_1_592' title='bbox 2667 3055 2736 3112; x_wconf 90' lang='lat' dir='ltr'><strong>ab</strong></span> <span class='ocrx_word' id='word_1_593' title='bbox 2776 3053 2995 3109; x_wconf 88' lang='lat' dir='ltr'><strong>homine</strong></span> <span class='ocrx_word' id='word_1_594' title='bbox 3043 3051 3234 3106; x_wconf 84' lang='lat' dir='ltr'><strong>discat.</strong></span> <span class='ocrx_word' id='word_1_595' title='bbox 3282 3046 3417 3112; x_wconf 90' lang='lat' dir='ltr'><strong>Quis</strong></span> 
     </span>
    </p>
   </div>
   <div class='ocr_carea' id='block_1_80' title="bbox 1853 3139 3417 3228">
    <p class='ocr_par' dir='ltr' id='par_1_80' title="bbox 1853 3139 3417 3228">
     <span class='ocr_line' id='line_1_80' title="bbox 1853 3139 3417 3228; baseline -0.02 -7"><span class='ocrx_word' id='word_1_596' title='bbox 1853 3165 1999 3222; x_wconf 89' lang='lat' dir='ltr'><strong>enim</strong></span> <span class='ocrx_word' id='word_1_597' title='bbox 2041 3161 2174 3224; x_wconf 83' lang='lat' dir='ltr'><strong>erit,</strong></span> <span class='ocrx_word' id='word_1_598' title='bbox 2210 3157 2304 3228; x_wconf 88' lang='lat' dir='ltr'><strong>qui</strong></span> <span class='ocrx_word' id='word_1_599' title='bbox 2353 3150 2596 3228; x_wconf 80' lang='lat' dir='ltr'><strong>aperiat?</strong></span> <span class='ocrx_word' id='word_1_600' title='bbox 2635 3148 2722 3204; x_wconf 79' lang='grc'><strong>15.</strong></span> <span class='ocrx_word' id='word_1_601' title='bbox 2767 3145 2962 3210; x_wconf 81' lang='lat' dir='ltr'><strong>llomo,</strong></span> <span class='ocrx_word' id='word_1_602' title='bbox 3009 3141 3101 3214; x_wconf 92' lang='lat' dir='ltr'><strong>qui</strong></span> <span class='ocrx_word' id='word_1_603' title='bbox 3131 3140 3186 3195; x_wconf 91' lang='lat' dir='ltr'><strong>in</strong></span> <span class='ocrx_word' id='word_1_604' title='bbox 3218 3139 3417 3197; x_wconf 84' lang='lat' dir='ltr'><strong>bonam</strong></span> 
     </span>
    </p>
   </div>
   <div class='ocr_carea' id='block_1_81' title="bbox 1855 3229 3416 3323">
    <p class='ocr_par' dir='ltr' id='par_1_81' title="bbox 1855 3229 3416 3323">
     <span class='ocr_line' id='line_1_81' title="bbox 1855 3229 3416 3323; baseline -0.02 -9"><span class='ocrx_word' id='word_1_605' title='bbox 1855 3242 2125 3314; x_wconf 80' lang='lat' dir='ltr'><strong>civitatem</strong></span> <span class='ocrx_word' id='word_1_606' title='bbox 2170 3246 2441 3323; x_wconf 80' lang='lat' dir='ltr'><strong>proﬁcisci</strong></span> <span class='ocrx_word' id='word_1_607' title='bbox 2485 3242 2697 3308; x_wconf 90' lang='lat' dir='ltr'><strong>nescit,</strong></span> <span class='ocrx_word' id='word_1_608' title='bbox 2740 3248 2793 3295; x_wconf 89' lang='lat' dir='ltr'><strong>et</strong></span> <span class='ocrx_word' id='word_1_609' title='bbox 2829 3236 3003 3295; x_wconf 90' lang='lat' dir='ltr'><strong>oculis</strong></span> <span class='ocrx_word' id='word_1_610' title='bbox 3030 3242 3084 3290; x_wconf 91' lang='lat' dir='ltr'><strong>et</strong></span> <span class='ocrx_word' id='word_1_611' title='bbox 3124 3241 3237 3289; x_wconf 92' lang='lat' dir='ltr'><strong>toto</strong></span> <span class='ocrx_word' id='word_1_612' title='bbox 3263 3229 3416 3285; x_wconf 90' lang='lat' dir='ltr'><strong>vultu</strong></span> 
     </span>
    </p>
   </div>
   <div class='ocr_carea' id='block_1_82' title="bbox 1857 3323 3418 3407">
    <p class='ocr_par' dir='ltr' id='par_1_82' title="bbox 1857 3323 3418 3407">
     <span class='ocr_line' id='line_1_82' title="bbox 1857 3323 3418 3407; baseline -0.02 0"><span class='ocrx_word' id='word_1_613' title='bbox 1857 3349 2163 3407; x_wconf 68' lang='lat' dir='ltr'><strong>aﬂictatur.</strong></span> <span class='ocrx_word' id='word_1_614' title='bbox 2204 3344 2291 3398; x_wconf 86' lang='grc'>16.</span> <span class='ocrx_word' id='word_1_615' title='bbox 2323 3339 2459 3399; x_wconf 82' lang='lat' dir='ltr'><strong>Huic</strong></span> <span class='ocrx_word' id='word_1_616' title='bbox 2487 3344 2669 3393; x_wconf 84' lang='lat' dir='ltr'><strong>autem</strong></span> <span class='ocrx_word' id='word_1_617' title='bbox 2697 3329 2902 3389; x_wconf 89' lang='lat' dir='ltr'><strong>civitati</strong></span> <span class='ocrx_word' id='word_1_618' title='bbox 2925 3328 3066 3384; x_wconf 91' lang='lat' dir='ltr'><strong>mala</strong></span> <span class='ocrx_word' id='word_1_619' title='bbox 3090 3323 3418 3397; x_wconf 62' lang='lat' dir='ltr'><strong>praenuntio,</strong></span> 
     </span>
    </p>
   </div>
   <div class='ocr_carea' id='block_1_83' title="bbox 1857 3416 3417 3513">
    <p class='ocr_par' dir='ltr' id='par_1_83' title="bbox 1857 3416 3417 3513">
     <span class='ocr_line' id='line_1_83' title="bbox 1857 3416 3417 3513; baseline -0.021 -13"><span class='ocrx_word' id='word_1_620' title='bbox 1857 3442 2012 3513; x_wconf 83' lang='lat' dir='ltr'><strong>cujus</strong></span> <span class='ocrx_word' id='word_1_621' title='bbox 2033 3447 2088 3495; x_wconf 89' lang='lat' dir='ltr'><strong>et</strong></span> <span class='ocrx_word' id='word_1_622' title='bbox 2128 3452 2226 3493; x_wconf 82' lang='lat' dir='ltr'><strong>rex</strong></span> <span class='ocrx_word' id='word_1_623' title='bbox 2255 3433 2571 3490; x_wconf 88' lang='lat' dir='ltr'><strong>adolescens</strong></span> <span class='ocrx_word' id='word_1_624' title='bbox 2598 3435 2700 3490; x_wconf 89' lang='lat' dir='ltr'><strong>est,</strong></span> <span class='ocrx_word' id='word_1_625' title='bbox 2731 3432 2785 3480; x_wconf 92' lang='lat' dir='ltr'><strong>et</strong></span> <span class='ocrx_word' id='word_1_626' title='bbox 2808 3419 3077 3494; x_wconf 88' lang='lat' dir='ltr'><strong>principes</strong></span> <span class='ocrx_word' id='word_1_627' title='bbox 3113 3416 3417 3473; x_wconf 89' lang='lat' dir='ltr'><strong>helluones.</strong></span> 
     </span>
    </p>
   </div>
   <div class='ocr_carea' id='block_1_84' title="bbox 1860 3506 3420 3592">
    <p class='ocr_par' dir='ltr' id='par_1_84' title="bbox 1860 3506 3420 3592">
     <span class='ocr_line' id='line_1_84' title="bbox 1860 3506 3420 3592; baseline -0.019 -4"><span class='ocrx_word' id='word_1_628' title='bbox 1860 3506 1950 3590; x_wconf 42' lang='lat'><strong>17&#39;.</strong></span> <span class='ocrx_word' id='word_1_629' title='bbox 1976 3522 2212 3592; x_wconf 80' lang='lat' dir='ltr'><strong>Contra,</strong></span> <span class='ocrx_word' id='word_1_630' title='bbox 2264 3525 2463 3581; x_wconf 88' lang='lat' dir='ltr'><strong>bonam</strong></span> <span class='ocrx_word' id='word_1_631' title='bbox 2500 3521 2644 3575; x_wconf 89' lang='lat' dir='ltr'><strong>illam</strong></span> <span class='ocrx_word' id='word_1_632' title='bbox 2684 3526 2882 3572; x_wconf 90' lang='lat' dir='ltr'><strong>terram</strong></span> <span class='ocrx_word' id='word_1_633' title='bbox 2913 3512 3125 3568; x_wconf 84' lang='lat' dir='ltr'><strong>beatam</strong></span> <span class='ocrx_word' id='word_1_634' title='bbox 3158 3506 3420 3579; x_wconf 65' lang='lat' dir='ltr'><strong>praedico.</strong></span> 
     </span>
    </p>
   </div>
   <div class='ocr_carea' id='block_1_85' title="bbox 1859 3601 3423 3699">
    <p class='ocr_par' dir='ltr' id='par_1_85' title="bbox 1859 3601 3423 3699">
     <span class='ocr_line' id='line_1_85' title="bbox 1859 3601 3423 3699; baseline -0.019 -16"><span class='ocrx_word' id='word_1_635' title='bbox 1859 3626 2016 3699; x_wconf 81' lang='lat' dir='ltr'><strong>cujus</strong></span> <span class='ocrx_word' id='word_1_636' title='bbox 2049 3625 2315 3694; x_wconf 89' lang='lat' dir='ltr'><strong>ingenuus</strong></span> <span class='ocrx_word' id='word_1_637' title='bbox 2353 3617 2437 3672; x_wconf 86' lang='lat' dir='ltr'><strong>vir</strong></span> <span class='ocrx_word' id='word_1_638' title='bbox 2477 3627 2703 3685; x_wconf 83' lang='lat' dir='ltr'><strong>regnum</strong></span> <span class='ocrx_word' id='word_1_639' title='bbox 2747 3615 2922 3665; x_wconf 90' lang='lat' dir='ltr'><strong>tenet:</strong></span> <span class='ocrx_word' id='word_1_640' title='bbox 2979 3603 3070 3659; x_wconf 88' lang='lat' dir='ltr'><strong>ubi</strong></span> <span class='ocrx_word' id='word_1_641' title='bbox 3101 3601 3423 3672; x_wconf 84' lang='lat' dir='ltr'><strong>tempestive</strong></span> 
     </span>
    </p>
   </div>
   <div class='ocr_carea' id='block_1_86' title="bbox 1860 3693 3422 3780">
    <p class='ocr_par' dir='ltr' id='par_1_86' title="bbox 1860 3693 3422 3780">
     <span class='ocr_line' id='line_1_86' title="bbox 1860 3693 3422 3780; baseline -0.02 -4"><span class='ocrx_word' id='word_1_642' title='bbox 1860 3693 2019 3776; x_wconf 74' lang='lat' dir='ltr'><strong>bonis</strong></span> <span class='ocrx_word' id='word_1_643' title='bbox 2061 3693 2337 3777; x_wconf 77' lang='lat' dir='ltr'><strong>fruuntur,</strong></span> <span class='ocrx_word' id='word_1_644' title='bbox 2360 3708 2453 3780; x_wconf 87' lang='lat' dir='ltr'><strong>qui</strong></span> <span class='ocrx_word' id='word_1_645' title='bbox 2478 3706 2588 3762; x_wconf 88' lang='lat' dir='ltr'><strong>illic</strong></span> <span class='ocrx_word' id='word_1_646' title='bbox 2617 3700 2953 3775; x_wconf 66' lang='lat' dir='ltr'><strong>prazl&#39;ecturis</strong></span> <span class='ocrx_word' id='word_1_647' title='bbox 2986 3707 3040 3754; x_wconf 90' lang='lat' dir='ltr'><strong>et</strong></span> <span class='ocrx_word' id='word_1_648' title='bbox 3066 3693 3422 3767; x_wconf 83' lang='lat' dir='ltr'><strong>dignitatibus</strong></span> 
     </span>
    </p>
   </div>
   <div class='ocr_carea' id='block_1_87' title="bbox 1861 3785 3422 3870">
    <p class='ocr_par' dir='ltr' id='par_1_87' title="bbox 1861 3785 3422 3870">
     <span class='ocr_line' id='line_1_87' title="bbox 1861 3785 3422 3870; baseline -0.02 0"><span class='ocrx_word' id='word_1_649' title='bbox 1861 3810 2036 3870; x_wconf 88' lang='lat' dir='ltr'><strong>ornati</strong></span> <span class='ocrx_word' id='word_1_650' title='bbox 2079 3816 2228 3864; x_wconf 88' lang='lat' dir='ltr'><strong>sunt.</strong></span> <span class='ocrx_word' id='word_1_651' title='bbox 2269 3803 2360 3859; x_wconf 88' lang='grc'>18.</span> <span class='ocrx_word' id='word_1_652' title='bbox 2396 3801 2468 3856; x_wconf 83' lang='lat' dir='ltr'><strong>At</strong></span> <span class='ocrx_word' id='word_1_653' title='bbox 2500 3799 2652 3870; x_wconf 85' lang='lat' dir='ltr'><strong>piger</strong></span> <span class='ocrx_word' id='word_1_654' title='bbox 2682 3803 2737 3851; x_wconf 91' lang='lat' dir='ltr'><strong>et</strong></span> <span class='ocrx_word' id='word_1_655' title='bbox 2777 3794 3004 3864; x_wconf 87' lang='lat' dir='ltr'><strong>ignavus</strong></span> <span class='ocrx_word' id='word_1_656' title='bbox 3048 3788 3271 3844; x_wconf 91' lang='lat' dir='ltr'><strong>domum</strong></span> <span class='ocrx_word' id='word_1_657' title='bbox 3316 3785 3422 3840; x_wconf 86' lang='lat' dir='ltr'><strong>mi-</strong></span> 
     </span>
    </p>
   </div>
   <div class='ocr_carea' id='block_1_88' title="bbox 1862 3876 3424 3967">
    <p class='ocr_par' dir='ltr' id='par_1_88' title="bbox 1862 3876 3424 3967">
     <span class='ocr_line' id='line_1_88' title="bbox 1862 3876 3424 3967; baseline -0.02 -8"><span class='ocrx_word' id='word_1_658' title='bbox 1862 3910 2057 3967; x_wconf 91' lang='lat' dir='ltr'><strong>nuunt,</strong></span> <span class='ocrx_word' id='word_1_659' title='bbox 2078 3899 2350 3955; x_wconf 87' lang='lat' dir='ltr'><strong>derisores</strong></span> <span class='ocrx_word' id='word_1_660' title='bbox 2385 3901 2441 3949; x_wconf 91' lang='lat' dir='ltr'><strong>et</strong></span> <span class='ocrx_word' id='word_1_661' title='bbox 2467 3903 2670 3946; x_wconf 69' lang='lat' dir='ltr'><strong>scurras</strong></span> <span class='ocrx_word' id='word_1_662' title='bbox 2698 3885 2858 3941; x_wconf 79' lang='lat' dir='ltr'><strong>facti:</strong></span> <span class='ocrx_word' id='word_1_663' title='bbox 2906 3880 2994 3937; x_wconf 88' lang='grc'>19.</span> <span class='ocrx_word' id='word_1_664' title='bbox 3038 3887 3202 3950; x_wconf 88' lang='lat' dir='ltr'><strong>atque</strong></span> <span class='ocrx_word' id='word_1_665' title='bbox 3244 3877 3311 3933; x_wconf 87' lang='lat' dir='ltr'><strong>ad</strong></span> <span class='ocrx_word' id='word_1_666' title='bbox 3339 3876 3424 3930; x_wconf 87' lang='lat' dir='ltr'><strong>in-</strong></span> 
     </span>
    </p>
   </div>
   <div class='ocr_carea' id='block_1_89' title="bbox 1863 3971 3424 4068">
    <p class='ocr_par' dir='ltr' id='par_1_89' title="bbox 1863 3971 3424 4068">
     <span class='ocr_line' id='line_1_89' title="bbox 1863 3971 3424 4068; baseline -0.021 -17"><span class='ocrx_word' id='word_1_667' title='bbox 1863 3993 2096 4068; x_wconf 90' lang='lat' dir='ltr'><strong>gluviem</strong></span> <span class='ocrx_word' id='word_1_668' title='bbox 2142 4003 2298 4045; x_wconf 90' lang='lat' dir='ltr'><strong>suam</strong></span> <span class='ocrx_word' id='word_1_669' title='bbox 2347 3984 2510 4040; x_wconf 87' lang='lat' dir='ltr'><strong>rebus</strong></span> <span class='ocrx_word' id='word_1_670' title='bbox 2541 3978 2798 4034; x_wconf 90' lang='lat' dir='ltr'><strong>omnibus</strong></span> <span class='ocrx_word' id='word_1_671' title='bbox 2846 3973 3148 4033; x_wconf 86' lang='lat' dir='ltr'><strong>abutentes,</strong></span> <span class='ocrx_word' id='word_1_672' title='bbox 3195 3971 3424 4036; x_wconf 71' lang='lat' dir='ltr'><strong>argento</strong></span> 
     </span>
    </p>
   </div>
   <div class='ocr_carea' id='block_1_90' title="bbox 1864 4060 3427 4151">
    <p class='ocr_par' dir='ltr' id='par_1_90' title="bbox 1864 4060 3427 4151">
     <span class='ocr_line' id='line_1_90' title="bbox 1864 4060 3427 4151; baseline -0.018 -9"><span class='ocrx_word' id='word_1_673' title='bbox 1864 4060 2095 4142; x_wconf 76' lang='lat' dir='ltr'><strong>ductiles</strong></span> <span class='ocrx_word' id='word_1_674' title='bbox 2121 4122 2137 4147; x_wconf 93' lang='lat'><strong>,</strong></span> <span class='ocrx_word' id='word_1_675' title='bbox 2197 4077 2378 4151; x_wconf 80' lang='lat' dir='ltr'><strong>exigui</strong></span> <span class='ocrx_word' id='word_1_676' title='bbox 2427 4072 2584 4145; x_wconf 87' lang='lat' dir='ltr'><strong>pretii</strong></span> <span class='ocrx_word' id='word_1_677' title='bbox 2621 4084 2787 4125; x_wconf 87' lang='lat' dir='ltr'><strong>causa</strong></span> <span class='ocrx_word' id='word_1_678' title='bbox 2841 4066 3073 4137; x_wconf 86' lang='lat' dir='ltr'><strong>turpiter</strong></span> <span class='ocrx_word' id='word_1_679' title='bbox 3116 4071 3171 4119; x_wconf 90' lang='lat' dir='ltr'><strong>et</strong></span> <span class='ocrx_word' id='word_1_680' title='bbox 3219 4060 3427 4131; x_wconf 73' lang='lat' dir='ltr'><strong>abiecte</strong></span> 
     </span>
    </p>
   </div>
   <div class='ocr_carea' id='block_1_91' title="bbox 1865 4158 3428 4249">
    <p class='ocr_par' dir='ltr' id='par_1_91' title="bbox 1865 4158 3428 4249">
     <span class='ocr_line' id='line_1_91' title="bbox 1865 4158 3428 4249; baseline -0.018 -17"><span class='ocrx_word' id='word_1_681' title='bbox 1865 4177 2080 4249; x_wconf 84' lang='lat' dir='ltr'><strong>quidvis</strong></span> <span class='ocrx_word' id='word_1_682' title='bbox 2108 4173 2283 4228; x_wconf 77' lang='lat' dir='ltr'><strong>facere</strong></span> <span class='ocrx_word' id='word_1_683' title='bbox 2312 4167 2663 4224; x_wconf 89' lang='lat' dir='ltr'><strong>sustinentes.</strong></span> <span class='ocrx_word' id='word_1_684' title='bbox 2697 4161 2788 4216; x_wconf 74' lang='lat'><strong>20.</strong></span> <span class='ocrx_word' id='word_1_685' title='bbox 2821 4158 2955 4229; x_wconf 82' lang='lat' dir='ltr'><strong>Regi</strong></span> <span class='ocrx_word' id='word_1_686' title='bbox 2983 4167 3162 4211; x_wconf 89' lang='lat' dir='ltr'><strong>autem</strong></span> <span class='ocrx_word' id='word_1_687' title='bbox 3205 4162 3259 4209; x_wconf 88' lang='lat' dir='ltr'><strong>et</strong></span> <span class='ocrx_word' id='word_1_688' title='bbox 3289 4165 3428 4223; x_wconf 68' lang='lat' dir='ltr'><strong>prte-</strong></span> 
     </span>
    </p>
   </div>
   <div class='ocr_carea' id='block_1_92' title="bbox 1868 4245 3430 4334">
    <p class='ocr_par' dir='ltr' id='par_1_92' title="bbox 1868 4245 3430 4334">
     <span class='ocr_line' id='line_1_92' title="bbox 1868 4245 3430 4334; baseline -0.019 -8"><span class='ocrx_word' id='word_1_689' title='bbox 1868 4245 2025 4326; x_wconf 73' lang='lat' dir='ltr'><strong>i&#39;ectis</strong></span> <span class='ocrx_word' id='word_1_690' title='bbox 2056 4274 2146 4321; x_wconf 88' lang='lat' dir='ltr'><strong>aut</strong></span> <span class='ocrx_word' id='word_1_691' title='bbox 2177 4259 2495 4334; x_wconf 87' lang='lat' dir='ltr'><strong>proceribus</strong></span> <span class='ocrx_word' id='word_1_692' title='bbox 2533 4254 2841 4311; x_wconf 88' lang='lat' dir='ltr'><strong>audientem</strong></span> <span class='ocrx_word' id='word_1_693' title='bbox 2888 4261 3010 4307; x_wconf 88' lang='lat' dir='ltr'><strong>esse</strong></span> <span class='ocrx_word' id='word_1_694' title='bbox 3050 4245 3324 4309; x_wconf 81' lang='lat' dir='ltr'><strong>convenit,</strong></span> <span class='ocrx_word' id='word_1_695' title='bbox 3364 4257 3430 4297; x_wconf 88' lang='lat' dir='ltr'><strong>ac</strong></span> 
     </span>
    </p>
   </div>
   <div class='ocr_carea' id='block_1_93' title="bbox 1868 4335 3428 4429">
    <p class='ocr_par' dir='ltr' id='par_1_93' title="bbox 1868 4335 3428 4429">
     <span class='ocr_line' id='line_1_93' title="bbox 1868 4335 3428 4429; baseline -0.019 -12"><span class='ocrx_word' id='word_1_696' title='bbox 1868 4377 1975 4417; x_wconf 91' lang='lat' dir='ltr'><strong>non</strong></span> <span class='ocrx_word' id='word_1_697' title='bbox 2006 4358 2138 4429; x_wconf 85' lang='lat' dir='ltr'><strong>ipsis</strong></span> <span class='ocrx_word' id='word_1_698' title='bbox 2166 4355 2219 4408; x_wconf 91' lang='lat' dir='ltr'><strong>in</strong></span> <span class='ocrx_word' id='word_1_699' title='bbox 2254 4352 2515 4409; x_wconf 78' lang='lat' dir='ltr'><strong>oﬁensam</strong></span> <span class='ocrx_word' id='word_1_700' title='bbox 2546 4346 2749 4412; x_wconf 89' lang='lat' dir='ltr'><strong>venire,</strong></span> <span class='ocrx_word' id='word_1_701' title='bbox 2785 4357 2884 4399; x_wconf 89' lang='lat' dir='ltr'><strong>nec</strong></span> <span class='ocrx_word' id='word_1_702' title='bbox 2920 4341 3210 4397; x_wconf 91' lang='lat' dir='ltr'><strong>molestum</strong></span> <span class='ocrx_word' id='word_1_703' title='bbox 3255 4335 3428 4391; x_wconf 81' lang='lat' dir='ltr'><strong>ullum</strong></span> 
     </span>
    </p>
   </div>
   <div class='ocr_carea' id='block_1_94' title="bbox 1870 4425 3428 4516">
    <p class='ocr_par' dir='ltr' id='par_1_94' title="bbox 1870 4425 3428 4516">
     <span class='ocr_line' id='line_1_94' title="bbox 1870 4425 3428 4516; baseline -0.016 -12"><span class='ocrx_word' id='word_1_704' title='bbox 1870 4451 2094 4511; x_wconf 79' lang='lat' dir='ltr'><strong>verbum</strong></span> <span class='ocrx_word' id='word_1_705' title='bbox 2119 4449 2175 4503; x_wconf 92' lang='lat' dir='ltr'><strong>in</strong></span> <span class='ocrx_word' id='word_1_706' title='bbox 2206 4461 2301 4502; x_wconf 89' lang='lat' dir='ltr'><strong>eos</strong></span> <span class='ocrx_word' id='word_1_707' title='bbox 2324 4444 2606 4516; x_wconf 84' lang='lat' dir='ltr'><strong>projicere.</strong></span> <span class='ocrx_word' id='word_1_708' title='bbox 2632 4436 2940 4495; x_wconf 83' lang='lat' dir='ltr'><strong>Periculum</strong></span> <span class='ocrx_word' id='word_1_709' title='bbox 2972 4431 3119 4487; x_wconf 88' lang='lat' dir='ltr'><strong>enim</strong></span> <span class='ocrx_word' id='word_1_710' title='bbox 3146 4437 3251 4496; x_wconf 88' lang='lat' dir='ltr'><strong>est,</strong></span> <span class='ocrx_word' id='word_1_711' title='bbox 3273 4441 3342 4482; x_wconf 89' lang='lat' dir='ltr'><strong>ne</strong></span> <span class='ocrx_word' id='word_1_712' title='bbox 3375 4425 3428 4479; x_wconf 87' lang='lat' dir='ltr'><strong>id</strong></span> 
     </span>
    </p>
   </div>
   <div class='ocr_carea' id='block_1_95' title="bbox 1869 4517 3423 4612">
    <p class='ocr_par' dir='ltr' id='par_1_95' title="bbox 1869 4517 3423 4612">
     <span class='ocr_line' id='line_1_95' title="bbox 1869 4517 3423 4612; baseline -0.02 -11"><span class='ocrx_word' id='word_1_713' title='bbox 1869 4545 2033 4602; x_wconf 87' lang='lat' dir='ltr'><strong>etiam</strong></span> <span class='ocrx_word' id='word_1_714' title='bbox 2057 4539 2203 4612; x_wconf 91' lang='lat' dir='ltr'><strong>quod</strong></span> <span class='ocrx_word' id='word_1_715' title='bbox 2231 4536 2442 4594; x_wconf 91' lang='lat' dir='ltr'><strong>occulte</strong></span> <span class='ocrx_word' id='word_1_716' title='bbox 2459 4549 2522 4589; x_wconf 89' lang='lat' dir='ltr'><strong>ac</strong></span> <span class='ocrx_word' id='word_1_717' title='bbox 2540 4530 2761 4588; x_wconf 87' lang='lat' dir='ltr'><strong>remotis</strong></span> <span class='ocrx_word' id='word_1_718' title='bbox 2783 4525 3002 4584; x_wconf 88' lang='lat' dir='ltr'><strong>arbitris</strong></span> <span class='ocrx_word' id='word_1_719' title='bbox 3022 4523 3224 4581; x_wconf 85' lang='lat' dir='ltr'><strong>dictum</strong></span> <span class='ocrx_word' id='word_1_720' title='bbox 3242 4517 3423 4579; x_wconf 83' lang='lat' dir='ltr'><strong>fuerit.</strong></span> 
     </span>
    </p>
   </div>
   <div class='ocr_carea' id='block_1_96' title="bbox 185 4612 3429 4724">
    <p class='ocr_par' dir='ltr' id='par_1_96' title="bbox 185 4612 3429 4724">
     <span class='ocr_line' id='line_1_96' title="bbox 185 4612 1348 4645; baseline -0.009 -17"><span class='ocrx_word' id='word_1_721' title='bbox 185 4612 330 4645; x_wconf 64' lang='grc' dir='ltr'>..ι-ν..</span> <span class='ocrx_word' id='word_1_722' title='bbox 364 4612 648 4640; x_wconf 69' lang='lat'><strong>.......-,....</strong></span> <span class='ocrx_word' id='word_1_723' title='bbox 677 4612 693 4623; x_wconf 87' lang='grc'><strong>.</strong></span> <span class='ocrx_word' id='word_1_724' title='bbox 730 4612 996 4629; x_wconf 70' lang='grc'><strong>.-..--,--,</strong></span> <span class='ocrx_word' id='word_1_725' title='bbox 1034 4612 1123 4620; x_wconf 82' lang='grc'>-.-.</span> <span class='ocrx_word' id='word_1_726' title='bbox 1183 4612 1348 4617; x_wconf 49' lang='grc' dir='ltr'><strong>---π</strong></span> 
     </span>
     <span class='ocr_line' id='line_1_97' title="bbox 185 4612 3429 4724; baseline -0.011 -1"><span class='ocrx_word' id='word_1_727' title='bbox 185 4668 243 4723; x_wconf 89' lang='lat' dir='ltr'><strong>in</strong></span> <span class='ocrx_word' id='word_1_728' title='bbox 266 4668 449 4723; x_wconf 89' lang='lat' dir='ltr'><strong>lucem</strong></span> <span class='ocrx_word' id='word_1_729' title='bbox 480 4664 618 4722; x_wconf 80' lang='lat' dir='ltr'><strong>forte</strong></span> <span class='ocrx_word' id='word_1_730' title='bbox 633 4612 835 4720; x_wconf 60' lang='lat' dir='ltr'><strong>veniat.</strong></span> <span class='ocrx_word' id='word_1_731' title='bbox 861 4662 1071 4718; x_wconf 86' lang='lat' dir='ltr'><strong>Etenim</strong></span> <span class='ocrx_word' id='word_1_732' title='bbox 1094 4612 1195 4717; x_wconf 60' lang='lat' dir='ltr'><strong>soli</strong></span> <span class='ocrx_word' id='word_1_733' title='bbox 1227 4671 1280 4716; x_wconf 88' lang='lat' dir='ltr'><strong>et</strong></span> <span class='ocrx_word' id='word_1_734' title='bbox 1301 4658 1454 4715; x_wconf 87' lang='lat' dir='ltr'><strong>diviti</strong></span> <span class='ocrx_word' id='word_1_735' title='bbox 1487 4665 1542 4712; x_wconf 91' lang='lat' dir='ltr'><strong>et</strong></span> <span class='ocrx_word' id='word_1_736' title='bbox 1561 4665 1758 4724; x_wconf 84' lang='lat' dir='ltr'><strong>magno</strong></span> <span class='ocrx_word' id='word_1_737' title='bbox 1782 4644 1893 4716; x_wconf 73' lang='lat' dir='ltr'><strong>regi</strong></span> <span class='ocrx_word' id='word_1_738' title='bbox 1932 4636 2107 4696; x_wconf 67' lang='lat' dir='ltr'><strong>nuntii</strong></span> <span class='ocrx_word' id='word_1_739' title='bbox 2153 4634 2356 4691; x_wconf 73' lang='lat' dir='ltr'><strong>celeres</strong></span> <span class='ocrx_word' id='word_1_740' title='bbox 2389 4638 2446 4686; x_wconf 74' lang='grc' dir='ltr'><strong>ει</strong></span> <span class='ocrx_word' id='word_1_741' title='bbox 2507 4624 2725 4696; x_wconf 64' lang='lat' dir='ltr'><strong>Dem“!li</strong></span> <span class='ocrx_word' id='word_1_742' title='bbox 2759 4621 2945 4680; x_wconf 66' lang='grc' dir='ltr'><strong>οπωίέ</strong></span> <span class='ocrx_word' id='word_1_743' title='bbox 2980 4615 3280 4691; x_wconf 64' lang='grc' dir='ltr'><strong>Ρθτίθηιηιι</strong></span> <span class='ocrx_word' id='word_1_744' title='bbox 3317 4612 3429 4683; x_wconf 74' lang='grc' dir='ltr'>δΡί’</span> 
     </span>
    </p>
   </div>
   <div class='ocr_carea' id='block_1_97' title="bbox 185 4751 1589 4822">
    <p class='ocr_par' dir='ltr' id='par_1_97' title="bbox 185 4751 1589 4822">
     <span class='ocr_line' id='line_1_98' title="bbox 185 4751 1589 4822; baseline -0.011 -2"><span class='ocrx_word' id='word_1_745' title='bbox 185 4762 342 4819; x_wconf 84' lang='lat' dir='ltr'><strong>ritali</strong></span> <span class='ocrx_word' id='word_1_746' title='bbox 375 4760 541 4817; x_wconf 88' lang='lat' dir='ltr'><strong>simul</strong></span> <span class='ocrx_word' id='word_1_747' title='bbox 571 4769 625 4817; x_wconf 90' lang='lat' dir='ltr'><strong>et</strong></span> <span class='ocrx_word' id='word_1_748' title='bbox 662 4757 915 4815; x_wconf 88' lang='lat' dir='ltr'><strong>rationali</strong></span> <span class='ocrx_word' id='word_1_749' title='bbox 947 4755 1252 4810; x_wconf 87' lang='lat' dir='ltr'><strong>ministerio</strong></span> <span class='ocrx_word' id='word_1_750' title='bbox 1282 4751 1589 4822; x_wconf 78' lang='lat' dir='ltr'><strong>fungentes.</strong></span> 
     </span>
    </p>
   </div>
   <div class='ocr_carea' id='block_1_98' title="bbox 790 4851 1172 4907">
    <p class='ocr_par' dir='ltr' id='par_1_98' title="bbox 790 4851 1172 4907">
     <span class='ocr_line' id='line_1_99' title="bbox 790 4851 1172 4907; baseline -0.01 -1"><span class='ocrx_word' id='word_1_751' title='bbox 790 4852 1042 4907; x_wconf 78' lang='grc' dir='ltr'><strong>ΚΕΦΑΛ.</strong></span> <span class='ocrx_word' id='word_1_752' title='bbox 1071 4851 1172 4904; x_wconf 83' lang='lat' dir='ltr'><strong>IA&#39;.</strong></span> 
     </span>
    </p>
   </div>
   <div class='ocr_carea' id='block_1_99' title="bbox 261 4932 1765 5018">
    <p class='ocr_par' dir='ltr' id='par_1_99' title="bbox 261 4932 1765 5018">
     <span class='ocr_line' id='line_1_100' title="bbox 261 4932 1765 5018; baseline -0.012 -12"><span class='ocrx_word' id='word_1_753' title='bbox 261 4950 562 5007; x_wconf 78' lang='lat' dir='ltr'><strong>Kowumiv</strong></span> <span class='ocrx_word' id='word_1_754' title='bbox 583 4964 647 5018; x_wconf 87' lang='grc' dir='ltr'><strong>γε</strong></span> <span class='ocrx_word' id='word_1_755' title='bbox 680 4945 786 5018; x_wconf 80' lang='grc' dir='ltr'>μὴν</span> <span class='ocrx_word' id='word_1_756' title='bbox 809 4946 974 5016; x_wconf 85' lang='grc' dir='ltr'>ἄρτου</span> <span class='ocrx_word' id='word_1_757' title='bbox 995 4941 1206 4998; x_wconf 73' lang='grc' dir='ltr'>καὶτῶν</span> <span class='ocrx_word' id='word_1_758' title='bbox 1222 4938 1551 5008; x_wconf 82' lang='grc' dir='ltr'>ἀναγκαίων,</span> <span class='ocrx_word' id='word_1_759' title='bbox 1572 4935 1609 4992; x_wconf 79' lang='grc' dir='ltr'>ὃ.</span> <span class='ocrx_word' id='word_1_760' title='bbox 1630 4932 1765 5007; x_wconf 72' lang='grc' dir='ltr'>πρὸς</span> 
     </span>
    </p>
   </div>
   <div class='ocr_carea' id='block_1_100' title="bbox 184 5028 1765 5114">
    <p class='ocr_par' dir='ltr' id='par_1_100' title="bbox 184 5028 1765 5114">
     <span class='ocr_line' id='line_1_101' title="bbox 184 5028 1765 5114; baseline -0.011 -16"><span class='ocrx_word' id='word_1_761' title='bbox 184 5045 288 5098; x_wconf 76' lang='grc' dir='ltr'>τὸν</span> <span class='ocrx_word' id='word_1_762' title='bbox 334 5041 449 5114; x_wconf 82' lang='grc' dir='ltr'>βίον</span> <span class='ocrx_word' id='word_1_763' title='bbox 487 5038 811 5112; x_wconf 86' lang='grc' dir='ltr'>ἀνθρώποις,</span> <span class='ocrx_word' id='word_1_764' title='bbox 856 5036 1082 5091; x_wconf 83' lang='grc' dir='ltr'>δίκαιον.</span> <span class='ocrx_word' id='word_1_765' title='bbox 1113 5035 1177 5087; x_wconf 83' lang='grc' dir='ltr'><strong>Εἰ</strong></span> <span class='ocrx_word' id='word_1_766' title='bbox 1204 5033 1311 5104; x_wconf 86' lang='grc' dir='ltr'><strong>γὰρ</strong></span> <span class='ocrx_word' id='word_1_767' title='bbox 1331 5033 1425 5086; x_wconf 77' lang='grc' dir='ltr'>καὶ</span> <span class='ocrx_word' id='word_1_768' title='bbox 1457 5028 1765 5103; x_wconf 84' lang='grc' dir='ltr'>παραυτίκα</span> 
     </span>
    </p>
   </div>
   <div class='ocr_carea' id='block_1_101' title="bbox 185 5122 1767 5199">
    <p class='ocr_par' dir='ltr' id='par_1_101' title="bbox 185 5122 1767 5199">
     <span class='ocr_line' id='line_1_102' title="bbox 185 5122 1767 5199; baseline -0.012 -9"><span class='ocrx_word' id='word_1_769' title='bbox 185 5136 308 5190; x_wconf 78' lang='grc' dir='ltr'>τισὶ</span> <span class='ocrx_word' id='word_1_770' title='bbox 332 5130 507 5198; x_wconf 79' lang='grc' dir='ltr'>δόξεις</span> <span class='ocrx_word' id='word_1_771' title='bbox 532 5129 843 5192; x_wconf 85' lang='grc' dir='ltr'>ἀπολλύναι,</span> <span class='ocrx_word' id='word_1_772' title='bbox 872 5126 1060 5199; x_wconf 89' lang='grc' dir='ltr'>ῶσπερ</span> <span class='ocrx_word' id='word_1_773' title='bbox 1097 5124 1248 5179; x_wconf 77' lang='grc' dir='ltr'>ὕδατι</span> <span class='ocrx_word' id='word_1_774' title='bbox 1278 5123 1371 5177; x_wconf 78' lang='grc' dir='ltr'><strong>τὸν</strong></span> <span class='ocrx_word' id='word_1_775' title='bbox 1397 5122 1561 5194; x_wconf 89' lang='grc' dir='ltr'>ἄρτον</span> <span class='ocrx_word' id='word_1_776' title='bbox 1593 5135 1767 5192; x_wconf 87' lang='grc' dir='ltr'>παρα-</span> 
     </span>
    </p>
   </div>
   <div class='ocr_carea' id='block_1_102' title="bbox 184 5210 1768 5293">
    <p class='ocr_par' dir='ltr' id='par_1_102' title="bbox 184 5210 1768 5293">
     <span class='ocr_line' id='line_1_103' title="bbox 184 5210 1768 5293; baseline -0.011 -13"><span class='ocrx_word' id='word_1_777' title='bbox 184 5226 374 5289; x_wconf 76' lang='grc' dir='ltr'>διδοὺς</span> <span class='ocrx_word' id='word_1_778' title='bbox 401 5263 416 5290; x_wconf 92' lang='grc'><strong>,</strong></span> <span class='ocrx_word' id='word_1_779' title='bbox 441 5222 557 5276; x_wconf 83' lang='grc' dir='ltr'>ἀλλ’</span> <span class='ocrx_word' id='word_1_780' title='bbox 582 5216 676 5276; x_wconf 85' lang='grc' dir='ltr'><strong>οῦν</strong></span> <span class='ocrx_word' id='word_1_781' title='bbox 695 5220 976 5293; x_wconf 86' lang='grc' dir='ltr'>προϊόντος</span> <span class='ocrx_word' id='word_1_782' title='bbox 1001 5216 1095 5272; x_wconf 87' lang='grc' dir='ltr'><strong>τοῦ</strong></span> <span class='ocrx_word' id='word_1_783' title='bbox 1124 5217 1340 5289; x_wconf 86' lang='grc' dir='ltr'>χρόνου,</span> <span class='ocrx_word' id='word_1_784' title='bbox 1375 5215 1473 5268; x_wconf 84' lang='grc' dir='ltr'>οὐκ</span> <span class='ocrx_word' id='word_1_785' title='bbox 1512 5210 1768 5283; x_wconf 83' lang='grc' dir='ltr'>ἀνόνητός</span> 
     </span>
    </p>
   </div>
   <div class='ocr_carea' id='block_1_103' title="bbox 190 5275 2479 5392">
    <p class='ocr_par' dir='ltr' id='par_1_103' title="bbox 190 5275 2479 5392">
     <span class='ocr_line' id='line_1_104' title="bbox 190 5275 2479 5392; baseline -0.014 -15"><span class='ocrx_word' id='word_1_786' title='bbox 190 5338 287 5376; x_wconf 89' lang='grc' dir='ltr'><strong>σοι</strong></span> <span class='ocrx_word' id='word_1_787' title='bbox 314 5275 565 5392; x_wconf 58' lang='grc' dir='ltr'>φανεῖται</span> <span class='ocrx_word' id='word_1_788' title='bbox 588 5319 623 5391; x_wconf 79' lang='grc' dir='ltr'><strong>ἠ</strong></span> <span class='ocrx_word' id='word_1_789' title='bbox 650 5275 1044 5388; x_wconf 63' lang='grc' dir='ltr'>φιλανθρωπία.</span> <span class='ocrx_word' id='word_1_790' title='bbox 1083 5275 1235 5368; x_wconf 70' lang='grc' dir='ltr'>Δίδου</span> <span class='ocrx_word' id='word_1_791' title='bbox 1368 5308 1602 5382; x_wconf 84' lang='grc' dir='ltr'>ἀφειδῶς</span> <span class='ocrx_word' id='word_1_792' title='bbox 1629 5275 1770 5374; x_wconf 40' lang='grc' dir='ltr'>..καὶ</span> <span class='ocrx_word' id='word_1_793' title='bbox 1873 5298 2166 5392; x_wconf 63' lang='grc' dir='ltr'>ρτρετεξειι</span> <span class='ocrx_word' id='word_1_794' title='bbox 2214 5275 2479 5392; x_wconf 32' lang='lat' dir='ltr'><strong>temp?“</strong></span> 
     </span>
    </p>
   </div>
   <div class='ocr_carea' id='block_1_104' title="bbox 1717 5351 3438 5451">
    <p class='ocr_par' dir='ltr' id='par_1_104' title="bbox 1717 5351 3438 5451">
     <span class='ocr_line' id='line_1_105' title="bbox 1717 5351 3438 5451; baseline -0.023 -10"><span class='ocrx_word' id='word_1_795' title='bbox 1874 5351 2045 5436; x_wconf 68' lang='lat' dir='ltr'><strong>inisse</strong></span> <span class='ocrx_word' id='word_1_796' title='bbox 2073 5372 2484 5431; x_wconf 81' lang='lat' dir='ltr'><strong>beneﬁcentiam</strong></span> <span class='ocrx_word' id='word_1_797' title='bbox 2516 5363 2838 5436; x_wconf 87' lang='lat' dir='ltr'><strong>comperies.</strong></span> <span class='ocrx_word' id='word_1_798' title='bbox 2870 5361 2927 5415; x_wconf 74' lang='grc'>2.</span> <span class='ocrx_word' id='word_1_799' title='bbox 2970 5358 3112 5425; x_wconf 88' lang='lat' dir='ltr'><strong>Quin</strong></span> <span class='ocrx_word' id='word_1_800' title='bbox 3143 5351 3438 5409; x_wconf 86' lang='lat' dir='ltr'><strong>liberaliter</strong></span> 
     </span>
    </p>
   </div>
   <div class='ocr_carea' id='block_1_105' title="bbox 195 5403 1673 5486">
    <p class='ocr_par' dir='ltr' id='par_1_105' title="bbox 195 5403 1673 5486">
     <span class='ocr_line' id='line_1_106' title="bbox 195 5403 1673 5486; baseline -0.01 -18"><span class='ocrx_word' id='word_1_801' title='bbox 195 5410 398 5486; x_wconf 72' lang='grc' dir='ltr'>μέριζε</span> <span class='ocrx_word' id='word_1_802' title='bbox 437 5410 507 5466; x_wconf 83' lang='grc' dir='ltr'><strong>τά</strong></span> <span class='ocrx_word' id='word_1_803' title='bbox 550 5408 749 5465; x_wconf 82' lang='grc' dir='ltr'>σαυτοῦ</span> <span class='ocrx_word' id='word_1_804' title='bbox 798 5408 1038 5463; x_wconf 85' lang='grc' dir='ltr'>πλείοσιν</span> <span class='ocrx_word' id='word_1_805' title='bbox 1060 5424 1073 5438; x_wconf 89' lang='grc'>·</span> <span class='ocrx_word' id='word_1_806' title='bbox 1123 5405 1183 5459; x_wconf 86' lang='grc' dir='ltr'>οὐ</span> <span class='ocrx_word' id='word_1_807' title='bbox 1226 5403 1336 5477; x_wconf 84' lang='grc' dir='ltr'><strong>γὰρ</strong></span> <span class='ocrx_word' id='word_1_808' title='bbox 1386 5403 1673 5457; x_wconf 81' lang='grc' dir='ltr'>ἐπίστασαι</span> 
     </span>
    </p>
   </div>
   <div class='ocr_carea' id='block_1_106' title="bbox 192 5481 2152 5575">
    <p class='ocr_par' dir='ltr' id='par_1_106' title="bbox 192 5481 2152 5575">
     <span class='ocr_line' id='line_1_107' title="bbox 192 5481 2152 5575; baseline -0.012 -15"><span class='ocrx_word' id='word_1_809' title='bbox 192 5481 337 5558; x_wconf 70' lang='grc' dir='ltr'>ποτε</span> <span class='ocrx_word' id='word_1_810' title='bbox 366 5500 648 5575; x_wconf 52' lang='lat' dir='ltr'><strong>arma“</strong></span> <span class='ocrx_word' id='word_1_811' title='bbox 684 5500 937 5573; x_wconf 67' lang='grc' dir='ltr'>εποίησεν</span> <span class='ocrx_word' id='word_1_812' title='bbox 966 5497 1168 5569; x_wconf 78' lang='grc' dir='ltr'>ἡμέρα.</span> <span class='ocrx_word' id='word_1_813' title='bbox 1215 5496 1520 5568; x_wconf 82' lang='grc' dir='ltr'>Κατέχουσι</span> <span class='ocrx_word' id='word_1_814' title='bbox 1556 5493 1615 5548; x_wconf 77' lang='grc' dir='ltr'>δὲ</span> <span class='ocrx_word' id='word_1_815' title='bbox 1651 5489 1772 5543; x_wconf 77' lang='grc' dir='ltr'>οὐδὲ</span> <span class='ocrx_word' id='word_1_816' title='bbox 1877 5481 2152 5574; x_wconf 53' lang='lat' dir='ltr'><strong>quoquee</strong></span> 
     </span>
    </p>
   </div>
   <div class='ocr_carea' id='block_1_107' title="bbox 194 5559 2695 5669">
    <p class='ocr_par' dir='ltr' id='par_1_107' title="bbox 194 5559 2695 5669">
     <span class='ocr_line' id='line_1_108' title="bbox 194 5559 2695 5669; baseline -0.012 -16"><span class='ocrx_word' id='word_1_817' title='bbox 194 5559 422 5669; x_wconf 67' lang='grc' dir='ltr'>νεφέλαι</span> <span class='ocrx_word' id='word_1_818' title='bbox 445 5594 538 5651; x_wconf 72' lang='grc' dir='ltr'>τὸν</span> <span class='ocrx_word' id='word_1_819' title='bbox 567 5593 776 5650; x_wconf 88' lang='grc' dir='ltr'>ἐαυτῶν</span> <span class='ocrx_word' id='word_1_820' title='bbox 807 5559 972 5647; x_wconf 73' lang='grc' dir='ltr'>πολὺν</span> <span class='ocrx_word' id='word_1_821' title='bbox 988 5559 1172 5655; x_wconf 44' lang='grc' dir='ltr'>’ύετόν,</span> <span class='ocrx_word' id='word_1_822' title='bbox 1190 5589 1324 5645; x_wconf 84' lang='grc' dir='ltr'>ἀλλὰ</span> <span class='ocrx_word' id='word_1_823' title='bbox 1460 5586 1662 5659; x_wconf 70' lang='grc' dir='ltr'>ὄμϐρον</span> <span class='ocrx_word' id='word_1_824' title='bbox 1682 5588 1775 5642; x_wconf 80' lang='grc' dir='ltr'>ἐπὶ</span> <span class='ocrx_word' id='word_1_825' title='bbox 1881 5582 1992 5622; x_wconf 75' lang='grc' dir='ltr'><strong>ηοιι</strong></span> <span class='ocrx_word' id='word_1_826' title='bbox 2018 5560 2162 5621; x_wconf 60' lang='lat' dir='ltr'><strong>enim</strong></span> <span class='ocrx_word' id='word_1_827' title='bbox 2188 5559 2285 5616; x_wconf 63' lang='lat' dir='ltr'><strong>“bi</strong></span> <span class='ocrx_word' id='word_1_828' title='bbox 2310 5565 2497 5613; x_wconf 73' lang='lat' dir='ltr'><strong>“0mm</strong></span> <span class='ocrx_word' id='word_1_829' title='bbox 2529 5563 2633 5620; x_wconf 62' lang='grc' dir='ltr'>θείω</span> <span class='ocrx_word' id='word_1_830' title='bbox 2662 5568 2695 5624; x_wconf 80' lang='grc'>(1</span> 
     </span>
    </p>
   </div>
   <div class='ocr_carea' id='block_1_108' title="bbox 280 5746 1824 5829">
    <p class='ocr_par' dir='ltr' id='par_1_108' title="bbox 280 5746 1824 5829">
     <span class='ocr_line' id='line_1_109' title="bbox 280 5746 1824 5829; baseline -0.005 -16"><span class='ocrx_word' id='word_1_831' title='bbox 280 5755 392 5829; x_wconf 72' lang='grc' dir='ltr'><strong>βδ)</strong></span> <span class='ocrx_word' id='word_1_832' title='bbox 432 5755 706 5813; x_wconf 58' lang='lat' dir='ltr'><strong>tradeat&quot;).</strong></span> <span class='ocrx_word' id='word_1_833' title='bbox 738 5754 907 5813; x_wconf 87' lang='lat' dir='ltr'><strong>Codd.</strong></span> <span class='ocrx_word' id='word_1_834' title='bbox 930 5769 1042 5826; x_wconf 87' lang='lat' dir='ltr'><strong>reg.</strong></span> <span class='ocrx_word' id='word_1_835' title='bbox 1069 5760 1122 5809; x_wconf 90' lang='lat' dir='ltr'><strong>et</strong></span> <span class='ocrx_word' id='word_1_836' title='bbox 1138 5749 1351 5815; x_wconf 81' lang='lat' dir='ltr'><strong>Medic.,</strong></span> <span class='ocrx_word' id='word_1_837' title='bbox 1376 5746 1674 5821; x_wconf 79' lang='grc' dir='ltr'>στελέχους.</span> <span class='ocrx_word' id='word_1_838' title='bbox 1696 5748 1824 5806; x_wconf 79' lang='lat' dir='ltr'><strong>Dcc.</strong></span> 
     </span>
    </p>
   </div>
   <div class='ocr_carea' id='block_1_109' title="bbox 2468 4810 2825 4889">
    <p class='ocr_par' dir='ltr' id='par_1_109' title="bbox 2468 4810 2825 4889">
     <span class='ocr_line' id='line_1_110' title="bbox 2468 4810 2825 4889; baseline -0.02 -18"><span class='ocrx_word' id='word_1_839' title='bbox 2468 4811 2694 4871; x_wconf 82' lang='lat' dir='ltr'><strong>CAPUT</strong></span> <span class='ocrx_word' id='word_1_840' title='bbox 2721 4810 2825 4889; x_wconf 55' lang='grc' dir='ltr'>δι.</span> 
     </span>
    </p>
   </div>
   <div class='ocr_carea' id='block_1_110' title="bbox 1943 4891 3433 4977">
    <p class='ocr_par' dir='ltr' id='par_1_110' title="bbox 1943 4891 3433 4977">
     <span class='ocr_line' id='line_1_111' title="bbox 1943 4891 3433 4977; baseline -0.019 -4"><span class='ocrx_word' id='word_1_841' title='bbox 1943 4921 1995 4975; x_wconf 93' lang='grc'><strong>1.</strong></span> <span class='ocrx_word' id='word_1_842' title='bbox 2035 4916 2249 4972; x_wconf 83' lang='lat' dir='ltr'><strong>Justum</strong></span> <span class='ocrx_word' id='word_1_843' title='bbox 2287 4919 2372 4967; x_wconf 92' lang='lat' dir='ltr'><strong>est</strong></span> <span class='ocrx_word' id='word_1_844' title='bbox 2404 4917 2584 4964; x_wconf 89' lang='lat' dir='ltr'><strong>autem</strong></span> <span class='ocrx_word' id='word_1_845' title='bbox 2616 4904 2795 4977; x_wconf 79' lang='lat' dir='ltr'><strong>egenti</strong></span> <span class='ocrx_word' id='word_1_846' title='bbox 2820 4916 3036 4973; x_wconf 86' lang='lat' dir='ltr'><strong>panem,</strong></span> <span class='ocrx_word' id='word_1_847' title='bbox 3065 4908 3344 4965; x_wconf 60' lang='lat' dir='ltr'><strong>esea-qua:</strong></span> <span class='ocrx_word' id='word_1_848' title='bbox 3365 4891 3433 4946; x_wconf 80' lang='lat' dir='ltr'><strong>ad</strong></span> 
     </span>
    </p>
   </div>
   <div class='ocr_carea' id='block_1_111' title="bbox 1872 4984 3435 5065">
    <p class='ocr_par' dir='ltr' id='par_1_111' title="bbox 1872 4984 3435 5065">
     <span class='ocr_line' id='line_1_112' title="bbox 1872 4984 3435 5065; baseline -0.02 1"><span class='ocrx_word' id='word_1_849' title='bbox 1872 5011 2036 5065; x_wconf 91' lang='lat' dir='ltr'><strong>vitam</strong></span> <span class='ocrx_word' id='word_1_850' title='bbox 2072 5003 2325 5062; x_wconf 90' lang='lat' dir='ltr'><strong>tuendam</strong></span> <span class='ocrx_word' id='word_1_851' title='bbox 2354 4998 2657 5055; x_wconf 87' lang='lat' dir='ltr'><strong>necessaria</strong></span> <span class='ocrx_word' id='word_1_852' title='bbox 2685 5004 2835 5061; x_wconf 83' lang='lat' dir='ltr'><strong>sunt,</strong></span> <span class='ocrx_word' id='word_1_853' title='bbox 2862 4989 3147 5064; x_wconf 88' lang='lat' dir='ltr'><strong>impertiri.</strong></span> <span class='ocrx_word' id='word_1_854' title='bbox 3174 4984 3435 5054; x_wconf 88' lang='lat' dir='ltr'><strong>Quamvis</strong></span> 
     </span>
    </p>
   </div>
   <div class='ocr_carea' id='block_1_112' title="bbox 1867 5081 3437 5165">
    <p class='ocr_par' dir='ltr' id='par_1_112' title="bbox 1867 5081 3437 5165">
     <span class='ocr_line' id='line_1_113' title="bbox 1867 5081 3437 5165; baseline -0.018 -6"><span class='ocrx_word' id='word_1_855' title='bbox 1867 5103 2011 5160; x_wconf 89' lang='lat' dir='ltr'><strong>enim</strong></span> <span class='ocrx_word' id='word_1_856' title='bbox 2033 5098 2086 5154; x_wconf 89' lang='lat' dir='ltr'><strong>id</strong></span> <span class='ocrx_word' id='word_1_857' title='bbox 2104 5096 2287 5154; x_wconf 89' lang='lat' dir='ltr'><strong>statim</strong></span> <span class='ocrx_word' id='word_1_858' title='bbox 2305 5090 2604 5165; x_wconf 85' lang='lat' dir='ltr'><strong>perdidisse</strong></span> <span class='ocrx_word' id='word_1_859' title='bbox 2619 5086 2945 5159; x_wconf 85' lang='lat' dir='ltr'><strong>quibusdam</strong></span> <span class='ocrx_word' id='word_1_860' title='bbox 2968 5081 3223 5145; x_wconf 85' lang='lat' dir='ltr'><strong>videaris,</strong></span> <span class='ocrx_word' id='word_1_861' title='bbox 3245 5091 3437 5148; x_wconf 89' lang='lat' dir='ltr'><strong>quem-</strong></span> 
     </span>
    </p>
   </div>
   <div class='ocr_carea' id='block_1_113' title="bbox 1868 5174 3435 5257">
    <p class='ocr_par' dir='ltr' id='par_1_113' title="bbox 1868 5174 3435 5257">
     <span class='ocr_line' id='line_1_114' title="bbox 1868 5174 3435 5257; baseline -0.022 -5"><span class='ocrx_word' id='word_1_862' title='bbox 1868 5191 2163 5251; x_wconf 86' lang='lat' dir='ltr'><strong>admodum</strong></span> <span class='ocrx_word' id='word_1_863' title='bbox 2192 5187 2240 5244; x_wconf 93' lang='lat' dir='ltr'><strong>si</strong></span> <span class='ocrx_word' id='word_1_864' title='bbox 2272 5199 2467 5257; x_wconf 90' lang='lat' dir='ltr'><strong>panem</strong></span> <span class='ocrx_word' id='word_1_865' title='bbox 2511 5183 2565 5238; x_wconf 90' lang='lat' dir='ltr'><strong>in</strong></span> <span class='ocrx_word' id='word_1_866' title='bbox 2613 5192 2811 5250; x_wconf 83' lang='lat' dir='ltr'><strong>aquam</strong></span> <span class='ocrx_word' id='word_1_867' title='bbox 2849 5174 3218 5246; x_wconf 86' lang='lat' dir='ltr'><strong>conjecisses;</strong></span> <span class='ocrx_word' id='word_1_868' title='bbox 3255 5179 3435 5224; x_wconf 82' lang='lat' dir='ltr'><strong>tamen</strong></span> 
     </span>
    </p>
   </div>
   <div class='ocr_carea' id='block_1_114' title="bbox 2533 5255 3437 5344">
    <p class='ocr_par' dir='ltr' id='par_1_114' title="bbox 2533 5255 3437 5344">
     <span class='ocr_line' id='line_1_115' title="bbox 2533 5255 3437 5344; baseline -0.021 -15"><span class='ocrx_word' id='word_1_869' title='bbox 2533 5284 2878 5344; x_wconf 88' lang='lat' dir='ltr'><strong>nequaquam</strong></span> <span class='ocrx_word' id='word_1_870' title='bbox 2916 5262 3288 5335; x_wconf 82' lang='lat' dir='ltr'><strong>infrugil‘eram</strong></span> <span class='ocrx_word' id='word_1_871' title='bbox 3337 5255 3437 5312; x_wconf 87' lang='lat' dir='ltr'><strong>tibi</strong></span> 
     </span>
    </p>
   </div>
   <div class='ocr_carea' id='block_1_115' title="bbox 2153 5441 3435 5536">
    <p class='ocr_par' dir='ltr' id='par_1_115' title="bbox 2153 5441 3435 5536">
     <span class='ocr_line' id='line_1_116' title="bbox 2153 5441 3435 5536; baseline -0.022 -15"><span class='ocrx_word' id='word_1_872' title='bbox 2153 5463 2370 5536; x_wconf 81' lang='lat' dir='ltr'><strong>largire,</strong></span> <span class='ocrx_word' id='word_1_873' title='bbox 2400 5460 2753 5532; x_wconf 85' lang='lat' dir='ltr'><strong>pluribusque</strong></span> <span class='ocrx_word' id='word_1_874' title='bbox 2778 5466 2901 5510; x_wconf 87' lang='lat' dir='ltr'><strong>tuas</strong></span> <span class='ocrx_word' id='word_1_875' title='bbox 2918 5449 3206 5506; x_wconf 76' lang='lat' dir='ltr'><strong>facultates.</strong></span> <span class='ocrx_word' id='word_1_876' title='bbox 3224 5441 3403 5498; x_wconf 73' lang='lat' dir='ltr'><strong>divide</strong></span> <span class='ocrx_word' id='word_1_877' title='bbox 3423 5457 3435 5493; x_wconf 93' lang='lat'><strong>:</strong></span> 
     </span>
    </p>
   </div>
   <div class='ocr_carea' id='block_1_116' title="bbox 2701 5534 3440 5612">
    <p class='ocr_par' dir='ltr' id='par_1_116' title="bbox 2701 5534 3440 5612">
     <span class='ocr_line' id='line_1_117' title="bbox 2701 5534 3440 5612; baseline -0.024 -5"><span class='ocrx_word' id='word_1_878' title='bbox 2701 5550 2793 5607; x_wconf 90' lang='lat' dir='ltr'><strong>uid</strong></span> <span class='ocrx_word' id='word_1_879' title='bbox 2826 5547 3041 5603; x_wconf 88' lang='lat' dir='ltr'><strong>tandem</strong></span> <span class='ocrx_word' id='word_1_880' title='bbox 3073 5546 3291 5612; x_wconf 87' lang='lat' dir='ltr'><strong>postera</strong></span> <span class='ocrx_word' id='word_1_881' title='bbox 3323 5534 3440 5593; x_wconf 84' lang='lat' dir='ltr'><strong>dies</strong></span> 
     </span>
    </p>
   </div>
  </div>
