3950 6326
558 298 698 358 1015

1719 300 1779 358 8.
1821 300 2149 359 GREGORII
2187 301 2696 360 THAUMATURGI

3658 302 3786 357 1οη

550 416 766 473 eﬂlciet.
814 415 867 470 3.
901 412 1039 471 Nam
1075 429 1252 485 neque
1278 415 1452 471 nubes
1496 414 1773 488 copiosam
1808 433 1962 473 suam
1997 420 2101 488 plu.

2219 421 2321 490 γῆν
2344 419 2536 488 ἀφιᾶσι
2557 437 2572 450 ·
2607 420 2702 474 καὶ
2720 416 2841 473 οὐδὲ
2865 415 3082 490 δένδρον
3105 417 3185 481 εἰς
3212 417 3301 472 ἀεὶ
3336 416 3569 489 ἕστηκεν
3594 454 3613 478 ,
3665 414 3789 470 ἀλλὰ

550 511 695 564 viam
727 509 982 573 retinent,
1013 508 1108 565 sed
1140 508 1369 565 imbrem
1398 508 1451 563 in
1487 517 1686 565 terram
1725 510 1990 568 fundunt:
2021 530 2120 570 nec

557 603 722 658 arbor
755 611 1016 673 perpetuo
1052 609 1194 666 stat,
1226 616 1417 656 verum
1463 602 1625 657 etiam
1670 603 1715 658 si
1763 604 2013 661 homines
2069 605 2116 660 ei

552 694 915 764 pepercerim,
936 709 966 749 a
988 701 1146 748 vento
1168 701 1315 750 certe
1341 694 1693 750 convelletur.
1723 696 1777 751 4.
1800 695 1919 752 lam
1938 698 2117 761 multi,

554 802 676 857 qua:
707 802 735 841 a
777 786 916 841 caelo
940 793 1198 841 eventura
1232 783 1375 849 sint,
1413 786 1666 855 praescire
1695 788 1972 857 gestiunt;
2019 805 2119 846 nec

554 878 728 946 deest,
764 879 855 951 qui
881 879 931 931 in
963 878 1134 933 nubes
1168 876 1388 931 intuens
1417 887 1747 948 ventumque
1771 889 2115 950 exspectans,

553 985 583 1023 a
620 983 794 1023 messe
817 977 911 1022 aut
940 968 1286 1025 ventilatione
1313 969 1666 1034 abstinuerit,
1710 985 1768 1024 re
1798 970 1947 1025 inani
1981 988 2116 1026 con-

553 1062 688 1116 fisus
730 1068 784 1115 et
815 1074 1151 1130 persuasus;
1202 1061 1257 1115 5.
1302 1077 1402 1117 nec
1447 1076 1637 1116 eorum
1684 1076 1805 1132 qua:
1855 1062 2118 1119 divinitus

552 1151 733 1207 futura
764 1160 913 1218 sunt,
942 1152 1238 1223 quidquam
1266 1167 1636 1224 cognoscens;
1658 1154 2115 1223 quemadmodum

553 1258 653 1297 nec
682 1243 811 1314 quid
847 1242 1042 1296 mulier
1071 1258 1356 1313 praegnans
1378 1244 1618 1314 paritura
1648 1245 1739 1300 sit.
1778 1246 1833 1299 6.
1866 1243 2003 1301 Cum
2025 1263 2118 1301 au-

553 1343 661 1387 tem
706 1343 1001 1389 sementem
1037 1334 1354 1405 tempestive
1385 1335 1580 1391 feceris
1604 1377 1618 1403 ,
1666 1335 1876 1393 fructus
1924 1337 2115 1410 collige

552 1433 714 1493 atque
752 1434 1031 1494 comporta
1051 1467 1066 1493 ,
1098 1440 1223 1481 cum
1255 1426 1419 1497 hujus
1447 1427 1524 1482 rei
1551 1437 1763 1498 tempus
1794 1428 2111 1485 advenerit:

551 1514 817 1568 incertum
855 1523 939 1569 est
981 1515 1125 1570 enim
1209 1532 1480 1588 quaenam,
1496 1533 1563 1574 ex
1614 1520 1697 1575 his
1739 1536 1860 1591 quae
1903 1521 2111 1577 consita

550 1612 700 1670 sunt,
734 1605 955 1661 meliora
994 1604 1175 1662 futura
1198 1608 1327 1663 sint.
1360 1607 1579 1663 Utinam
1613 1610 1798 1665 omnia
1826 1611 1962 1667 bene
1990 1627 2115 1667 suc-

552 1696 762 1751 cedant.
796 1698 850 1752 7.
884 1698 949 1754 At
986 1699 1263 1756 enimvero
1294 1717 1418 1758 cum
1447 1701 1717 1773 quispiam
1748 1702 1932 1759 animo
1958 1719 2114 1775 repu—

2219 510 2324 564 κᾶν
2349 510 2542 583 ἄνδρες
2564 510 2730 565 αὐτοῦ
2759 510 3053 581 φείσωνται
3076 550 3092 574 ,
3118 509 3303 582 ἀνέμῳ
3327 510 3456 580 γοῦν
3471 510 3791 581 ἀνατραπήο

2222 616 2389 656 σεται.
2437 600 2629 655 Πολλοὶ
2663 601 2721 654 δὲ
2762 599 3038 671 βούλονται
3080 601 3176 654 καὶ
3210 599 3277 654 τὰ
3323 601 3388 654 ὲκ
3414 598 3508 653 τοῦ
3554 598 3789 671 οὐρα.νοῦ

2218 690 2451 761 ἐσόμενα
2487 689 2901 764 προγινώσκειν,
2935 690 3029 743 καί
3048 706 3131 754 τις
3154 688 3235 754 εἰς
3282 706 3342 743 τε
3374 689 3603 760 νεφέλας
3654 688 3789 757 ἀφο-

2220 780 2350 851 ρῶν,
2378 782 2472 835 καὶ
2494 767 2798 853 περιμένων
2817 781 3034 852 ἄνεμον,
3063 779 3270 852 ἀμήτου
3295 779 3327 851 ἢ
3360 778 3628 851 λικμητοῦ
3657 778 3793 832 ἀπέ-

2220 888 2399 942 σχετο,
2417 874 2510 926 ἐπὶ
2533 872 2720 945 μηδενὶ
2737 872 3121 942 πεπεισμένος,
3146 871 3279 943 μηδὲ
3301 872 3584 941 γινώσκων
3606 870 3792 925 τιτῶν

2217 963 2283 1015 ὲκ
2317 962 2451 1018 Θεοῦ
2491 965 2762 1035 ἐσομένων
2784 982 2797 995 ⁸
2844 963 3033 1036 ὥσπερ
3058 962 3179 1017 οὐδὲ
3224 959 3397 1037 οἷονὴ
3440 961 3791 1037 κυοφοροῦσα

2215 1053 2450 1121 τέξεται.
2482 1057 2716 1131 Σπείρας
2736 1055 2793 1110 δὲ
2825 1056 2883 1109 έν
2907 1054 3084 1128 καιρῷ
3104 1096 3121 1121 ,
3154 1056 3445 1128 συγκόμιζε
3481 1055 3613 1119 τοὺς
3652 1071 3790 1126 καρ-

2217 1148 2376 1211 ποὺς,
2402 1148 2550 1202 ὁπότ’
2591 1148 2658 1202 ἂν
2698 1147 2888 1201 τούτου
2931 1148 3118 1220 καιρὸς
3165 1149 3358 1219 ἔνστῇο
3399 1148 3595 1221 ἄδηλον
3646 1149 3789 1219 γὰρ.

2214 1238 2372 1291 ὁποῖα
2402 1237 2580 1292 αὐτῶν
2627 1237 2778 1292 ἔσται
2808 1238 3017 1310 ἀμείνω
3053 1238 3161 1291 τῶν
3190 1238 3446 1308 φυέντων.
3475 1238 3716 1292 Γένοιτο

2216 1333 2430 1389 ἅπαντα
2455 1335 2535 1398 εἰς
2561 1331 2776 1401 ἀγαθόν.
2807 1329 3163 1403 Λογιζόμενος
3185 1332 3243 1385 δέ
3263 1348 3365 1397 τις,
3388 1332 3461 1395 ὡς
3487 1330 3667 1394 1:316;
3700 1331 3788 1401 μὲν

2213 1425 2243 1476 6
2275 1423 2443 1494 ἥλιος,
2468 1422 2597 1493 ἡδὺς
2613 1422 2669 1477 δὲ
2695 1417 2850 1486 οὗτος
2880 1425 2909 1477 6
2947 1422 3080 1493 βίος,
3121 1422 3324 1493 ἀγαθὸν
3350 1423 3407 1476 δὲ
3445 1423 3540 1479 καὶ
3592 1423 3660 1476 τὸ
3700 1439 3788 1476 πο-

2212 1512 2490 1587 λυχρόνιον
2511 1513 2764 1584 γενέσθαι
2786 1514 3071 1579 διαπαντὸς
3093 1513 3510 1587 εὐφραινόμενον
3532 1553 3552 1577 ,
3592 1515 3700 1568 καὶ
3722 1515 3787 1576 ὠς

2215 1605 2442 1679 φοϐερὸν
2464 1608 2494 1660 6
2519 1604 2767 1669 Θάνατος,
2784 1606 2878 1660 καὶ
2904 1606 3072 1660 ἀΐδιον
3096 1604 3405 1666 κακὸν.’καὶ
3422 1608 3502 1669 εἰς
3527 1606 3596 1660 τὸ
3619 1606 3786 1677 μηδὲν

2213 1696 2381 1765 ἄγων,
2416 1695 2583 1750 οἴεται
2609 1696 2825 1769 χρῆναι,
2859 1696 3072 1752 πάντων
3096 1697 3194 1768 μὲν
3208 1697 3493 1753 ἀπολαύειν
3507 1698 3625 1751 τῶν
3643 1715 3787 1770 παρ-

548 1796 648 1855 tat,
682 1789 824 1860 quod
863 1798 915 1844 et
943 1791 1027 1846 sol
1057 1791 1299 1860 pulcher,
1334 1803 1389 1848 et
1419 1794 1606 1850 suavis
1626 1794 1740 1850 hac
1770 1795 1900 1859 vita,
1931 1804 1986 1852 et
2017 1797 2101 1852 bos

2214 1788 2384 1842 όντων
2437 1789 2528 1842 καὶ
2578 1787 2876 1843 δοκούντων
2944 1789 3135 1860 ἡδέων.
3185 1789 3544 1862 Συμϐουλεύει
3588 1790 3648 1845 δὲ
3696 1792 3784 1845 καὶ

550 1890 679 1938 nu‘m
746 1881 905 1954 longa
968 1890 1218 1954 tempora
1282 1885 1338 1939 in
1406 1886 1677 1956 perpetuis
1752 1887 2113 1957 voluptatibus

549 1979 762 2048 explere
787 1997 803 2046 ;
835 1978 887 2034 8.
931 1989 987 2036 et
1016 1995 1103 2036 res
1134 1978 1405 2035 horrenda
1434 1995 1599 2042 mors,
1627 1980 1941 2051 malumque
1973 1997 2114 2037 scm-

547 2070 843 2139 piternum,
873 2080 1036 2141 atque
1070 2072 1124 2125 in
1155 2071 1386 2125 nihilum
1408 2070 1644 2127 ducens:
1680 2070 1986 2127 faciendum
2010 2073 2111 2128 sibi

547 2170 748 2227 censet,
778 2169 838 2215 ut
870 2165 1232 2233 praesentibus
1258 2165 1382 2220 vitae
1409 2162 1736 2227 commodis,
1768 2164 2111 2235 speciemque

541 2249 896 2319 iucunditatis
928 2252 1252 2309 habentibus
1280 2252 1610 2324 perfruatur.
1649 2254 1704 2310 9.
1741 2255 1919 2325 Atque
1944 2260 2106 2311 etiam

542 2340 769 2411 juvenes
797 2343 1073 2410 admonet,
1108 2353 1168 2399 ut
1198 2345 1371 2400 aetatis
1394 2344 1527 2399 ﬂore
1552 2346 1863 2410 abutantur,
1897 2344 2109 2405 animas

546 2445 676 2485 suas
699 2431 754 2485 in
778 2447 993 2486 omnem
1023 2434 1352 2504 voluptatem
1385 2435 1653 2499 laxantes.
1693 2433 2109 2505 cupiditatibus-

544 2535 655 2591 que
678 2522 1084 2593 obsequantur;
1110 2535 1163 2580 et
1183 2540 1304 2596 qua:
1324 2525 1457 2594 ipsis
1485 2526 1599 2581 visa
1635 2525 2104 2593 fuerint,faciaut;

542 2622 598 2666 et
620 2628 740 2683 qua:
783 2615 1196 2673 oblectationem
1238 2616 1502 2679 aﬂ‘erunt,
1560 2626 1833 2688 spectent;
1889 2626 1942 2673 et
1985 2633 2107 2688 qua:

544 2701 702 2757 aliter
731 2717 791 2759 se
824 2704 1044 2773 habent,
1077 2713 1418 2762 aversentur.
1460 2704 1543 2760 Ad
1574 2721 1735 2775 quem
1767 2706 1872 2762 hoc
1894 2713 2102 2769 tantum

2211 1883 2326 1945 τοῖς
2357 1880 2516 1948 νέοις,
2549 1884 2616 1953 τῇ
2636 1881 2843 1935 ἑαυτῶν
2870 1880 2989 1954 ὥρᾳ
3019 1882 3391 1955 καταχρῆσθαι
3431 1882 3668 1946 ἀνέντας
3689 1881 3782 1946 τὰς

2212 1970 2420 2026 ἑαυτῶν
2439 1970 2615 2042 ψυχάς
2641 1974 2721 2036 εἰς
2750 1973 2929 2026 πᾶσαν
2956 1973 3168 2045 ἡδονὴν,
3206 1974 3301 2028 καὶ
3327 1973 3651 2046 χαρίζεσθαι
3688 1975 3782 2047 μὲν

2211 2062 2559 2134 ἐπιθυμίαις,
2602 2064 2861 2135 πράττειν
2907 2063 2964 2118 δὲ
3007 2064 3077 2118 τὰ
3122 2065 3307 2129 αὐτοῖς
3349 2065 3637 2127 δοκοῦντα,
3692 2065 3782 2119 καὶ

2212 2154 2426 2226 βλέπειν
2456 2155 2525 2208 τά
2550 2154 2836 2226 τέρποντα,
2858 2157 2951 2209 καὶ
2965 2157 3394 2229 ἀποστρέφεσθαι
3417 2158 3487 2212 τὰ
3510 2158 3589 2230 μὴ
3609 2158 3778 2222 οὕτως

2212 2246 2423 2318 ἔχοντα.
2470 2248 2616 2321 Πρὸς
2648 2248 2707 2303 ὃν
2740 2249 2989 2303 τοσοῦτον
3029 2249 3166 2317 λέξω
3186 2267 3200 2280 ·
3242 2252 3362 2304 Ὅτι
3398 2250 3776 2323 άνοηταὶνεις,

2209 2332 2256 2393 ὧ
2303 2334 2491 2404 οὗτος,
2536 2340 2641 2412 μὴο
2659 2340 2969 2413 προσδοκῶν
2997 2341 3093 2413 τὴν
3119 2340 3204 2409 ἐφ’
3246 2340 3415 2395 ἅπασι
3465 2341 3679 2404 τούτοις
3715 2343 3774 2394 ἐκ

2209 2431 2343 2486 Θεοῦ
2381 2433 2560 2505 κρίσιν
2588 2431 2871 2503 ἐσομένην,
2897 2432 3225 2504 Πονηρὸν-δὲ
3252 2432 3461 2487 ἀσωτία
3498 2431 3594 2484 καὶ
3620 2431 3775 2489 ἁσέὶο

2208 2542 2353 2593 γεια,
2395 2524 2488 2578 καὶ
2513 2522 2733 2596 ῥυπαρά
2752 2524 3014 2596 σωμάτων
3030 2524 3312 2597 ἡμετέρων
3327 2523 3485 2596 ὕϐρις
3511 2522 3769 2595 ὀλέθρικ.

2208 2618 2437 2689 Νεότητι
2473 2616 2571 2689 μὲν
2597 2618 2707 2689 γὰρ
2738 2617 2891 2674 ἄνοια
2925 2618 3227 2689 παρέπεται
3246 2634 3261 2649 ’
3287 2617 3444 2673 ἀνοια
3468 2616 3527 2670 δὲ
3554 2617 3676 2685 ἀγει
3696 2618 3772 2679 εἰς

2208 2709 2328 2763 δλεθ
2335 2726 2447 2782 ρον.

542 2791 805 2848 dixerim:
840 2794 925 2848 l0.
953 2792 1153 2849 Parum
1186 2809 1333 2850 sana:
1376 2794 1572 2850 mentis
1602 2810 1684 2861 es,
1713 2811 1747 2850 o
1779 2794 1965 2862 homo,
1998 2796 2089 2866 qui
2130 2795 2225 2853 Dei
2267 2800 2530 2869 judicium
2601 2802 2715 2855 haec
2778 2798 2960 2855 omnia
3004 2798 3401 2855 vindicaturum
3442 2815 3551 2857 non
3583 2814 3769 2867 exspe-

543 2897 680 2942 etas.
710 2885 814 2946 Sed
851 2896 906 2941 et
933 2886 1194 2957 ﬂagitiosa
1255 2895 1339 2941 est
1388 2886 1736 2950 comessatio,
1780 2894 1836 2942 et
1876 2887 2064 2953 libido,
2109 2897 2164 2943 et
2197 2888 2408 2959 impura
2440 2905 2730 2960 corporum
2764 2897 3077 2945 nostrorum
3133 2891 3456 2946 contumelia
3493 2890 3765 2960 pestilens.

540 2980 847 3039 Iuventutis
868 2982 1014 3036 enim
1038 2982 1240 3036 asseela
1263 2989 1348 3036 est
1375 2981 1602 3037 stultitia
1627 2997 1640 3033 :
1667 2980 1894 3037 stultitia
1914 2989 2095 3041 autem
2112 2981 2178 3039 ad
2216 2983 2443 3039 exitium
2478 2984 2650 3041 ducit.

1133 3067 1363 3124 CAPUT
1410 3069 1527 3125 ΧΠ.

2798 3077 3045 3133 ΚΕΦΑΛ.
3078 3078 3145 3131 ῐΒ
3163 3116 3177 3130 .

612 3165 666 3219 i.
708 3162 898 3235 Opera
921 3162 1151 3233 pretium
1181 3173 1361 3218 autem
1390 3173 1493 3231 est,
1523 3165 1650 3220 dum
1678 3165 1908 3235 juvenili
1928 3168 2101 3227 adhuc

2276 3163 2396 3235 Χρὴ
2423 3164 2479 3218 δὲ
2517 3164 2595 3219 ἔτι
2626 3165 2744 3220 νέον
2775 3167 2903 3221 ὄντα
2932 3168 3211 3248 φοϐεῖσθαι
3235 3166 3390 3233 θεὸν,
3424 3170 3554 3242 πρὶν
3590 3169 3622 3242 ἢ
3648 3171 3762 3224 ἑαυ-

544 3264 699 3311 etate
725 3254 917 3317 ﬂores,
957 3252 1051 3307 Dei
1092 3254 1286 3311 timore
1315 3254 1473 3320 allici,
1501 3256 1821 3326 priusquam
1858 3259 2018 3317 malis
2053 3269 2105 3316 te

543 3347 719 3418 ipsum
773 3345 975 3411 tradas,
1023 3345 1336 3416 priusquam
1369 3347 1549 3401 veniat
1583 3348 1700 3403 dies
1744 3347 1957 3404 Domini
1988 3366 2106 3406 ma-

542 3453 682 3509 gnus
711 3446 767 3492 et
795 3436 1133 3505 horrendus;
1180 3437 1236 3494 3.
1285 3454 1408 3494 cum
1437 3437 1550 3509 jam
1587 3455 1688 3496 nec
1725 3442 1808 3496 sol
1847 3441 2103 3508 splendo-

540 3544 656 3584 rem
686 3530 826 3595 edet,
855 3544 956 3585 nec
1000 3529 1150 3594 luna,
1192 3545 1293 3586 nec
1328 3531 1537 3601 reliqua
1575 3532 1785 3588 sidera:
1814 3534 1869 3591 3.
1913 3550 2100 3591 verum

541 3634 793 3690 superna:
828 3621 1054 3677 virtutes
1084 3621 1138 3678 in
1164 3622 1254 3677 illa
1284 3637 1467 3679 rerum
1506 3624 1749 3680 omnium
1784 3634 2102 3697 tempestate

539 3718 705 3779 atque
747 3711 981 3767 tumultu
1011 3712 1413 3783 movebuntur,
1467 3714 1571 3772 hoc
1601 3726 1704 3783 est,
1747 3718 1920 3789 angeli
1951 3719 2100 3777 orhis

540 3802 829 3869 custodes;
867 3801 923 3858 ι.
961 3814 1020 3858 ut
1045 3815 1097 3860 et
1148 3803 1251 3860 viri
1296 3815 1653 3876 praepotentes
1691 3810 2097 3880 conquiescant,

538 3902 596 3948 et
637 3894 889 3951 mulieres
910 3897 1167 3966 operandi
1199 3897 1360 3953 ﬁnem
1386 3896 1610 3967 faciant,
1653 3899 1706 3955 5.
1748 3901 1802 3956 in
1838 3902 2097 3961 obscuras

536 3995 593 4042 et
628 3986 952 4058 caliginosas
976 3988 1172 4045 aedium
1205 4001 1384 4059 partes
1417 3989 1718 4062 fugientes,
1751 3992 1938 4062 jauuis
1973 4009 2095 4050 om-

537 4078 702 4133 nibus
725 4079 960 4135 clausis:
1006 4096 1072 4136 ac
1118 4082 1312 4137 mulier
1350 4084 1597 4154 quaedam
1623 4127 1638 4150 ,
1684 4089 1842 4145 mola:
1875 4105 2093 4160 operam

536 4168 669 4224 dare
697 4169 768 4224 ob
795 4180 996 4226 metum
1028 4172 1282 4228 desinens
1302 4214 1318 4241 ,
1372 4177 1593 4245 perexili
1622 4194 1774 4243 voce,
1817 4180 1988 4237 instar
2015 4193 2095 4236 te-

533 4260 815 4318 nuissimte
864 4263 1109 4328 aviculae,
1152 4272 1370 4332 utetur;
1417 4278 1581 4339 atque
1639 4264 1831 4327 omnes
1873 4273 2095 4331 nefarie

533 4352 792 4408 mulieres
820 4354 875 4408 in
913 4361 1113 4409 terram
1144 4366 1438 4424 corruent,
1471 4368 1526 4415 et
1568 4361 1762 4425 urbes,
1810 4372 1866 4417 et
1905 4379 2091 4419 earum

533 4444 885 4515 magistratus
911 4446 1177 4504 immanes
1196 4458 1251 4504 et
1281 4449 1615 4518 sanguinarii
1639 4466 1936 4523 supernum
1964 4472 2092 4527 sup-

531 4535 754 4603 plicium
821 4548 1236 4608 exspectantes,
1287 4540 1571 4611 ingruente
1632 4543 1988 4602 acerbissimo
2039 4556 2092 4603 et

531 4637 758 4683 cruento
789 4636 1048 4700 tempore,
1088 4633 1247 4701 quasi
1294 4631 1524 4688 florente
1559 4634 1877 4707 amygdala,
1913 4639 2090 4694 conti-

529 4719 763 4790 nuisque
777 4722 957 4789 poenis
985 4722 1446 4792 incumbentibus,
1468 4725 1614 4781 velut
1635 4744 1928 4786 numeroso
1957 4746 2091 4800 quo-

528 4808 653 4864 dam
696 4811 998 4866 volantium
1041 4814 1376 4871 locustarum
1422 4817 1668 4889 agmine,
1706 4834 1771 4875 ac
1794 4820 1860 4876 de
1910 4823 2090 4878 medio

526 4898 714 4968 ejectis
735 4910 786 4954 et
817 4902 1046 4959 sublatis
1072 4903 1355 4977 ﬂagitiosis
1388 4908 1723 4975 hominibus,
1756 4911 1902 4968 haud
1932 4929 2089 4971 secus

527 5003 592 5046 ac
611 4989 761 5061 nigra
791 4991 1023 5060 quadam
1039 4993 1352 5065 despicabili
1371 4998 1677 5068 capparide.
1692 5000 1746 5055 6.
1763 4999 1842 5058 Ac
1859 5003 1940 5057 vir
1961 5004 2086 5073 qui-

524 5080 648 5138 dem
683 5083 953 5152 probitate
973 5086 1173 5152 clarus,
1190 5088 1245 5142 in
1272 5087 1493 5144 domum
1523 5105 1677 5147 suam
1700 5096 2083 5164 sempiternam

522 5173 679 5232 laetus
699 5175 1112 5246 proﬁciscetur:
1151 5180 1383 5251 improbi
1407 5192 1586 5239 autem
1612 5200 1710 5240 sua
1729 5186 1910 5242 omnia
1932 5188 2088 5257 plan-

741 5352 985 5434 Καθέςει
1007 5353 1247 5434 ratum.
1274 5357 1352 5434 Ita
1374 5367 1685 5416 constanter
1703 5362 1872 5419 codex
1888 5363 2079 5425 Medic.

523 5430 579 5506 et
607 5423 698 5477 alii
735 5425 1043 5506 mssalib‘ri.
1077 5423 1187 5481 Nec
1224 5427 1324 5506 fuit
1367 5445 1566 5506 causa,
1595 5447 1700 5506 cur
1728 5423 2083 5506 UEcolampa;

521 5490 920 5574 diusverteret,
955 5496 1179 5574 dfaqnus
1214 5498 1351 5551 enim
1388 5490 1735 5574 fonsfmagis
1774 5506 1917 5560 enim
1950 5490 2083 5562 c65-

521 5562 674 5617 venit
701 5562 817 5645 haec
840 5562 1117 5645 praedictio
1134 5582 1355 5645 magna:
1373 5562 1541 5645 plaga:
1556 5562 1682 5645 cum
1705 5575 1786 5629 his
1808 5591 1930 5644 quae
1955 5592 2087 5645 prae-

523 5584 674 5617 vunlt
703 5584 817 5619 NEC
840 5584 1117 5635 prement)
1147 5584 1198 5621 In
1274 5584 1355 5624 me
1373 5584 1456 5637 pta
1495 5585 1541 5626 a3
1559 5586 1681 5628 cum
1705 5584 1786 5629 his
1808 5591 1930 5644 quae
1955 5592 2083 5645 prae-

523 5636 984 5718 σοξεετιιυῑηπρὶν
1011 5635 1187 5718 έλθεῖν
1203 5584 1306 5712 ξῆν
1337 5640 1430 5718 τοῦ
1450 5586 1584 5718 geel?
1612 5646 1851 5718 μεγάλην
1872 5647 2083 5718 ἡμέραν

524 5699 619 5756 καὶ
649 5699 917 5777 φοϐεράν,
953 5699 1455 5779 ρνὶιιεᾳιιαηιύεηὶαι
1488 5699 1836 5769 άὶεεόὁηιὶιὶί
1864 5699 2082 5789 nibg'nat

2204 3254 2294 3307 τὸν
2317 3254 2645 3328 παραδοῦναι
2673 3260 2886 3324 κακοῖς,
2925 3260 3052 3332 πρὶν
3078 3259 3250 3313 ἐλθεῖν
3270 3260 3370 3332 τὴν
3394 3260 3490 3314 τοῦ
3511 3260 3642 3315 Θεοῦ
3671 3280 3759 3332 μευ

2204 3347 2372 3418 γάλην
2388 3349 2597 3421 ἡμέραν
2630 3350 2721 3403 καὶ
2748 3350 2984 3423 φοϐεράν
3005 3395 3020 3419 ,
3056 3352 3215 3409 ὁπότε
3248 3353 3398 3423 ἥλιος
3448 3354 3552 3425 μὲν
3583 3356 3757 3411 οὐκέτι

2202 3439 2424 3512 λάμψει,
2450 3442 2568 3496 οὐδὲ
2603 3442 2818 3515 σελήνη,
2846 3445 2965 3498 οὐδὲ
2987 3447 3033 3498 0i
3062 3445 3237 3499 λοιποὶ
3266 3446 3513 3517 ἀστέρες,
3545 3448 3757 3520 κινηθή-

2204 3551 2386 3588 σονται
2412 3534 2469 3589 δὲ
2493 3537 2548 3588 αἱ
2578 3535 2871 3609 ὑπέρτεραι
2898 3537 3187 3610 δυνάμεις,
3220 3539 3277 3592 ὲν
3308 3540 3505 3612 ἐκείνῳ
3539 3541 3618 3613 τῷ
3657 3543 3752 3595 τῶν

2199 3625 2334 3681 ὅλων
2368 3627 2592 3699 χειμῶνι
2615 3629 2707 3682 καὶ
2730 3630 2972 3702 ταράχῳ,
3002 3632 3051 3684 οἱ
3080 3630 3495 3701 κοσμοφύλακες
3523 3633 3747 3702 ἄγγελοι·

2197 3716 2272 3779 ὡς
2296 3717 2606 3775 παύσασθαι
2654 3722 2752 3792 μὲν
2785 3721 2981 3794 ἄνδρας
3019 3723 3281 3786 δυνάστας
3302 3762 3317 3787 ,
3363 3725 3672 3778 παύσασθαι
3702 3726 3749 3778 δὲ

2198 3808 2291 3861 καὶ
2333 3814 2591 3878 γυναῖκας
2628 3813 2996 3885 ἐργαζομένας
3019 3855 3034 3877 ,
3063 3814 3369 3884 φευγούσας
3415 3817 3495 3880 εἰς
3542 3816 3611 3871 τά
3644 3835 3751 3870 σκο-

2195 3901 2344 3956 τεινά
2368 3902 2476 3957 τῶν
2505 3904 2838 3976 οἰκημάτων,
2863 3905 3259 3976 κεκλεισμένων
3280 3905 3506 3961 ἁπασῶν
3533 3908 3638 3961 τῶν
3670 3900 3751 3961 094

2196 3993 2337 4067 ρῶν·
2379 3995 2473 4049 καί
2513 4013 2597 4060 τις
2627 3997 2764 4069 γυνὴ
2799 3996 2892 4051 τοῦ
2949 3997 3166 4069 ἀλήθειν
3208 3998 3557 4071 ἀποσχομένη
3579 4001 3664 4053 διὰ
3698 4000 3750 4053 τὸ

2191 4085 2329 4151 δέος,
2379 4088 2660 4163 ἱσχνοτάτῃ
2704 4093 2853 4162 φωνῇ
2899 4091 3158 4162 χρήσεται
3214 4092 3403 4163 ὥσπερ
3438 4091 3747 4146 λεπτότατον

2192 4179 2405 4251 ὄρνεον·
2439 4180 2644 4235 ἅπασαι
2670 4181 2726 4236 δὲ
2746 4181 2965 4251 ἄναγνοι
2991 4186 3244 4252 γυναῖκες
3287 4187 3367 4247 εἰς
3402 4184 3510 4256 γῆν
3542 4185 3747 4238 πεσοῦν-

2191 4291 2300 4339 ται,
2327 4275 2422 4330 καὶ
2447 4275 2629 4341 πόλεις
2654 4277 2748 4331 καὶ
2774 4278 2828 4330 αἱ
2851 4277 3054 4331 τούτων
3086 4278 3250 4349 ἀρχαὶ
3276 4278 3332 4332 αἱ
3361 4278 3654 4350 μιαιφόνοι,
3671 4295 3746 4332 πει

2193 4367 2507 4439 ριμένουσαι
2552 4368 2650 4440 τὴν
2692 4369 2897 4424 ἄνωθεν
2934 4369 3150 4424 κόλασιν
3173 4411 3189 4436 ,
3225 4370 3514 4437 ἐνστάντος
3569 4369 3741 4443 καιροῦ

2195 4460 2518 4531 πικροτάτου
2540 4461 2632 4514 καὶ
2648 4460 3002 4533 αἱματώδους,
3018 4462 3169 4517 ὥσπε
3176 4481 3207 4535 ρ
3225 4462 3514 4530 ἀνθοῦντος
3528 4466 3561 4520 ἀ
3568 4464 3744 4537 μυγῦἀ-

2195 4550 2288 4604 λου
2302 4554 2398 4605 καὶ
2428 4553 2663 4624 συνεχῶν
2682 4555 3042 4626 ἐπικειμένων
3076 4556 3367 4620 κολάσεων,
3400 4555 3592 4630 ὥσπερ
3620 4556 3739 4627 πλήν

2197 4638 2321 4705 θους
2347 4641 2725 4713 ἐφιπταμένων
2746 4644 3000 4716 ἀκρίδων,
3024 4646 3116 4699 καὶ
3134 4645 3373 4701 ἐκποδῶν
3387 4646 3739 4719 ῥιπτουμένων

2192 4733 2301 4787 τῶν
2334 4735 2681 4807 παρανόμων,
2714 4735 2900 4808 ὥσπερ
2933 4738 3189 4809 μελαίνης
3220 4738 3314 4793 καὶ
3346 4738 3737 4810 cuiusdam}-

2192 4840 2286 4878 του
2316 4826 2664 4898 καππάρεως.
2694 4830 2802 4882 Καὶ
2822 4831 2849 4882 6
2882 4830 2979 4901 μὲν
3008 4830 3210 4899 ἀγαθὸς
3233 4830 3371 4901 ἀνὴρ
3415 4833 3497 4895 εἰς
3537 4830 3734 4884 αἰώνιον

2190 4911 2337 4971 οἷκον
2360 4919 2450 4972 τὸν
2473 4919 2664 4974 ἑαυτοῦ
2694 4921 2897 4993 χαίρων
2924 4921 3245 4994 πορεύσεται
3268 4939 3284 4952 ο
3312 4924 3362 4976 0i
3377 4923 3436 4978 δέ
3456 4940 3519 4993 γε
3541 4921 3730 4993 φαῦλοι.

2191 5008 2368 5062 πάντα
2404 5008 2471 5063 τὰ
2507 5011 2686 5065 αὐτῶν
2724 5012 3059 5084 ὲμπλήσουσι
3102 5013 3463 5085 κοπτόμενοι,
3508 5014 3597 5067 καὶ
3625 5010 3731 5066 οὕτε

2189 5101 2447 5174 ἀργύριον
2486 5103 3083 5177 ἀποτεθησαυρισμένον
3104 5145 3119 5169 ,
3144 5104 3265 5160 οὔτε
3290 5106 3513 5177 χρυσίον
3535 5105 3729 5173 δόκιμον

2190 5194 2462 5265 ὲπωφελὲς
2476 5195 2574 5249 ἔτι.
2593 5196 2815 5270 Μεγάλη
2835 5196 2905 5265 γά
2910 5216 2942 5270 ρ
2964 5197 3176 5252 ἅπαντα
3186 5196 3401 5262 καθέξει
3421 5196 3594 5269 πληγὴ
3610 5195 3724 5266 (27).

2178 5369 2578 5451 eluitorrendus;
2621 5380 2674 5424 et
2716 5386 2944 5450 rursus,
2960 5370 3345 5451 περιμένουσαι
3398 5370 3496 5451 τῂν
3540 5363 3722 5451 ἀνωθεν

2181 5438 2397 5512 κόλασιν
2424 5440 2706 5503 ἐνστάντος
2756 5440 2946 5512 καιροῦ
2996 5438 3322 5512 πικροτάτου
3372 5438 3466 5495 καὶ
3503 5438 3722 5509 αἱματώ-

2177 5508 2340 5572 δους,
2392 5524 2673 5578 supernum
2705 5508 3021 5579 supplicium
3067 5508 3423 5585 aspectante;
3472 5508 3719 5585 ingruat!!!

2183 5588 2439 5651 acerrimo
2457 5576 2514 5633 vet
2543 5576 3036 5649 cruento—tempore.
3071 5576 3257 5651 Itaque
3282 5583 3395 5637 haec
3415 5597 3478 5637 eo
3510 5576 3715 5632 consilio

2179 5650 2466 5724 dicuntur,
2514 5652 2657 5724 quod
2709 5653 2997 5724 exponitur
3041 5650 3345 5724 inCa‘tena
3393 5650 3713 5724 (ἔπερσα-πεπρ

2181 5714 2547 5793 Μετανόησον’
2577 5723 2702 5792 πρὶν
2757 5714 3058 5792 παρελθεῖν.
3080 5722 3169 5776 τὸν
3203 5722 3318 5796 βίον
3339 5762 3355 5788 ,
3396 5723 3452 5775 ὲν
3480 5714 3522 5790 ᾧ
3547 5717 3602 5770 τὸ
3626 5714 3711 5793 τῆς
