3950 6326
241 290 381 347 10ίῖ

1275 295 1757 356 METAPHRASIS
1787 288 1855 354 IN
1892 297 2426 371 ECCLESIASTEN.

3310 297 3456 358 1038

239 415 336 470 καὶ
366 414 560 485 μέχρις
591 413 777 485 ὑδρίας
806 414 1046 486 ἑστώσης
1062 413 1199 484 πρός
1224 432 1329 470 τινι
1347 416 1542 488 κρήνῃ,
1573 415 1667 470 καὶ
1686 434 1806 488 τρο-

1915 415 2082 472 ctibus
2120 414 2447 487 implebunt;
2496 428 2599 469 nec
2626 412 2740 484 jam
2782 425 3062 484 argentum
3106 417 3448 471 reconditum

238 506 336 580 χοῦ
369 508 660 579 ὀχήματος,
688 507 746 561 δν
773 506 839 561 ἂν
860 506 994 579 τύχῃ
1026 506 1436 575 καταλελεῖφθαι
1481 509 1537 561 ὲν
1566 508 1642 580 τῷ
1685 527 1799 562 κοι-

244 598 452 670 λώματι
475 598 585 670 (28)
622 598 991 669 παυσαμένης.
1026 597 1217 668 χρόνον
1242 612 1301 651 τε
1328 597 1676 670 περιδρομῆς,
1710 597 1803 652 καὶ

235 690 339 760 τῆς
360 690 429 743 δι’
459 688 647 753 ὓδατος
677 686 821 761 ζωῆς
846 688 1270 760 παροδεύσαντος
1307 688 1400 741 τοῦ
1445 688 1800 761 λουτροφόρου

237 779 438 841 αἰῶνος
459 776 590 849 (29).
636 775 958 848 Ἀνθρώπων
982 776 1037 829 δὲ
1060 777 1151 830 ἐπὶ
1176 778 1278 848 γῆς
1298 776 1561 847 κειμένων
1585 778 1681 848 μία
1702 796 1804 832 σω-

234 869 427 939 τηρία,
464 869 512 921 εί
540 867 812 935 ὲπιγνοίεν
833 865 1011 921 αὐτῶν
1034 868 1090 919 al
1127 865 1316 937 ψυχαὶ,
1347 868 1440 921 καὶ
1473 868 1608 939 πρὸς
1643 869 1802 923 αὐτὸν

236 961 535 1013 ἀναπταῖεν
564 958 653 1027 ὑφ’
677 951 736 1012 οὗ
766 959 861 1010 καὶ
880 958 1245 1030 γεγέννηνται.
1274 958 1432 1026 Λέγω
1449 959 1628 1012 τοίνυν
1652 956 1804 1024 αὖθις

234 1051 276 1104 ἃ
306 1050 403 1104 καὶ
442 1049 705 1122 πρότερον
752 1050 974 1122 εἴρηκα,
1018 1049 1156 1103 πάνυ
1212 1050 1453 1121 ματαίως
1488 1049 1805 1122 ἀνθρώπους

236 1142 563 1208 διακεῖσθαι,
593 1144 684 1196 καὶ
720 1144 855 1215 μήτε
882 1141 1181 1214 ὑπερϐολήν
1205 1142 1341 1207 ὅλως
1374 1142 1675 1215 ἐνδέχεσθαι
1698 1144 1804 1198 τῶν

237 1232 637 1303 ἑπινοουμένων
665 1230 1001 1303 πραγμάτων
1030 1228 1127 1301 τὴν
1171 1230 1523 1303 ματαιότητα.
1550 1231 1804 1304 Περιττὸς

236 1321 298 1376 δέ
329 1339 421 1394 μοι
445 1324 475 1376 δ
503 1323 745 1394 κάματος
776 1321 1184 1393 ἐκκλησιάζοντι
1202 1322 1398 1392 σοφῶς,
1433 1324 1514 1377 ὅτι
1537 1322 1803 1377 διδάσκειν

237 1414 537 1488 ἐπιχειρῶν
569 1415 660 1469 τὸν
698 1413 824 1469 λαδν
865 1414 1052 1470 τοῦτον
1094 1414 1391 1479 ἀδιδάκτως
1438 1415 1532 1469 καὶ
1572 1416 1805 1481 ἀνιάτως

236 1504 456 1576 ἔχοντα.
483 1506 577 1559 Δεῖ
595 1505 651 1559 δὲ
672 1505 859 1576 ἀνδρὸς
880 1505 1147 1575 γενναίου,
1181 1505 1318 1577 πρὸς
1347 1507 1407 1562 τὸ
1438 1509 1676 1562 συνιέναι
1720 1508 1806 1562 λό-

234 1614 374 1667 γους
401 1598 591 1668 σοφίας
619 1598 926 1670 δυνηθῆναι.
974 1597 1114 1667 Ἐγὼ
1139 1598 1196 1653 δὲ
1224 1600 1326 1671 ἤδη
1368 1598 1677 1672 πρεσϐύτης
1707 1598 1802 1664 ὢν,

236 1691 338 1745 καὶ
395 1691 601 1764 μακρὸν
657 1690 773 1760 βίου
813 1690 1033 1745 διελθὼν
1091 1692 1310 1763 χρόνον,
1357 1692 1560 1764 ἔκαμον
1621 1693 1701 1755 είς
1743 1692 1804 1746 τὸ

1901 523 2001 565 nec
2027 524 2221 565 aurum
2249 508 2478 579 probum
2510 506 2759 561 utilitatis
2806 505 3102 577 quidquam
3145 506 3457 561 habiturum

1900 608 2003 655 est.
2028 598 2218 670 Magna
2240 598 2402 653 etiam
2428 598 2582 669 plaga
2605 596 2786 651 omnia
2807 596 3111 667 occupabit,
3131 597 3198 653 ad
3217 598 3459 670 hydriatn

1900 692 2061 748 etiam
2093 707 2261 762 usque
2294 690 2362 746 ad
2394 686 2595 746 fontem
2641 689 2872 758 aliquem
2910 698 3164 755 stantem,
3205 697 3260 745 et
3283 699 3459 745 rotam

1901 782 2132 839 vehiculi
2160 798 2321 851 quam
2352 781 2406 836 in
2438 780 2691 836 cisterna:
2717 781 3051 835 ooncavitate
3069 781 3311 835 relictam
3341 796 3463 836 esse

1901 875 2222 947 contigerit:
2255 874 2304 928 7.
2347 873 2449 928 hoc
2478 872 2733 927 nimirum
2765 871 3095 926 ablutionem
3126 871 3331 927 ferente
3363 887 3464 927 sa:-

1902 968 2045 1032 culo,
2061 976 2115 1023 et
2137 964 2636 1022 circumvolutionis
2663 970 2719 1018 et
2740 963 2861 1033 ejus
2881 963 3002 1017 vitae
3016 978 3136 1033 quae
3151 978 3245 1033 per
3264 977 3461 1033 aquam

1903 1067 2267 1128 comparatur,
2295 1066 2508 1126 tempus
2530 1064 2933 1124 praetergresso.
2952 1052 3274 1109 Hominibus
3298 1069 3463 1123 porro

1904 1151 1957 1205 in
1989 1158 2134 1206 terra
2169 1148 2479 1218 jacentibus
2513 1147 2627 1201 haec
2681 1161 2787 1200 una
2832 1143 3025 1200 salutis
3073 1145 3213 1199 ratio
3252 1153 3370 1206 est,
3404 1155 3466 1199 ut

1901 1255 2089 1303 eorum
2122 1239 2315 1293 anima:
2343 1253 2466 1293 eum
2498 1246 2825 1308 agnoscant,
2862 1245 3045 1306 atque,
3078 1236 3146 1290 ad
3174 1251 3299 1289 eum
3333 1252 3465 1290 con-

1901 1333 2083 1388 volent
2109 1347 2140 1386 a
2166 1346 2276 1401 quo
2306 1339 2501 1387 creatae
2524 1337 2670 1384 sunt.
2706 1328 2760 1383 8.
2786 1326 3059 1400 ltaque,ut
3082 1344 3145 1382 ea
3173 1344 3294 1398 qum
3312 1328 3465 1398 prius

1902 1423 2014 1478 dixi
2062 1430 2321 1493 repetam,
2359 1421 2647 1477 admodum
2672 1434 2809 1475 vane
2831 1420 3087 1475 mortales
3110 1419 3286 1475 allecti
3314 1431 3461 1480 sunt,

1903 1522 2158 1583 tantaque
2187 1520 2268 1567 est
2295 1526 2627 1580 rerum,qu:e
2660 1510 2728 1565 ab
2769 1510 2875 1565 illis
2929 1511 3337 1580 excogitantur,
3370 1527 3467 1565 va-

1903 1605 2068 1672 nitas,
2111 1613 2169 1660 ut
2214 1604 2281 1659 ad
2329 1619 2515 1658 earum
2569 1601 2859 1658 vanitatem
2902 1603 3159 1658 accedere
3200 1603 3337 1658 nihil
3354 1618 3469 1658 om-

1907 1693 2039 1749 nino
2074 1695 2265 1767 possit,
2304 1693 2359 1748 9.
2390 1694 2469 1749 Ac
2507 1694 2641 1748 mihi
2672 1709 2887 1763 quoque
2914 1693 3090 1749 inanis
3125 1702 3175 1749 et
3209 1710 3468 1764 superva-

235 1783 493 1854 ἀνευρεῖν
531 1781 600 1835 τὰ
631 1781 708 1852 τῷ
745 1781 864 1853 Θεῷ
913 1780 1119 1854 ἀρεστά
1160 1782 1252 1836 διὰ
1284 1781 1391 1835 τῶν
1415 1783 1517 1853 τῆς
1549 1781 1805 1853 ἀληθείας

1915 1798 2106 1840 caneus
2130 1783 2283 1839 labor
2302 1785 2619 1855 suscipitur.
2642 1785 2912 1854 sapienter
2934 1791 2988 1838 et
3018 1783 3227 1839 erudite
3245 1786 3465 1842 concio-

240 1872 578 1946 μυστηρίων.
625 1873 952 1944 Ἐπίσταμαι
982 1892 1040 1927 τε
1072 1874 1146 1937 ὡς
1172 1874 1441 1945 ἐπεγείρει
1474 1873 1684 1944 ψυχὰς,
1710 1876 1804 1928 καὶ

233 1960 423 2014 νύττει
461 1962 557 2031 οὐχ
599 1956 761 2035 ἧττον
814 1961 883 2015 τὰ
910 1961 1015 2016 τῶν
1036 1962 1215 2033 σοφῶν
1255 1962 1681 2034 παραγγέλματα
1709 2005 1724 2029 ,
1769 1964 1801 2037 ἢ

233 2052 535 2108 διατίθεται
564 2053 789 2124 σώματα
820 2055 929 2126 (50)
959 2055 1280 2128 βουκέντρῳ,
1307 2057 1340 2128 ἢ
1366 2056 1477 2127 ἥλῳ
1508 2057 1807 2128 ἐμπερονη-

236 2142 403 2198 Θέντα
430 2144 562 2215 (31).
602 2143 916 2199 Δώσουσιδέ
960 2164 1103 2210 τινες
1153 2147 1219 2200 τά
1263 2147 1399 2218 σοφά
1442 2149 1624 2201 ἐκεῖνα
1661 2148 1803 2205 διδά-

234 2247 452 2299 γματα,
487 2235 616 2303 παρ’
647 2234 764 2298 ἑνὸς
783 2233 988 2304 ἀγαθοῦ
1015 2235 1268 2301 λαϐόντες
1307 2238 1563 2308 ποιμένος
1606 2238 1701 2292 καὶ
1725 2239 1804 2292 δι-

234 2322 531 2391 δασκάλου,
564 2324 750 2397 ὥσπερ
776 2326 835 2392 ἐξ
880 2327 996 2391 ἐνὸς
1045 2327 1306 2399 στόματος
1354 2329 1587 2393 ἅπαντες
1624 2330 1806 2393 αὐτοῖς

238 2415 551 2487 συμφώνως
573 2417 946 2491 δαψιλέστερον
974 2417 1041 2472 τὰ
1070 2419 1417 2473 πιστευθέντα
1440 2419 1798 2492 διηγούμενοι.

236 2508 433 2577 Λόγων
456 2509 513 2563 δὲ
545 2509 749 2563 πολλῶν
767 2511 915 2564 οὐδὲν
943 2509 1128 2580 ὄφελος
1150 2528 1162 2540 ·
1184 2511 1303 2565 οὐδέ
1333 2528 1413 2564 σοι
1434 2510 1802 2583 συμϐουλεύω,

238 2595 287 2652 ὦ
300 2600 479 2670 φίλος,
493 2601 723 2672 ἀνόνητα
749 2603 1120 2676 καταγράφειν
1138 2605 1207 2657 τά
1231 2604 1357 2676 περὶ
1372 2604 1505 2675 (⁸51⁸)
1523 2602 1582 2657 τὸ
1599 2603 1805 2674 προσῆ-

239 2708 371 2766 κον,
383 2694 440 2747 ὲν
459 2687 537 2758 οἷς
548 2693 638 2748 τοῦ
650 2696 876 2766 κάμνειν
887 2698 1006 2770 εἰκῆ
1021 2700 1166 2752 ἐστὶν
1188 2699 1338 2752 οὐδὲν
1352 2698 1529 2752 πλέον.
1548 2698 1707 2752 Ἀλλά
1720 2716 1806 2770 μοι

238 2783 432 2839 λοιπὸν
463 2786 710 2856 ὲπιλόγου
738 2789 916 2861 δεήσει
943 2790 1141 2845 τοιοῧδέ
1171 2809 1333 2860 τινος,
1357 2793 1439 2846 ὅτι
1457 2808 1471 2822 ο
1499 2787 1568 2844 Ὦ
1598 2790 1806 2864 ἅνθρω-

242 2896 362 2943 ποι,
397 2879 505 2934 ἰδοὺ
527 2880 821 2954 διαρρήδην
854 2883 981 2955 ὑμῖν
1008 2883 1099 2937 καὶ
1121 2884 1396 2955 συντόμως
1433 2882 1805 2954 προαγορεύω,

242 2970 528 3041 φοϐεῖσθαι
558 2971 656 3044 μὲν
682 2973 812 3028 Θεὸν
835 2973 924 3028 τὸν
947 2975 1158 3029 πάντων
1177 2975 1439 3045 δεσπότην
1463 2993 1520 3028 τε
1546 2974 1679 3046 ὁμοῦ
1710 2976 1809 3029 καὶ

242 3063 530 3134 ἐπόπτην,
569 3066 753 3135 τηρεῖν
798 3064 854 3118 δὲ
895 3066 1060 3119 αύτοῦ
1107 3066 1199 3119 καὶ
1237 3064 1304 3119 τά
1342 3066 1803 3137 παραγγέλματαο

1908 1877 2094 1931 nanti:
2123 1878 2320 1948 quippe
2363 1878 2453 1947 qui
2482 1878 2737 1947 populum
2774 1876 2920 1930 hunc
2936 1876 3130 1931 docere
3164 1878 3465 1948 aggrediar,

1909 1968 1981 2022 ita
2008 1967 2205 2023 misere
2252 1968 2566 2038 perditeque
2608 1967 2859 2021 affectum
2883 2007 2897 2029 ,
2937 1975 2994 2021 ut
3023 1981 3124 2021 nec
3160 1966 3464 2021 doctrinam

1909 2075 2009 2115 nec
2037 2061 2373 2115 curationem
2397 2060 2670 2115 admittat.
2700 2058 2849 2129 Opus
2869 2066 2955 2113 est
2982 2068 3160 2113 autem
3192 2059 3310 2112 viro
3337 2057 3465 2112 forti

1909 2161 1962 2207 et
1989 2167 2249 2223 generoso
2269 2193 2282 2218 ,
2315 2153 2382 2206 ad
2420 2152 2525 2206 hoc
2555 2161 2611 2206 nt
2631 2151 2911 2220 sapientiae
2944 2165 3225 2205 sermones
3254 2150 3469 2204 intelle-

1908 2253 1997 2299 ctu
2024 2242 2241 2313 assequi
2264 2250 2446 2312 queat.
2490 2240 2577 2296 10.
2614 2240 2725 2313 Ego
2750 2257 2879 2297 vero
2924 2241 3035 2311 jam
3066 2241 3286 2309 grandis
3314 2251 3464 2305 natu,

1912 2336 2239 2406 longumque
2261 2334 2383 2388 vitae
2408 2333 2642 2403 spatium
2672 2349 2948 2399 emensus,
2982 2333 3035 2387 in
3061 2334 3157 2399 iis,
3195 2349 3315 2403 qua:
3357 2332 3468 2387 Deo

1912 2435 2066 2498 grata
2095 2437 2149 2482 et
2180 2434 2397 2495 accepta
2426 2434 2572 2487 sunt,
2606 2440 2701 2495 per
2725 2424 2966 2479 veritatis
2992 2422 3248 2496 mysteria
3282 2425 3468 2494 exqui-

1909 2518 2114 2583 rendis,
2144 2518 2386 2573 animum
2418 2516 2730 2583 dcl‘atigavi.
2782 2517 2868 2572 ll.
2902 2516 3037 2570 lllud
3067 2524 3246 2571 autem
3278 2516 3468 2586 explo—

1912 2621 2088 2667 ratum
2104 2608 2522 2674 babeo,animos
2552 2624 2660 2663 non
2687 2608 2869 2663 minus
2886 2608 3229 2664 exstimulari
3262 2609 3470 2678 sapien-

1910 2709 2027 2754 tum
2060 2700 2362 2770 praeceptis,
2396 2714 2558 2769 quam
2601 2700 2779 2755 solent
2809 2714 3066 2769 corpora.
3110 2698 3331 2753 stimulo
3374 2710 3470 2754 aut

1912 2792 2066 2849 clavo
2089 2791 2301 2848 conﬁxa
2323 2800 2377 2847 et
2404 2790 2696 2861 perforata.
2748 2789 3006 2847 Nonnulli
3035 2802 3218 2847 autem
3253 2791 3470 2862 sapien-

1911 2883 2125 2940 tissima
2147 2883 2240 2939 illa
2269 2883 2594 2939 documenta
2623 2899 2653 2938 a
2693 2883 2837 2938 bono
2866 2899 2977 2938 uno
3016 2892 3233 2953 pastore
3260 2893 3314 2938 et
3352 2898 3469 2938 ma-

1912 2975 2082 3047 gistro
2097 2984 2335 3046 accepta,
2357 2976 2515 3046 quasi
2535 2992 2602 3033 ex
2623 2992 2732 3031 uno
2755 2991 2850 3031 ore
2867 2990 3057 3030 omnes
3079 2982 3240 3044 atque
3258 2974 3397 3028 inter
3414 2989 3473 3028 se

1913 3066 2208 3122 concordes
2236 3067 2476 3134 dabunt,
2511 3068 2773 3124 creditam
2803 3067 2904 3122 sibi
2942 3066 3244 3122 doctrinam
3283 3064 3472 3134 c0pio-

243 3154 530 3212 πείθεσθαι
559 3156 635 3221 δὲ,
658 3158 832 3211 πάντα
850 3158 970 3212 τινὰ
999 3158 1290 3229 μετέπειτα
1320 3159 1412 3212 καὶ
1435 3158 1807 3231 κριθήσεσθαι,

1915 3159 2028 3216 sius
2050 3168 2106 3215 et
2126 3160 2371 3215 ornatius
2394 3169 2744 3231 exponentes.
2775 3159 2863 3214 l2.
2890 3157 3156 3214 Caeterum
3182 3157 3471 3213 verborum

242 3247 345 3301 καὶ
372 3248 491 3301 κατ’
510 3247 665 3315 ἀξίαν
688 3249 1053 3321 ἀπολήψεσθαι
1072 3250 1300 3304 ἕκαστον
1317 3250 1422 3304 τῶν
1452 3251 1613 3305 αὑτοῦ
1636 3250 1811 3323 ἔργων

240 3338 347 3409 τὴν
378 3338 610 3411 ἀμοιϐήν
638 3339 854 3409 ἀγαθῶν
884 3357 944 3393 τε
969 3340 1102 3411 ὁμοῦ
1133 3341 1228 3395 καὶ
1251 3342 1487 3411 φαύλων.

1917 3253 2212 3308 multorum
2258 3253 2407 3308 nulla
2454 3262 2539 3309 est
2566 3253 2809 3307 utilitas:
2846 3267 2945 3307 nec
2975 3251 3105 3317 tibi,
3152 3249 3235 3305 vir
3276 3250 3472 3315 amice,

1914 3352 2107 3397 auctor
2149 3341 2323 3409 fuero,
2367 3351 2427 3398 ut
2476 3358 2540 3398 ea
2584 3358 2706 3414 qua:
2750 3343 2932 3397 minus
2975 3341 3256 3408 convenit,
3308 3339 3474 3394 inuti.

245 3437 286 3495 li
311 3446 486 3503 opera
511 3434 845 3501 conscribas,
867 3450 931 3490 ex
957 3435 1152 3505 quibus
1184 3444 1376 3508 praeter
1405 3436 1619 3493 inanem
1659 3436 1895 3493 laborem
1925 3438 2062 3493 nihil
2091 3438 2361 3494 commodi
2385 3438 2734 3508 percipiatur.
2772 3437 2861 3492 15.
2891 3435 3181 3507 Reliquum
3222 3436 3335 3506 jam
3367 3445 3471 3500 est,

244 3534 308 3583 ut
342 3526 657 3596 bujusmodi
686 3528 918 3598 quodam
963 3530 1176 3601 epilogo
1208 3540 1330 3586 utar
1355 3545 1370 3584 :
1404 3528 1449 3585 Ο
1477 3530 1745 3596 homines,
1774 3545 1840 3584 en
1869 3529 2022 3585 vobis
2060 3539 2242 3600 aperte
2264 3531 2604 3600 breviterque
2647 3529 2929 3594 denuntio,
2954 3538 3015 3584 ut
3033 3527 3201 3583 Deum
3227 3530 3473 3584 omnium

246 3618 541 3674 Dominum
568 3629 624 3675 et
661 3620 1016 3691 inspectorem
1061 3622 1297 3679 timeatis
1316 3622 1546 3692 ejusque
1572 3630 1834 3692 praecepta
1885 3623 2140 3687 servetis;
2179 3622 2268 3678 M.
2316 3622 2578 3692 vobisque
2624 3621 3018 3692 persuadeatis,
3064 3621 3249 3677 omnia
3281 3631 3471 3692 postea

246 3709 515 3782 judicium
570 3712 852 3780 subitura,
893 3721 1055 3783 atque
1095 3728 1535 3787 unumquemque
1580 3729 1803 3785 operum
1835 3729 2059 3769 suorum
2092 3723 2199 3770 tam
2245 3715 2510 3770 bonorum
2539 3729 2700 3784 quam
2742 3714 3009 3769 malorum
3040 3715 3339 3770 mercedem
3369 3728 3469 3783 pro

248 3806 463 3864 meritis
482 3814 850 3878 accepturum.

249 3963 613 4045 φιλαργυρίας
634 3964 862 4045 σχοινίον
886 4004 900 4028 ,
931 3964 989 4018 τὸ
1019 3964 1218 4045 πάσαις
1248 3965 1544 4045 ἁμαρτίαις
1588 3963 1815 4045 καταδεχ-

251 4033 479 4106 σμεῦον.
494 4033 880 4106 Paenitentiam
910 4051 1021 4104 age,
1040 4033 1345 4104 priusquam
1368 4033 1476 4088 'vita
1516 4044 1814 4103 praetereat,

249 4103 425 4175 inqua
454 4103 718 4175 funicufus
750 4114 825 4159 est
862 4103 1120 4168 avaritia,
1171 4103 1261 4175 qui
1304 4106 1530 4174 peccatis
1576 4105 1811 4158 omnibus

248 4173 558 4246 obstringit.
607 4173 730 4230 Ha-c
763 4176 928 4246 igitur
955 4184 1040 4246 est
1070 4173 1222 4245 plaga
1254 4173 1375 4246 quae
1421 4175 1729 4246 occupabit,
1759 4184 1815 4229 et

249 4244 511 4299 animata
537 4259 763 4314 corpore
790 4244 1088 4315 dissolutio
1120 4244 1499 4314 subse'quetur,
1534 4244 1702 4315 quam
1716 4244 1815 4315 hy-

248 4315 386 4369 dria:
414 4311 655 4384 rotatque
684 4312 984 4370 confractio
1008 4315 1272 4385 designat.
1302 4311 1440 4370 Duc.
1468 4311 1809 4385 e—Kaﬂéis't.

1921 3970 1972 4018 ct
2001 3963 2111 4017 dies
2138 3960 2557 4016 cunctabundum
2594 3969 3070 4031 prwtercurrentes.
3120 3959 3255 4014 Cum
3292 3969 3471 4031 autem

1920 4034 2083 4087 vertit
2108 4032 2317 4094 Billius,
2344 4048 2499 4102 quam
2531 4030 2849 4086 in’cisternw
2876 4031 3195 4102 concavitate
3238 4030 3473 4102 relictam

1920 4118 2031 4158 esse
2057 4098 2366 4172 contigerit,
2384 4102 2599 4172 videtur
2618 4103 2894 4157 emendari
2924 4102 3161 4156 voluisse
3179 4098 3475 4172 δεξαμενῆς

1954 4188 2016 4227 ro
2067 4170 2437 4244 παυσαμένης.
2480 4170 2577 4229 Est
2623 4173 2765 4227 enim
2811 4173 2960 4226 lacus
3000 4173 3083 4225 vel
3135 4170 3366 4244 cisterna
3390 4171 3475 4244 δε-

1950 4244 2155 4314 αμενή,
2184 4238 2327 4314 unde
2354 4238 2645 4314 Gregorius
2674 4252 2856 4314 noster
2891 4257 3055 4310 supra
3084 4257 3203 4312 cap.
3225 4240 3302 4314 2,
3336 4238 3364 4310 ς
3417 4241 3473 4305 6,

1916 4309 2203 4385 δεξάμεναι
2230 4313 2366 4385 πρὸς
2398 4309 2661 4383 ὑποδοχάς
2695 4311 2902 4385 ὑδάτων
2926 4309 3470 4385 κατεσκευάσθησαν.

250 4385 470 4456 Insigne
498 4380 744 4456 vei-bum,
771 4401 880 4456 quo
915 4385 1075 4439 etiam
1102 4380 1272 4440 utitur
1297 4386 1435 4441 intra
1467 4384 1524 4456 S.
1565 4383 1722 4438 Pater
1757 4385 1812 4437 in
1850 4435 1890 4456 ἢ
1920 4380 2286 4456 Deci—Hune
2309 4385 2484 4456 ipsum
2506 4380 2871 4456 ΔΙόὸιιιιῃίιιιιιό
2890 4382 3045 4456 aliter
3066 4380 3477 4456 προτευς.όί-

250 4470 356 4512 suo
376 4454 379 4455 ⁷
401 4455 472 4508 ad
503 4454 803 4525 Origenem‘
821 4454 999 4526 Paneg

250 4472 356 4512 suo
401 4472 471 4508 aa
503 4472 782 4525 ungencm
821 4472 999 4526 raneg
1037 4472 1082 4510 r.
1110 4496 1126 4521 ,
1174 4472 1295 4525 cap.
1343 4472 1409 4510 ιι)
1450 4472 1592 4510 Circa
1632 4472 1815 4519 unem,

248 4528 373 4589 ταῖς
398 4526 720 4596 φαντασίαις
749 4472 1141 4597 κατεχομένων.
1187 4524 1456 4597 Ηίοίνεῑο
1488 4523 1616 4597 illud
1661 4539 1822 4597 usur-

252 4606 348 4719 Rat
394 4594 590 4666 magna
632 4594 962 4664 notabilique
1007 4611 1132 4651 cum
1172 4595 1439 4666 emphasi,
1495 4594 1585 4649 ubi
1626 4595 1820 4649 miram

292 4680 399 4719 anc
465 4665 804 4719 Ecclesiaste
835 4666 1251 4719 descriptionem
1297 4681 1404 4719 non
1458 4667 1524 4719 ad
1573 4673 1820 4719 senectu-

292 4680 399 4720 anc
465 4665 804 4722 Ecclesiaste
835 4665 1404 4736 descriptionem’non
1458 4667 1524 4736 ad
1573 4673 1823 4736 senectu-

254 4747 387 4800 tem,
413 4737 509 4792 sed
557 4736 626 4791 ad
658 4732 1178 4791 consummationem
1223 4736 1407 4792 saeculi
1434 4735 1617 4790 refert.
1642 4732 1823 4804 _Hesy-

253 4806 415 4861 chius
439 4821 455 4859 :
486 4805 856 4878 Κατέχειῖθαι⁸
885 4805 1276 4878 θεοφορεῖσθαι.
1304 4806 1452 4878 Adde
1470 4804 1612 4861 Cui].
1640 4802 1820 4878 Budiei

253 4873 673 4947 commentarios;
695 4876 889 4947 linguis
916 4873 1132 4947 omne.
1164 4876 1406 4947 Bengel.,
1431 4876 1468 4928 l.
1504 4891 1578 4947 c.,
1615 4890 1667 4945 p.
1690 4873 1817 4947 252.

324 4945 443 5017 (28)
484 4947 581 5000 ἐν
602 4945 682 5013 τῷ
712 4945 1045 5017 κοιλώματα
1068 4945 1379 5001 Maluissem
1398 4955 1460 4999 ut
1487 4946 1823 5017 animadver-

252 5015 782 5072 tisset‘doctissimus
806 5016 997 5072 Billius
1025 5017 1449 5080 distinctionem,
1480 5030 1600 5086 qua:
1631 5015 1684 5069 in
1711 5029 1816 5086 ms.

253 5087 451 5141 Medic.
482 5087 730 5157 subditur
758 5096 877 5157 post
910 5102 1095 5142 vocem
1120 5086 1415 5157 κοιλώματι
1435 5128 1450 5152 ,
1490 5085 1815 5157 hocAmod‘o:

253 5158 312 5210 ιν
326 5154 773 5243 .τῷ⁹κοι;λεί›μξιτι,’
789 5157 1150 5243 παυσαμένης
1157 5154 1362 5243 χρόνων
1380 5173 1438 5210 τε
1460 5172 1534 5243 Ιπε

252 5229 351 5281 καὶ
377 5224 482 5297 τῆς
510 5225 573 5280 δι’
602 5224 788 5291 ὕδατος
808 5224 951 5297 ζωῆς
975 5224 1423 5298 παροδεύσαντος.
1457 5224 1635 5292 Quam
1657 5224 1819 5279 etiam

253 5298 602 5369 ὐποστιγμήν
642 5299 714 5375 ita
754 5297 1275 5375 subjiciendam‘alii
1325 5298 1433 5351 duo
1501 5297 1821 5375 interpretes

254 5366 619 5438 agnoverunt.
652 5366 939 5438 Joannes:
966 5366 1121 5438 ‘Cum
1160 5366 1324 5437 igitur
1376 5366 1598 5420 cessabit
1633 5382 1818 5418 cursus

258 5436 572 5507 temporum.
611 5437 915 5493 Musculus:
948 5436 1195 5492 Cessante
1234 5449 1343 5492 tum
1392 5446 1679 5507 temperant
1713 5438 1821 5507 ciri-

257 5504 428 5565 cuitu.
464 5517 515 5561 et
551 5508 742 5562 cacata
784 5508 979 5576 elapso.
1017 5508 1205 5563 Solent
1234 5510 1379 5563 enim
1412 5504 1596 5576 Patres
1641 5504 1817 5576 Graeci

258 5578 441 5633 dicere
461 5587 517 5632 et
540 5593 711 5632 annos
741 5587 791 5631 et
815 5574 1055 5647 tempora
1081 5594 1321 5637 currere,
1360 5586 1418 5630 ut
1458 5575 1701 5647 Basilius
1723 5574 1819 5647 ho-

261 5648 376 5700 mil.
416 5648 506 5718 Ἔν
530 5646 673 5718 λιμῷ
691 5662 704 5677 ·
749 5647 856 5699 Ῥεῖ
878 5649 907 5699 ό
928 5643 1127 5717 ’χρόνος
1150 5649 1243 5701 καὶ
1263 5647 1570 5718 ἐπείγονται
1595 5646 1651 5698 αἱ
1684 5643 1820 5714 ἠμέ-

264 5731 353 5790 ραι
377 5717 468 5772 τὸν
490 5716 716 5791 ὀκνηρὸν
748 5716 1203 5789 παρατρέχουσαι.
1252 5716 1399 5771 Fluit
1428 5716 1564 5770 enim
1593 5724 1815 5784 tempus,

1037 4435 1082 4510 ξ.
1109 4435 1434 4534 ζ”έξρἶᾱῑ
1450 4435 1815 4534 aggeres;
1849 4435 1891 4490 υ
1921 4435 2474 4534 anguigenae,
2505 4435 3033 4534 g.‘.’.‘,23_2_,iega_ique
3064 4435 3267 4534 χέων
3295 4435 3476 4534 ..περ

1921 4523 2110 4597 χρόνον
2139 4541 2219 4588 τε,
2247 4523 2391 4595 quod
2436 4524 2637 4597 habent
2670 4524 2832 4597 editi;
2865 4523 2932 4597 al)
2955 4524 3069 4597 ipso
3098 4523 3329 4597 fortasse
3362 4523 3473 4573 Du~

1921 4592 2032 4648 caeo
2051 4592 2298 4649 edoctus:
2321 4608 2429 4663 quo
2454 4593 2730 4657 nimirum,
2756 4593 2951 4663 inquit,
2976 4592 3278 4663 obscuritas
3307 4605 3471 4660 quam

1920 4665 2192 4720 recentior
2220 4662 2382 4718 etiam
2408 4662 2670 4732 interpres
2695 4662 2944 4732 offundit,
2979 4662 3122 4732 ultro
3157 4669 3375 4727 cesset,

1988 4732 2099 4805 (29)
2132 4734 2241 4789 Τοῦ
2270 4730 2677 4802 λουτροφὸρου
2704 4731 2936 4805 αἰῶνος.
2972 4730 3063 4805 _Sic
3096 4733 3200 4805 hoc
3229 4740 3477 4789 nostrum

1920 4802 2175 4859 saeculum
2213 4813 2404 4874 vocat;
2452 4805 2593 4874 quod
2613 4802 2851 4874 quandiu
2888 4804 2943 4855 in
2972 4802 3074 4859 bac
3105 4802 3220 4857 vita
3250 4818 3475 4874 sumus,

1920 4874 2065 4928 nulla
2091 4883 2174 4930 est
2198 4883 2308 4929 tam
2339 4871 2483 4927 foeda
2515 4871 2714 4942 peccati
2752 4872 2920 4937 labes,
2950 4887 3071 4940 quae
3091 4887 3213 4926 cum
3250 4871 3345 4927 Dei
3374 4886 3476 4942 ope

1918 4952 1972 4997 et
1996 4945 2365 5000 misericordia
2395 4941 2601 5012 deter-gi
2640 4951 2803 5011 atque
2831 4944 2975 4997 ablui
3006 4958 3113 4997 non
3144 4942 3335 5012 possit.
3376 4941 3475 4995 Vel

1916 5015 2082 5069 etiam
2124 5013 2356 5069 fortasse
2413 5013 2970 5084 λουτροφόρονίνοοιιι
3022 5014 3131 5084 hoc
3192 5013 3471 5078 saeculum,

1918 5093 2136 5155 propter
2171 5084 2384 5155 mystici
2412 5081 2986 5155 lavacriablutionem.
3011 5081 3162 5136 BILL.

1986 5150 2097 5223 (30)
2127 5150 2390 5223 Xéjrata.
2416 5153 2551 5209 Cod.
2569 5152 2801 5217 -Medic.,
2832 5152 2900 5223 τὰ
2924 5150 3172 5223 σῴματα.
3196 5151 3331 5208 Duc.

1989 5218 2100 5293 (ξι)
2137 5218 2292 5288 Ἦλῳ
2319 5223 2815 5293 ἐμπερονηθέντα.
2848 5218 3210 5284 ιΧΧζΕτωυ.
3255 5238 3355 5283 xn,
3386 5218 3473 5284 ll,

1915 5289 2131 5365 ὼςῆλοι
2163 5289 2574 5364 πεφυτέυμένοι,
2604 5289 2761 5365 quasi
2787 5294 2920 5348 clavi
2944 5294 3209 5365 plantati:
3242 5307 3340 5361 pro
3365 5303 3477 5365 quo

1919 5365 2011 5437 alii
2036 5359 2171 5437 libri
2202 5359 2833 5437 Ιιὸϋθηίπεπυρωμένοι,
2872 5359 3047 5437 igniti.
3090 5359 3283 5437 Vulgi,
3322 5359 3476 5437 quasi

1919 5435 2051 5488 clavi
2079 5436 2137 5488 in
2176 5434 2344 5488 altum
2382 5431 2718 5501 deﬁxifQuu:
2746 5431 2927 5489 omnia
2966 5431 3355 5503 Metaphrastes
3390 5431 3475 5483 hic

1917 5513 2106 5560 noster
2135 5505 2367 5560 clariora
2415 5507 2494 5560 sic
2522 5505 2786 5559 reddidit:
2840 5503 3111 5559 Suscitant
3153 5503 3357 5555 animos
3382 5517 3476 5554 sa—

1918 5577 2149 5643 pientum
2177 5584 2469 5643 praecepta;
2494 5584 2544 5628 et
2571 5583 2804 5644 pungunt
2820 5591 2921 5629 non
2939 5574 3141 5644 minus,
3171 5587 3328 5644 quam
3350 5570 3469 5638 ofﬁ-

1920 5640 2129 5699 ciuntur
2155 5640 2394 5715 corpora,
2418 5640 2631 5701 stimulo
2652 5640 2744 5697 aut
2779 5645 2923 5702 clavo
2955 5640 3192 5712 trajecta.
3221 5640 3382 5698 Voss.

1989 5716 2128 5787 (δι’)
2168 5715 2316 5786 Legit
2336 5716 2599 5786 interpres
2632 5716 2798 5784 παρά.
2825 5768 2829 5773 .
