3950 6326
195 339 320 394 1021

1440 339 1776 398 EPISTULA
1815 339 2178 398 CANONICA.
2227 381 2230 383 λ

3308 343 3440 396 ιοεε

197 475 215 508 ι
255 456 533 509 κοινωνεῖν
559 454 668 509 τῶν
696 454 885 527 εὐχῶν.
953 454 1015 508 Ei
1057 455 1240 526 μέντοι
1279 455 1365 519 τὶς
1391 458 1450 509 ὲν
1486 458 1632 530 ἄκρᾳ
1664 475 1769 511 σω·

1879 476 1897 508 ι
1935 474 2150 512 summa
2179 457 2511 512 continentia
2544 458 2758 524 vixerit,
2787 467 2842 514 et
2869 474 3058 528 puram
3083 459 3152 513 ab
3183 461 3441 529 omnique

199 571 214 602 ι
256 550 503 623 φροσύνῃ
531 549 764 622 ζήσασα,
801 550 895 604 καὶ
923 549 1160 622 καθαρὸν
1189 551 1284 604 καὶ
1311 550 1415 615 ἔξω
1442 552 1620 622 πάσης
1643 553 1768 605 ὑπο-

190 661 207 691 ι
246 641 398 704 νοίας
430 639 838 711 ὲπιδεδειγμένη
877 639 991 709 βίον
1015 640 1106 693 τὸν
1134 639 1430 712 πρότερον,
1476 638 1570 693 νῦν
1615 657 1768 711 περι-

193 752 210 784 ι
254 733 543 785 πέπτωκεν
565 733 629 784 ὲκ
657 731 773 801 βίας
801 732 894 785 καὶ
927 731 1173 802 ἀνάγκης
1207 731 1358 803 ὖόρει
1383 771 1396 796 ,
1426 731 1619 802 ἔχομεν
1665 749 1768 783 πα-

188 841 208 874 ι
251 824 523 894 ράδειγμα
550 822 611 876 τὸ
643 825 701 876 ὲν
729 823 807 894 τῷ
839 824 1268 892 Δευτερονομὶῳ
1308 823 1368 876 τὸ
1404 824 1494 876 ἐπὶ
1539 825 1604 894 τῇ
1639 825 1765 877 νεά-

190 935 208 967 ι
249 916 378 980 νιδι,
401 917 469 987 ἢν
491 917 549 969 ὲν
578 915 655 986 τῷ
678 915 843 986 πεδίῳ
867 908 1023 988 εὗρεν
1055 915 1356 988 ἄνθρωπος,
1383 916 1478 970 καὶ
1505 916 1768 987 βιασάμε-

189 1027 207 1059 ι
247 1025 341 1072 νος
368 1008 566 1079 αὐτὴν.
608 1007 873 1080 ἐκοιμήθη
910 1008 1025 1080 μετ’
1063 1008 1264 1080 αὐτῆς·
1325 1008 1403 1078 Τῇ
1432 1009 1657 1063 νεάνιδι
1696 1012 1766 1063 οὐ

190 1118 208 1149 ο
251 1097 561 1165 ποιήσετε,
617 1099 815 1171 φησὶν,
863 1099 1076 1154 οὐδέν·
1117 1101 1228 1154 οὐκ
1255 1101 1389 1154 ἐστι
1430 1099 1504 1168 τῇ
1543 1098 1766 1154 νεάνιδι

189 1210 208 1242 ς
245 1190 563 1261 ἁμάρτημα
586 1189 843 1246 θανάτου
863 1209 876 1222 ’
903 1191 991 1245 ὅτι
1027 1192 1128 1258 ὡς,
1181 1192 1237 1245 ει
1265 1209 1355 1258 τις
1384 1190 1624 1260 ἀναστῇ
1660 1191 1765 1243 ἇν-

188 1301 208 1334 i
251 1287 486 1351 θρωπος
505 1282 604 1336 ἐπὶ
627 1283 734 1337 τὸν
753 1284 1022 1351 πλησίον
1045 1283 1231 1336 αὑτοῦ
1253 1323 1267 1347 ,
1312 1283 1410 1336 καὶ
1449 1280 1765 1349 θανατώσῃ

189 1393 207 1426 ι
251 1375 444 1429 αὑτοῦ
499 1375 615 1443 τὴν
660 1375 916 1444 ψυχὴν,
955 1374 1108 1428 οὕτω
1155 1373 1221 1428 τὸ
1268 1373 1506 1444 πρᾶγμα
1554 1374 1762 1428 τοῦτο·

188 1486 206 1517 ο
247 1468 508 1536 ἐϐόησεν
534 1470 572 1536 ἠ
597 1465 818 1534 νεᾶνις,
851 1468 946 1521 καὶ
981 1471 1013 1522 ὁ
1038 1465 1282 1536 βοηθῶν
1332 1469 1442 1520 οὐκ
1477 1463 1558 1538 ἦν
1589 1465 1762 1535 αὐτῇ.

187 1557 379 1612 Ταῦτα
406 1558 585 1628 μέντοι
617 1561 856 1617 τοιαῦτα.
873 1581 890 1612 ι

256 1653 459 1706 ΒΑΛΣ.
505 1654 830 1726 Ἐρωτηθεὶς
873 1655 902 1708 ὁ
944 1653 1101 1722 ἅγιος
1159 1649 1421 1725 περὶστοῦ
1474 1651 1526 1706 τί
1564 1650 1765 1720 ὀφείλει

179 1744 436 1814 γίνεσθαι
475 1747 554 1808 είς
592 1746 718 1809 τοὺς
755 1745 1113 1815 Χριστιανοὺς
1145 1745 1269 1809 τοὺς
1303 1743 1766 1816 αἰχμαλωτισθέν-

185 1855 292 1902 τας
324 1837 479 1908 παρὰ
509 1836 819 1911 βαρϐάρων,
847 1837 940 1891 καὶ
969 1837 1241 1906 φαγόντας
1269 1836 1338 1890 τὰ
1378 1835 1529 1908 παρὰ
1565 1834 1768 1889 τούτων

180 1931 377 1990 αὐτοῖς
425 1929 838 2000 παρατιθέμενα
893 1929 1242 1983 εἰδωλόθυταο
1292 1927 1666 1998 ἀπελογήσατο
1693 1927 1768 1991 ὡς

177 2021 251 2076 τὰ
302 2020 570 2094 βρώματα
607 2021 779 2075 ταῦτα
823 2022 882 2075 οὐ
939 2021 1112 2094 βαρεῖ,
1144 2022 1262 2076 ἀντὶ
1290 2022 1402 2090 τοῦ,
1439 2021 1499 2076 οὺ
1547 2019 1768 2094 βαρεῖαν

177 2115 413 2185 εμποιεί
450 2113 681 2186 βλάϐηψ
717 2115 811 2168 καὶ
842 2116 1038 2186 μᾶλλον
1066 2116 1146 2168 ὅτι
1172 2110 1253 2178 εἷς
1279 2115 1436 2184 λόγος
1461 2115 1610 2189 παρὰ
1643 2116 1771 2169 πάν-

175 2224 315 2271 των,
346 2207 515 2278 ήγουν
544 2209 630 2262 ὅτι
661 2209 858 2272 πάντες
891 2207 1110 2277 λέγουσι
1147 2208 1220 2279 μὴ
1269 2207 1424 2262 θῦσαι
1471 2212 1582 2272 τοῖς
1614 2208 1769 2262 εἰδώδ

176 2298 296 2364 λοις
351 2301 480 2364 τοὺς
526 2298 595 2354 τὰ
643 2300 888 2371 ἡμέτερα
942 2299 1387 2372 καταδραμόντας
1442 2300 1766 2373 βαρϐάρους.

180 2391 437 2464 Παράγει
484 2391 540 2445 δὲ
574 2393 667 2446 καὶ
698 2393 763 2444 ὲκ
801 2390 897 2444 τοῦ
943 2391 1264 2444 Ἀποστόλου
1299 2393 1544 2464 χρήσεις,
1575 2393 1668 2447 καὶ¹
1702 2395 1766 2446 ἐκ

177 2483 277 2538 τοῦ
313 2482 677 2553 Εὐαγγελίοψ
711 2486 777 2538 ἐκ
810 2485 908 2556 μὲν
934 2484 1028 2538 τοῦ
1067 2485 1385 2538 Ἀποστόλου
1414 2485 1492 2550 τὸ,
1514 2487 1590 2540 Τά
1612 2487 1770 2554 ,ϐρώ-

176 2593 344 2646 ματα
362 2575 439 2646 τῇ
465 2577 661 2644 κοιλίᾳ
688 2577 786 2633 καὶ
814 2578 852 2646 ἠ
879 2577 1075 2630 κοιλία
1105 2577 1230 2642 τοῖς
1247 2575 1561 2646 βρώμασιν
1585 2594 1599 2607 ο
1637 2580 1668 2631 ό
1703 2577 1772 2631 δὲ

181 2668 336 2736 Θεὸς
361 2667 704 2738 καὶταύτην
727 2667 826 2723 καὶ
857 2667 1044 2722 ταῦτα
1075 2667 1534 2737 καταργήσει.’0
1549 2668 1613 2741 δὴ
1635 2671 1771 2723 ἁπο-

183 2761 441 2815 στολικδν
487 2763 684 2833 χωρίον
719 2761 846 2832 περὶ
881 2761 1195 2832 πλησμονῆς
1229 2761 1374 2830 λέγει
1429 2762 1522 2816 καὶ
1550 2779 1774 2834 γαστρι-

187 2854 469 2926 μαργίαςο
495 2856 588 2909 καὶ
616 2853 878 2927 βρώματα
911 2856 1028 2925 μὲν,
1057 2854 1126 2908 τὰ
1146 2854 1376 2926 περιττά
1403 2853 1653 2926 ὀνομάζει
1679 2856 1774 2909 καὶ

184 2949 291 3019 τὴν
317 2949 534 3020 τρυφήν
551 2965 566 2980 ο
594 2947 798 3002 κοιλίαν
822 2949 878 3001 δὲ
903 2947 1000 3020 τὴν
1025 2948 1486 3020 γαστριμαργίαν,
1514 2948 1626 3002 ἀλλ’
1652 2948 1773 3019 οὐχὶ

184 3038 288 3111 τὴν
312 3039 575 3113 γαστέρα.
609 3039 710 3094 Διὰ
739 3039 795 3094 δὲ
826 3040 1031 3092 τούτων
1070 3041 1098 3091 ὁ
1143 3039 1462 3104 Ἀπόστολος
1488 3039 1655 3108 λέγει,
1691 3040 1772 3092 ὅτι

186 3134 223 3204 ἡ
273 3131 556 3204 ἀδηφαγία
595 3132 692 3186 καὶ
737 3132 772 3203 ή
821 3131 998 3203 τρυφὴ
1029 3133 1093 3203 τῇ
1122 3132 1532 3204 γαστριμαργίᾳ
1560 3133 1768 3203 ἀνήκει,
1799 3158 1839 3215 C

187 3223 310 3279 ἀλλ’
338 3224 400 3278 οὐ
448 3224 583 3296 πρὸς
615 3223 746 3277 Θεὸν
790 3224 973 3295 φέρει·
1006 3223 1100 3276 καὶ
1129 3225 1196 3294 τῇ
1229 3224 1406 3295 τρυφῇ
1448 3223 1510 3277 τὸ
1550 3223 1650 3294 τῆς
1679 3240 1772 3292 γα-

188 3313 561 3386 στριμαργίας
601 3314 771 3378 πάθος
801 3313 1096 3384 ᾠκείωται,
1133 3313 1225 3367 καὶ¹
1277 3311 1504 3384 θάτερον
1559 3311 1772 3385 θατέρῳ

184 3405 530 3460 semestre
558 3406 615 3459 δὲ
646 3405 778 3468 Θεὸς
822 3404 1076 3477 ἄπρακτα
1109 3405 1202 3457 καὶ
1234 3405 1377 3476 ἀργὰ
1408 3405 1621 3476 ποιήσει
1653 3404 1776 3458 ταῦ-

187 3514 285 3562 τα,
317 3496 460 3551 ὥστε
498 3497 572 3570 μή
606 3497 665 3563 ἐξ
705 3498 882 3552 αὐτῶν
919 3514 1071 3561 τινας
1104 3497 1452 3567 βλάπτεσθαι.
1473 3498 1564 3551 Ἐκ
1595 3497 1650 3550 δὲ
1682 3497 1774 3551 τοῦ

191 3589 534 3658 Εὑαγγελίου
585 3591 853 3662 ἐχρήσατο
902 3592 1014 3656 τοῖς
1062 3589 1154 3643 τοῦ
1197 3591 1526 3659 Εὐαγγελίου
1567 3592 1775 3663 ῥήμασι

191 3683 310 3745 τοῖς
364 3680 632 3751 λέγουσιν,
665 3683 768 3746 ὅτι,
810 3683 891 3736 Οὐ
940 3680 1007 3735 τὸ
1049 3682 1552 3751 εἰσπορευόμενον
1589 3683 1783 3736 κοινοῖ

191 3772 302 3826 τὸν
331 3773 666 3842 ἄνθρωπον.
694 3771 826 3828 Εἶτα
858 3775 951 3828 καὶ
978 3775 1105 3847 περὶ
1125 3774 1398 3845 γυναικῶν
1417 3773 1775 3845 αἰχμαλώτων

192 3860 285 3929 αἷς
341 3867 390 3918 οἱ
448 3865 712 3938 βάρϐαροι
766 3867 1208 3939 συνεφθάρησαν·
1246 3868 1340 3921 καί
1378 3885 1561 3939 φησιν,
1594 3869 1696 3932 ὅτι,
1728 3869 1777 3922 εἰ

194 3959 300 4030 μὲν
323 3960 351 4011 ὁ
378 3958 570 4031 πρώην
601 3960 778 4014 αὐτῶν
795 3960 906 4031 βίος
933 3961 1375 4032 κατεγνωσμένος
1395 3957 1484 4033 ἦν,
1506 3962 1777 4026 ὑπόπτους

189 4051 366 4115 αὐτάς
418 4055 562 4105 ποιεί
611 4055 643 4124 ὴ
700 4053 932 4126 πορνικὴ
975 4054 1086 4121 ἕξις
1119 4055 1214 4108 καὶ
1254 4057 1312 4108 ἐν
1364 4053 1443 4124 τῷ
1474 4053 1650 4125 καιρῷ
1680 4055 1778 4124 τῆς

193 4142 596 4213 αἰχμαλωσίας.
649 4145 760 4198 Καὶ
804 4144 891 4198 διὰ
933 4145 1090 4200 τοῦτο
1130 4146 1434 4218 προχείρως
1478 4145 1668 4208 αὐταῖς
1713 4145 1774 4197 οὐ

196 4233 556 4305 συνεύχεσθαι
583 4235 679 4300 δεῖ,
705 4237 839 4290 ἀλλὰ
873 4237 1011 4309 μετὰ
1037 4238 1096 4291 τὸ
1121 4237 1402 4292 δουλεῦσαι
1427 4238 1626 4310 δηλαδή
1655 4240 1776 4291 ἑπι-

195 4327 584 4400 τιμίοις.”Εξις
613 4328 670 4383 δέ
700 4331 845 4382 ἐστιν
879 4332 912 4401 ἡ
949 4329 1131 4402 μακρὰ
1161 4329 1418 4401 συνήθεια
1444 4330 1537 4384 καὶ⁵
1562 4329 1636 4401 τῷ
1660 4329 1779 4400 χρό-

195 4439 270 4492 νῳ
306 4419 664 4489 παγιωθεῖσα,
700 4423 821 4492 ἥτις
853 4423 947 4475 καὶ
979 4422 1135 4491 φύσει
1168 4423 1512 4495 προσέοικεν
1545 4422 1686 4476 ὥστε
1718 4423 1774 4477 αἱ

1875 568 1892 598 ι
1929 549 2242 618 suspicione
2300 547 2533 602 alienam
2596 548 2832 614 priorem
2884 548 3052 602 vitam
3119 550 3439 618 ostenderit,

1874 660 1892 691 ς
1933 656 2078 695 nunc
2102 641 2152 695 vi
2174 649 2226 695 et
2257 640 2581 695 necessitate
2600 640 2665 693 ad
2698 641 2957 708 probrum
2990 643 3442 699 contumeliamve

1873 751 1892 784 ι
1933 733 2082 803 lapsa
2114 732 2505 798 sit;habemus
2553 733 2866 800 exemplum
2908 734 3052 802 quod
3081 743 3162 789 est
3210 734 3264 788 in
3303 733 3444 790 Deo-

1873 843 1892 875 ι
1935 824 2260 890 teronomio,
2291 823 2359 878 de
2382 822 2807 887 adolescentula,
2839 838 3002 892 quam
3029 824 3193 879 homo
3225 824 3280 877 in
3309 840 3442 894 agro

1875 935 1893 968 ι
1930 915 2156 981 invenit,
2206 925 2258 971 et
2289 931 2354 970 ea
2392 915 2444 970 vi
2487 931 2800 985 compressa
2843 931 2968 970 cum
3015 916 3130 984 ipsa
3178 915 3439 970 dormiit:

1874 1028 1892 1061 ι
1933 1008 2365 1074 Αάοιεεεεηιιιίτε,
2408 1008 2605 1078 inquit,
2630 1007 2760 1061 nihil
2787 1007 3017 1077 facietis.
3046 1023 3146 1061 non
3166 1017 3242 1062 est
3261 1007 3443 1062 adole—

1875 1121 1892 1153 ι
1935 1102 2182 1156 scentula:
2201 1110 2470 1169 peccatum
2501 1101 2722 1154 mortis:
2771 1101 2896 1170 quia
2926 1101 3364 1170 quemadmodum
3397 1104 3443 1156 si

1874 1213 1893 1245 ι
1929 1195 2044 1265 quis
2069 1195 2219 1247 homo
2251 1194 2498 1247 adversus
2531 1194 2829 1261 proximum
2876 1210 3029 1246 suum
3070 1195 3441 1263 insurrexerit,

1874 1307 1890 1338 ι
1926 1297 1974 1341 et
2006 1287 2170 1355 ipsius
2213 1285 2446 1339 animam
2487 1295 2652 1339 morte
2680 1285 2936 1354 effecerit,
2967 1286 3044 1339 sic
3075 1287 3184 1357 [tam
3230 1303 3308 1341 res
3331 1299 3445 1352 est;

1873 1396 1892 1430 ‹
1931 1377 2322 1432 adolescentulo
2352 1378 2668 1432 exclamavit
2693 1420 2706 1445 ,
2732 1389 2781 1431 et
2811 1395 2913 1432 non
2943 1390 3058 1432 erat
3087 1382 3176 1449 qui
3209 1382 3256 1434 ei
3297 1395 3444 1449 opem

1874 1490 1892 1523 ε
1931 1471 2089 1541 ferret
2120 1473 2162 1524 ⁸.
2192 1469 2318 1527 Ηεεο
2341 1472 2559 1542 quidem
2591 1480 2738 1527 certe
2769 1473 2840 1526 ita
2875 1488 2932 1528 se
2958 1473 3181 1527 habent.
3220 1493 3238 1524 ›

1938 1656 2094 1712 ΒΑιε.
2138 1655 2370 1713 Sanctus
2416 1656 2780 1727 interrogatus
2830 1655 2960 1726 quid
3019 1664 3268 1726 oporteat
3323 1656 3438 1710 fieri

1869 1749 2210 1815 Christianis,
2241 1749 2335 1818 qui
2381 1765 2410 1803 a
2437 1750 2686 1805 barbaris
2716 1749 2853 1818 capti
2901 1757 3048 1813 sunt,
3080 1757 3133 1803 et
3158 1764 3280 1818 quae
3310 1749 3444 1818 ipsis

1869 1843 1936 1897 ab
1959 1842 2038 1896 eis
2061 1843 2468 1912 apponebantur
2494 1841 2787 1913 idolothyta
2809 1840 3191 1906 comederunt;
3218 1855 3443 1910 respon-

1867 1934 1948 1990 dit
1973 1953 1984 1988 :
2014 1934 2076 1989 Hi
2109 1935 2213 1990 cibi
2244 1950 2350 1988 non
2375 1944 2618 2004 gravant,
2654 1933 2707 1987 id
2737 1943 2837 1996 est,
2864 1947 2969 1986 non
2994 1947 3154 2001 grave
3179 1932 3440 1986 damnum

1869 2026 2136 2094 afferunt;
2167 2035 2221 2081 et
2242 2026 2474 2080 maxime
2497 2025 2638 2094 quod
2662 2039 2802 2078 unus
2833 2032 2915 2078 est
2944 2038 3124 2078 sermo
3154 2023 3296 2092 apud
3323 2038 3443 2077 om-

1868 2137 1984 2186 nes,
2019 2120 2133 2175 sive
2163 2119 2306 2190 quod
2331 2133 2521 2174 omnes
2542 2118 2746 2183 dicunt,
2785 2117 2943 2172 idolis
2972 2131 3078 2171 non
3106 2116 3446 2171 sacrificasse

1868 2213 2152 2277 barbaros,
2181 2213 2274 2284 qui
2303 2213 2356 2266 in
2384 2219 2569 2267 nostra
2598 2210 2940 2266 incursiones
2983 2210 3179 2265 fecere.
3213 2210 3446 2264 Adducit

1868 2313 2046 2359 autem
2096 2313 2149 2358 et
2199 2319 2266 2359 ex
2299 2304 2561 2374 Apostolo
2593 2309 2646 2357 et
2673 2319 2740 2358 ex
2775 2302 3072 2374 Evangelio
3123 2303 3438 2359 sententias.

1870 2394 1948 2449 Ex
1976 2394 2241 2464 Apostolo
2272 2395 2490 2463 quidem
2527 2412 2541 2448 ε
2573 2392 2724 2448 Esca:
2766 2395 2952 2459 ventri,
2982 2403 3031 2447 et
3066 2403 3242 2448 venter
3274 2395 3442 2456 escis;

1871 2483 2010 2537 Deus
2039 2492 2213 2536 autem
2253 2492 2303 2536 et
2341 2499 2458 2536 eum
2485 2491 2534 2536 et
2560 2482 2655 2536 has
2683 2483 2936 2537 destruet.
2978 2483 3080 2550 Qui
3111 2484 3328 2554 quidem
3359 2483 3445 2537 lo-

1871 2591 1969 2630 cus
2017 2574 2348 2644 apostolicus
2387 2572 2628 2643 loquitur
2661 2575 2728 2629 de
2759 2575 3053 2644 repletione
3081 2585 3136 2629 et
3161 2575 3398 2647 ingluvie
3430 2594 3442 2630 :

1869 2676 1923 2722 et
1944 2681 2100 2721 escas
2125 2664 2340 2737 quidem
2367 2664 2612 2719 nominat
2631 2679 2693 2718 ea
2723 2680 2843 2734 quae
2867 2673 2994 2719 sunt
3019 2680 3442 2734 supervacanea,
3481 2711 3484 2715 .

1872 2775 1936 2814 ac
1958 2758 2212 2825 delicias;
2242 2765 2484 2812 ventrem
2518 2767 2721 2823 autem,
2759 2758 3109 2811 voracitatem
3139 2757 3294 2822 dixit,
3333 2773 3441 2810 non

1870 2867 1999 2908 vero
2037 2850 2417 2906 ventriculum.
2448 2849 2552 2904 Per
2594 2850 2708 2904 haec
2739 2860 2916 2904 autem
2964 2849 3098 2905 dicit
3135 2849 3445 2919 Apostolus,

1871 2937 2013 3006 quod
2038 2941 2367 2993 exsaturatio
2397 2946 2451 2991 et
2477 2937 2635 2992 luxus
2660 2937 2728 2990 ad
2761 2937 3053 3006 ingluviem
3079 2939 3445 3008 pertinet,sed

1871 3047 2047 3100 neque
2075 3030 2143 3085 ad
2184 3029 2352 3086 Deum
2383 3030 2602 3086 deducit
2632 3051 2645 3084 :
2686 3031 2834 3084 luxui
2867 3039 3046 3085 autem
3081 3031 3332 3100 ingluviei
3365 3031 3446 3084 vi~

1872 3121 2010 3177 tium
2061 3120 2328 3176 familiare
2380 3121 2642 3184 redditur,
2682 3129 2736 3174 et
2787 3121 3014 3176 alterum
3063 3122 3214 3176 alteri
3261 3123 3444 3177 servit.

1874 3211 2018 3268 Deus
2050 3225 2231 3268 autem
2267 3229 2329 3268 ea
2355 3214 2530 3268 otiosa
2561 3219 2616 3267 et
2643 3211 2937 3267 inefﬁcacia
2972 3213 3186 3278 elIiciet,
3213 3223 3272 3269 ut
3313 3215 3446 3268 nulli

1873 3303 1942 3360 ab
1971 3304 2051 3359 eis
2080 3304 2362 3359 laedantur.
2403 3303 2481 3358 Ex
2510 3303 2799 3374 Evangelio
2830 3314 3014 3359 autem
3053 3322 3185 3361 usus
3216 3316 3302 3362 est
3331 3323 3450 3363 ver—

1874 3395 1960 3450 bis
1992 3394 2264 3466 Evangelii
2293 3411 2414 3466 quae
2442 3395 2631 3450 dicunt
2665 3412 2679 3450 :
2708 3395 2861 3461 Quod
2907 3397 3073 3451 intrat
3100 3415 3192 3467 per
3221 3415 3300 3463 os,
3346 3416 3450 3453 non

1874 3489 2178 3558 coinquinat
2202 3488 2481 3542 hominem.
2510 3487 2710 3543 Deinde
2739 3489 2805 3544 de
2836 3490 3064 3559 captivis
3085 3507 3300 3561 quoque
3329 3509 3450 3547 mu-

1877 3581 2120 3647 lieribus,
2155 3581 2354 3652 quibus
2387 3581 2600 3636 barbari
2627 3593 2874 3653 stuprum
2908 3581 3207 3639 intulerunt
3234 3601 3250 3637 :
3281 3595 3333 3640 et
3361 3585 3448 3640 di-

1875 3672 1970 3736 cit,
2010 3671 2154 3742 quod
2202 3672 2246 3727 si
2303 3673 2473 3742 prima
2504 3674 2719 3743 quidem
2755 3690 2944 3729 eorum
2985 3675 3092 3729 vita
3133 3686 3277 3730 esset
3311 3691 3442 3730 con-

1875 3764 2148 3829 demnata,
2195 3775 2476 3833 suspectas
2533 3781 2630 3821 eas
2677 3765 2807 3822 facit
2858 3766 3186 3820 fornicarius
3232 3766 3451 3821 habitus

1875 3855 2037 3911 etiam
2066 3864 2307 3926 tempore
2338 3857 2682 3926 captivitatis.
2721 3857 2784 3911 Et
2810 3866 3094 3927 propterea
3134 3873 3242 3912 non
3285 3873 3452 3928 opor-

1877 3958 1954 4003 tet
1987 3947 2142 4003 facile
2173 3965 2296 4004 cutn
2327 3948 2407 4004 eis
2437 3964 2616 4013 orare,
2649 3950 2742 4005 sed
2783 3960 3069 4020 postquam
3098 3950 3274 4019 pinnis
3308 3951 3450 4005 vide-

1878 4042 2004 4096 licet
2033 4041 2303 4111 impositis
2337 4057 2396 4095 se
2442 4041 2846 4098 submisisscnt.
2881 4042 2977 4098 Est
3016 4055 3195 4098 autem
3227 4042 3448 4099 habitus

1877 4133 2036 4202 longa
2069 4130 2425 4197 consuetudo,
2465 4147 2587 4200 quae
2613 4139 2854 4201 tempore
2885 4147 3102 4202 quoque
3130 4134 3449 4188 conﬁrmata

1877 4233 1994 4286 est,
2056 4237 2178 4292 qua:
2232 4220 2299 4275 ad
2356 4231 2608 4276 naturam
2661 4222 2823 4277 etiam
2879 4222 3234 4279 similitudine
3285 4240 3448 4293 quam

1878 4313 2124 4382 proxime
2149 4312 2571 4379 accedit.Quare
2597 4330 2717 4384 quae
2745 4315 2880 4372 tales
2906 4333 3014 4371 non
3039 4325 3183 4381 sunt,
3215 4318 3447 4382 violatae,

1880 4420 1988 4459 non
2022 4415 2332 4475 peccarunt.
2374 4404 2635 4476 Exemplo
2682 4417 2862 4464 autem
2896 4425 3030 4464 usus
3063 4418 3146 4464 est
3179 4409 3293 4480 lege
3330 4427 3452 4480 quae

196 4516 272 4586 μὴ
329 4513 575 4568 τοιαῦται
637 4515 736 4584 οὐχ
778 4513 1022 4585 ἥμαρτον
1071 4494 1392 4584 βιασθεῖσαι.
1443 4516 1552 4568 Καὶ
1603 4531 1772 4586 παρα-

1884 4495 1937 4548 ἰη
1974 4494 2390 4552 Deuteronomio
2421 4497 2668 4564 habetur,
2700 4497 2766 4552 de
2804 4499 3012 4569 virgine
3045 4501 3133 4555 cui
3164 4500 3218 4554 in
3261 4501 3451 4556 solituv

193 4608 453 4678 δείγματι
485 4606 749 4678 κέχρηται
791 4609 857 4676 τῇ
902 4608 960 4659 ἐν
988 4605 1066 4672 τῷ
1092 4607 1490 4679 Δευτερονομίῳ
1518 4607 1778 4678 θεσμοθε-

194 4703 289 4775 σία
321 4705 390 4772 τῇ
425 4702 553 4772 περὶ
585 4700 684 4770 τῆς
716 4697 1064 4770 ὑϐρισθείσης
1096 4699 1362 4770 παρθένου
1396 4698 1535 4752 κατὰ
1571 4698 1690 4769 βίαν
1719 4701 1776 4752 ὲν

193 4796 428 4867 ἐρημία.
458 4793 567 4846 Καὶ
615 4792 682 4846 τὰ
727 4793 826 4864 μὲν
874 4792 968 4846 τοῦ
1017 4793 1236 4856 κανόνος
1267 4793 1324 4845 ὲν
1355 4791 1776 4855 τούτοις.Ἕοικε

190 4886 250 4940 δὲ
272 4889 304 4939 ὁ
330 4886 489 4954 ἅγιος
516 4884 623 4939 ἀπὸ
653 4883 746 4937 τοῦ
772 4884 946 4937 εἰπεῖν
976 4884 1049 4954 μὴ
1075 4882 1372 4952 ἐπάγεσθαι
1401 4883 1621 4953 βαρεῖαν
1651 4882 1778 4952 βλά-

191 4981 298 5051 ϐην
332 4979 448 5042 τοῖς
487 4976 718 5046 φαγοῦσι
751 4977 818 5030 τὰ
848 4975 1169 5029 εἰδωλόθυτα
1209 4975 1618 5046 παρατιθέμενα
1653 4974 1776 5027 τού-

192 5090 314 5136 τοις
341 5069 496 5140 παρὰ
519 5068 624 5122 τῶν
659 5068 967 5141 βαρϐάρων,
1004 5068 1098 5123 καὶ
1119 5069 1225 5121 ἀπὸ
1251 5069 1346 5122 τοῦ
1375 5068 1552 5137 λέγειν
1580 5071 1781 5140 πληρο-

193 5160 488 5236 φορεῖσθαι
518 5160 722 5225 πάντας
758 5159 832 5232 μὴ
864 5159 1116 5228 γενέσθαι
1147 5160 1270 5224 τοὺς
1302 5159 1610 5233 βαρϐάρους
1638 5161 1782 5214 εἰδω-

191 5255 451 5318 λοθὺτας,
496 5253 588 5306 καὶ
629 5252 738 5306 άπὸ
782 5251 875 5304 τοῦ
917 5250 1220 5322 χρήσασθαι
1262 5255 1372 5318 τοῖς
1410 5252 1783 5317 ἀποστολικοῖς

192 5350 414 5422 ῥήμασι
460 5347 571 5408 τοῖς
614 5343 1011 5415 διαλεγομένοις
1047 5345 1176 5413 περὶ
1207 5345 1418 5416 τρυφῆς
1457 5345 1550 5398 καὶ
1578 5343 1782 5416 ἀδηφα-

193 5440 355 5508 γίας,
389 5437 652 5497 ὡσαύτως
685 5437 778 5490 καὶ
819 5439 934 5500 τοῖς
977 5436 1349 5506 εὐαηελικοίς
1375 5437 1444 5491 τὰ
1485 5437 1622 5491 αὐτὰ
1665 5437 1782 5490 δια-

191 5528 561 5600 λαμωινουσι,
593 5528 666 5598 μὴ
711 5527 890 5599 ἁπλῆν
933 5529 1156 5601 ποιῆσαι
1183 5530 1280 5601 τὴν
1309 5529 1617 5601 ἀπόκρισιν,
1649 5529 1784 5583 ἀλλὰ

191 5619 584 5693 διαιρουμένην
613 5620 692 5684 εἰς
719 5620 990 5686 φαγόντας
1035 5619 1357 5675 εἰδωλόθυτα
1402 5618 1541 5674 κατὰ
1573 5619 1784 5693 τρυφὴν

267 5779 293 5812 ⁸
325 5778 484 5835 Deut.
535 5791 668 5843 xxn,
705 5773 811 5841 26,
849 5774 941 5831 27.

1880 4587 2007 4644 dine
2035 4605 2130 4658 per
2163 4590 2271 4643 vim
2304 4590 2565 4658 probrum
2598 4589 2805 4644 illatum
2836 4600 2939 4647 est.
2984 4591 3050 4646 Et
3078 4608 3200 4661 qua:
3231 4592 3449 4662 quidem

1879 4680 1946 4735 ad
1976 4695 2239 4735 canonem
2274 4688 2522 4749 spectant
2549 4680 2602 4732 in
2635 4680 2718 4734 his
2750 4682 3078 4738 consistunt.
3105 4682 3328 4738 Videtur
3356 4699 3452 4738 au-

1881 4781 1984 4827 tem
2019 4780 2239 4828 sanctus
2287 4787 2354 4827 ex
2402 4787 2468 4826 eo
2517 4771 2664 4842 quod
2707 4773 2862 4837 dixit,
2893 4790 3002 4829 non
3051 4774 3240 4830 inferri
3291 4793 3452 4846 grave

1880 4865 2136 4919 damnum
2188 4865 2256 4918 iis
2305 4865 2398 4933 qui
2426 4866 2724 4938 idolothyta
2758 4867 3130 4936 comederunt,
3161 4870 3242 4926 eis
3269 4887 3300 4924 a
3328 4871 3452 4925 bar-

1881 4955 2028 5010 baris
2059 4956 2326 5025 apposita,
2357 4966 2412 5011 et
2454 4973 2522 5014 ex
2568 4974 2633 5013 eo
2683 4959 2828 5028 quod
2883 4959 3034 5026 dicit,
3068 4977 3259 5017 omnes
3295 4963 3452 5032 plene

1881 5056 2219 5116 compertum
2252 5048 2473 5113 habere,
2497 5049 2760 5105 barbaros
2782 5050 2943 5106 idolis
2965 5067 3070 5106 non
3093 5054 3448 5120 sacrificasse,

1880 5149 1934 5192 et
1964 5155 2030 5192 ex
2062 5154 2128 5194 eo
2160 5139 2304 5208 quod
2340 5140 2507 5194 utitur
2531 5141 2691 5196 dictis
2723 5143 3036 5211 apostolicis
3071 5161 3193 5214 quae
3219 5146 3285 5201 de
3318 5146 3449 5201 luxu

1882 5239 1936 5285 et
1966 5230 2202 5301 ingluvie
2229 5231 2522 5296 disserunt,
2561 5231 2810 5286 similiter
2855 5243 2909 5288 et
2959 5236 3303 5304 evangelicis,
3330 5245 3454 5306 qua:

1883 5323 2070 5378 eadem
2121 5331 2373 5388 tractant,
2414 5338 2522 5377 non
2566 5322 2759 5378 fecisse
2806 5325 3105 5394 simplicem
3137 5327 3449 5395 responsio-

1887 5429 2034 5490 nem,
2065 5413 2158 5469 sed
2191 5429 2312 5484 qua:
2341 5414 2602 5469 dividitur
2647 5415 2701 5469 in
2749 5431 2844 5471 eos
2894 5417 2984 5486 qui
3033 5415 3324 5488 idolotbyta
3358 5433 3453 5486 pcr

1884 5506 2105 5562 delicias
2131 5521 2228 5560 sua
2257 5515 2448 5576 sponte
2475 5507 2857 5573 comederunt;
2880 5507 2932 5561 in
2957 5522 3050 5562 eos
3071 5507 3163 5576 qui
3196 5509 3244 5560 vi
3269 5525 3299 5563 a
3330 5509 3452 5563 bar-

1884 5597 2034 5656 baris
2069 5599 2240 5653 coacti
2269 5597 2650 5668 comederunt;
2682 5599 2733 5653 in
2760 5614 2852 5654 cos
2877 5601 2967 5670 qui
2997 5610 3212 5669 pmpter
3249 5611 3454 5656 natum
