3834 6752
551 328 573 380 Ι
586 324 690 380 0‘23

1657 325 1718 382 S.
1759 321 2088 382 GREGORH
2127 321 2632 380 THAUMATURGI

3598 327 3709 385 tiu

550 441 926 498 necessitatem
955 455 1050 496 eas
1087 455 1244 495 escas
1288 439 1553 505 fecerunt,
1586 449 1640 495 et
1680 441 1736 495 in
1779 457 1876 496 eos
1921 444 2015 511 qui
2044 441 2101 495 ad

2212 439 2407 503 ἑκοντὶ,
2436 441 2514 502 είς
2546 439 2672 501 τοὺς
2711 434 2850 490 κατᾶ
2891 435 3008 505 βίαν
3036 434 3141 489 τῶν
3179 435 3459 508 βαρϐάρων
3492 441 3715 509 φαγόντας

549 535 663 588 haec
699 533 750 586 vi
783 532 1048 600 compulsi
1071 540 1198 587 sunt
1225 550 1254 586 a
1286 531 1554 593 barbaris,
1582 534 1673 602 qui
1707 533 1864 589 idolis
1894 549 2000 588 non
2021 549 2110 588 sa-

545 624 882 679 crilicarunt.
912 623 1084 689 Unde,
1115 632 1174 678 ut
1201 623 1333 679 mihi
1360 625 1592 693 videtur,
1625 625 1805 681 nullus
1827 641 2013 681 eorum
2041 625 2111 680 ab

544 716 693 769 omni
753 717 908 786 culpa
970 717 1230 772 immunis
1287 718 1412 772 erit.
1442 716 1545 784 Qui
1595 733 1656 772 ea
1707 719 1851 772 enim
1897 729 2110 788 propter

545 808 733 860 luxum
785 816 840 862 et
887 808 1111 864 delicias
1151 810 1526 875 comederunt,
1583 810 1880 880 majoribus
1934 811 2109 879 poenis

543 897 929 966 subjicientur;
957 900 1050 969 qui
1078 913 1298 971 propter
1328 903 1724 965 necessitatem,
1763 912 1818 958 et
1860 905 2108 973 corporis

541 988 960 1056 nutrimentum,
993 999 1046 1045 et
1079 1001 1136 1044 ut
1163 991 1257 1060 qui
1303 1007 1410 1046 non
1457 991 1670 1060 possint
1697 995 1854 1048 aliter
1885 995 2104 1058 nutriri,

542 1079 725 1134 minus
755 1081 1066 1149 punientur.
1101 1080 1316 1150 Reliqui
1347 1097 1563 1150 quoque
1589 1093 1809 1152 pr0pter
1837 1099 1990 1140 esum
2018 1099 2110 1139 ex-

541 1174 861 1228 secrabilem
893 1174 1075 1230 mitius
1100 1176 1412 1244 punientur,
1446 1190 1512 1229 eo
1539 1177 1682 1244 quod
1717 1185 1942 1232 sanctus
1970 1191 2108 1246 quo-

539 1279 647 1332 que
671 1264 801 1319 dicit
833 1281 942 1321 non
973 1281 1132 1337 grave
1167 1281 1289 1322 esse
1335 1265 1628 1338 idolothyta
1657 1269 1958 1331 comedere,
1985 1283 2108 1338 quae

540 1356 611 1408 ab
665 1356 733 1410 iis
784 1367 1131 1426 apponuntur
1179 1357 1273 1427 qui
1322 1357 1480 1414 idolis
1527 1374 1633 1412 non
1682 1359 2101 1414 sacriﬁcarunt:

540 1461 647 1501 non
687 1456 767 1502 est
799 1457 976 1503 tamen
1013 1449 1080 1503 ab
1117 1449 1264 1504 omni
1294 1452 1506 1520 penitus
1531 1451 1949 1520 reprehensione
1977 1450 2107 1507 alie-

541 1554 692 1594 num.
739 1538 1152 1610 lnterrogaverit
1180 1553 1357 1598 autem
1387 1545 1655 1614 quispiam
1691 1563 1704 1600 :
1731 1542 1867 1599 Cum
1899 1562 1990 1600 xxv
2014 1561 2104 1601 ca-

539 1647 650 1686 non
683 1633 824 1688 beati
850 1633 995 1689 Petri
1027 1637 1417 1708 archiepiscopi
1446 1639 1793 1694 Alexandrini
1820 1649 1873 1694 et
1901 1647 2103 1710 marty-

539 1723 618 1780 ris
645 1728 935 1794 contineat,
968 1744 1063 1785 eos
1091 1731 1184 1800 qui
1231 1733 1283 1786 vi
1332 1733 1609 1804 tyrannica
1643 1735 1907 1804 compulsi
1936 1734 2103 1790 idolo-

538 1821 690 1892 thyta
719 1821 1074 1876 comederunt
1118 1831 1173 1877 et
1220 1823 1403 1879 itidem
1438 1825 1836 1890 sacriﬁcarunt,
1868 1840 1974 1880 non
2004 1840 2104 1894 pu-

539 1915 667 1976 niri,
697 1913 789 1968 sed
819 1913 1000 1982 potius
1029 1929 1150 1970 esse
1177 1915 1339 1970 etiam
1370 1916 1425 1970 in
1453 1917 1619 1979 clero,
1651 1917 1694 1971 si
1736 1915 1846 1971 sint
1883 1914 2100 1978 clerici;

538 2007 813 2075 quomodo
859 2009 1100 2064 decernit
1141 2023 1377 2079 praesens
1431 2009 1546 2063 hac
1590 2009 1838 2078 epistola,
1864 2024 1960 2064 eos
2009 2009 2103 2078 qui

540 2095 838 2168 idolotliyta
867 2099 1236 2164 comederunt,
1267 2116 1368 2152 non
1394 2102 1621 2170 graviter
1643 2101 1763 2153 lwdi
1793 2116 1811 2152 :
1843 2108 1900 2153 ut
1931 2115 1996 2153 ex
2036 2115 2103 2154 eo

541 2198 826 2256 appareat,
859 2189 1006 2258 ipsos
1047 2189 1377 2246 mediocriter
1409 2193 1566 2246 laedi?
1598 2191 1826 2246 Solutio.
1873 2189 2104 2245 Sanctus

538 2291 744 2350 martyr
791 2279 1003 2348 Petrus,
1040 2283 1093 2336 in
1124 2299 1212 2336 XIV
1254 2298 1354 2338 suo
1399 2299 1625 2348 canone,
1664 2284 1825 2337 etiam
1877 2284 1928 2337 in
1986 2283 2103 2352 ipso

538 2368 939 2424 immolatorum
971 2387 1065 2427 esu
1101 2373 1328 2427 athlt-tas
1371 2383 1634 2444 martyres
1661 2374 1828 2430 fuisse
1863 2383 1916 2427 et
1949 2374 2103 2427 testi-

539 2461 781 2514 monium
814 2463 1105 2530 praebuisse
1138 2464 1399 2532 perhibet.
1429 2464 1565 2519 Dicit
1591 2465 1734 2518 enim
1769 2466 1910 2534 quod
1936 2465 2098 2521 etiam

538 2550 926 2605 ferramentum
967 2553 1019 2605 in
1051 2570 1112 2608 os
1144 2555 1384 2623 ipsorum
1418 2555 1670 2625 injectum
1697 2565 1800 2619 est,
1827 2565 1882 2608 et
1906 2571 2102 2610 manus

538 2659 726 2697 eorum
753 2653 888 2698 usta:
925 2653 1072 2711 sunt,
1102 2657 1172 2712 et,
1205 2657 1261 2701 ut
1293 2649 1458 2703 semel
1484 2650 1683 2714 dicam,
1712 2648 1775 2702 ad
1811 2649 2102 2703 immolatis

533 2738 860 2792 vescendum
890 2738 1038 2791 nullo
1071 2739 1231 2793 modo
1255 2750 1673 2806 consenserunt,
1706 2756 1804 2796 nec
1841 2741 2002 2796 etiam
2031 2741 2100 2795 ad

537 2827 698 2885 idolis
729 2832 1166 2888 sacriﬁcandum.
1195 2833 1438 2888 Pratsens
1465 2842 1644 2887 autem
1691 2833 1951 2888 canonica
1985 2834 2098 2902 epi-

537 2921 675 2976 stola
708 2931 902 2980 tractat
936 2925 990 2978 in
1025 2925 1309 2994 principio,
1339 2925 1580 2994 captivos
1610 2925 1826 2994 quidem
1855 2927 2096 2995 apposita

536 3011 641 3066 sibi
673 3013 967 3084 idolothyta
996 3015 1046 3067 vi
1075 3015 1396 3077 comedisse,
1433 3015 1524 3069 sed
1557 3015 1852 3068 nonetiam
1879 3030 1946 3069 eo
1977 3015 2098 3084 ipso

536 3111 778 3172 tempore
814 3119 924 3172 quo
952 3105 1320 3169 comedebant,
1354 3107 1630 3175 tyrannica
1670 3105 1923 3160 violentia
1946 3121 2093 3161 com-
2127 3133 2171 3191 ο

537 3195 722 3264 pulsos
753 3196 954 3262 fuisse;
981 3207 1033 3251 et
1077 3198 1198 3253 ideo
1229 3199 1341 3252 vult
1382 3214 1496 3264 eos,
1525 3209 1582 3254 ut
1628 3201 1721 3270 qui
1767 3201 1990 3254 omnino
2019 3212 2101 3274 ty-

537 3304 834 3344 rannorum
887 3292 1152 3347 voluntati
1200 3291 1498 3356 cesserint,
1564 3293 1840 3348 moderate
1896 3294 2096 3364 puniri.

539 3379 805 3437 Existimo
851 3392 1031 3438 autem
1082 3400 1202 3456 ego,
1231 3386 1375 3456 quod
1421 3385 1879 3454 quemadmodum
1931 3387 2100 3443 idolo-

539 3475 687 3546 thyta
717 3477 1016 3540 comedere,
1046 3492 1078 3532 a
1109 3478 1356 3534 barbaris
1405 3478 1496 3547 qui
1543 3493 1651 3532 non
1703 3479 2098 3544 sacrilicarunt,

535 3567 899 3637 compulsum,
935 3585 1042 3625 non
1081 3580 1164 3625 est
1213 3571 1282 3626 ab
1329 3572 1476 3627 omni
1509 3571 1923 3641 reprehensione
1969 3571 2101 3626 libe-

537 3675 692 3727 rum;
727 3660 800 3715 ita
832 3677 930 3717 nec
948 3663 1292 3718 barbaricum
1321 3671 1566 3733 stuprum
1596 3663 1644 3717 vi
1674 3678 1987 3734 perpessum
2019 3676 2101 3717 es.

537 3767 596 3806 se
629 3770 644 3806 :
675 3768 800 3807 nam
846 3754 950 3810 hoc
998 3771 1215 3825 quoque
1262 3757 1472 3812 modice
1514 3757 1783 3826 punietur.
1819 3754 1931 3810 Etsi
1955 3755 2098 3810 enim

536 3843 622 3896 lex
649 3844 821 3902 civilis
855 3847 983 3901 dicit
1011 3847 1062 3900 in
1093 3847 1184 3901 lib.
1217 3865 1304 3913 LX,
1334 3851 1416 3903 tit.
1446 3849 1536 3915 ss,
1555 3834 1603 3904 c'.
1638 3850 1724 3913 ιε,
1759 3850 1994 3904 themate
2021 3848 2054 3902 6
2084 3867 2097 3902 :

537 3933 711 3989 Etiam
747 3952 810 3991 ea
836 3953 957 4007 quae
990 3939 1059 3993 ab
1089 3939 1336 3994 hostibus
1360 3949 1443 3994 est
1475 3940 1797 4007 adulterata,
1829 3957 1892 3996 ac
1921 3957 2100 3996 rever-

537 4041 619 4089 sa,
648 4043 676 4079 a
702 4028 817 4080 viro
843 4031 971 4098 (non
998 4031 1095 4084 rite
1119 4031 1259 4099 viro)
1285 4040 1592 4096 accusatur,
1616 4031 1716 4087 nisi
1744 4034 1847 4088 hoc
1869 4034 1918 4087 vi
1942 4048 2100 4103 passa

535 4126 642 4180 est,
691 4128 746 4172 et
777 4119 879 4174 hoc
907 4122 1068 4175 modo
1109 4122 1156 4174 ei
1196 4123 1282 4176 cui
1315 4124 1397 4178 vis
1441 4125 1602 4178 allata
1649 4133 1751 4191 est,
1781 4125 2099 4196 ignoscitur,

537 4223 638 4263 nec
666 4208 716 4262 id
742 4218 798 4264 et
828 4211 1232 4266 matrimonium
1258 4213 1462 4266 dirimit
1493 4233 1505 4266 :
1532 4215 1623 4268 sed
1659 4215 1741 4269 lex
1770 4215 2102 4270 ecclesiasti-

534 4313 621 4363 ca,
647 4313 766 4353 eam
795 4315 917 4370 qua:
945 4301 1168 4355 omnino
1192 4319 1222 4356 a
1250 4301 1482 4356 barbaro
1512 4303 1717 4372 polluta
1744 4313 1848 4370 est,
1877 4305 1980 4359 nisi
2011 4320 2102 4374 per

534 4405 751 4461 poenam
799 4408 932 4462 pura
983 4393 1072 4459 sit,
1101 4408 1210 4449 non
1246 4393 1403 4449 sinet.
1435 4393 1574 4464 Lege
1605 4403 1658 4449 et
1687 4409 1780 4448 cm
1833 4395 2098 4448 novellam

2208 531 2398 596 ταῦτα,
2420 532 2498 593 είς
2523 531 2648 593 τοὺς
2680 529 2747 582 δι’
2773 528 3015 597 ἀνάγκην
3031 527 3127 606 τῆς
3153 527 3365 597 φύσεως
3399 527 3572 599 βρῶμα
3589 548 3717 606 ποιη-

2210 621 2475 692 σαμένους
2504 619 2662 684 αὐτὰ,
2691 619 2785 674 καὶ
2818 621 2897 682 εἰς
2936 619 3061 683 τοὺς
3093 605 3406 689 βιασθέντας
3439 622 3559 691 πρὸς
3595 605 3720 680 τοῦτο

2209 713 2358 785 παρὰ
2395 711 2702 784 βαρϐάρων,
2732 713 2807 784 μὴ
2854 711 3148 764 τεθυκότων
3198 713 3313 774 τοῖς
3355 711 3721 776 εἰδώλοις.”οθεν

2207 806 2321 868 καὶ,
2341 804 2415 868 ὼς
2448 806 2570 876 ἐμοὶ
2596 805 2761 864 δοκεῖ,
2789 803 2907 856 οὐδὲ
2941 797 3019 866 εἷς
3056 805 3121 855 ὲκ
3157 802 3363 856 τούτων
3394 805 3720 876 ἀνεπιτίμητος

2207 896 2382 951 ἔσται.
2421 897 2484 950 Οἱ
2520 896 2630 966 γὰρ
2668 895 2756 948 διὰ
2786 894 2993 967 τρυφὴν
3026 895 3292 965 φαγόντες
3327 893 3492 948 ταῦτα
3530 898 3722 964 μείζοσιν

2207 987 2499 1058 ἐπιτιμίοις
2532 986 3021 1057 ὑποϐληθήσονται·
3056 990 3103 1040 οἱ
3138 987 3206 1040 δι’
3247 987 3488 1058 ἀνάγκην
3518 989 3599 1041 καί
3622 992 3725 1044 ἁπο-

2206 1079 2409 1150 τροφὴν
2439 1078 2531 1131 τοῦ
2563 1077 2828 1150 σώματος,
2850 1079 2924 1142 ὡς
2951 1077 3024 1150 μὴ
3058 1078 3273 1148 ἔχοντες
3302 1077 3471 1141 ἄλλως
3499 1080 3602 1140 πῶς
3623 1083 3726 1134 ἁπο-

2205 1171 2498 1243 τραφῆναι,
2532 1173 2765 1242 ἡττόνως
2792 1171 3240 1242 κολασθήσονται.
3271 1172 3381 1224 Καὶ
3411 1174 3458 1224 οἱ
3487 1172 3640 1228 λοιποὶ
3660 1175 3727 1229 διὰ

2206 1264 2305 1335 τὴν
2347 1264 2713 1336 μιαροφαγίαν
2759 1263 3118 1337 μετριώτερον
3157 1265 3640 1336 ὲπιτιμηθήσονται,
3667 1270 3727 1321 ὅτι

2208 1359 2304 1410 καὶ
2339 1357 2368 1410 6
2398 1358 2549 1426 ἅγιος
2577 1357 2636 1412 ού
2669 1357 2804 1429 βαρύ
2833 1375 2994 1430 φησιν
3021 1353 3162 1411 εἶναι
3192 1357 3258 1411 τὸ
3288 1359 3477 1427 φαγεῖν
3507 1359 3728 1414 εἰδωλόθυ-

2208 1467 2275 1502 τα
2309 1450 2459 1521 παρὰ
2489 1450 2595 1503 τῶν
2624 1451 2696 1522 μὴ
2721 1450 2997 1506 θυσὰντων
3019 1455 3130 1515 τοῖς
3154 1451 3398 1514 εἰδώλοις
3426 1453 3729 1522 παρατιθέμεο

2205 1559 2292 1607 να,
2323 1542 2383 1594 οὐ
2411 1543 2514 1614 μὴν
2545 1543 2638 1598 καὶ
2663 1543 2834 1614 πάντη
2861 1544 3289 1616 ἀκατέγκλητον.
3309 1545 3646 1616 Ἐρωτήσειόέ
3667 1565 3728 1610 τις

2205 1636 2301 1702 ὡς,
2333 1635 2425 1690 τοῦ
2461 1637 2520 1690 ιδ’
2554 1636 2774 1700 κανονος
2799 1639 2892 1693 τοῦ
2917 1637 3184 1708 μακαρίου
3207 1636 3423 1707 Πέτρου
3445 1637 3729 1708 ἀρχιεπισκὸ-

2208 1745 2310 1782 που
2347 1728 2744 1800 Ἀλεξανδρείας
2763 1730 2858 1782 καλ⁵
2885 1729 3159 1800 μάρτυρος
3181 1726 3620 1798 διαλαμϐάνοντος
3637 1733 3728 1792 τοὺς

2207 1820 2347 1874 κατὰ
2406 1821 2524 1891 βίαν
2576 1820 2901 1894 τυραννικὴν
2954 1821 3230 1891 φαγόντας
3293 1819 3620 1882 εἰδωλόθυτα,
3661 1823 3728 1873 καὶ

2203 1914 2630 1984 τοιουτοτρόπως
2657 1913 2942 1976 θύσαντας,
2967 1913 3040 1984 μὴ
3067 1911 3452 1983 ἐπιτιμᾶσθαι,
3487 1911 3605 1964 ἀλλὰ
3633 1913 3729 1982 μᾶλ-

2207 2003 2296 2057 λον
2334 2004 2426 2058 καὶ
2463 2005 2523 2056 ἐν
2552 2003 2630 2074 τῷ
2654 2004 2838 2076 κλήρῳ
2866 2000 3025 2065 εἶναι,
3068 2003 3368 2074 κληρικοὺς
3391 2003 3560 2066 ὂντας,
3703 2007 3725 2072 ἡ

2204 2095 2452 2167 παροῦσα
2491 2095 2745 2166 ἐπιστολὴ
2771 2094 3061 2166 διορίζεται
3100 2095 3228 2158 τοὺς
3267 2094 3537 2163 φαγόντας
3564 2095 3727 2148 εἰδωλί-

2205 2187 2339 2242 θυτα
2356 2187 2444 2257 μὴ
2467 2190 2703 2258 ,βαρέως
2738 2187 3090 2258 βλάπτεσθαι,
3114 2188 3187 2251 ὡς
3216 2189 3285 2240 ὲκ
3313 2187 3503 2241 τούτου
3528 2191 3725 2256 ἐκφαίνε-

2204 2278 2325 2332 σθαι
2350 2279 2675 2349 βλάπτεσθαι
2708 2280 2900 2343 αὐτοὺς
2919 2281 3198 2348 μετρίως;
3232 2279 3429 2342 Λύσις.
3448 2279 3501 2331 ὐ
3527 2279 3726 2350 ἱερομάρι

2205 2390 2301 2436 τυς
2334 2372 2540 2443 Πέτρος
2573 2373 2631 2424 ὲν
2658 2373 2736 2442 τῷ
2764 2372 2823 2424 ιδ’
2851 2373 3034 2426 κανόνι
3074 2373 3239 2426 αύτοῦ
3275 2374 3370 2426 καὶ
3409 2373 3532 2442 περὶ
3560 2373 3665 2424 αὐτὸ
3684 2374 3726 2424 τὸ

2203 2468 2394 2533 φαγεῖν
2423 2465 2490 2518 τὰ
2518 2465 2834 2518 εἰδωλόθυτα
2869 2465 3214 2536 μαρτυρῆσαι
3250 2466 3382 2528 τοὺς
3408 2464 3624 2534 ἀθλητὰς
3641 2466 3725 2516 δια-

2203 2557 2485 2628 λαμϐάνει.
2514 2559 2652 2628 Φησὶ
2684 2559 2810 2630 γὰρ,
2845 2559 2925 2611 ὅτι
2956 2559 3048 2610 καὶ
3074 2559 3236 2627 χανος
3264 2558 3524 2628 ἐνεϐλήθη
3551 2557 3614 2627 τῷ
3640 2559 3724 2608 στό-

2208 2667 2335 2719 ματι
2373 2649 2550 2704 αύτῶν
2593 2653 2684 2704 καί
2717 2653 2774 2704 αἱ
2816 2654 2994 2722 χεῖρες
3039 2649 3635 2718 τούτων’κατεκάησαν,
3659 2650 3724 2700 καὶ

2202 2740 2385 2805 ἁπλῶς
2415 2741 2521 2795 οὐδ’
2545 2742 2682 2807 ὅλως
2712 2742 2989 2796 συνέθεντο
3021 2743 3100 2806 εἰς
3137 2742 3197 2795 τὸ
3234 2741 3557 2796 εἰδωλόθυτα
3578 2744 3722 2809 φαγεῖν

2200 2833 2232 2904 ἢ
2259 2835 2338 2897 είς
2369 2834 2429 2887 τὸ
2459 2833 2620 2888 θῦσαι
2650 2837 2760 2898 τοῖς
2794 2833 3049 2897 εἰδώλοις.
3068 2835 3132 2887 Ἡ
3157 2834 3217 2888 δὲ
3248 2833 3499 2906 παροῦσα
3521 2831 3722 2900 κανονικὴ

2202 2926 2452 2998 ἐπιστολὴ
2477 2927 2829 2998 διαλαμϐάνει
2856 2927 2996 2980 κατὰ
3021 2926 3120 2990 τὰς
3139 2927 3341 2998 ἀρχὰς,
3367 2926 3504 2980 κατὰ
3531 2926 3632 2995 βίαν
3655 2926 3721 2994 μὲν

2201 3020 2392 3086 φαγεῖν
2424 3018 2548 3083 τοὺς
2569 3018 2942 3090 αἰχμαλώτους
2966 3017 3034 3072 τὰ
3068 3020 3480 3091 παρατιθέμενα
3503 3019 3655 3078 αὐτοῖς
3671 3018 3723 3066 εἰ·

2201 3107 2490 3174 δωλόθυτα,
2523 3108 2581 3162 ού
2616 3110 2719 3181 μὴν
2749 3109 2843 3164 καὶ
2871 3111 2989 3163 κατ’
3023 3110 3156 3165 αὐτὸ
3184 3110 3247 3164 τὸ
3286 3112 3482 3180 φαγεῖν
3515 3125 3721 3179 τυραννη-

2207 3198 2386 3270 θῆναι,
2415 3201 2508 3254 καὶ
2536 3200 2624 3254 διὰ
2651 3201 2806 3254 τοῦτο
2837 3201 2980 3256 θέλει
3004 3206 3079 3267 ὡς
3103 3201 3238 3265 ὅλως
3277 3200 3639 3270 ύποκύψαντας
3670 3198 3722 3266 τῷ

2205 3291 2468 3364 θελήματι
2517 3292 2608 3347 τοῦ
2655 3293 2938 3365 τυράννου,
2971 3295 3204 3366 μετρίως
3233 3293 3622 3366 τιμωρηθῆναι.
3647 3291 3720 3343 No-

2207 3385 2348 3456 μέζω
2376 3386 2432 3438 δὲ
2461 3385 2590 3454 ἐγὼ,
2624 3386 2727 3446 δτι,
2754 3384 2942 3458 ὥσπερ
2971 3387 3071 3440 οὐκ
3097 3387 3212 3439 ἐστι
3241 3388 3424 3456 πάντη
3451 3384 3721 3451 ἀνεπιτίμη-

2205 3496 2294 3532 τον
2341 3478 2402 3532 τὺ
2443 3482 2636 3548 φαγεῖν
2667 3477 2988 3533 εἰδωλόθυτα
3031 3478 3174 3532 κατὰ
3217 3479 3343 3548 βίαν
3381 3477 3643 3548 βαρϐάρων
3669 3473 3719 3542 μὴ

2204 3567 2593 3632 ὲπιθυσάντων,
2622 3568 2793 3633 οὓτως
2817 3570 2935 3623 οὐδὲ
2969 3571 3027 3622 τὸ
3061 3570 3367 3640 ὑποστῆναι
3413 3569 3600 3638 φθορὰν
3626 3566 3713 3634 βαρ

2207 3661 2438 3734 ϐαρικὴν
2463 3661 2600 3716 κατὰ
2625 3662 2770 3732 βίαν·
2803 3663 2896 3715 καὶ
2922 3663 3078 3715 τοῦτο
3108 3663 3213 3733 γὰρ
3253 3661 3493 3733 μετρίως
3521 3663 3719 3727 ἐπιτιμη-

2203 3751 2445 3823 θήσεται.
2498 3754 2616 3807 Κᾶν
2659 3755 2769 3826 γὰρ
2822 3756 2916 3808 καὶ
2955 3757 2983 3808 6
3018 3755 3295 3818 πολιτικὸς
3335 3755 3495 3825 νόμος
3525 3752 3719 3823 φηοίνὲν

2205 3843 2391 3916 βιϐλίῳ
2441 3845 2480 3909 ξ’
2509 3845 2684 3899 τίτλου
2731 3845 2811 3917 λη’
2842 3846 3033 3916 κεφαλ.
3070 3847 3133 3920 ιβ’
3157 3846 3358 3918 θέματι
3401 3847 3565 3916 ἕκτῳ·
3595 3842 3718 3911 Xalt}

2203 3936 2351 4008 παρά
2395 3939 2505 4000 τοῖς
2554 3937 2826 4008 πολεμίοις
2869 3937 3212 4008 μοιχευθεῖσα
3249 3938 3347 3991 καὶ
3396 3935 3718 4007 ύποστρέψασα

2204 4032 2584 4101 κατηγορεῖται
2617 4028 2766 4099 παρά
2793 4028 2886 4081 τοῦ
2918 4029 3128 4100 ἀνδρὸς,
3157 4029 3217 4083 ού
3243 4029 3438 4100 δικαίῳ
3475 4027 3656 4099 ἀνδρὸς,
3685 4027 3719 4077 εἰ

2205 4121 2280 4193 μὴ
2314 4121 2402 4192 βία
2439 4121 2596 4174 τοῦτο
2641 4120 2895 4185 πέτωνθε,
2921 4122 3016 4174 καὶ
3058 4122 3483 4192 τοιουτοτρόπως
3508 4117 3717 4187 συγγινώ-

2203 4231 2322 4267 σκει
2353 4215 2452 4285 τὴν
2481 4213 2810 4284 βιασθεῖσαν,
2841 4215 2934 4268 καὶ
2971 4215 3062 4268 τὸν
3101 4215 3278 4285 γάμον
3311 4215 3373 4269 ού
3400 4215 3613 4284 διασπᾷ·
3636 4208 3716 4262 ἀλλ’

2199 4308 2228 4358 ὁ
2259 4305 2704 4376 ἐκκλησιαστικὸς
2733 4307 2892 4378 νόμος
2935 4307 3033 4377 τὴν
3081 4305 3216 4369 ὅλως
3243 4307 3354 4360 ὑπὸ
3378 4305 3630 4378 βαρϐάρου
3655 4318 3716 4371 μο-

2200 4396 2478 4453 λυνθεῖσαν
2511 4399 2584 4470 μὴ
2609 4399 2961 4472 καθαριεῦσαι
2987 4399 3051 4452 δι’
3081 4399 3356 4470 ἐπιτιμίου
3381 4402 3479 4452 ούκ
3503 4396 3712 4461 ἀνέξεται.

535 4481 878 4553 imperatoris
907 4485 1110 4539 domini
1143 4485 1340 4540 Leonis
1373 4485 1663 4556 Sapientis,
1709 4501 1832 4556 quae
1884 4486 1997 4542 haec
2041 4488 2095 4541 in

2210 4489 2500 4558 Ἀνάγνωθι
2531 4492 2624 4544 καὶ⁹
2656 4491 2752 4562 τὴν
2784 4499 2866 4562 ργ¹
2896 4489 3094 4563 νεαρὰν
3121 4491 3216 4544 τοῦ
3270 4491 3527 4562 βασιλέως
3566 4488 3712 4558 κυρίου

535 4575 643 4631 ﬁne
695 4578 1043 4648 prosequitur
1085 4577 1294 4632 :Nullo
1348 4594 1478 4648 ergo
1527 4579 1688 4633 modo
1731 4579 2092 4644 decernimus,

533 4681 658 4720 eum
688 4668 778 4736 qui
809 4670 1170 4740 captivitatem
1205 4685 1310 4723 non
1337 4680 1591 4738 expertus
1621 4671 1836 4735 mansit,
1863 4671 1930 4725 ad
1957 4671 2096 4725 alte-

536 4758 652 4813 rius
699 4761 1138 4830 conjunctionem
1168 4762 1372 4827 venire,
1397 4771 1450 4816 et
1496 4771 1708 4817 caetera.
1744 4761 1866 4817 Haec
1915 4773 2093 4816 autem

533 4851 744 4904 novella
769 4853 908 4907 tollit
935 4853 1224 4908 Iustiniani
1254 4869 1398 4909 cxvn
1427 4854 1714 4922 novellam,
1741 4871 1862 4924 qua:
1890 4855 1992 4909 sita
2017 4863 2099 4909 est

532 4943 587 4996 in
633 4943 770 4997 libro
802 4961 992 5011 xxvm,
1043 4947 1126 5000 tit.
1158 4947 1208 5012 7,
1245 4955 1299 5000 ει
1343 4946 1494 5013 dicit,
1539 4963 1930 5016 nonnunquam
1961 4946 2095 5000 solvi

532 5035 939 5090 matrimonium
985 5057 998 5090 :
1043 5053 1229 5091 verum
1280 5038 1394 5091 haec
1437 5038 1644 5092 novella
1692 5039 1872 5092 locum
1919 5038 2096 5102 habet,

531 5129 751 5199 quando
781 5131 988 5198 captiva
1018 5145 1048 5182 a
1077 5129 1324 5184 barbaris
1352 5145 1460 5182 non
1491 5140 1574 5184 est
1609 5129 1831 5200 polluta.
1874 5130 1931 5184 Si
1967 5130 2097 5199 quid

531 5231 712 5276 autem
745 5221 1010 5290 ejusmodi
1038 5221 1237 5275 factum
1263 5222 1352 5285 sit,
1373 5222 1551 5277 locum
1575 5223 1795 5289 habent,
1823 5240 1942 5293 quae
1971 5233 2099 5278 sunt

535 5313 588 5366 in
619 5315 765 5368 dicto
791 5315 964 5384 capite
995 5329 1059 5367 ιχ
1090 5315 1236 5368 libri.

600 5497 802 5556 Zosan.
842 5500 978 5554 Cum
1009 5500 1060 5554 in
1098 5501 1370 5556 Romanas
1396 5501 1642 5569 regiones
1667 5501 1882 5558 barbari
1911 5502 2099 5557 irruis—

534 5603 675 5659 srnt,
719 5610 919 5662 easque
951 5594 1179 5649 fuissent
1207 5595 1542 5664 depopulati,
1579 5597 1670 5665 qui
1721 5598 1786 5650 ab
1833 5596 1965 5667 ipsis
2011 5611 2101 5649 ca—

533 5688 663 5754 ptivi
710 5696 835 5740 sunt
885 5687 1036 5750 facti,
1065 5687 1378 5758 itlolothyta,
1412 5690 1494 5742 vel
1524 5689 1658 5744 alios
1705 5705 1920 5758 quoque
1953 5689 2101 5744 cibos

531 5776 729 5831 vetitos
757 5779 1134 5847 degustarunt.
1169 5779 1241 5834 De
1284 5781 1348 5835 iis
1395 5782 1576 5850 itaque
1623 5789 1839 5852 rogatus
1877 5781 1977 5836 fuit
2023 5781 2104 5834 vir

2196 4583 2422 4646 Λέοντος
2465 4583 2559 4636 τοῦ
2591 4583 2788 4652 Σοφοῦ,
2832 4583 3093 4653 λέγουσαν
3131 4586 3260 4656 περὶ
3287 4587 3349 4639 τὸ
3380 4584 3524 4647 τέλος
3556 4581 3711 4635 ταῦτα·

2197 4673 2458 4744 Οὐδαμῶς
2485 4671 2579 4728 οὖν
2610 4673 2935 4747 θεσπίζομεν
2969 4675 3048 4728 ἔτι
3077 4677 3213 4748 πρὸς
3235 4677 3521 4745 συνάφειαν
3547 4673 3708 4742 ἐτέρου.

2195 4766 2286 4819 τὸν
2339 4767 2633 4838 ἀπείρατον
2683 4767 3024 4838 μεμενηκότα
3059 4768 3155 4836 τῆς
3193 4766 3554 4838 αἰχμαλωσίας
3597 4763 3711 4832 ἔρχε-

2199 4858 2344 4923 σθαι,
2375 4860 2468 4914 καὶ
2497 4859 2565 4913 τὰ
2612 4859 2754 4929 ἑξῆς.
2775 4861 3011 4930 Ἀναιρεῖ
3045 4859 3100 4912 δὲ
3148 4861 3181 4929 ἡ
3219 4860 3439 4931 τοιαύτη
3471 4855 3618 4927 νεαρὰ
3638 4852 3707 4921 τὴν

2210 4949 2628 5004 Ἰουστινιὰνειον
2656 4949 2754 5020 ριξ¹
2778 4949 2976 5021 νεαρὰν
3000 4948 3096 5019 τὴν
3127 4949 3387 5019 κειμένην
3413 4951 3469 5002 ὲν
3489 4945 3628 5017 βίϐλῳ
3649 4945 3706 5008 κν(

2196 5041 2372 5094 τίτλου
2403 5039 2445 5104 ζ’
2471 5043 2562 5094 καί
2590 5042 2887 5110 λέγουσαν,
2927 5043 3115 5098 Ἐστιν
3130 5047 3217 5099 ὅτε
3232 5045 3452 5101 λύεσθαι
3475 5039 3555 5092 τὸν
3575 5031 3704 5088 τοιοῦ-

2196 5149 2287 5184 τον
2319 5133 2493 5204 γάμον
2516 5150 2529 5163 ·
2575 5134 2712 5204 πλὴν
2747 5135 2780 5204 ή
2813 5137 3033 5205 τοιαύτη
3064 5133 3230 5204 νεαρὰ
3257 5132 3439 5204 χώραν
3469 5131 3583 5201 ἔχει.
3613 5128 3706 5179 ὅταν

2199 5227 2231 5295 ὴ
2263 5226 2756 5296 αἰχμαλωτισθεῖσα
2781 5228 2881 5280 οὐκ
2904 5225 3131 5298 ἐμιάνθη
3157 5227 3306 5297 παρὰ
3324 5227 3428 5279 τῶν
3451 5222 3700 5296 βαρϐάρων.

2199 5315 2453 5369 Τοιούτου
2477 5315 2532 5369 δέ
2564 5334 2704 5380 τινος
2751 5317 3050 5384 γεγονότος,
3080 5315 3262 5389 χώραν
3293 5317 3466 5388 ἔχουσι
3494 5313 3554 5366 τὰ
3582 5314 3628 5364 ἐν
3651 5305 3703 5374 τῷ

2201 5405 2418 5477 ῥηθέντι
2446 5405 2724 5476 κεφαλαίῳ
2751 5406 2846 5459 τοῦ
2875 5405 2918 5472 ξ’
2943 5406 3166 5476 βιϐλίου.

2272 5499 2509 5551 ΖΩΝΑΡ.
2573 5499 2869 5570 Βαρϐάρων
2907 5499 3242 5554 ἐπελθόντων
3285 5501 3480 5572 χώραις
3516 5493 3700 5561 Ῥωμαῖ-

2203 5593 2343 5652 καῐς,
2365 5591 2457 5642 καὶ
2485 5590 2826 5659 ληῖσαμένων
2856 5591 3045 5655 αὑτὰς,
3067 5594 3116 5644 οἰ
3143 5593 3269 5664 παρ’
3295 5592 3462 5645 αὐτῶν
3490 5583 3700 5655 αἰχμαλωυ

2200 5682 2468 5745 τισθέντες
2496 5683 2783 5748 ἐγεύσαντο
2821 5681 3201 5745 εἰδωλοθύτων,
3233 5683 3265 5752 ἦ
3295 5683 3384 5735 καὶ
3411 5680 3562 5734 ἄλλων
3588 5677 3695 5738 ἀπῇ·

2202 5777 2542 5848 ῒιορευμὲνων
2583 5776 3199 5850 βρωμάτων.Ἦρωτήθη
3252 5774 3342 5830 οὖν
3390 5777 3502 5846 περὶ
3535 5767 3696 5823 ,τούτων
