3950 6326
218 355 367 411 1023

1469 354 1803 411 EPISTOLA
1839 354 2204 413 CANONICA.

3306 363 3446 417 i016

215 479 245 530 6
271 478 452 544 ἅγιος,
481 473 573 527 καί
604 490 786 544 φησιν,
822 474 902 526 ὅτι
935 474 981 525 εἰ
1012 472 1210 543 ἔφαγον
1259 475 1308 526 οἰ
1349 473 1680 544 αἰχμάλωτοι
1721 474 1787 527 τὰ

1898 485 2127 540 sanctus,
2159 475 2343 542 aitque
2364 473 2409 529 si
2443 489 2563 544 qua:
2589 489 2619 528 a
2654 475 2888 531 dominis
2916 477 3048 549 ipsis
3069 477 3311 547 apposita
3338 477 3452 532 fue-

213 568 374 640 παρὰ
405 566 516 620 τῶν
549 565 1073 637 αἰχμαλωτησάντων
1123 567 1317 630 αὐτοὺς
1359 565 1784 637 παρατιθέμενα,

209 662 379 714 τοῦτο
407 662 469 713 οὐ
505 659 674 731 βαρεῖ,
707 659 826 713 ἀντὶ
848 658 962 724 τοῦ,
990 660 1050 712 οὐ
1083 658 1300 729 βαρεῖαν
1325 660 1540 728 ἐμποιεῖ
1564 657 1783 728 βλάϐην·

215 757 315 809 καὶ
362 753 557 824 μᾶλλον
601 753 683 805 ὅτι
731 747 809 815 εἷς
857 751 1010 820 λόγος
1053 752 1204 822 παρὰ
1235 751 1470 815 πάντων,
1497 753 1661 822 ῆγουν
1705 751 1788 804 ὅτι

214 849 422 910 πάντες
449 845 508 899 τὸ
532 845 662 898 αὐτὸ
693 844 959 912 λέγουσιν,
982 845 1063 897 ὅτι
1091 845 1139 897 οἰ
1158 845 1227 898 τὰ
1253 845 1494 915 ἡμέτερα
1525 843 1790 916 καταδρα-

217 938 416 1006 μόντες
449 935 712 1008 βάρϐαροι
736 933 974 997 εἰδώλοις
1003 934 1102 988 οὐκ
1125 934 1340 997 ἔθυσαν,
1369 932 1508 986 ὥστε
1550 932 1670 986 οὐδὲ
1709 935 1786 986 εἰ-

213 1029 491 1082 δωλόθυτα
522 1027 722 1096 ἔφαγον
763 1027 811 1079 οἱ
853 1025 1202 1096 αἰχμάλωτοι.
1245 1025 1486 1096 Παράγει
1513 1025 1569 1078 δὲ
1601 1025 1694 1077 καὶ
1722 1025 1785 1077 ἐκ

210 1120 312 1173 τοῦ
355 1119 675 1173 ’Δποστόλου
707 1120 928 1190 χρήσεις
967 1118 1062 1172 καὶ
1106 1120 1170 1172 ἐκ
1209 1117 1300 1172 τοῦ
1334 1117 1689 1186 Εὐαγγελίου·
1722 1119 1786 1170 ἐκ

219 1213 322 1284 μὲν
342 1213 438 1266 τοῦ
483 1212 798 1266 Ἀποστόλου
825 1212 906 1275 τὸ,
931 1210 1296 1280 Τὰβρὼματα
1341 1209 1414 1278 τῇ
1445 1210 1658 1276 κοιλίᾳ,
1689 1208 1782 1261 καί

214 1307 256 1372 ἡ
300 1305 501 1358 κοιλία
543 1303 666 1369 τοῖς
701 1303 1006 1372 ,ϐρώμασιο
1041 1304 1133 1356 καὶ
1159 1301 1227 1356 τά
1258 1301 1479 1372 ἐξῆς.⁶’0
1506 1300 1562 1354 δὲ
1592 1299 1786 1372 χωρίον

215 1396 351 1466 περὶ
382 1394 697 1466 πλησμονῆς
725 1395 870 1464 λέγει
908 1395 1001 1448 καὶ
1022 1396 1478 1467 γαστριμαργίας.
1511 1397 1620 1449 Καὶ
1648 1393 1788 1466 βρώ-

217 1505 370 1558 ματα
395 1487 493 1556 μὲν
518 1487 587 1539 τὰ
612 1488 839 1557 περιττὰ
871 1487 1122 1557 ὀνομάζει
1156 1489 1248 1541 καὶ
1277 1489 1376 1558 τὴν
1402 1490 1611 1561 τρυφήν
1631 1506 1644 1518 ·
1673 1506 1786 1542 κοι-

213 1579 341 1632 λίαν
380 1579 437 1631 se
471 1579 570 1650 τὴν
598 1581 1057 1652 γαστριμαργίαν,
1089 1581 1202 1634 ἀλλ’
1240 1581 1360 1650 οὐχὶ
1397 1581 1496 1652 τὴν
1525 1581 1782 1653 γαστέρα.

214 1671 318 1724 Διὰ
333 1670 391 1723 δέ
409 1671 612 1725 τούτων
633 1674 661 1726 6
676 1672 990 1737 Ἀπόστολος
1030 1674 1210 1742 λέγει,
1236 1675 1370 1744 ὅτιη
1398 1673 1668 1744 άδηφαγία
1693 1673 1787 1727 καὶ

213 1764 250 1831 ἡ
285 1763 469 1834 τρυφὴ
500 1766 566 1834 τῇ
597 1765 1004 1836 γαστριμαργίᾳ
1027 1767 1238 1836 ἀνήκει,
1262 1765 1376 1818 ἀλλ’
1402 1766 1461 1818 οὐ
1491 1765 1625 1835 πρὸς
1656 1764 1786 1818 Θεὸν

1891 575 2010 621 rant
2055 566 2248 636 captivi
2295 567 2662 631 comederunt,
2710 570 2760 623 id
2801 585 2905 625 non
2948 584 3194 640 gravare,
3231 570 3334 626 hoc
3367 580 3452 625 est

1887 673 2048 728 grave
2075 659 2329 712 damnum
2357 659 2577 714 minime
2601 660 2827 728 aﬂ‘erre;
2860 663 3154 732 praesertim
3173 663 3315 732 quod
3341 678 3447 717 una

1887 750 2028 818 apud
2056 765 2245 806 omnes
2272 760 2354 805 est
2386 751 2549 813 fama,
2597 753 2710 808 sive
2757 755 2899 822 quod
2934 769 3123 810 omnes
3157 757 3297 810 idem
3343 756 3448 811 hoc

1887 838 2172 905 aﬂirmant,
2205 841 2466 896 barbaros
2493 843 2585 912 qui
2616 852 2830 898 nostras
2853 845 3098 914 regiones
3129 847 3449 902 incursioni-

1885 930 1989 986 bus
2036 940 2338 995 vastarunt,
2387 947 2729 1003 nequaquam
2784 934 2942 990 idolis
2987 937 3344 1006 sacriiicasse,
3389 947 3448 993 ut

1886 1023 2112 1092 proinde
2154 1039 2328 1093 neque
2372 1025 2566 1091 captivi
2596 1025 2894 1096 idolothyta
2934 1029 3284 1086 comederint.
3315 1029 3448 1086 Pro-

1885 1111 1989 1167 fert
2039 1126 2170 1168 vero
2209 1127 2334 1166 cum
2367 1128 2433 1167 ex
2469 1113 2744 1184 Apostolo,
2775 1124 2886 1169 tum
2934 1131 3001 1169 ex
3050 1116 3337 1189 Evangelio
3365 1121 3452 1172 dc.-

1885 1213 2132 1273 prompta
2174 1205 2413 1261 oracula.
2450 1205 2526 1260 Ex
2559 1209 2812 1277 Apostolo
2861 1209 3077 1279 quidem
3126 1209 3275 1274 illud,
3308 1210 3445 1265 Esca

1885 1297 2068 1362 uentri,
2095 1307 2144 1351 et
2189 1307 2362 1352 venter
2406 1301 2561 1363 escis;
2588 1309 2642 1354 et
2669 1315 2788 1370 qua).
2831 1311 3148 1370 sequuntur.
3184 1301 3285 1367 Qui
3315 1317 3446 1359 sane

1885 1386 2040 1444 locus
2075 1389 2141 1443 de
2171 1390 2404 1460 ingluvie
2431 1405 2496 1446 ac
2533 1391 2857 1445 helluatione
2882 1401 2964 1446 est
2985 1394 3349 1462 accipiendos.
3371 1395 3447 1448 Ac

1887 1493 2026 1535 escae
2057 1481 2274 1549 quidem
2323 1482 2560 1546 nomine,
2593 1498 3045 1552 supervacaneam
3078 1485 3183 1540 cibi
3215 1486 3449 1554 copiam,

1890 1573 2185 1643 lusumque
2240 1574 2488 1645 intelligit
2519 1595 2531 1629 :
2564 1591 2659 1644 per
2700 1588 2939 1632 ventrem
2971 1589 3149 1632 autem
3182 1579 3450 1634 vOi-acita-

1889 1674 2018 1729 tcm,
2048 1681 2155 1720 non
2185 1667 2361 1734 ipsum
2391 1667 2772 1722 ventriculum.
2801 1667 3006 1724 lndicat
3035 1671 3198 1740 igitur
3226 1671 3310 1726 bis
3334 1688 3451 1727 ver-

1889 1755 1974 1812 bis
2016 1756 2324 1826 Apostolus,
2363 1758 2586 1813 nimiam
2640 1759 2746 1814 cibi
2791 1763 3002 1830 copiam
3050 1772 3105 1817 et
3156 1764 3340 1818 luxum
3383 1766 3450 1819 ad

213 1856 399 1926 φέρει,
446 1857 538 1908 καὶ
583 1858 650 1927 τῇ
697 1861 874 1930 τρυφῇ
921 1859 983 1911 τὸ
1026 1859 1125 1929 τῆς
1155 1857 1589 1930 γαστριμαργίας
1623 1857 1790 1922 πάθος

1898 1847 2276 1903 hclluationem
2301 1850 2612 1919 perducere,
2629 1867 2734 1906 non
2759 1853 2824 1907 ad
2850 1852 3015 1908 Deum
3045 1855 3218 1922 ferre;
3245 1857 3456 1910 luxum-

212 1947 513 2016 ᾠκείυται,
543 1948 636 2000 κα)⁴
682 1947 905 2020 θάτερον
937 1949 1149 2021 θατέρῳ
1179 1949 1445 2002 δουλεύει·
1491 1951 1520 2002 6
1567 1949 1621 2002 δὲ
1659 1949 1790 2012 Θεὸς

214 2040 482 2109 ἄπρακτα
514 2038 608 2090 καὶ
631 2039 774 2110 ἀργὰ
804 2042 1017 2111 ποιήσει
1049 2041 1235 2104 ταῦτα,
1263 2042 1403 2096 ὥστε
1433 2041 1504 2114 μὴ
1527 2043 1585 2108 ἐξ
1615 2042 1790 2096 αὐτῶν

217 2127 956 2198 τινάς,-βλάπτεσθαι.Ἕοικε
990 2133 1046 2186 δέ
1078 2136 1106 2187 6
1134 2135 1286 2202 ἆγιος
1315 2127 1466 2197 οὗτος
1492 2133 1791 2206 χρήσασθαι

215 2222 332 2282 τοῖς
381 2222 752 2286 άποστολικοῖς
803 2225 1034 2295 ῥήμασιν
1067 2224 1293 2278 ἐνταῦθα
1315 2265 1328 2289 ,
1361 2225 1589 2288 δεικνὺς,
1616 2227 1695 2279 ὅτι
1725 2225 1792 2279 τὰ

217 2312 366 2365 κατὰ
392 2313 600 2384 τρυφὴν
633 2315 724 2367 καὶ
766 2315 1074 2386 ἀδηφαγίαν
1103 2317 1359 2386 γινόμενα
1394 2316 1789 2388 διαϐέϐληνται,

221 2401 318 2453 καὶ
357 2402 645 2473 ἐπιτιμίων
681 2405 816 2456 εἰσὶν
839 2403 982 2468 ἄξια,
1013 2404 1072 2457 οὐ
1095 2405 1164 2457 τὰ
1189 2405 1254 2457 δι’
1279 2406 1522 2476 ἀνάγκην
1553 2408 1646 2460 καὶ
1675 2406 1791 2477 βίαν

219 2495 576 2564 σωματικήνο
630 2493 768 2548 ὥστε
823 2494 924 2548 κᾶν
972 2494 1172 2564 ἔφαγον
1217 2499 1262 2550 οἱ
1307 2497 1637 2567 αἰχμάλωτοι
1674 2515 1793 2551 τινα

220 2585 492 2656 βρώματα
512 2584 619 2639 τῶν
647 2587 1126 2658 ἀπηγορευμένων,
1152 2588 1324 2643 δοῦλοι
1355 2590 1526 2654 ὄντες,
1567 2591 1635 2644 δι’
1659 2591 1790 2644 ἀπο.

221 2679 350 2748 ρίαν
381 2677 570 2748 ἐτέρας
601 2677 827 2749 τροφῆς,
858 2678 956 2748 τῆς
1000 2679 1211 2747 φύσεως
1252 2681 1520 2751 τραφῆναι
1550 2679 1794 2752 βιαζομέ-

216 2787 340 2840 νης,
376 2771 438 2823 οὐ
489 2771 624 2841 βαρὺ
669 2771 846 2832 τοῦτο,
880 2771 955 2834 ὡς
989 2773 1082 2825 καὶ
1126 2773 1424 2844 ἁμάρτημα
1455 2772 1788 2846 λογισθῆναι.

231 2863 330 2915 Ἐκ
357 2861 416 2914 δὲ
440 2861 534 2914 τοῦ
567 2862 898 2931 Εὐαγγελίου
921 2865 1186 2936 ἐχρήσατο
1211 2867 1318 2928 τοῖς
1342 2863 1432 2917 τοῦ
1460 2865 1662 2938 Κυρίου
1697 2868 1793 2939 ρή-

221 2971 363 3023 μασι
390 2957 502 3018 τοῖς
532 2955 799 3023 λέγουσιν,
831 2957 934 3018 ὅτι,
973 2959 1054 3010 Οὐ
1077 2957 1142 3010 τὸ
1165 2960 1659 3028 εἰσπορευόμενον
1681 2978 1795 3014 κοι-

216 3047 319 3100 νοῖ
343 3047 454 3100 τὸν
475 3047 784 3116 ἄνθρωπον
803 3065 814 3079 ·
843 3049 936 3102 καὶ
960 3049 1131 3102 ταῦτα
1153 3049 1207 3103 δὲ
1234 3051 1367 3121 πρὸς
1381 3052 1479 3123 τὴν
1499 3053 1792 3125 εἰρημένην

217 3140 490 3192 τείνουσιν
534 3140 757 3195 ἔννοιαν.
808 3140 938 3195 Εἶτα
991 3141 1085 3194 καὶ
1134 3143 1263 3214 περὶ
1309 3145 1578 3210 γυναικῶν
1630 3163 1792 3217 φησιν

1893 1955 1997 2009 que
2030 1941 2346 2010 plerumque
2375 1943 2562 1998 vitium
2599 1945 2941 2002 helluationis
2977 1950 3348 2018 consequitur,
3377 1951 3455 2003 al-

1895 2043 2178 2104 terumque
2210 2035 2362 2090 alteri
2393 2036 2660 2102 deservit;
2693 2037 2834 2093 Deus
2870 2049 3047 2094 autem
3081 2041 3232 2096 irrita
3261 2045 3373 2098 haec
3402 2053 3456 2099 et

1896 2139 2049 2179 cassa
2077 2126 2282 2191 reddet,
2318 2136 2378 2181 ut
2402 2126 2540 2181 nihil
2571 2144 2635 2182 ex
2671 2129 2804 2198 ipsis
2829 2130 3012 2186 damni
3041 2133 3296 2203 cuiquam
3323 2150 3455 2190 con-

1899 2215 2320 2285 tingat.Videtur
2345 2233 2508 2288 porro
2538 2220 2627 2276 hic
2651 2230 2872 2276 sanctus
2896 2223 2998 2278 hoc
3026 2223 3146 2280 loco
3172 2241 3304 2282 usus
3329 2243 3456 2298 apo-

1897 2311 2102 2365 stolicis
2135 2310 2336 2375 verbis,
2368 2320 2429 2366 ut
2469 2312 2865 2370 demonstraret
2892 2331 3012 2386 quae
3045 2317 3116 2372 ob
3151 2319 3335 2372 luxum
3391 2335 3456 2375 ac

1897 2402 2212 2458 edacitatem
2245 2403 2401 2469 ﬁunt,
2431 2404 2684 2461 damnata
2715 2421 2834 2462 esse
2878 2422 2942 2462 ac
2987 2409 3162 2478 pugnis
3194 2411 3453 2477 obnoxia,

1898 2507 2004 2546 non
2036 2493 2160 2548 item
2193 2511 2255 2550 ea
2284 2512 2404 2567 qua:
2429 2497 2479 2550 vi
2513 2511 2576 2550 ac
2606 2496 2926 2552 necessitate
2957 2501 3200 2568 corporis
3229 2513 3456 2572 cogente

1898 2581 2276 2638 admittuntur.
2305 2584 2541 2640 Proinde
2581 2585 2792 2642 etiamsi
2837 2587 2990 2642 cibos
3016 2589 3227 2659 aliquos
3257 2593 3456 2646 vetitos

1897 2671 2092 2741 captivi
2142 2675 2494 2738 comederint,
2528 2691 2652 2730 cum
2698 2678 2838 2733 servi
2886 2688 3087 2743 essent,
3119 2680 3189 2734 ob
3231 2681 3454 2737 alterius

1897 2764 2137 2821 alimenti
2169 2766 2428 2836 inopiam,
2459 2769 2640 2823 cibum
2686 2770 2992 2825 necessario
3020 2783 3266 2840 exigente
3299 2784 3458 2828 natu-

1899 2870 1992 2922 ra;
2018 2870 2124 2910 non
2157 2865 2240 2912 est
2267 2856 2370 2912 hoc
2393 2871 2634 2928 eousque
2665 2874 2846 2927 grave,
2882 2868 2941 2914 ut
2973 2869 3029 2914 et
3060 2862 3305 2917 criminis
3337 2865 3456 2918 loco

1897 2949 2147 3004 ducatur.
2183 2949 2262 3004 Ex
2291 2948 2582 3021 Evangelio
2609 2962 2790 3007 autem
2831 2967 2965 3008 usus
2993 2961 3076 3007 est
3111 2953 3215 3008 illis
3243 2953 3456 3010 Domini

1901 3041 2124 3097 verbis:
2169 3039 2290 3096 Non
2331 3044 2470 3113 quod
2497 3044 2661 3099 intra:
2703 3061 2795 3114 per
2839 3061 2918 3110 os,
2947 3047 3248 3116 coinquinat
3290 3047 3455 3100 homi-

1899 3147 2056 3198 nem;
2101 3142 2152 3188 et
2178 3135 2244 3188 ad
2270 3135 2517 3190 eamdem
2561 3137 2677 3192 haec
2717 3153 2934 3208 quoque
2963 3139 3284 3196 sententiam
3328 3141 3463 3197 reie-

216 3230 583 3301 αἰχμαλὼτων
607 3228 694 3295 αἷς
723 3234 770 3285 οἰ
813 3232 1076 3306 βάρϐαροι
1116 3234 1541 3306 συνεφθάρησαν.
1573 3237 1682 3290 Καὶ
1709 3237 1788 3290 δί-

1898 3235 2105 3282 runtur.
2146 3225 2283 3282 l‘linc
2312 3229 2377 3283 de
2425 3229 2743 3285 mulieribus
2774 3247 2989 3301 quoque
3014 3233 3238 3302 captivis
3279 3250 3400 3304 qua
3427 3250 3460 3289 a

217 3323 354 3375 δωσι
389 3322 631 3393 γνώμην,
660 3327 762 3389 ὃτι,
791 3328 838 3378 εἰ
868 3325 963 3396 μὲν
993 3327 1022 3377 6
1057 3323 1245 3396 πρώην
1273 3325 1449 3378 αὐτῶν
1489 3325 1599 3396 βίος
1629 3341 1789 3382 κατε-

218 3411 536 3480 γνωσμένος
564 3407 652 3483 ῆν,
683 3413 952 3477 ὑπόπτους
981 3413 1148 3478 αὑτὰς
1183 3417 1322 3466 ποιεῖ
1351 3417 1383 3485 ἡ
1408 3416 1638 3487 πορνικὴ
1660 3416 1790 3481 ἕξις,

220 3507 318 3558 καὶ
364 3506 423 3557 ἐν
467 3503 544 3573 τῷ
581 3503 758 3578 καιρῷ
801 3505 900 3574 τῆς
930 3505 1337 3576 αἰχμαλωσίας⁶
1389 3509 1479 3560 καὶ
1522 3507 1610 3560 διὰ
1640 3509 1794 3563 τοῦτο

220 3595 533 3667 προχείρως
573 3597 763 3660 αὐταῖς
795 3597 853 3649 οὐ
893 3597 1242 3667 συνεύχεσθαι
1269 3598 1367 3659 δεῖ,
1394 3598 1528 3652 ἀλλὰ
1561 3600 1697 3670 μετὰ
1733 3601 1794 3654 τὸ

219 3689 508 3742 δουλεῦσαι
553 3688 752 3759 δηλαδὴ
785 3689 1258 3762 ἐπιτιμίοις.Ἔξις
1292 3689 1334 3742 δ’
1364 3691 1530 3756 ἐστὶν,
1561 3694 1594 3763 ἡ
1624 3693 1796 3762 χρονί-

223 3798 370 3834 σασα
401 3780 681 3852 συνήθεια,
721 3782 816 3834 καί
843 3781 922 3852 τῷ
948 3782 1123 3853 χρόνῳ
1155 3782 1511 3850 παγιωθεῖσα,
1554 3785 1674 3854 ἥτις
1701 3785 1795 3838 καὶ

221 3875 388 3942 φύσει
419 3874 755 3944 προσέοικεν,
785 3873 922 3926 ὥστε
957 3876 1011 3926 ai
1040 3874 1147 3945 μὴν
1169 3874 1410 3928 τοιαῦται
1433 3876 1529 3945 οὐχ
1553 3876 1795 3948 ἥμαρτον

224 3962 550 4033 βιασθεῖσαι.
581 3965 646 4018 Ei
673 3963 730 4017 δὲ
759 3966 788 4017 6
816 3963 1074 4034 πρότερος
1105 3964 1283 4017 αὐτῶν
1313 3964 1425 4035 βίος
1453 3964 1680 4038 σώφρων
1705 3967 1797 4021 καὶ

221 4056 616 4126 ἀνεπίληπτος,
640 4055 987 4110 δουλωθεῖσαι
1031 4057 1086 4111 δὲ
1129 4057 1222 4110 καὶ
1261 4055 1348 4110 διὰ
1392 4059 1488 4128 τῆς
1521 4059 1797 4129 αἰχμαλω-

224 4149 373 4211 σίας,
416 4149 482 4200 ἐκ
515 4147 635 4216 βίας
667 4148 962 4218 ὑπέμειναν
1005 4148 1104 4220 τὴν
1146 4148 1255 4202 τῶν
1303 4148 1591 4221 βαρϐάρων
1620 4148 1793 4222 ὕϐριν,

223 4238 551 4309 ἀνέγκλητοι
583 4240 708 4292 εἰσι.
758 4239 868 4293 Καὶ
917 4240 1319 4312 παραδείγματι
1351 4240 1614 4312 κέχρηται
1643 4245 1707 4312 τῇ
1739 4245 1796 4296 ἐν

222 4331 303 4400 τῷ
332 4331 734 4402 Δευτερονομίῳ
760 4331 1084 4404 θεσμοθεσία⁸
1105 4335 1170 4403 τῇ
1200 4333 1324 4404 περί
1357 4333 1454 4404 τῆς
1487 4332 1797 4403 βιασθείσης

225 4421 526 4493 παρθένου,
557 4422 622 4492 ἣν
647 4423 706 4474 ἐν
728 4423 932 4494 ἐρημίᾳ
957 4424 984 4476 6
1007 4421 1331 4492 βιασάμενος
1358 4421 1596 4494 ἔφθειρε,
1620 4421 1801 4490 λεγού-

227 4536 298 4594 σῃ
323 4539 338 4550 ·
374 4523 488 4575 Οὐκ
519 4520 669 4574 ἔσται
698 4523 766 4592 τῇ
800 4521 995 4574 νεάνιδι
1028 4521 1328 4593 ἁμάρτημα
1359 4521 1608 4575 θανάτου.

229 4625 340 4680 tur,
372 4616 442 4671 de
474 4616 681 4686 virgine
740 4616 848 4671 vim
905 4633 1085 4688 passa,
1135 4633 1296 4688 quam
1351 4617 1404 4671 in
1455 4619 1745 4674 solitudine
1781 4617 2052 4689 quispiam
2106 4617 2331 4674 violavit
2379 4635 2393 4672 :

228 4723 516 4783 peccatum
541 4713 754 4767 mortis.

842 4805 1077 4858 ΚΑΝΩΝ
1121 4805 1195 4858 B’.

302 4919 321 4951 ‹
363 4899 582 4971 Δεινὴή
618 4897 894 4960 πλεονεξία
917 4937 932 4960 ,
965 4899 1058 4952 καὶ
1103 4898 1202 4951 οὐκ
1250 4897 1364 4951 ἐστι
1403 4898 1471 4951 δι’
1518 4899 1803 4970 ἐπιστολῆς
1836 4897 1879 4952 D

233 5016 248 5041 ε
298 4995 432 5066 μιᾶς
461 4991 800 5063 παραθέσθαι
836 4990 902 5044 τὰ
933 4990 1050 5043 θεῖα
1075 4990 1404 5061 γράμματα,
1439 4993 1496 5045 ἐν
1537 4989 1617 5057 οἷς
1643 4993 1702 5046 οὐ
1740 4993 1798 5046 τὸ

234 5107 249 5135 ι
288 5085 573 5156 λῃστεύειν
599 5083 756 5154 μόνον
781 5083 1004 5152 φρικτὸν
1025 5081 1117 5135 καὶ
1144 5083 1406 5153 φρικῶδες
1441 5083 1799 5152 καταγγέλλε-

234 5200 250 5228 ι
291 5196 382 5232 ται
411 5218 427 5242 ,
470 5176 605 5230 ἀλλὰ
642 5175 868 5230 καθόλου
905 5175 964 5227 τὸ
1004 5174 1342 5228 πλεονεκτεῖν
1375 5175 1467 5227 καὶ
1507 5175 1799 5246 ἀλλοτρίων

234 5293 250 5321 ι
288 5269 629 5340 ἐφάπτεσθαι
673 5271 764 5322 ἐπὶ
805 5266 1243 5339 αἰσχροκερδεία·
1288 5267 1382 5320 καὶ
1428 5269 1534 5331 πᾶς
1565 5268 1802 5332 τοιοῦτος

232 5387 248 5415 ι
289 5364 630 5433 ἐκκήρυκτος
665 5361 987 5429 Ἐκκλησίας
1034 5358 1185 5413 Θεοῦ.
1217 5359 1288 5412 Τὸ
1318 5359 1372 5412 δὲ
1407 5361 1464 5412 ἐν
1494 5360 1667 5431 καιρῷ
1703 5360 1802 5431 τῆς

232 5476 248 5506 ι
290 5452 666 5523 καταδρομῆς,
691 5453 746 5505 ἐν
785 5452 1019 5524 τοσαύτῃ
1040 5454 1248 5522 οἰμωγῇ
1272 5452 1362 5504 καὶ
1388 5451 1656 5515 τοσούτοις
1671 5451 1698 5503 θ
1708 5454 1802 5524 ρή-

231 5568 249 5599 ι
290 5564 408 5610 νοις
427 5545 692 5615 τολμῆσαί
724 5562 873 5608 τινας
896 5544 986 5597 τὸν
1012 5544 1198 5616 καιρὸν
1242 5543 1330 5597 τὸν
1378 5545 1542 5597 πᾶσιν
1586 5541 1804 5615 ὀλεθρον

232 5659 251 5691 ι
292 5640 529 5710 φέροντα
550 5637 766 5707 νομίσαι
793 5638 1003 5700 ἑαυτοῖς
1028 5637 1216 5708 καιρὸν
1251 5632 1386 5689 εἶναι
1412 5635 1634 5706 κέρδους
1651 5676 1664 5698 ,
1711 5637 1802 5688 άν-

231 5753 250 5786 ι
292 5733 321 5784 θ
331 5730 534 5802 ρώπων
557 5732 700 5782 ἐστὶν
717 5729 928 5784 άσεὸὦν
951 5731 1044 5784 καὶ
1070 5729 1374 5798 θεοστυγῶν
1392 5771 1406 5794 ,
1428 5730 1545 5784 οὐδὲ
1575 5729 1802 5801 ὑπερδο-

231 5844 260 5893 ι
294 5825 395 5888 λὴν
442 5824 667 5886 ἀτοπίας
713 5823 960 5891 ἐχόντων.
997 5822 1156 5876 Ὅθεν
1178 5822 1318 5886 εδοξε
1366 5825 1488 5886 τοὺς
1533 5821 1801 5886 τοιούτους

1898 3317 2146 3374 barbaris
2176 3331 2444 3390 corrupta:
2473 3331 2618 3386 sunt,
2649 3323 2897 3392 disserit;
2929 3335 3089 3396 atque
3119 3326 3189 3380 ita
3217 3341 3462 3397 proauo-

1898 3411 1994 3465 tiat
2030 3429 2043 3464 :
2077 3411 2124 3467 si
2153 3412 2370 3482 quidem
2397 3413 2612 3468 illarum
2647 3425 2888 3472 anteacta
2919 3420 3024 3474 vita
3064 3421 3317 3478 damnata
3345 3425 3463 3480 iue—

1898 3513 2002 3569 rat,
2039 3517 2133 3558 eas
2160 3504 2324 3558 etiam
2359 3507 2687 3575 captivitatis
2718 3517 2958 3578 tempore
3001 3511 3322 3570 fornicarius
3370 3516 3463 3572 ha-

1899 3595 2046 3651 bitus
2074 3605 2358 3666 suspectas
2390 3597 2538 3662 facit,
2575 3600 2908 3670 proindeque
2949 3603 3090 3657 haud
3140 3603 3296 3661 facile
3328 3609 3462 3678 ipsis

1899 3689 1952 3742 in
1981 3691 2290 3758 precatione
2322 3693 2725 3747 communicare
2768 3704 3001 3762 oportet,
3029 3697 3132 3751 nisi
3178 3699 3353 3753 debita
3384 3701 3461 3754 vi-

1897 3780 2091 3837 delicet
2138 3783 2464 3852 pmoitentiaa
2512 3793 2752 3854 tempora
2785 3785 3137 3855 eXpleverint.
3169 3787 3264 3845 Est
3303 3806 3464 3861 porro

1899 3873 2137 3939 habitus,
2169 3874 2425 3930 diuturna
2455 3891 2520 3931 ac
2551 3885 2788 3945 tempore
2814 3879 3130 3934 conﬁrmata
3171 3891 3462 3937 consuetu-

1898 3967 1990 4034 do,
2019 3982 2142 4036 quaa
2171 3977 2382 4023 natura:
2425 3969 2619 4024 similis
2652 3979 2757 4035 est,
2795 3979 2852 4024 ut
2885 3981 3165 4041 propterea
3195 3973 3462 4043 ejusmodi

1900 4058 2157 4114 mulieres
2187 4075 2532 4129 nequaquam
2558 4060 2609 4114 vi
2642 4072 2859 4116 coactas
2885 4077 3137 4131 peccasse
3162 4066 3460 4135 putandum

1901 4151 1991 4208 sit.
2023 4150 2177 4218 Quod
2208 4152 2253 4207 si
2282 4153 2514 4222 priorem
2546 4153 2711 4207 vitam
2744 4163 2892 4209 caste
2936 4170 3000 4212 ac
3027 4157 3162 4212 citra
3208 4158 3464 4214 oti‘ensio—

1901 4257 2024 4298 nem
2064 4251 2311 4314 egerunt,
2340 4252 2452 4298 tum
2485 4244 2730 4300 abducta:
2765 4246 2818 4300 in
2845 4247 3156 4302 servitutem
3191 4249 3262 4304 ob
3292 4250 3463 4319 capti-

1900 4335 2142 4400 vitatem,
2175 4350 2239 4392 ex
2265 4337 2518 4392 violentia
2548 4337 2904 4392 barbarorum
2938 4340 3317 4394 contumeliam
3347 4357 3464 4410 pas-

1903 4441 1978 4482 sa:
2001 4436 2145 4493 sunt,
2182 4428 2452 4484 immunes
2483 4441 2610 4484 sunt
2640 4445 2670 4484 a
2704 4430 2859 4498 culpa
2889 4447 2902 4484 :
2931 4431 3341 4501 exemplumque
3365 4433 3462 4486 ad-

1904 4520 2072 4586 hibet,
2101 4521 2244 4590 quod
2281 4521 2335 4574 in
2364 4519 2766 4581 Deuteronomii
2795 4523 3272 4578 constitutionibus
3298 4523 3466 4578 refcr-

2443 4617 2560 4672 Non
2622 4619 2746 4683 erit,
2806 4617 3000 4689 inquit,
3057 4619 3467 4675 adolescentulis

2450 4803 2680 4861 CANON
2717 4805 2780 4858 ll.

1988 4915 2008 4949 ‹
2052 4896 2243 4952 Gravis
2273 4906 2356 4951 est
2399 4897 2624 4951 avaritia
2651 4937 2667 4962 ,
2717 4912 2816 4952 nec
2847 4906 3075 4966 possunt
3107 4913 3212 4952 una
3239 4899 3466 4968 epistola

1909 5007 1928 5040 ι
1974 4989 2201 5059 proponi
2232 4988 2546 5060 Scriptum,
2584 4991 2636 5043 in
2667 4991 2865 5060 quibus
2895 5006 2999 5044 non
3033 4991 3206 5045 solum
3239 4993 3468 5060 praedari

1909 5100 1927 5132 ι
1975 5080 2288 5151 fugiendum
2319 5082 2758 5153 horrendumque
2784 5081 3144 5152 praedicatur,
3177 5082 3271 5138 sed
3313 5083 3466 5153 plura

1909 5194 1927 5225 ‹
1973 5175 2134 5229 etiam
2175 5175 2585 5243 concupiscere,
2634 5183 2688 5229 et
2729 5173 2903 5228 aliena
2936 5184 3151 5244 pr0ptt-r
3196 5189 3351 5244 turpe
3388 5175 3471 5228 luo

1910 5285 1928 5317 ι
1969 5277 2128 5322 'crum
2155 5267 2452 5337 attingere:
2489 5277 2542 5322 et
2565 5268 2871 5337 quicunque
2895 5281 2978 5321 eSt
2997 5267 3284 5335 ejusmodi,
3319 5268 3364 5321 is
3387 5277 3469 5321 est

1915 5378 1933 5411 ι
1979 5375 2008 5413 a
2043 5359 2138 5414 Dei
2179 5359 2416 5415 Ecclesia
2449 5359 2751 5416 abdicatus.
2791 5358 2847 5413 In
2879 5370 3116 5430 tempore
3161 5367 3337 5410 autem
3387 5357 3472 5408 in-

1915 5471 1933 5502 ι
1980 5451 2280 5518 cursionis,
2315 5451 2368 5505 in
2397 5459 2544 5506 tanto
2578 5451 2724 5507 luctu
2757 5452 3024 5520 tantisque
3045 5448 3277 5511 ﬂetibus,
3306 5462 3470 5500 ausos

1915 5563 1934 5594 ς
1978 5558 2097 5598 esse
2136 5544 2348 5614 aliquos
2381 5552 2590 5612 tempus
2619 5543 2762 5613 quod
2800 5541 3051 5597 omnibus
3083 5539 3309 5592 exitium
3340 5537 3470 5593 aﬂe-

1915 5655 1934 5688 ι
1975 5635 2161 5700 rebat,
2191 5635 2502 5690 existimare
2523 5650 2644 5691 esse
2677 5635 2777 5690 sibi
2809 5633 2941 5689 lucri
2973 5640 3182 5703 tempus
3209 5671 3222 5697 ,
3268 5640 3350 5684 est
3377 5630 3474 5684 ho-

1916 5747 1934 5780 ι
1979 5728 2187 5782 minum
2230 5728 2520 5798 impiorum
2551 5737 2605 5782 et
2638 5725 2746 5782 Deo
2793 5726 3120 5787 invisorum,
3152 5732 3202 5778 et
3238 5737 3471 5790 quorum

1918 5841 1935 5873 ι
1979 5821 2309 5891 improbitati
2334 5821 2467 5875 nihil
2489 5828 2667 5891 potest
2690 5819 2869 5888 adjici.
2899 5816 3049 5873 Unde
3077 5829 3265 5872 omnes
3297 5813 3450 5870 istim
