3834 6752
583 322 719 381 ibi?

1711 328 1770 383 S.
1811 325 2143 385 GREGORH
2181 327 2689 388 THAUMATURGI

3638 339 3739 394 “ﬁt

580 458 600 492 ι
649 440 793 496 modi
828 439 1079 495 abdicare
1103 438 1278 496 visum
1307 450 1409 504 est,
1437 456 1503 496 ne
1536 439 1674 496 forte
1698 442 1750 495 in
1779 452 1950 496 totum
1978 456 2144 511 popu-

2259 459 2278 492 ι
2314 443 2631 516 ἐκκηρύξαι,
2666 444 2875 516 μήποτε
2906 446 2991 513 ἐφ’
3016 444 3133 498 ὅλον
3161 442 3290 517 ἔλθῃ
3314 445 3401 499 τὸν
3426 445 3540 502 λαὸν
3573 454 3603 523 ἡ
3635 456 3743 527 ὀργὴ

582 550 600 581 ‹
649 533 757 585 lum
787 531 868 585 ira
900 529 1100 596 veniat,
1128 539 1184 586 et
1211 531 1265 584 in
1294 546 1389 585 eos
1421 532 1654 600 primum
1680 531 1773 600 qui
1804 540 2062 599 pmsunt,
2097 539 2159 583 et

579 644 598 675 ι
648 639 753 679 non
785 624 1088 693 inquirunt.
1122 621 1324 677 Vereor
1352 624 1519 691 enim,
1554 631 1613 677 ut
1646 623 1721 678 ait
1749 622 2051 693 Scriptura,
2085 638 2151 675 ne

578 735 597 766 ι
645 716 845 784 impius
893 716 1102 785 justum
1146 730 1253 769 una
1290 730 1474 771 secum
1520 714 1710 785 perdat
1748 716 1792 768 ’.
1842 713 2150 768 Fornicatio

576 826 596 858 ι
642 807 809 870 enim,
846 806 1053 876 inquit,
1096 818 1143 861 et
1179 807 1439 873 avaritia,
1485 822 1577 877 per
1604 823 1721 876 quia
1759 808 1895 861 venit
1939 807 2023 860 ira
2057 805 2151 860 Dei

576 920 594 949 ι
646 902 701 953 in
744 900 885 970 ﬁlios
919 896 1283 952 inobedientia:
1308 910 1325 950 .'
1351 912 1415 950 ne
1455 898 1574 952 sitis
1604 914 1727 968 ergo
1770 914 1951 953 eorum
1980 899 2148 967 parti-

578 1010 597 1042 ι
640 992 795 1060 cipes'.
825 988 1026 1043 Fuistis
1056 991 1194 1043 enim
1217 988 1506 1058 aliquando
1527 987 1786 1043 tenebrae:
1818 1004 1954 1043 nunc
1974 998 2149 1043 autem

576 1101 596 1132 ι
644 1081 739 1136 lux
787 1082 843 1134 in
892 1080 1135 1134 Domino.
1180 1078 1247 1135 Ut
1279 1080 1382 1149 ﬁlii
1427 1078 1561 1133 lucis
1611 1079 1875 1134 ambulate
1924 1080 2149 1152 (fructus

579 1194 597 1225 ι
643 1174 780 1228 enim
830 1172 962 1226 lucis
992 1181 1069 1225 est
1101 1172 1157 1225 in
1188 1172 1329 1225 omni
1351 1171 1657 1234 bonitate,et
1670 1171 1908 1241 justitia,
1938 1184 1987 1227 et
2016 1174 2150 1227 veri-

576 1284 596 1319 ι
642 1266 807 1335 tate),
857 1266 1133 1334 probantes
1177 1262 1316 1333 quod
1367 1264 1437 1318 sit
1490 1262 1599 1317 Deo
1646 1276 1953 1334 acceptum:
1998 1274 2047 1320 et
2088 1283 2149 1321 ne

578 1374 595 1405 ι
640 1357 1019 1409 cemmunicate
1047 1353 1378 1424 infrugiferis
1405 1353 1645 1423 operibus
1671 1355 2021 1423 tenebrarum,
2057 1357 2147 1410 sed

577 1467 597 1497 ι
641 1447 815 1513 potius
848 1446 1008 1499 etiam
1050 1444 1365 1516 redarguite.
1403 1444 1535 1509 Quae
1566 1446 1706 1500 enim
1747 1448 1813 1501 ab
1852 1448 1981 1517 ipsis
2011 1449 2144 1517 ﬁunt

578 1560 597 1594 ι
641 1543 972 1619 clanculum,
1021 1553 1170 1611 turpe
1209 1552 1285 1597 est
1328 1542 1411 1598 vel
1431 1542 1622 1598 dicere.
1678 1544 1872 1601 Omnia
1907 1557 2084 1602 autem
2112 1565 2145 1601 ιι

568 1658 594 1687 τι
641 1638 754 1692 luce
785 1638 1018 1692 convicta
1043 1637 1458 1707 manifestautur
1484 1638 1549 1694 ¹⁰.
1595 1636 1721 1696 Haec
1754 1640 1972 1710 quidem
2007 1641 2147 1712 Apo-

577 1750 595 1782 c
643 1731 839 1787 stolus.
892 1729 950 1785 Si
996 1738 1176 1784 autem
1210 1728 1304 1801 qui
1342 1739 1561 1800 propter
1595 1734 1830 1802 priorem
1860 1735 2012 1805 plura
2049 1736 2146 1790 ha-

553 1844 593 1879 ,ι
641 1823 801 1878 bendi
854 1822 1244 1893 cupiditatem,
1298 1839 1420 1894 qua
1477 1824 1530 1879 in
1565 1840 1697 1896 pace
1743 1825 1882 1891 fuit,
1926 1843 2143 1897 poenam

576 1936 594 1967 ι
640 1915 807 1981 dant,
857 1914 910 1968 in
963 1915 1084 1984 ipso
1113 1914 1208 1970 ira:
1242 1922 1482 1985 tempore
1514 1933 1711 1974 rursus
1754 1919 1820 1973 ad
1864 1920 2144 1974 avaritiam

576 2029 593 2059 ε
641 2017 1064 2074 convertuntur,
1092 2006 1495 2064 lucrifacientcs
1525 2024 1592 2064 ex
1622 2011 1886 2081 sanguine
1924 2019 1980 2065 et
2017 2026 2143 2082 per-

575 2120 593 2153 ι
640 2102 782 2157 nicie
816 2115 1127 2156 eversorum
1173 2099 1485 2166 hominum,
1520 2101 1856 2171 captivorum
1877 2142 1893 2168 ,
1928 2102 2147 2158 interfe-

564 2212 595 2245 .ι
641 2202 892 2257 etorum;
940 2191 1069 2262 quid
1111 2190 1258 2245 aliud
1299 2191 1725 2261 exspectandum
1764 2200 1866 2257 est,
1892 2207 2055 2263 quam
2089 2202 2148 2246 ut

576 2303 596 2336 ι
642 2284 871 2339 avaritia
894 2284 1234 2339 decertantes
1264 2281 1402 2337 iram
1440 2282 1543 2338 sibi
1572 2290 1627 2338 et
1648 2283 1908 2341 universo
1945 2284 2145 2356 populo

578 2395 598 2427 ι
646 2375 1028 2432 accumulent?
1055 2393 1077 2428 ο

639 2557 803 2615 Βλιε.
841 2558 899 2615 In
932 2568 1172 2631 tempore
1213 2560 1562 2627 incursionis,
1604 2558 1828 2631 quidam
1861 2573 1928 2614 ex
1957 2558 2145 2614 ortho-

571 2652 734 2708 doxis
761 2653 1143 2722 corripuerunt
1165 2668 1253 2709 res
1278 2668 1399 2723 quae
1426 2653 1762 2723 captivorum
1790 2650 2145 2722 depraedatio-

570 2759 695 2798 nem
735 2743 1058 2815 effugerunt.
1113 2742 1188 2799 De
1221 2744 1304 2799 his
1336 2728 1465 2815 ergo
1514 2744 1878 2813 interrogatus
1921 2747 2144 2795 sanctus

567 2834 723 2898 dicit,
749 2836 893 2904 quod
919 2835 1169 2905 quisquis
1200 2842 1283 2890 est
1315 2849 1533 2900 avarus,
1568 2843 1652 2889 est
1681 2833 1750 2888 ab
1776 2831 2015 2888 Ecclesia
2048 2830 2145 2885 ab-

567 2926 804 2991 dicatus,
851 2926 903 2981 id
941 2936 1045 2991 est,
1079 2927 1284 2997 ejectus
1324 2935 1379 2982 et
1426 2927 1655 2982 alienus.
1708 2925 1972 2981 Dicuntur
1996 2924 2142 2979 enim

568 3014 803 3070 abdicati
838 3016 932 3070 ﬁlii
961 3017 1180 3085 quando
1211 3024 1431 3088 propter
1461 3017 1642 3087 aliqua
1683 3016 1911 3071 crimina
1941 3015 2010 3069 ab
2035 3013 2144 3067 hae-

570 3106 800 3162 reditate
826 3116 1054 3178 paterna
1077 3109 1404 3165 alienantur.
1446 3107 1503 3164 In
1538 3120 1778 3180 tempore
1808 3118 1988 3164 autem
2015 3106 2141 3163 talis
2167 3135 2210 3194 ο

569 3197 898 3255 calamitatis
949 3197 1150 3253 audere
1192 3198 1426 3269 aliquem
1469 3199 1681 3256 facinus
1726 3199 2036 3271 ejusmodi,
2087 3208 2143 3256 et

568 3288 882 3345 existimare
925 3289 1156 3346 aliorum
1189 3291 1553 3348 calamitatem
1581 3308 1703 3349 esse
1745 3293 1829 3349 sui
1870 3292 2007 3348 lucri
2051 3307 2143 3348 oe-

569 3382 870 3449 easionem,
892 3391 977 3438 est
1000 3382 1294 3453 impiorum
1320 3384 1601 3440 hominum
1628 3394 1683 3440 et
1704 3384 1812 3441 Deo
1840 3385 2140 3441 invisorum

570 3484 624 3530 et
652 3475 745 3545 qui
779 3489 995 3530 omnem
1022 3475 1422 3546 improbitatem
1451 3486 1729 3549 superant.
1783 3477 1934 3534 Unde
1966 3479 2142 3535 visum

569 3575 655 3622 est
679 3582 773 3622 eos
806 3567 1078 3634 abdicare,
1112 3583 1210 3638 pro
1252 3583 1319 3624 eo
1364 3570 1511 3639 quod
1539 3577 1644 3635 est,
1677 3578 1861 3641 aperte
1900 3570 2142 3627 Ecclesia

569 3657 861 3727 expeliere,
909 3664 965 3712 et
1012 3672 1045 3713 a
1094 3658 1333 3714 ﬁdelium
1362 3659 1709 3716 multitudine
1746 3676 2033 3730 separare:
2078 3676 2145 3716 ne

570 3760 791 3820 propter
818 3748 967 3819 ipsos
996 3749 1088 3805 Dei
1119 3750 1200 3804 ira
1236 3749 1291 3805 in
1325 3765 1516 3807 omnes
1546 3752 1745 3816 veniat,
1779 3761 1834 3809 et
1863 3762 1986 3809 ante
2008 3754 2145 3810 alios

568 3842 624 3896 in
659 3856 755 3897 eos
781 3842 874 3911 qui
914 3851 1187 3911 pnesunt,
1221 3841 1315 3911 qui
1345 3843 1611 3913 ejusmodi
1644 3843 1892 3900 homines
1926 3861 2034 3901 non
2062 3846 2145 3901 in-

556 3933 796 4003 ,quirunt
825 3941 879 3987 et
901 3933 1234 3988 examinant.
1265 3932 1464 3990 Deinde
1492 3935 1773 4007 subjungit
1795 3937 1957 3992 etiam
1989 3945 2144 3993 testi-

558 4024 756 4079 .monia
793 4022 1108 4094 Scriptura),
1132 4033 1196 4079 et
1234 4024 1379 4080 circa
1414 4027 1573 4081 titiam
1602 4027 1797 4082 infert:
1837 4026 1895 4084 Si
1923 4029 2017 4100 qui
2047 4045 2144 4086 au-

558 4126 678 4171 tem
724 4124 942 4184 propter
992 4130 1147 4170 suam
1185 4116 1512 4182 avaritiam,
1563 4132 1686 4186 quin
1741 4116 1844 4173 fuit
1906 4129 2146 4190 tempore

556 4205 763 4275 pacis,
813 4206 1026 4275 puniti,
1077 4207 1131 4260 in
1182 4207 1537 4263 barbarorum
1589 4208 1787 4265 iterum
1836 4210 2147 4268 incursione

568 4299 758 4352 eadem
792 4297 1165 4365 peccaverint,
1207 4298 1278 4363 ii,
1317 4299 1511 4368 inquit,
1544 4315 1654 4354 non
1683 4301 1855 4357 solum
1886 4303 1982 4358 Dei
2008 4304 2144 4359 iram

570 4388 625 4441 in
666 4403 724 4444 se
761 4388 1078 4454 attrahunt,
1112 4389 1205 4446 sed
1227 4390 1391 4446 etiam
1422 4392 1684 4449 adversus
1713 4409 1929 4450 omnem
1974 4412 2148 4469 popu—

2259 553 2277 584 ι
2316 537 2408 588 καὶ
2436 537 2521 589 ἐπ’
2542 536 2739 600 αὐτοὺς
2760 536 2977 607 πρῶτον
3004 537 3130 599 τοὺς
3169 537 3529 608 προεστῶτας,
3554 545 3658 609 τοὺς
3688 550 3744 621 μὴ

2258 645 2276 676 ι
2317 627 2724 700 ἐπιζητοῦντας.
2768 628 3043 701 Φοὸοῦμαι
3076 629 3182 702 γὰρ
3201 669 3216 693 ,
3260 630 3335 695 ὼς
3356 634 3390 702 ἡ
3418 633 3589 705 Γραφὴ
3616 634 3745 707 λέγει,

2226 744 2237 760 .-
2257 737 2276 769 ι
2316 719 2393 790 μὴ
2417 721 2755 795 συναπολέσῃ
2794 720 2996 792 ἀσεϐὴς
3017 721 3107 775 τὸν
3136 718 3359 778 δίκαιον.
3389 725 3617 792 Πορνεία
3650 731 3746 800 rep,

2257 827 2275 860 ι
2315 812 2478 883 φησί,
2520 812 2617 866 καὶ
2658 811 3000 878 πλεονεξία,
3027 811 3100 865 δι’
3125 811 3414 882 ἆὲρχετιιι
3452 815 3489 883 ἡ
3528 816 3650 887 όρτή
3671 822 3748 876 τοῦ

2256 921 2274 954 ι
2318 901 2464 956 Θεοῦ
2491 903 2590 957 ἐπὶ
2614 904 2756 971 τοὺς
2778 904 2948 971 υἱοὺς
2983 903 3095 973 τῆς
3122 905 3437 972 ἀπειθείας.
3459 903 3548 975 Μὴ
3567 903 3661 963 οὖν
3686 912 3748 980 τί-

2256 1013 2276 1046 ι
2312 998 2492 1050 νεσθε
2519 994 2883 1067 συμμέτοχοι
2900 995 3118 1051 αὐτῶν.
3134 991 3271 1051 Ἦτε
3291 995 3399 1066 γάρ
3416 1013 3549 1051 ποτε
3560 1003 3747 1070 σκότος,

2258 1107 2276 1138 ι
2312 1086 2431 1142 νῦν
2463 1086 2533 1141 δὲ
2554 1088 2680 1158 φῶς
2702 1088 2998 1156 ειν-Κυρίῳ.
3037 1088 3130 1154 Ὡς
3153 1087 3334 1142 τέκνα
3351 1088 3531 1159 φωτὸς
3566 1104 3750 1160 περιπο-

2257 1198 2274 1230 ι
2316 1179 2466 1234 τεῖτε
2492 1180 2512 1241 ί
2525 1183 2559 1234 ὁ
2581 1180 2693 1251 γὰρ
2721 1181 2949 1249 καρπὸς
2966 1179 3072 1235 τοῦ
3100 1180 3300 1251 φωτὸς
3318 1180 3389 1234 ἐν
3417 1180 3572 1252 πάσῃ
3592 1183 3748 1252 ἀγαθον

2254 1289 2273 1320 ι
2314 1272 2475 1340 σύνῃ
2497 1271 2595 1325 καί
2613 1271 2891 1343 ἀληθείᾳ)
2914 1311 2930 1336 ,
2968 1272 3383 1343 δοκιμάζοντες
3409 1274 3463 1327 τί
3492 1273 3752 1343 εὐάρεστον

2254 1380 2272 1413 ι
2310 1361 2390 1429 τῷ
2431 1363 2660 1431 Κυρίῳ,
2698 1363 2797 1418 καί
2842 1363 2929 1434 μὴ
2966 1365 3422 1435 συγκοινωνεῖτε
3460 1367 3573 1434 τοῖς
3606 1369 3750 1438 ἔργοις

2253 1473 2271 1505 ι
2312 1454 2438 1521 τοῖς
2479 1454 2772 1524 ἀκάρποις
2826 1455 2934 1511 τοῦ
2973 1457 3235 1524 σκότους
3256 1498 3271 1522 ,
3325 1455 3558 1527 μᾶλλον
3595 1458 3652 1513 δὲ
3682 1464 3749 1517 καὶ

2253 1565 2272 1598 ι
2306 1544 2607 1615 ἐλέγχετε·
2656 1546 2727 1601 τὰ
2754 1547 2865 1617 γὰρ
2916 1547 3116 1617 κρυφῇ
3161 1550 3458 1619 γινόμενα
3490 1551 3580 1604 ὑπ’
3611 1552 3754 1607 αὐτῶν

2252 1656 2270 1690 ι
2309 1639 2566 1708 αἰσχρόν
2594 1639 2726 1693 ἐστι
2758 1640 2856 1693 καὶ
2883 1639 3102 1711 λέγειν.
3150 1643 3228 1696 Τὰ
3249 1642 3321 1695 δὲ
3356 1642 3545 1697 πάντα
3567 1644 3751 1715 ἐλεγχό-

2253 1748 2272 1779 ‹
2301 1745 2457 1798 pera
2485 1730 2605 1785 ὑπὸ
2629 1730 2736 1785 τοῦ
2760 1731 2953 1800 φωτὸς
2985 1732 3371 1802 φανεροῦται.
3413 1734 3628 1790 Τοιαῦτα
3647 1738 3752 1806 nivi

2252 1838 2271 1872 ι
2330 1821 2675 1886 Ἀπὸστολος.
2721 1822 2846 1876 Ἐὰν
2878 1822 2954 1888 δὲ,
2977 1822 3065 1876 διὰ
3088 1822 3185 1895 τὴν
3219 1824 3493 1897 προτέραν
3513 1825 3751 1893 πλεονεξίαν

2250 1927 2272 1961 ι
2303 1911 2403 1982 τὴν
2428 1912 2484 1965 ἐν
2501 1914 2564 1983 τῇ
2584 1913 2775 1986 εἰρήνῃ
2791 1914 3085 1985 γενομένην
3106 1914 3261 1985 δίκην
3282 1916 3568 1981 τιννύντες,
3587 1918 3636 1970 ἐν
3650 1920 3751 1989 αὐτῷ

2252 2019 2271 2052 ι
2307 2001 2386 2073 τῷ
2412 2001 2587 2074 καιρῷ
2633 2003 2735 2073 τῆς
2774 2002 2941 2075 ὀργῆς
2988 2002 3149 2057 πάλιν
3195 2003 3337 2075 πρὸς
3380 2002 3475 2075 τὴν
3508 2004 3751 2071 πλεονεξίαν

2251 2109 2270 2142 ι
2304 2091 2618 2164 ἐκτραπῶσί
2643 2109 2804 2158 τινες,
2835 2093 3206 2165 κερδαίνοντες
3234 2093 3296 2158 ἐξ
3322 2093 3547 2165 αἵματος
3581 2096 3753 2149 xxiiii-

2251 2202 2270 2235 ι
2307 2182 2436 2254 θρου
2462 2182 2761 2253 ἀνθρώπων
2798 2186 3113 2240 ἀναστάτων
3139 2186 3509 2257 γενομένωνῆ
3536 2186 3747 2257 αἰχμαλώ-

2250 2294 2269 2327 ι
2302 2294 2427 2340 των,
2454 2277 2885 2347 πεφονευμένων,
2921 2279 2973 2332 τί
2997 2278 3181 2350 ἕτερον
3214 2279 3529 2351 προσδοκᾷν
3560 2280 3751 2351 χρήἣὼς

2250 2386 2269 2419 ι
2306 2368 2813 2440 ἐπαγωνιζομένους
2838 2372 2902 2441 τῇ
2931 2368 3235 2442 πλεονεξία,
3257 2370 3752 2444 ἐπισωρεῦσαιὸργὴν

2250 2478 2269 2512 ι
2302 2460 2398 2515 καὶ
2419 2462 2629 2541 ἐαυτοίς
2652 2461 2747 2514 καὶ
2778 2462 2941 2515 παντὶ
2966 2461 3046 2533 τῷ
3082 2460 3228 2533 λαῷ;
3262 2479 3282 2513 ι

2315 2553 2507 2608 ΒΑΛΣ.
2535 2554 2622 2607 Ἐν
2645 2552 2724 2624 τῷ
2745 2552 2920 2624 καιρῷ
2942 2554 3043 2624 τῆς
3066 2553 3174 2607 τῶν
3192 2553 3487 2625 βαρϐάρων
3505 2552 3751 2624 ἐπιδρομῆς.

2245 2644 2498 2715 ἥρπασάν
2526 2662 2670 2709 τινες
2698 2645 2807 2700 τῶν
2831 2644 3123 2717 ὀρθοδὸξων
3146 2644 3214 2699 τὰ
3248 2644 3348 2717 τὴν
3390 2643 3652 2717 λεηλασίαν
3674 2642 3752 2697 δια-

2244 2736 2483 2808 φυγόντα
2539 2736 2649 2791 τῶν
2724 2737 3265 2809 αἰχμαλωτισθέντων
3307 2736 3613 2809 πράγματα.
3662 2734 3753 2804 Περὶ

2242 2828 2447 2884 τούτων
2476 2824 2568 2883 οὖν
2603 2829 2900 2901 ἐρωτηθεὶς
2920 2831 2949 2883 ὁ
2995 2829 3171 2898 ἅγιος,
3195 2829 3388 2901 φησὶν,
3416 2829 3498 2881 ὅτι
3521 2829 3615 2890 πᾶς
3648 2826 3739 2878 πλεο

2221 2920 2437 2993 ,νέκτης
2471 2921 2806 2992 ἐκκήρυκτος
2847 2920 2949 2991 τῆς
3000 2919 3333 2991 Ἐκκλησίας
3360 2921 3527 2982 ἐστὶν,
3555 2918 3655 2971 ἀντί
3674 2915 3751 2981 τοῦ,

2241 3011 2544 3082 ἀπόϐλητος
2583 3011 2678 3065 καὶ
2717 3011 3018 3084 ἀλλότριος.
3064 3010 3568 3085 ’Λποκηρύσσεσθαι
3591 3011 3678 3083 γὰρ
3695 3009 3753 3061 λί-

2242 3120 2428 3173 γονται
2453 3105 2501 3158 οἰ
2525 3104 2629 3157 υἱοὶ
2655 3104 2782 3157 ὅταν
2820 3104 2911 3158 διά
2926 3121 3046 3157 τινα
3067 3104 3372 3174 αἰτιάματα
3391 3104 3455 3156 ἐκ
3481 3104 3572 3173 τῆς
3598 3101 3753 3170 Tauri;

2242 3195 2601 3268 κληρονομίας
2628 3190 3029 3267 ἀλλοτριόωται.
3061 3196 3135 3248 Τὸ
3155 3195 3212 3248 δὲ
3244 3197 3304 3249 ἐν
3338 3194 3521 3266 καιρῷ
3545 3193 3753 3265 συμφορᾶς

2239 3289 2493 3360 τοιαύτης
2512 3288 2773 3360 τολμῆσαί
2805 3305 2927 3342 τινα
2948 3286 3184 3341 τοιοῦτόν
3211 3305 3266 3341 τι
3301 3288 3477 3342 κακὸν
3494 3327 3510 3352 ,
3538 3287 3619 3340 καὶ
3657 3285 3754 3352 λογί-

2244 3381 2439 3437 σασθαι
2462 3381 2696 3455 κέρδους
2721 3380 2975 3453 ἀφορμὴν
3000 3379 3099 3453 τὴν
3119 3380 3228 3433 τῶν
3251 3378 3500 3450 ἀδελφῶν
3522 3374 3752 3448 συμςορὰηθ.

2241 3473 2401 3546 ἔργον
2427 3473 2574 3527 ἐστὶν
2609 3471 2912 3546 ἀνθρώπων
2941 3471 3152 3526 ἀσεόὦν
3179 3472 3273 3526 καὶ
3302 3472 3414 3526 ὑπὸ
3442 3470 3533 3525 τοῦ
3564 3469 3673 3524 Θεοῦ
3694 3486 3751 3538 μι-

2245 3562 2540 3635 σουμένων,
2565 3563 2657 3617 καὶ
2677 3564 2859 3634 πάσης
2900 3562 3129 3627 ἀτοπίας
3166 3563 3448 3616 ἐπέκεινα.
3476 3560 3619 3615 ’Ὀθεν
3653 3556 3751 3621 εδοξε

2242 3656 2367 3719 τοὺς
2385 3654 2656 3719 τοιούτους
2687 3652 2988 3727 ἐκκηρύξαι
3015 3654 3137 3709 ἀντὶ
3156 3651 3274 3719 τοῦ,
3314 3648 3753 3726 φανερῶςέκδιῶξιι

2242 3745 2342 3815 τῆς
2380 3744 2737 3816 Ἐκκλησίας,
2776 3746 2871 3799 καὶ
2903 3743 3134 3816 χωρίσαι
3182 3744 3278 3799 τοῦ
3319 3743 3658 3817 πληρώματος
3683 3739 3753 3791 τῶν

2244 3838 2473 3892 πιστῶν·
2510 3837 2598 3891 ἵνα
2626 3837 2701 3908 μὴ
2719 3836 2786 3889 δι’
2813 3836 3013 3901 αὐτοὺς
3045 3839 3078 3909 ἡ
3111 3836 3248 3908 ὀργὴ
3272 3835 3371 3889 τοῦ
3398 3834 3530 3889 Θεοῦ
3571 3829 3752 3903 ἔλθηὲτὶ

2245 3930 2471 3994 πάντας,
2504 3929 2597 3983 καὶ
2621 3928 2726 4001 πρὸ
2748 3928 2857 3981 τῶν
2885 3927 3057 3984 ἄλλων
3088 3929 3180 3981 ἐπὶ⁵
3199 3929 3327 3993 τοὺς
3348 3926 3684 3997 προεστῶτας,
3700 3922 3748 3991 μὴ

2245 4019 2634 4094 ἐπιζητοῦντας
2660 4019 2753 4074 καὶ
2786 4018 3139 4087 ἐξετάζοντας
3177 4020 3304 4084 τοὺς
3350 4018 3625 4080 τοιούτους.
3664 4008 3753 4067 Εἶτα

2244 4116 2439 4185 ἐπάγει
2474 4116 2568 4170 καὶ
2592 4115 2877 4191 ,Γραφικάς
2912 4114 3214 4186 μαρτυρίας
3236 4153 3251 4177 ,
3281 4114 3380 4167 καὶ
3414 4112 3537 4185 περὶ
3569 4110 3621 4163 τὸ
3650 4107 3754 4165 τέλος

2245 4207 2523 4280 ἐπιφέρειο
2549 4207 2613 4260 Εἰ
2642 4206 2699 4259 δέ
2719 4224 2863 4270 τινες
2886 4205 2974 4260 διὰ
3001 4205 3313 4271 πλεονεξίαν
3345 4203 3631 4275 γενομένην
3666 4197 3754 4268 παρ’

2245 4300 2426 4356 αὐτῶν
2462 4299 2604 4355 κατὰ
2628 4299 2719 4353 τὸν
2743 4300 2841 4371 τῆς
2863 4300 3086 4370 εἰρήνης
3110 4298 3300 4368 καιρὸν
3320 4296 3667 4357 κολασθέντες.
3692 4288 3755 4340 πά-

2246 4394 2326 4447 λιν
2346 4394 2441 4448 xad.
2468 4395 2549 4457 εἰς
2578 4392 2675 4464 τὴν
2701 4390 2807 4446 τῶν
2839 4390 3129 4463 βαρϐάρων
3156 4390 3342 4460 ἔφοδον
3373 4389 3443 4443 τά
3478 4384 3605 4443 αὐτὰ
3626 4384 3753 4454 ἥμαρ-

571 4478 706 4536 lum.
739 4478 865 4535 Haec
889 4495 1013 4535 cum
1043 4480 1117 4535 ita
1146 4496 1205 4536 se
1235 4482 1487 4550 habeant,
1511 4494 1639 4540 nota
1664 4499 1732 4540 ex
1758 4484 1861 4540 hac
1889 4487 2140 4555 praesenti

2245 4502 2356 4550 τον,
2384 4487 2434 4539 οἱ
2461 4483 2720 4550 τοιοῦτοι,
2753 4484 2917 4555 φησὶν
2940 4522 2956 4547 ,
2998 4484 3060 4536 ού
3104 4482 3263 4554 μόνον
3303 4481 3429 4536 καθ’
3478 4477 3660 4534 ἑαυτῶν
3688 4472 3752 4541 τὴν

569 4573 818 4642 epistola,
859 4574 1005 4644 quod
1040 4573 1311 4644 episcopis
1338 4576 1670 4646 permittitur
1698 4593 1987 4634 avarorum
2016 4581 2141 4648 plu-

570 4678 739 4733 raque
771 4663 1000 4718 habendi
1042 4664 1361 4734 cupidorum
1409 4670 1709 4736 potentiam
1744 4668 1921 4738 poenis
1961 4669 2141 4739 impo-

570 4754 689 4808 sitis
722 4768 1007 4809 coercere:
1052 4765 1106 4811 et
1137 4770 1233 4810 eos
1259 4756 1508 4827 quidem,
1541 4758 1669 4828 qui,
1713 4775 1835 4830 qua:
1864 4776 1930 4815 ex
1970 4761 2143 4831 capti-

568 4848 735 4925 vitate
762 4846 947 4901 relicta
975 4857 1102 4903 sunt
1133 4847 1380 4904 ﬁdelibus
1399 4891 1416 4916 ,
1447 4850 1697 4921 rapiunt,
1724 4852 1937 4923 magnis
1968 4852 2140 4908 eccle-

569 4938 804 4996 siasticis
829 4938 1390 4997 animadversionibus
1418 4943 1715 5015 castigare;
1752 4945 1846 5016 qui
1871 4960 1980 5001 non
2013 4954 2144 5002 sunt

569 5043 753 5087 autem
834 5030 1102 5101 ejusmodi
1164 5048 1429 5104 rapaces,
1518 5035 1864 5093 mediocriter
1923 5037 2136 5108 punire.

568 5121 933 5189 Quamobrem
977 5135 1045 5176 ex
1096 5121 1183 5177 his
1228 5123 1297 5177 de
1357 5124 1668 5195 hujusmodi
1728 5128 1911 5183 causis
1972 5128 2141 5184 laicos

569 5230 787 5286 quoque
825 5213 1064 5284 episcopi
1102 5214 1201 5269 rite
1230 5214 1492 5285 judicent.
1540 5216 1825 5285 Quomodo
1866 5219 2012 5274 enim
2046 5235 2142 5276 eos

568 5309 829 5378 punient,
875 5308 923 5362 si
962 5321 1072 5361 non
1103 5306 1255 5376 prius
1299 5308 1496 5363 veritas
1528 5310 1878 5381 apparuerit?
1914 5311 2142 5382 Propter

568 5400 852 5455 avaritiam
866 5406 1046 5453 autem
1079 5413 1112 5452 a
1136 5398 1370 5455 ﬁdelium
1393 5401 1777 5458 communione
1792 5402 2027 5475 aliquem
2044 5404 2141 5460 ab-

567 5493 759 5556 dicari.
791 5509 1044 5564 magnum
1075 5502 1178 5559 est,
1211 5502 1266 5549 et
1292 5508 1373 5549 vae
1405 5495 1614 5550 avaris!
1649 5494 1757 5551 Lex
1788 5511 1916 5552 vero
1945 5495 2139 5559 civilis,

564 5596 692 5639 eum
735 5585 829 5658 qui
883 5584 1022 5655 rapit
1066 5601 1132 5643 ex
1173 5584 1424 5641 inccndio
1468 5586 1551 5643 vel
1600 5602 1665 5641 cx
1708 5587 1866 5642 ruina
1911 5589 2138 5656 aedium,

688 5744 823 5801 Gen.
859 5762 1010 5818 xvm,
1035 5748 1125 5819 25,
1154 5748 1245 5804 ‘25.
1326 5749 1369 5781 ²⁰
1396 5748 1596 5821 Ephcs.
1628 5765 1682 5817 ν,
1714 5750 1866 5806 8-13.

2245 4576 2416 4650 ὀργὴν
2436 4576 2531 4631 τοῦ
2569 4576 2705 4631 Θεοῦ
2748 4577 3067 4647 ἐφέλκουσιν
3090 4616 3106 4641 ,
3144 4575 3281 4630 ἀλλά
3315 4577 3415 4629 καὶ
3448 4571 3583 4627 κατὰ
3611 4563 3753 4624 navi;

2246 4667 2340 4721 τοῦ
2366 4666 2518 4721 λαοῦ.
2563 4665 2780 4720 Τούτων
2822 4665 2993 4729 οὕτως
3038 4666 3270 4737 ἐχόντων
3342 4664 3654 4737 σημείωσαι,
3698 4658 3751 4708 ὃτι

2245 4761 2341 4815 καὶ
2360 4759 2469 4815 ἀπὸ
2504 4759 2605 4830 τῆς
2634 4758 2916 4831 παρούσης
2954 4757 3243 4829 ἐπιστολῆς
3297 4759 3506 4827 ἐφεῖται
3547 4756 3641 4816 τοῖς
3671 4751 3751 4800 ἑπι-

2244 4851 2465 4914 σκόποις
2486 4851 2585 4916 τάς
2614 4851 2720 4904 τῶν
2743 4849 3080 4904 πλεονεκτῶν
3115 4848 3435 4913 δυναστείας
3478 4838 3751 4927 ἀναστέλλειν

2238 4942 2325 4997 διὰ
2346 4943 2637 5014 ἐπιτιμίων
2655 4959 2670 4972 ·
2705 4942 2799 4997 καὶ
2822 4942 2948 5006 τοὺς
2976 4942 3073 5014 μὲν
3106 4941 3452 5013 ἁρπάζοντας
3491 4936 3556 4992 τὰ
3581 4934 3668 4990 ἀπὸ
3687 4929 3752 4997 τῆἶ

2239 5035 2611 5107 αἰχμαλωσίας
2627 5035 3043 5109 περιλειφθέντα
3074 5035 3376 5107 πράγματα
3396 5033 3502 5088 τῶν
3522 5025 3750 5103 ὀρθώνὲξων

2243 5125 2332 5180 διὰ
2368 5126 2613 5198 μεγάλων
2640 5126 3106 5200 ἐκκλησιαπικῶν
3142 5125 3491 5199 σωφρονίζειν
3518 5119 3748 5177 κολάσεων·

2243 5219 2368 5279 τοὺς
2391 5216 2447 5269 δὲ
2476 5216 2550 5287 μὴ
2571 5217 2845 5282 τοιούτους
2865 5218 3117 5290 ἅρπαγας
3135 5219 3507 5291 μετριωτέρως
3532 5207 3747 5279 ἐπιτιμᾷδν

2215 5306 2384 5361 ,ὥστε
2424 5308 2533 5361 ἀπὸ
2580 5307 2836 5362 τοιούτων
2894 5310 3023 5379 περὶ⁵
3076 5308 3329 5363 τοιούτων
3377 5306 3653 5362 ὑποθέσεων
3684 5294 3751 5350 καὶ

2245 5399 2465 5463 λαῖκοὺς
2485 5399 2797 5471 ἐνδυνάμως
2824 5401 2912 5454 ἵνα
2947 5400 3240 5454 δικάσωσιν
3269 5402 3319 5454 οἰ
3348 5400 3630 5454 ἐπίσκοποι.
3660 5386 3749 5445 Πῶς

2216 5544 2217 5557 γ
2246 5494 2354 5566 γὰρ
2384 5494 2768 5564 ἐπιτιμήσουσι
2811 5492 3034 5558 τούτους
3075 5493 3174 5565 τῆς
3204 5492 3455 5564 ἀληθείας
3486 5489 3554 5561 μὴ
3593 5489 3749 5549 ἀναει-

2246 5587 2429 5669 νείσης
2450 5587 2754 5659 πρότερον;
2785 5585 2858 5640 Τὸ
2885 5585 2941 5640 δέ
2974 5585 3062 5641 διὰ
3096 5585 3405 5651 πλεονεξίαν
3436 5574 3749 5651 ἀποκηρύσσε-

2224 5795 2325 5857 ,ι-’ξ
