3950 6326
218 419 366 476 1029

1480 419 1815 477 EPISTULA
1854 421 2224 478 CANONICA.

3322 427 3462 486 £030

218 537 350 592 σθαί
373 553 494 590 τινα
522 537 586 590 ἐκ
624 538 724 609 τῆς
754 537 1037 602 κοινωνίας
1065 535 1170 591 τῶν
1218 535 1423 590 πιστῶν
1470 536 1612 608 μέγα
1651 537 1785 599 ἐστὶ,

1893 536 2033 592 intra
2086 553 2289 592 annum
2322 539 2535 608 quidem
2589 540 2640 594 in
2684 541 3046 612 quadruplum
3093 541 3461 598 condemnat:

211 631 315 684 καὶ
340 629 466 683 οὐαὶ
491 631 602 694 τοῖς
629 631 1055 686 πλεονεκτοῦσιν.
1098 629 1156 684 '0
1186 629 1368 701 μέντοι
1407 628 1680 694 πολιτικὸς
1709 629 1792 681 νό-

218 740 323 794 μος
344 724 437 777 τδν
462 724 776 796 ἁρπάζοντα
803 725 910 779 ἀπὸ
943 722 1270 796 ἐμπρησμοῦ
1309 723 1342 794 ἢ
1378 728 1793 792 καταπεσούσης

212 812 398 877 οἰκίας
426 815 556 868 είσω
590 816 689 886 μὲν
713 815 957 870 ἐνιαυτοῦ
990 816 1070 880 εἰς
1102 815 1163 868 τὸ
1196 811 1530 884 τετραπλοῦν
1568 811 1790 865 καταδι-

214 905 407 970 κάζει·
446 907 581 976 μετά
601 905 657 960 δὲ
679 906 770 961 τὸν
799 906 1042 960 ἐνιαυτὸν
1067 908 1146 969 εἰς
1177 905 1238 958 τὸ
1271 903 1494 959 ἁπλοῦν.
1528 903 1638 956 Καὶ
1653 903 1786 956 ἀνά-

213 1000 388 1069 γνωθι
409 999 471 1054 τὸ
490 999 703 1072 πρῶτον
725 999 915 1068 κεφάλ,
943 997 1036 1052 τοῦ
1079 1004 1127 1051 κ’
1171 997 1347 1050 τίτλον
1373 995 1466 1048 τοῦ
1494 994 1533 1059 ξ’
1563 994 1781 1065 βιϐλίου.

1891 639 2012 699 post
2060 645 2260 684 annum
2303 640 2480 686 autem
2531 632 2582 686 in
2623 635 2898 704 simplum.
2950 633 3016 688 Et
3063 635 3182 705 lege
3223 634 3463 704 primum

1891 734 2012 790 cap.
2070 722 2158 778 tit.
2184 722 2256 778 20
2288 723 2381 779 lib.
2419 737 2486 776 ιι
2559 722 2818 780 Similiter
2857 735 3035 781 autem
3071 727 3376 796 puniuntur
3408 723 3462 778 in

1891 825 2054 882 paena
2080 813 2416 882 pecuniaria,
2450 815 2542 883 qui
2582 815 2650 869 ab
2683 827 2989 886 expugnata
3029 817 3192 872 domo
3218 818 3458 886 rapiunt.

1892 903 2034 960 Dicit
2077 905 2221 960 enim
2272 907 2568 962 secundum
2600 909 2778 964 thema
2809 925 2926 978 cap.
2959 909 2994 963 5
3025 909 3268 980 ejusdem
3319 907 3461 962 tituli

1891 1005 1944 1051 et
1970 995 2095 1052 libri
2124 997 2242 1054 hac
2271 1013 2554 1069 expresse:
2588 999 2644 1054 Si
2687 1017 2717 1056 a
2749 1003 2912 1056 domo
2940 1002 3023 1056 vel
3065 1003 3188 1058 vico
3229 1002 3321 1073 qui
3364 1017 3461 1071 op-

214 1089 543 1162 Παρομοίως
570 1090 627 1144 δὲ
651 1088 966 1154 κολάζοντα
991 1087 1132 1142 κατὰ
1157 1087 1254 1160 τὴν
1283 1085 1628 1158 χρηματικήν
1667 1103 1785 1138 ποι-

1890 1097 2162 1157 pugnatur
2188 1104 2397 1158 raptum
2423 1092 2551 1161 quid
2583 1091 2764 1158 fuerit,
2795 1094 2894 1164 legi
2924 1094 3077 1150 locus
3107 1103 3209 1149 est.

215 1187 322 1258 νὴν
346 1188 509 1240 καὶοί
540 1187 647 1241 ἀπὺ
665 1187 840 1251 οἰκίας
864 1183 1400 1256 καταπολεμηθείσης
1431 1181 1784 1253 ἁρπάζοντες.
1811 1181 1950 1252 Φησί
1978 1183 2087 1255 γὰρ
2126 1183 2187 1237 τὸ
2229 1185 2478 1257 δεύτερον
2512 1185 2652 1257 θέμα
2677 1187 2770 1241 τοῦ
2818 1195 2866 1257 γ’
2943 1189 3133 1258 κεφάλ.
3154 1187 3248 1242 τοῦ
3295 1187 3460 1242 αὐτοῦ

215 1281 400 1335 τίτλον
431 1281 525 1335 καὶ
567 1281 768 1352 βιϐλίου
800 1279 970 1335 ταῦτα
1004 1278 1182 1352 ῥητῶς
1205 1294 1219 1308 ⁶
1251 1278 1371 1332 Κάν
1409 1276 1516 1330 ἀπὸ
1547 1275 1722 1338 οἰκίας
1757 1275 1790 1347 ἦ
1824 1274 2014 1347 κώμης
2063 1277 2615 1350 καταπολεμουμένης
2658 1281 2881 1352 ἁρπαγῇ
2919 1298 2990 1344 τι,
3017 1279 3167 1353 χώρα
3193 1280 3270 1350 τῷ
3291 1280 3458 1350 νόμῳ.

286 1372 532 1432 ΖΩΝΑΡ.
576 1378 665 1431 Ἐν
686 1377 762 1449 τῷ
793 1377 970 1449 καιρῷ
994 1375 1094 1447 τῆς
1121 1373 1230 1428 τῶν
1272 1372 1562 1446 μαρτύρων
1597 1370 1785 1443 λεηλα-

1961 1371 2161 1427 Zomn.
2216 1375 2333 1440 Qua
2383 1384 2703 1445 tempestate
2757 1377 2809 1430 in
2872 1387 3139 1448 martyres
3182 1375 3463 1447 populatio

217 1471 366 1538 σίας,
387 1472 531 1536 τινὲς
552 1470 660 1525 τῶν
675 1470 1042 1540 διαφυγόντων
1064 1467 1294 1539 ἐπῆλθον
1308 1468 1428 1528 ταῖς
1455 1464 1654 1527 οἰκίαις
1682 1461 1785 1516 τῶν

1887 1464 2271 1533 exercebatur,
2305 1467 2553 1520 nonnulli
2584 1483 2650 1521 ex
2694 1467 2761 1522 iis
2794 1468 2888 1538 qui
2931 1468 3249 1538 effugerant,
3287 1467 3462 1535 capti-

212 1565 778 1638 αἰχμαλωτισθέντων,
803 1567 896 1620 καὶ
922 1566 1176 1636 ἥρπασαν
1201 1563 1268 1616 τά
1296 1560 1443 1632 παρά
1463 1559 1569 1613 τῶν
1595 1558 1785 1631 βαρϐά-

1887 1570 2078 1612 vorum
2110 1560 2356 1614 invasere
2394 1561 2606 1626 domos,
2637 1577 2866 1631 qua-que
2911 1577 2941 1615 a
2984 1562 3234 1616 barbaris
3274 1561 3460 1615 relicta

214 1674 330 1729 ρων
374 1657 818 1727 καταλειφθέντα.
858 1657 993 1727 Περί
1045 1654 1249 1707 τούτων
1307 1647 1399 1705 οὖν
1445 1649 1785 1720 ἐρωτηθεὶςοό

1887 1649 2136 1718 fuerant,
2171 1651 2461 1723 diripuere.
2512 1652 2590 1708 De
2629 1653 2715 1708 his
2745 1654 2926 1723 itaque
2970 1661 3191 1725 rogatus
3225 1654 3312 1708 hic
3344 1669 3463 1706 ma-

215 1751 395 1820 μέγας
423 1742 579 1814 οὗτος
620 1749 840 1820 Πατὴρ,
870 1749 1063 1820 φησὶν,
1105 1747 1186 1801 ὅτι
1219 1746 1368 1798 πᾶσα
1407 1739 1686 1807 πλεονεξία
1719 1743 1785 1812 τῇ

1893 1757 2032 1810 gnus
2056 1741 2235 1808 Pater,
2261 1759 2474 1798 omnem
2506 1743 2788 1798 avaritiam
2820 1743 3014 1799 asserit
3040 1744 3237 1799 divinis
3269 1743 3462 1797 litteris

212 1840 339 1912 θεία
368 1840 555 1912 Γραφῇ
587 1839 979 1911 ἀπηγόρευται,
1010 1837 1104 1892 καὶ
1127 1838 1186 1890 οὐ
1216 1834 1436 1890 δυνατὸν
1464 1837 1521 1888 ἐν
1545 1835 1641 1906 μιᾷ
1666 1833 1785 1887 ἐπι-

1894 1833 2268 1901 interdictam,
2301 1851 2400 1890 nec
2441 1835 2557 1890 ﬁeri
2587 1850 2750 1905 posse
2819 1844 2880 1889 ut
2922 1851 3258 1905 quacunque
3291 1850 3462 1890 sacrae

214 1930 378 2001 στολῇ
413 1929 724 2000 περιλαϐεῖν
758 1930 857 1983 ὅσα
888 1929 1012 2001 περὶ
1045 1926 1353 1994 πλεονεξίας
1383 1927 1416 1997 ή
1442 1925 1630 1995 Γραφὴ
1653 1923 1785 1988 διέξ-

1893 1924 2101 1995 ρςιείηιε
2127 1925 2194 1981 de
2222 1927 2448 1980 avaritia
2482 1927 2786 1993 disserunt,
2822 1942 2928 1980 una
2956 1927 3180 1995 epistola
3208 1941 3458 1997 compre-

209 2039 354 2076 εισι·
423 2022 700 2094 συντόμως
726 2022 782 2076 δέ
817 2039 1000 2093 φησιν,
1034 2023 1115 2075 ὅτι
1140 2022 1246 2084 πᾶς
1279 2019 1604 2088 πλεονέκτης
1633 2017 1785 2088 ἐκκή-

1889 2017 2214 2072 bendantur.
2263 2016 2502 2073 Breviter
2539 2028 2718 2072 autem
2779 2021 2855 2072 ait
2899 2032 3123 2072 avarum
3165 2018 3458 2087 quemlibet

212 2133 418 2188 ρυκτος
462 2116 564 2187 τῆς
609 2116 932 2186 Ἐκκλησίας
960 2117 1107 2171 ἐστίν
1131 2132 1144 2146 ·
1175 2116 1296 2169 ἀντὶ
1327 2113 1444 2180 τοῦ,
1484 2111 1785 2183 ἀπόϐλητος

1887 2125 2008 2165 esse
2042 2111 2110 2164 ab
2138 2109 2376 2165 Ecclesia
2404 2110 2743 2176 abdicatum,
2782 2109 2884 2164 hoc
2908 2117 3022 2173 est,
3051 2109 3281 2178 ejectum
3313 2117 3367 2163 et
3397 2125 3460 2163 a-

209 2210 309 2261 καὶ
335 2207 632 2280 ἀλλότριος.
673 2207 1177 2280 Ἀποκηρύσσεσθαι
1201 2207 1309 2278 γὰρ
1324 2205 1569 2274 λέγονται
1595 2205 1643 2257 οἰ
1664 2205 1785 2268 υἱοὶ,

1887 2202 2112 2259 lienum.
2139 2200 2393 2256 Abdicari
2431 2215 2664 2271 namque
2686 2199 2942 2254 dicuntur
2974 2199 3090 2261 lilii,
3117 2214 3240 2253 cum
3267 2199 3337 2252 ob
3359 2199 3460 2252 ali-

208 2303 347 2355 ὅταν
377 2302 442 2354 δι’
470 2300 698 2371 αἰτίαμα
729 2301 828 2372 τῆς
857 2303 1078 2372 γονικῆς
1093 2298 1454 2371 κληρονομίας
1486 2295 1788 2351 ἐκϐάλλων-

206 2413 324 2459 ται,
350 2394 440 2448 καὶ
468 2393 852 2466 ἀλλοτριῶνται
867 2393 966 2465 τῆς
989 2394 1323 2462 συγγενείας.
1342 2392 1414 2445 Τὸ
1428 2391 1507 2456 δὲ,
1527 2393 1585 2444 ἐν
1615 2388 1790 2460 καιρῷ

209 2489 522 2558 συμφορᾶς,
551 2487 678 2540 ὅταν
706 2485 963 2558 ἐθρήνουν
984 2487 1033 2540 οἰ
1062 2485 1337 2558 ἄνθρωποι
1355 2527 1369 2550 ,
1395 2487 1444 2540 οἱ
1471 2485 1570 2556 μὲν
1597 2486 1791 2554 αἰχμα-

207 2577 584 2642 λωτισθέντες,
610 2577 659 2629 οἱ
694 2576 750 2630 δέ
774 2576 863 2631 διά
893 2576 1020 2640 τοὺς
1037 2577 1272 2641 οἰκείους
1294 2577 1373 2640 εἰς
1397 2576 1640 2629 δουλείαν
1669 2575 1790 2642 ἀγο-

213 2669 433 2740 μένους,
465 2670 514 2722 οί
539 2669 596 2723 δέ
615 2668 702 2722 διὰ
720 2668 818 2741 τὴν
851 2669 1105 2741 στέρησιν
1131 2668 1466 2739 πραγμάτων
1484 2685 1495 2696 ·
1527 2664 1789 2738 τολμῆσαί

209 2777 370 2823 τινας
395 2761 487 2813 τὸν
520 2759 756 2814 τοιοῦτον
786 2760 976 2832 καιρὸν
1005 2759 1320 2829 λογίσασθαι
1344 2759 1564 2830 κέρδους
1578 2758 1786 2829 καιρὸν,

209 2850 430 2905 ἀσεϐῶν
458 2855 604 2904 ἐστιν
633 2851 932 2924 ἀνθρώπων
971 2853 1064 2905 καὶ
1099 2851 1434 2922 θεοστυγῶν,
1470 2851 1634 2922 ήγουν
1686 2851 1790 2905 ὑπὸ

210 2943 352 2997 Θεοῦ
395 2944 730 3015 μισουμένων
753 2945 843 2998 καὶ
865 2943 1043 3014 πάσης
1065 2944 1292 3007 ἀτοπίας
1321 2944 1596 2998 ἐπέκεινα.
1629 2943 1789 2997 Ὅθεν

209 3035 359 3102 ἔδοξε
392 3037 518 3098 τοὺς
554 3035 824 3098 τοιούτους
865 3035 1165 3108 ἐκκηρύξαι
1189 3077 1203 3101 ,
1255 3037 1375 3090 ἀντὶ
1408 3036 1523 3102 τοῦ,
1545 3035 1789 3108 φανερῶς

210 3127 464 3192 ἐκδιῶξαι
487 3128 586 3199 τῆς
625 3129 968 3202 Ἐκκλησίας,
995 3130 1088 3184 καὶ
1116 3128 1345 3201 χωρίσαι
1368 3126 1462 3181 τοῦ
1494 3127 1792 3200 πληρώμα-

208 3237 303 3284 τος
331 3219 438 3272 τῶν
460 3219 686 3286 πιστῶν,
711 3221 797 3275 ἵνα
824 3221 897 3293 μὴ
924 3221 991 3274 δι’
1017 3222 1215 3284 αὐτοὺς
1257 3222 1290 3292 ἡ
1329 3220 1466 3293 ὀργὴ
1518 3220 1613 3274 τοῦ
1655 3220 1789 3275 Θεοῦ

209 3312 341 3383 ἔλθῃ
366 3312 457 3365 ἐπὶ
487 3312 712 3376 πάντας,
738 3312 830 3366 καὶ
869 3312 975 3384 πρὸ
997 3312 1104 3366 τῶν
1134 3312 1308 3368 ἄλλων
1335 3313 1428 3366 ἐπὶ
1460 3313 1588 3377 τοὺς
1625 3331 1785 3386 προε-

209 3408 446 3470 στῶτας,
477 3407 551 3477 μὴ
584 3405 970 3478 ἐπιζητοῦντας
995 3407 1084 3462 καὶ
1105 3406 1456 3472 ἐξετάζοντας
1473 3408 1600 3470 τοὺς
1616 3406 1787 3460 τοιού-

205 3517 355 3563 τους.
385 3499 496 3553 Kal.
517 3499 798 3571 Γραφικάς
829 3500 1133 3572 μαρτυρίας
1153 3501 1411 3572 παράγει,
1431 3494 1546 3553 εἶτα
1569 3500 1780 3569 ἐπάγει’

207 3595 316 3658 ὅτι,
359 3593 483 3647 Ἐάν
526 3610 697 3656 τινες,
749 3592 839 3646 διὰ
878 3593 1190 3658 πλεονεξίαν
1229 3592 1607 3665 προλαϐοῦσαν
1636 3631 1650 3658 ,
1693 3595 1786 3648 καὶ

210 3687 322 3756 πρὸ
341 3685 440 3755 τῆς
469 3683 576 3737 τῶν
603 3683 891 3756 βαρϐάρων
923 3684 1221 3756 ἐπιδρομῆς
1248 3687 1544 3758 γενομένην
1570 3727 1585 3749 ,
1631 3687 1785 3756 δίκην

209 3777 519 3841 τιννύντες,
567 3776 629 3829 ού
662 3777 818 3848 μόνον
851 3777 949 3830 οὐκ
979 3778 1450 3850 ἐσωφρονίσθησαν
1493 3779 1681 3849 (τοῦτο
1727 3779 1783 3832 δὲ

209 3869 396 3941 διττὴν
429 3869 633 3923 ἔννοιαν
687 3869 1004 3924 ὑποϐάλλει⁶
1057 3871 1090 3942 ἢ
1129 3871 1237 3942 γάρ
1269 3868 1444 3939 δίκην
1478 3873 1785 3937 τιννύντες

209 3964 362 4032 λέγει
389 3965 509 4017 ἀντί
549 3963 678 4030 τοῦ,
723 3961 1124 4035 τιμωρούμενοι
1169 3961 1318 4035 παρὰ
1346 3961 1440 4016 τοῦ
1481 3962 1653 4029 Θεοῦ,
1697 3964 1785 4018 διά

209 4058 431 4122 ἀδικίας
470 4055 846 4128 προλαϐοῦσας
894 4057 1019 4119 τοὺς
1064 4054 1368 4128 βαρϐάρους
1410 4058 1489 4121 εἰς
1515 4058 1783 4129 τιμωρίαν

207 4153 532 4222 κινήσαντος
553 4167 566 4180 ο
595 4150 628 4221 ἢ
651 4149 827 4218 δίκην
850 4149 1162 4215 τιννύντες
1189 4149 1310 4202 ἀντὶ
1348 4149 1440 4202 τοῦ
1461 4189 1476 4214 ,
1507 4149 1572 4202 δι’
1607 4151 1782 4203 ἐπιτι-

211 4244 485 4315 μημάτων
530 4243 842 4296 ἐπισκόπων
891 4239 1242 4312 κολαζόμενοι
1278 4240 1366 4294 διὰ
1407 4242 1783 4312 προλαϐούσας

205 4335 522 4402 πλεονεξίας
560 4335 659 4387 οὐκ
710 4332 1243 4406 ἐσωφρονίσθησαν)ο
1293 4333 1429 4388 ἀλλά
1471 4335 1564 4389 καὶ
1603 4336 1662 4390 ὲν
1705 4335 1784 4408 τῷ

208 4427 389 4500 καιρῷ
423 4428 523 4498 τῆς
548 4429 714 4498 ὀργῆς
740 4425 833 4480 τοῦ
865 4426 1019 4490 Θεοῦ,
1047 4425 1112 4480 δι’
1141 4427 1207 4498 ἦν
1238 4427 1467 4500 ἐπῆλθον
1493 4429 1543 4482 οἰ
1577 4428 1781 4501 βάρϐα-

211 4541 315 4595 ροι,
346 4521 539 4592 αύτῆς⁹
559 4522 637 4583 εἰς
661 4519 966 4584 πλεονεξίαν
992 4520 1303 4590 ἐκτραπῶσι
1329 4520 1696 4594 κερδαίνοντες
1723 4524 1781 4591 ἐξ

1886 2294 2030 2364 quod
2053 2294 2256 2349 crimen
2289 2309 2320 2348 a
2341 2302 2562 2364 paterna
2598 2291 2910 2346 haereditate
2933 2291 3246 2361 ejiciuntur,
3280 2289 3458 2345 omni-

1886 2400 1992 2456 que
2025 2387 2363 2457 cognationis
2395 2387 2518 2456 jure
2544 2385 2734 2456 privati
2772 2397 3078 2439 censentur.
3122 2383 3290 2439 Porro
3313 2383 3460 2439 cala-

1887 2478 2092 2533 mitatis
2137 2487 2412 2548 tempore,
2446 2494 2569 2533 cum
2604 2478 2656 2530 in
2701 2477 2846 2531 luctu
2894 2477 3144 2531 homines
3171 2491 3457 2530 versaren—

1887 2583 2011 2637 tur,
2045 2570 2136 2625 alii
2173 2572 2389 2642 quidem
2421 2572 2617 2640 captivi
2657 2571 2871 2640 ipsitnet
2907 2569 3072 2636 facti,
3101 2570 3191 2623 alii
3221 2584 3350 2623 vero
3387 2569 3458 2623 ob

1887 2664 2323 2736 consanguineos
2352 2663 2404 2718 in
2434 2664 2748 2718 servitutem
2784 2662 3046 2717 abductos
3065 2703 3080 2730 ,
3111 2661 3202 2716 alii
3227 2661 3460 2732 denique

1888 2757 1960 2811 ob
1986 2774 2166 2812 rerum
2206 2773 2426 2812 suarum
2455 2759 2759 2826 jacturam;
2793 2773 2956 2813 ausos
2993 2755 3163 2812 fuisse
3190 2757 3456 2828 quosdam

1888 2851 2158 2920 ejusmodi
2187 2861 2420 2921 tempus,
2445 2851 2580 2905 lucri
2605 2851 2706 2906 sibi
2733 2851 3071 2906 occasionem
3109 2851 3326 2916 ducere,
3360 2851 3460 2904 ho-

1890 2943 2098 2998 minum
2127 2951 2210 2998 est
2244 2943 2534 3014 impiorum
2555 2986 2571 3011 ,
2607 2951 2660 2998 et
2695 2943 2804 3000 Deo
2835 2944 3133 2999 invisorum
3153 2985 3169 3010 ,
3209 2945 3324 3000 sive
3351 2943 3459 2998 Deo

1889 3050 2221 3101 exosorum,
2273 3035 2528 3106 quodque
2577 3053 2792 3093 omnem
2849 3049 3068 3106 superat
3115 3039 3454 3105 pravitatem.

1890 3127 2100 3183 Placuit
2131 3129 2314 3198 itaque
2351 3130 2620 3199 ejusmodi
2655 3131 2904 3186 homines
2930 3132 3214 3194 abdicare,
3255 3132 3304 3184 id
3339 3142 3458 3194 est,

1891 3222 2068 3290 palam
2098 3221 2385 3277 extrudere
2404 3223 2472 3276 ab
2502 3222 2761 3288 Ecclesia,
2795 3232 2959 3294 atque
2988 3239 3017 3278 a
3051 3223 3289 3278 fidelium
3321 3223 3460 3278 ntul-

1885 3315 2113 3370 titudine
2137 3331 2438 3388 segregare,
2461 3333 2529 3372 ne
2549 3327 2764 3389 propter
2786 3319 2933 3389 ipsos
2958 3320 3040 3374 ira
3065 3317 3160 3374 Dei
3185 3320 3238 3375 in
3266 3334 3460 3374 omnes

1885 3405 2199 3473 descendat,
2232 3409 2608 3480 praecipueque
2643 3409 2695 3464 in
2717 3425 2812 3466 eos
2841 3411 2933 3481 qui
2971 3420 3235 3481 praesunt,
3273 3428 3373 3468 nec
3404 3413 3473 3467 in.

1884 3498 2152 3567 ejusmodi
2203 3499 2452 3555 homines
2501 3500 2822 3571 inquirunt,
2868 3511 2962 3558 aut
2993 3504 3287 3559 vindicant.
3334 3503 3455 3560 Mox

1887 3588 2182 3662 Scriptura:
2227 3591 2531 3646 testimonia
2575 3593 2814 3663 profert,
2844 3594 3134 3665 additque:
3172 3596 3354 3667 Siqui
3387 3598 3459 3653 ob

1881 3682 2060 3738 exacti
2104 3682 2367 3752 temporis
2401 3685 2706 3750 avaritiam,
2735 3692 2790 3741 et
2824 3702 2983 3756 quam
3015 3696 3142 3742 ante
3188 3689 3458 3745 incursio-

1885 3791 2007 3830 nem
2043 3775 2397 3830 barbarorum
2421 3787 2807 3845 exercuerant,
2847 3794 3038 3848 pinnas
3066 3781 3456 3850 persolventes,

1884 3881 1992 3919 non
2023 3865 2184 3920 modo
2213 3881 2320 3920 non
2351 3867 2693 3937 resipuerunt
2719 3868 2843 3938 (hoc
2866 3883 2994 3923 vero
3030 3870 3302 3940 duplicent
3333 3887 3458 3926 sen-

1883 3972 2004 4012 sum
2040 3957 2312 4023 admittit,
2359 3967 2453 4014 aut
2483 3959 2627 4013 enim
2667 3976 2845 4030 pinnas
2879 3961 3221 4030 persolvent“
3261 3964 3458 4018 intelli-

1883 4052 1961 4122 git
1994 4052 2064 4106 ob
2090 4052 2415 4121 supplicium
2439 4068 2468 4106 a
2501 4051 2611 4108 Deo
2645 4053 2929 4115 inflictum,
2960 4055 3051 4124 qui
3087 4056 3152 4109 ad
3183 4057 3458 4112 vindican-

1883 4147 2012 4201 dum
2039 4147 2340 4216 superioris
2367 4149 2624 4218 temporis
2656 4149 2908 4219 injuriam
2946 4150 3233 4205 immiserit
3259 4152 3455 4207 barba-

1883 4257 1974 4296 ros
2000 4281 2016 4305 ,
2062 4253 2156 4298 attt
2197 4243 2450 4298 solventes
2489 4260 2667 4313 poena:
2692 4283 2709 4308 ,
2758 4243 2860 4298 hoc
2891 4254 3010 4309 est,
3054 4245 3455 4316 episcopalibus

1885 4335 2100 4390 inulctis
2135 4337 2203 4392 ob
2238 4337 2572 4407 superiorem
2619 4339 2900 4392 avaritiam
2947 4341 3192 4411 castigati
3230 4340 3455 4396 minime

1882 4431 2279 4503 resipuerunt),
2313 4432 2444 4503 quin
2488 4433 2671 4500 potius
2723 4433 2952 4502 ipsumet
2993 4444 3228 4506 tempore
3259 4433 3453 4492 divinae

1880 4524 2195 4589 iracundiae,
2227 4527 2296 4580 ob
2326 4541 2487 4596 quam
2512 4526 2718 4581 irruere
2745 4527 2980 4588 barbari,
3011 4528 3111 4598 ipsi
3142 4543 3199 4583 se
3232 4529 3298 4582 ad
3330 4542 3453 4582 ara-

208 4616 442 4685 αἵματος
469 4613 688 4684 ὀλέθρου
711 4611 1007 4683 ἀνθρώπων
1040 4613 1355 4666 ἀναστάτων
1385 4616 1710 4685 γενομένων,
1744 4617 1775 4689 ἢ

1887 4616 2062 4670 ritiam
2111 4626 2525 4683 converterunt,
2572 4617 2780 4671 lucrum
2819 4618 2921 4672 sibi
2966 4630 3328 4688 comparantes
3386 4635 3452 4673 ea:

207 4704 570 4778 αἰχμαλώτων
611 4704 1022 4775 πεφονευμένων
1042 4722 1055 4735 ·
1089 4703 1150 4756 τὸ
1184 4704 1238 4756 δέ
1271 4703 1338 4768 ἐξ
1364 4705 1608 4774 αἳματος
1648 4724 1784 4776 κερ-

209 4797 527 4862 δαίνοντες
573 4795 887 4867 ἑρμηνεύων
910 4836 924 4858 ,
960 4796 1205 4866 ἐπήγαγε
1231 4795 1300 4848 τά
1339 4793 1495 4867 ἐξῆς·
1553 4797 1623 4849 Ἦ
1651 4799 1781 4872 γὰρ,

210 4890 402 4962 ῳησίν,
433 4888 730 4962 ἀνθρώπων
745 4891 824 4954 εἰς
847 4887 1220 4959 αἰχμαλωσίαν
1248 4887 1628 4958 ἀπαγομένων,
1651 4890 1785 4964 ὅπερ

209 4981 432 5054 ὄλεθρός
462 4981 686 5052 ἐστιν,ή
721 4980 1108 5052 ἀναιρεθέντων
1149 4979 1448 5052 ἀνθρώπων
1484 4982 1784 5053 πράγματα

206 5073 604 5144 διαρπάζουσι·
632 5073 685 5125 τί
717 5072 844 5126 ἄλλο
872 5073 977 5144 χρὴ
1007 5073 1264 5138 ἐλπίζειν,
1288 5074 1321 5145 ἢ
1347 5071 1434 5127 διὰ
1465 5073 1566 5145 τὴν
1598 5074 1784 5128 πλεον-

209 5164 362 5228 εξίαν
387 5163 752 5235 ἐπισωρεῦσαι
774 5164 942 5236 ὀργὴν
963 5166 1173 5228 ἐαυτοῖς
1207 5165 1301 5216 καὶ
1337 5163 1500 5217 παντὶ
1533 5165 1610 5235 τῷ
1634 5164 1744 5236 λαῷ
1764 5206 1778 5230 ,

208 5258 378 5327 ήγουν
405 5254 624 5309 ἑλκύσαι
652 5257 750 5327 τὴν
777 5256 871 5310 τοῦ
897 5257 1029 5310 Θεοῦ
1059 5256 1142 5327 ἐφ’
1185 5257 1410 5320 ἑαυτοὺς
1442 5257 1536 5310 καὶ
1574 5257 1666 5311 ἐπὶ
1691 5256 1781 5311 τὸν

205 5349 369 5414 λαόν;
406 5348 513 5402 Καὶ
554 5348 614 5413 ἐξ
648 5349 887 5422 ἱστορίας
912 5349 968 5402 δὲ
998 5349 1228 5414 παλαιᾶς
1266 5349 1568 5421 ὑπόδειγμα
1600 5367 1779 5423 παρα-

204 5442 423 5512 τίθησιν
445 5482 462 5507 ,
488 5442 569 5494 ὃτι
590 5441 706 5504 ἐνὸς
737 5442 1147 5515 ἁμαρτήσαντος
1174 5440 1358 5495 πολλοί
1389 5441 1774 5513 ἐκολάσθησαν.

1883 4708 2157 4778 sanguine,
2192 4719 2248 4764 et
2275 4709 2509 4779 pernicie
2538 4708 2818 4762 hominum
2843 4725 3074 4779 quorum
3103 4725 3304 4764 eversa:
3337 4708 3451 4764 ΐοι-⁴

1884 4809 2029 4856 tuna:
2059 4811 2205 4867 sunt,
2234 4803 2317 4856 vel
2348 4803 2682 4871 captivorum
2718 4801 2811 4870 qui
2862 4811 2989 4856 sunt
3037 4801 3340 4870 interfecti;
3393 4811 3452 4858 ut

1885 4901 2064 4946 autem
2103 4892 2228 4946 illud
2261 4893 2573 4959 explicaret,
2605 4893 2814 4946 lucrum
2840 4893 2944 4947 sibi
2973 4905 3355 4965 comparantes
3383 4912 3449 4950 ex

1883 4980 2147 5051 sanguine
2167 5020 2182 5045 ,
2217 4981 2448 5051 subjecit
2473 4998 2593 5051 quae
2619 4997 2742 5036 mox
2784 4993 3118 5053 sequuntur:
3157 4985 3252 5040 Vel
3281 4988 3453 5053 enim,

1885 5071 2091 5141 inquit,
2144 5073 2424 5127 hominum
2466 5074 2557 5144 qui
2599 5075 2651 5128 in
2685 5075 2996 5131 servitutem
3041 5077 3258 5134 abducti
3291 5089 3453 5140 sunt.

1882 5164 2026 5234 quod
2051 5174 2134 5220 est
2155 5166 2440 5235 pernicies,
2464 5166 2548 5220 vel
2576 5166 2983 5223 interfectorum
3002 5148 3282 5226 hominum
3308 5170 3453 5226 bona

1881 5254 2176 5324 diripiunt:
2215 5255 2342 5326 quid
2377 5256 2523 5311 aliud
2572 5259 2899 5328 sperandum
2944 5269 3047 5327 est,
3081 5262 3186 5316 nisi
3227 5272 3450 5330 propter

1880 5346 2184 5412 avaritiam,
2213 5347 2314 5402 sibi
2345 5349 2476 5418 ipsis
2505 5363 2567 5402 ac
2600 5349 2853 5404 universo
2883 5352 3082 5420 populo
3115 5352 3248 5405 iram
3283 5367 3447 5406 accu-

1883 5439 2119 5504 mulare,
2146 5439 2248 5493 hoc
2267 5449 2366 5502 est,
2395 5439 2495 5494 sibi
2528 5440 2658 5510 ipsis
2687 5453 2739 5496 et
2767 5444 2964 5513 populo
2990 5442 3080 5497 Dei
3111 5444 3448 5498 iracundiam

205 5533 542 5587 conciliare?
583 5533 758 5603 Atque
808 5535 1113 5606 exemplum
1166 5550 1230 5590 ex
1277 5535 1496 5604 antiqua
1559 5535 1785 5590 historia
1817 5533 2054 5601 adducit,
2106 5535 2161 5589 in
2191 5549 2302 5605 quo
2337 5535 2406 5590 ob
2435 5534 2598 5589 unius
2620 5545 2898 5605 peccatum
2955 5537 3139 5606 plures
3179 5537 3448 5608 supplicio

207 5625 390 5680 affecti
417 5636 564 5680 sunt.

814 5717 1048 5771 ΚΔΝΩΝ
1087 5717 1160 5770 Γ.

287 5829 307 5862 ι
351 5810 463 5862 Ούκ
510 5808 617 5863 ἰδοὺ
659 5810 831 5882 ’Δχαρ
879 5810 906 5862 ὁ
938 5810 1086 5882 Ζαρᾶ
1124 5807 1468 5881 πλημμελείᾳ
1501 5807 1780 5881 ἐπλημμέ-

307 5902 348 5934 ³⁸
378 5899 492 5955 Jos.
532 5916 636 5954 vn.

2483 5713 2711 5772 CANON
2752 5715 2841 5773 III.

1955 5827 1973 5860 ι
2011 5807 2205 5863 Annon
2249 5823 2374 5865 ecce
2423 5807 2601 5862 Achar
2652 5807 2787 5864 Zare
2829 5806 3036 5865 Illius"
3089 5807 3145 5865 in
3193 5823 3259 5864 eo
3295 5809 3440 5881 quod
