3950 6326
564 407 689 461 lli!“
806 424 809 427 ‘
1698 393 1757 451 S.
1792 393 2117 452 GREGOBII
2156 390 2656 449 THAUMATC-RGI
3599 395 3708 450 ωδε

566 542 585 571 ι
621 517 927 574 dedicatum
973 520 1109 576 erat,
1162 507 1409 579 peccavit
1452 515 1552 560 :et
1598 505 1652 560 in
1698 519 1915 560 omnem
1956 501 2120 559 lsrael

2151 518 2190 571 Α
2226 520 2246 552 ι
2281 500 2442 572 λησεν
2473 499 2579 554 ἀπὸ
2608 498 2703 553 τοῦ
2742 496 3112 568 ἀναθέματος,
3154 498 3245 552 καὶ
3290 498 3377 550 ἐπὶ
3420 500 3579 553 πᾶσαν
3614 518 3711 554 συν-

570 633 589 664 τ
632 622 961 685 synagogam
1011 605 1091 660 ira
1138 601 1417 673 pervenit?
1459 601 1632 669 Atque
1670 599 1761 654 hic
1798 613 1941 654 unus
1973 597 2123 653 solus

2225 612 2244 644 ι
2284 591 2500 685 αγωγῂν
2578 591 2792 663 Ἰσραὴλ
2825 590 3054 661 ἐγενήθη
3094 591 3128 661 ἡ
3160 590 3326 661 ὀργῆς
3381 590 3481 644 Καὶ
3520 585 3591 654 εἷς
3641 595 3715 664 μέν

572 726 588 752 ι
634 674 895 773 peccavit,
925 697 1018 752 sed
1057 711 1163 750 non
1195 693 1345 749 solus
1378 693 1432 746 in
1467 705 1568 746 suo
1598 698 1819 761 peccato
1846 698 1933 745 est
1973 703 2122 747 mor-

2226 700 2245 733 ι
2280 698 2368 745 νος
2396 674 2549 744 οὗτος
2576 681 2811 752 ἥμαρτε,
2843 680 2917 750 μὴ
2953 679 3109 749 μόνος
3134 677 3392 732 ἀπέθανεν
3418 678 3471 731 ἐν
3496 682 3557 751 τῇ
3575 681 3716 753 ἀμαρ-

573 819 590 846 ι
627 767 775 848 tuus.
825 787 994 845 Nobis
1029 794 1209 842 autem
1258 782 1521 854 quidquid
1561 798 1666 837 non
1701 790 1987 848 nostrum,
2014 770 2123 836 sed

2227 792 2246 826 ι
2284 773 2376 845 τίᾳ
2414 770 2598 826 αὐτοῦ.
2657 771 2816 842 Ἡμῖν
2853 769 2910 823 δὲ
2957 770 3065 823 πᾶν
3094 767 3155 821 τὸ
3189 768 3262 841 μὴ
3297 768 3574 840 ἡμέτερον,
3610 769 3718 824 ἀλλα

572 907 589 937 ι
632 884 868 940 alienum
911 889 1012 946 est,
1047 882 1152 934 hoc
1192 888 1436 947 tempore
1476 875 1711 939 lucrum,
1758 872 1871 927 Deo
1906 870 2125 927 dedica-

2228 886 2246 919 ι
2286 865 2577 936 ἀλλότριον,
2610 862 2687 935 τῷ
2713 862 2885 934 καιρῷ
2909 861 3082 932 τούτῳ
3118 860 3325 933 κέρδος,
3356 861 3581 931 ἀνάθεμα
3601 879 3716 915 νενο-

572 999 590 1029 ι
633 986 747 1032 tum
781 990 904 1031 esse
932 969 1349 1028 existimandum
1386 978 1488 1024 est.
1520 964 1654 1021 Nam
1695 974 1750 1020 et
1786 964 1876 1020 ille
1902 961 2123 1034 quidem

2229 980 2249 1014 ι
2291 960 2475 1032 μίσθαι
2517 960 2794 1032 προσήκει.
2840 957 3103 1018 Κάκεῖνος
3155 955 3254 1025 μὲν
3286 954 3393 1025 γὰρ
3427 956 3455 1008 ό
3499 954 3651 1025 ’Δχαρ
3671 956 3722 1007 ἐκ

576 1089 594 1121 ι
636 1068 815 1125 Achar
855 1080 921 1121 ex
965 1062 1148 1135 praeda
1179 1060 1408 1130 accepit,
1449 1067 1505 1113 et
1541 1057 1644 1128 ipsi
1672 1072 1819 1111 nunc
1849 1072 1915 1111 ex
1943 1054 2122 1126 praeda

2229 1070 2247 1103 ι
2286 1052 2387 1122 τῆς
2421 1053 2694 1123 προνομῆς
2724 1047 2910 1103 ἔλαϐε·
2947 1048 3040 1100 καὶ
3070 1045 3223 1099 αὐτοὶ
3252 1044 3346 1097 νῦν
3375 1045 3436 1098 ἐκ
3466 1045 3720 1116 προνομῆς

573 1181 593 1213 ι
632 1159 922 1230 accipiunt.
952 1134 1030 1211 Ac
1056 1155 1147 1209 ille
1162 1153 1405 1224 quidem,
1428 1167 1493 1207 ea
1518 1148 1641 1221 quae
1662 1157 1818 1204 erant
1844 1148 2120 1205 hostium:

2229 1164 2247 1196 ι
2285 1146 2533 1208 κάκεῖνος
2566 1143 2662 1214 μὲν
2690 1140 2761 1195 τὰ
2783 1140 2892 1195 τῶν
2933 1137 3229 1211 πολεμίων,
3262 1138 3313 1190 oi
3353 1134 3408 1188 δέ
3442 1134 3528 1188 νῦν
3551 1134 3611 1188 τὰ
3640 1134 3722 1189 τῶν

574 1273 593 1303 ι
617 1229 854 1322 quivero
868 1263 1013 1304 nunc
1038 1254 1184 1307 sunt,
1202 1260 1267 1300 ea
1289 1259 1409 1314 qua:
1423 1238 2126 1312 suntfratrum,pernicioso

1938 1238 2126 1296 ticioso
2230 1255 2251 1291 ι
2289 1236 2551 1308 ἀδελφῶν,
2584 1234 2954 1307 κερδαίνοντες
2981 1232 3222 1305 ὀλέθριον
3249 1229 3451 1303 κέρδος.
3480 1246 3498 1282 ι

575 1363 596 1396 ι
634 1344 787 1398 lucro
815 1338 1239 1396 lucrifacientrs.
1276 1356 1295 1389 ι

638 1434 798 1491 BsLs.
834 1433 968 1488 Cum
1017 1431 1248 1486 dixisset
1277 1435 1497 1485 sanctus
1542 1442 1572 1480 a
1606 1424 1854 1480 ﬁdelibus
1883 1422 2126 1480 abdicari

2298 1420 2487 1473 ΒΑΛΣ.
2536 1414 2715 1471 Εἰπὼν
2756 1417 2787 1471 ό
2840 1414 2994 1484 ἅγιος
3039 1409 3503 1485 ἀποκηρύττεσθαι
3545 1411 3602 1463 ἐκ
3643 1407 3725 1462 τῶν

568 1542 664 1582 eos
690 1526 782 1596 qui
830 1524 1050 1594 rapiunt
1092 1538 1212 1594 quae
1239 1522 1307 1576 ad
1339 1522 1583 1591 captivos
1628 1518 1918 1588 pertinent,
1958 1525 2013 1572 et
2056 1531 2124 1570 ex

2227 1514 2431 1569 πιστῶν
2477 1512 2603 1576 τοὺς
2651 1508 3000 1581 ἁρπάσαντας
3050 1507 3120 1562 τὰ
3158 1509 3271 1571 τοῖς
3311 1502 3726 1576 αἱχμαλωτισθεῖσι

571 1616 856 1674 barbarica
899 1615 1080 1687 praeda
1126 1614 1311 1668 relicta
1356 1610 1609 1677 fuerunt;
1639 1617 1695 1665 et
1720 1611 1866 1679 quod
1910 1615 2127 1679 propter

2225 1606 2564 1679 διαφέροντα,
2608 1605 2700 1658 καί¹
2730 1602 2836 1656 ἀπὸ
2864 1601 2961 1673 τῆς
3003 1599 3342 1673 βαρϐαρικῆς
3368 1597 3632 1669 λεηλασίας
3655 1613 3728 1649 πε-

568 1726 666 1766 eos
687 1709 780 1779 qui
819 1686 1080 1776 sicsaepe
1107 1705 1244 1776 lapsi
1280 1714 1334 1758 et
1360 1703 1583 1757 minime
1614 1701 1851 1771 correpti
1885 1708 2035 1764 sunt,
2070 1698 2126 1752 in

2231 1696 2588 1771 ριλειφθέντα,
2633 1695 2728 1749 καὶ
2759 1695 2840 1747 ὅτι
2871 1692 2960 1747 διά
2997 1692 3121 1755 τοὺς
3150 1691 3294 1744 οὕτω
3333 1688 3573 1752 πολλάκις
3609 1686 3731 1742 πταί-

573 1802 831 1874 populum
862 1813 1078 1871 quoque
1105 1799 1185 1852 ira
1214 1796 1306 1851 Dei
1339 1794 1672 1851 accumulata
1701 1795 1805 1861 sit;
1837 1792 1905 1848 ad
1935 1808 2122 1848 eorum

2168 1854 2196 1874 η
2229 1806 2424 1855 σαντας
2465 1790 2560 1843 καὶ
2607 1786 2681 1859 μὴ
2728 1784 3132 1858 διορθωθέντας,
3184 1783 3278 1836 καὶ
3320 1784 3399 1846 είς
3448 1781 3532 1835 τὸν
3566 1780 3728 1852 itath

574 1854 762 1874 ττττη
872 1854 894 1871 τ
991 1854 1005 1869 .
1792 1854 1803 1861 .

573 1892 1041 1949 conﬁrmationem
1097 1889 1308 1944 inducit
1343 1887 1525 1942 Achar
1571 1887 1853 1942 historiam
1886 1886 1942 1940 in
1986 1884 2126 1939 libro

2169 1854 2197 1907 η
2227 1880 2362 1953 ὀργὴ
2372 1879 2465 1933 τοῦ
2488 1854 2621 1932 Θεοῦ
2643 1854 3002 1948 ἐπισωρευθῇ,
3022 1873 3270 1944 ἐπιφέρει
3298 1873 3432 1946 πρὸς
3449 1872 3729 1941 κατασκευὴν

569 1980 697 2037 Jesu
726 1979 871 2037 Nave
890 1980 1237 2050 descriptam.
1266 1976 1462 2031 Narrat
1481 1975 1623 2030 enim
1650 1976 1795 2045 quod
1823 1991 1946 2031 cum
1969 1973 2128 2030 Jesus

2226 1971 2427 2024 τούτων
2460 1968 2556 2040 τὴν
2585 1971 2643 2021 ἐν
2680 1970 2746 2039 τῇ
2796 1965 2962 2038 βίὸλῳ
2995 1962 3088 2016 τοῦ
3140 1963 3313 2034 Ἰησοῦ
3357 1963 3449 2016 τοῦ
3489 1960 3628 2032 Ναυῆ
3660 1977 3729 2029 γε·

572 2074 976 2145 pronuntiasset
1002 2072 1186 2127 omnia
1218 2070 1330 2126 Deo
1360 2084 1481 2125 esse
1506 2069 1750 2124 dedicata
1777 2068 1973 2140 spolia,
2005 2084 2128 2138 quae

2229 2059 2550 2132 γραμμένην
2579 2057 2815 2128 ἱστορίαν
2836 2051 3075 2125 περὶτοῦ
3108 2053 3305 2125 Ἀχαρ.
3356 2053 3640 2124 Ἱστορεῖ-ται
3653 2050 3732 2121 γὰρ

570 2180 636 2220 ex
666 2163 885 2220 Jerieho
918 2173 1073 2234 capta
1104 2173 1306 2226 essent,
1351 2161 1529 2215 Achar
1564 2138 1851 2231 postquam
1886 2161 2014 2217 urbs
2040 2158 2130 2216 Je-

2228 2153 2302 2215 ὠς
2326 2149 2420 2205 τοῦ
2455 2148 2626 2221 Ἰησοῦ
2650 2146 3107 2218 ἐπαγγειλαμένου
3136 2143 3523 2215 ἀνατεθειμένα
3549 2138 3661 2196 εἶναι

573 2257 727 2312 richo
760 2266 915 2326 capta
948 2231 1110 2317 esset,
1145 2270 1306 2309 aurea
1338 2254 1520 2325 lingua
1547 2262 1601 2308 et
1628 2254 1809 2324 aliqua
1836 2263 1985 2309 veste
2010 2269 2131 2308 sur-

2226 2244 2346 2315 Θεῷ
2393 2242 2569 2296 πάντα
2615 2241 2685 2295 τὰ
2732 2242 2838 2295 ἀπὸ
2880 2240 2980 2310 τῆς
3033 2235 3384 2311 Ἱεριχοῦντος
3426 2231 3732 2305 σκυλευθησό-

575 2357 749 2418 rcpta,
782 2363 846 2403 ea
873 2346 1068 2402 infodit
1097 2348 1153 2401 in
1176 2362 1278 2402 suo
1311 2347 1562 2403 tentorio.
1597 2346 1734 2403 Cum
1773 2355 1953 2401 autem
1987 2345 2131 2401 Deus

2232 2354 2385 2408 μενα,
2429 2337 2458 2389 ό
2492 2335 2668 2406 ’Δχαρ
2703 2332 2840 2404 μετὰ
2874 2331 2971 2404 τὴν
3016 2330 3211 2385 ἅλωσιν
3255 2330 3360 2401 τῆς
3391 2327 3584 2391 πόλεως
3614 2326 3734 2397 Ἱερι-

574 2417 857 2512 propterea
891 2440 1311 2506 succensuisset,
1342 2440 1395 2493 in
1429 2453 1495 2493 eo
1538 2438 1679 2494 bello
1711 2437 1967 2494 Israelita
1998 2437 2127 2493 victi

2229 2428 2467 2500 χοῦντος,
2514 2425 2757 2494 γλῶτταν
2801 2423 3005 2495 χρυσῆν
3050 2423 3143 2476 καὶ
3172 2420 3406 2492 ῦφασμά
3437 2436 3488 2472 τι
3519 2417 3732 2487 ὑφελόμε-

575 2539 723 2585 sunt.
753 2529 893 2596 Quia
913 2537 1092 2584 autem
1123 2545 1229 2584 non
1260 2528 1545 2583 manifesta
1569 2536 1688 2584 erat
1719 2531 1809 2582 irae
1827 2528 1923 2583 Dei
1944 2543 2130 2593 causa,

2228 2538 2336 2584 νος,
2387 2518 2691 2588 κατέχωσεν
2743 2514 2878 2568 αὐτὰ
2932 2515 2990 2566 ὲν
3026 2516 3093 2584 τῇ
3144 2515 3323 2584 σκηνῇ
3364 2509 3545 2565 αὑτοῦ.
3601 2507 3737 2579 Ὀργι-

578 2624 746 2679 missa
781 2630 865 2679 est
893 2636 1035 2688 sors,
1071 2630 1126 2676 et
1156 2622 1353 2678 cecidit
1394 2635 1557 2690 super
1587 2620 1785 2677 Achar.
1822 2619 1913 2675 ille
1951 2629 2130 2677 autem

2232 2612 2444 2675 σθέντος
2481 2610 2537 2663 δὲ
2584 2608 2679 2662 τοῦ
2728 2607 2862 2661 Θεοῦ
2911 2604 2998 2659 διὰ
3030 2604 3205 2670 τοῦτο,
3252 2602 3562 2675 ἡττήθησαν
3607 2601 3654 2652 ἐν
3683 2597 3739 2667 τῷ

578 2712 968 2784 interrogatus,
990 2709 1196 2767 furtum
1223 2687 1506 2766 confessus
1531 2719 1633 2774 est,
1668 2719 1721 2765 et
1750 2725 1871 2780 qua:
1886 2719 2132 2780 surrepta

2233 2703 2448 2775 πολέμῳ
2491 2704 2540 2756 oi
2597 2699 2938 2772 Ἰσραηλῖται.
2986 2698 3104 2750 Ὅτι
3141 2696 3197 2749 δέ
3234 2694 3433 2766 ἄδηλος
3466 2689 3585 2765 ῆνὴ
3629 2687 3738 2743 alti:

576 2813 728 2873 sunt,
768 2779 1024 2876 protulit;
1076 2812 1132 2860 et
1169 2802 1439 2874 lapidibus
1489 2803 1718 2859 obrutus
1768 2779 1851 2858 est
1894 2802 2005 2872 ipse
2030 2779 2055 2868 ,7
2081 2810 2136 2856 et

2229 2794 2328 2863 τῆς
2358 2791 2526 2864 ὀργῆς
2558 2791 2648 2846 τοῦ
2674 2789 2829 2853 Θεοῦ,
2860 2789 3048 2858 γέγονε
3082 2784 3307 2858 κλῆρος,
3341 2784 3438 2838 καὶ
3477 2783 3651 2836 ἔπεσεν
3673 2779 3738 2876 ἐπί

576 2866 903 2959 omnes-sui,
931 2906 984 2951 et
1010 2866 1288 2960 animalia,
1315 2902 1370 2948 et
1394 2902 1504 2948 tota
1533 2893 1652 2963 ejus
1676 2866 1936 2963 supellex:
1964 2866 2136 2948 Etdi-

2231 2885 2320 2938 τὸν
2353 2885 2546 2955 Ἀχαρ.
2577 2883 2858 2962 Κάκεῖνος,
2910 2878 3353 2950 ἀνακρινόμενος,
3393 2866 3738 2963 ὡμολόγησεΔτὸ

576 2989 652 3043 cit
685 3005 700 3042 :
724 2986 864 3044 Ecce
891 3002 1033 3041 unus
1063 2957 1332 3056 peccavit,
1361 2993 1415 3039 et
1431 3000 1498 3038 ex
1524 2957 1589 3039 eo
1618 2957 1762 3054 quod
1794 2982 1903 3040 Deo
1922 2983 2136 3039 dedica-

2234 2974 2453 3047 κλέμμα
2482 2973 2576 3026 καὶ
2604 2971 2671 3025 τὰ
2702 2957 2975 3025 κλαπέντα
3008 2968 3349 3039 προσήνεγκε
3368 2980 3381 2996 ι
3419 2964 3511 3018 καὶ⁸
3553 2957 3736 3016 ἐλιθοῦο·

577 3091 690 3134 tum
720 3089 822 3144 est,
851 3049 1098 3143 sustulit;
1129 3085 1183 3131 et
1212 3049 1432 3146 propter
1455 3075 1602 3131 illius
1635 3049 1947 3147 peccatum,
1977 3075 2134 3131 multi

2233 3066 2371 3139 λήθη
2414 3064 2574 3127 αὑτός
2607 3080 2667 3117 τε
2705 3062 2796 3116 καὶ
2838 3059 3037 3123 πάντες
3077 3059 3127 3112 οἱ
3175 3057 3311 3127 περὶ
3351 3055 3543 3121 αὑτὸν,
3582 3052 3661 3107 καὶ
3688 3049 3736 3102 τὰ

578 3142 855 3245 perierunt
880 3169 934 3223 in
958 3168 1121 3232 bello,
1153 3142 1229 3222 εκ⁷
1246 3142 1515 3239 synagoga
1547 3142 1660 3223 seu—
1682 3175 1823 3223 cmtu
1863 3166 2135 3222 Israelita-

2177 3194 2202 3251 :
2236 3159 2369 3224 ζῶα,
2397 3158 2491 3212 καὶ
2515 3158 2661 3210 πᾶσα
2701 3157 2735 3226 ἡ
2762 3152 3033 3225 ὑποσκευὴ
3065 3150 3247 3205 αὐτοῦ.
3288 3150 3405 3204 Καί
3437 3164 3609 3219 φησιν,
3644 3142 3737 3241 Ἰδοξ

581 3278 703 3316 rum
733 3280 745 3316 :
776 3270 830 3316 et
858 3275 1051 3314 rursus
1083 3258 1216 3313 ultio
1245 3257 1383 3313 facta
1413 3270 1513 3324 est,
1537 3274 1642 3312 non
1669 3257 1723 3311 in
1752 3258 1905 3312 illum
1936 3257 2130 3323 solum,

2181 3231 2202 3251 λ
2235 3245 2313 3313 εἷς
2342 3250 2576 3320 ἥμαρτε,
2630 3245 2722 3300 καὶ⁸
2769 3243 3013 3313 ὑφείλετο
3050 3240 3158 3296 ἀπὸ
3191 3238 3288 3294 τοῦ
3338 3237 3653 3308 ἀναθεματος

579 3354 675 3408 sed
706 3356 758 3405 in
792 3366 983 3406 omnes
1017 3365 1170 3406 suos.
1213 3348 1306 3403 Eis
1333 3358 1510 3404 autem
1555 3349 1648 3419 qui
1690 3344 1829 3402 forte
1855 3347 2132 3413 dixerant,

2233 3340 2370 3411 θεῷ,
2403 3342 2493 3392 καὶ
2525 3338 2611 3391 διὰ
2647 3337 2743 3409 τὴν
2768 3333 3038 3407 ἁμαρτίαν
3075 3332 3280 3386 ἐκείνου
3318 3328 3591 3385 ἀπώλοντο
3624 3321 3742 3419 ἐν..τῷ

577 3458 701 3499 esse
729 3442 1083 3498 differentiam
1113 3456 1301 3496 eorum
1332 3456 1452 3511 quae
1484 3439 1594 3494 Deo
1622 3439 1866 3494 dedicata
1898 3437 2131 3505 fuerant,

2236 3409 2452 3502 πολέμῳ
2486 3428 2666 3482 πολλοὶ
2698 3429 2761 3481 ἐκ
2796 3427 2893 3511 τῆς
2921 3421 3239 3491 συναγωγῆς
3266 3418 3379 3473 τῶν
3421 3409 3739 3511 Ἰσραηλιτῶν

579 3545 635 3589 et
662 3549 851 3589 eorum
881 3547 1001 3603 quze
1038 3531 1103 3586 ad
1137 3531 1375 3601 privatos
1413 3531 1624 3600 aliquos
1659 3529 1962 3600 pertinent,
1996 3529 2136 3583 resi-

2236 3522 2327 3575 καὶ
2355 3519 2512 3582 αὖθις
2541 3520 2574 3589 ἡ
2602 3506 2887 3587 ἐκδίκησις
2902 3513 3120 3583 γέγονεν
3141 3510 3240 3564 οὐκ
3271 3510 3357 3573 εις
3382 3509 3578 3561 ἐκεῖνον
3608 3503 3741 3575 μόνον.

580 3628 673 3680 stit
699 3636 951 3690 sanctus;
977 3633 1031 3678 et
1053 3622 1291 3677 ostendit
1313 3622 1452 3677 hanc
1478 3622 1723 3691 rapinam
1750 3635 1873 3675 esse
1900 3619 1991 3674 illa
2014 3633 2137 3672 ava-

2236 3611 2368 3667 ἀλλά
2396 3611 2487 3665 καὶ
2513 3612 2592 3673 είς
2625 3609 2827 3670 πάντας
2865 3605 2988 3668 τοὺς
3021 3602 3249 3656 ἐκείνου.
3274 3597 3425 3672 Πρὸς
3460 3598 3517 3652 δὲ
3540 3596 3621 3691 τὸν
3649 3593 3743 3691 ἴσως

581 3715 705 3770 rilia
754 3714 1075 3769 deteriorem
1106 3731 1119 3766 :
1156 3719 1210 3766 et
1239 3711 1383 3782 quod
1414 3725 1480 3765 eo
1523 3679 1767 3780 tempore
1794 3723 1904 3779 quo
1944 3704 2139 3777 praedm

2237 3704 2455 3761 εἰπόντα
2484 3696 2743 3771 διαφορὲν
2775 3692 2910 3751 εἶναι
2945 3694 3054 3748 τῶν
3096 3689 3529 3762 ἀνατεθειμένων
3558 3684 3629 3757 τῷ
3657 3679 3744 3749 Θεῷ

578 3806 650 3860 ab
677 3805 925 3861 hostibus
954 3814 1208 3876 aguntur,
1234 3817 1325 3859 res
1353 3802 1583 3858 fratrum
1617 3802 1838 3866 relictae,
1877 3809 2137 3870 tanquam
2238 3804 2332 3859 καὶ
2362 3801 2470 3855 τῶν
2499 3797 2858 3869 διαφερόντων
2895 3794 3150 3858 ἰδιώταις,
3185 3785 3666 3846 ἀντικαθίσταταιό
3698 3784 3743 3835 ἃ·

582 3897 691 3955 Deo
717 3897 977 3954 dedicatae
1002 3875 1331 3969 reputantur
1358 3913 1373 3950 :
1396 3902 1452 3950 et
1481 3893 1648 3966 quod,
1688 3893 1938 3964 quamvis
1960 3907 2142 3964 aequa-

2237 3912 2376 3967 γιος,
2420 3894 2514 3949 καί
2546 3888 2939 3953 κατασκευάζει
2979 3885 3197 3958 χείρονα
3234 3884 3456 3954 ἐκείνης
3489 3878 3583 3951 «έῆς

583 3992 787 4046 litatem
832 3963 1097 4055 habeant,
1127 4004 1249 4060 quae
1295 3988 1364 4043 ab
1395 3963 1577 4043 Achar
1613 3963 1824 4056 direpta
1857 3983 2045 4048 fuere,
2087 3994 2140 4038 et

2238 3963 2415 4055 νεξίας
2445 3982 2584 4041 εἶναι
2610 3985 2708 4056 τὴν
2738 3980 3013 4054 παροῦσαν
3032 3976 3287 4051 ἁρπαγήν
3309 3997 3319 4004 -
3347 3977 3432 4030 ὃτι
3457 3990 3515 4029 τε
3541 3971 3603 4026 τὰ
3629 3963 3746 4034 ἐντῷ

582 4098 704 4154 quae
728 4082 796 4137 ab
825 4083 908 4136 eis
937 4089 1084 4150 rapta
1121 4089 1249 4135 sunt
1269 4118 1284 4144 ,
1318 4088 1600 4150 propterea
1645 4078 1788 4149 quod
1829 4085 1884 4132 et
1914 4086 2141 4146 utraque

2238 4079 2414 4155 καιρῷ
2443 4079 2541 4151 τῆς
2578 4075 2866 4148 λεηλασίας
2895 4073 3004 4127 τῶν
3053 4069 3342 4143 βαρϐάρων
3392 4060 3747 4155 περιλειφθέντα

583 4150 649 4230 ex
702 4175 1031 4246 praedatione
1095 4173 1178 4227 vel
1226 4172 1535 4242 captivitate
1610 4180 1924 4241 comparata
1982 4179 2138 4235 sunt;

2240 4150 2537 4245 πράγματα
2592 4169 2699 4222 τῶν
2759 4164 3000 4246 ἀδελφῶν
3030 4206 3047 4231 ,
3126 4163 3203 4227 ὡς
3268 4157 3645 4230 ἀνατεθειμένα

585 4281 775 4322 eorum
826 4275 1007 4321 tamen
1059 4264 1216 4334 culpa
1269 4262 1447 4333 major
1502 4270 1603 4317 est.
1649 4261 1826 4315 Achar
1869 4261 2013 4317 enim
2057 4273 2143 4314 res

2240 4242 2358 4337 Θεῷ
2388 4242 2716 4334 λογίζονται·
2755 4244 2957 4314 καῖ’ὃτι
2984 4257 3086 4311 κᾶν
3118 4255 3339 4326 ἰσότητα
3367 4253 3528 4325 ἔχωσι
3553 4248 3618 4304 τὰ
3636 4242 3748 4314 παρὰ

588 4360 823 4414 hostium
856 4355 1118 4412 abstulit:
1150 4356 1185 4409 ii
1215 4362 1395 4410 autem
1436 4368 1577 4424 quos
1611 4351 1768 4424 plura
1800 4351 2034 4408 habendi
2073 4350 2140 4404 Ii-

2239 4359 2347 4413 τῶν
2394 4359 2568 4428 Ἀχαρ
2604 4350 3007 4422 ἀποσυληθέντα
3051 4349 3142 4403 καὶ¹
3178 4347 3248 4401 τὰ
3286 4346 3440 4418 παρά
3469 4342 3655 4397 τούτων
3678 4337 3749 4428 ἀρε

588 4452 714 4507 hido
744 4466 889 4505 nunc
918 4448 1136 4513 invasit,
1169 4446 1311 4501 bona
1345 4443 1570 4500 fratrum
1599 4451 1928 4514 rapuerunt;
1952 4458 2140 4497 eorum

2242 4425 2503 4519 παγέντα,
2526 4425 2615 4501 διὰ
2648 4445 2709 4498 τὸ
2740 4446 2804 4498 ἐκ
2838 4441 3114 4515 προνομῆς
3148 4441 3266 4512 ἦτοι
3305 4433 3659 4509 αἰχμαλωσίας
3682 4425 3748 4519 ιιᾷῖ

589 4545 973 4605 calamitatem,
1005 4542 1216 4595 lucrum
1258 4538 1622 4609 perniciosum
1656 4538 1781 4593 rati.
1819 4533 1958 4590 Nota
2004 4550 2143 4605 prte-

2188 4526 2218 4582 ί)
2245 4542 2525 4615 ἀμφότερα
2570 4534 3050 4609 ἀποκερδανθῆναι,
3095 4532 3206 4587 ἀλλ’
3239 4532 3274 4603 ἡ
3302 4532 3368 4583 ἐκ
3415 4529 3608 4582 τούτων
3640 4518 3748 4615 αἰτία

590 4644 796 4690 sentem
836 4647 1099 4689 canonem
1147 4638 1364 4701 propter
1390 4645 1485 4686 eos
1517 4630 1611 4701 qui
1648 4645 1737 4687 res
1782 4628 2140 4685 Ecclesiarum

2252 4604 2634 4702 μείξωνέστίν.
2681 4604 2858 4696 ⁹Ο“μέν
2884 4604 2991 4694 γάρ
3020 4622 3197 4694 ’Δχαρ
3222 4618 3332 4674 τῶν
3362 4617 3622 4689 πολεμίων
3640 4604 3749 4702 09:}-

589 4735 645 4780 et
670 4725 1124 4781 monasteriorum
1155 4698 1393 4792 rapiunt,
1417 4732 1494 4789 et,
1524 4698 1583 4777 ut
1603 4723 1770 4778 semel
1798 4723 1996 4789 dicam,
2016 4739 2145 4794 pro-

2242 4698 2396 4778 λετο·
2442 4720 2492 4773 οἱ
2538 4718 2593 4773 δέ
2639 4717 2735 4772 νῦν
2779 4715 3261 4785 πλεονεκτήσαντες
3307 4711 3380 4765 τὰ
3411 4711 3519 4765 τῶν
3555 4698 3749 4772 ἀδελφῶν

592 4828 710 4887 pter
739 4830 835 4870 eos
861 4815 955 4885 qui
978 4829 1098 4885 qua:
1136 4823 1262 4870 sunt
1291 4812 1402 4869 Deo
1429 4813 1697 4882 dedicata,
1732 4823 1990 4883 tanquam
2018 4829 2144 4883 pro-

2247 4810 2511 4884 ἥρπαζον,
2544 4811 2641 4883 τὴν
2671 4807 2950 4881 συμφορὰν
2969 4805 3170 4860 τούτων
3189 4803 3378 4876 κέρδος
3408 4802 3632 4873 ὀλέθρων
3648 4796 3749 4866 ἡγη-

592 4908 709 4979 pria
743 4906 1034 4961 vindicant.

2252 4904 2492 4977 σάμενοι.
2524 4904 2597 4974 Ση
2606 4902 2834 4973 μείωσαι
2857 4897 2926 4952 τὰ
2947 4897 3185 4968 παρόντα
3203 4895 3289 4951 διὰ
3308 4895 3437 4958 τοὺς
3460 4890 3749 4979 ἀρπάζονταξ

591 4975 659 5061 τὰ
701 5005 809 5059 τῶν
860 5002 1189 5074 Ἐκκλησιῶν
1238 5003 1331 5058 καὶ
1362 5006 1432 5057 τὰ
1477 5001 1584 5056 τῶν
1626 5004 2025 5076 μοναστηρίων,
2061 5004 2153 5057 κα)⁵
2178 4975 2360 5066 ἀπλῶνς
2383 5000 2605 5063 διάτοὺς
2630 4996 2954 5067 ίδιουμένους
2991 4993 3166 5047 πάντα
3205 4991 3274 5045 τὰ
3302 4984 3667 5058 ἀνατεθειμένα
3689 4975 3750 5046 τῷ

594 5095 731 5168 Θεῷ.

663 5161 863 5243 inme.
914 5186 1182 5255 Scriptum
1220 5195 1304 5241 est
1333 5185 1386 5239 in
1430 5188 1571 5242 libro
1617 5184 1743 5241 Jesu
1792 5182 1956 5250 Nave,
1997 5183 2143 5254 quod

2321 5177 2560 5232 ZQNAP.
2609 5175 2698 5229 Ἐν
2735 5177 2800 5247 τῇ
2844 5173 3008 5244 βίϐλῳ
3063 5168 3236 5242 Ἰησοῦ
3269 5168 3360 5224 τοῦ
3400 5166 3553 5255 naua
3588 5161 3749 5255 γέγρι-

596 5299 718 5337 cum
776 5281 1049 5336 obsideret
1089 5279 1251 5334 Jesus
1292 5278 1530 5344 Jericho,
1573 5293 1909 5349 quacunque
1958 5278 2014 5332 in
2056 5277 2144 5332 illa

2251 5288 2400 5334 πται,
2443 5270 2527 5323 ὅτι
2569 5267 2871 5339 πολιορκῶν
2914 5268 2944 5319 ό
2995 5263 3200 5336 Ἰησοῦς
3238 5250 3518 5332 οὗτος”την
3556 5252 3748 5325 Ἱεριχῶ.

594 5384 772 5438 erant,
800 5372 909 5427 Deo
941 5372 1184 5428 dedicata
1211 5341 1607 5441 pronuntiavit:
1632 5341 1944 5441 Expugnata
1966 5377 2147 5423 autem

2252 5364 2425 5416 πάντα
2453 5360 2521 5414 τὰ
2550 5362 2607 5413 ἐν
2644 5359 2779 5431 αὐτῇ
2814 5356 3058 5428 ἀνάθεμα
3100 5354 3454 5427 ἐπηγγείλατο
3491 5346 3614 5405 εἶναι

598 5434 972 5527 ni-be,‘Aehar
1005 5434 1225 5517 sublato
1259 5475 1393 5514 auro
1428 5475 1492 5514 ac
1531 5434 1763 5530 quodam
1787 5434 2146 5523 indumento,

2264 5452 2589 5517 Ἐαλωκυίας
2613 5452 2670 5505 δὲ
2693 5452 2792 5523 τῆς
2824 5449 3048 5513 πόλεως,
3080 5450 3109 5502 ὁ
3142 5448 3336 5518 ’Δχαρ,
3375 5441 3564 5516 χρυσὸν
3600 5434 3679 5491 καί
3709 5445 3749 5530 il

598 5555 687 5608 illa
707 5555 760 5607 in
788 5569 886 5608 suo
901 5552 1243 5608 tabernaculo
1258 5547 1655 5615 defodit.Quam
1673 5549 1743 5603 ob
1764 5562 1983 5603 causam
2007 5546 2146 5601 irato

2253 5547 2476 5617 ὕφασμα
2525 5521 2881 5615 ἀφελόμενος,
2916 5541 3218 5610 κατέχωσεν
3260 5535 3395 5591 αὐτά
3426 5536 3483 5587 ἐν
3509 5533 3570 5601 τῇ

600 5643 727 5707 Deo,
766 5644 891 5699 victi
924 5657 1050 5698 sunt
1090 5643 1144 5696 in
1178 5642 1317 5697 bello
1347 5649 1471 5710 post
1507 5612 1627 5695 haec
1655 5638 1932 5701 Israelita,
1964 5636 2148 5692 multi-

2253 5612 2437 5692 αῦτοῦ.
2485 5612 2850 5707 Ὀργισθέντος
2869 5632 2926 5685 δὲ
2957 5630 3049 5683 τοῦ
3081 5627 3213 5682 Θεοῦ
3240 5628 3325 5682 διὰ
3352 5624 3522 5685 τοῦτο,
3553 5612 3747 5710 ﬁt???

599 5751 705 5802 que
748 5737 1006 5790 cecidere.
1043 5733 1212 5789 Porro
1261 5748 1384 5788 cum
1422 5731 1618 5785 divina!
1661 5730 1951 5803 iracundia:
1982 5742 2147 5783 eausa

2256 5745 2352 5781 σαν
2395 5726 2529 5798 μετὰ
2548 5704 2724 5778 ταῦτα
2752 5726 2809 5777 ἐν
2836 5723 3053 5793 πολέμῳ
3082 5721 3131 5774 oi
3177 5718 3512 5791 Ἰσραηλῖται,
3550 5707 3636 5803 καῖ
3649 5704 3748 5803 ἐξ·

600 5837 946 5898 quaereretur,
965 5827 1148 5883 missis
1175 5827 1411 5883 sortibus
1432 5824 1608 5881 Achar
1625 5833 1707 5880 est
1722 5823 2028 5895 designatus
2051 5840 2065 5874 :
2085 5837 2147 5876 ac

2257 5836 2343 5873 σον
2378 5795 2576 5875 πολλοί.
2622 5816 2956 5888 Ζητουμένου
2995 5814 3048 5867 δὲ
3078 5814 3248 5867 αίτὶου
3279 5812 3369 5881 τῆς
3406 5806 3495 5862 τοῦ
3521 5798 3639 5858 Θεσῦ
3674 5795 3748 5864 ὀρ·
