  <div class='ocr_page' id='page_1' title='image "/cluster/home/n/w/nwhite01/storage/ocr_20150623/10/hvd.32044073501348/530.png"; bbox 0 0 3950 6326; ppageno 0'>
   <div class='ocr_carea' id='block_1_1' title="bbox 311 329 457 386">
    <p class='ocr_par' dir='ltr' id='par_1_1' title="bbox 311 329 457 386">
     <span class='ocr_line' id='line_1_1' title="bbox 311 329 457 386; baseline 0.014 -2"><span class='ocrx_word' id='word_1_1' title='bbox 311 329 457 386; x_wconf 70' lang='grc'><strong>1035</strong></span> 
     </span>
    </p>
   </div>
   <div class='ocr_carea' id='block_1_2' title="bbox 1565 309 2315 388">
    <p class='ocr_par' dir='ltr' id='par_1_2' title="bbox 1565 309 2315 388">
     <span class='ocr_line' id='line_1_2' title="bbox 1565 309 2315 388; baseline -0.004 -2"><span class='ocrx_word' id='word_1_2' title='bbox 1565 329 1906 388; x_wconf 72' lang='lat' dir='ltr'><strong>EPISTULA</strong></span> <span class='ocrx_word' id='word_1_3' title='bbox 1945 309 2315 386; x_wconf 67' lang='lat' dir='ltr'><strong>CANONICA.</strong></span> 
     </span>
    </p>
   </div>
   <div class='ocr_carea' id='block_1_3' title="bbox 3396 339 3534 399">
    <p class='ocr_par' dir='ltr' id='par_1_3' title="bbox 3396 339 3534 399">
     <span class='ocr_line' id='line_1_3' title="bbox 3396 339 3534 399; baseline 0.043 -6"><span class='ocrx_word' id='word_1_4' title='bbox 3396 339 3534 399; x_wconf 68' lang='grc'><strong>10841</strong></span> 
     </span>
    </p>
   </div>
   <div class='ocr_carea' id='block_1_4' title="bbox 306 444 1855 525">
    <p class='ocr_par' dir='ltr' id='par_1_4' title="bbox 306 446 1855 521">
     <span class='ocr_line' id='line_1_4' title="bbox 306 446 1855 521; baseline 0.001 -21"><span class='ocrx_word' id='word_1_5' title='bbox 306 448 431 519; x_wconf 83' lang='grc' dir='ltr'>γῆς,</span> <span class='ocrx_word' id='word_1_6' title='bbox 447 448 477 501; x_wconf 92' lang='lat'><strong>6</strong></span> <span class='ocrx_word' id='word_1_7' title='bbox 491 446 687 519; x_wconf 75' lang='grc' dir='ltr'>κλῆρος</span> <span class='ocrx_word' id='word_1_8' title='bbox 701 448 792 502; x_wconf 69' lang='grc' dir='ltr'>ἐπὶ</span> <span class='ocrx_word' id='word_1_9' title='bbox 813 448 905 502; x_wconf 86' lang='grc' dir='ltr'><strong>τοῦ</strong></span> <span class='ocrx_word' id='word_1_10' title='bbox 926 451 1098 521; x_wconf 81' lang='grc' dir='ltr'><strong>Ἀχαρ</strong></span> <span class='ocrx_word' id='word_1_11' title='bbox 1122 447 1280 504; x_wconf 72' lang='lat' dir='ltr'><strong>Emere</strong></span> <span class='ocrx_word' id='word_1_12' title='bbox 1296 466 1310 480; x_wconf 90' lang='grc'><strong>·</strong></span> <span class='ocrx_word' id='word_1_13' title='bbox 1332 450 1577 512; x_wconf 79' lang='grc' dir='ltr'>κάκεῖνος</span> <span class='ocrx_word' id='word_1_14' title='bbox 1593 449 1855 521; x_wconf 73' lang='grc' dir='ltr'>ἀνακρινά</span> 
     </span>
    </p>
   </div>
   <div class='ocr_carea' id='block_1_5' title="bbox 1959 444 3538 525">
    <p class='ocr_par' dir='ltr' id='par_1_5' title="bbox 1974 444 3538 525">
     <span class='ocr_line' id='line_1_5' title="bbox 1974 444 3538 525; baseline 0.007 -24"><span class='ocrx_word' id='word_1_15' title='bbox 1974 446 2023 502; x_wconf 80' lang='lat' dir='ltr'><strong>is</strong></span> <span class='ocrx_word' id='word_1_16' title='bbox 2042 445 2338 516; x_wconf 69' lang='lat' dir='ltr'><strong>quaestione</strong></span> <span class='ocrx_word' id='word_1_17' title='bbox 2353 444 2534 501; x_wconf 80' lang='lat' dir='ltr'><strong>habita</strong></span> <span class='ocrx_word' id='word_1_18' title='bbox 2560 444 2766 504; x_wconf 64' lang='lat' dir='ltr'><strong>furtum</strong></span> <span class='ocrx_word' id='word_1_19' title='bbox 2786 449 3072 507; x_wconf 86' lang='lat' dir='ltr'><strong>confessus</strong></span> <span class='ocrx_word' id='word_1_20' title='bbox 3094 456 3199 516; x_wconf 83' lang='lat' dir='ltr'><strong>est,</strong></span> <span class='ocrx_word' id='word_1_21' title='bbox 3222 466 3395 521; x_wconf 87' lang='lat' dir='ltr'><strong>eaque</strong></span> <span class='ocrx_word' id='word_1_22' title='bbox 3416 471 3538 525; x_wconf 73' lang='lat' dir='ltr'><strong>quae</strong></span> 
     </span>
    </p>
   </div>
   <div class='ocr_carea' id='block_1_6' title="bbox 304 539 1873 614">
    <p class='ocr_par' dir='ltr' id='par_1_6' title="bbox 304 539 1873 614">
     <span class='ocr_line' id='line_1_6' title="bbox 304 539 1873 614; baseline 0.002 -22"><span class='ocrx_word' id='word_1_23' title='bbox 304 556 473 612; x_wconf 85' lang='grc' dir='ltr'>μενος</span> <span class='ocrx_word' id='word_1_24' title='bbox 521 539 833 613; x_wconf 84' lang='grc' dir='ltr'>ὡμολόγησε</span> <span class='ocrx_word' id='word_1_25' title='bbox 897 542 959 595; x_wconf 79' lang='grc' dir='ltr'>τὸ</span> <span class='ocrx_word' id='word_1_26' title='bbox 1016 542 1234 614; x_wconf 82' lang='grc' dir='ltr'><strong>κλέμμα</strong></span> <span class='ocrx_word' id='word_1_27' title='bbox 1256 582 1270 607; x_wconf 91' lang='grc'><strong>,</strong></span> <span class='ocrx_word' id='word_1_28' title='bbox 1331 544 1453 597; x_wconf 83' lang='grc' dir='ltr'>καὶ·</span> <span class='ocrx_word' id='word_1_29' title='bbox 1477 542 1546 599; x_wconf 80' lang='grc' dir='ltr'>τὰ</span> <span class='ocrx_word' id='word_1_30' title='bbox 1602 542 1873 596; x_wconf 81' lang='grc' dir='ltr'><strong>κλαπέντα</strong></span> 
     </span>
    </p>
   </div>
   <div class='ocr_carea' id='block_1_7' title="bbox 300 632 1872 707">
    <p class='ocr_par' dir='ltr' id='par_1_7' title="bbox 300 632 1872 707">
     <span class='ocr_line' id='line_1_7' title="bbox 300 632 1872 707; baseline 0.003 -23"><span class='ocrx_word' id='word_1_31' title='bbox 300 632 674 704; x_wconf 80' lang='grc' dir='ltr'><strong>προσήνεγκε·</strong></span> <span class='ocrx_word' id='word_1_32' title='bbox 710 633 804 687; x_wconf 79' lang='grc' dir='ltr'>καὶ</span> <span class='ocrx_word' id='word_1_33' title='bbox 834 632 1176 706; x_wconf 81' lang='grc' dir='ltr'>ἐλιθοὸολήθη</span> <span class='ocrx_word' id='word_1_34' title='bbox 1206 634 1368 699; x_wconf 80' lang='grc' dir='ltr'>αὐτὸς</span> <span class='ocrx_word' id='word_1_35' title='bbox 1400 635 1492 689; x_wconf 59' lang='grc' dir='ltr'><strong>κα)⁸</strong></span> <span class='ocrx_word' id='word_1_36' title='bbox 1519 637 1553 706; x_wconf 77' lang='grc' dir='ltr'>ἡ</span> <span class='ocrx_word' id='word_1_37' title='bbox 1578 634 1713 707; x_wconf 84' lang='grc' dir='ltr'>γυνὴ</span> <span class='ocrx_word' id='word_1_38' title='bbox 1731 674 1746 699; x_wconf 92' lang='grc'><strong>,</strong></span> <span class='ocrx_word' id='word_1_39' title='bbox 1777 634 1872 689; x_wconf 76' lang='grc' dir='ltr'>καὶ</span> 
     </span>
    </p>
   </div>
   <div class='ocr_carea' id='block_1_8' title="bbox 296 720 1869 797">
    <p class='ocr_par' dir='ltr' id='par_1_8' title="bbox 296 720 1869 797">
     <span class='ocr_line' id='line_1_8' title="bbox 296 720 1869 797; baseline 0.003 -24"><span class='ocrx_word' id='word_1_40' title='bbox 296 722 352 773; x_wconf 75' lang='lat' dir='ltr'><strong>oi</strong></span> <span class='ocrx_word' id='word_1_41' title='bbox 396 720 580 785; x_wconf 78' lang='grc' dir='ltr'>παῖδες</span> <span class='ocrx_word' id='word_1_42' title='bbox 627 721 814 788; x_wconf 80' lang='grc' dir='ltr'>αὐτοῦ,</span> <span class='ocrx_word' id='word_1_43' title='bbox 848 724 941 777; x_wconf 78' lang='grc' dir='ltr'>καὶ</span> <span class='ocrx_word' id='word_1_44' title='bbox 986 725 1020 795; x_wconf 76' lang='grc' dir='ltr'>ἡ</span> <span class='ocrx_word' id='word_1_45' title='bbox 1064 725 1259 797; x_wconf 73' lang='grc' dir='ltr'>σκηνὴ,</span> <span class='ocrx_word' id='word_1_46' title='bbox 1310 724 1405 777; x_wconf 71' lang='grc' dir='ltr'>καὶ</span> <span class='ocrx_word' id='word_1_47' title='bbox 1454 722 1523 777; x_wconf 84' lang='grc' dir='ltr'>τὰ</span> <span class='ocrx_word' id='word_1_48' title='bbox 1549 722 1681 788; x_wconf 80' lang='grc' dir='ltr'>ζῶα.</span> <span class='ocrx_word' id='word_1_49' title='bbox 1741 722 1869 778; x_wconf 79' lang='grc' dir='ltr'>Ἰδοὺ</span> 
     </span>
    </p>
   </div>
   <div class='ocr_carea' id='block_1_9' title="bbox 297 806 1870 887">
    <p class='ocr_par' dir='ltr' id='par_1_9' title="bbox 297 806 1870 887">
     <span class='ocr_line' id='line_1_9' title="bbox 297 806 1870 887; baseline 0.003 -23"><span class='ocrx_word' id='word_1_50' title='bbox 297 806 418 876; x_wconf 83' lang='grc' dir='ltr'>οῦν,</span> <span class='ocrx_word' id='word_1_51' title='bbox 450 812 601 882; x_wconf 73' lang='grc' dir='ltr'>φησὶ,</span> <span class='ocrx_word' id='word_1_52' title='bbox 643 807 723 878; x_wconf 73' lang='grc' dir='ltr'>εἷς</span> <span class='ocrx_word' id='word_1_53' title='bbox 760 814 993 887; x_wconf 80' lang='grc' dir='ltr'>ἥμαρτε,</span> <span class='ocrx_word' id='word_1_54' title='bbox 1020 815 1113 868; x_wconf 71' lang='grc' dir='ltr'>καὶ</span> <span class='ocrx_word' id='word_1_55' title='bbox 1145 815 1422 869; x_wconf 85' lang='grc' dir='ltr'>ἀπώλοντο</span> <span class='ocrx_word' id='word_1_56' title='bbox 1450 816 1508 869; x_wconf 86' lang='grc' dir='ltr'><strong>ἐν</strong></span> <span class='ocrx_word' id='word_1_57' title='bbox 1535 813 1614 886; x_wconf 83' lang='grc' dir='ltr'>τῷ</span> <span class='ocrx_word' id='word_1_58' title='bbox 1648 815 1870 887; x_wconf 86' lang='grc' dir='ltr'>πολέμῳ</span> 
     </span>
    </p>
   </div>
   <div class='ocr_carea' id='block_1_10' title="bbox 311 902 1871 975">
    <p class='ocr_par' dir='ltr' id='par_1_10' title="bbox 311 902 1871 975">
     <span class='ocr_line' id='line_1_10' title="bbox 311 902 1871 975; baseline 0.003 -20"><span class='ocrx_word' id='word_1_59' title='bbox 311 902 645 975; x_wconf 79' lang='grc' dir='ltr'><strong>Ἰσραηλῖται</strong></span> <span class='ocrx_word' id='word_1_60' title='bbox 665 904 848 958; x_wconf 88' lang='grc' dir='ltr'>πολλοί</span> <span class='ocrx_word' id='word_1_61' title='bbox 869 922 883 937; x_wconf 75' lang='grc' dir='ltr'><strong><em>ο</em></strong></span> <span class='ocrx_word' id='word_1_62' title='bbox 913 906 962 958; x_wconf 87' lang='grc' dir='ltr'><strong>οί</strong></span> <span class='ocrx_word' id='word_1_63' title='bbox 991 906 1184 960; x_wconf 84' lang='grc' dir='ltr'>ἐκεῖνοι</span> <span class='ocrx_word' id='word_1_64' title='bbox 1210 906 1425 971; x_wconf 82' lang='grc' dir='ltr'>πάντες.</span> <span class='ocrx_word' id='word_1_65' title='bbox 1457 902 1589 961; x_wconf 77' lang='grc' dir='ltr'>Εἶτα</span> <span class='ocrx_word' id='word_1_66' title='bbox 1612 908 1706 960; x_wconf 79' lang='grc' dir='ltr'>καὶ</span> <span class='ocrx_word' id='word_1_67' title='bbox 1726 907 1871 973; x_wconf 77' lang='grc' dir='ltr'>ἐξαί-</span> 
     </span>
    </p>
   </div>
   <div class='ocr_carea' id='block_1_11' title="bbox 299 990 1869 1069">
    <p class='ocr_par' dir='ltr' id='par_1_11' title="bbox 299 990 1869 1069">
     <span class='ocr_line' id='line_1_11' title="bbox 299 990 1869 1069; baseline 0.003 -21"><span class='ocrx_word' id='word_1_68' title='bbox 299 1011 389 1067; x_wconf 85' lang='grc' dir='ltr'><strong>ρει</strong></span> <span class='ocrx_word' id='word_1_69' title='bbox 431 997 462 1049; x_wconf 97' lang='lat'><strong>6</strong></span> <span class='ocrx_word' id='word_1_70' title='bbox 493 995 667 1066; x_wconf 83' lang='grc' dir='ltr'><strong>μέγας</strong></span> <span class='ocrx_word' id='word_1_71' title='bbox 691 990 845 1062; x_wconf 78' lang='grc' dir='ltr'>οὗτος</span> <span class='ocrx_word' id='word_1_72' title='bbox 876 997 1064 1069; x_wconf 80' lang='grc' dir='ltr'>Πατὴρ</span> <span class='ocrx_word' id='word_1_73' title='bbox 1094 999 1189 1069; x_wconf 83' lang='grc' dir='ltr'>τὴν</span> <span class='ocrx_word' id='word_1_74' title='bbox 1230 1000 1349 1053; x_wconf 79' lang='grc' dir='ltr'>τότε</span> <span class='ocrx_word' id='word_1_75' title='bbox 1392 997 1699 1064; x_wconf 69' lang='grc' dir='ltr'>πλεονεξίαν</span> <span class='ocrx_word' id='word_1_76' title='bbox 1719 1015 1733 1029; x_wconf 71' lang='grc'><strong><em>⁸</em></strong></span> <span class='ocrx_word' id='word_1_77' title='bbox 1775 998 1869 1052; x_wconf 80' lang='grc' dir='ltr'>καὶ</span> 
     </span>
    </p>
   </div>
   <div class='ocr_carea' id='block_1_12' title="bbox 289 1084 1866 1163">
    <p class='ocr_par' dir='ltr' id='par_1_12' title="bbox 289 1084 1866 1163">
     <span class='ocr_line' id='line_1_12' title="bbox 289 1084 1866 1163; baseline 0.003 -21"><span class='ocrx_word' id='word_1_78' title='bbox 289 1086 519 1161; x_wconf 77' lang='grc' dir='ltr'>χείρονα</span> <span class='ocrx_word' id='word_1_79' title='bbox 550 1084 688 1144; x_wconf 78' lang='grc' dir='ltr'>εἶναι</span> <span class='ocrx_word' id='word_1_80' title='bbox 717 1091 1113 1156; x_wconf 79' lang='grc' dir='ltr'><strong>κατασκευάζει</strong></span> <span class='ocrx_word' id='word_1_81' title='bbox 1154 1092 1422 1163; x_wconf 78' lang='grc' dir='ltr'><strong>ἁμαρτίαν</strong></span> <span class='ocrx_word' id='word_1_82' title='bbox 1461 1090 1612 1163; x_wconf 86' lang='grc' dir='ltr'><strong>παρά</strong></span> <span class='ocrx_word' id='word_1_83' title='bbox 1643 1092 1741 1163; x_wconf 81' lang='grc' dir='ltr'>τὴν</span> <span class='ocrx_word' id='word_1_84' title='bbox 1772 1089 1866 1146; x_wconf 88' lang='grc' dir='ltr'><strong>τοῦ</strong></span> 
     </span>
    </p>
   </div>
   <div class='ocr_carea' id='block_1_13' title="bbox 294 1180 1863 1255">
    <p class='ocr_par' dir='ltr' id='par_1_13' title="bbox 294 1180 1863 1255">
     <span class='ocr_line' id='line_1_13' title="bbox 294 1180 1863 1255; baseline 0.003 -22"><span class='ocrx_word' id='word_1_85' title='bbox 294 1180 498 1253; x_wconf 82' lang='grc' dir='ltr'>’Δχαρ,</span> <span class='ocrx_word' id='word_1_86' title='bbox 537 1182 841 1254; x_wconf 78' lang='grc' dir='ltr'>συγκρίνων</span> <span class='ocrx_word' id='word_1_87' title='bbox 869 1181 1054 1254; x_wconf 79' lang='grc' dir='ltr'>ἄμφω.</span> <span class='ocrx_word' id='word_1_88' title='bbox 1100 1183 1212 1238; x_wconf 77' lang='grc' dir='ltr'><strong>Καὶ</strong></span> <span class='ocrx_word' id='word_1_89' title='bbox 1237 1183 1345 1255; x_wconf 78' lang='grc' dir='ltr'>γὰρ</span> <span class='ocrx_word' id='word_1_90' title='bbox 1376 1184 1405 1235; x_wconf 90' lang='lat'><strong>6</strong></span> <span class='ocrx_word' id='word_1_91' title='bbox 1441 1184 1637 1255; x_wconf 81' lang='grc' dir='ltr'>Ἀχαρ,</span> <span class='ocrx_word' id='word_1_92' title='bbox 1667 1183 1863 1254; x_wconf 65' lang='grc' dir='ltr'>φησιν,</span> 
     </span>
    </p>
   </div>
   <div class='ocr_carea' id='block_1_14' title="bbox 289 1269 1866 1347">
    <p class='ocr_par' dir='ltr' id='par_1_14' title="bbox 289 1269 1866 1347">
     <span class='ocr_line' id='line_1_14' title="bbox 289 1269 1866 1347; baseline 0.003 -23"><span class='ocrx_word' id='word_1_93' title='bbox 289 1270 361 1325; x_wconf 77' lang='grc' dir='ltr'><strong>ἐκ</strong></span> <span class='ocrx_word' id='word_1_94' title='bbox 394 1272 674 1344; x_wconf 79' lang='grc' dir='ltr'>προνομῆς</span> <span class='ocrx_word' id='word_1_95' title='bbox 709 1271 897 1327; x_wconf 75' lang='grc' dir='ltr'>ἐλαϐεν</span> <span class='ocrx_word' id='word_1_96' title='bbox 929 1273 965 1328; x_wconf 84' lang='grc' dir='ltr'>ἂ</span> <span class='ocrx_word' id='word_1_97' title='bbox 990 1272 1257 1344; x_wconf 76' lang='grc' dir='ltr'>ὑφείλετο,</span> <span class='ocrx_word' id='word_1_98' title='bbox 1283 1275 1378 1329; x_wconf 76' lang='grc' dir='ltr'><strong>καὶ</strong></span> <span class='ocrx_word' id='word_1_99' title='bbox 1404 1269 1546 1329; x_wconf 76' lang='grc' dir='ltr'>οὗτοι</span> <span class='ocrx_word' id='word_1_100' title='bbox 1577 1276 1776 1347; x_wconf 82' lang='grc' dir='ltr'>ὁμοίως</span> <span class='ocrx_word' id='word_1_101' title='bbox 1801 1276 1866 1330; x_wconf 83' lang='grc' dir='ltr'><strong>ἐκ</strong></span> 
     </span>
    </p>
   </div>
   <div class='ocr_carea' id='block_1_15' title="bbox 290 1365 1865 1439">
    <p class='ocr_par' dir='ltr' id='par_1_15' title="bbox 290 1365 1865 1439">
     <span class='ocr_line' id='line_1_15' title="bbox 290 1365 1865 1439; baseline 0.003 -23"><span class='ocrx_word' id='word_1_102' title='bbox 290 1366 602 1438; x_wconf 81' lang='grc' dir='ltr'>προνομῆς·</span> <span class='ocrx_word' id='word_1_103' title='bbox 648 1365 760 1420; x_wconf 78' lang='grc' dir='ltr'>ἀλλ’</span> <span class='ocrx_word' id='word_1_104' title='bbox 802 1366 1011 1431; x_wconf 86' lang='grc' dir='ltr'>ἐκεῖνος</span> <span class='ocrx_word' id='word_1_105' title='bbox 1061 1366 1160 1439; x_wconf 84' lang='grc' dir='ltr'>μὲν</span> <span class='ocrx_word' id='word_1_106' title='bbox 1191 1367 1261 1421; x_wconf 88' lang='grc' dir='ltr'><strong>τά</strong></span> <span class='ocrx_word' id='word_1_107' title='bbox 1290 1366 1399 1421; x_wconf 86' lang='grc' dir='ltr'><strong>τῶν</strong></span> <span class='ocrx_word' id='word_1_108' title='bbox 1434 1367 1709 1439; x_wconf 87' lang='grc' dir='ltr'>πολεμίων</span> <span class='ocrx_word' id='word_1_109' title='bbox 1743 1368 1865 1422; x_wconf 83' lang='grc' dir='ltr'>ἐλα-</span> 
     </span>
    </p>
   </div>
   <div class='ocr_carea' id='block_1_16' title="bbox 286 1454 1864 1534">
    <p class='ocr_par' dir='ltr' id='par_1_16' title="bbox 286 1454 1864 1534">
     <span class='ocr_line' id='line_1_16' title="bbox 286 1454 1864 1534; baseline 0.003 -23"><span class='ocrx_word' id='word_1_110' title='bbox 286 1458 408 1522; x_wconf 83' lang='grc' dir='ltr'>6εν,</span> <span class='ocrx_word' id='word_1_111' title='bbox 435 1454 577 1514; x_wconf 80' lang='grc' dir='ltr'>οῦτοι</span> <span class='ocrx_word' id='word_1_112' title='bbox 603 1458 659 1513; x_wconf 84' lang='grc' dir='ltr'><strong>δέ</strong></span> <span class='ocrx_word' id='word_1_113' title='bbox 687 1457 756 1514; x_wconf 88' lang='grc' dir='ltr'><strong>τά</strong></span> <span class='ocrx_word' id='word_1_114' title='bbox 793 1460 901 1514; x_wconf 91' lang='grc' dir='ltr'><strong>τῶν</strong></span> <span class='ocrx_word' id='word_1_115' title='bbox 928 1460 1168 1531; x_wconf 81' lang='grc' dir='ltr'>ἀδελφῶν</span> <span class='ocrx_word' id='word_1_116' title='bbox 1187 1477 1200 1491; x_wconf 80' lang='grc'><em>’</em></span> <span class='ocrx_word' id='word_1_117' title='bbox 1242 1462 1380 1534; x_wconf 76' lang='grc' dir='ltr'>ὅπερ</span> <span class='ocrx_word' id='word_1_118' title='bbox 1410 1461 1592 1533; x_wconf 77' lang='grc' dir='ltr'>μεῖζον</span> <span class='ocrx_word' id='word_1_119' title='bbox 1628 1463 1775 1515; x_wconf 78' lang='grc' dir='ltr'>ποιεῖ</span> <span class='ocrx_word' id='word_1_120' title='bbox 1803 1462 1864 1515; x_wconf 79' lang='grc' dir='ltr'>τὸ</span> 
     </span>
    </p>
   </div>
   <div class='ocr_carea' id='block_1_17' title="bbox 287 1546 1862 1625">
    <p class='ocr_par' dir='ltr' id='par_1_17' title="bbox 287 1546 1862 1625">
     <span class='ocr_line' id='line_1_17' title="bbox 287 1546 1862 1625; baseline 0.002 -22"><span class='ocrx_word' id='word_1_121' title='bbox 287 1551 483 1604; x_wconf 76' lang='grc' dir='ltr'>κακόν.</span> <span class='ocrx_word' id='word_1_122' title='bbox 502 1546 636 1605; x_wconf 79' lang='grc' dir='ltr'>Εἶτα</span> <span class='ocrx_word' id='word_1_123' title='bbox 657 1552 929 1625; x_wconf 77' lang='grc' dir='ltr'>ἐπιφέρει,</span> <span class='ocrx_word' id='word_1_124' title='bbox 957 1551 1031 1617; x_wconf 85' lang='grc' dir='ltr'>ὥς</span> <span class='ocrx_word' id='word_1_125' title='bbox 1051 1569 1210 1608; x_wconf 89' lang='grc' dir='ltr'>τινων</span> <span class='ocrx_word' id='word_1_126' title='bbox 1236 1551 1498 1622; x_wconf 88' lang='grc' dir='ltr'>λεγόντων</span> <span class='ocrx_word' id='word_1_127' title='bbox 1510 1552 1591 1606; x_wconf 82' lang='grc' dir='ltr'>ὅτι</span> <span class='ocrx_word' id='word_1_128' title='bbox 1617 1553 1862 1624; x_wconf 88' lang='grc' dir='ltr'>Εῦρομεν</span> 
     </span>
    </p>
   </div>
   <div class='ocr_carea' id='block_1_18' title="bbox 282 1639 1864 1715">
    <p class='ocr_par' dir='ltr' id='par_1_18' title="bbox 282 1639 1864 1715">
     <span class='ocr_line' id='line_1_18' title="bbox 282 1639 1864 1715; baseline 0.003 -20"><span class='ocrx_word' id='word_1_129' title='bbox 282 1639 465 1695; x_wconf 78' lang='grc' dir='ltr'>ταῦτα</span> <span class='ocrx_word' id='word_1_130' title='bbox 483 1643 790 1715; x_wconf 72' lang='grc' dir='ltr'>ἐρριμμένα</span> <span class='ocrx_word' id='word_1_131' title='bbox 814 1643 995 1714; x_wconf 71' lang='grc' dir='ltr'>τυχὸν,</span> <span class='ocrx_word' id='word_1_132' title='bbox 1019 1645 1093 1715; x_wconf 87' lang='grc' dir='ltr'><strong>μή</strong></span> <span class='ocrx_word' id='word_1_133' title='bbox 1113 1660 1256 1707; x_wconf 82' lang='grc' dir='ltr'>τινος</span> <span class='ocrx_word' id='word_1_134' title='bbox 1298 1644 1741 1715; x_wconf 82' lang='grc' dir='ltr'>ἀντιποιουμένου</span> <span class='ocrx_word' id='word_1_135' title='bbox 1767 1644 1864 1699; x_wconf 83' lang='grc' dir='ltr'><strong>αὐ-</strong></span> 
     </span>
    </p>
   </div>
   <div class='ocr_carea' id='block_1_19' title="bbox 280 1731 1863 1808">
    <p class='ocr_par' dir='ltr' id='par_1_19' title="bbox 280 1731 1863 1808">
     <span class='ocr_line' id='line_1_19' title="bbox 280 1731 1863 1808; baseline 0.002 -20"><span class='ocrx_word' id='word_1_136' title='bbox 280 1731 418 1799; x_wconf 63' lang='grc' dir='ltr'><strong>⁴τῶν,</strong></span> <span class='ocrx_word' id='word_1_137' title='bbox 435 1734 531 1788; x_wconf 77' lang='grc' dir='ltr'>καὶ</span> <span class='ocrx_word' id='word_1_138' title='bbox 553 1734 674 1788; x_wconf 81' lang='grc' dir='ltr'>οὐδὲ</span> <span class='ocrx_word' id='word_1_139' title='bbox 699 1734 918 1807; x_wconf 71' lang='grc' dir='ltr'>ᾔδειμεν</span> <span class='ocrx_word' id='word_1_140' title='bbox 934 1736 1094 1790; x_wconf 89' lang='grc' dir='ltr'>τίνων</span> <span class='ocrx_word' id='word_1_141' title='bbox 1109 1731 1267 1808; x_wconf 84' lang='grc' dir='ltr'>ἦσαν,</span> <span class='ocrx_word' id='word_1_142' title='bbox 1303 1737 1396 1790; x_wconf 77' lang='grc' dir='ltr'><strong>καὶ</strong></span> <span class='ocrx_word' id='word_1_143' title='bbox 1420 1736 1751 1807; x_wconf 83' lang='grc' dir='ltr'>ἀντιτίθησιν</span> <span class='ocrx_word' id='word_1_144' title='bbox 1766 1737 1863 1791; x_wconf 83' lang='grc' dir='ltr'><strong>αὐ-</strong></span> 
     </span>
    </p>
   </div>
   <div class='ocr_carea' id='block_1_20' title="bbox 1972 537 3537 616">
    <p class='ocr_par' dir='ltr' id='par_1_20' title="bbox 1972 537 3537 616">
     <span class='ocr_line' id='line_1_20' title="bbox 1972 537 3537 616; baseline 0.005 -22"><span class='ocrx_word' id='word_1_145' title='bbox 1972 538 2187 598; x_wconf 82' lang='lat' dir='ltr'><strong>furatus</strong></span> <span class='ocrx_word' id='word_1_146' title='bbox 2208 537 2386 593; x_wconf 87' lang='lat' dir='ltr'><strong>fuerat</strong></span> <span class='ocrx_word' id='word_1_147' title='bbox 2412 539 2657 608; x_wconf 75' lang='lat' dir='ltr'><strong>protulit,</strong></span> <span class='ocrx_word' id='word_1_148' title='bbox 2685 542 2908 613; x_wconf 77' lang='lat' dir='ltr'><strong>ipseque</strong></span> <span class='ocrx_word' id='word_1_149' title='bbox 2933 559 3057 598; x_wconf 89' lang='lat' dir='ltr'><strong>cum</strong></span> <span class='ocrx_word' id='word_1_150' title='bbox 3076 559 3244 599; x_wconf 78' lang='lat' dir='ltr'><strong>uxore</strong></span> <span class='ocrx_word' id='word_1_151' title='bbox 3258 556 3311 600; x_wconf 88' lang='lat' dir='ltr'><strong>et</strong></span> <span class='ocrx_word' id='word_1_152' title='bbox 3327 545 3537 616; x_wconf 86' lang='lat' dir='ltr'><strong>liberis,</strong></span> 
     </span>
    </p>
   </div>
   <div class='ocr_carea' id='block_1_21' title="bbox 1970 630 3538 706">
    <p class='ocr_par' dir='ltr' id='par_1_21' title="bbox 1970 630 3538 706">
     <span class='ocr_line' id='line_1_21' title="bbox 1970 630 3538 706; baseline 0.007 -20"><span class='ocrx_word' id='word_1_153' title='bbox 1970 630 2200 701; x_wconf 86' lang='lat' dir='ltr'><strong>ejusque</strong></span> <span class='ocrx_word' id='word_1_154' title='bbox 2225 630 2654 698; x_wconf 81' lang='lat' dir='ltr'><strong>tabernaculum,</strong></span> <span class='ocrx_word' id='word_1_155' title='bbox 2681 642 2737 690; x_wconf 88' lang='lat' dir='ltr'><strong>et</strong></span> <span class='ocrx_word' id='word_1_156' title='bbox 2769 634 3014 703; x_wconf 87' lang='lat' dir='ltr'><strong>jumeuta</strong></span> <span class='ocrx_word' id='word_1_157' title='bbox 3035 633 3306 706; x_wconf 81' lang='lat' dir='ltr'><strong>lapidibus</strong></span> <span class='ocrx_word' id='word_1_158' title='bbox 3339 638 3538 697; x_wconf 72' lang='lat' dir='ltr'><strong>obruta</strong></span> 
     </span>
    </p>
   </div>
   <div class='ocr_carea' id='block_1_22' title="bbox 1969 721 3540 800">
    <p class='ocr_par' dir='ltr' id='par_1_22' title="bbox 1969 721 3540 800">
     <span class='ocr_line' id='line_1_22' title="bbox 1969 721 3540 800; baseline 0.006 -23"><span class='ocrx_word' id='word_1_159' title='bbox 1969 731 2118 777; x_wconf 78' lang='lat' dir='ltr'><strong>sunt.</strong></span> <span class='ocrx_word' id='word_1_160' title='bbox 2137 721 2472 792; x_wconf 69' lang='lat' dir='ltr'><strong>Eccejgitur,</strong></span> <span class='ocrx_word' id='word_1_161' title='bbox 2499 723 2695 796; x_wconf 89' lang='lat' dir='ltr'><strong>inquit,</strong></span> <span class='ocrx_word' id='word_1_162' title='bbox 2715 739 2855 780; x_wconf 92' lang='lat' dir='ltr'><strong>unus</strong></span> <span class='ocrx_word' id='word_1_163' title='bbox 2870 726 3132 795; x_wconf 90' lang='lat' dir='ltr'><strong>peccavit,</strong></span> <span class='ocrx_word' id='word_1_164' title='bbox 3150 728 3540 800; x_wconf 85' lang='lat' dir='ltr'><strong>perieruntque</strong></span> 
     </span>
    </p>
   </div>
   <div class='ocr_carea' id='block_1_23' title="bbox 1969 813 3539 889">
    <p class='ocr_par' dir='ltr' id='par_1_23' title="bbox 1969 813 3539 889">
     <span class='ocr_line' id='line_1_23' title="bbox 1969 813 3539 889; baseline 0.006 -21"><span class='ocrx_word' id='word_1_165' title='bbox 1969 813 2026 868; x_wconf 91' lang='lat' dir='ltr'><strong>in</strong></span> <span class='ocrx_word' id='word_1_166' title='bbox 2050 813 2191 870; x_wconf 90' lang='lat' dir='ltr'><strong>bello</strong></span> <span class='ocrx_word' id='word_1_167' title='bbox 2225 814 2479 870; x_wconf 67' lang='lat' dir='ltr'><strong>lsraelitaa</strong></span> <span class='ocrx_word' id='word_1_168' title='bbox 2517 817 2696 880; x_wconf 86' lang='lat' dir='ltr'><strong>multi,</strong></span> <span class='ocrx_word' id='word_1_169' title='bbox 2739 833 2802 870; x_wconf 88' lang='lat' dir='ltr'><strong>ac</strong></span> <span class='ocrx_word' id='word_1_170' title='bbox 2850 817 2925 871; x_wconf 85' lang='lat' dir='ltr'><strong>illi</strong></span> <span class='ocrx_word' id='word_1_171' title='bbox 2967 834 3177 875; x_wconf 88' lang='lat' dir='ltr'><strong>omnes.</strong></span> <span class='ocrx_word' id='word_1_172' title='bbox 3226 819 3539 889; x_wconf 85' lang='lat' dir='ltr'><strong>Amplilicat</strong></span> 
     </span>
    </p>
   </div>
   <div class='ocr_carea' id='block_1_24' title="bbox 1968 905 3537 979">
    <p class='ocr_par' dir='ltr' id='par_1_24' title="bbox 1968 905 3537 979">
     <span class='ocr_line' id='line_1_24' title="bbox 1968 905 3537 979; baseline 0.006 -20"><span class='ocrx_word' id='word_1_173' title='bbox 1968 919 2136 975; x_wconf 91' lang='lat' dir='ltr'><strong>porro</strong></span> <span class='ocrx_word' id='word_1_174' title='bbox 2152 905 2242 961; x_wconf 91' lang='lat' dir='ltr'><strong>hic</strong></span> <span class='ocrx_word' id='word_1_175' title='bbox 2262 920 2491 976; x_wconf 83' lang='lat' dir='ltr'><strong>magnus</strong></span> <span class='ocrx_word' id='word_1_176' title='bbox 2506 905 2668 962; x_wconf 86' lang='lat' dir='ltr'><strong>Pater</strong></span> <span class='ocrx_word' id='word_1_177' title='bbox 2688 906 2835 963; x_wconf 88' lang='lat' dir='ltr'><strong>illius</strong></span> <span class='ocrx_word' id='word_1_178' title='bbox 2864 910 3125 979; x_wconf 89' lang='lat' dir='ltr'><strong>temporis</strong></span> <span class='ocrx_word' id='word_1_179' title='bbox 3146 911 3455 977; x_wconf 85' lang='lat' dir='ltr'><strong>avaritiam,</strong></span> <span class='ocrx_word' id='word_1_180' title='bbox 3471 929 3537 969; x_wconf 84' lang='lat' dir='ltr'><strong>ac</strong></span> 
     </span>
    </p>
   </div>
   <div class='ocr_carea' id='block_1_25' title="bbox 1967 1000 3535 1074">
    <p class='ocr_par' dir='ltr' id='par_1_25' title="bbox 1967 1000 3535 1074">
     <span class='ocr_line' id='line_1_25' title="bbox 1967 1000 3535 1074; baseline 0.004 -21"><span class='ocrx_word' id='word_1_181' title='bbox 1967 1006 2262 1068; x_wconf 87' lang='lat' dir='ltr'><strong>utrumque</strong></span> <span class='ocrx_word' id='word_1_182' title='bbox 2290 1013 2649 1069; x_wconf 85' lang='lat' dir='ltr'><strong>comparans,</strong></span> <span class='ocrx_word' id='word_1_183' title='bbox 2692 1000 2900 1056; x_wconf 89' lang='lat' dir='ltr'><strong>crimen</strong></span> <span class='ocrx_word' id='word_1_184' title='bbox 2936 1002 3040 1059; x_wconf 90' lang='lat' dir='ltr'><strong>hoc</strong></span> <span class='ocrx_word' id='word_1_185' title='bbox 3080 1004 3322 1074; x_wconf 80' lang='lat' dir='ltr'><strong>gravius,</strong></span> <span class='ocrx_word' id='word_1_186' title='bbox 3367 1020 3535 1074; x_wconf 89' lang='lat' dir='ltr'><strong>quam</strong></span> 
     </span>
    </p>
   </div>
   <div class='ocr_carea' id='block_1_26' title="bbox 1966 1088 3532 1162">
    <p class='ocr_par' dir='ltr' id='par_1_26' title="bbox 1966 1088 3532 1162">
     <span class='ocr_line' id='line_1_26' title="bbox 1966 1088 3532 1162; baseline 0.003 -20"><span class='ocrx_word' id='word_1_187' title='bbox 1966 1089 2110 1158; x_wconf 89' lang='lat' dir='ltr'><strong>quod</strong></span> <span class='ocrx_word' id='word_1_188' title='bbox 2135 1089 2203 1143; x_wconf 90' lang='lat' dir='ltr'><strong>ab</strong></span> <span class='ocrx_word' id='word_1_189' title='bbox 2222 1088 2400 1143; x_wconf 85' lang='lat' dir='ltr'><strong>Achar</strong></span> <span class='ocrx_word' id='word_1_190' title='bbox 2426 1088 2725 1144; x_wconf 88' lang='lat' dir='ltr'><strong>admissum</strong></span> <span class='ocrx_word' id='word_1_191' title='bbox 2749 1098 2833 1144; x_wconf 89' lang='lat' dir='ltr'><strong>est</strong></span> <span class='ocrx_word' id='word_1_192' title='bbox 2865 1090 3222 1147; x_wconf 85' lang='lat' dir='ltr'><strong>demonstrat.</strong></span> <span class='ocrx_word' id='word_1_193' title='bbox 3256 1091 3336 1146; x_wconf 90' lang='lat' dir='ltr'><strong>Ex</strong></span> <span class='ocrx_word' id='word_1_194' title='bbox 3352 1093 3532 1162; x_wconf 60' lang='lat' dir='ltr'><strong>praeda</strong></span> 
     </span>
    </p>
   </div>
   <div class='ocr_carea' id='block_1_27' title="bbox 1967 1179 3529 1253">
    <p class='ocr_par' dir='ltr' id='par_1_27' title="bbox 1967 1179 3529 1253">
     <span class='ocr_line' id='line_1_27' title="bbox 1967 1179 3529 1253; baseline 0.002 -19"><span class='ocrx_word' id='word_1_195' title='bbox 1967 1179 2258 1249; x_wconf 79' lang='lat' dir='ltr'><strong>siquidem,</strong></span> <span class='ocrx_word' id='word_1_196' title='bbox 2288 1179 2485 1249; x_wconf 86' lang='lat' dir='ltr'><strong>inquit,</strong></span> <span class='ocrx_word' id='word_1_197' title='bbox 2502 1180 2685 1235; x_wconf 85' lang='lat' dir='ltr'><strong>Achar</strong></span> <span class='ocrx_word' id='word_1_198' title='bbox 2709 1194 2773 1237; x_wconf 89' lang='lat' dir='ltr'><strong>ea</strong></span> <span class='ocrx_word' id='word_1_199' title='bbox 2792 1182 3017 1237; x_wconf 83' lang='lat' dir='ltr'><strong>sustulit</strong></span> <span class='ocrx_word' id='word_1_200' title='bbox 3032 1197 3154 1253; x_wconf 81' lang='lat' dir='ltr'><strong>quae</strong></span> <span class='ocrx_word' id='word_1_201' title='bbox 3170 1182 3384 1239; x_wconf 86' lang='lat' dir='ltr'><strong>furatus</strong></span> <span class='ocrx_word' id='word_1_202' title='bbox 3411 1193 3529 1244; x_wconf 89' lang='lat' dir='ltr'><strong>est.</strong></span> 
     </span>
    </p>
   </div>
   <div class='ocr_carea' id='block_1_28' title="bbox 1966 1254 3530 1341">
    <p class='ocr_par' dir='ltr' id='par_1_28' title="bbox 1966 1254 3530 1341">
     <span class='ocr_line' id='line_1_28' title="bbox 1966 1254 3530 1341; baseline 0.002 -16"><span class='ocrx_word' id='word_1_203' title='bbox 1966 1283 2031 1326; x_wconf 88' lang='lat' dir='ltr'><strong>ac</strong></span> <span class='ocrx_word' id='word_1_204' title='bbox 2064 1271 2153 1326; x_wconf 88' lang='lat' dir='ltr'><strong>isti</strong></span> <span class='ocrx_word' id='word_1_205' title='bbox 2184 1254 2386 1341; x_wconf 71' lang='lat' dir='ltr'><strong>pariter</strong></span> <span class='ocrx_word' id='word_1_206' title='bbox 2414 1284 2481 1325; x_wconf 88' lang='lat' dir='ltr'><strong>ex</strong></span> <span class='ocrx_word' id='word_1_207' title='bbox 2510 1272 2691 1340; x_wconf 73' lang='lat' dir='ltr'><strong>praeda</strong></span> <span class='ocrx_word' id='word_1_208' title='bbox 2722 1289 2735 1325; x_wconf 92' lang='lat'><strong>:</strong></span> <span class='ocrx_word' id='word_1_209' title='bbox 2779 1280 3036 1327; x_wconf 59' lang='lat' dir='ltr'><strong>caeterum</strong></span> <span class='ocrx_word' id='word_1_210' title='bbox 3063 1272 3154 1328; x_wconf 89' lang='lat' dir='ltr'><strong>ille</strong></span> <span class='ocrx_word' id='word_1_211' title='bbox 3180 1289 3270 1328; x_wconf 86' lang='lat' dir='ltr'><strong>res</strong></span> <span class='ocrx_word' id='word_1_212' title='bbox 3292 1273 3530 1328; x_wconf 90' lang='lat' dir='ltr'><strong>hostium</strong></span> 
     </span>
    </p>
   </div>
   <div class='ocr_carea' id='block_1_29' title="bbox 1963 1359 3513 1434">
    <p class='ocr_par' dir='ltr' id='par_1_29' title="bbox 1963 1359 3513 1434">
     <span class='ocr_line' id='line_1_29' title="bbox 1963 1359 3513 1434; baseline 0.004 -19"><span class='ocrx_word' id='word_1_213' title='bbox 1963 1363 2164 1431; x_wconf 87' lang='lat' dir='ltr'><strong>rapuit,</strong></span> <span class='ocrx_word' id='word_1_214' title='bbox 2197 1361 2251 1415; x_wconf 93' lang='lat' dir='ltr'><strong>hi</strong></span> <span class='ocrx_word' id='word_1_215' title='bbox 2288 1375 2419 1416; x_wconf 90' lang='lat' dir='ltr'><strong>vero</strong></span> <span class='ocrx_word' id='word_1_216' title='bbox 2443 1359 2711 1429; x_wconf 83' lang='lat' dir='ltr'><strong>fratrum;</strong></span> <span class='ocrx_word' id='word_1_217' title='bbox 2750 1364 2894 1434; x_wconf 89' lang='lat' dir='ltr'><strong>quod</strong></span> <span class='ocrx_word' id='word_1_218' title='bbox 2923 1364 3145 1434; x_wconf 77' lang='lat' dir='ltr'><strong>gravius</strong></span> <span class='ocrx_word' id='word_1_219' title='bbox 3183 1365 3389 1419; x_wconf 90' lang='lat' dir='ltr'><strong>malum</strong></span> <span class='ocrx_word' id='word_1_220' title='bbox 3425 1364 3513 1421; x_wconf 68' lang='lat' dir='ltr'><strong>eli:</strong></span> 
     </span>
    </p>
   </div>
   <div class='ocr_carea' id='block_1_30' title="bbox 1964 1448 3529 1524">
    <p class='ocr_par' dir='ltr' id='par_1_30' title="bbox 1964 1448 3529 1524">
     <span class='ocr_line' id='line_1_30' title="bbox 1964 1448 3529 1524; baseline 0.006 -20"><span class='ocrx_word' id='word_1_221' title='bbox 1964 1451 2057 1505; x_wconf 89' lang='lat' dir='ltr'><strong>cit.</strong></span> <span class='ocrx_word' id='word_1_222' title='bbox 2091 1448 2260 1506; x_wconf 83' lang='lat' dir='ltr'><strong>Infert</strong></span> <span class='ocrx_word' id='word_1_223' title='bbox 2286 1450 2500 1516; x_wconf 87' lang='lat' dir='ltr'><strong>deinde,</strong></span> <span class='ocrx_word' id='word_1_224' title='bbox 2535 1451 2735 1523; x_wconf 86' lang='lat' dir='ltr'><strong>quippe</strong></span> <span class='ocrx_word' id='word_1_225' title='bbox 2760 1452 3070 1510; x_wconf 87' lang='lat' dir='ltr'><strong>dicentibus</strong></span> <span class='ocrx_word' id='word_1_226' title='bbox 3103 1454 3436 1524; x_wconf 89' lang='lat' dir='ltr'><strong>quibusdam</strong></span> <span class='ocrx_word' id='word_1_227' title='bbox 3470 1473 3529 1513; x_wconf 81' lang='lat' dir='ltr'><strong>se</strong></span> 
     </span>
    </p>
   </div>
   <div class='ocr_carea' id='block_1_31' title="bbox 1963 1540 3527 1617">
    <p class='ocr_par' dir='ltr' id='par_1_31' title="bbox 1963 1540 3527 1617">
     <span class='ocr_line' id='line_1_31' title="bbox 1963 1540 3527 1617; baseline 0.006 -23"><span class='ocrx_word' id='word_1_228' title='bbox 1963 1540 2082 1595; x_wconf 58' lang='lat' dir='ltr'><strong>haec</strong></span> <span class='ocrx_word' id='word_1_229' title='bbox 2122 1540 2396 1596; x_wconf 87' lang='lat' dir='ltr'><strong>invenisse</strong></span> <span class='ocrx_word' id='word_1_230' title='bbox 2447 1540 2712 1617; x_wconf 79' lang='lat' dir='ltr'><strong>projecta,</strong></span> <span class='ocrx_word' id='word_1_231' title='bbox 2746 1558 2871 1599; x_wconf 90' lang='lat' dir='ltr'><strong>cum</strong></span> <span class='ocrx_word' id='word_1_232' title='bbox 2916 1560 3077 1600; x_wconf 83' lang='lat' dir='ltr'><strong>nemo</strong></span> <span class='ocrx_word' id='word_1_233' title='bbox 3112 1545 3253 1601; x_wconf 82' lang='lat' dir='ltr'><strong>forte</strong></span> <span class='ocrx_word' id='word_1_234' title='bbox 3287 1547 3379 1602; x_wconf 89' lang='lat' dir='ltr'><strong>illa</strong></span> <span class='ocrx_word' id='word_1_235' title='bbox 3407 1548 3527 1616; x_wconf 71' lang='lat' dir='ltr'><strong>sibi</strong></span> 
     </span>
    </p>
   </div>
   <div class='ocr_carea' id='block_1_32' title="bbox 1960 1637 3530 1710">
    <p class='ocr_par' dir='ltr' id='par_1_32' title="bbox 1960 1637 3530 1710">
     <span class='ocr_line' id='line_1_32' title="bbox 1960 1637 3530 1710; baseline 0.006 -24"><span class='ocrx_word' id='word_1_236' title='bbox 1960 1641 2249 1699; x_wconf 83' lang='lat' dir='ltr'><strong>assereret,</strong></span> <span class='ocrx_word' id='word_1_237' title='bbox 2292 1648 2471 1705; x_wconf 85' lang='lat' dir='ltr'><strong>neque</strong></span> <span class='ocrx_word' id='word_1_238' title='bbox 2521 1649 2755 1704; x_wconf 86' lang='lat' dir='ltr'><strong>quorum</strong></span> <span class='ocrx_word' id='word_1_239' title='bbox 2784 1645 2967 1691; x_wconf 87' lang='lat' dir='ltr'><strong>essent</strong></span> <span class='ocrx_word' id='word_1_240' title='bbox 3007 1637 3259 1705; x_wconf 87' lang='lat' dir='ltr'><strong>novisse;</strong></span> <span class='ocrx_word' id='word_1_241' title='bbox 3292 1652 3358 1692; x_wconf 87' lang='lat' dir='ltr'><strong>ac</strong></span> <span class='ocrx_word' id='word_1_242' title='bbox 3395 1639 3530 1710; x_wconf 88' lang='lat' dir='ltr'><strong>ipsis</strong></span> 
     </span>
    </p>
   </div>
   <div class='ocr_carea' id='block_1_33' title="bbox 1962 1724 3526 1801">
    <p class='ocr_par' dir='ltr' id='par_1_33' title="bbox 1962 1724 3526 1801">
     <span class='ocr_line' id='line_1_33' title="bbox 1962 1724 3526 1801; baseline 0.003 -23"><span class='ocrx_word' id='word_1_243' title='bbox 1962 1739 2083 1794; x_wconf 81' lang='lat' dir='ltr'><strong>quae</strong></span> <span class='ocrx_word' id='word_1_244' title='bbox 2111 1725 2164 1779; x_wconf 90' lang='lat' dir='ltr'><strong>in</strong></span> <span class='ocrx_word' id='word_1_245' title='bbox 2197 1724 2616 1782; x_wconf 87' lang='lat' dir='ltr'><strong>Deuterouomio</strong></span> <span class='ocrx_word' id='word_1_246' title='bbox 2650 1736 2705 1782; x_wconf 89' lang='lat' dir='ltr'><strong>et</strong></span> <span class='ocrx_word' id='word_1_247' title='bbox 2742 1725 2930 1784; x_wconf 83' lang='lat' dir='ltr'><strong>Exodo</strong></span> <span class='ocrx_word' id='word_1_248' title='bbox 2974 1727 3247 1784; x_wconf 90' lang='lat' dir='ltr'><strong>habentur</strong></span> <span class='ocrx_word' id='word_1_249' title='bbox 3278 1732 3526 1801; x_wconf 87' lang='lat' dir='ltr'><strong>opponit,</strong></span> 
     </span>
    </p>
   </div>
   <div class='ocr_carea' id='block_1_34' title="bbox 279 1805 1855 1899">
    <p class='ocr_par' dir='ltr' id='par_1_34' title="bbox 279 1805 1855 1899">
     <span class='ocr_line' id='line_1_34' title="bbox 279 1805 1855 1899; baseline 0.004 -25"><span class='ocrx_word' id='word_1_250' title='bbox 279 1823 401 1885; x_wconf 77' lang='grc' dir='ltr'>τοῖς</span> <span class='ocrx_word' id='word_1_251' title='bbox 410 1820 479 1875; x_wconf 87' lang='grc' dir='ltr'><strong>τά</strong></span> <span class='ocrx_word' id='word_1_252' title='bbox 491 1820 587 1875; x_wconf 83' lang='grc' dir='ltr'><strong>τοῦ</strong></span> <span class='ocrx_word' id='word_1_253' title='bbox 605 1805 766 1876; x_wconf 76' lang='grc' dir='ltr'>Δευτε</span> <span class='ocrx_word' id='word_1_254' title='bbox 774 1805 1019 1895; x_wconf 85' lang='grc' dir='ltr'>ρονομίου</span> <span class='ocrx_word' id='word_1_255' title='bbox 1033 1805 1201 1879; x_wconf 78' lang='grc' dir='ltr'>καὶτὰ</span> <span class='ocrx_word' id='word_1_256' title='bbox 1211 1826 1310 1897; x_wconf 84' lang='grc' dir='ltr'><strong>τῆς</strong></span> <span class='ocrx_word' id='word_1_257' title='bbox 1323 1825 1554 1894; x_wconf 82' lang='grc' dir='ltr'>Ἐξὸδου·</span> <span class='ocrx_word' id='word_1_258' title='bbox 1567 1805 1661 1882; x_wconf 85' lang='grc' dir='ltr'><strong>καί</strong></span> <span class='ocrx_word' id='word_1_259' title='bbox 1675 1842 1855 1899; x_wconf 82' lang='grc' dir='ltr'>φησιν·</span> 
     </span>
    </p>
   </div>
   <div class='ocr_carea' id='block_1_35' title="bbox 1959 1805 3530 1899">
    <p class='ocr_par' dir='ltr' id='par_1_35' title="bbox 1961 1816 3530 1890">
     <span class='ocr_line' id='line_1_35' title="bbox 1961 1816 3530 1890; baseline 0.005 -20"><span class='ocrx_word' id='word_1_260' title='bbox 1961 1830 2025 1871; x_wconf 91' lang='lat' dir='ltr'><strong>ac</strong></span> <span class='ocrx_word' id='word_1_261' title='bbox 2068 1816 2238 1885; x_wconf 86' lang='lat' dir='ltr'><strong>dicit;</strong></span> <span class='ocrx_word' id='word_1_262' title='bbox 2282 1820 2363 1874; x_wconf 87' lang='lat' dir='ltr'><strong>eis</strong></span> <span class='ocrx_word' id='word_1_263' title='bbox 2419 1819 2514 1889; x_wconf 87' lang='lat' dir='ltr'><strong>qui</strong></span> <span class='ocrx_word' id='word_1_264' title='bbox 2559 1818 2829 1889; x_wconf 86' lang='lat' dir='ltr'><strong>ejusmodi</strong></span> <span class='ocrx_word' id='word_1_265' title='bbox 2898 1819 3263 1890; x_wconf 88' lang='lat' dir='ltr'><strong>loquebantur</strong></span> <span class='ocrx_word' id='word_1_266' title='bbox 3314 1822 3396 1879; x_wconf 88' lang='lat' dir='ltr'><strong>sic</strong></span> <span class='ocrx_word' id='word_1_267' title='bbox 3453 1824 3530 1878; x_wconf 80' lang='lat' dir='ltr'><strong>ait</strong></span> 
     </span>
    </p>
   </div>
   <div class='ocr_carea' id='block_1_36' title="bbox 282 1913 1855 1993">
    <p class='ocr_par' dir='ltr' id='par_1_36' title="bbox 282 1913 1855 1993">
     <span class='ocr_line' id='line_1_36' title="bbox 282 1913 1855 1993; baseline 0.003 -25"><span class='ocrx_word' id='word_1_268' title='bbox 282 1913 429 1987; x_wconf 84' lang='grc' dir='ltr'>πρὸς</span> <span class='ocrx_word' id='word_1_269' title='bbox 447 1915 573 1981; x_wconf 87' lang='grc' dir='ltr'>τοὺς</span> <span class='ocrx_word' id='word_1_270' title='bbox 594 1915 727 1985; x_wconf 72' lang='grc'><strong>(52⁸)</strong></span> <span class='ocrx_word' id='word_1_271' title='bbox 753 1914 1006 1986; x_wconf 84' lang='grc' dir='ltr'>λέγοντας</span> <span class='ocrx_word' id='word_1_272' title='bbox 1018 1918 1087 1972; x_wconf 85' lang='grc' dir='ltr'>τὰ</span> <span class='ocrx_word' id='word_1_273' title='bbox 1112 1918 1377 1991; x_wconf 78' lang='grc' dir='ltr'><strong>εἰρημένα</strong></span> <span class='ocrx_word' id='word_1_274' title='bbox 1404 1920 1567 1993; x_wconf 75' lang='grc' dir='ltr'>φησὶν</span> <span class='ocrx_word' id='word_1_275' title='bbox 1586 1921 1615 1974; x_wconf 91' lang='lat'><strong>6</strong></span> <span class='ocrx_word' id='word_1_276' title='bbox 1644 1919 1855 1993; x_wconf 82' lang='grc' dir='ltr'><strong>Πατήρ·</strong></span> 
     </span>
    </p>
   </div>
   <div class='ocr_carea' id='block_1_37' title="bbox 909 2009 1257 2064">
    <p class='ocr_par' dir='ltr' id='par_1_37' title="bbox 909 2009 1257 2064">
     <span class='ocr_line' id='line_1_37' title="bbox 909 2009 1257 2064; baseline 0 0"><span class='ocrx_word' id='word_1_277' title='bbox 909 2009 1148 2064; x_wconf 73' lang='lat' dir='ltr'><strong>KANON</strong></span> <span class='ocrx_word' id='word_1_278' title='bbox 1186 2012 1257 2064; x_wconf 85' lang='lat' dir='ltr'><strong>A.</strong></span> 
     </span>
    </p>
   </div>
   <div class='ocr_carea' id='block_1_38' title="bbox 363 2096 1858 2172">
    <p class='ocr_par' dir='ltr' id='par_1_38' title="bbox 363 2096 1858 2172">
     <span class='ocr_line' id='line_1_38' title="bbox 363 2096 1858 2172; baseline 0.003 -23"><span class='ocrx_word' id='word_1_279' title='bbox 363 2114 383 2149; x_wconf 72' lang='grc' dir='ltr'><strong>ι</strong></span> <span class='ocrx_word' id='word_1_280' title='bbox 423 2096 632 2169; x_wconf 77' lang='grc' dir='ltr'>Μηδεὶς</span> <span class='ocrx_word' id='word_1_281' title='bbox 649 2097 966 2164; x_wconf 79' lang='grc' dir='ltr'><strong>ἐξαπατάτω</strong></span> <span class='ocrx_word' id='word_1_282' title='bbox 992 2101 1203 2164; x_wconf 79' lang='grc' dir='ltr'>ἑαυτὸν,</span> <span class='ocrx_word' id='word_1_283' title='bbox 1234 2101 1372 2172; x_wconf 87' lang='grc' dir='ltr'>μήτε</span> <span class='ocrx_word' id='word_1_284' title='bbox 1397 2100 1472 2164; x_wconf 85' lang='grc' dir='ltr'>ὡς</span> <span class='ocrx_word' id='word_1_285' title='bbox 1503 2100 1677 2172; x_wconf 75' lang='grc' dir='ltr'>εὑρών</span> <span class='ocrx_word' id='word_1_286' title='bbox 1694 2117 1707 2131; x_wconf 75' lang='grc' dir='ltr'><strong>ο</strong></span> <span class='ocrx_word' id='word_1_287' title='bbox 1736 2099 1858 2153; x_wconf 77' lang='grc' dir='ltr'>οὔτε</span> 
     </span>
    </p>
   </div>
   <div class='ocr_carea' id='block_1_39' title="bbox 286 2186 1859 2266">
    <p class='ocr_par' dir='ltr' id='par_1_39' title="bbox 286 2186 1859 2266">
     <span class='ocr_line' id='line_1_39' title="bbox 286 2186 1859 2266; baseline 0.004 -25"><span class='ocrx_word' id='word_1_288' title='bbox 286 2207 308 2241; x_wconf 80' lang='lat' dir='ltr'><strong>r</strong></span> <span class='ocrx_word' id='word_1_289' title='bbox 344 2186 456 2261; x_wconf 85' lang='grc' dir='ltr'>γὰρ</span> <span class='ocrx_word' id='word_1_290' title='bbox 479 2188 705 2262; x_wconf 81' lang='grc' dir='ltr'>εὑρόντα</span> <span class='ocrx_word' id='word_1_291' title='bbox 732 2191 1031 2264; x_wconf 80' lang='grc' dir='ltr'>κερδαίνειν</span> <span class='ocrx_word' id='word_1_292' title='bbox 1064 2192 1261 2260; x_wconf 78' lang='grc' dir='ltr'>ἔξεστι.</span> <span class='ocrx_word' id='word_1_293' title='bbox 1295 2194 1433 2265; x_wconf 76' lang='grc' dir='ltr'>Φησὶ</span> <span class='ocrx_word' id='word_1_294' title='bbox 1459 2194 1565 2266; x_wconf 77' lang='grc' dir='ltr'>γὰρ</span> <span class='ocrx_word' id='word_1_295' title='bbox 1584 2195 1644 2248; x_wconf 78' lang='grc' dir='ltr'>τὸ</span> <span class='ocrx_word' id='word_1_296' title='bbox 1668 2197 1859 2249; x_wconf 86' lang='grc' dir='ltr'>Δευτε-</span> 
     </span>
    </p>
   </div>
   <div class='ocr_carea' id='block_1_40' title="bbox 283 2278 1856 2352">
    <p class='ocr_par' dir='ltr' id='par_1_40' title="bbox 283 2278 1856 2352">
     <span class='ocr_line' id='line_1_40' title="bbox 283 2278 1856 2352; baseline 0.004 -21"><span class='ocrx_word' id='word_1_297' title='bbox 283 2297 307 2331; x_wconf 75' lang='lat' dir='ltr'><strong>e</strong></span> <span class='ocrx_word' id='word_1_298' title='bbox 343 2278 614 2351; x_wconf 74' lang='grc' dir='ltr'>ρονόμιοψ</span> <span class='ocrx_word' id='word_1_299' title='bbox 635 2280 754 2350; x_wconf 78' lang='grc' dir='ltr'><strong>Μὴ,</strong></span> <span class='ocrx_word' id='word_1_300' title='bbox 773 2280 913 2335; x_wconf 74' lang='grc' dir='ltr'><strong>ἰδὼν</strong></span> <span class='ocrx_word' id='word_1_301' title='bbox 940 2282 1292 2352; x_wconf 81' lang='grc' dir='ltr'><strong>τὸνμόσχον</strong></span> <span class='ocrx_word' id='word_1_302' title='bbox 1319 2283 1426 2337; x_wconf 87' lang='grc' dir='ltr'><strong>τοῦ</strong></span> <span class='ocrx_word' id='word_1_303' title='bbox 1450 2282 1714 2352; x_wconf 64' lang='grc' dir='ltr'>ἀδελφοῦ</span> <span class='ocrx_word' id='word_1_304' title='bbox 1739 2299 1856 2338; x_wconf 90' lang='grc' dir='ltr'><strong>σου</strong></span> 
     </span>
    </p>
   </div>
   <div class='ocr_carea' id='block_1_41' title="bbox 282 2369 1856 2443">
    <p class='ocr_par' dir='ltr' id='par_1_41' title="bbox 282 2369 1856 2443">
     <span class='ocr_line' id='line_1_41' title="bbox 282 2369 1856 2443; baseline 0.004 -21"><span class='ocrx_word' id='word_1_305' title='bbox 282 2387 306 2421; x_wconf 70' lang='grc' dir='ltr'>ί</span> <span class='ocrx_word' id='word_1_306' title='bbox 350 2369 452 2424; x_wconf 72' lang='grc' dir='ltr'><strong>καὶ</strong></span> <span class='ocrx_word' id='word_1_307' title='bbox 497 2370 566 2425; x_wconf 86' lang='grc' dir='ltr'><strong>τὸ</strong></span> <span class='ocrx_word' id='word_1_308' title='bbox 612 2374 908 2440; x_wconf 77' lang='grc' dir='ltr'>πρόϐατον</span> <span class='ocrx_word' id='word_1_309' title='bbox 958 2372 1314 2443; x_wconf 69' lang='grc' dir='ltr'>πλανώμενα</span> <span class='ocrx_word' id='word_1_310' title='bbox 1349 2374 1418 2428; x_wconf 73' lang='grc' dir='ltr'>ἐν</span> <span class='ocrx_word' id='word_1_311' title='bbox 1468 2372 1541 2442; x_wconf 75' lang='grc' dir='ltr'><strong>τῇ</strong></span> <span class='ocrx_word' id='word_1_312' title='bbox 1581 2372 1717 2440; x_wconf 78' lang='grc' dir='ltr'>ὀδῷ,</span> <span class='ocrx_word' id='word_1_313' title='bbox 1750 2388 1856 2429; x_wconf 75' lang='grc' dir='ltr'><strong>πε·</strong></span> 
     </span>
    </p>
   </div>
   <div class='ocr_carea' id='block_1_42' title="bbox 282 2460 1857 2535">
    <p class='ocr_par' dir='ltr' id='par_1_42' title="bbox 282 2460 1857 2535">
     <span class='ocr_line' id='line_1_42' title="bbox 282 2460 1857 2535; baseline 0.004 -22"><span class='ocrx_word' id='word_1_314' title='bbox 282 2477 307 2513; x_wconf 73' lang='grc' dir='ltr'><strong>σ</strong></span> <span class='ocrx_word' id='word_1_315' title='bbox 333 2460 538 2531; x_wconf 78' lang='grc' dir='ltr'>ριΐδῃς</span> <span class='ocrx_word' id='word_1_316' title='bbox 560 2461 733 2526; x_wconf 81' lang='grc' dir='ltr'>αὐτὰ,</span> <span class='ocrx_word' id='word_1_317' title='bbox 751 2464 1105 2535; x_wconf 71' lang='grc' dir='ltr'>ἀποστροφῇ</span> <span class='ocrx_word' id='word_1_318' title='bbox 1138 2465 1542 2535; x_wconf 70' lang='grc' dir='ltr'><strong>ἀποστρέψεις</strong></span> <span class='ocrx_word' id='word_1_319' title='bbox 1578 2466 1731 2520; x_wconf 86' lang='grc' dir='ltr'>αὐτὰ</span> <span class='ocrx_word' id='word_1_320' title='bbox 1776 2464 1857 2532; x_wconf 82' lang='grc' dir='ltr'><strong>τῷ</strong></span> 
     </span>
    </p>
   </div>
   <div class='ocr_carea' id='block_1_43' title="bbox 281 2553 1855 2628">
    <p class='ocr_par' dir='ltr' id='par_1_43' title="bbox 281 2553 1855 2628">
     <span class='ocr_line' id='line_1_43' title="bbox 281 2553 1855 2628; baseline 0.004 -22"><span class='ocrx_word' id='word_1_321' title='bbox 281 2570 306 2606; x_wconf 74' lang='grc' dir='ltr'><strong>ι</strong></span> <span class='ocrx_word' id='word_1_322' title='bbox 345 2553 591 2625; x_wconf 71' lang='grc' dir='ltr'>ἀδελφῷ</span> <span class='ocrx_word' id='word_1_323' title='bbox 644 2568 782 2611; x_wconf 91' lang='grc' dir='ltr'>σου.</span> <span class='ocrx_word' id='word_1_324' title='bbox 852 2556 987 2610; x_wconf 79' lang='grc' dir='ltr'><strong>Ἐὰν</strong></span> <span class='ocrx_word' id='word_1_325' title='bbox 1049 2556 1119 2611; x_wconf 78' lang='grc' dir='ltr'>δὲ</span> <span class='ocrx_word' id='word_1_326' title='bbox 1177 2556 1263 2626; x_wconf 77' lang='grc' dir='ltr'>μὴ</span> <span class='ocrx_word' id='word_1_327' title='bbox 1313 2556 1508 2628; x_wconf 74' lang='grc' dir='ltr'>ἐγγιζῇ</span> <span class='ocrx_word' id='word_1_328' title='bbox 1533 2559 1563 2611; x_wconf 87' lang='lat'><strong>6</strong></span> <span class='ocrx_word' id='word_1_329' title='bbox 1593 2556 1855 2627; x_wconf 67' lang='grc' dir='ltr'>ἀδελφός</span> 
     </span>
    </p>
   </div>
   <div class='ocr_carea' id='block_1_44' title="bbox 283 2645 1858 2718">
    <p class='ocr_par' dir='ltr' id='par_1_44' title="bbox 283 2645 1858 2718">
     <span class='ocr_line' id='line_1_44' title="bbox 283 2645 1858 2718; baseline 0.003 -21"><span class='ocrx_word' id='word_1_330' title='bbox 283 2662 306 2697; x_wconf 70' lang='grc' dir='ltr'><strong>ι</strong></span> <span class='ocrx_word' id='word_1_331' title='bbox 342 2660 464 2700; x_wconf 88' lang='grc' dir='ltr'><strong>σου</strong></span> <span class='ocrx_word' id='word_1_332' title='bbox 517 2645 666 2715; x_wconf 76' lang='grc' dir='ltr'><strong>πρὸς</strong></span> <span class='ocrx_word' id='word_1_333' title='bbox 730 2645 826 2713; x_wconf 83' lang='grc' dir='ltr'>σὲ,</span> <span class='ocrx_word' id='word_1_334' title='bbox 875 2647 1030 2718; x_wconf 79' lang='grc' dir='ltr'><strong>μηδὲ</strong></span> <span class='ocrx_word' id='word_1_335' title='bbox 1080 2647 1404 2704; x_wconf 80' lang='grc' dir='ltr'>ἐπίστασαι</span> <span class='ocrx_word' id='word_1_336' title='bbox 1465 2648 1671 2714; x_wconf 79' lang='grc' dir='ltr'>αὐτὸν,</span> <span class='ocrx_word' id='word_1_337' title='bbox 1714 2662 1858 2703; x_wconf 78' lang='grc' dir='ltr'>συνο</span> 
     </span>
    </p>
   </div>
   <div class='ocr_carea' id='block_1_45' title="bbox 281 2736 1859 2822">
    <p class='ocr_par' dir='ltr' id='par_1_45' title="bbox 281 2736 1859 2822">
     <span class='ocr_line' id='line_1_45' title="bbox 281 2736 1859 2822; baseline 0.004 -33"><span class='ocrx_word' id='word_1_338' title='bbox 281 2754 306 2789; x_wconf 72' lang='grc' dir='ltr'><strong>ι</strong></span> <span class='ocrx_word' id='word_1_339' title='bbox 345 2736 514 2805; x_wconf 79' lang='grc' dir='ltr'>ἀξεις</span> <span class='ocrx_word' id='word_1_340' title='bbox 561 2737 733 2804; x_wconf 81' lang='grc' dir='ltr'>αὐτὰ,</span> <span class='ocrx_word' id='word_1_341' title='bbox 762 2739 861 2793; x_wconf 78' lang='grc' dir='ltr'><strong>καὶ</strong></span> <span class='ocrx_word' id='word_1_342' title='bbox 918 2741 1089 2795; x_wconf 73' lang='grc' dir='ltr'>ἔσται</span> <span class='ocrx_word' id='word_1_343' title='bbox 1106 2741 1284 2822; x_wconf 53' lang='grc' dir='ltr'>,μετὰ</span> <span class='ocrx_word' id='word_1_344' title='bbox 1335 2741 1473 2807; x_wconf 86' lang='grc' dir='ltr'>σοῦ,</span> <span class='ocrx_word' id='word_1_345' title='bbox 1512 2740 1624 2809; x_wconf 76' lang='grc' dir='ltr'><strong>ἕως</strong></span> <span class='ocrx_word' id='word_1_346' title='bbox 1652 2740 1730 2795; x_wconf 77' lang='grc' dir='ltr'><strong>ἂν</strong></span> <span class='ocrx_word' id='word_1_347' title='bbox 1757 2741 1859 2796; x_wconf 76' lang='grc' dir='ltr'>ἐκ·</span> 
     </span>
    </p>
   </div>
   <div class='ocr_carea' id='block_1_46' title="bbox 283 2826 1854 2901">
    <p class='ocr_par' dir='ltr' id='par_1_46' title="bbox 283 2826 1854 2901">
     <span class='ocr_line' id='line_1_46' title="bbox 283 2826 1854 2901; baseline 0.005 -21"><span class='ocrx_word' id='word_1_348' title='bbox 283 2845 307 2879; x_wconf 73' lang='grc' dir='ltr'><strong>ε</strong></span> <span class='ocrx_word' id='word_1_349' title='bbox 343 2826 573 2898; x_wconf 79' lang='grc' dir='ltr'><strong>ζητήσῃ</strong></span> <span class='ocrx_word' id='word_1_350' title='bbox 619 2828 771 2884; x_wconf 81' lang='grc' dir='ltr'><strong>αὐτὰ</strong></span> <span class='ocrx_word' id='word_1_351' title='bbox 816 2833 848 2885; x_wconf 86' lang='grc' dir='ltr'><em>ό</em></span> <span class='ocrx_word' id='word_1_352' title='bbox 881 2829 1143 2901; x_wconf 72' lang='grc' dir='ltr'>ἀδελφός</span> <span class='ocrx_word' id='word_1_353' title='bbox 1183 2844 1323 2900; x_wconf 91' lang='grc' dir='ltr'>σου,</span> <span class='ocrx_word' id='word_1_354' title='bbox 1371 2833 1469 2886; x_wconf 75' lang='grc' dir='ltr'>καί</span> <span class='ocrx_word' id='word_1_355' title='bbox 1518 2829 1854 2899; x_wconf 77' lang='grc' dir='ltr'>ἀποδώσεις</span> 
     </span>
    </p>
   </div>
   <div class='ocr_carea' id='block_1_47' title="bbox 283 2920 1852 2990">
    <p class='ocr_par' dir='ltr' id='par_1_47' title="bbox 283 2920 1852 2990">
     <span class='ocr_line' id='line_1_47' title="bbox 283 2920 1852 2990; baseline 0.003 -16"><span class='ocrx_word' id='word_1_356' title='bbox 283 2938 307 2973; x_wconf 74' lang='grc' dir='ltr'><strong>ι</strong></span> <span class='ocrx_word' id='word_1_357' title='bbox 346 2920 520 2975; x_wconf 83' lang='grc' dir='ltr'>αὑτά.</span> <span class='ocrx_word' id='word_1_358' title='bbox 558 2922 668 2975; x_wconf 81' lang='grc' dir='ltr'><strong>Καὶ</strong></span> <span class='ocrx_word' id='word_1_359' title='bbox 703 2921 855 2976; x_wconf 83' lang='grc' dir='ltr'>οὕτω</span> <span class='ocrx_word' id='word_1_360' title='bbox 893 2922 1163 2990; x_wconf 79' lang='grc' dir='ltr'>ποιήσεις</span> <span class='ocrx_word' id='word_1_361' title='bbox 1185 2923 1293 2977; x_wconf 81' lang='grc' dir='ltr'>τὸν</span> <span class='ocrx_word' id='word_1_362' title='bbox 1332 2924 1478 2977; x_wconf 76' lang='grc' dir='ltr'>ὄνον</span> <span class='ocrx_word' id='word_1_363' title='bbox 1502 2923 1724 2989; x_wconf 85' lang='grc' dir='ltr'>αὐτοῦ,</span> <span class='ocrx_word' id='word_1_364' title='bbox 1753 2924 1852 2979; x_wconf 70' lang='grc' dir='ltr'><strong>καὶ</strong></span> 
     </span>
    </p>
   </div>
   <div class='ocr_carea' id='block_1_48' title="bbox 282 3010 1856 3086">
    <p class='ocr_par' dir='ltr' id='par_1_48' title="bbox 282 3010 1856 3086">
     <span class='ocr_line' id='line_1_48' title="bbox 282 3010 1856 3086; baseline 0.004 -21"><span class='ocrx_word' id='word_1_365' title='bbox 282 3030 307 3065; x_wconf 78' lang='grc' dir='ltr'><strong>ι</strong></span> <span class='ocrx_word' id='word_1_366' title='bbox 341 3010 494 3067; x_wconf 83' lang='grc' dir='ltr'>οὕτω</span> <span class='ocrx_word' id='word_1_367' title='bbox 514 3011 789 3079; x_wconf 74' lang='grc' dir='ltr'>ποιήσεις</span> <span class='ocrx_word' id='word_1_368' title='bbox 809 3011 874 3066; x_wconf 81' lang='grc' dir='ltr'>τὸ</span> <span class='ocrx_word' id='word_1_369' title='bbox 895 3012 1127 3083; x_wconf 74' lang='grc' dir='ltr'>ἱμάτιον</span> <span class='ocrx_word' id='word_1_370' title='bbox 1146 3013 1351 3078; x_wconf 84' lang='grc' dir='ltr'>αὑτοῦ,</span> <span class='ocrx_word' id='word_1_371' title='bbox 1375 3015 1474 3069; x_wconf 80' lang='grc' dir='ltr'>καί</span> <span class='ocrx_word' id='word_1_372' title='bbox 1502 3016 1653 3071; x_wconf 83' lang='grc' dir='ltr'>οὕτω</span> <span class='ocrx_word' id='word_1_373' title='bbox 1686 3017 1856 3086; x_wconf 79' lang='grc' dir='ltr'>ποιή-</span> 
     </span>
    </p>
   </div>
   <div class='ocr_carea' id='block_1_49' title="bbox 1958 1904 2154 1965">
    <p class='ocr_par' dir='ltr' id='par_1_49' title="bbox 1958 1904 2154 1965">
     <span class='ocr_line' id='line_1_49' title="bbox 1958 1904 2154 1965; baseline 0.026 -6"><span class='ocrx_word' id='word_1_374' title='bbox 1958 1904 2119 1963; x_wconf 86' lang='lat' dir='ltr'><strong>Pater</strong></span> <span class='ocrx_word' id='word_1_375' title='bbox 2141 1926 2154 1965; x_wconf 89' lang='lat'><strong>:</strong></span> 
     </span>
    </p>
   </div>
   <div class='ocr_carea' id='block_1_50' title="bbox 2560 1997 2918 2056">
    <p class='ocr_par' dir='ltr' id='par_1_50' title="bbox 2560 1997 2918 2056">
     <span class='ocr_line' id='line_1_50' title="bbox 2560 1997 2918 2056; baseline -0.006 0"><span class='ocrx_word' id='word_1_376' title='bbox 2560 1997 2790 2056; x_wconf 83' lang='lat' dir='ltr'><strong>CANON</strong></span> <span class='ocrx_word' id='word_1_377' title='bbox 2827 1998 2918 2054; x_wconf 75' lang='lat' dir='ltr'><strong>IV.</strong></span> 
     </span>
    </p>
   </div>
   <div class='ocr_carea' id='block_1_51' title="bbox 2035 2092 3524 2165">
    <p class='ocr_par' dir='ltr' id='par_1_51' title="bbox 2035 2092 3524 2165">
     <span class='ocr_line' id='line_1_51' title="bbox 2035 2092 3524 2165; baseline 0.001 -15"><span class='ocrx_word' id='word_1_378' title='bbox 2035 2114 2054 2149; x_wconf 76' lang='grc' dir='ltr'><strong>ι</strong></span> <span class='ocrx_word' id='word_1_379' title='bbox 2095 2093 2265 2150; x_wconf 87' lang='lat' dir='ltr'><strong>Nemo</strong></span> <span class='ocrx_word' id='word_1_380' title='bbox 2312 2094 2553 2165; x_wconf 87' lang='lat' dir='ltr'><strong>seipsum</strong></span> <span class='ocrx_word' id='word_1_381' title='bbox 2581 2095 2832 2160; x_wconf 89' lang='lat' dir='ltr'><strong>seducat,</strong></span> <span class='ocrx_word' id='word_1_382' title='bbox 2858 2107 3035 2164; x_wconf 86' lang='lat' dir='ltr'><strong>neque</strong></span> <span class='ocrx_word' id='word_1_383' title='bbox 3064 2100 3323 2165; x_wconf 87' lang='lat' dir='ltr'><strong>tanquam</strong></span> <span class='ocrx_word' id='word_1_384' title='bbox 3367 2092 3524 2151; x_wconf 85' lang='lat' dir='ltr'><strong>inve-</strong></span> 
     </span>
    </p>
   </div>
   <div class='ocr_carea' id='block_1_52' title="bbox 1962 2185 3525 2258">
    <p class='ocr_par' dir='ltr' id='par_1_52' title="bbox 1962 2185 3525 2258">
     <span class='ocr_line' id='line_1_52' title="bbox 1962 2185 3525 2258; baseline 0 -18"><span class='ocrx_word' id='word_1_385' title='bbox 1962 2203 1986 2240; x_wconf 73' lang='lat' dir='ltr'><strong>r</strong></span> <span class='ocrx_word' id='word_1_386' title='bbox 2020 2188 2197 2243; x_wconf 87' lang='lat' dir='ltr'><strong>nerit:</strong></span> <span class='ocrx_word' id='word_1_387' title='bbox 2228 2202 2403 2258; x_wconf 88' lang='lat' dir='ltr'><strong>neque</strong></span> <span class='ocrx_word' id='word_1_388' title='bbox 2435 2187 2579 2242; x_wconf 86' lang='lat' dir='ltr'><strong>enim</strong></span> <span class='ocrx_word' id='word_1_389' title='bbox 2604 2186 2691 2242; x_wconf 88' lang='lat' dir='ltr'><strong>fas</strong></span> <span class='ocrx_word' id='word_1_390' title='bbox 2719 2195 2804 2242; x_wconf 88' lang='lat' dir='ltr'><strong>est</strong></span> <span class='ocrx_word' id='word_1_391' title='bbox 2840 2187 2891 2241; x_wconf 92' lang='lat' dir='ltr'><strong>ei</strong></span> <span class='ocrx_word' id='word_1_392' title='bbox 2920 2187 3015 2257; x_wconf 86' lang='lat' dir='ltr'><strong>qui</strong></span> <span class='ocrx_word' id='word_1_393' title='bbox 3055 2187 3261 2244; x_wconf 86' lang='lat' dir='ltr'><strong>invenit</strong></span> <span class='ocrx_word' id='word_1_394' title='bbox 3294 2185 3525 2242; x_wconf 90' lang='lat' dir='ltr'><strong>lucrifa-</strong></span> 
     </span>
    </p>
   </div>
   <div class='ocr_carea' id='block_1_53' title="bbox 1960 2275 3522 2348">
    <p class='ocr_par' dir='ltr' id='par_1_53' title="bbox 1960 2275 3522 2348">
     <span class='ocr_line' id='line_1_53' title="bbox 1960 2275 3522 2348; baseline 0.001 -18"><span class='ocrx_word' id='word_1_395' title='bbox 1960 2296 1984 2330; x_wconf 79' lang='grc' dir='ltr'><strong>ι</strong></span> <span class='ocrx_word' id='word_1_396' title='bbox 2015 2292 2158 2335; x_wconf 85' lang='lat' dir='ltr'><strong>cere.</strong></span> <span class='ocrx_word' id='word_1_397' title='bbox 2210 2276 2354 2332; x_wconf 82' lang='lat' dir='ltr'><strong>Dixit</strong></span> <span class='ocrx_word' id='word_1_398' title='bbox 2395 2279 2540 2333; x_wconf 87' lang='lat' dir='ltr'><strong>enim</strong></span> <span class='ocrx_word' id='word_1_399' title='bbox 2577 2276 3061 2335; x_wconf 88' lang='lat' dir='ltr'><strong>Deuterouomium</strong></span> <span class='ocrx_word' id='word_1_400' title='bbox 3108 2297 3123 2334; x_wconf 88' lang='lat'><strong>:</strong></span> <span class='ocrx_word' id='word_1_401' title='bbox 3173 2275 3291 2333; x_wconf 83' lang='lat' dir='ltr'><strong>Viso</strong></span> <span class='ocrx_word' id='word_1_402' title='bbox 3335 2278 3522 2348; x_wconf 89' lang='lat' dir='ltr'><strong>fratris</strong></span> 
     </span>
    </p>
   </div>
   <div class='ocr_carea' id='block_1_54' title="bbox 1964 2370 3522 2441">
    <p class='ocr_par' dir='ltr' id='par_1_54' title="bbox 1964 2370 3522 2441">
     <span class='ocr_line' id='line_1_54' title="bbox 1964 2370 3522 2441; baseline -0.001 -16"><span class='ocrx_word' id='word_1_403' title='bbox 1964 2389 1984 2425; x_wconf 83' lang='lat' dir='ltr'><strong>t</strong></span> <span class='ocrx_word' id='word_1_404' title='bbox 2020 2373 2098 2425; x_wconf 86' lang='lat' dir='ltr'><strong>tui</strong></span> <span class='ocrx_word' id='word_1_405' title='bbox 2121 2371 2306 2436; x_wconf 79' lang='lat' dir='ltr'><strong>vitulo,</strong></span> <span class='ocrx_word' id='word_1_406' title='bbox 2323 2379 2373 2425; x_wconf 88' lang='lat' dir='ltr'><strong>et</strong></span> <span class='ocrx_word' id='word_1_407' title='bbox 2395 2385 2485 2425; x_wconf 81' lang='lat' dir='ltr'><strong>ove</strong></span> <span class='ocrx_word' id='word_1_408' title='bbox 2499 2382 2709 2426; x_wconf 85' lang='lat' dir='ltr'><strong>errante</strong></span> <span class='ocrx_word' id='word_1_409' title='bbox 2726 2371 2781 2425; x_wconf 85' lang='lat' dir='ltr'><strong>in</strong></span> <span class='ocrx_word' id='word_1_410' title='bbox 2806 2372 2918 2438; x_wconf 83' lang='lat' dir='ltr'><strong>via,</strong></span> <span class='ocrx_word' id='word_1_411' title='bbox 2940 2388 3003 2426; x_wconf 88' lang='lat' dir='ltr'><strong>ea</strong></span> <span class='ocrx_word' id='word_1_412' title='bbox 3020 2387 3081 2426; x_wconf 89' lang='lat' dir='ltr'><strong>ne</strong></span> <span class='ocrx_word' id='word_1_413' title='bbox 3100 2370 3522 2441; x_wconf 73' lang='lat' dir='ltr'><strong>despexeris,sed</strong></span> 
     </span>
    </p>
   </div>
   <div class='ocr_carea' id='block_1_55' title="bbox 1963 2462 3523 2533">
    <p class='ocr_par' dir='ltr' id='par_1_55' title="bbox 1963 2462 3523 2533">
     <span class='ocr_line' id='line_1_55' title="bbox 1963 2462 3523 2533; baseline -0.003 -15"><span class='ocrx_word' id='word_1_414' title='bbox 1963 2482 1982 2518; x_wconf 78' lang='grc' dir='ltr'><strong>ι</strong></span> <span class='ocrx_word' id='word_1_415' title='bbox 2015 2481 2076 2519; x_wconf 88' lang='lat' dir='ltr'><strong>ea</strong></span> <span class='ocrx_word' id='word_1_416' title='bbox 2104 2463 2430 2518; x_wconf 87' lang='lat' dir='ltr'><strong>restitutione</strong></span> <span class='ocrx_word' id='word_1_417' title='bbox 2470 2462 2717 2519; x_wconf 85' lang='lat' dir='ltr'><strong>restitues</strong></span> <span class='ocrx_word' id='word_1_418' title='bbox 2743 2464 2904 2533; x_wconf 82' lang='lat' dir='ltr'><strong>fratri</strong></span> <span class='ocrx_word' id='word_1_419' title='bbox 2931 2472 3040 2520; x_wconf 73' lang='lat' dir='ltr'><strong>tuo.</strong></span> <span class='ocrx_word' id='word_1_420' title='bbox 3068 2462 3166 2520; x_wconf 79' lang='lat' dir='ltr'><strong>Sin</strong></span> <span class='ocrx_word' id='word_1_421' title='bbox 3198 2475 3378 2516; x_wconf 86' lang='lat' dir='ltr'><strong>autem</strong></span> <span class='ocrx_word' id='word_1_422' title='bbox 3409 2462 3523 2532; x_wconf 83' lang='lat' dir='ltr'><strong>fra-</strong></span> 
     </span>
    </p>
   </div>
   <div class='ocr_carea' id='block_1_56' title="bbox 1917 2557 3520 2645">
    <p class='ocr_par' dir='ltr' id='par_1_56' title="bbox 1917 2557 3520 2645">
     <span class='ocr_line' id='line_1_56' title="bbox 1917 2557 3520 2645; baseline -0.001 -35"><span class='ocrx_word' id='word_1_423' title='bbox 1917 2614 1933 2645; x_wconf 56' lang='grc'><strong>.</strong></span> <span class='ocrx_word' id='word_1_424' title='bbox 1962 2574 1983 2610; x_wconf 76' lang='grc' dir='ltr'><strong>ι</strong></span> <span class='ocrx_word' id='word_1_425' title='bbox 2022 2566 2100 2610; x_wconf 88' lang='lat' dir='ltr'><strong>ter</strong></span> <span class='ocrx_word' id='word_1_426' title='bbox 2125 2566 2244 2613; x_wconf 81' lang='lat' dir='ltr'><strong>tuus</strong></span> <span class='ocrx_word' id='word_1_427' title='bbox 2266 2557 2336 2612; x_wconf 87' lang='lat' dir='ltr'><strong>ad</strong></span> <span class='ocrx_word' id='word_1_428' title='bbox 2362 2568 2410 2612; x_wconf 89' lang='lat' dir='ltr'><strong>te</strong></span> <span class='ocrx_word' id='word_1_429' title='bbox 2424 2574 2529 2613; x_wconf 85' lang='lat' dir='ltr'><strong>non</strong></span> <span class='ocrx_word' id='word_1_430' title='bbox 2552 2558 2897 2629; x_wconf 75' lang='lat' dir='ltr'><strong>approximet,</strong></span> <span class='ocrx_word' id='word_1_431' title='bbox 2921 2572 3081 2628; x_wconf 83' lang='lat' dir='ltr'><strong>neque</strong></span> <span class='ocrx_word' id='word_1_432' title='bbox 3098 2557 3271 2626; x_wconf 82' lang='lat' dir='ltr'><strong>ipsum</strong></span> <span class='ocrx_word' id='word_1_433' title='bbox 3295 2557 3520 2621; x_wconf 77' lang='lat' dir='ltr'><strong>noveris,</strong></span> 
     </span>
    </p>
   </div>
   <div class='ocr_carea' id='block_1_57' title="bbox 1961 2649 3520 2721">
    <p class='ocr_par' dir='ltr' id='par_1_57' title="bbox 1961 2649 3520 2721">
     <span class='ocr_line' id='line_1_57' title="bbox 1961 2649 3520 2721; baseline 0.001 -20"><span class='ocrx_word' id='word_1_434' title='bbox 1961 2666 1983 2702; x_wconf 74' lang='grc' dir='ltr'><strong>ι</strong></span> <span class='ocrx_word' id='word_1_435' title='bbox 2021 2664 2168 2721; x_wconf 85' lang='lat' dir='ltr'><strong>coges</strong></span> <span class='ocrx_word' id='word_1_436' title='bbox 2216 2665 2279 2704; x_wconf 87' lang='lat' dir='ltr'><strong>ea</strong></span> <span class='ocrx_word' id='word_1_437' title='bbox 2320 2659 2371 2705; x_wconf 92' lang='lat' dir='ltr'><strong>et</strong></span> <span class='ocrx_word' id='word_1_438' title='bbox 2400 2653 2538 2720; x_wconf 84' lang='lat' dir='ltr'><strong>apud</strong></span> <span class='ocrx_word' id='word_1_439' title='bbox 2579 2661 2625 2705; x_wconf 89' lang='lat' dir='ltr'><strong>te</strong></span> <span class='ocrx_word' id='word_1_440' title='bbox 2660 2657 2837 2715; x_wconf 74' lang='lat' dir='ltr'><strong>erant,</strong></span> <span class='ocrx_word' id='word_1_441' title='bbox 2884 2649 3045 2703; x_wconf 88' lang='lat' dir='ltr'><strong>donec</strong></span> <span class='ocrx_word' id='word_1_442' title='bbox 3087 2665 3151 2703; x_wconf 88' lang='lat' dir='ltr'><strong>ea</strong></span> <span class='ocrx_word' id='word_1_443' title='bbox 3194 2649 3360 2720; x_wconf 83' lang='lat' dir='ltr'><strong>frater</strong></span> <span class='ocrx_word' id='word_1_444' title='bbox 3401 2658 3520 2702; x_wconf 80' lang='lat' dir='ltr'><strong>tuus</strong></span> 
     </span>
    </p>
   </div>
   <div class='ocr_carea' id='block_1_58' title="bbox 1962 2740 3521 2811">
    <p class='ocr_par' dir='ltr' id='par_1_58' title="bbox 1962 2740 3521 2811">
     <span class='ocr_line' id='line_1_58' title="bbox 1962 2740 3521 2811; baseline 0.001 -19"><span class='ocrx_word' id='word_1_445' title='bbox 1962 2757 1982 2792; x_wconf 78' lang='grc' dir='ltr'><strong>ι</strong></span> <span class='ocrx_word' id='word_1_446' title='bbox 2017 2740 2304 2810; x_wconf 74' lang='lat' dir='ltr'><strong>qmsierit,</strong></span> <span class='ocrx_word' id='word_1_447' title='bbox 2330 2752 2378 2796; x_wconf 88' lang='lat' dir='ltr'><strong>et</strong></span> <span class='ocrx_word' id='word_1_448' title='bbox 2408 2744 2590 2797; x_wconf 84' lang='lat' dir='ltr'><strong>reddes</strong></span> <span class='ocrx_word' id='word_1_449' title='bbox 2617 2757 2715 2806; x_wconf 87' lang='lat' dir='ltr'><strong>ea;</strong></span> <span class='ocrx_word' id='word_1_450' title='bbox 2740 2749 2791 2794; x_wconf 90' lang='lat' dir='ltr'><strong>et</strong></span> <span class='ocrx_word' id='word_1_451' title='bbox 2816 2743 2892 2794; x_wconf 84' lang='lat' dir='ltr'><strong>sic</strong></span> <span class='ocrx_word' id='word_1_452' title='bbox 2919 2740 3081 2810; x_wconf 86' lang='lat' dir='ltr'><strong>facies</strong></span> <span class='ocrx_word' id='word_1_453' title='bbox 3112 2741 3177 2797; x_wconf 88' lang='lat' dir='ltr'><strong>de</strong></span> <span class='ocrx_word' id='word_1_454' title='bbox 3203 2740 3316 2811; x_wconf 86' lang='lat' dir='ltr'><strong>ejus</strong></span> <span class='ocrx_word' id='word_1_455' title='bbox 3347 2741 3521 2808; x_wconf 71' lang='lat' dir='ltr'><strong>asino,</strong></span> 
     </span>
    </p>
   </div>
   <div class='ocr_carea' id='block_1_59' title="bbox 1963 2832 3521 2904">
    <p class='ocr_par' dir='ltr' id='par_1_59' title="bbox 1963 2832 3521 2904">
     <span class='ocr_line' id='line_1_59' title="bbox 1963 2832 3521 2904; baseline 0.001 -18"><span class='ocrx_word' id='word_1_456' title='bbox 1963 2850 1982 2886; x_wconf 83' lang='lat' dir='ltr'><strong>t</strong></span> <span class='ocrx_word' id='word_1_457' title='bbox 2013 2843 2063 2888; x_wconf 90' lang='lat' dir='ltr'><strong>et</strong></span> <span class='ocrx_word' id='word_1_458' title='bbox 2087 2834 2165 2891; x_wconf 80' lang='lat' dir='ltr'><strong>sic</strong></span> <span class='ocrx_word' id='word_1_459' title='bbox 2194 2835 2358 2903; x_wconf 83' lang='lat' dir='ltr'><strong>facies</strong></span> <span class='ocrx_word' id='word_1_460' title='bbox 2379 2834 2443 2889; x_wconf 89' lang='lat' dir='ltr'><strong>de</strong></span> <span class='ocrx_word' id='word_1_461' title='bbox 2464 2834 2577 2902; x_wconf 83' lang='lat' dir='ltr'><strong>ejus</strong></span> <span class='ocrx_word' id='word_1_462' title='bbox 2598 2844 2770 2899; x_wconf 75' lang='lat' dir='ltr'><strong>veste;</strong></span> <span class='ocrx_word' id='word_1_463' title='bbox 2794 2843 2843 2888; x_wconf 90' lang='lat' dir='ltr'><strong>et</strong></span> <span class='ocrx_word' id='word_1_464' title='bbox 2866 2835 2944 2888; x_wconf 85' lang='lat' dir='ltr'><strong>sic</strong></span> <span class='ocrx_word' id='word_1_465' title='bbox 2968 2832 3132 2902; x_wconf 84' lang='lat' dir='ltr'><strong>facies</strong></span> <span class='ocrx_word' id='word_1_466' title='bbox 3164 2843 3283 2904; x_wconf 82' lang='lat' dir='ltr'><strong>post</strong></span> <span class='ocrx_word' id='word_1_467' title='bbox 3315 2849 3521 2889; x_wconf 76' lang='lat' dir='ltr'><strong>omnem</strong></span> 
     </span>
    </p>
   </div>
   <div class='ocr_carea' id='block_1_60' title="bbox 1959 2924 3521 2996">
    <p class='ocr_par' dir='ltr' id='par_1_60' title="bbox 1959 2924 3521 2996">
     <span class='ocr_line' id='line_1_60' title="bbox 1959 2924 3521 2996; baseline 0.004 -19"><span class='ocrx_word' id='word_1_468' title='bbox 1959 2942 1980 2976; x_wconf 75' lang='grc' dir='ltr'><strong>ι</strong></span> <span class='ocrx_word' id='word_1_469' title='bbox 2017 2924 2359 2995; x_wconf 83' lang='lat' dir='ltr'><strong>perditionem</strong></span> <span class='ocrx_word' id='word_1_470' title='bbox 2400 2925 2612 2995; x_wconf 85' lang='lat' dir='ltr'><strong>fratris,</strong></span> <span class='ocrx_word' id='word_1_471' title='bbox 2659 2939 2978 2995; x_wconf 74' lang='lat' dir='ltr'><strong>quaecunque</strong></span> <span class='ocrx_word' id='word_1_472' title='bbox 3019 2926 3120 2994; x_wconf 85' lang='lat' dir='ltr'><strong>ipsi</strong></span> <span class='ocrx_word' id='word_1_473' title='bbox 3152 2925 3435 2996; x_wconf 80' lang='lat' dir='ltr'><strong>perierint,</strong></span> <span class='ocrx_word' id='word_1_474' title='bbox 3467 2937 3521 2983; x_wconf 78' lang='lat' dir='ltr'><strong>et</strong></span> 
     </span>
    </p>
   </div>
   <div class='ocr_carea' id='block_1_61' title="bbox 1959 3012 3521 3076">
    <p class='ocr_par' dir='ltr' id='par_1_61' title="bbox 1959 3012 3521 3076">
     <span class='ocr_line' id='line_1_61' title="bbox 1959 3012 3521 3076; baseline 0.004 -7"><span class='ocrx_word' id='word_1_475' title='bbox 1959 3035 1979 3069; x_wconf 76' lang='grc' dir='ltr'><strong>ι</strong></span> <span class='ocrx_word' id='word_1_476' title='bbox 2018 3026 2076 3071; x_wconf 83' lang='grc' dir='ltr'><strong>ιιι</strong></span> <span class='ocrx_word' id='word_1_477' title='bbox 2100 3032 2165 3072; x_wconf 85' lang='lat' dir='ltr'><strong>ea</strong></span> <span class='ocrx_word' id='word_1_478' title='bbox 2207 3014 2463 3072; x_wconf 83' lang='lat' dir='ltr'><strong>inveneris</strong></span> <span class='ocrx_word' id='word_1_479' title='bbox 2484 3018 2549 3072; x_wconf 72' lang='grc' dir='ltr'><strong>ι’.</strong></span> <span class='ocrx_word' id='word_1_480' title='bbox 2574 3012 2699 3071; x_wconf 72' lang='lat' dir='ltr'><strong>Haec</strong></span> <span class='ocrx_word' id='word_1_481' title='bbox 2720 3015 3220 3074; x_wconf 85' lang='lat' dir='ltr'><strong>Deuterouomium.</strong></span> <span class='ocrx_word' id='word_1_482' title='bbox 3242 3018 3301 3072; x_wconf 85' lang='lat' dir='ltr'><strong>In</strong></span> <span class='ocrx_word' id='word_1_483' title='bbox 3332 3017 3521 3076; x_wconf 89' lang='lat' dir='ltr'><strong>Exodo</strong></span> 
     </span>
    </p>
   </div>
   <div class='ocr_carea' id='block_1_62' title="bbox 279 3103 1855 3206">
    <p class='ocr_par' dir='ltr' id='par_1_62' title="bbox 279 3103 1851 3190">
     <span class='ocr_line' id='line_1_62' title="bbox 279 3103 1851 3190; baseline 0.002 -29"><span class='ocrx_word' id='word_1_484' title='bbox 279 3125 306 3161; x_wconf 73' lang='grc' dir='ltr'><strong>ο</strong></span> <span class='ocrx_word' id='word_1_485' title='bbox 340 3120 474 3173; x_wconf 77' lang='grc' dir='ltr'>σεις</span> <span class='ocrx_word' id='word_1_486' title='bbox 517 3104 666 3177; x_wconf 82' lang='grc' dir='ltr'>μετὰ</span> <span class='ocrx_word' id='word_1_487' title='bbox 711 3103 919 3161; x_wconf 78' lang='grc' dir='ltr'><strong>πᾶσαν</strong></span> <span class='ocrx_word' id='word_1_488' title='bbox 947 3106 1055 3177; x_wconf 76' lang='lat'><strong>(55)</strong></span> <span class='ocrx_word' id='word_1_489' title='bbox 1103 3106 1408 3162; x_wconf 72' lang='grc' dir='ltr'><strong>ἀπώλειαν</strong></span> <span class='ocrx_word' id='word_1_490' title='bbox 1433 3108 1540 3190; x_wconf 79' lang='grc' dir='ltr'><strong>τοῦ</strong></span> <span class='ocrx_word' id='word_1_491' title='bbox 1582 3108 1851 3179; x_wconf 69' lang='grc' dir='ltr'>ἀδελφοῦ</span> 
     </span>
    </p>
   </div>
   <div class='ocr_carea' id='block_1_63' title="bbox 1959 3103 3520 3206">
    <p class='ocr_par' dir='ltr' id='par_1_63' title="bbox 1960 3106 3520 3177">
     <span class='ocr_line' id='line_1_63' title="bbox 1960 3106 3520 3177; baseline 0.004 -17"><span class='ocrx_word' id='word_1_492' title='bbox 1960 3126 1980 3160; x_wconf 72' lang='grc' dir='ltr'><strong>ι</strong></span> <span class='ocrx_word' id='word_1_493' title='bbox 2017 3116 2223 3174; x_wconf 84' lang='lat' dir='ltr'><strong>autem,</strong></span> <span class='ocrx_word' id='word_1_494' title='bbox 2259 3122 2368 3163; x_wconf 87' lang='lat' dir='ltr'><strong>non</strong></span> <span class='ocrx_word' id='word_1_495' title='bbox 2402 3107 2578 3163; x_wconf 87' lang='lat' dir='ltr'><strong>solum</strong></span> <span class='ocrx_word' id='word_1_496' title='bbox 2616 3108 2662 3162; x_wconf 90' lang='lat' dir='ltr'><strong>si</strong></span> <span class='ocrx_word' id='word_1_497' title='bbox 2689 3107 2816 3177; x_wconf 90' lang='lat' dir='ltr'><strong>quis</strong></span> <span class='ocrx_word' id='word_1_498' title='bbox 2849 3122 2938 3163; x_wconf 87' lang='lat' dir='ltr'><strong>res</strong></span> <span class='ocrx_word' id='word_1_499' title='bbox 2981 3106 3189 3176; x_wconf 84' lang='lat' dir='ltr'><strong>fratris,</strong></span> <span class='ocrx_word' id='word_1_500' title='bbox 3225 3110 3321 3166; x_wconf 87' lang='lat' dir='ltr'><strong>sed</strong></span> <span class='ocrx_word' id='word_1_501' title='bbox 3353 3111 3520 3166; x_wconf 88' lang='lat' dir='ltr'><strong>etiam</strong></span> 
     </span>
    </p>
   </div>
   <div class='ocr_carea' id='block_1_64' title="bbox 280 3196 1855 3273">
    <p class='ocr_par' dir='ltr' id='par_1_64' title="bbox 280 3196 1853 3270">
     <span class='ocr_line' id='line_1_64' title="bbox 280 3196 1853 3270; baseline 0.001 -17"><span class='ocrx_word' id='word_1_502' title='bbox 280 3217 304 3253; x_wconf 69' lang='grc' dir='ltr'><strong>ι</strong></span> <span class='ocrx_word' id='word_1_503' title='bbox 343 3212 483 3264; x_wconf 86' lang='grc' dir='ltr'>σου,</span> <span class='ocrx_word' id='word_1_504' title='bbox 516 3196 633 3253; x_wconf 85' lang='grc' dir='ltr'>ὅσα</span> <span class='ocrx_word' id='word_1_505' title='bbox 660 3196 737 3253; x_wconf 79' lang='grc' dir='ltr'>ἂν</span> <span class='ocrx_word' id='word_1_506' title='bbox 779 3199 1079 3267; x_wconf 72' lang='grc' dir='ltr'>ἀπόληται</span> <span class='ocrx_word' id='word_1_507' title='bbox 1113 3198 1248 3269; x_wconf 81' lang='grc' dir='ltr'><strong>παρ’</strong></span> <span class='ocrx_word' id='word_1_508' title='bbox 1290 3199 1498 3265; x_wconf 84' lang='grc' dir='ltr'>αὐτοῦ,</span> <span class='ocrx_word' id='word_1_509' title='bbox 1542 3200 1641 3255; x_wconf 75' lang='grc' dir='ltr'><strong>καί</strong></span> <span class='ocrx_word' id='word_1_510' title='bbox 1684 3200 1853 3270; x_wconf 77' lang='grc' dir='ltr'>εὑρή-</span> 
     </span>
    </p>
   </div>
   <div class='ocr_carea' id='block_1_65' title="bbox 1959 3196 3517 3273">
    <p class='ocr_par' dir='ltr' id='par_1_65' title="bbox 1959 3196 3517 3273">
     <span class='ocr_line' id='line_1_65' title="bbox 1959 3196 3517 3273; baseline 0.003 -22"><span class='ocrx_word' id='word_1_511' title='bbox 1959 3217 1978 3251; x_wconf 79' lang='grc' dir='ltr'><strong>ι</strong></span> <span class='ocrx_word' id='word_1_512' title='bbox 2016 3200 2221 3256; x_wconf 91' lang='lat' dir='ltr'><strong>inimici</strong></span> <span class='ocrx_word' id='word_1_513' title='bbox 2272 3201 2558 3267; x_wconf 84' lang='lat' dir='ltr'><strong>invenerit,</strong></span> <span class='ocrx_word' id='word_1_514' title='bbox 2604 3196 2977 3265; x_wconf 85' lang='lat' dir='ltr'><strong>Restitutione,</strong></span> <span class='ocrx_word' id='word_1_515' title='bbox 3024 3200 3224 3273; x_wconf 86' lang='lat' dir='ltr'><strong>inquit,</strong></span> <span class='ocrx_word' id='word_1_516' title='bbox 3272 3203 3517 3257; x_wconf 85' lang='lat' dir='ltr'><strong>restitues</strong></span> 
     </span>
    </p>
   </div>
   <div class='ocr_carea' id='block_1_66' title="bbox 280 3290 1848 3364">
    <p class='ocr_par' dir='ltr' id='par_1_66' title="bbox 280 3290 1848 3364">
     <span class='ocr_line' id='line_1_66' title="bbox 280 3290 1848 3364; baseline -0.001 -18"><span class='ocrx_word' id='word_1_517' title='bbox 280 3311 306 3346; x_wconf 76' lang='grc' dir='ltr'><strong>ι</strong></span> <span class='ocrx_word' id='word_1_518' title='bbox 340 3305 467 3362; x_wconf 74' lang='lat' dir='ltr'><strong>dm:</strong></span> <span class='ocrx_word' id='word_1_519' title='bbox 510 3291 677 3349; x_wconf 86' lang='grc' dir='ltr'><strong>αὑτά.</strong></span> <span class='ocrx_word' id='word_1_520' title='bbox 730 3290 913 3345; x_wconf 89' lang='grc' dir='ltr'>Ταῦτα</span> <span class='ocrx_word' id='word_1_521' title='bbox 957 3291 1018 3344; x_wconf 83' lang='grc' dir='ltr'><strong>τὸ</strong></span> <span class='ocrx_word' id='word_1_522' title='bbox 1061 3292 1499 3364; x_wconf 83' lang='grc' dir='ltr'>Δευτερονόμιον.</span> <span class='ocrx_word' id='word_1_523' title='bbox 1563 3291 1648 3346; x_wconf 85' lang='grc' dir='ltr'>Ἑν</span> <span class='ocrx_word' id='word_1_524' title='bbox 1693 3292 1748 3348; x_wconf 74' lang='grc' dir='ltr'>δὲ</span> <span class='ocrx_word' id='word_1_525' title='bbox 1781 3295 1848 3364; x_wconf 78' lang='grc' dir='ltr'>τῇ</span> 
     </span>
    </p>
   </div>
   <div class='ocr_carea' id='block_1_67' title="bbox 279 3380 1848 3456">
    <p class='ocr_par' dir='ltr' id='par_1_67' title="bbox 279 3380 1848 3456">
     <span class='ocr_line' id='line_1_67' title="bbox 279 3380 1848 3456; baseline 0 -19"><span class='ocrx_word' id='word_1_526' title='bbox 279 3402 303 3437; x_wconf 74' lang='lat' dir='ltr'><strong>e</strong></span> <span class='ocrx_word' id='word_1_527' title='bbox 359 3382 575 3455; x_wconf 79' lang='grc' dir='ltr'>Ἐξόδφ,</span> <span class='ocrx_word' id='word_1_528' title='bbox 608 3382 669 3436; x_wconf 79' lang='grc' dir='ltr'>οὐ</span> <span class='ocrx_word' id='word_1_529' title='bbox 704 3383 864 3456; x_wconf 87' lang='grc' dir='ltr'>μόνον</span> <span class='ocrx_word' id='word_1_530' title='bbox 909 3383 1003 3437; x_wconf 75' lang='grc' dir='ltr'>ἐὰν</span> <span class='ocrx_word' id='word_1_531' title='bbox 1044 3383 1114 3437; x_wconf 87' lang='grc' dir='ltr'><strong>τά</strong></span> <span class='ocrx_word' id='word_1_532' title='bbox 1158 3382 1251 3439; x_wconf 88' lang='grc' dir='ltr'><strong>τοῦ</strong></span> <span class='ocrx_word' id='word_1_533' title='bbox 1295 3380 1523 3453; x_wconf 83' lang='grc' dir='ltr'>ἀδελφοῦ</span> <span class='ocrx_word' id='word_1_534' title='bbox 1565 3400 1649 3447; x_wconf 89' lang='grc' dir='ltr'><strong>τις</strong></span> <span class='ocrx_word' id='word_1_535' title='bbox 1680 3382 1848 3456; x_wconf 75' lang='grc' dir='ltr'>εῦρῃ,</span> 
     </span>
    </p>
   </div>
   <div class='ocr_carea' id='block_1_68' title="bbox 281 3472 1852 3547">
    <p class='ocr_par' dir='ltr' id='par_1_68' title="bbox 281 3472 1852 3547">
     <span class='ocr_line' id='line_1_68' title="bbox 281 3472 1852 3547; baseline 0.002 -20"><span class='ocrx_word' id='word_1_536' title='bbox 281 3494 303 3527; x_wconf 76' lang='lat' dir='ltr'><strong>r</strong></span> <span class='ocrx_word' id='word_1_537' title='bbox 346 3473 485 3529; x_wconf 87' lang='grc' dir='ltr'><strong>ἀλλά</strong></span> <span class='ocrx_word' id='word_1_538' title='bbox 511 3473 603 3529; x_wconf 80' lang='grc' dir='ltr'><strong>καὶ</strong></span> <span class='ocrx_word' id='word_1_539' title='bbox 635 3472 854 3545; x_wconf 77' lang='grc' dir='ltr'><strong>ἐχθροῦ,</strong></span> <span class='ocrx_word' id='word_1_540' title='bbox 898 3475 1290 3547; x_wconf 71' lang='grc' dir='ltr'>Ἀποστροφῇ,</span> <span class='ocrx_word' id='word_1_541' title='bbox 1328 3482 1511 3547; x_wconf 81' lang='grc' dir='ltr'>φησὶν,</span> <span class='ocrx_word' id='word_1_542' title='bbox 1563 3474 1852 3545; x_wconf 69' lang='grc' dir='ltr'>ἀποστρέ-</span> 
     </span>
    </p>
   </div>
   <div class='ocr_carea' id='block_1_69' title="bbox 281 3565 1850 3637">
    <p class='ocr_par' dir='ltr' id='par_1_69' title="bbox 281 3565 1850 3637">
     <span class='ocr_line' id='line_1_69' title="bbox 281 3565 1850 3637; baseline 0.001 -18"><span class='ocrx_word' id='word_1_543' title='bbox 281 3584 304 3619; x_wconf 74' lang='grc' dir='ltr'><strong>ι</strong></span> <span class='ocrx_word' id='word_1_544' title='bbox 347 3568 487 3636; x_wconf 48' lang='lat' dir='ltr'><strong>irate</strong></span> <span class='ocrx_word' id='word_1_545' title='bbox 518 3565 668 3621; x_wconf 79' lang='grc' dir='ltr'><strong>αὐτὰ</strong></span> <span class='ocrx_word' id='word_1_546' title='bbox 702 3566 789 3633; x_wconf 71' lang='grc' dir='ltr'>εἰς</span> <span class='ocrx_word' id='word_1_547' title='bbox 815 3566 922 3620; x_wconf 77' lang='grc' dir='ltr'><strong>τὸν</strong></span> <span class='ocrx_word' id='word_1_548' title='bbox 956 3567 1125 3621; x_wconf 78' lang='grc' dir='ltr'>οἷκον</span> <span class='ocrx_word' id='word_1_549' title='bbox 1159 3567 1265 3622; x_wconf 85' lang='grc' dir='ltr'><strong>τοῦ</strong></span> <span class='ocrx_word' id='word_1_550' title='bbox 1300 3568 1506 3637; x_wconf 77' lang='grc' dir='ltr'>κυρίου</span> <span class='ocrx_word' id='word_1_551' title='bbox 1531 3566 1745 3622; x_wconf 79' lang='grc' dir='ltr'><strong>αὐτῶν.</strong></span> <span class='ocrx_word' id='word_1_552' title='bbox 1786 3567 1850 3621; x_wconf 76' lang='lat' dir='ltr'><strong>Et</strong></span> 
     </span>
    </p>
   </div>
   <div class='ocr_carea' id='block_1_70' title="bbox 281 3657 1851 3733">
    <p class='ocr_par' dir='ltr' id='par_1_70' title="bbox 281 3657 1851 3733">
     <span class='ocr_line' id='line_1_70' title="bbox 281 3657 1851 3733; baseline -0.001 -18"><span class='ocrx_word' id='word_1_553' title='bbox 281 3678 306 3714; x_wconf 73' lang='grc' dir='ltr'><strong>ε</strong></span> <span class='ocrx_word' id='word_1_554' title='bbox 341 3659 401 3715; x_wconf 84' lang='grc' dir='ltr'><strong>δέ</strong></span> <span class='ocrx_word' id='word_1_555' title='bbox 434 3658 492 3713; x_wconf 86' lang='grc' dir='ltr'><strong>ἐν</strong></span> <span class='ocrx_word' id='word_1_556' title='bbox 521 3659 708 3733; x_wconf 71' lang='grc' dir='ltr'>εἰρήνῃ</span> <span class='ocrx_word' id='word_1_557' title='bbox 740 3657 1107 3732; x_wconf 80' lang='grc' dir='ltr'>ρᾳθυμοῦντος</span> <span class='ocrx_word' id='word_1_558' title='bbox 1144 3661 1237 3715; x_wconf 72' lang='grc' dir='ltr'><strong>καὶ</strong></span> <span class='ocrx_word' id='word_1_559' title='bbox 1268 3659 1580 3732; x_wconf 81' lang='grc' dir='ltr'>τρυφῶντος</span> <span class='ocrx_word' id='word_1_560' title='bbox 1618 3661 1712 3713; x_wconf 79' lang='grc' dir='ltr'>καὶ</span> <span class='ocrx_word' id='word_1_561' title='bbox 1742 3659 1851 3713; x_wconf 91' lang='grc' dir='ltr'><strong>τῶν</strong></span> 
     </span>
    </p>
   </div>
   <div class='ocr_carea' id='block_1_71' title="bbox 282 3751 1850 3826">
    <p class='ocr_par' dir='ltr' id='par_1_71' title="bbox 282 3751 1850 3826">
     <span class='ocr_line' id='line_1_71' title="bbox 282 3751 1850 3826; baseline -0.001 -19"><span class='ocrx_word' id='word_1_562' title='bbox 282 3772 307 3807; x_wconf 74' lang='grc' dir='ltr'><strong>ε</strong></span> <span class='ocrx_word' id='word_1_563' title='bbox 349 3752 496 3809; x_wconf 85' lang='grc' dir='ltr'>ίδίων</span> <span class='ocrx_word' id='word_1_564' title='bbox 525 3751 851 3826; x_wconf 79' lang='grc' dir='ltr'>ἀμελοῦντος</span> <span class='ocrx_word' id='word_1_565' title='bbox 881 3751 1107 3823; x_wconf 82' lang='grc' dir='ltr'>ἀδελφοῦ</span> <span class='ocrx_word' id='word_1_566' title='bbox 1136 3753 1169 3825; x_wconf 80' lang='grc' dir='ltr'>ἢ</span> <span class='ocrx_word' id='word_1_567' title='bbox 1204 3751 1420 3825; x_wconf 87' lang='grc' dir='ltr'>ἐχθροῦ,</span> <span class='ocrx_word' id='word_1_568' title='bbox 1464 3751 1723 3824; x_wconf 80' lang='grc' dir='ltr'>κερδᾶναι</span> <span class='ocrx_word' id='word_1_569' title='bbox 1749 3753 1850 3806; x_wconf 86' lang='grc' dir='ltr'><strong>οὐκ</strong></span> 
     </span>
    </p>
   </div>
   <div class='ocr_carea' id='block_1_72' title="bbox 283 3844 1849 3917">
    <p class='ocr_par' dir='ltr' id='par_1_72' title="bbox 283 3844 1849 3917">
     <span class='ocr_line' id='line_1_72' title="bbox 283 3844 1849 3917; baseline -0.002 -18"><span class='ocrx_word' id='word_1_570' title='bbox 283 3865 306 3899; x_wconf 74' lang='grc' dir='ltr'><strong>ι</strong></span> <span class='ocrx_word' id='word_1_571' title='bbox 339 3845 567 3912; x_wconf 75' lang='grc' dir='ltr'>ἔξεστιν,</span> <span class='ocrx_word' id='word_1_572' title='bbox 613 3844 765 3917; x_wconf 82' lang='grc' dir='ltr'><strong>πόσῳ</strong></span> <span class='ocrx_word' id='word_1_573' title='bbox 796 3845 998 3917; x_wconf 81' lang='grc' dir='ltr'>μᾶλλον</span> <span class='ocrx_word' id='word_1_574' title='bbox 1025 3845 1410 3917; x_wconf 84' lang='grc' dir='ltr'>δυστυχοῦντος</span> <span class='ocrx_word' id='word_1_575' title='bbox 1436 3847 1529 3898; x_wconf 75' lang='grc' dir='ltr'>καὶ</span> <span class='ocrx_word' id='word_1_576' title='bbox 1558 3844 1849 3914; x_wconf 87' lang='grc' dir='ltr'>πολεμίους</span> 
     </span>
    </p>
   </div>
   <div class='ocr_carea' id='block_1_73' title="bbox 283 3936 1847 4009">
    <p class='ocr_par' dir='ltr' id='par_1_73' title="bbox 283 3936 1847 4009">
     <span class='ocr_line' id='line_1_73' title="bbox 283 3936 1847 4009; baseline -0.003 -17"><span class='ocrx_word' id='word_1_577' title='bbox 283 3957 309 3992; x_wconf 74' lang='grc' dir='ltr'><strong>ε</strong></span> <span class='ocrx_word' id='word_1_578' title='bbox 346 3938 658 4009; x_wconf 81' lang='grc' dir='ltr'>φεύγοντος,</span> <span class='ocrx_word' id='word_1_579' title='bbox 703 3940 798 3993; x_wconf 81' lang='grc' dir='ltr'>καὶ</span> <span class='ocrx_word' id='word_1_580' title='bbox 841 3938 982 3992; x_wconf 85' lang='grc' dir='ltr'>κατὰ</span> <span class='ocrx_word' id='word_1_581' title='bbox 1019 3937 1260 4009; x_wconf 82' lang='grc' dir='ltr'>ἀνάγκην</span> <span class='ocrx_word' id='word_1_582' title='bbox 1299 3937 1366 3991; x_wconf 91' lang='grc' dir='ltr'><strong>τά</strong></span> <span class='ocrx_word' id='word_1_583' title='bbox 1417 3937 1522 3990; x_wconf 81' lang='grc' dir='ltr'>[δια</span> <span class='ocrx_word' id='word_1_584' title='bbox 1556 3936 1847 4006; x_wconf 79' lang='grc' dir='ltr'>ἐγκαταλι-</span> 
     </span>
    </p>
   </div>
   <div class='ocr_carea' id='block_1_74' title="bbox 285 4029 615 4110">
    <p class='ocr_par' dir='ltr' id='par_1_74' title="bbox 285 4029 615 4110">
     <span class='ocr_line' id='line_1_74' title="bbox 285 4029 615 4110; baseline -0.003 -26"><span class='ocrx_word' id='word_1_585' title='bbox 285 4049 310 4084; x_wconf 73' lang='grc' dir='ltr'><strong>ε</strong></span> <span class='ocrx_word' id='word_1_586' title='bbox 346 4029 539 4094; x_wconf 82' lang='grc' dir='ltr'>πόντος</span> <span class='ocrx_word' id='word_1_587' title='bbox 555 4047 570 4110; x_wconf 77' lang='lat'><strong>;</strong></span> <span class='ocrx_word' id='word_1_588' title='bbox 597 4050 615 4083; x_wconf 78' lang='grc' dir='ltr'><strong>ι</strong></span> 
     </span>
    </p>
   </div>
   <div class='ocr_carea' id='block_1_75' title="bbox 353 4117 1850 4195">
    <p class='ocr_par' dir='ltr' id='par_1_75' title="bbox 353 4117 1850 4195">
     <span class='ocr_line' id='line_1_75' title="bbox 353 4117 1850 4195; baseline -0.001 -19"><span class='ocrx_word' id='word_1_589' title='bbox 353 4122 555 4178; x_wconf 79' lang='grc' dir='ltr'><strong>ΒΛΛΣ.</strong></span> <span class='ocrx_word' id='word_1_590' title='bbox 572 4122 733 4188; x_wconf 81' lang='grc' dir='ltr'>Είκδς</span> <span class='ocrx_word' id='word_1_591' title='bbox 756 4117 824 4195; x_wconf 79' lang='grc' dir='ltr'>ἦν</span> <span class='ocrx_word' id='word_1_592' title='bbox 849 4123 1021 4177; x_wconf 73' lang='grc' dir='ltr'>εἰπεῖν</span> <span class='ocrx_word' id='word_1_593' title='bbox 1040 4121 1192 4187; x_wconf 91' lang='grc' dir='ltr'>τινάς</span> <span class='ocrx_word' id='word_1_594' title='bbox 1209 4120 1291 4175; x_wconf 84' lang='grc' dir='ltr'>ὅτι</span> <span class='ocrx_word' id='word_1_595' title='bbox 1307 4119 1416 4191; x_wconf 82' lang='grc' dir='ltr'><strong>Οὐχ</strong></span> <span class='ocrx_word' id='word_1_596' title='bbox 1430 4120 1758 4194; x_wconf 81' lang='grc' dir='ltr'>ήρπάσαμεν</span> <span class='ocrx_word' id='word_1_597' title='bbox 1780 4120 1850 4174; x_wconf 86' lang='grc' dir='ltr'>τὰ</span> 
     </span>
    </p>
   </div>
   <div class='ocr_carea' id='block_1_76' title="bbox 277 4211 1849 4287">
    <p class='ocr_par' dir='ltr' id='par_1_76' title="bbox 277 4211 1849 4287">
     <span class='ocr_line' id='line_1_76' title="bbox 277 4211 1849 4287; baseline -0.004 -16"><span class='ocrx_word' id='word_1_598' title='bbox 277 4216 391 4271; x_wconf 82' lang='grc' dir='ltr'><strong>τῶν</strong></span> <span class='ocrx_word' id='word_1_599' title='bbox 409 4217 501 4287; x_wconf 82' lang='grc' dir='ltr'>αίχ</span> <span class='ocrx_word' id='word_1_600' title='bbox 509 4215 950 4287; x_wconf 85' lang='grc' dir='ltr'>μαλωτισθέντων</span> <span class='ocrx_word' id='word_1_601' title='bbox 965 4213 1227 4284; x_wconf 81' lang='grc' dir='ltr'>ἀδελφῶν,</span> <span class='ocrx_word' id='word_1_602' title='bbox 1246 4212 1357 4267; x_wconf 84' lang='grc' dir='ltr'>ἀλλ’</span> <span class='ocrx_word' id='word_1_603' title='bbox 1371 4211 1601 4284; x_wconf 74' lang='grc' dir='ltr'>εὕρομεν</span> <span class='ocrx_word' id='word_1_604' title='bbox 1609 4212 1745 4266; x_wconf 81' lang='grc' dir='ltr'>αὐτά</span> <span class='ocrx_word' id='word_1_605' title='bbox 1760 4213 1849 4284; x_wconf 79' lang='grc' dir='ltr'>ἐρ-</span> 
     </span>
    </p>
   </div>
   <div class='ocr_carea' id='block_1_77' title="bbox 282 4292 1851 4381">
    <p class='ocr_par' dir='ltr' id='par_1_77' title="bbox 282 4292 1851 4381">
     <span class='ocr_line' id='line_1_77' title="bbox 282 4292 1851 4381; baseline -0.004 -18"><span class='ocrx_word' id='word_1_606' title='bbox 282 4308 545 4381; x_wconf 82' lang='grc' dir='ltr'>ῥιμμένα.</span> <span class='ocrx_word' id='word_1_607' title='bbox 578 4309 673 4362; x_wconf 75' lang='grc' dir='ltr'>καὶ</span> <span class='ocrx_word' id='word_1_608' title='bbox 702 4307 801 4361; x_wconf 81' lang='grc' dir='ltr'><strong>οὐκ</strong></span> <span class='ocrx_word' id='word_1_609' title='bbox 826 4306 1044 4378; x_wconf 75' lang='grc' dir='ltr'>ᾔδειμεν</span> <span class='ocrx_word' id='word_1_610' title='bbox 1069 4292 1229 4359; x_wconf 73' lang='grc' dir='ltr'>τίνων</span> <span class='ocrx_word' id='word_1_611' title='bbox 1250 4299 1409 4375; x_wconf 78' lang='grc' dir='ltr'>ἦσαν,</span> <span class='ocrx_word' id='word_1_612' title='bbox 1440 4305 1533 4358; x_wconf 76' lang='grc' dir='ltr'>καὶ</span> <span class='ocrx_word' id='word_1_613' title='bbox 1561 4302 1648 4359; x_wconf 80' lang='grc' dir='ltr'>διὰ</span> <span class='ocrx_word' id='word_1_614' title='bbox 1693 4303 1851 4358; x_wconf 88' lang='grc' dir='ltr'>τοῦτο</span> 
     </span>
    </p>
   </div>
   <div class='ocr_carea' id='block_1_78' title="bbox 279 4394 1851 4470">
    <p class='ocr_par' dir='ltr' id='par_1_78' title="bbox 279 4394 1851 4470">
     <span class='ocr_line' id='line_1_78' title="bbox 279 4394 1851 4470; baseline -0.004 -15"><span class='ocrx_word' id='word_1_615' title='bbox 279 4399 654 4455; x_wconf 86' lang='grc' dir='ltr'>ἀκαταιτίατοι</span> <span class='ocrx_word' id='word_1_616' title='bbox 681 4397 1028 4470; x_wconf 79' lang='grc' dir='ltr'>νομιζόμεθα.</span> <span class='ocrx_word' id='word_1_617' title='bbox 1060 4397 1205 4468; x_wconf 75' lang='grc' dir='ltr'>Πρὸς</span> <span class='ocrx_word' id='word_1_618' title='bbox 1243 4394 1375 4465; x_wconf 88' lang='grc' dir='ltr'>γοῦν</span> <span class='ocrx_word' id='word_1_619' title='bbox 1400 4395 1621 4459; x_wconf 81' lang='grc' dir='ltr'>τούτους</span> <span class='ocrx_word' id='word_1_620' title='bbox 1651 4396 1851 4449; x_wconf 79' lang='grc' dir='ltr'>ἀντιτί-</span> 
     </span>
    </p>
   </div>
   <div class='ocr_carea' id='block_1_79' title="bbox 280 4487 1850 4565">
    <p class='ocr_par' dir='ltr' id='par_1_79' title="bbox 280 4487 1850 4565">
     <span class='ocr_line' id='line_1_79' title="bbox 280 4487 1850 4565; baseline -0.003 -20"><span class='ocrx_word' id='word_1_621' title='bbox 280 4491 442 4565; x_wconf 80' lang='grc' dir='ltr'>θησιν</span> <span class='ocrx_word' id='word_1_622' title='bbox 471 4492 501 4545; x_wconf 90' lang='lat'><strong>6</strong></span> <span class='ocrx_word' id='word_1_623' title='bbox 530 4491 681 4560; x_wconf 77' lang='grc' dir='ltr'>ἅγιος</span> <span class='ocrx_word' id='word_1_624' title='bbox 707 4490 776 4544; x_wconf 77' lang='grc' dir='ltr'>τὰ</span> <span class='ocrx_word' id='word_1_625' title='bbox 795 4489 891 4544; x_wconf 88' lang='grc' dir='ltr'><strong>τοῦ</strong></span> <span class='ocrx_word' id='word_1_626' title='bbox 919 4490 1337 4562; x_wconf 83' lang='grc' dir='ltr'>Δευτερονομίου</span> <span class='ocrx_word' id='word_1_627' title='bbox 1361 4488 1454 4542; x_wconf 73' lang='grc' dir='ltr'><strong>καὶ</strong></span> <span class='ocrx_word' id='word_1_628' title='bbox 1476 4488 1544 4541; x_wconf 85' lang='grc' dir='ltr'>τὰ</span> <span class='ocrx_word' id='word_1_629' title='bbox 1568 4488 1667 4558; x_wconf 78' lang='grc' dir='ltr'>τῆς</span> <span class='ocrx_word' id='word_1_630' title='bbox 1707 4487 1850 4554; x_wconf 82' lang='grc' dir='ltr'><strong>Ἐξό-</strong></span> 
     </span>
    </p>
   </div>
   <div class='ocr_carea' id='block_1_80' title="bbox 278 4580 1848 4655">
    <p class='ocr_par' dir='ltr' id='par_1_80' title="bbox 278 4580 1848 4655">
     <span class='ocr_line' id='line_1_80' title="bbox 278 4580 1848 4655; baseline -0.005 -17"><span class='ocrx_word' id='word_1_631' title='bbox 278 4585 396 4648; x_wconf 81' lang='grc' dir='ltr'>δσυ,</span> <span class='ocrx_word' id='word_1_632' title='bbox 418 4583 511 4638; x_wconf 86' lang='grc' dir='ltr'><strong>καί</strong></span> <span class='ocrx_word' id='word_1_633' title='bbox 551 4600 736 4654; x_wconf 86' lang='grc' dir='ltr'>φησιν,</span> <span class='ocrx_word' id='word_1_634' title='bbox 777 4583 852 4644; x_wconf 81' lang='grc' dir='ltr'>ὡς</span> <span class='ocrx_word' id='word_1_635' title='bbox 896 4583 996 4639; x_wconf 80' lang='grc' dir='ltr'>κᾶν</span> <span class='ocrx_word' id='word_1_636' title='bbox 1033 4583 1337 4655; x_wconf 74' lang='grc' dir='ltr'>ἐρριμμένα</span> <span class='ocrx_word' id='word_1_637' title='bbox 1364 4583 1456 4636; x_wconf 75' lang='grc' dir='ltr'>καὶ</span> <span class='ocrx_word' id='word_1_638' title='bbox 1482 4580 1848 4652; x_wconf 83' lang='grc' dir='ltr'>ἀνεπιμέλητα</span> 
     </span>
    </p>
   </div>
   <div class='ocr_carea' id='block_1_81' title="bbox 282 4671 1845 4749">
    <p class='ocr_par' dir='ltr' id='par_1_81' title="bbox 282 4671 1845 4749">
     <span class='ocr_line' id='line_1_81' title="bbox 282 4671 1845 4749; baseline -0.004 -19"><span class='ocrx_word' id='word_1_639' title='bbox 282 4676 380 4730; x_wconf 73' lang='grc' dir='ltr'><strong>καί¹</strong></span> <span class='ocrx_word' id='word_1_640' title='bbox 411 4673 672 4747; x_wconf 80' lang='grc' dir='ltr'>ἐν’καιρῷ</span> <span class='ocrx_word' id='word_1_641' title='bbox 717 4689 938 4744; x_wconf 82' lang='grc' dir='ltr'>τοιουτῳ</span> <span class='ocrx_word' id='word_1_642' title='bbox 969 4675 1175 4749; x_wconf 78' lang='grc' dir='ltr'>εὑρήσῃ</span> <span class='ocrx_word' id='word_1_643' title='bbox 1204 4691 1287 4738; x_wconf 88' lang='grc' dir='ltr'><strong>τις</strong></span> <span class='ocrx_word' id='word_1_644' title='bbox 1320 4674 1636 4745; x_wconf 83' lang='grc' dir='ltr'>πράγματα,</span> <span class='ocrx_word' id='word_1_645' title='bbox 1681 4671 1845 4742; x_wconf 81' lang='grc' dir='ltr'>ἀγνοῇ</span> 
     </span>
    </p>
   </div>
   <div class='ocr_carea' id='block_1_82' title="bbox 278 4764 1847 4837">
    <p class='ocr_par' dir='ltr' id='par_1_82' title="bbox 278 4764 1847 4837">
     <span class='ocr_line' id='line_1_82' title="bbox 278 4764 1847 4837; baseline -0.005 -14"><span class='ocrx_word' id='word_1_646' title='bbox 278 4769 341 4824; x_wconf 81' lang='grc' dir='ltr'>δὲ</span> <span class='ocrx_word' id='word_1_647' title='bbox 375 4768 469 4822; x_wconf 78' lang='grc' dir='ltr'><strong>καὶ</strong></span> <span class='ocrx_word' id='word_1_648' title='bbox 496 4767 585 4820; x_wconf 75' lang='grc' dir='ltr'>τὸν</span> <span class='ocrx_word' id='word_1_649' title='bbox 613 4767 875 4837; x_wconf 72' lang='grc' dir='ltr'>δεσπότην</span> <span class='ocrx_word' id='word_1_650' title='bbox 916 4765 1112 4829; x_wconf 81' lang='grc' dir='ltr'>αὐτῶν,</span> <span class='ocrx_word' id='word_1_651' title='bbox 1145 4765 1261 4818; x_wconf 74' lang='grc' dir='ltr'>οὐδὲ</span> <span class='ocrx_word' id='word_1_652' title='bbox 1305 4764 1475 4827; x_wconf 74' lang='grc' dir='ltr'>οὕτως</span> <span class='ocrx_word' id='word_1_653' title='bbox 1526 4764 1847 4834; x_wconf 80' lang='grc' dir='ltr'>ἐκχωρεῖται</span> 
     </span>
    </p>
   </div>
   <div class='ocr_carea' id='block_1_83' title="bbox 275 4850 1845 4930">
    <p class='ocr_par' dir='ltr' id='par_1_83' title="bbox 275 4850 1845 4930">
     <span class='ocr_line' id='line_1_83' title="bbox 275 4850 1845 4930; baseline -0.006 -18"><span class='ocrx_word' id='word_1_654' title='bbox 275 4858 536 4930; x_wconf 77' lang='grc' dir='ltr'>κερδᾶναι</span> <span class='ocrx_word' id='word_1_655' title='bbox 565 4856 720 4910; x_wconf 84' lang='grc' dir='ltr'>αὐτά.</span> <span class='ocrx_word' id='word_1_656' title='bbox 763 4856 1039 4925; x_wconf 84' lang='grc' dir='ltr'>Χρεωστεῖ</span> <span class='ocrx_word' id='word_1_657' title='bbox 1078 4856 1185 4926; x_wconf 81' lang='grc' dir='ltr'>γὰρ</span> <span class='ocrx_word' id='word_1_658' title='bbox 1211 4854 1439 4924; x_wconf 81' lang='grc' dir='ltr'>φυλάξαι</span> <span class='ocrx_word' id='word_1_659' title='bbox 1467 4852 1623 4916; x_wconf 81' lang='grc' dir='ltr'>αὐτὰ,</span> <span class='ocrx_word' id='word_1_660' title='bbox 1654 4852 1756 4914; x_wconf 77' lang='grc' dir='ltr'>ἕως</span> <span class='ocrx_word' id='word_1_661' title='bbox 1780 4850 1845 4904; x_wconf 87' lang='grc' dir='ltr'><strong>ἂν</strong></span> 
     </span>
    </p>
   </div>
   <div class='ocr_carea' id='block_1_84' title="bbox 274 4941 1850 5024">
    <p class='ocr_par' dir='ltr' id='par_1_84' title="bbox 274 4941 1850 5024">
     <span class='ocr_line' id='line_1_84' title="bbox 274 4941 1850 5024; baseline -0.008 -18"><span class='ocrx_word' id='word_1_662' title='bbox 274 4955 307 5006; x_wconf 93' lang='lat'><strong>6</strong></span> <span class='ocrx_word' id='word_1_663' title='bbox 338 4951 528 5024; x_wconf 82' lang='grc' dir='ltr'>κύριος</span> <span class='ocrx_word' id='word_1_664' title='bbox 557 4951 735 5004; x_wconf 83' lang='grc' dir='ltr'>αὐτῶν</span> <span class='ocrx_word' id='word_1_665' title='bbox 757 4948 870 5020; x_wconf 86' lang='grc' dir='ltr'>γνῷ</span> <span class='ocrx_word' id='word_1_666' title='bbox 902 4950 995 5003; x_wconf 74' lang='grc' dir='ltr'>καὶ</span> <span class='ocrx_word' id='word_1_667' title='bbox 1024 4950 1230 5020; x_wconf 78' lang='grc' dir='ltr'>ζητήσῃ</span> <span class='ocrx_word' id='word_1_668' title='bbox 1262 4946 1419 5002; x_wconf 80' lang='grc' dir='ltr'>αὐτά.</span> <span class='ocrx_word' id='word_1_669' title='bbox 1446 4941 1576 4999; x_wconf 74' lang='grc' dir='ltr'><strong>Εἶτα</strong></span> <span class='ocrx_word' id='word_1_670' title='bbox 1606 4958 1850 5015; x_wconf 78' lang='grc' dir='ltr'>προσεπ-</span> 
     </span>
    </p>
   </div>
   <div class='ocr_carea' id='block_1_85' title="bbox 274 5033 1848 5113">
    <p class='ocr_par' dir='ltr' id='par_1_85' title="bbox 274 5033 1848 5113">
     <span class='ocr_line' id='line_1_85' title="bbox 274 5033 1848 5113; baseline -0.009 -13"><span class='ocrx_word' id='word_1_671' title='bbox 274 5048 405 5113; x_wconf 85' lang='grc' dir='ltr'>άγει</span> <span class='ocrx_word' id='word_1_672' title='bbox 450 5045 550 5104; x_wconf 81' lang='grc' dir='ltr'>ὅτι.</span> <span class='ocrx_word' id='word_1_673' title='bbox 586 5042 680 5096; x_wconf 82' lang='grc' dir='ltr'>ἐὰν</span> <span class='ocrx_word' id='word_1_674' title='bbox 712 5041 850 5097; x_wconf 87' lang='grc' dir='ltr'><strong>κατά</strong></span> <span class='ocrx_word' id='word_1_675' title='bbox 896 5041 995 5113; x_wconf 78' lang='grc' dir='ltr'><strong>τὴν</strong></span> <span class='ocrx_word' id='word_1_676' title='bbox 1041 5037 1337 5109; x_wconf 85' lang='grc' dir='ltr'>Μωσαῖκὴν</span> <span class='ocrx_word' id='word_1_677' title='bbox 1392 5034 1711 5108; x_wconf 82' lang='grc' dir='ltr'>νομοθεσίαν</span> <span class='ocrx_word' id='word_1_678' title='bbox 1747 5033 1848 5087; x_wconf 77' lang='grc' dir='ltr'><strong>οὐκ</strong></span> 
     </span>
    </p>
   </div>
   <div class='ocr_carea' id='block_1_86' title="bbox 274 5127 1847 5204">
    <p class='ocr_par' dir='ltr' id='par_1_86' title="bbox 274 5127 1847 5204">
     <span class='ocr_line' id='line_1_86' title="bbox 274 5127 1847 5204; baseline -0.009 -13"><span class='ocrx_word' id='word_1_679' title='bbox 274 5135 460 5203; x_wconf 71' lang='grc' dir='ltr'>ἔξεστί</span> <span class='ocrx_word' id='word_1_680' title='bbox 484 5152 589 5189; x_wconf 89' lang='grc' dir='ltr'>τινι</span> <span class='ocrx_word' id='word_1_681' title='bbox 616 5132 874 5189; x_wconf 86' lang='grc' dir='ltr'>ἰδιοῦσθαι</span> <span class='ocrx_word' id='word_1_682' title='bbox 894 5132 962 5186; x_wconf 80' lang='grc' dir='ltr'><strong>τὰ</strong></span> <span class='ocrx_word' id='word_1_683' title='bbox 991 5131 1197 5204; x_wconf 78' lang='grc' dir='ltr'>ἑτέροις</span> <span class='ocrx_word' id='word_1_684' title='bbox 1224 5131 1492 5202; x_wconf 85' lang='grc' dir='ltr'>ἀνήκοντα</span> <span class='ocrx_word' id='word_1_685' title='bbox 1526 5127 1847 5199; x_wconf 79' lang='grc' dir='ltr'>πράγματα,</span> 
     </span>
    </p>
   </div>
   <div class='ocr_carea' id='block_1_87' title="bbox 275 5214 1849 5297">
    <p class='ocr_par' dir='ltr' id='par_1_87' title="bbox 275 5214 1849 5297">
     <span class='ocr_line' id='line_1_87' title="bbox 275 5214 1849 5297; baseline -0.011 -15"><span class='ocrx_word' id='word_1_686' title='bbox 275 5228 387 5282; x_wconf 72' lang='grc' dir='ltr'>κᾶν</span> <span class='ocrx_word' id='word_1_687' title='bbox 414 5226 558 5297; x_wconf 84' lang='grc' dir='ltr'>φίλοι</span> <span class='ocrx_word' id='word_1_688' title='bbox 601 5218 733 5280; x_wconf 81' lang='grc' dir='ltr'>ὦσιν</span> <span class='ocrx_word' id='word_1_689' title='bbox 771 5218 912 5279; x_wconf 71' lang='grc' dir='ltr'>οὗτοι</span> <span class='ocrx_word' id='word_1_690' title='bbox 932 5264 945 5289; x_wconf 91' lang='grc'><strong>,</strong></span> <span class='ocrx_word' id='word_1_691' title='bbox 977 5221 1080 5276; x_wconf 80' lang='grc' dir='ltr'><strong>κᾶν</strong></span> <span class='ocrx_word' id='word_1_692' title='bbox 1112 5218 1315 5291; x_wconf 72' lang='grc' dir='ltr'>ἐχθροὶ,</span> <span class='ocrx_word' id='word_1_693' title='bbox 1350 5218 1452 5272; x_wconf 73' lang='grc' dir='ltr'><strong>κᾶν</strong></span> <span class='ocrx_word' id='word_1_694' title='bbox 1481 5214 1849 5285; x_wconf 83' lang='grc' dir='ltr'>ἁνεπιμέλητα</span> 
     </span>
    </p>
   </div>
   <div class='ocr_carea' id='block_1_88' title="bbox 272 5303 1848 5384">
    <p class='ocr_par' dir='ltr' id='par_1_88' title="bbox 272 5303 1848 5384">
     <span class='ocr_line' id='line_1_88' title="bbox 272 5303 1848 5384; baseline -0.013 -9"><span class='ocrx_word' id='word_1_695' title='bbox 272 5315 406 5383; x_wconf 76' lang='grc' dir='ltr'>ὦσι,</span> <span class='ocrx_word' id='word_1_696' title='bbox 435 5317 530 5372; x_wconf 76' lang='grc' dir='ltr'>καὶ</span> <span class='ocrx_word' id='word_1_697' title='bbox 556 5316 726 5372; x_wconf 83' lang='grc' dir='ltr'>ταῦτα</span> <span class='ocrx_word' id='word_1_698' title='bbox 750 5317 808 5369; x_wconf 85' lang='grc' dir='ltr'><strong>ἐν</strong></span> <span class='ocrx_word' id='word_1_699' title='bbox 839 5309 1015 5384; x_wconf 80' lang='grc' dir='ltr'>καιρῷ</span> <span class='ocrx_word' id='word_1_700' title='bbox 1043 5312 1289 5382; x_wconf 77' lang='grc' dir='ltr'>εἰρήνης,</span> <span class='ocrx_word' id='word_1_701' title='bbox 1318 5307 1452 5361; x_wconf 81' lang='grc' dir='ltr'><strong>ἀλλά</strong></span> <span class='ocrx_word' id='word_1_702' title='bbox 1484 5303 1848 5373; x_wconf 78' lang='grc' dir='ltr'>ἀναγκάζεται</span> 
     </span>
    </p>
   </div>
   <div class='ocr_carea' id='block_1_89' title="bbox 274 5394 1846 5482">
    <p class='ocr_par' dir='ltr' id='par_1_89' title="bbox 274 5394 1846 5482">
     <span class='ocr_line' id='line_1_89' title="bbox 274 5394 1846 5482; baseline -0.015 -14"><span class='ocrx_word' id='word_1_703' title='bbox 274 5411 652 5482; x_wconf 82' lang='grc' dir='ltr'>ἀποκαθιστᾷν</span> <span class='ocrx_word' id='word_1_704' title='bbox 699 5410 839 5463; x_wconf 83' lang='grc' dir='ltr'>αὐτά</span> <span class='ocrx_word' id='word_1_705' title='bbox 887 5406 1023 5478; x_wconf 79' lang='grc' dir='ltr'>πρὸς</span> <span class='ocrx_word' id='word_1_706' title='bbox 1053 5407 1178 5467; x_wconf 81' lang='grc' dir='ltr'>τοὺς</span> <span class='ocrx_word' id='word_1_707' title='bbox 1208 5400 1469 5462; x_wconf 81' lang='grc' dir='ltr'>δεσπότας</span> <span class='ocrx_word' id='word_1_708' title='bbox 1511 5396 1713 5451; x_wconf 79' lang='grc' dir='ltr'>τούτων</span> <span class='ocrx_word' id='word_1_709' title='bbox 1753 5394 1846 5448; x_wconf 72' lang='grc' dir='ltr'><strong>καὶ</strong></span> 
     </span>
    </p>
   </div>
   <div class='ocr_carea' id='block_1_90' title="bbox 273 5487 1845 5582">
    <p class='ocr_par' dir='ltr' id='par_1_90' title="bbox 273 5487 1845 5582">
     <span class='ocr_line' id='line_1_90' title="bbox 273 5487 1845 5582; baseline -0.014 -21"><span class='ocrx_word' id='word_1_710' title='bbox 273 5508 619 5582; x_wconf 63' lang='grc' dir='ltr'>τρυφῶντας,</span> <span class='ocrx_word' id='word_1_711' title='bbox 649 5506 742 5558; x_wconf 72' lang='grc' dir='ltr'><strong>καὶ</strong></span> <span class='ocrx_word' id='word_1_712' title='bbox 769 5501 901 5574; x_wconf 82' lang='grc' dir='ltr'>μηδὲ</span> <span class='ocrx_word' id='word_1_713' title='bbox 936 5495 1426 5570; x_wconf 81' lang='grc' dir='ltr'>ἐπιστρεφομένους</span> <span class='ocrx_word' id='word_1_714' title='bbox 1446 5491 1542 5563; x_wconf 82' lang='grc' dir='ltr'>τῆς</span> <span class='ocrx_word' id='word_1_715' title='bbox 1568 5490 1675 5543; x_wconf 86' lang='grc' dir='ltr'><strong>τῶν</strong></span> <span class='ocrx_word' id='word_1_716' title='bbox 1703 5487 1845 5541; x_wconf 81' lang='grc' dir='ltr'>ἰδίων</span> 
     </span>
    </p>
   </div>
   <div class='ocr_carea' id='block_1_91' title="bbox 364 5633 1531 5709">
    <p class='ocr_par' dir='ltr' id='par_1_91' title="bbox 364 5633 1531 5709">
     <span class='ocr_line' id='line_1_91' title="bbox 364 5633 1531 5709; baseline -0.012 -6"><span class='ocrx_word' id='word_1_717' title='bbox 364 5651 408 5681; x_wconf 81' lang='grc'><strong>³¹</strong></span> <span class='ocrx_word' id='word_1_718' title='bbox 437 5648 592 5702; x_wconf 88' lang='lat' dir='ltr'><strong>Deut.</strong></span> <span class='ocrx_word' id='word_1_719' title='bbox 626 5660 759 5708; x_wconf 71' lang='grc' dir='ltr'>χιιι,</span> <span class='ocrx_word' id='word_1_720' title='bbox 795 5644 847 5709; x_wconf 78' lang='grc' dir='ltr'>Ι,</span> <span class='ocrx_word' id='word_1_721' title='bbox 884 5644 937 5700; x_wconf 77' lang='lat'><strong>5.</strong></span> <span class='ocrx_word' id='word_1_722' title='bbox 1014 5640 1059 5672; x_wconf 81' lang='grc'><strong>¹³</strong></span> <span class='ocrx_word' id='word_1_723' title='bbox 1091 5638 1263 5695; x_wconf 87' lang='lat' dir='ltr'><strong>Exod.</strong></span> <span class='ocrx_word' id='word_1_724' title='bbox 1295 5650 1455 5702; x_wconf 82' lang='lat' dir='ltr'><strong>xxtn,</strong></span> <span class='ocrx_word' id='word_1_725' title='bbox 1482 5633 1531 5689; x_wconf 77' lang='grc'><strong>4.</strong></span> 
     </span>
    </p>
   </div>
   <div class='ocr_carea' id='block_1_92' title="bbox 1961 3290 3519 3362">
    <p class='ocr_par' dir='ltr' id='par_1_92' title="bbox 1961 3290 3519 3362">
     <span class='ocr_line' id='line_1_92' title="bbox 1961 3290 3519 3362; baseline 0.003 -19"><span class='ocrx_word' id='word_1_726' title='bbox 1961 3309 1980 3343; x_wconf 78' lang='grc' dir='ltr'><strong>ι</strong></span> <span class='ocrx_word' id='word_1_727' title='bbox 2017 3290 2131 3362; x_wconf 79' lang='lat' dir='ltr'><strong>ipsa</strong></span> <span class='ocrx_word' id='word_1_728' title='bbox 2164 3294 2344 3347; x_wconf 85' lang='lat' dir='ltr'><strong>domui</strong></span> <span class='ocrx_word' id='word_1_729' title='bbox 2378 3292 2577 3347; x_wconf 84' lang='lat' dir='ltr'><strong>domini</strong></span> <span class='ocrx_word' id='word_1_730' title='bbox 2624 3291 2859 3361; x_wconf 80' lang='lat' dir='ltr'><strong>ipsorum</strong></span> <span class='ocrx_word' id='word_1_731' title='bbox 2887 3292 2953 3347; x_wconf 85' lang='grc'><strong>¹³.</strong></span> <span class='ocrx_word' id='word_1_732' title='bbox 2995 3290 3055 3347; x_wconf 88' lang='lat' dir='ltr'><strong>Si</strong></span> <span class='ocrx_word' id='word_1_733' title='bbox 3112 3301 3295 3348; x_wconf 89' lang='lat' dir='ltr'><strong>autem</strong></span> <span class='ocrx_word' id='word_1_734' title='bbox 3345 3294 3415 3351; x_wconf 86' lang='lat' dir='ltr'><strong>ab</strong></span> <span class='ocrx_word' id='word_1_735' title='bbox 3452 3307 3519 3349; x_wconf 87' lang='lat' dir='ltr'><strong>eo</strong></span> 
     </span>
    </p>
   </div>
   <div class='ocr_carea' id='block_1_93' title="bbox 1956 3384 3509 3459">
    <p class='ocr_par' dir='ltr' id='par_1_93' title="bbox 1956 3384 3509 3459">
     <span class='ocr_line' id='line_1_93' title="bbox 1956 3384 3509 3459; baseline 0.004 -24"><span class='ocrx_word' id='word_1_736' title='bbox 1956 3402 1974 3435; x_wconf 75' lang='grc' dir='ltr'><strong>ι</strong></span> <span class='ocrx_word' id='word_1_737' title='bbox 2013 3384 2106 3454; x_wconf 91' lang='lat' dir='ltr'><strong>qui</strong></span> <span class='ocrx_word' id='word_1_738' title='bbox 2152 3384 2208 3439; x_wconf 89' lang='lat' dir='ltr'><strong>in</strong></span> <span class='ocrx_word' id='word_1_739' title='bbox 2244 3398 2379 3455; x_wconf 88' lang='lat' dir='ltr'><strong>pace</strong></span> <span class='ocrx_word' id='word_1_740' title='bbox 2408 3386 2546 3441; x_wconf 88' lang='lat' dir='ltr'><strong>etin</strong></span> <span class='ocrx_word' id='word_1_741' title='bbox 2585 3387 2696 3444; x_wconf 91' lang='lat' dir='ltr'><strong>otio</strong></span> <span class='ocrx_word' id='word_1_742' title='bbox 2745 3388 2974 3443; x_wconf 87' lang='lat' dir='ltr'><strong>delicate</strong></span> <span class='ocrx_word' id='word_1_743' title='bbox 3001 3386 3167 3441; x_wconf 88' lang='lat' dir='ltr'><strong>vitam</strong></span> <span class='ocrx_word' id='word_1_744' title='bbox 3203 3387 3509 3459; x_wconf 70' lang='lat' dir='ltr'><strong>transfigit,</strong></span> 
     </span>
    </p>
   </div>
   <div class='ocr_carea' id='block_1_94' title="bbox 1957 3473 3515 3545">
    <p class='ocr_par' dir='ltr' id='par_1_94' title="bbox 1957 3473 3515 3545">
     <span class='ocr_line' id='line_1_94' title="bbox 1957 3473 3515 3545; baseline 0.004 -17"><span class='ocrx_word' id='word_1_745' title='bbox 1957 3494 1975 3528; x_wconf 77' lang='grc' dir='ltr'><strong>ι</strong></span> <span class='ocrx_word' id='word_1_746' title='bbox 2011 3489 2110 3530; x_wconf 90' lang='lat' dir='ltr'><strong>nec</strong></span> <span class='ocrx_word' id='word_1_747' title='bbox 2135 3474 2202 3530; x_wconf 87' lang='lat' dir='ltr'><strong>de</strong></span> <span class='ocrx_word' id='word_1_748' title='bbox 2232 3473 2349 3531; x_wconf 89' lang='lat' dir='ltr'><strong>suis</strong></span> <span class='ocrx_word' id='word_1_749' title='bbox 2369 3485 2453 3532; x_wconf 88' lang='lat' dir='ltr'><strong>est</strong></span> <span class='ocrx_word' id='word_1_750' title='bbox 2482 3476 2768 3545; x_wconf 89' lang='lat' dir='ltr'><strong>sollicitus,</strong></span> <span class='ocrx_word' id='word_1_751' title='bbox 2801 3479 2914 3535; x_wconf 86' lang='lat' dir='ltr'><strong>sive</strong></span> <span class='ocrx_word' id='word_1_752' title='bbox 2942 3476 3111 3532; x_wconf 81' lang='lat' dir='ltr'><strong>frater</strong></span> <span class='ocrx_word' id='word_1_753' title='bbox 3145 3479 3235 3541; x_wconf 89' lang='lat' dir='ltr'><strong>sit,</strong></span> <span class='ocrx_word' id='word_1_754' title='bbox 3269 3478 3384 3534; x_wconf 86' lang='lat' dir='ltr'><strong>sive</strong></span> <span class='ocrx_word' id='word_1_755' title='bbox 3409 3478 3515 3534; x_wconf 85' lang='lat' dir='ltr'><strong>ini-</strong></span> 
     </span>
    </p>
   </div>
   <div class='ocr_carea' id='block_1_95' title="bbox 1956 3562 3515 3639">
    <p class='ocr_par' dir='ltr' id='par_1_95' title="bbox 1956 3562 3515 3639">
     <span class='ocr_line' id='line_1_95' title="bbox 1956 3562 3515 3639; baseline 0.004 -22"><span class='ocrx_word' id='word_1_756' title='bbox 1956 3583 1977 3617; x_wconf 73' lang='grc' dir='ltr'><strong>ι</strong></span> <span class='ocrx_word' id='word_1_757' title='bbox 2008 3564 2205 3631; x_wconf 89' lang='lat' dir='ltr'><strong>micus,</strong></span> <span class='ocrx_word' id='word_1_758' title='bbox 2235 3578 2342 3620; x_wconf 88' lang='lat' dir='ltr'><strong>non</strong></span> <span class='ocrx_word' id='word_1_759' title='bbox 2380 3562 2507 3620; x_wconf 89' lang='lat' dir='ltr'><strong>licet</strong></span> <span class='ocrx_word' id='word_1_760' title='bbox 2534 3564 2764 3635; x_wconf 89' lang='lat' dir='ltr'><strong>lucrari;</strong></span> <span class='ocrx_word' id='word_1_761' title='bbox 2797 3576 3001 3639; x_wconf 91' lang='lat' dir='ltr'><strong>quanto</strong></span> <span class='ocrx_word' id='word_1_762' title='bbox 3030 3567 3206 3638; x_wconf 75' lang='lat' dir='ltr'><strong>magis</strong></span> <span class='ocrx_word' id='word_1_763' title='bbox 3230 3567 3299 3622; x_wconf 91' lang='lat' dir='ltr'><strong>ab</strong></span> <span class='ocrx_word' id='word_1_764' title='bbox 3326 3582 3393 3622; x_wconf 89' lang='lat' dir='ltr'><strong>eo</strong></span> <span class='ocrx_word' id='word_1_765' title='bbox 3417 3569 3515 3638; x_wconf 87' lang='lat' dir='ltr'><strong>qui</strong></span> 
     </span>
    </p>
   </div>
   <div class='ocr_carea' id='block_1_96' title="bbox 1956 3654 3516 3733">
    <p class='ocr_par' dir='ltr' id='par_1_96' title="bbox 1956 3654 3516 3733">
     <span class='ocr_line' id='line_1_96' title="bbox 1956 3654 3516 3733; baseline 0.003 -22"><span class='ocrx_word' id='word_1_766' title='bbox 1956 3676 1975 3710; x_wconf 77' lang='grc' dir='ltr'><strong>ι</strong></span> <span class='ocrx_word' id='word_1_767' title='bbox 2013 3657 2177 3713; x_wconf 89' lang='lat' dir='ltr'><strong>rebus</strong></span> <span class='ocrx_word' id='word_1_768' title='bbox 2203 3654 2445 3714; x_wconf 87' lang='lat' dir='ltr'><strong>adversis</strong></span> <span class='ocrx_word' id='word_1_769' title='bbox 2476 3658 2763 3729; x_wconf 88' lang='lat' dir='ltr'><strong>premitur,</strong></span> <span class='ocrx_word' id='word_1_770' title='bbox 2807 3668 2862 3715; x_wconf 88' lang='lat' dir='ltr'><strong>et</strong></span> <span class='ocrx_word' id='word_1_771' title='bbox 2890 3660 3083 3716; x_wconf 81' lang='lat' dir='ltr'><strong>hostes</strong></span> <span class='ocrx_word' id='word_1_772' title='bbox 3106 3659 3264 3733; x_wconf 76' lang='lat' dir='ltr'><strong>fugit,</strong></span> <span class='ocrx_word' id='word_1_773' title='bbox 3310 3669 3366 3717; x_wconf 88' lang='lat' dir='ltr'><strong>et</strong></span> <span class='ocrx_word' id='word_1_774' title='bbox 3412 3675 3516 3715; x_wconf 81' lang='lat' dir='ltr'><strong>ne-</strong></span> 
     </span>
    </p>
   </div>
   <div class='ocr_carea' id='block_1_97' title="bbox 1957 3748 3136 3827">
    <p class='ocr_par' dir='ltr' id='par_1_97' title="bbox 1957 3748 3136 3827">
     <span class='ocr_line' id='line_1_97' title="bbox 1957 3748 3136 3827; baseline 0 -24"><span class='ocrx_word' id='word_1_775' title='bbox 1957 3768 1977 3803; x_wconf 72' lang='lat' dir='ltr'><strong>c</strong></span> <span class='ocrx_word' id='word_1_776' title='bbox 2016 3748 2270 3806; x_wconf 88' lang='lat' dir='ltr'><strong>cessitate</strong></span> <span class='ocrx_word' id='word_1_777' title='bbox 2298 3760 2519 3827; x_wconf 79' lang='lat' dir='ltr'><strong>coactus</strong></span> <span class='ocrx_word' id='word_1_778' title='bbox 2541 3750 2762 3822; x_wconf 85' lang='lat' dir='ltr'><strong>propria</strong></span> <span class='ocrx_word' id='word_1_779' title='bbox 2795 3750 3086 3821; x_wconf 83' lang='lat' dir='ltr'><strong>relinquit?</strong></span> <span class='ocrx_word' id='word_1_780' title='bbox 3115 3770 3136 3803; x_wconf 75' lang='grc' dir='ltr'><strong>ι</strong></span> 
     </span>
    </p>
   </div>
   <div class='ocr_carea' id='block_1_98' title="bbox 2022 4101 3516 4172">
    <p class='ocr_par' dir='ltr' id='par_1_98' title="bbox 2022 4101 3516 4172">
     <span class='ocr_line' id='line_1_98' title="bbox 2022 4101 3516 4172; baseline -0.005 -11"><span class='ocrx_word' id='word_1_781' title='bbox 2022 4106 2182 4161; x_wconf 65' lang='lat' dir='ltr'><strong>Bus.</strong></span> <span class='ocrx_word' id='word_1_782' title='bbox 2218 4104 2315 4161; x_wconf 90' lang='lat' dir='ltr'><strong>Est</strong></span> <span class='ocrx_word' id='word_1_783' title='bbox 2355 4104 2650 4159; x_wconf 77' lang='lat' dir='ltr'><strong>verisimile</strong></span> <span class='ocrx_word' id='word_1_784' title='bbox 2688 4102 2891 4158; x_wconf 86' lang='lat' dir='ltr'><strong>dixisse</strong></span> <span class='ocrx_word' id='word_1_785' title='bbox 2921 4101 3134 4172; x_wconf 83' lang='lat' dir='ltr'><strong>aliquos</strong></span> <span class='ocrx_word' id='word_1_786' title='bbox 3182 4116 3242 4157; x_wconf 88' lang='lat' dir='ltr'><strong>se</strong></span> <span class='ocrx_word' id='word_1_787' title='bbox 3268 4115 3380 4155; x_wconf 92' lang='lat' dir='ltr'><strong>non</strong></span> <span class='ocrx_word' id='word_1_788' title='bbox 3423 4115 3516 4153; x_wconf 87' lang='lat' dir='ltr'><strong>ra-</strong></span> 
     </span>
    </p>
   </div>
   <div class='ocr_carea' id='block_1_99' title="bbox 1949 4194 3517 4275">
    <p class='ocr_par' dir='ltr' id='par_1_99' title="bbox 1949 4194 3517 4275">
     <span class='ocr_line' id='line_1_99' title="bbox 1949 4194 3517 4275; baseline -0.004 -20"><span class='ocrx_word' id='word_1_789' title='bbox 1949 4203 2138 4275; x_wconf 84' lang='lat' dir='ltr'><strong>puisse</strong></span> <span class='ocrx_word' id='word_1_790' title='bbox 2184 4214 2271 4255; x_wconf 88' lang='lat' dir='ltr'><strong>res</strong></span> <span class='ocrx_word' id='word_1_791' title='bbox 2303 4197 2529 4252; x_wconf 83' lang='lat' dir='ltr'><strong>fratrum</strong></span> <span class='ocrx_word' id='word_1_792' title='bbox 2579 4212 2803 4252; x_wconf 88' lang='lat' dir='ltr'><strong>suorum</strong></span> <span class='ocrx_word' id='word_1_793' title='bbox 2846 4195 3185 4265; x_wconf 85' lang='lat' dir='ltr'><strong>captivorum</strong></span> <span class='ocrx_word' id='word_1_794' title='bbox 3221 4212 3235 4250; x_wconf 93' lang='lat'><strong>:</strong></span> <span class='ocrx_word' id='word_1_795' title='bbox 3265 4194 3362 4250; x_wconf 87' lang='lat' dir='ltr'><strong>sed</strong></span> <span class='ocrx_word' id='word_1_796' title='bbox 3389 4208 3517 4258; x_wconf 87' lang='lat' dir='ltr'><strong>eas,</strong></span> 
     </span>
    </p>
   </div>
   <div class='ocr_carea' id='block_1_100' title="bbox 1950 4286 3519 4365">
    <p class='ocr_par' dir='ltr' id='par_1_100' title="bbox 1950 4286 3519 4365">
     <span class='ocr_line' id='line_1_100' title="bbox 1950 4286 3519 4365; baseline -0.006 -16"><span class='ocrx_word' id='word_1_797' title='bbox 1950 4294 2285 4365; x_wconf 85' lang='lat' dir='ltr'><strong>inquiebant,</strong></span> <span class='ocrx_word' id='word_1_798' title='bbox 2310 4292 2567 4360; x_wconf 80' lang='lat' dir='ltr'><strong>disjectas</strong></span> <span class='ocrx_word' id='word_1_799' title='bbox 2592 4290 2920 4356; x_wconf 86' lang='lat' dir='ltr'><strong>invenimus,</strong></span> <span class='ocrx_word' id='word_1_800' title='bbox 2950 4302 3050 4344; x_wconf 92' lang='lat' dir='ltr'><strong>nec</strong></span> <span class='ocrx_word' id='word_1_801' title='bbox 3094 4286 3519 4344; x_wconf 89' lang='lat' dir='ltr'><strong>sciebamuscu-</strong></span> 
     </span>
    </p>
   </div>
   <div class='ocr_carea' id='block_1_101' title="bbox 1946 4377 3520 4456">
    <p class='ocr_par' dir='ltr' id='par_1_101' title="bbox 1946 4377 3520 4456">
     <span class='ocr_line' id='line_1_101' title="bbox 1946 4377 3520 4456; baseline -0.006 -16"><span class='ocrx_word' id='word_1_802' title='bbox 1946 4386 2166 4456; x_wconf 86' lang='lat' dir='ltr'><strong>jusnam</strong></span> <span class='ocrx_word' id='word_1_803' title='bbox 2196 4393 2372 4449; x_wconf 78' lang='lat' dir='ltr'><strong>erant,</strong></span> <span class='ocrx_word' id='word_1_804' title='bbox 2418 4394 2473 4439; x_wconf 91' lang='lat' dir='ltr'><strong>et</strong></span> <span class='ocrx_word' id='word_1_805' title='bbox 2512 4390 2798 4453; x_wconf 82' lang='lat' dir='ltr'><strong>propterea</strong></span> <span class='ocrx_word' id='word_1_806' title='bbox 2831 4379 2982 4435; x_wconf 90' lang='lat' dir='ltr'><strong>nulla</strong></span> <span class='ocrx_word' id='word_1_807' title='bbox 3032 4379 3087 4433; x_wconf 87' lang='lat' dir='ltr'><strong>in</strong></span> <span class='ocrx_word' id='word_1_808' title='bbox 3115 4393 3214 4433; x_wconf 87' lang='lat' dir='ltr'><strong>n03</strong></span> <span class='ocrx_word' id='word_1_809' title='bbox 3244 4377 3391 4432; x_wconf 89' lang='lat' dir='ltr'><strong>cadit</strong></span> <span class='ocrx_word' id='word_1_810' title='bbox 3432 4394 3520 4432; x_wconf 83' lang='lat' dir='ltr'><strong>re-</strong></span> 
     </span>
    </p>
   </div>
   <div class='ocr_carea' id='block_1_102' title="bbox 1882 4465 3521 4567">
    <p class='ocr_par' dir='ltr' id='par_1_102' title="bbox 1882 4465 3521 4567">
     <span class='ocr_line' id='line_1_102' title="bbox 1882 4465 3521 4567; baseline -0.008 -36"><span class='ocrx_word' id='word_1_811' title='bbox 1882 4513 1926 4567; x_wconf 66' lang='grc' dir='ltr'>υ</span> <span class='ocrx_word' id='word_1_812' title='bbox 1954 4474 2263 4547; x_wconf 86' lang='lat' dir='ltr'><strong>prehensio.</strong></span> <span class='ocrx_word' id='word_1_813' title='bbox 2296 4473 2573 4527; x_wconf 86' lang='lat' dir='ltr'><strong>Adversus</strong></span> <span class='ocrx_word' id='word_1_814' title='bbox 2596 4484 2691 4525; x_wconf 91' lang='lat' dir='ltr'><strong>eos</strong></span> <span class='ocrx_word' id='word_1_815' title='bbox 2717 4484 2846 4538; x_wconf 78' lang='lat' dir='ltr'><strong>ergo</strong></span> <span class='ocrx_word' id='word_1_816' title='bbox 2869 4468 3093 4538; x_wconf 88' lang='lat' dir='ltr'><strong>opponit</strong></span> <span class='ocrx_word' id='word_1_817' title='bbox 3125 4475 3349 4522; x_wconf 88' lang='lat' dir='ltr'><strong>sanctus</strong></span> <span class='ocrx_word' id='word_1_818' title='bbox 3379 4465 3521 4521; x_wconf 81' lang='lat' dir='ltr'><strong>Deu-</strong></span> 
     </span>
    </p>
   </div>
   <div class='ocr_carea' id='block_1_103' title="bbox 1956 4557 3524 4629">
    <p class='ocr_par' dir='ltr' id='par_1_103' title="bbox 1956 4557 3524 4629">
     <span class='ocr_line' id='line_1_103' title="bbox 1956 4557 3524 4629; baseline -0.008 -7"><span class='ocrx_word' id='word_1_819' title='bbox 1956 4566 2322 4624; x_wconf 86' lang='lat' dir='ltr'><strong>terouomium</strong></span> <span class='ocrx_word' id='word_1_820' title='bbox 2347 4572 2402 4619; x_wconf 91' lang='lat' dir='ltr'><strong>et</strong></span> <span class='ocrx_word' id='word_1_821' title='bbox 2427 4562 2674 4616; x_wconf 86' lang='lat' dir='ltr'><strong>Exodum</strong></span> <span class='ocrx_word' id='word_1_822' title='bbox 2702 4578 2716 4615; x_wconf 89' lang='lat'><strong>:</strong></span> <span class='ocrx_word' id='word_1_823' title='bbox 2749 4568 2803 4615; x_wconf 89' lang='lat' dir='ltr'><strong>et</strong></span> <span class='ocrx_word' id='word_1_824' title='bbox 2822 4559 2974 4625; x_wconf 87' lang='lat' dir='ltr'><strong>dicit,</strong></span> <span class='ocrx_word' id='word_1_825' title='bbox 3009 4558 3154 4629; x_wconf 92' lang='lat' dir='ltr'><strong>quod</strong></span> <span class='ocrx_word' id='word_1_826' title='bbox 3181 4557 3399 4613; x_wconf 88' lang='lat' dir='ltr'><strong>etiamsi</strong></span> <span class='ocrx_word' id='word_1_827' title='bbox 3421 4557 3524 4611; x_wconf 86' lang='lat' dir='ltr'><strong>ali-</strong></span> 
     </span>
    </p>
   </div>
   <div class='ocr_carea' id='block_1_104' title="bbox 1953 4649 3523 4730">
    <p class='ocr_par' dir='ltr' id='par_1_104' title="bbox 1953 4649 3523 4730">
     <span class='ocr_line' id='line_1_104' title="bbox 1953 4649 3523 4730; baseline -0.007 -17"><span class='ocrx_word' id='word_1_828' title='bbox 1953 4659 2080 4730; x_wconf 90' lang='lat' dir='ltr'><strong>quis</strong></span> <span class='ocrx_word' id='word_1_829' title='bbox 2110 4657 2364 4727; x_wconf 87' lang='lat' dir='ltr'><strong>disjectas</strong></span> <span class='ocrx_word' id='word_1_830' title='bbox 2399 4652 2777 4723; x_wconf 79' lang='lat' dir='ltr'><strong>neglectuique</strong></span> <span class='ocrx_word' id='word_1_831' title='bbox 2817 4649 3029 4706; x_wconf 88' lang='lat' dir='ltr'><strong>habitas</strong></span> <span class='ocrx_word' id='word_1_832' title='bbox 3058 4664 3123 4704; x_wconf 91' lang='lat' dir='ltr'><strong>eo</strong></span> <span class='ocrx_word' id='word_1_833' title='bbox 3149 4657 3391 4719; x_wconf 81' lang='lat' dir='ltr'><strong>tempore</strong></span> <span class='ocrx_word' id='word_1_834' title='bbox 3432 4663 3523 4703; x_wconf 81' lang='lat' dir='ltr'><strong>res</strong></span> 
     </span>
    </p>
   </div>
   <div class='ocr_carea' id='block_1_105' title="bbox 1952 4741 3521 4818">
    <p class='ocr_par' dir='ltr' id='par_1_105' title="bbox 1952 4741 3521 4818">
     <span class='ocr_line' id='line_1_105' title="bbox 1952 4741 3521 4818; baseline -0.008 -11"><span class='ocrx_word' id='word_1_835' title='bbox 1952 4751 2239 4816; x_wconf 87' lang='lat' dir='ltr'><strong>invenerit,</strong></span> <span class='ocrx_word' id='word_1_836' title='bbox 2275 4751 2515 4818; x_wconf 87' lang='lat' dir='ltr'><strong>ipsarum</strong></span> <span class='ocrx_word' id='word_1_837' title='bbox 2551 4754 2730 4800; x_wconf 89' lang='lat' dir='ltr'><strong>autem</strong></span> <span class='ocrx_word' id='word_1_838' title='bbox 2759 4743 3041 4799; x_wconf 87' lang='lat' dir='ltr'><strong>dominum</strong></span> <span class='ocrx_word' id='word_1_839' title='bbox 3070 4741 3421 4812; x_wconf 80' lang='lat' dir='ltr'><strong>ignoraverit,</strong></span> <span class='ocrx_word' id='word_1_840' title='bbox 3452 4755 3521 4794; x_wconf 85' lang='lat' dir='ltr'><strong>ne</strong></span> 
     </span>
    </p>
   </div>
   <div class='ocr_carea' id='block_1_106' title="bbox 1952 4832 3522 4912">
    <p class='ocr_par' dir='ltr' id='par_1_106' title="bbox 1952 4832 3522 4912">
     <span class='ocr_line' id='line_1_106' title="bbox 1952 4832 3522 4912; baseline -0.007 -14"><span class='ocrx_word' id='word_1_841' title='bbox 1952 4845 2033 4899; x_wconf 88' lang='lat' dir='ltr'><strong>sic</strong></span> <span class='ocrx_word' id='word_1_842' title='bbox 2064 4841 2283 4912; x_wconf 87' lang='lat' dir='ltr'><strong>quidem</strong></span> <span class='ocrx_word' id='word_1_843' title='bbox 2314 4856 2408 4895; x_wconf 78' lang='lat' dir='ltr'><strong>eas</strong></span> <span class='ocrx_word' id='word_1_844' title='bbox 2438 4840 2638 4893; x_wconf 89' lang='lat' dir='ltr'><strong>lucrari</strong></span> <span class='ocrx_word' id='word_1_845' title='bbox 2665 4836 3015 4907; x_wconf 85' lang='lat' dir='ltr'><strong>permittitur.</strong></span> <span class='ocrx_word' id='word_1_846' title='bbox 3060 4832 3229 4888; x_wconf 88' lang='lat' dir='ltr'><strong>Debet</strong></span> <span class='ocrx_word' id='word_1_847' title='bbox 3256 4832 3400 4888; x_wconf 86' lang='lat' dir='ltr'><strong>enim</strong></span> <span class='ocrx_word' id='word_1_848' title='bbox 3427 4847 3522 4887; x_wconf 87' lang='lat' dir='ltr'><strong>eas</strong></span> 
     </span>
    </p>
   </div>
   <div class='ocr_carea' id='block_1_107' title="bbox 1953 4928 3522 5003">
    <p class='ocr_par' dir='ltr' id='par_1_107' title="bbox 1953 4928 3522 5003">
     <span class='ocr_line' id='line_1_107' title="bbox 1953 4928 3522 5003; baseline -0.008 -11"><span class='ocrx_word' id='word_1_849' title='bbox 1953 4952 2193 5003; x_wconf 86' lang='lat' dir='ltr'><strong>servare,</strong></span> <span class='ocrx_word' id='word_1_850' title='bbox 2225 4936 2399 4990; x_wconf 89' lang='lat' dir='ltr'><strong>donec</strong></span> <span class='ocrx_word' id='word_1_851' title='bbox 2426 4949 2613 4988; x_wconf 85' lang='lat' dir='ltr'><strong>earum</strong></span> <span class='ocrx_word' id='word_1_852' title='bbox 2656 4932 2910 4988; x_wconf 84' lang='lat' dir='ltr'><strong>dominus</strong></span> <span class='ocrx_word' id='word_1_853' title='bbox 2943 4929 3063 4984; x_wconf 88' lang='lat' dir='ltr'><strong>illas</strong></span> <span class='ocrx_word' id='word_1_854' title='bbox 3108 4928 3423 4999; x_wconf 77' lang='lat' dir='ltr'><strong>cognoverit</strong></span> <span class='ocrx_word' id='word_1_855' title='bbox 3467 4940 3522 4980; x_wconf 84' lang='lat' dir='ltr'><strong>et</strong></span> 
     </span>
    </p>
   </div>
   <div class='ocr_carea' id='block_1_108' title="bbox 1951 5019 3521 5101">
    <p class='ocr_par' dir='ltr' id='par_1_108' title="bbox 1951 5019 3521 5101">
     <span class='ocr_line' id='line_1_108' title="bbox 1951 5019 3521 5101; baseline -0.008 -16"><span class='ocrx_word' id='word_1_856' title='bbox 1951 5029 2247 5101; x_wconf 65' lang='lat' dir='ltr'><strong>quaesierit.</strong></span> <span class='ocrx_word' id='word_1_857' title='bbox 2270 5027 2471 5082; x_wconf 88' lang='lat' dir='ltr'><strong>Deinde</strong></span> <span class='ocrx_word' id='word_1_858' title='bbox 2498 5026 2678 5090; x_wconf 86' lang='lat' dir='ltr'><strong>infert,</strong></span> <span class='ocrx_word' id='word_1_859' title='bbox 2711 5023 2857 5095; x_wconf 80' lang='lat' dir='ltr'><strong>quod</strong></span> <span class='ocrx_word' id='word_1_860' title='bbox 2885 5023 2929 5077; x_wconf 91' lang='lat' dir='ltr'><strong>si</strong></span> <span class='ocrx_word' id='word_1_861' title='bbox 2963 5023 3080 5093; x_wconf 78' lang='lat' dir='ltr'><strong>lege</strong></span> <span class='ocrx_word' id='word_1_862' title='bbox 3114 5019 3351 5075; x_wconf 80' lang='lat' dir='ltr'><strong>Mosaica</strong></span> <span class='ocrx_word' id='word_1_863' title='bbox 3387 5019 3521 5074; x_wconf 90' lang='lat' dir='ltr'><strong>nulli</strong></span> 
     </span>
    </p>
   </div>
   <div class='ocr_carea' id='block_1_109' title="bbox 1952 5108 3519 5189">
    <p class='ocr_par' dir='ltr' id='par_1_109' title="bbox 1952 5108 3519 5189">
     <span class='ocr_line' id='line_1_109' title="bbox 1952 5108 3519 5189; baseline -0.01 -12"><span class='ocrx_word' id='word_1_864' title='bbox 1952 5124 2096 5188; x_wconf 87' lang='lat' dir='ltr'><strong>licet,</strong></span> <span class='ocrx_word' id='word_1_865' title='bbox 2132 5136 2193 5175; x_wconf 87' lang='lat' dir='ltr'><strong>ea</strong></span> <span class='ocrx_word' id='word_1_866' title='bbox 2228 5134 2348 5189; x_wconf 65' lang='lat' dir='ltr'><strong>quae</strong></span> <span class='ocrx_word' id='word_1_867' title='bbox 2388 5120 2454 5173; x_wconf 84' lang='lat' dir='ltr'><strong>ad</strong></span> <span class='ocrx_word' id='word_1_868' title='bbox 2486 5120 2621 5173; x_wconf 90' lang='lat' dir='ltr'><strong>alios</strong></span> <span class='ocrx_word' id='word_1_869' title='bbox 2651 5117 2944 5186; x_wconf 88' lang='lat' dir='ltr'><strong>pertinent,</strong></span> <span class='ocrx_word' id='word_1_870' title='bbox 2989 5122 3249 5183; x_wconf 89' lang='lat' dir='ltr'><strong>tanquam</strong></span> <span class='ocrx_word' id='word_1_871' title='bbox 3285 5123 3384 5164; x_wconf 89' lang='lat' dir='ltr'><strong>sua</strong></span> <span class='ocrx_word' id='word_1_872' title='bbox 3414 5108 3519 5162; x_wconf 76' lang='grc' dir='ltr'>εἱιιί</span> 
     </span>
    </p>
   </div>
   <div class='ocr_carea' id='block_1_110' title="bbox 1951 5197 3514 5283">
    <p class='ocr_par' dir='ltr' id='par_1_110' title="bbox 1951 5197 3514 5283">
     <span class='ocr_line' id='line_1_110' title="bbox 1951 5197 3514 5283; baseline -0.012 -16"><span class='ocrx_word' id='word_1_873' title='bbox 1951 5214 2171 5283; x_wconf 85' lang='lat' dir='ltr'><strong>pr0pria</strong></span> <span class='ocrx_word' id='word_1_874' title='bbox 2221 5210 2515 5276; x_wconf 85' lang='lat' dir='ltr'><strong>ascribere,</strong></span> <span class='ocrx_word' id='word_1_875' title='bbox 2547 5207 2661 5262; x_wconf 87' lang='lat' dir='ltr'><strong>sive</strong></span> <span class='ocrx_word' id='word_1_876' title='bbox 2688 5206 2724 5261; x_wconf 89' lang='lat' dir='ltr'><strong>ii</strong></span> <span class='ocrx_word' id='word_1_877' title='bbox 2765 5204 2874 5260; x_wconf 89' lang='lat' dir='ltr'><strong>sint</strong></span> <span class='ocrx_word' id='word_1_878' title='bbox 2911 5202 3094 5265; x_wconf 85' lang='lat' dir='ltr'><strong>amici,</strong></span> <span class='ocrx_word' id='word_1_879' title='bbox 3139 5200 3253 5256; x_wconf 85' lang='lat' dir='ltr'><strong>sive</strong></span> <span class='ocrx_word' id='word_1_880' title='bbox 3285 5197 3514 5261; x_wconf 88' lang='lat' dir='ltr'><strong>inimici,</strong></span> 
     </span>
    </p>
   </div>
   <div class='ocr_carea' id='block_1_111' title="bbox 1954 5287 3519 5369">
    <p class='ocr_par' dir='ltr' id='par_1_111' title="bbox 1954 5287 3519 5369">
     <span class='ocr_line' id='line_1_111' title="bbox 1954 5287 3519 5369; baseline -0.012 -12"><span class='ocrx_word' id='word_1_881' title='bbox 1954 5302 2166 5357; x_wconf 88' lang='lat' dir='ltr'><strong>etiamsi</strong></span> <span class='ocrx_word' id='word_1_882' title='bbox 2197 5311 2436 5369; x_wconf 80' lang='lat' dir='ltr'><strong>tempore</strong></span> <span class='ocrx_word' id='word_1_883' title='bbox 2469 5299 2620 5368; x_wconf 90' lang='lat' dir='ltr'><strong>pacis</strong></span> <span class='ocrx_word' id='word_1_884' title='bbox 2644 5295 2912 5367; x_wconf 79' lang='lat' dir='ltr'><strong>neglectui</strong></span> <span class='ocrx_word' id='word_1_885' title='bbox 2944 5291 3123 5346; x_wconf 87' lang='lat' dir='ltr'><strong>habita</strong></span> <span class='ocrx_word' id='word_1_886' title='bbox 3153 5289 3283 5350; x_wconf 87' lang='lat' dir='ltr'><strong>sint,</strong></span> <span class='ocrx_word' id='word_1_887' title='bbox 3308 5287 3400 5341; x_wconf 87' lang='lat' dir='ltr'><strong>scd</strong></span> <span class='ocrx_word' id='word_1_888' title='bbox 3422 5300 3519 5340; x_wconf 87' lang='lat' dir='ltr'><strong>co-</strong></span> 
     </span>
    </p>
   </div>
   <div class='ocr_carea' id='block_1_112' title="bbox 1952 5377 3518 5464">
    <p class='ocr_par' dir='ltr' id='par_1_112' title="bbox 1952 5377 3518 5464">
     <span class='ocr_line' id='line_1_112' title="bbox 1952 5377 3518 5464; baseline -0.009 -18"><span class='ocrx_word' id='word_1_889' title='bbox 1952 5395 2098 5464; x_wconf 77' lang='lat' dir='ltr'><strong>gitur</strong></span> <span class='ocrx_word' id='word_1_890' title='bbox 2125 5407 2188 5449; x_wconf 83' lang='lat' dir='ltr'><strong>ea</strong></span> <span class='ocrx_word' id='word_1_891' title='bbox 2216 5391 2453 5446; x_wconf 87' lang='lat' dir='ltr'><strong>dominis</strong></span> <span class='ocrx_word' id='word_1_892' title='bbox 2481 5391 2724 5460; x_wconf 90' lang='lat' dir='ltr'><strong>ipsorum</strong></span> <span class='ocrx_word' id='word_1_893' title='bbox 2749 5387 3051 5450; x_wconf 79' lang='lat' dir='ltr'><strong>restituere,</strong></span> <span class='ocrx_word' id='word_1_894' title='bbox 3084 5378 3335 5450; x_wconf 89' lang='lat' dir='ltr'><strong>quamvis</strong></span> <span class='ocrx_word' id='word_1_895' title='bbox 3358 5377 3518 5432; x_wconf 79' lang='lat' dir='ltr'><strong>luxu-</strong></span> 
     </span>
    </p>
   </div>
   <div class='ocr_carea' id='block_1_113' title="bbox 1952 5468 3517 5549">
    <p class='ocr_par' dir='ltr' id='par_1_113' title="bbox 1952 5468 3517 5549">
     <span class='ocr_line' id='line_1_113' title="bbox 1952 5468 3517 5549; baseline -0.011 -8"><span class='ocrx_word' id='word_1_896' title='bbox 1952 5487 2099 5542; x_wconf 87' lang='lat' dir='ltr'><strong>riose</strong></span> <span class='ocrx_word' id='word_1_897' title='bbox 2129 5494 2180 5539; x_wconf 87' lang='lat' dir='ltr'><strong>et</strong></span> <span class='ocrx_word' id='word_1_898' title='bbox 2224 5484 2453 5538; x_wconf 87' lang='lat' dir='ltr'><strong>delicate</strong></span> <span class='ocrx_word' id='word_1_899' title='bbox 2484 5485 2691 5549; x_wconf 86' lang='lat' dir='ltr'><strong>vivant,</strong></span> <span class='ocrx_word' id='word_1_900' title='bbox 2721 5493 2821 5535; x_wconf 89' lang='lat' dir='ltr'><strong>nec</strong></span> <span class='ocrx_word' id='word_1_901' title='bbox 2853 5475 3106 5549; x_wconf 84' lang='lat' dir='ltr'><strong>proprias</strong></span> <span class='ocrx_word' id='word_1_902' title='bbox 3157 5486 3243 5529; x_wconf 83' lang='lat' dir='ltr'><strong>res</strong></span> <span class='ocrx_word' id='word_1_903' title='bbox 3274 5468 3517 5524; x_wconf 87' lang='lat' dir='ltr'><strong>invenire</strong></span> 
     </span>
    </p>
   </div>
   <div class='ocr_carea' id='block_1_114' title="bbox 353 5740 1855 5836">
    <p class='ocr_par' dir='ltr' id='par_1_114' title="bbox 353 5749 1844 5836">
     <span class='ocr_line' id='line_1_114' title="bbox 353 5749 1844 5836; baseline -0.013 -15"><span class='ocrx_word' id='word_1_904' title='bbox 353 5764 494 5836; x_wconf 74' lang='lat'><strong>(32‘)</strong></span> <span class='ocrx_word' id='word_1_905' title='bbox 526 5762 879 5836; x_wconf 28' lang='grc' dir='ltr'>Καί-φησιν’</span> <span class='ocrx_word' id='word_1_906' title='bbox 922 5758 1074 5836; x_wconf 41' lang='lat' dir='ltr'><strong>{rode</strong></span> <span class='ocrx_word' id='word_1_907' title='bbox 1094 5759 1265 5836; x_wconf 49' lang='lat' dir='ltr'><strong>rode.</strong></span> <span class='ocrx_word' id='word_1_908' title='bbox 1304 5754 1466 5836; x_wconf 80' lang='lat' dir='ltr'><strong>Fo_rte</strong></span> <span class='ocrx_word' id='word_1_909' title='bbox 1511 5749 1794 5836; x_wconf 61' lang='lat' dir='ltr'><strong>legendum</strong></span> <span class='ocrx_word' id='word_1_910' title='bbox 1831 5765 1844 5802; x_wconf 87' lang='lat'><strong>:</strong></span> 
     </span>
    </p>
   </div>
   <div class='ocr_carea' id='block_1_115' title="bbox 1959 5740 2764 5836">
    <p class='ocr_par' dir='ltr' id='par_1_115' title="bbox 1959 5740 2764 5819">
     <span class='ocr_line' id='line_1_115' title="bbox 1959 5740 2764 5819; baseline -0.005 -20"><span class='ocrx_word' id='word_1_911' title='bbox 1959 5748 1974 5799; x_wconf 77' lang='grc' dir='ltr'><strong>ι</strong></span> <span class='ocrx_word' id='word_1_912' title='bbox 2002 5745 2139 5819; x_wconf 80' lang='grc' dir='ltr'>πρὸς</span> <span class='ocrx_word' id='word_1_913' title='bbox 2166 5748 2315 5809; x_wconf 79' lang='grc' dir='ltr'>τοὺς.</span> <span class='ocrx_word' id='word_1_914' title='bbox 2348 5743 2505 5799; x_wconf 81' lang='lat' dir='ltr'><strong>Lntr.</strong></span> <span class='ocrx_word' id='word_1_915' title='bbox 2524 5740 2764 5798; x_wconf 73' lang='lat' dir='ltr'><strong>PA&#39;IROL.</strong></span> 
     </span>
    </p>
   </div>
   <div class='ocr_carea' id='block_1_116' title="bbox 353 5822 1827 5905">
    <p class='ocr_par' dir='ltr' id='par_1_116' title="bbox 353 5822 1827 5905">
     <span class='ocr_line' id='line_1_116' title="bbox 353 5822 1827 5905; baseline -0.008 -16"><span class='ocrx_word' id='word_1_916' title='bbox 353 5822 903 5905; x_wconf 64' lang='grc' dir='ltr'><strong>(55)’Μετὰ’πᾶσαν.</strong></span> <span class='ocrx_word' id='word_1_917' title='bbox 942 5822 1105 5893; x_wconf 72' lang='lat' dir='ltr'><strong>LXX,</strong></span> <span class='ocrx_word' id='word_1_918' title='bbox 1142 5829 1281 5882; x_wconf 83' lang='grc' dir='ltr'><strong>κατά</strong></span> <span class='ocrx_word' id='word_1_919' title='bbox 1318 5828 1496 5880; x_wconf 77' lang='grc' dir='ltr'>πᾶσαν</span> <span class='ocrx_word' id='word_1_920' title='bbox 1530 5822 1827 5877; x_wconf 78' lang='grc' dir='ltr'>ἀπώλειαν.</span> 
     </span>
    </p>
   </div>
   <div class='ocr_carea' id='block_1_117' title="bbox 534 5924 1081 5989">
    <p class='ocr_par' dir='ltr' id='par_1_117' title="bbox 534 5924 1081 5989">
     <span class='ocr_line' id='line_1_117' title="bbox 534 5924 1081 5989; baseline -0.011 0"><span class='ocrx_word' id='word_1_921' title='bbox 534 5930 806 5989; x_wconf 60' lang='lat' dir='ltr'><strong>Panos.</strong></span> <span class='ocrx_word' id='word_1_922' title='bbox 845 5925 962 5984; x_wconf 71' lang='grc' dir='ltr'>ϐιι.</span> <span class='ocrx_word' id='word_1_923' title='bbox 1000 5924 1081 5989; x_wconf 63' lang='grc' dir='ltr'><strong>Χ,</strong></span> 
     </span>
    </p>
   </div>
   <div class='ocr_carea' id='block_1_118' title="bbox 3133 5901 3214 5961">
    <p class='ocr_par' dir='ltr' id='par_1_118' title="bbox 3133 5901 3214 5961">
     <span class='ocr_line' id='line_1_118' title="bbox 3133 5901 3214 5961; baseline 0.012 -1"><span class='ocrx_word' id='word_1_924' title='bbox 3133 5901 3214 5961; x_wconf 80' lang='grc'><strong>33</strong></span> 
     </span>
    </p>
   </div>
  </div>
