3834 6752
458 298 639 361 40⁸55

1609 302 1667 359 S.
1706 302 2041 361 'GREGORII
2079 301 2325 363 THAUM
2335 305 2592 365 ATURGI

3557 325 3669 386 1036

500 429 698 479 curent
725 440 740 478 :
770 429 976 492 quanto
1012 420 1190 491 magis
1218 420 1380 478 debet
1412 422 1458 478 is
1486 423 1580 494 qui
1617 439 1709 480 res
1736 424 1941 482 invenit
1963 424 2066 480 fra-

2167 397 2459 498 εόρέσεως·
2516 430 2668 499 πόσῳ
2722 430 2920 501 μᾶλλον
2970 431 3173 503 ὀφείλει
3217 435 3247 487 ό
3285 434 3449 507 εὑρὼν
3485 438 3672 511 ἀδελφοῦ

502 517 606 571 tris
635 514 862 571 adversa
889 514 1111 569 fortuna
1147 514 1375 582 utentis,
1408 515 1543 571 etin
1573 517 1944 588 captivitatem
1985 519 2077 574 ab.

500 605 1051 675 ducti,velharbaros
1067 607 1348 680 fugientis,
1375 618 1430 666 et
1456 611 1548 682 qui
1575 610 1629 666 in
1660 620 1809 667 tanta
1844 611 2075 668 necessi-

501 710 612 759 tate
633 718 732 757 sua
750 701 993 772 neglecta
1016 701 1255 771 reliquit.
1270 718 1363 758 eas
1387 711 1495 758 tam
1514 702 1849 759 infortunato
1864 704 2072 760 homini

497 795 823 850 restituere?
849 794 1027 864 Atque
1052 796 1169 849 haec
1197 795 1414 865 quidem
1442 804 1662 852 sanctus
1688 795 1943 851 describit
1971 812 1985 850 :
2019 806 2073 851 et

498 890 656 943 docet
675 886 931 956 deinceps
942 888 1218 956 quomodo
1231 886 1410 957 puniri
1432 887 1681 952 debeant,
1695 895 1749 942 et
1769 886 1862 957 qui
1877 901 1963 942 res
1977 901 2071 942 eas

501 986 817 1047 rapuerunt,
839 987 891 1032 et
927 977 1020 1047 qui
1039 992 1148 1033 non
1182 986 1498 1048 rapuerunt,
1521 978 1613 1034 sed
1648 978 1991 1044 invenerunt,
2016 986 2071 1032 et

500 1071 600 1142 qui
626 1078 914 1140 postquam
944 1068 1267 1125 invenerunt
1300 1084 1395 1125 eas
1419 1084 1526 1123 non
1554 1069 1927 1124 restituerunt.
1956 1067 2068 1123 Lex

495 1171 681 1217 autem
710 1161 888 1216 civilis
927 1161 1042 1217 haae
1073 1175 1332 1231 expresse
1356 1161 1488 1216 dicit
1530 1159 1584 1214 in
1611 1161 1847 1215 themate
1870 1161 1923 1224 5.
1945 1174 2065 1230 cap.

494 1258 586 1322 45,
622 1256 704 1311 tit.
740 1255 831 1321 12,
862 1254 960 1310 lib.
993 1270 1061 1309 ιι
1089 1269 1102 1307 :
1140 1253 1247 1321 Qui
1274 1269 1387 1309 rem
1420 1254 1652 1309 alienam
1684 1253 1945 1323 abjectam
1973 1268 2067 1307 ac-

495 1348 648 1417 cipit,
690 1354 753 1401 ut
790 1360 914 1400 eam
952 1345 1215 1411 lucretur,
1258 1347 1473 1401 etiamsi
1515 1347 1732 1418 ignorat
1759 1345 1919 1416 cujus
1955 1345 2065 1411 sit,

494 1450 578 1496 est
604 1438 735 1496 furti
764 1439 965 1494 actioni
1000 1438 1271 1493 obnoxius
1298 1455 1311 1492 :
1341 1436 1449 1494 nisi
1479 1437 1622 1494 forte
1655 1436 1910 1493 dominus
1943 1451 2066 1491 eam

494 1532 570 1585 ita
598 1529 900 1600 reliquerit,
932 1536 991 1582 ut
1024 1526 1184 1596 cujus
1212 1527 1420 1582 nullam
1463 1542 1653 1583 curam
1696 1538 1866 1597 gerat.
1912 1523 2066 1580 Tunc

493 1624 638 1679 enim
680 1621 893 1677 etiamsi
918 1627 978 1675 ut
1006 1634 1069 1674 ea
1109 1621 1297 1673 iurans
1328 1620 1555 1689 ceperit,
1599 1618 1858 1689 quoniam
1894 1617 2066 1688 ipsius

493 1729 616 1770 esse
646 1712 829 1776 desiit,
856 1709 987 1765 furti
1013 1725 1118 1764 non
1144 1718 1378 1765 tenetur.
1412 1707 1533 1764 Non
1561 1710 1706 1764 enim
1740 1708 1799 1763 ﬁt
1835 1708 2062 1777 furtum,

2175 516 2559 591 δυστυχοῦντος
2591 522 2685 574 καὶ
2716 523 3291 597 αίχμαλωτισθέντοςῆ
3322 527 3411 579 καὶ
3436 528 3677 600 φεύγοντος

2173 611 2300 674 τοὺς
2348 609 2689 684 βαρϐάρους,
2744 614 3065 686 πράγματα,
3123 617 3223 671 καὶ
3276 619 3411 672 κατᾶ
3458 624 3677 696 τοσαύτην

2172 700 2416 773 ἀνάγκην
2452 703 2553 775 ἀτη
2563 703 2766 776 μὲλητα
2806 706 3192 772 καταλιπόντος
3241 709 3308 763 τὰ
3354 711 3533 780 οἰκεῖα,
3572 715 3675 770 ἀπο.

2171 790 2431 864 καθιστᾷν
2475 793 2613 847 αὑτά
2656 796 2793 867 πρὸς
2840 797 2900 849 τὸ
2952 797 3114 870 μέρος
3171 799 3265 853 τοῦ
3318 800 3451 855 οὕτω
3490 803 3685 875 δυσπραο

2169 880 2393 950 γοῦντος
2440 883 2763 955 ἀνθρώπου;
2819 887 2928 940 Καὶ
2970 889 2998 940 ό
3049 888 3146 957 μὲν
3200 888 3354 956 ἅγιος
3404 891 3557 945 ταῦτα
3595 895 3685 948 ἐϐέ-

2173 987 2361 1024 σπισε’
2408 971 2500 1025 καὶ
2539 972 2736 1043 ἐφεξῆς
2788 973 3026 1029 διδάσκει
3068 976 3187 1040 πῶς
3219 977 3509 1046 ὀφείλουσιν
3551 983 3686 1036 ἐπιτι-

2173 1061 2375 1133 μᾶσθαι
2413 1063 2466 1115 οἶ
2502 1078 2562 1115 τε
2617 1063 2959 1134 ἁρπάσαντες
3010 1064 3078 1118 τά
3125 1067 3356 1121 τοιαῦτα
3414 1070 3686 1142 πράγματα,

2169 1153 2264 1206 καὶ
2289 1153 2338 1206 οἱ
2366 1153 2439 1224 μὴ
2473 1153 2828 1225 ἁρπάζοντες,
2870 1156 3004 1210 ἀλλὰ
3046 1158 3327 1229 εὑρόντες·
3369 1159 3497 1231 πρὸς
3529 1161 3581 1215 δὲ
3618 1168 3688 1219 καὶ

2167 1249 2217 1301 ot
2276 1247 2416 1318 μετὰ
2478 1249 2576 1320 τὴν
2635 1248 2851 1321 εὕρεσιν
2916 1251 2990 1321 μὴ
3044 1250 3514 1316 ἀποκαθιστιῖωτες
3562 1256 3687 1310 αὐτὰ.

2178 1340 2238 1393 ‘0
2276 1339 2332 1392 δὲ
2382 1340 2657 1405 πολιτικὸς
2691 1341 2856 1413 νόμος
2898 1342 3061 1414 φησιν
3092 1343 3149 1397 ὲν
3180 1342 3379 1415 θέματι
3402 1342 3461 1406 ε’,
3502 1342 3585 1400 τοῦ
3622 1352 3689 1417 μγ

2165 1430 2486 1500 κεφαλαίου,
2534 1431 2629 1485 τοῦ
2666 1430 2743 1504 ιβ’
2788 1429 2990 1499 τίτλου,
3037 1432 3131 1485 τοῦ
3189 1431 3235 1499 ξ’
3290 1431 3511 1502 βιϐλίου,
3555 1435 3690 1488 ταῦτα

2168 1524 2378 1594 ῥητῶς⁹
2416 1524 2473 1577 Ὁ
2493 1523 2557 1577 τὸ
2589 1522 2867 1596 ἀλλότριον
2909 1526 3137 1597 πρᾶγμα
3166 1525 3495 1597 ὲρῤιμμένον
3525 1524 3691 1597 λαμϐά-

2165 1631 2271 1667 νων
2293 1614 2385 1668 ἐπὶ
2397 1614 2474 1687 τῷ
2489 1614 2765 1686 κερδᾶναι,
2788 1614 2891 1669 κᾶν
2914 1616 3079 1687 ἀγνοῇ
3109 1615 3258 1680 τίνος
3274 1617 3440 1677 ἐστὶν,
3458 1618 3690 1672 ὑπόκειται

2164 1709 2232 1778 τῇ
2282 1708 2411 1778 περὶ
2465 1707 2674 1778 κλοπῆς
2714 1709 2927 1779 άγωγῇο
2985 1711 3031 1760 εί
3087 1709 3163 1779 μὴ
3194 1708 3307 1778 ἄρα
3340 1707 3687 1779 ἀπρονόητωό

494 1806 602 1862 nisi
635 1807 709 1863 sit
736 1804 828 1861 cui
855 1803 1061 1858 furtum
1104 1804 1217 1857 ﬁat.
1261 1801 1320 1856 Si
1348 1810 1528 1856 autem
1558 1802 1704 1873 quod
1730 1817 1834 1857 non
1860 1813 1945 1858 est
1966 1816 2066 1874 pro

2167 1797 2430 1869 δεσπότης
2460 1795 2642 1851 εἴασεν
2689 1797 2851 1851 αὐτό⁶
2912 1798 3032 1851 τότε
3069 1797 3181 1871 γὰρ
3224 1798 3334 1852 κᾶν
3380 1799 3454 1862 ὡς
3494 1799 3691 1853 κλέπτων

494 1895 754 1951 derelicto
782 1894 1054 1959 habitum,
1091 1908 1192 1962 pro
1235 1891 1494 1946 derelicto
1532 1906 1652 1947 esse
1678 1890 1920 1946 habitum
1946 1892 2064 1946 exi-

496 1988 758 2055 stimavit,
803 2001 914 2043 non
961 1996 1046 2042 est
1080 1984 1203 2051 fur;
1238 1983 1487 2038 siautem
1532 1996 1634 2036 nec
1674 1996 1773 2052 pro
1809 1981 2066 2037 derelicto

493 2082 819 2146 habebatur,
849 2094 952 2134 nec
974 2093 1073 2149 pro
1092 2075 1350 2131 derelicto
1384 2073 1570 2128 haberi
1600 2072 1950 2138 existimavit,
1971 2088 2064 2128 ac-

496 2172 638 2244 cepit
663 2177 846 2226 autem
894 2177 960 2223 ut
1001 2166 1226 2223 domino
1274 2164 1497 2219 invento
1546 2162 1815 2228 redderet,
1853 2161 2067 2216 actione

492 2260 625 2319 furti
671 2276 781 2316 non
826 2266 1064 2325 tenetur,
1096 2256 1312 2313 etiamsi
1352 2269 1454 2325 pro
1490 2253 1803 2309 inventione
1834 2254 2065 2323 pretium

494 2352 785 2423 acceperit.
806 2348 1067 2404 Similiter
1083 2356 1137 2402 et
1157 2345 1220 2401 61
1250 2361 1397 2415 cap.,
1416 2344 1450 2399 5
1469 2345 1577 2411 tit.,
1593 2359 1624 2397 1.
1646 2342 1743 2397 lib.
1766 2343 1845 2399 sic
1858 2343 2024 2398 habet
2048 2360 2061 2397 :

496 2446 555 2500 Si
593 2444 719 2515 quis
744 2442 988 2497 absentis
1015 2455 1130 2494 rem
1160 2450 1442 2494 vacantem
1474 2437 1828 2502 detinuisset,
1854 2450 1963 2490 non
1985 2443 2065 2489 te-

493 2540 727 2596 nebatur
768 2536 897 2591 olim
950 2535 1036 2590 vel
1090 2533 1378 2589 interdicto
1429 2532 1496 2585 de
1525 2530 1601 2596 vi,
1637 2528 1720 2582 vel
1755 2526 2060 2591 interdicto,

494 2629 654 2698 Quod
676 2629 727 2684 vi
751 2636 845 2683 aut
877 2627 1043 2692 clam,
1076 2625 1185 2681 nisi
1214 2623 1495 2694 utiquerei
1523 2619 1901 2683 vindicatione,
1929 2633 2063 2688 qua-

493 2728 654 2774 tenus
680 2717 878 2772 absens
909 2723 1026 2770 erat
1051 2715 1327 2769 dominus.
1372 2709 1483 2766 Nos
1503 2725 1630 2781 ergo
1656 2707 1908 2762 volumus
1938 2721 2059 2761 eum

493 2816 554 2861 ut
580 2806 673 2877 qui
698 2807 770 2861 sit
792 2817 1102 2875 possessor,
1127 2801 1364 2873 generali
1390 2801 1457 2873 de
1475 2801 1526 2854 vi
1554 2799 1840 2853 interdicto
1866 2799 2058 2852 teneri.

490 2895 593 2953 Est
616 2896 761 2951 enim
785 2894 1074 2949 ridiculum
1102 2892 1283 2946 dicere
1310 2890 1455 2961 quod
1482 2891 1760 2960 proprium
1782 2889 2062 2943 existima-

490 2991 626 3047 bant
669 2990 725 3045 id
767 2988 911 3057 quod
958 2995 1042 3041 est
1087 2986 1322 3039 alienum
1350 3002 1364 3036 :
1390 2982 1847 3053 quemadmodum
1894 2989 1949 3036 et
1995 2981 2062 3035 de

494 3081 631 3137 furti
658 3080 712 3135 in
742 3078 967 3148 duplum
1008 3076 1222 3131 actione
1261 3074 1521 3139 diximus,
1567 3073 1713 3144 quod
1751 3073 1843 3144 qui
1869 3082 2063 3143 praeter

496 3171 704 3228 domini
735 3169 1057 3226 sententiam
1080 3181 1143 3222 ac
1161 3166 1493 3221 voluntatem
1517 3174 1838 3220 contrectat.
1857 3164 2059 3219 furtum

497 3264 803 3321 committit.
842 3260 969 3318 Haec
1014 3268 1196 3315 autem
1233 3258 1470 3315 dicimus
1499 3257 1607 3313 nisi
1640 3273 1748 3312 xu
1794 3272 2062 3313 annorum

495 3357 734 3427 spatium
776 3352 1112 3425 praeterierit,
1160 3368 1227 3407 ex
1273 3366 1384 3422 quo
1423 3350 1823 3421 possessionem
1871 3364 2064 3420 appre-

496 3447 704 3509 hendit.
743 3444 883 3501 Nota
926 3460 1048 3515 quae
1087 3445 1175 3499 hic
1202 3444 1269 3499 de
1303 3443 1641 3513 captivorum
1675 3443 1840 3498 rebus
1865 3441 2062 3513 scripta

497 3548 648 3595 sunt.
676 3537 819 3610 Lege
848 3539 1008 3593 etiam
1032 3538 1125 3592 lib.
1158 3552 1346 3601 xxxrv,
1379 3536 1463 3590 tit.
1488 3535 1539 3602 1,
1567 3551 1689 3606 cap.
1718 3534 1806 3600 17,
1833 3534 2020 3590 dicens
2046 3551 2061 3589 :
2094 3578 2095 3581 η

495 3628 764 3701 Receptos
789 3630 857 3684 ab
886 3628 1135 3683 hostibus
1160 3641 1342 3697 agros,
1371 3626 1464 3696 qui
1494 3626 1646 3696 prius
1674 3632 1832 3680 erant
1859 3624 2065 3681 domini

497 3723 767 3792 recipiunt
791 3738 807 3789 ;
836 3736 942 3776 non
977 3719 1123 3776 enim
1141 3721 1261 3775 loco
1287 3718 1483 3790 praedae
1510 3728 1658 3786 sunt,
1689 3732 1865 3789 neque
1890 3717 2067 3788 publi-

498 3821 716 3870 cantur.
741 3810 851 3880 Qui
880 3827 949 3867 ex
983 3811 1233 3867 hostibus
1264 3811 1410 3867 enim
1443 3810 1752 3881 rapiuntur,
1787 3824 1897 3863 non
1930 3808 2068 3863 ﬁunt

495 3903 728 3975 publici.
752 3900 892 3960 Nota
927 3917 1057 3974 ergo
1085 3902 1232 3975 quod
1253 3903 1420 3961 etiam
1448 3910 1503 3957 et
1524 3900 1826 3957 canonibus
1853 3908 1908 3954 et
1934 3899 2068 3971 legi-

493 3999 623 4064 bus,
651 4012 764 4052 non
796 3996 975 4052 solum
1001 3995 1096 4067 qui
1125 3980 1464 4067 captivorum
1496 4010 1586 4050 res
1612 3994 1992 4065 depraedautur
2016 4001 2070 4044 ct

491 4087 785 4160 diripiunt,
829 4088 1130 4159 puniuntur
1171 4097 1226 4142 et
1267 4095 1551 4155 tenentur;
1579 4085 1675 4143 sed
1709 4086 1873 4141 etiam
1904 4085 1943 4139 ii
1974 4084 2066 4154 qui

494 4175 614 4239 rem
655 4181 991 4237 immobilem
1030 4188 1316 4235 vacantem
1357 4179 1635 4235 invenisse
1666 4192 1725 4234 se
1757 4179 1947 4234 dicunt
1968 4219 1983 4245 ,
2015 4187 2070 4231 et

493 4290 604 4331 non
645 4274 836 4331 statim
880 4288 996 4329 rem
1041 4271 1314 4342 aperiunt,
1345 4278 1400 4325 et
1427 4285 1549 4325 eam
1596 4269 1819 4324 nomine
1860 4267 2068 4323 domini

492 4372 807 4445 possident;
841 4370 1145 4427 secundum
1178 4368 1350 4440 legem
1382 4366 1601 4436 quidem
1638 4363 2067 4420 ecclesiasticam

2164 1888 2297 1942 αὐτὸ
2316 1887 2526 1953 ἔλαϐεν,
2561 1888 2747 1960 ἐπειδὴ
2796 1889 3069 1942 ἐπαύσατο
3090 1888 3259 1944 αὑτοῦ
3294 1884 3454 1953 εἶναι,
3480 1888 3568 1961 οὐχ
3594 1891 3692 1944 ὑπό-

2165 1995 2363 2033 κειται.
2397 1980 2587 2053 Κλοπὴ
2618 1981 2726 2053 γὰρ
2767 1982 2827 2036 οὐ
2862 1983 3068 2052 γίνεται
3105 1982 3182 2055 μὴ
3215 1982 3371 2046 ὄντος
3414 1982 3502 2037 τοῦ
3531 1984 3691 2057 κλοπὴν

2166 2071 2556 2142 ὑφισταμένου.
2605 2073 2669 2127 Εἰ
2710 2072 2766 2125 δὲ
2810 2072 2872 2126 τὸ
2908 2073 2981 2145 μὴ
3021 2074 3080 2128 ὂν
3109 2075 3449 2147 ἀπρονόητον
3493 2076 3692 2146 ἐνόμισεν

2165 2163 2516 2235 ἀπρονόητον,
2566 2164 2665 2217 οὐκ
2707 2163 2822 2218 ἐστι
2875 2165 3135 2238 κλέπτης·
3167 2168 3219 2220 εί
3265 2166 3326 2219 δὲ
3364 2166 3438 2238 μὴ
3459 2161 3522 2237 ἦν
3557 2168 3691 2240 ἀπρο-

2164 2254 2370 2326 νόητον,
2432 2256 2569 2326 μήτε
2613 2255 2880 2326 ἐνόμισεν,
2913 2256 3070 2310 ἔλαϐε
3100 2258 3183 2322 δὲ,
3214 2258 3313 2311 ἐπὶ
3335 2257 3415 2329 τῷ
3452 2257 3613 2313 δοῦναι
3633 2259 3691 2331 τῷ

2164 2346 2536 2418 εὑρισκομένῳ
2585 2346 2837 2419 δεσπότῃ,
2872 2349 2970 2420 οίνχ
3024 2349 3315 2403 ὑπόκειται
3353 2351 3421 2421 τῇ
3452 2351 3566 2422 περὶ
3592 2352 3687 2405 κλο-

2164 2440 2270 2508 πῆς
2298 2441 2509 2512 ἀγωγῇ,
2542 2440 2646 2495 κᾶν
2669 2440 2899 2513 εὗρετρα
2924 2441 3082 2513 λάϐῃ.
3115 2441 3400 2505 Ὡσαύτως
3427 2442 3515 2495 καὶ
3553 2436 3605 2491 τὸ
3624 2436 3682 2506 ξα¹

2164 2549 2288 2602 κεφ.
2314 2532 2408 2585 τοῦ
2452 2538 2501 2601 γ’
2534 2532 2713 2586 τίτλον
2759 2532 2851 2586 τοῦ
2889 2535 2932 2585 ν’
2959 2531 3163 2603 βιϐλίου
3185 2532 3333 2586 οὕτω
3364 2532 3685 2603 διαλαμϐάνειο

2175 2620 2302 2674 Ἐάν
2331 2637 2413 2684 τις
2462 2620 2693 2685 ἀπόντος
2745 2622 2976 2693 πρᾶγμα
3021 2622 3256 2694 κατέσχε
3317 2621 3580 2693 σχολάζον,
3614 2623 3688 2674 οἰκ

2163 2711 2386 2781 ἑνήγετο
2413 2709 2474 2763 τὸ
2496 2710 2725 2765 παλαιὸν
2752 2712 2784 2784 ἦ
2816 2712 2893 2784 τῷ
2920 2714 3046 2785 περὶ
3074 2713 3196 2784 βίας
3231 2714 3684 2786 παραγγέλματιῄ

2162 2800 2259 2873 τῷ,
2295 2803 2471 2873 Ὅπερ
2515 2802 2605 2875 βία
2634 2804 2666 2876 ἢ
2703 2802 2897 2877 λάθρα,
2927 2807 2976 2859 εἰ
3006 2807 3081 2877 μὴ
3111 2806 3224 2879 ἀρα
3254 2808 3323 2876 τῇ
3350 2806 3419 2858 τά
3452 2806 3549 2859 ἴδια
3581 2806 3687 2859 ἐκδι-

2163 2894 2334 2970 κούσῃ
2351 2897 2565 2967 ἀγωγῇ,
2600 2898 2659 2950 ὲν
2686 2890 2729 2964 ᾧ
2761 2898 3024 2968 δεσπότης
3045 2893 3111 2969 ἦν
3137 2902 3165 2952 ό
3188 2896 3370 2951 ἀπών.
3416 2897 3587 2969 Ἡμεῖς
3601 2893 3685 2961 οὖν,

2161 2987 2237 3053 ὡς
2258 2988 2427 3060 νομέα
2460 2989 2608 3055 ὄντα,
2663 2989 2961 3062 βουλόμεθα
2995 2992 3323 3064 κρατεῖσθαι
3355 2992 3432 3063 τῷ
3466 2994 3578 3063 περὶ
3598 2992 3687 3062 βίας

2163 3081 2363 3152 γενικῷ
2399 3082 2839 3154 παραγγέλματιυ
2872 3083 3076 3152 γελοῖον
3116 3084 3227 3156 γάρ
3275 3088 3394 3139 ἐστι
3446 3086 3502 3138 τὸ
3530 3085 3685 3153 λέγειν.

2163 3173 2245 3226 ὅτι
2276 3172 2524 3245 ἐνόμιζον
2552 3174 2679 3228 ἴδιον
2728 3175 2791 3228 τὸ
2817 3174 3111 3246 ἀλλότριον·
3147 3175 3343 3249 ὥσπερ
3375 3172 3465 3230 οὗν
3493 3177 3575 3230 καὶ
3620 3178 3686 3228 ἐπὶ

2162 3266 2258 3335 τῆς
2287 3267 2410 3337 περὶ
2435 3266 2641 3338 κλοπῆς
2683 3268 2762 3332 είς
2811 3267 2872 3320 τὸ
2908 3267 3185 3321 διπλάσιον
3236 3270 3463 3340 ἀγωγῆς
3488 3268 3685 3338 εἴπομεν,

2163 3357 2294 3410 ὅτιό
2341 3359 2490 3429 παρὰ
2522 3358 2745 3437 γνώμην
2772 3358 2867 3413 τοῦ
2901 3360 3156 3414 δεσπότου
3217 3361 3482 3432 ψηλαφῶν
3527 3360 3688 3431 κλοπὴν

2164 3449 2489 3521 ἁμαρτάνει.
2539 3450 2725 3504 Ταῦτα
2767 3452 2825 3504 δέ
2857 3469 3054 3523 φαμεν,
3088 3452 3182 3507 ἐὰν
3216 3455 3294 3525 μὴ
3329 3451 3686 3525 τριακονταετίσ

2165 3542 2437 3615 παρῆλθεν
2467 3542 2527 3608 ἐξ
2559 3537 2619 3596 οὗ
2652 3544 2749 3615 τῆς
2781 3546 2950 3617 νομῆς
2987 3545 3302 3599 ἐπελάϐετο.
3334 3547 3619 3617 Σημείωσαι
3638 3544 3687 3595 τὰ

2163 3635 2396 3689 ἐνταῦθα
2453 3637 2810 3709 γεγραμμένα
2868 3638 2995 3709 περὶ
3051 3637 3161 3691 τῶν
3222 3639 3557 3711 πραγμάτων
3607 3635 3687 3689 τῶν

2163 3728 2536 3800 αἰχμαλώτων.
2582 3729 2874 3798 Ἀνάγνωθι
2901 3731 2995 3784 καὶ
3019 3730 3155 3801 βιϐλ.
3184 3730 3282 3798 λδ,
3334 3749 3435 3784 τιτ.
3479 3735 3544 3793 α’,
3587 3744 3682 3795 κερ.

2168 3818 2255 3884 ιζ’,
2290 3820 2467 3889 λέγον·
2516 3820 2653 3884 Τοὺς
2686 3821 3089 3893 ἀναληφθέντας
3119 3821 3272 3895 παρὰ
3323 3823 3431 3876 τῶν
3466 3820 3687 3891 πολεμίων

2165 3913 2367 3983 ἀγροὺς
2397 3914 2447 3965 οἱ
2479 3911 2669 3985 πρώην
2697 3911 3136 3984 ἀναλαμϐάνουσι
3160 3913 3440 3970 δεσπόται·
3462 3915 3518 3968 οὐ
3538 3913 3626 3983 γὰρ
3645 3912 3686 3963 ἐν

2165 4007 2314 4073 τάξει
2346 4006 2576 4078 πραίδας
2602 4005 2740 4059 εἰσὶν
2775 4005 2895 4058 οὐδὲ
2937 4005 3181 4077 δημόσιοι
3229 4008 3486 4077 γίνονται.
3515 4005 3580 4059 Οὐ
3607 4002 3686 4074 γὰρ

2163 4097 2272 4152 τῶν
2302 4097 2576 4169 πολεμίων
2602 4095 3020 4168 λαμϐανόμενοι,
3057 4098 3296 4166 γίνονται
3335 4100 3583 4172 δημόσιοι.
3610 4097 3686 4164 Ση-

2169 4191 2397 4263 μείωσαι
2421 4185 2535 4253 οὖν,
2570 4189 2651 4242 ὃτι
2683 4189 2777 4241 καὶ
2806 4190 2914 4257 ἀπὸ
2944 4189 3053 4244 τῶν
3087 4191 3330 4245 κανόνων
3372 4191 3463 4245 καὶ
3489 4189 3583 4244 ἀπὸ
3607 4185 3687 4240 τῶν

2165 4284 2344 4356 νόμων
2368 4283 2430 4336 οὐ
2464 4281 2612 4354 μόνοι
2645 4282 2696 4334 οἱ
2724 4280 2794 4335 τὰ
2845 4281 2952 4335 τῶν
3005 4283 3542 4353 αξχμαλωτισθέντων
3581 4282 3685 4335 ἀπο-

2168 4376 2433 4439 συλῶντες
2477 4375 2509 4447 ἢ
2552 4374 2888 4446 ἁρπάζοντες
2933 4375 3250 4440 κολάζονται
3297 4378 3392 4431 καί¹
3441 4375 3686 4446 ἐνέχονται,

494 4465 577 4520 eis
596 4462 914 4536 pmnitentia
930 4460 1279 4532 injungetur;
1304 4459 1605 4514 secundum
1626 4456 1839 4512 civilem
1860 4464 2062 4520 autem,

2168 4467 2301 4522 ἀλλὰ
2334 4468 2428 4521 καὶ
2457 4469 2504 4520 οἱ
2537 4466 2745 4538 εὖρεμά
2770 4483 2823 4519 τι
2846 4466 2878 4537 ἢ
2902 4465 3155 4539 ἀκίνητον
3196 4468 3454 4540 σχολάζον
3488 4467 3686 4535 λέγοντες

497 4558 585 4613 vel
621 4567 683 4613 ut
716 4554 868 4618 fures
898 4555 1225 4626 puniuntur,
1272 4552 1319 4608 si
1347 4567 1436 4607 res
1466 4551 1569 4606 erit
1604 4549 1845 4614 mobilis,
1872 4548 1955 4602 vel
1978 4548 2065 4601 in-

500 4649 732 4706 terdicto
759 4649 829 4705 de
858 4649 936 4713 vi,
981 4648 1027 4704 si
1076 4648 1180 4703 erit
1231 4644 1549 4701 immobilis.
1591 4643 1820 4711 Quando
1861 4650 2065 4705 autem,

496 4743 645 4814 quod
676 4742 959 4797 inventum
989 4740 1294 4812 neglectum
1326 4750 1431 4803 est,
1460 4738 1605 4808 quod
1635 4754 1666 4792 a
1699 4738 1907 4809 legibus
1939 4754 2068 4809 pro-

496 4833 816 4891 derelictum
864 4843 1233 4905 nuncupatur,
1279 4846 1389 4887 non
1421 4831 1668 4887 similiter
1699 4833 1942 4902 punitur,
1974 4834 2067 4902 qui

500 4927 553 4982 id
579 4924 834 4981 detinuit.
864 4923 970 4980 Sed
1007 4927 1052 4981 si
1086 4927 1158 4981 sit
1185 4924 1403 4996 quidem
1450 4939 1537 4979 res
1584 4924 1822 4990 mobilis,
1855 4926 2070 4996 cogitur

499 5033 620 5072 eam
663 5017 885 5075 domino
912 5017 1225 5082 restituere.
1274 5027 1329 5072 et
1369 5016 1548 5073 solum
1594 5017 1699 5071 nisi
1730 5016 1848 5087 ejus
1892 5017 2069 5073 domi—

498 5110 651 5166 nium
688 5094 972 5167 assecutus
1001 5108 1091 5174 sit,
1122 5118 1183 5164 ut
1222 5110 1379 5164 bona:
1423 5109 1545 5163 lidei
1585 5125 1892 5179 possessor,
1918 5111 2069 5165 intra

499 5202 826 5269 triennium;
878 5201 925 5256 si
965 5210 1146 5257 autem
1182 5201 1315 5257 illud
1348 5202 1643 5266 immobile,
1675 5202 1818 5272 quod
1848 5217 1947 5273 pro
1976 5203 2070 5258 de-

498 5280 997 5350 relicto'detentum
1046 5303 1150 5359 est,
1203 5294 1307 5349 nisi
1348 5294 1465 5364 ejus
1488 5293 1664 5348 factus
1693 5295 1764 5349 sit
1791 5294 2068 5360 dominus,

500 5385 642 5441 intra
668 5384 1013 5439 decennium.
1060 5384 1316 5441 Vacantis
1341 5395 1545 5453 autem,
1573 5394 1627 5439 et
1654 5386 1773 5455 ejus
1801 5385 1946 5457 quod
1972 5402 2071 5456 pro

496 5478 760 5543 derelicto
791 5479 1040 5541 habetur,
1070 5484 1263 5547 magna
1291 5486 1374 5532 est
1397 5478 1720 5534 differentia.
1745 5478 1901 5545 Quod
1926 5480 2069 5535 enim

503 5581 683 5634 vacat,
747 5572 928 5625 animo
988 5570 1351 5638 possidemus,
1403 5572 1618 5627 etiamsi
1667 5573 1720 5626 id
1755 5573 2073 5628 naturaliter

500 5675 611 5717 non
646 5663 1024 5732 possidemus;
1059 5664 1204 5733 quod
1233 5673 1413 5719 autem
1446 5681 1543 5735 pro
1571 5667 1847 5729 derelicto,
1872 5681 1971 5720 nec
1995 5665 2073 5720 ci-

500 5753 701 5826 viliter,
727 5769 827 5811 nec
863 5758 1181 5813 naturaliter
1210 5756 1586 5829 possidemus;
1615 5769 1667 5813 et
1701 5758 1821 5813 ideo
1857 5773 1888 5812 a
1914 5757 2071 5813 bonae

2168 4563 2436 4632 ἐφευρεῖν,
2457 4560 2551 4613 καὶ
2577 4560 2651 4631 μὴ
2677 4558 2874 4613 αὐτίκα
2893 4560 2954 4613 τὸ
2979 4562 3211 4632 πρᾶγμα
3230 4562 3522 4633 κατάδηλον
3545 4556 3688 4612 ποιού-

2172 4670 2342 4724 μενοι,
2369 4651 2464 4705 καὶ
2498 4650 2854 4720 φυλάττοντες
2882 4652 3011 4705 αὐτὸ
3039 4655 3120 4717 είς
3145 4653 3317 4725 ὅνομα
3339 4653 3431 4707 τοῦ
3451 4652 3681 4709 δεσπότου,

2167 4745 2308 4799 κατὰ
2348 4745 2445 4816 μὲν
2487 4744 2581 4798 τὸν
2637 4744 3086 4816 ἐκκλησιαστικὸν
3129 4746 3293 4818 νόμον
3315 4744 3684 4817 ὲπιτιμηθήσον-

2168 4856 2274 4903 ται,
2302 4836 2442 4891 κατά
2470 4836 2528 4890 δὲ
2554 4837 2646 4889 τὸν
2674 4835 2946 4891 πολιτικὸν
2975 4837 3008 4908 ἢ
3038 4837 3113 4901 ὡς
3162 4836 3393 4892 κλέπται
3423 4831 3680 4907 τιμωρηθήο

2170 4947 2373 4995 σονται,
2405 4929 2501 4983 ἐάν
2524 4931 2639 4982 ἐστι
2667 4928 2729 4980 τὸ
2757 4930 2988 4999 πρᾶγμα
3008 4928 3244 4999 κινητὸν,
3278 4928 3313 5000 ἢ
3345 4928 3419 5000 τῷ
3450 4926 3564 4997 περὶ
3594 4923 3681 4994 βίας

2171 5020 2613 5094 παραγγέλματι,
2659 5019 2753 5073 ὲάν
2784 5020 2931 5072 ἐστιν
2964 5020 3239 5091 ἀκίνητον.
3279 5021 3443 5074 Ὅταν
3477 5018 3526 5071 δὲ
3549 5017 3683 5085 dego.

2171 5110 2357 5182 νόητόν
2394 5108 2591 5162 ἔστιτὸ
2615 5108 2855 5180 εὑρεθὲν,
2888 5109 2950 5162 τὸ
2983 5109 3135 5180 παρά
3180 5113 3294 5173 τοῖς
3324 5111 3499 5181 νόμοις
3531 5101 3681 5159 καλού-

2174 5219 2332 5273 μενον
2362 5200 2795 5273 προδερέλικτον,
2810 5200 2871 5252 οὐ
2891 5199 3173 5264 κολάζεται
3194 5201 3499 5273 παρομοίως
3519 5199 3544 5250 ὁ
3562 5191 3682 5247 τοῦτο

2172 5290 2477 5362 κατασχών·
2522 5289 2636 5344 ἀλλ’
2666 5291 2715 5342 εί
2752 5292 2850 5361 μὲν
2891 5291 3108 5362 κινητόν
3159 5291 3327 5356 ἐστιν,
3373 5283 3682 5357 ἀναγκάζεται

2172 5386 2304 5439 αὐτὸ
2328 5384 2638 5445 ἀποδοῦναι,
2667 5384 2762 5435 καὶ
2793 5383 2971 5454 μόνον,
2998 5385 3047 5443 εί
3072 5384 3145 5455 μὴ
3172 5384 3453 5437 ὲδέσποσεν
3476 5376 3601 5439 αὐτὸ,
3622 5374 3681 5426 ὡς

2173 5477 2310 5548 καλῇ
2335 5476 2514 5529 πίδτει
2564 5475 2781 5543 νομεὺς,
2830 5476 2978 5539 ἐντὸς
2998 5477 3258 5548 τριετίας⁸
3291 5474 3413 5529 εἰδὲ
3456 5469 3677 5537 ἀκίνητον.

2174 5572 2306 5627 αὐτὸ
2333 5573 2509 5624 ἐκεῖνο
2531 5571 2591 5624 τὸ
2623 5568 2955 5641 κατασχεθὲν
2986 5568 3062 5632 ὼς
3108 5568 3521 5642 προδερέλικτον,
3559 5562 3598 5612 εἰ
3619 5558 3676 5629 μὴ

2174 5655 2367 5732 γέγονε
2394 5662 2583 5715 τούτου
2611 5663 2896 5733 δεσπότης,
2932 5662 3086 5725 ἐντος
3116 5662 3406 5723 δεκαετίας.
3439 5649 3658 5728 Σχολάἶον

2172 5775 2264 5820 τος
2287 5755 2341 5810 δὲ
2373 5756 2467 5811 καὶ
2514 5757 2848 5827 ἀπρονοήτου
2866 5754 3084 5826 ,μεγάλη
3116 5754 3362 5827 διαφορά.
3400 5750 3465 5804 Τὸ
3494 5746 3578 5818 μὲν
3597 5739 3676 5813 γὰρ
