3950 6326
248 393 392 446 1057

1509 389 1839 448 EPISTULA
1873 391 2236 448 CANONICA.

3345 393 3481 450 1058

242 504 508 576 σχολάζον
536 506 680 579 ψυχῇ
706 507 999 580 νεμόμεθα,
1030 509 1132 562 κᾶν
1165 508 1404 578 φυσικῶς
1431 507 1563 562 αὑτὸ
1593 507 1654 560 οὑ
1689 524 1804 560 κατ·

1922 508 2041 564 ﬁdei
2068 522 2380 578 possessore
2415 505 2532 574 ejus
2561 504 2859 560 dominium
2883 505 3201 576 acquiritur.
3235 504 3360 563 llaec
3384 523 3480 567 au-

242 599 448 670 έχομεν
469 617 483 629 ο
532 599 592 652 τὺ
623 601 679 654 δὲ
707 602 1115 672 προδερέλικτον
1147 601 1270 656 οὑδὲ
1298 602 1541 673 νομίμως
1567 601 1687 653 οὑδὲ
1715 617 1812 669 φυο

243 691 419 754 σικῶς
447 692 780 762 κατέχομεν·
838 694 932 746 καὶ
980 693 1068 746 διὰ
1110 692 1267 746 τοῦτο
1310 693 1626 756 δεσπόζεται
1663 693 1812 762 παρά

238 781 343 834 τοῦ
368 782 506 853 καλῇ
533 784 711 836 πίστει
758 784 1083 854 νεμηθέντος
1116 786 1264 839 αὑτό.
1315 785 1499 839 Ταῦτα
1546 784 1601 836 δὲ
1631 782 1812 854 χώραν

238 874 349 926 οὐκ
377 874 587 944 ἔχουσιν
615 875 705 928 ἐπὶ
729 876 834 928 τῶν
862 878 1167 947 ἀνηκόντων
1188 880 1296 940 τοῖς
1314 874 1808 948 αἰχμαλωτισθεῖσι·

1920 610 2027 655 tem
2071 603 2250 654 locum
2280 615 2385 652 non
2419 597 2618 652 habent
2650 599 2705 652 iu
2743 599 2811 653 iis
2839 615 2959 668 qua:
2985 599 3050 653 ad
3082 599 3324 669 captivos
3354 615 3478 669 per-

1919 692 2122 757 tinent:
2159 699 2215 744 et
2251 689 2372 744 ideo
2401 689 2494 758 qui
2537 703 2602 743 ea
2629 687 2904 754 detinent,
2947 698 3136 746 etnon
3165 691 3477 756 restituunt,

1921 791 1981 836 ut
2013 783 2264 852 superius
2301 782 2528 845 dictum,
2582 781 2718 834 citra
2749 781 2916 835 ullam
2967 782 3396 848 distinctionem,
3426 794 3480 838 et

1919 881 2190 933 tenentur,
2222 882 2274 926 et
2303 873 2618 941 puniuntur.

240 971 345 1022 καὶ
393 971 479 1024 διὰ
529 971 687 1025 τοῦτο
717 974 766 1026 οἱ
831 974 1152 1046 κατέχοντες
1202 975 1338 1028 αὑτά
1393 975 1486 1029 καὶ
1536 973 1608 1044 μὴ
1654 971 2145 1034 ἀποκαθιστῶντες,
2202 971 2276 1034 ὡς
2302 970 2506 1024 ἄνωθεν
2549 969 2781 1041 εῐρηται,
2822 971 3172 1036 ἀδιαστίκτως
3225 974 3318 1028 καὶ
3367 973 3480 1029 ἐνέ-

244 1081 437 1132 χονται
466 1065 559 1118 καὶ
590 1065 924 1130 κολάζονται.

318 1158 558 1211 ΖΩΝΑΡ.
590 1162 709 1218 Ὅτι
733 1163 807 1234 μὴ
843 1163 1163 1230 ἐξαπατάτω
1183 1166 1266 1228 τὶς
1289 1165 1499 1227 ἑαυτὸν,
1529 1165 1603 1228 ὡς
1635 1163 1808 1235 εὑρὼν

242 1250 308 1302 τὸ
335 1250 427 1303 τοῦ
462 1252 687 1322 ἀδελφοῦ
724 1257 951 1327 πρᾶγμα
993 1257 1318 1328 ἐρριμμένον
1351 1260 1479 1322 ῖσως
1509 1259 1600 1312 καὶ
1626 1259 1810 1312 ἀνεπι-

244 1342 484 1412 μέλητον
513 1347 780 1416 κείμενον.
815 1349 931 1402 Κᾶν
981 1349 1089 1421 γάρ
1121 1351 1292 1414 οὑτως
1323 1351 1457 1424 εὑρη
1501 1351 1650 1413 αὑτὸ,
1708 1353 1807 1405 οὑκ

241 1432 427 1497 ἔξεστι
455 1436 710 1508 κερδῆσαι
741 1439 872 1492 αὑτὸ
901 1440 993 1492 καὶ
1021 1439 1403 1494 οἰκειώσασθαι
1429 1440 1488 1493 τὸ
1512 1440 1803 1511 ἁλλότριονσ

241 1529 352 1582 κᾶν
393 1529 522 1594 ἴσως
545 1532 710 1602 ἀγνοῇ
754 1533 844 1585 τὸν
865 1534 1127 1606 δεσπότην
1154 1535 1246 1587 τοῦ
1273 1534 1612 1606 πράγματος·
1641 1551 1810 1604 χρεω-

244 1623 366 1672 στεῖ
389 1621 498 1693 γὰρ
526 1622 706 1676 λαϐεῖν
731 1625 879 1687 αὑτὸ,
907 1627 998 1678 καὶ
1027 1625 1254 1695 φυλάξαι
1291 1627 1394 1690 ’έως
1419 1629 1446 1680 6
1490 1625 1675 1698 κύριος
1711 1627 1810 1678 αὑ-

240 1713 341 1766 τοῦ
369 1713 481 1785 γνῷ
514 1715 604 1768 καὶ
629 1714 838 1790 ζητήσῃ
874 1718 1023 1772 αὑτό.
1051 1719 1158 1771 Καὶ
1186 1718 1255 1771 τὰ
1280 1719 1371 1771 τοῦ
1397 1719 1807 1790 Δευτερονομίου

242 1803 342 1858 καὶ
366 1805 435 1858 τὰ
477 1806 575 1876 τῆς
615 1806 824 1872 Ἐξόδου
853 1809 1045 1878 ἐπάγει
1077 1809 1249 1877 λέγων
1277 1810 1378 1873 ὅτι,
1410 1810 1534 1862 Ἐὰν
1559 1812 1614 1862 ἐν
1637 1809 1810 1880 καιρῷ

1987 1161 2184 1216 losum.
2225 1160 2301 1216 Ne
2328 1161 2595 1230 quispiam
2626 1176 2686 1215 se
2715 1161 2888 1229 ipsum
2917 1160 3160 1224 seducat,
3185 1165 3336 1230 quasi
3362 1178 3476 1216 rem

1917 1254 2101 1308 fratris
2128 1254 2418 1323 projectam
2454 1253 2686 1307 fortasse
2716 1252 2980 1322 planeque
3004 1253 3300 1322 neglectam
3330 1256 3479 1308 inve-

1914 1346 2072 1401 nerit.
2108 1346 2239 1399 Nam
2260 1345 2364 1398 etsi
2392 1345 2466 1397 ita
2497 1344 2736 1397 inveniat
2769 1344 2962 1414 ipsam,
2992 1344 3192 1398 lucrari
3230 1346 3370 1399 haud
3397 1345 3480 1400 fas

1915 1446 2017 1501 est,
2070 1436 2284 1506 sibique
2328 1450 2440 1489 rem
2493 1435 2726 1489 alienam
2767 1435 3065 1498 vindicare,
3095 1435 3307 1492 etiamsi
3340 1436 3479 1491 forte

1915 1529 2131 1598 ignoret
2171 1528 2486 1590 dominum;
2533 1527 2627 1581 sed
2677 1528 2823 1580 illam
2866 1544 3082 1583 sumere
3126 1539 3360 1598 oportet,
3413 1546 3478 1584 ac

1916 1634 2086 1688 usque
2137 1620 2282 1672 illam
2331 1619 2586 1672 dominus
2633 1619 2777 1672 norit
2821 1635 2885 1672 ac
2923 1620 3196 1688 requirat,
3237 1636 3474 1676 servare.

1914 1710 2053 1763 Tum
2095 1709 2494 1764 Deuleronomii
2530 1727 2592 1764 ac
2624 1711 2793 1765 Exodi
2820 1711 2966 1766 locos
2995 1712 3218 1781 profert,
3255 1715 3326 1769 ita
3361 1717 3475 1770 dis~

1914 1816 2102 1856 serens
2135 1820 2148 1854 :
2177 1799 2231 1854 Si
2263 1801 2412 1870 pacis
2445 1811 2684 1871 tempore
2719 1801 2886 1856 frater
2913 1814 3058 1868 tuus,
3095 1815 3189 1859 aut
3223 1805 3476 1862 inimicus

241 1895 471 1965 εἰρήνης
497 1897 526 1950 6
557 1896 779 1965 ἀδελφός
805 1915 896 1950 σου
925 1900 958 1970 ἦ
1003 1901 1031 1952 6
1085 1899 1273 1970 ἐχθρός
1305 1916 1396 1951 σου
1439 1901 1502 1952 ἐκ
1543 1900 1804 1970 ῥᾳθυμίας

1917 1901 2043 1947 tuus
2071 1909 2137 1947 ex
2166 1893 2486 1963 negligentia
2515 1908 2626 1946 rem
2668 1908 2821 1947 suam
2854 1895 3060 1964 perdat,
3082 1897 3224 1950 haud
3248 1897 3331 1951 fas
3367 1907 3472 1958 est,

242 1986 492 2060 ἀπολέσῃ
537 1988 595 2040 τὸ
635 1989 782 2054 ἴδιον,
815 1991 914 2043 οὑκ
948 1989 1122 2055 ἔξεστί
1175 2008 1254 2044 σοι
1285 1991 1496 2063 εὑρόντι
1523 1992 1653 2044 αὑτὸ
1680 1992 1807 2064 κέρ-

241 2079 336 2142 δος
366 2079 495 2132 ἴδιον
541 2081 888 2151 ποιήσασθαι,
918 2082 1054 2136 ἀλλὰ
1099 2082 1445 2136 ὲπανασῶσαι
1498 2083 1572 2154 τῷ
1618 2083 1811 2136 ἀπολέ-

245 2188 405 2225 σαντι
450 2171 580 2224 αὑτὸ
630 2173 830 2245 ἀπαιτῇ
880 2174 1021 2229 κατὰ
1071 2176 1159 2229 τὸν
1207 2175 1370 2246 νόμον
1413 2175 1503 2228 τὸν
1556 2175 1806 2229 παλαιόν·

242 2261 402 2333 πόσῳ
444 2263 659 2333 μᾶλλον,
699 2265 792 2320 ἐὰν
816 2265 908 2320 τοῦ
944 2267 1231 2337 φεύγοντος
1262 2265 1488 2337 ἀδελφοῦ
1529 2285 1620 2320 σου
1649 2269 1682 2340 ἢ
1713 2268 1807 2321 τοῦ

241 2354 771 2424 αίχμαλωτισθέντος
809 2359 1058 2431 εὑρήσεις
1108 2360 1405 2433 πράγματα
1451 2363 1578 2432 παρ’
1635 2361 1810 2414 αὑτῶν

239 2444 762 2516 ὲγκαταλειφθέντα,
795 2451 898 2520 χρή
930 2467 990 2502 σε
1030 2449 1259 2519 φυλάξαι
1291 2451 1428 2505 αὑτά
1456 2451 1550 2504 καὶ
1581 2449 1807 2504 ἀποδοῦ-

239 2549 334 2586 ναι
359 2535 438 2606 τῷ
476 2535 865 2608 δυσπραγοῦντι
885 2557 899 2603 ;

875 2632 1111 2684 ΚΑΝΩΝ
1142 2633 1216 2685 E'.

320 2735 339 2767 ‹
368 2717 546 2770 Ἀλλοι
573 2719 630 2772 δὲ
667 2721 892 2784 ἑαυτοὺς
939 2723 1298 2789 ἐξαπατῶσιν,
1343 2725 1460 2779 αντὶ
1505 2725 1612 2778 τῶν
1664 2725 1808 2779 ἰδίων

244 2827 266 2861 ι
306 2809 420 2862 τῶν
446 2810 792 2881 ἀπολομένων
817 2813 852 2868 ἃ
882 2807 1037 2886 εὗρον
1073 2798 1326 2888 ἀλλότρια
1353 2809 1690 2888 κατέχοντες·
1725 2817 1809 2870 ἵνα
1860 2870 1884 2900 ο

245 2918 266 2952 ι
316 2900 507 2971 ἐπειδὴ
556 2901 739 2966 αὑτοῖς
777 2903 999 2976 Βοράδοι
1033 2907 1126 2959 καὶ
1150 2905 1332 2960 Γότθοι
1360 2908 1426 2962 τὰ
1455 2907 1547 2960 τοῦ
1573 2907 1808 2978 πολέμου

243 3010 264 3042 ι
307 2993 652 3064 εἰργάσαντο,
703 2995 856 3049 αὑτοὶ
901 2996 1078 3061 ἄλλοις
1132 2998 1350 3068 Βοράδοι
1383 2999 1476 3053 καὶ
1504 2998 1687 3052 Γότθοι
1720 3000 1808 3067 γί-

243 3102 264 3134 r
310 3101 527 3138 νωνται.
566 3086 984 3158 Ἀπεστείλαμεν
1012 3084 1101 3142 οὖν
1121 3089 1210 3142 τὸν
1234 3088 1458 3160 ἀδελφὸν
1485 3092 1577 3144 καὶ
1611 3090 1806 3160 συγγέ-

244 3193 265 3227 ς
309 3193 476 3247 ροντα
524 3178 862 3248 Εὑφρόσυνον
888 3179 975 3233 διὰ
1004 3179 1175 3234 ταῦτα
1227 3180 1364 3251 πρὸς
1395 3183 1558 3252 ὑμᾶς,
1599 3182 1684 3236 ἴνα
1711 3201 1809 3237 κα-

243 3289 262 3322 ι
306 3270 378 3324 τά
407 3269 497 3323 τὸν
534 3270 719 3325 ἐνθάδε
746 3271 916 3326 τύπον
967 3274 1060 3326 καὶ
1100 3274 1261 3338 αὑτὸς
1304 3272 1414 3345 δώῃ
1465 3275 1666 3346 ὁμοίως
1711 3279 1806 3330 καὶ

245 3381 266 3413 ι
305 3354 383 3416 ὧν
413 3361 492 3414 δεῖ
518 3362 617 3425 τὰς
657 3364 985 3436 κατηγορίας
1008 3364 1347 3436 προσίεσθαι,
1370 3367 1464 3420 καὶ
1489 3367 1584 3432 οὒς
1613 3368 1692 3422 δεῖ
1716 3372 1807 3423 ὲκο

246 3471 265 3506 ι
301 3451 537 3525 κηρύξαι
567 3453 675 3507 τῶν
704 3454 931 3526 εὑχῶν.»

314 3545 514 3598 ΒΑΛΣ.
561 3545 1058 3617 Ἀπολογησάμενος
1108 3546 1136 3599 6
1161 3545 1313 3616 ἅγιος
1346 3546 1415 3600 τὰ
1453 3549 1642 3603 εἰκότα
1672 3550 1808 3622 πρὸς

237 3638 368 3700 τοὺς
392 3636 670 3706 λέγοντας,
701 3637 774 3701 ὡς
820 3637 1125 3710 ἐρριμμένα
1169 3639 1262 3692 καὶ
1291 3639 1602 3711 ἀτημέλητα
1628 3641 1805 3712 εὑρεῖν

237 3730 308 3782 ea
334 3728 446 3782 τῶν
471 3729 1010 3800 αἰχμαλωτισθέντων
1066 3731 1383 3801 πράγματα,
1408 3733 1502 3786 καὶ
1531 3733 1618 3786 διὰ
1648 3733 1804 3787 τοῦτο

241 3821 557 3876 ἰδιώσασθαι
584 3823 738 3876 αὑτάσ
793 3823 916 3894 ἀρτι
945 3823 1281 3892 ἀπολογεῖται
1313 3825 1447 3897 πρὸς
1488 3828 1614 3889 τοὺς
1655 3827 1802 3879 ἀντι-

240 3915 597 3984 ποιουμένους
625 3913 732 3968 τῶν
765 3913 1124 3985 διαφερόντων
1161 3918 1270 3979 τοῖς
1298 3916 1803 3986 αἰχμαλωτισθεῖσιν

235 4006 360 4060 ἀντὶ
382 4006 493 4059 τῶν
513 4005 830 4076 φθασάντων
847 4005 996 4077 παρά
1015 4005 1123 4059 τῶν
1152 4006 1424 4077 πολεμίων
1444 4008 1805 4080 ἀφαιρεθῆναι

235 4099 583 4170 πραγμάτων
606 4097 802 4151 αὑτῶν.
853 4097 990 4168 Φησὶ
1043 4095 1150 4168 γὰρ
1190 4097 1265 4160 ῶς
1303 4099 1395 4151 καὶ
1438 4100 1594 4154 τοῦτο
1619 4101 1797 4174 ἀπάτη

234 4190 356 4244 ἐστὶ
378 4189 474 4242 καὶ
531 4189 734 4259 ματαία
777 4188 1068 4260 πρόφασις.
1098 4186 1230 4239 esse
1283 4188 1390 4258 γὰρ
1436 4188 1640 4244 δίκαιόν
1684 4193 1800 4247 ἐστι

231 4281 459 4344 τούτους
486 4281 774 4349 γεγονότας
795 4280 1166 4351 παρανάλωμα
1192 4279 1446 4351 πολεμίου
1469 4282 1797 4355 βαρϐαρικοῦ

237 4374 314 4446 μὴ
368 4373 726 4444 καρτερῆσαι,
770 4371 903 4426 ἀλλά
947 4370 1197 4441 γενέσθαι
1262 4372 1457 4436 αὑτοὺς
1509 4375 1797 4446 πολεμίους

230 4465 344 4518 τῶν
369 4464 647 4533 ἀδελφῶν,
695 4466 788 4518 καὶ
827 4465 1165 4536 χρηματίσαι
1212 4466 1290 4526 είς
1335 4466 1552 4529 τούτους
1607 4467 1796 4530 ἄλλους

231 4555 562 4628 βαρϐάρους.
592 4556 688 4609 Διά
709 4557 881 4611 ταῦτα
905 4559 1320 4631 ἀπεστείλαμεν,
1343 4558 1510 4628 λέγει,
1536 4559 1625 4612 τὸν
1645 4557 1794 4612 ἀδελ·
1829 4577 1870 4632 ι)

231 4648 332 4717 φὺν
359 4648 705 4719 Εὑφρόσυνον
735 4649 870 4720 πρὸς
906 4650 1067 4721 ὑμᾶς,
1111 4651 1201 4705 ἵνα
1230 4652 1370 4705 κατά
1425 4651 1516 4705 τὸν
1563 4650 1794 4706 ἐνταῦθα

229 4739 424 4803 τύπον,
463 4739 652 4808 ἤγουν,
702 4740 884 4803 καθὼς
939 4744 1101 4813 ἡμεῖς
1157 4741 1389 4797 ἐνταῦθα
1443 4744 1792 4814 ἐποιήσαμεν,

225 4830 343 4902 δώῃ
364 4831 530 4884 τύπον
569 4833 658 4884 καὶ
693 4832 877 4884 αὐτόθι
913 4832 1053 4886 ῶστε
1090 4833 1232 4888 οὑτω
1259 4838 1430 4888 ποιεῖν
1463 4837 1622 4906 ὑμᾶς.
1663 4831 1797 4889 Εἶτά

227 4939 400 4992 φησιν
437 4922 512 4985 ὡς
551 4925 579 4976 6
610 4923 769 4986 αὑτὸς
815 4924 1158 4994 Εὑφρόσυνος
1189 4926 1486 4991 ἀναδιδάξει
1523 4928 1673 4990 τίνας
1714 4928 1795 4982 δεῖ

226 5013 626 5084 προσδέχεσθαι
656 5014 1093 5087 κατηγοροῦντας
1134 5017 1276 5070 κατά
1314 5035 1494 5081 τινων,
1524 5019 1617 5072 καὶ
1647 5018 1794 5082 τίνας

225 5105 336 5176 χρὴ
364 5104 762 5176 ἀποκηρύττειν
790 5106 892 5177 τῆς
930 5107 1250 5178 Ἐκκλησίας
1273 5110 1366 5162 καὶ
1391 5109 1489 5180 τῆς
1517 5107 1796 5171 κοινωνίας

220 5197 336 5249 τῶν
367 5197 591 5250 πιστῶν.

297 5287 542 5340 ΖΩΝΑΡ.
572 5287 748 5350 Τινὲς,
793 5289 979 5360 φησὶν,
1012 5287 1374 5351 ἀπολέσαντες
1417 5289 1587 5340 οἰκεῖα
1625 5288 1795 5358 πράγ-

225 5396 399 5451 ματα,
422 5381 515 5432 καὶ
537 5380 786 5450 εὑρόντες
819 5379 1093 5451 ἀλλότρια,
1128 5379 1342 5448 λέγουσι
1370 5380 1615 5450 κατέχειν
1632 5378 1790 5442 αὑτὰ,

218 5472 342 5526 ἀνθ’
363 5464 438 5524 ὧν
466 5470 771 5539 ἀπώλεσαν,
797 5471 1171 5537 ἐξαπατῶντες
1195 5471 1437 5535 ἑαυτούς.
1467 5472 1640 5543 Ὅπερ
1663 5471 1790 5543 γὰρ,

221 5566 414 5633 φησὶν,
434 5564 679 5632 ἐγένοντο
707 5565 937 5628 ἐκείνοις
962 5566 1010 5618 οἱ
1039 5563 1285 5634 πολέμιοι
1320 5563 1604 5635 βάρϐαροι,
1637 5564 1793 5619 τοῦτο

219 5655 468 5723 γίνονται
502 5656 655 5708 αὑτοὶ
678 5658 791 5719 τοῖς
823 5655 1087 5725 ἀδελφοῖς.
1123 5656 1416 5723 Ἤρπασαν
1447 5657 1496 5708 οἱ
1530 5654 1791 5728 βάρϐαροι

218 5750 292 5802 τὰ
343 5749 586 5810 ἐκείνων,
640 5750 879 5802 κάκεῖνοι
909 5749 979 5802 τὰ
1037 5747 1146 5802 τῶν
1200 5747 1460 5818 ἀδελφῶν.
1495 5749 1593 5802 Διά
1619 5749 1792 5802 ταῦτα

218 5839 646 5912 ἀπεστείλαμεν,
681 5839 848 5910 λέγει,
875 5839 961 5892 ῖνα
1014 5838 1156 5892 κατά
1201 5838 1292 5894 τὸν
1336 5839 1569 5895 ἐνταῦθα
1601 5840 1788 5903 τύπον,

1911 1983 1956 2037 si
2003 1997 2122 2037 eam
2168 1983 2457 2047 inveneris,
2502 1982 2597 2036 tibi
2644 1984 2916 2052 pr0priam
2964 1985 3256 2052 vindicare,
3299 1986 3392 2041 sed
3422 1987 3470 2041 ei

1910 2077 2001 2147 qui
2031 2076 2262 2146 perdidit
2294 2077 2498 2130 servari
2530 2078 2749 2146 antiqua
2789 2076 2867 2132 lex
2893 2078 3078 2147 jubet;
3117 2088 3323 2150 quanto
3351 2096 3472 2138 ma—

1911 2168 1993 2237 gis
2023 2169 2068 2223 si
2103 2183 2191 2222 res
2235 2167 2507 2224 inveneris
2551 2168 2735 2224 fratris
2765 2170 2842 2223 tui
2877 2172 2968 2240 qui
3013 2170 3241 2242 aufugit,
3286 2182 3380 2226 aut
3415 2173 3469 2227 iu

1913 2260 2226 2315 servitutem
2274 2261 2540 2318 abductus
2585 2273 2686 2327 est,
2720 2263 2788 2318 ab
2817 2265 2936 2333 ipso
2975 2266 3213 2330 relictas,
3254 2281 3472 2322 servare

1913 2350 2032 2406 illas
2060 2367 2122 2405 ac
2155 2351 2467 2408 infortuniis
2492 2368 2680 2424 presso
2707 2355 2930 2410 reddere
2959 2357 3266 2425 oportebit?

2497 2625 2728 2682 CANON
2766 2629 2831 2682 ν.

1989 2731 2006 2760 ι
2045 2712 2148 2766 Alii
2198 2725 2375 2769 autem
2408 2716 2617 2784 seipsos
2652 2719 2936 2786 seducunt,
2970 2736 3070 2790 pro
3093 2724 3325 2793 propriis
3347 2741 3468 2797 quae

1917 2819 1935 2851 ι
1976 2804 2269 2872 perierunt,
2322 2807 2497 2862 aliena
2547 2825 2668 2878 qua:
2725 2812 3066 2881 invenerunt,
3118 2815 3463 2874 detinentes:

1915 2910 1936 2942 ι
1976 2902 2036 2948 ut
2064 2895 2318 2964 quoniam
2349 2896 2539 2952 Boradl
2569 2909 2623 2954 et
2660 2899 2824 2956 Gothi
2855 2904 2935 2958 eis
2954 2904 3179 2960 hostilia
3203 2907 3466 2975 fecerunt,

1916 3005 1935 3037 ι
1977 2985 2079 3055 ipsi
2122 2988 2231 3042 sint
2263 2990 2384 3046 aliis
2422 2989 2617 3046 Boradi
2671 3002 2724 3046 et
2777 2992 2957 3049 Gothi.
3003 2994 3292 3066 Pmpterea
3337 3015 3468 3072 ergo

1916 3097 1935 3128 ι
1975 3077 2196 3134 fratrem
2228 3091 2280 3136 et
2317 3097 2606 3139 consenem
2649 3093 2896 3140 nostrum
2939 3085 3355 3161 Euphrosynum
3397 3095 3467 3148 ad

1919 3187 1937 3220 ι
1975 3185 2074 3226 vos
2109 3173 2379 3241 misimus,
2411 3184 2470 3229 ut
2495 3178 2790 3232 secundum
2827 3177 3055 3234 formam
3089 3197 3210 3251 quae
3243 3183 3333 3239 hic
3361 3193 3465 3250 est,

1915 3280 1939 3315 ¢
1979 3271 2032 3317 et
2057 3264 2172 3332 ipse
2201 3265 2292 3319 det
2319 3266 2586 3340 similiter,
2616 3278 2670 3323 et
2704 3286 2937 3340 quorum
2971 3275 3344 3333 accusationes
3371 3279 3468 3342 ad-

1915 3374 1933 3406 ι
1973 3356 2188 3411 mittere
2217 3367 2479 3427 oporteat,
2510 3369 2564 3415 et
2593 3377 2732 3430 quos
2760 3378 2790 3416 a
2815 3364 3066 3432 precibus
3096 3366 3367 3436 abdicare.
3405 3388 3424 3421 ι

1973 3535 2135 3590 ΒΑιε.
2168 3537 2461 3610 Postquam
2493 3553 2740 3607 sanctus,
2768 3560 2892 3614 quae
2910 3557 3068 3602 erant
3100 3560 3464 3608 consentanea

1903 3631 2186 3698 respondit
2217 3632 2286 3686 iis
2323 3634 2415 3702 qui
2455 3634 2704 3689 dicebant
2729 3652 2787 3691 se
2820 3647 2879 3690 ut
2909 3636 3167 3708 disjectas
3191 3651 3245 3696 et
3279 3643 3464 3715 negle-

1903 3723 2012 3775 ctui
2043 3722 2260 3777 habitas
2293 3740 2379 3780 res
2412 3727 2747 3796 captivorum
2778 3728 3051 3785 invenisse
3087 3742 3142 3786 et
3179 3743 3472 3804 propterea,

1903 3827 1965 3864 ea
1994 3812 2095 3866 sibi
2121 3813 2426 3870 vindicasse
2451 3832 2465 3879 ;
2496 3833 2639 3871 nunc
2670 3816 2736 3872 iis
2765 3820 3072 3888 respondet,
3105 3825 3218 3891 qui,
3248 3841 3368 3894 quae
3394 3829 3462 3882 ad

1904 3903 2146 3971 captivos
2176 3905 2538 3973 pertinebant,
2587 3922 2685 3976 pro
2715 3908 2782 3963 iis
2818 3924 2940 3978 quae
2971 3911 3073 3965 sibi
3106 3913 3174 3966 ab
3214 3913 3462 3972 hostibus

1901 3992 2054 4062 prius
2080 3995 2254 4049 ablata
2286 3995 2516 4064 fuerant,
2543 3999 2907 4057 vindicabant.
2939 4001 3081 4059 Dicit
3109 4005 3253 4060 enim
3277 4017 3331 4064 et
3357 4009 3462 4064 hac

1901 4099 2021 4140 esse
2058 4085 2302 4141 fraudem
2349 4096 2403 4142 et
2449 4089 2660 4146 inanem
2710 4102 3054 4162 praetextum.
3095 4095 3281 4170 Neque
3312 4102 3456 4158 enim

1901 4189 2116 4244 aequum
2145 4187 2248 4240 est,
2276 4187 2334 4232 ut
2368 4180 2460 4249 qui
2500 4197 2564 4236 ex
2597 4183 2737 4240 bello
2762 4185 3046 4244 barbarico
3073 4189 3456 4250 detrimentum

1900 4267 2225 4338 acceperint,
2253 4285 2358 4323 non
2381 4273 2671 4328 toleranter
2691 4273 2885 4343 ferant,
2906 4279 2999 4333 sed
3021 4281 3130 4335 sint
3153 4282 3252 4351 ipsi
3271 4284 3457 4342 hostes

1899 4356 2151 4426 fratrum,
2187 4370 2240 4416 et
2277 4362 2367 4416 alii
2405 4363 2457 4418 in
2501 4365 2647 4434 ipsos
2670 4366 2889 4424 barbari
2934 4372 3288 4440 appellentur.
3321 4373 3456 4431 Pro-

1900 4459 2105 4520 pterea,
2139 4453 2336 4523 inquit,
2368 4455 2616 4512 misimus
2667 4459 2733 4513 ad
2763 4475 2862 4516 vos
2888 4459 3109 4518 fratrem
3145 4463 3456 4540 Euphrosy-

1901 4559 2056 4611 num,
2087 4554 2146 4600 ut
2171 4546 2325 4615 juxta
2361 4546 2586 4603 formam
2618 4549 2706 4605 hic
2735 4552 3009 4619 traditam,
3055 4571 3152 4611 seu
3189 4559 3454 4627 quemad—

1897 4636 2116 4691 modum
2154 4637 2241 4692 hic
2281 4637 2539 4706 fecimus,
2573 4641 2733 4697 isthic
2765 4659 2983 4715 quoque
3011 4647 3102 4702 det
3131 4648 3361 4717 formam
3395 4661 3456 4717 ut

1897 4729 1975 4783 sic
2003 4745 2101 4784 vos
2130 4727 2360 4785 faciatis.
2393 4729 2588 4786 Deinde
2611 4733 2743 4788 dicit
2770 4753 2782 4788 :
2816 4735 3205 4810 Euphrosynus
3233 4727 3453 4810 νιῆιΓοτ

1898 4820 2039 4875 cebit
2063 4836 2329 4890 quosnam
2363 4832 2418 4877 et
2445 4824 2705 4880 adversus
2735 4842 2876 4895 quos
2902 4809 3224 4912 accupantes
3254 4809 3464 4891 adibit":

1899 4923 2030 4977 tere,
2062 4924 2118 4967 et
2145 4929 2411 4983 quosnam
2453 4915 2521 4969 ab
2556 4914 2796 4972 Ecclesia
2835 4927 2897 4976 et
2935 4920 3170 4978 fidelium
3195 4939 3451 4990 commu-

1897 5003 2059 5058 nione
2081 5006 2330 5061 abdicare
2361 5015 2625 5078 oporteat.

1967 5278 2170 5334 Zomn.
2211 5278 2485 5350 Nonnulli,
2533 5285 2728 5357 inquit,
2779 5289 2999 5347 amissis
3026 5291 3189 5347 rebus
3215 5293 3351 5359 suis,
3384 5308 3451 5348 ac

1895 5373 2068 5426 aliena
2115 5373 2469 5441 invenientes,
2499 5393 2598 5446 pro
2626 5381 2694 5436 iis
2729 5397 2851 5453 qua?
2890 5383 3190 5438 amiserunt
3219 5399 3281 5438 ea
3311 5385 3453 5439 deti-

1894 5480 2023 5519 nere
2054 5481 2112 5518 se
2135 5476 2407 5532 asserunt,
2469 5472 2677 5541 seipsos
2703 5473 3054 5543 decipientes.
3089 5473 3245 5540 Quod
3276 5475 3448 5542 enim,

1876 5561 1990 5624 .ait,
2021 5560 2126 5614 illis
2156 5553 2312 5616 fuere
2350 5562 2535 5619 hostes
2564 5565 2800 5629 barbari,
2829 5566 2929 5633 hoc
2963 5565 3060 5635 ipsi
3099 5566 3236 5618 fiunt
3265 5563 3451 5620 fratri-

1893 5655 2015 5711 bus.
2040 5655 2260 5712 Barbari
2301 5672 2390 5713 res
2419 5657 2634 5712 illorum
2658 5665 2972 5727 rapuerunt,
2998 5671 3062 5711 ac
3089 5654 3166 5710 illi
3193 5655 3444 5719 fratrum.

1891 5745 2200 5818 Propterea,
2235 5749 2430 5821 inquit,
2467 5748 2929 5822 [Euphrosynum]
2955 5749 3020 5802 ad
3050 5762 3147 5804 vos
3179 5750 3453 5815 misimus.

1893 5851 1952 5894 ut
1985 5841 2280 5896 secundum
2332 5841 2564 5897 formam
2606 5841 2694 5896 hic
2731 5839 3069 5896 observatam
3105 5857 3203 5898 vos
3237 5857 3454 5913 quoque
