3834 6752
525 306 662 363 1059

1652 300 1711 356 S.
1753 298 2079 357 GREGORII
2121 297 2631 357 THAUMATURGI

3564 311 3668 370 1οω

524 426 636 482 illic
660 421 891 488 faciatis,
921 427 976 475 et
992 432 1226 490 quorum
1253 416 1635 475 accusationes
1661 430 1714 474 et
1734 429 1924 475 contra
1950 434 2089 490 quos

2197 419 2284 471 καὶ
2316 418 2506 473 αὐτόθι
2555 420 2696 472 ὥστε
2731 415 2902 482 οὕτως
2930 419 3074 490 ὑμᾶς
3120 423 3303 485 ποιεῖν,
3354 424 3437 476 καὶ
3474 426 3675 493 τίναςδει

521 524 769 589 Oporteat
790 514 1108 579 admittatis,
1133 524 1188 569 et
1211 527 1351 584 quos
1368 513 1530 568 'decet
1549 511 1814 568 abdicetis
1833 551 1849 574 .
1874 512 1982 567 hoc
2018 520 2101 566 est

523 610 757 682 ejiciatis
782 607 850 662 ab
877 606 1139 673 Ecclesia,
1167 615 1330 675 atque
1358 620 1389 658 a
1416 603 1666 659 ﬁdelibus
1695 603 2008 673 segregetis,
2035 620 2099 659 ne

524 716 649 755 cum
679 697 814 769 ipsis
852 712 961 751 una
993 704 1305 768 precentur.
1341 692 1512 749 Porro
1541 708 1906 764 quorumnam
1935 710 2101 749 accu-

517 778 769 848 sationes
793 780 1143 844 admittenda:
1173 788 1305 853 sint,
1331 794 1545 843 sextum
1577 786 1831 841 secundae
1856 801 2098 841 oecume-

522 886 660 940 nicaa
705 881 896 954 synodi
928 879 1094 952 caput
1124 881 1303 936 docet.
1360 877 1633 950 Legantur
1675 878 1839 932 etiam
1870 893 1993 949 quae
2025 879 2098 932 ibi

520 974 864 1054 scripsimus.

1125 1061 1355 1119 CANON
1409 1060 1498 1116 Vl.

598 1178 619 1212 ι
658 1158 735 1215 De
762 1160 832 1215 iis
854 1156 1212 1228 quicaptivos
1226 1170 1292 1210 ex
1316 1153 1563 1210 barbaris
1585 1151 1856 1223 fugientes
1886 1153 1938 1207 vi
1964 1153 2100 1208 deti-

529 1269 550 1303 ι
592 1259 743 1306 nent.
774 1249 1165 1305 Denuntiatum
1195 1255 1375 1302 autem
1399 1253 1485 1300 est
1513 1244 1675 1300 nobis
1701 1244 1980 1314 quidpiam
2010 1244 2099 1300 in-

525 1362 546 1394 ι
588 1341 846 1397 credibile
889 1341 944 1395 in
968 1349 1149 1396 vestra
1193 1338 1416 1409 regione
1454 1334 1659 1392 factum
1689 1350 1832 1403 esse,
1875 1336 2099 1413 omnino

526 1454 545 1486 ι
586 1436 655 1488 ab
686 1432 998 1487 inﬁdelibus
1028 1440 1081 1486 et
1107 1431 1310 1500 impiis,
1335 1438 1389 1484 et
1415 1429 1508 1499 qui
1536 1444 1605 1483 ne
1639 1442 1837 1482 nomen
1876 1428 2097 1498 quidem

526 1543 544 1574 ι
588 1522 806 1577 Domini
835 1537 1069 1588 novere;
1126 1519 1272 1591 quod
1313 1519 1562 1574 nonnulli
1589 1534 1656 1574 eo
1684 1518 2099 1575 inbumanitatis

526 1636 546 1668 ι
587 1614 1035 1683 crudelitatisque
1061 1624 1397 1682 processere,
1422 1618 1481 1663 nt
1506 1608 1748 1679 captivos
1768 1608 1981 1679 aliquos
2003 1610 2099 1679 qui

527 1727 547 1760 ι
590 1708 916 1778 effugerunt,
955 1705 1009 1759 vi
1064 1704 1355 1761 retineant.
1408 1701 1603 1756 Mittite
1654 1702 1872 1773 aliquos
1917 1702 1973 1757 in
2014 1718 2101 1759 re-

2200 508 2640 580 κατηγοροῦντάς
2678 526 2839 562 τινων
2876 509 3277 581 προσδέχεσθαι,
3332 514 3415 567 καὶ
3436 515 3516 581 οὒς
3553 519 3678 595 iam.

2202 601 2382 672 ρύξαι,
2415 603 2579 671 ἤγουν
2606 601 2759 665 τίνας
2787 600 2887 671 τῆς
2924 601 3241 672 Ἑκκλησίας
3276 603 3472 672 ἐξῶσαι,
3511 612 3682 671 καὶτῶν

2199 686 2412 749 πιστῶν
2469 695 2724 767 χωρίσαι,
2759 693 2899 748 ὥστε
2931 694 3007 766 μὴ
3042 695 3380 766 συνεύχεσθαι
3427 702 3593 768 αὐτοῖς.
3614 703 3685 763 τίση

2198 803 2297 850 νας
2329 787 2384 840 δὲ
2425 786 2503 839 δεῖ
2555 786 3000 860 κατηγοροῦντας
3052 789 3443 859 προσδέχεσθαι,
3483 795 3534 848 τὺ
3568 798 3684 854 ἕκτον

2199 878 2489 947 κεφάλαιον
2534 878 2636 948 τῆς
2689 878 2949 949 δευτέρας
3009 878 3381 949 οἰκουμενικῆς
3418 864 3603 939 ’συνόδου
3630 888 3685 943 δι.

2198 970 2406 1025 δάσκει.
2468 972 2863 1040 Ἀναγνωστέον
2887 975 2981 1028 καὶ
3010 976 3080 1029 τὰ
3110 976 3224 1029 ἐκεῖ
3249 977 3587 1048 γεγραμμένα.

2795 1065 3035 1120 ΚΔΝΩΝ
3066 1070 3156 1136 ς’.

2274 1174 2295 1207 ι
2326 1155 2463 1228 Περὶ
2481 1155 2589 1210 τῶν
2614 1156 2702 1228 βίᾳ
2735 1159 3070 1229 κατεχόντων
3104 1159 3230 1223 τοὺς
3260 1159 3321 1212 ἐκ
3346 1159 3443 1213 τῶν
3465 1159 3691 1235 βαρϐάρων

2205 1267 2225 1299 ι
2265 1246 2661 1319 αἰχμαλώτους.
2712 1249 3055 1322 ’Δπηγγέλθη
3085 1249 3141 1304 δέ
3168 1268 3221 1303 τι
3246 1252 3372 1321 ἡμῖν
3397 1253 3481 1306 καὶ
3520 1253 3690 1310 ἄπιστον

2206 1330 2224 1393 ὲ
2267 1344 2324 1394 ἐν
2358 1344 2424 1413 τῇ
2471 1340 2624 1414 χώρᾳ
2681 1342 2833 1414 ὑμῶν
2878 1344 3187 1414 γενόμενον,
3248 1342 3452 1408 πάντως
3497 1361 3580 1399 που
3618 1348 3692 1402 ὑπὸ

2207 1452 2224 1484 ι
2268 1434 2511 1487 ἀπίστων
2563 1434 2655 1488 καὶ
2708 1433 2920 1488 ἀσεϐῶν
2948 1435 3042 1488 καὶ
3084 1434 3157 1506 μὴ
3186 1434 3396 1488 εἰδότων
3424 1436 3542 1508 μηδὲ
3568 1439 3693 1511 ὄνομα

2207 1544 2224 1576 ι
2263 1526 2489 1599 Κυρίου,
2524 1528 2607 1581 ὅτι
2664 1528 2771 1601 ἄρα
2801 1529 2879 1592 εἰς
2915 1527 3165 1582 τοσοῦτόν
3205 1545 3349 1593 τινες
3366 1527 3613 1601 ὠμότητος
3630 1534 3694 1588 καὶ

2207 1636 2225 1668 ι
2269 1618 2663 1690 ἀπανθρωπίας
2698 1616 3112 1690 προεχώρησαν,
3140 1618 3283 1672 ὥστε
3310 1620 3455 1683 τινὰς
3491 1623 3595 1684 τοὺς
3613 1622 3694 1678 δια-

2207 1729 2224 1762 ‹
2263 1712 2528 1779 φυγόντας
2560 1712 2935 1784 αἰχμαλώτους
2965 1711 3055 1783 βίᾳ
3078 1712 3352 1782 κατέχειν.
3390 1714 3695 1770 mmmam

526 1818 545 1851 ι
587 1771 826 1869 εἰοιῖειη,
880 1813 951 1853 ne
1003 1796 1089 1852 vel
1134 1795 1361 1851 fulmina
1395 1794 1450 1848 in
1490 1810 1586 1849 eos
1617 1771 1815 1849 cadant
1848 1795 1943 1865 qui
1985 1795 2093 1851 haec

2207 1822 2224 1854 ‹
2261 1771 2411 1867 τινας
2436 1771 2522 1867 εἰς
2542 1771 2870 1875 τὴνὶιχώραν,
3010 1771 3104 1857 καὶ
3149 1771 3380 1873 σκῆπτοὶ
3412 1804 3615 1859 πέσωσιν
3632 1810 3694 1860 ἐπὶ

527 1911 546 1943 ι
588 1899 778 1962 agunt.
818 1909 839 1942 ι
911 1907 914 1910 ’

590 1982 757 2039 ΒΑιε.
790 1981 1013 2051 Accepit
1040 1989 1263 2036 sanctus
1284 1979 1429 2051 quod
1459 1980 1681 2049 quidam
1704 1979 1898 2051 captivi
1924 1980 2100 2036 ortho-

518 2076 667 2144 doxi,
695 2083 992 2146 postquam
1023 2088 1217 2128 manus
1243 2073 1558 2127 barbaricas
1584 2087 1827 2137 evasere,
1854 2072 1906 2126 vi
1932 2087 1963 2126 a
1983 2072 2102 2141 qni-

520 2169 751 2225 busdam
782 2169 1117 2234 detinentur,
1153 2181 1253 2221 nec
1299 2166 1525 2220 domum
1572 2165 1769 2219 reverti
1814 2162 2093 2219 sinuntur.

519 2260 664 2316 Dicit
702 2274 832 2330 ergo
858 2259 946 2325 iis,
976 2258 1043 2313 ad
1075 2273 1213 2328 quos
1239 2256 1501 2326 scriptum
1528 2255 1632 2315 hoc
1655 2255 1946 2325 epistolare
1967 2256 2099 2311 mis-

520 2366 642 2407 sum
688 2358 795 2413 est,
831 2347 980 2420 quod
1027 2349 1133 2405 hoc
1162 2347 1213 2404 ei
1265 2346 1583 2402 incredibile
1630 2347 1806 2402 visum
1858 2359 1978 2403 est:
2016 2355 2099 2403 est

519 2444 668 2519 enim
714 2441 1014 2497 inﬁdelium
1045 2449 1100 2496 et
1127 2439 1420 2510 impiorum
1461 2453 1620 2508 opus.
1653 2438 1748 2494 Sin
1789 2447 1976 2495 autem
2008 2438 2092 2494 fa-

424 2516 437 2529 λ
521 2516 670 2588 ctum
694 2540 797 2598 est,
831 2547 941 2586 non
968 2531 1269 2587 remanebit
1292 2531 1640 2600 impunitum.
1667 2530 1734 2585 Et
1756 2533 1876 2586 ideo
1900 2531 2097 2587 debent

522 2632 636 2681 nec
664 2625 950 2696 diligenter
970 2625 1196 2695 inquiri,
1221 2632 1275 2678 et
1304 2623 1451 2678 mitti
1481 2625 1534 2678 in
1560 2625 1837 2694 regionem
1861 2624 1955 2693 qui
1982 2624 2096 2680 haec

518 2725 953 2786 perscrutontur.
987 2715 1278 2772 Existimat
1299 2715 1466 2781 enim,
1506 2717 1649 2786 quod
1687 2717 1848 2771 ctiam
1890 2716 2094 2772 fulmen

518 2822 616 2863 seu
659 2807 803 2879 ignis
851 2809 921 2863 sit
968 2822 1218 2875 casurus,
1262 2818 1318 2862 et
1358 2822 1456 2864 eos
1498 2810 1591 2878 qui
1633 2810 1745 2863 haec
1779 2786 2107 2881 aguntexu:

517 2912 727 2957 σιω-οε.

586 2987 1107 3055 Ζοιιη.·Νοηηιι11ἰ,
1142 2990 1343 3060 inquit,
1399 3000 1460 3046 ut
1490 2991 1813 3060 didicimus,
1856 2995 2096 3065 captivos

516 3099 584 3139 cx
616 3082 866 3142 hostibus
893 3080 1237 3151 diﬁ’ugientes
1265 3082 1317 3136 vi
1352 3083 1588 3140 retinent
1634 3102 1648 3138 :
1695 3085 1787 3155 qui
1823 3097 1948 3142 sunt
1976 3103 2095 3142 om-
2120 3114 2162 3171 ο

518 3178 649 3231 nino
692 3173 937 3230 inﬁdeles
984 3182 1039 3229 et
1091 3173 1267 3243 impii,
1324 3189 1499 3245 neque
1527 3175 1611 3231 vel
1655 3175 1826 3232 Deum
1869 3188 2089 3236 norunt.

515 3266 999 3324 Proinde-sanctus
1029 3266 1110 3321 vir
1134 3266 1204 3321 ab
1240 3266 1309 3323 iis
1350 3268 1418 3323 ad
1446 3283 1585 3339 quos
1615 3269 1824 3333 scribit,
1858 3272 2095 3340 postulat

516 3361 659 3416 mitti
692 3362 748 3414 in
770 3360 1046 3431 regionem
1073 3359 1323 3416 homines
1349 3360 1441 3431 qui
1463 3360 1531 3416 de
1562 3361 1663 3417 hac
1688 3376 1748 3417 re
1782 3361 2090 3432 inquirant;

410 3446 411 3449 “
516 3467 624 3519 ne,
663 3452 879 3522 inquit,
924 3451 1068 3522 ignis
1113 3450 1273 3506 cadat
1321 3452 1577 3518 caelitus,
1617 3467 1682 3511 ac
1723 3467 1819 3509 eos
1853 3453 2095 3524 Qui-haec

517 3551 685 3614 agunt
712 3543 986 3598 absumat.
1027 3539 1144 3599 Hoc
1176 3551 1354 3599 autem
1385 3542 1541 3610 dixit,
1571 3542 1831 3600 facinoris
1859 3546 2092 3613 gravita-

517 3644 626 3689 tem
658 3633 928 3689 indicans.

642 3772 649 3779 .
1110 3723 1344 3780 CANON
1377 3722 1487 3780 VII.

592 3839 611 3872 ι
654 3819 744 3887 De
764 3820 830 3876 iis
860 3818 956 3889 qui
986 3818 1126 3873 inter
1158 3818 1422 3874 barbaros
1454 3818 1793 3874 annumerati
1830 3825 1992 3884 sunt,
2038 3824 2094 3874 et

521 3932 540 3963 4
585 3912 823 3968 absurda
849 3910 1097 3981 quaedam
1128 3910 1184 3964 in
1211 3925 1306 3966 eos
1334 3908 1428 3979 qui
1453 3918 1582 3965 sunt
1601 3908 1685 3964 sui
1716 3909 1931 3979 generis
1954 3907 2097 3965 fece-

523 4022 541 4049 c
588 4009 739 4056 runt.
793 3999 901 4056 Eos
944 4000 1125 4071 itaque
1152 4000 1247 4071 qui
1293 4000 1432 4054 inter
1483 3997 1746 4054 barbaros
1791 4000 2094 4054 enumerati

522 4113 543 4146 ‹
586 4101 746 4159 sunt,
775 4101 976 4148 etcum
1004 4092 1084 4148 eis
1112 4092 1169 4147 in
1214 4091 1523 4162 captivitate
1552 4090 1903 4159 invaserunt,
1938 4090 2093 4146 obliti

472 4237 476 4241 .
522 4206 540 4237 ι
586 4201 647 4242 se
689 4199 812 4241 esse
848 4183 1102 4239 Ponticos
1144 4191 1200 4238 et
1240 4181 1621 4249 Christianos,
1662 4180 1869 4237 eﬂerati
1911 4191 2092 4239 autem

519 4298 541 4332 ι
584 4278 911 4348 barbarique
935 4276 1152 4343 redditi,
1180 4284 1240 4331 ut
1268 4283 1321 4330 et
1345 4289 1442 4330 eos
1466 4274 1561 4345 qui
1590 4272 1675 4328 sui
1701 4281 1829 4329 sunt
1854 4274 2090 4344 generis,

519 4391 540 4423 ε
586 4373 671 4427 vel
707 4371 854 4441 ligno
883 4358 965 4426 vel
990 4368 1347 4426 suﬂ‘ocatione
1375 4366 1735 4431 interﬁciant,
1761 4366 1880 4423 vias
1909 4375 2091 4424 autem

2208 1912 2225 1944 ι
2265 1895 2389 1957 τοὺς
2418 1894 2488 1946 τὰ
2512 1895 2737 1947 τοιαῦτα
2769 1895 3129 1965 πράσσοντας.
3147 1912 3165 1945 ›

2271 1986 2445 2038 ΒΑΛΣ
2504 1984 2743 2056 Ἔμαθεν
2767 1987 2794 2038 ὁ
2843 1984 2993 2053 ἅγιος
3016 1985 3091 2049 ὦς
3110 2003 3255 2050 τινες
3274 1984 3526 2059 ὁρθόδοξοι
3558 1988 3697 2058 αἰχμά-

2199 2078 2378 2141 λωτοι,
2429 2076 2526 2140 τὰς
2585 2076 2923 2149 βαρϐαρικὰς
2975 2080 3160 2149 χεῖρας
3213 2078 3566 2149 διαφυγόντες,
3593 2078 3698 2132 mtt-

2199 2185 2381 2239 χονται
2405 2168 2509 2221 ὑπό
2536 2184 2695 2222 τινων
2725 2168 2862 2220 κατὰ
2888 2168 3031 2238 βίαν,
3078 2170 3174 2223 καὶ
3226 2170 3289 2224 ού
3324 2171 3699 2243 παραχωροῦντα

2198 2260 2377 2314 οἴκαδε
2410 2258 2767 2330 ὑποστρέψαι.
2790 2260 2957 2331 Φησὶν
2986 2256 3077 2314 οὖν
3111 2261 3248 2334 πρὸς
3278 2261 3372 2326 οὓς
3400 2262 3638 2333 ἀπεστάλη
3657 2263 3699 2316 τὺ

2197 2349 2604 2421 ἐπιστολιμαίον
2637 2348 2792 2404 τοῦτο
2822 2350 3076 2422 γράμμα,
3107 2351 3179 2416 ὡς
3239 2352 3399 2406 τοῦτο
3425 2354 3509 2407 καὶ
3532 2354 3699 2407 ἄπιστον

2199 2442 2448 2514 ἐλογίσθη
2500 2442 2667 2514 αὐτῷ·
2705 2440 2864 2515 ἔργον
2911 2444 3019 2516 γάρ
3052 2446 3197 2498 ἐστιν
3250 2446 3489 2500 ἀπίστων
3519 2447 3596 2503 καὶ
3614 2447 3699 2500 ἀσε-

2199 2534 2327 2587 ϐῶν.
2361 2535 2423 2587 El
2451 2535 2508 2587 δὲ
2538 2536 2783 2604 γέγονεν,
2813 2536 3163 2607 ἀνεκδίκητον
3189 2538 3294 2590 οὐκ
3322 2537 3489 2592 ἔσται.
3536 2538 3613 2591 Διὸ
3638 2538 3699 2592 καὶ

2197 2624 2465 2693 ὀφείλουσι
2488 2624 2558 2678 τὰ
2588 2625 2714 2696 περὶ
2769 2624 2955 2679 τούτου
3010 2627 3600 2700 πολυπραγμονηθῆναι,
3639 2629 3699 2682 καὶ

2196 2716 2510 2769 ἀποστεῖλαι
2571 2718 2652 2779 είς
2678 2717 2775 2786 τὴν
2804 2716 2986 2789 χώραν
3043 2719 3140 2772 καὶ
3194 2719 3503 2793 ἐρευνῆσαι.
3531 2721 3700 2792 Nonii“

2196 2808 2305 2879 γὰρ
2332 2807 2408 2871 ὡς
2438 2807 2533 2860 καὶ
2588 2806 2848 2879 σκηπτὸς,
2898 2809 3068 2878 ἤγουν
3125 2809 3259 2881 πῦρ,
3292 2811 3359 2864 ἐκ
3404 2811 3494 2864 τοῦ
3534 2812 3701 2884 ούρανοῦ

2195 2897 2378 2962 ἔπεσε,
2404 2899 2496 2952 καὶ
2523 2895 2813 2967 κατέφλεξε
2845 2899 2970 2964 τοὺς
2999 2900 3172 2956 ταῦτα
3196 2902 3552 2974 πράσσοντας.

2266 2988 2506 3040 ΖΩΝΑΡ.
2534 2988 2709 3052 Τινὲς,
2740 2990 2926 3060 φησὶν,
2956 2991 3030 3055 ὡς
3064 2992 3365 3064 ἐμάθομεν,
3398 2994 3702 3067 αίχμαλὼνως

2193 3079 2550 3148 διαφυγόντας
2576 3081 2703 3144 τοὺς
2728 3081 3039 3153 πολεμίους,
3073 3083 3165 3157 βίᾳ
3191 3086 3512 3156 κατέχουσιν
3528 3103 3540 3116 ”
3565 3088 3701 3148 οἵτινες

2195 3171 2413 3235 πάντως
2442 3171 2657 3226 ἄπιστοί
2683 3174 2788 3226 εἰσι
2819 3175 2913 3228 καὶ
2946 3175 3183 3241 ἀσεϐεῖς,
3220 3179 3317 3231 καὶ
3345 3178 3465 3231 ούδέ
3494 3178 3606 3231 Θεοῦ
3623 3176 3702 3229 ἐπί·

2193 3280 2391 3332 γνωσιν
2417 3263 2646 3335 ἔχουσιν.
2691 3265 2938 3320 ’Δπαιτεῖ
2965 3262 3058 3321 οὖν
3087 3270 3114 3322 ὁ
3143 3269 3298 3337 ἅγιος
3334 3271 3457 3334 τοὺς
3498 3270 3612 3343 πρὸς
3641 3266 3701 3331 οὓς

2194 3357 2427 3428 γράφει,
2471 3357 2787 3412 ἀποστεῖλαι
2834 3360 2914 3424 είς
2958 3359 3054 3430 τὴν
3114 3359 3301 3433 χώραν
3348 3363 3443 3415 καὶ
3480 3360 3702 3433 ἐρευνῆσαι

2194 3450 2324 3521 περὶ
2348 3449 2441 3503 τοῦ
2474 3450 2813 3521 πράγματος,
2842 3452 2929 3508 ἵνα
2962 3452 3037 3524 μὴ
3060 3453 3192 3525 πῦρ,
3224 3454 3416 3526 φησὶν,
3453 3453 3509 3519 ἐξ
3533 3451 3701 3526 nuptm}

2194 3542 2336 3612 πέσῃ
2363 3542 2459 3594 καὶ
2479 3541 2789 3617 καταφλέξῃ
2821 3544 2944 3608 τοὺς
2982 3544 3150 3599 ταῦτα
3190 3545 3547 3619 πράσσοντας.
3586 3545 3702 3599 Τοῦτο

2192 3632 2248 3686 δὲ
2280 3629 2422 3697 εἷπε,
2452 3632 2548 3705 τὴν
2575 3634 2803 3690 ἀτοπίαν
2830 3635 3086 3691 δεικνύων
3119 3637 3218 3708 τῆς
3243 3639 3512 3711 πράξεως.

2811 3730 3050 3784 ΚΑΝΩΝ
3081 3733 3153 3787 Z'.
3186 3776 3189 3779 ,

2271 3836 2291 3870 ι
2329 3819 2464 3890 Περὶ
2492 3820 2601 3873 τῶν
2626 3822 3131 3894 ἐγκαταλεχθέντων
3162 3826 3279 3890 τοῖς
3304 3825 3610 3899 βαρϐάροις,
3641 3825 3702 3877 ui

2199 3926 2217 3958 ι
2258 3909 2435 3962 ἄτοπά
2455 3926 2576 3963 τινα
2600 3909 2741 3964 κατά
2755 3911 2863 3964 τῶν
2878 3912 3163 3983 ὁμοφύλων
3194 3914 3588 3987 τολμησάντων.
3606 3915 3703 3975 Τοὺς

2200 4020 2219 4052 ι
2262 4002 2360 4072 μὲν
2387 3996 2479 4055 οὖν
2510 4001 3007 4073 ἐγκαταλεχθέντας
3032 4007 3145 4069 τοῖς
3193 4004 3490 4079 βαρϐάροις
3519 4007 3599 4060 καὶ
3623 4004 3701 4076 μετ’

2199 4111 2219 4144 t
2252 4093 2432 4147 αὐτῶν
2461 4096 2519 4147 ἐν
2555 4094 2901 4167 αἰχμαλωσίᾳ
2932 4096 3290 4163 ἐπελθόντας,
3322 4099 3700 4170 ἐπιλαθομένους.

2199 4202 2218 4234 ι
2258 4184 2340 4237 ὅτι
2364 4179 2504 4256 ἦσαν
2537 4184 2787 4239 Ποντικοὶ
2822 4186 2913 4239 καὶ⁹
2945 4187 3285 4258 Χριστιανοὶ,
3318 4185 3702 4260 ἐκϐαρϐαρωθὲν

2198 4295 2217 4328 ι
2251 4294 2350 4341 τας
2381 4276 2438 4330 δὲ
2463 4275 2538 4339 ὡς
2563 4275 2657 4330 καὶ
2691 4276 2940 4345 φονεύειν
2968 4277 3093 4341 τοὺς
3132 4278 3439 4350 ὁμοφύλους
3477 4279 3508 4350 ἢ
3551 4274 3699 4346 ξύλφῆ

2198 4386 2217 4419 ι
2252 4366 2476 4441 ἀγχόνῃ,
2511 4367 2890 4423 ὑποδεικνύναι
2910 4368 2968 4422 δὲ
3000 4370 3034 4439 ἢ
3062 4369 3262 4442 ὁδοὺςῆ
3302 4371 3478 4435 οἰκίας
3510 4366 3702 4439 ἀγνοοῦσι

520 4487 540 4518 ‹
586 4466 670 4519 vel
698 4466 891 4520 domos
914 4463 1280 4520 nescientibus
1301 4461 1548 4517 barbaris
1571 4459 1891 4525 ostendant;
1923 4460 2090 4515 etiam

2199 4476 2217 4509 ι
2255 4459 2367 4522 τοῖς
2408 4456 2731 4529 βαρϐάροις·
2763 4459 2857 4512 καὶ
2886 4459 2982 4528 τῆς
3020 4459 3339 4531 ἀκροάσεως
3376 4460 3609 4532 ἀπεῖρξαι
3634 4458 3701 4522 δεῖ,

521 4577 540 4610 ι
584 4558 655 4612 ab
686 4554 966 4611 auditione
1004 4568 1192 4609 arcere
1236 4561 1480 4623 oportet,
1526 4550 1698 4607 donec
1743 4551 1811 4606 de
1846 4551 1913 4616 iis
1954 4564 2087 4608 con-

519 4667 538 4700 ι
586 4646 821 4718 gregatis
847 4644 1052 4701 sanctis
1078 4643 1283 4713 aliquid
1309 4641 1672 4698 communiter
1700 4641 1875 4697 visum
1898 4639 2083 4707 fuerit,

519 4758 538 4791 ι
585 4727 639 4793 et
663 4747 788 4792 ante
816 4752 913 4793 eos
944 4745 1132 4792 sancto
1163 4734 1407 4805 Spiritui.
1449 4753 1469 4785 ο

594 4829 755 4892 ﬂans.
795 4826 905 4882 Eos
963 4827 1180 4898 quidem
1228 4825 1324 4896 qui
1365 4832 1652 4896 postquam
1702 4824 1899 4897 captivi
1954 4823 2086 4879 facti

513 4929 678 4988 sunt,
725 4919 971 4975 barbaris
1014 4924 1451 4982 consenserunt,
1498 4925 1552 4971 et
1611 4932 1736 4972 cum
1793 4917 1875 4973 eis
1916 4916 2082 4972 veluti

514 5000 733 5069 barbari
765 5008 940 5066 effecti
973 5018 1132 5077 sunt,
1170 5018 1224 5064 et
1264 5009 1347 5065 sui
1373 5008 1586 5079 generis
1623 5006 1966 5064 Christianos
2000 5007 2086 5061 in-

512 5105 844 5161 terfecerunt
865 5141 881 5168 ,
915 5104 1001 5158 vel
1037 5104 1154 5159 vias
1191 5103 1437 5158 barbaris
1481 5103 1695 5172 ignotas
1725 5110 1780 5156 et
1810 5101 1878 5157 ad
1925 5099 2087 5156 Chri-

512 5198 721 5251 stianos
764 5196 1027 5251 ducentes
1071 5194 1443 5257 ostenderunt,
1466 5192 1551 5248 vel
1591 5206 1780 5246 eorum
1815 5192 1957 5247 aedes
1986 5190 2085 5246 lio-

512 5290 688 5345 stibus
712 5285 1029 5344 manifestas
1058 5286 1320 5350 fecerunt,
1350 5300 1419 5340 ne
1438 5284 1507 5339 ad
1534 5285 1839 5340 divinarum
1868 5283 2082 5354 quidem

513 5382 731 5437 laudum
767 5378 1097 5436 auditionem
1130 5376 1492 5438 admittendos
1530 5390 1651 5432 esse
1682 5374 1955 5430 decernit:
1988 5375 2083 5428 sed

512 5476 859 5547 ωσι)ωηίοο
902 5483 1052 5529 extra
1113 5470 1399 5526 ecclesiam
1431 5468 1593 5525 statui
1636 5468 1691 5522 in
1729 5466 1853 5521 loco
1885 5462 2086 5520 deﬂen—

510 5534 682 5635 tium},
737 5578 861 5640 post
889 5569 1291 5625 confessionem
1322 5566 1528 5623 scilicet
1556 5565 1637 5620 vel
1679 5562 2085 5619 condemnatio-

510 5672 633 5714 nem
657 5701 675 5727 ,
725 5663 901 5717 donec
940 5661 1116 5717 sancti
1158 5658 1323 5714 simul
1365 5655 1677 5727 congregati
1725 5653 1794 5710 de
1828 5652 1898 5709 iis
1935 5664 2084 5707 com-

508 5754 750 5810 muniter
772 5754 1079 5813 statuerint.
1114 5749 1347 5811 Sanctos
1375 5758 1562 5808 autem
1586 5747 1872 5819 episc0pos
1903 5743 2082 5815 appel-

2193 4565 2211 4597 σ
2254 4546 2445 4619 μέχρις
2468 4547 2533 4601 ἂν
2565 4550 2715 4619 κοινῇ
2733 4548 2862 4619 περὶ
2877 4547 3057 4602 αὐτῶν
3081 4565 3132 4602 τι
3161 4547 3287 4621 δόξῃ
3321 4547 3609 4603 συνελθοῦσι
3627 4547 3701 4605 τοῖς

2191 4658 2209 4689 ι
2246 4638 2442 4707 ἁγίοις,
2477 4639 2570 4693 καὶ
2594 4640 2701 4711 πρὸ
2730 4639 2908 4694 αὐτῶν
2938 4640 3016 4711 τῷ
3039 4641 3176 4712 ἀγίῳ
3207 4642 3503 4714 Πνεύματι.
3540 4662 3559 4694 ι

2256 4823 2447 4876 ΒΑΛΣ.
2485 4823 2622 4887 Τοὺς
2651 4821 2833 4891 μέντοι
2866 4823 3007 4893 μετά
3031 4822 3092 4876 τὺ
3112 4823 3594 4896 αίχμαλωτισθῆναι
3625 4820 3700 4882 τοῖς

2189 4915 2481 4987 βαρϐάροις
2500 4916 3005 4987 ὁμοφρονήσαντας,
3030 4917 3122 4969 καὶ
3156 4918 3273 4987 μετ’
3293 4916 3473 4971 αὐτῶν
3497 4910 3593 4969 οἷον
3615 4912 3701 4982 βαρ

2187 5006 2550 5077 ϐαρωθέντας,
2580 5007 2674 5061 καὶ
2704 5008 2831 5070 τοὺς
2864 5006 3167 5078 ὁμοφύλους
3186 5008 3539 5079 Χριστιανοὺς
3560 5001 3701 5075 cavati-

2188 5115 2407 5162 σαντας,
2439 5099 2474 5170 ἢ
2527 5098 2681 5162 ὁδοὺς
2720 5098 3085 5169 ἀγνοουμένας
3121 5102 3235 5162 τοῖς
3285 5097 3568 5172 βαρϐάροις
3586 5137 3599 5162 .
3635 5090 3697 5146 ιαδ

2185 5188 2501 5258 ἀπαγούσας
2533 5192 2613 5253 εις
2652 5188 3009 5260 Χριστιανοὺς
3052 5187 3466 5255 ύποδείξαντας,
3506 5187 3538 5259 ἢ
3570 5183 3699 5242 οἰκίας

2185 5281 2385 5334 τούτων
2411 5282 2742 5353 καταδήλους
2766 5286 2879 5346 τοῖς
2904 5280 3180 5352 πολεμίοις
3224 5282 3571 5352 ποιήσαντας,
3600 5270 3699 5345 μηᾶ

2185 5373 2263 5434 είς
2295 5372 2555 5443 ἀκρόασιν
2583 5372 2689 5427 τῶν
2705 5372 2865 5425 θείων
2891 5371 3204 5441 δοξολογιῶν
3230 5364 3697 5444 παραδεχθῆναιδιο·

2188 5463 2419 5537 ρίζεται·
2457 5464 2590 5517 ἀλλὰ
2650 5465 2754 5531 ἔξω
2791 5464 3070 5528 παντελῶς
3127 5464 3227 5534 τῆς
3266 5460 3549 5531 ἐκκλησίας
3587 5458 3693 5510 ἱστα-

2188 5552 2310 5608 σθαι
2355 5556 2553 5619 αὐτοὺς
2599 5558 2657 5609 ἐν
2696 5557 2844 5627 τόπῳ
2883 5556 3314 5629 προσκλαιόντων
3360 5553 3563 5615 πάντως
3596 5542 3696 5618 μετά

2185 5650 2282 5720 τὴν
2310 5647 2697 5721 ἐξομολόγησιν
2725 5651 2758 5721 ἢ
2784 5649 2881 5719 τὴν
2907 5650 3226 5721 καταδίκην,
3259 5648 3361 5711 ἕως
3388 5647 3452 5701 ἂν
3469 5640 3695 5709 σκοπήσω·

2189 5758 2270 5795 σιν
2288 5743 2337 5795 ol.
2370 5742 2514 5812 ἀγιοι
2547 5743 2673 5813 περὶ
2702 5740 2881 5796 αὐτῶν
2925 5744 3077 5813 κοινῇ
3125 5740 3477 5813 συνελθόντες.
3534 5733 3693 5804 ’Δτξως
