3950 6326
212 332 344 390 ιοιι

1471 335 1807 394 EPISTOLA
1847 335 2215 394 CANONICA.

3322 332 3459 388 105'!

205 452 264 507 δέ
282 452 413 517 τοὺς
439 452 766 518 ἐπισκόπους
785 452 955 509 καλεῖ.
979 454 1144 517 Τδδέ,
1171 454 1285 525 πρὸ
1309 454 1505 510 αὐτῶν
1526 455 1605 522 τῷ
1633 457 1779 526 ἀγίφ

1901 464 1976 511 at.
2024 455 2160 511 Illud
2210 459 2407 516 autem,
2440 463 2563 509 ante
2617 454 2759 523 ipso:
2804 461 2987 506 sancto
3040 447 3290 520 Spiritui.
3328 450 3461 505 sub-

204 541 528 611 Πνεύρατι,
554 543 825 614 ἐπήγαγε,
842 542 1072 608 δεικνὺς,
1092 546 1172 599 ὅτι
1200 547 1297 599 ὅσα
1315 546 1373 600 ἐν
1396 549 1549 618 κοινῇ
1565 547 1781 601 διασκέ-

203 631 297 701 tiret
338 632 745 705 οἰκονομοῦνται
793 633 943 705 παρὰ
988 635 1098 690 τῶν
1148 637 1477 705 ἐπισκόπων,
1525 636 1589 692 τὸ
1632 638 1784 707 ἅγιον

203 722 432 795 Πνεῦμα
459 724 777 796 ὑποτίθησιν
804 728 962 782 αύτά.
992 728 1103 781 Καὶ
1124 731 1154 782 ὁ
1201 728 1298 800 μὲν
1337 730 1785 802 ἐκκλησιαστικὸς

202 816 373 889 νόμος
394 817 538 872 οὕτω
561 818 782 885 τούτους
824 820 1072 887 κολάζει·
1103 826 1132 877 ὁ
1170 823 1228 877 δὲ
1257 823 1530 889 πολιτικὸς
1553 825 1631 896 τῷ
1656 827 1785 900 περὶ

201 905 590 973 καθοσιώσεως
602 908 907 982 ἐγκλήματι
933 910 1329 967 καθυποϐάλλει
1346 914 1473 978 τοὺς
1490 915 1780 981 τοιούτους.

197 997 345 1069 φησί
368 998 477 1070 γὰρ
506 998 701 1069 κεφάλ.
737 1006 786 1054 α’
817 1000 910 1055 τοῦ
962 1001 1050 1067 λς’
1092 1002 1275 1057 τίτλου
1318 1004 1412 1059 τοῦ
1446 1004 1486 1071 ξ’
1534 1005 1740 1077 βιϐλίου
1763 1024 1777 1038 ·

211 1089 275 1143 ’0
305 1089 573 1161 περὶτῶν
617 1090 917 1147 ἐπιϐούλων
943 1092 1110 1165 νόμος
1151 1095 1333 1166 ὅμοιός
1378 1097 1491 1150 ἐστι
1531 1097 1609 1168 τῷ
1657 1099 1784 1169 περὶ

201 1180 529 1255 ἱεροσυλίας.
555 1183 669 1238 Καὶ
694 1184 936 1257 ἐνέχεται
960 1186 1109 1258 αὑτῷ
1129 1190 1157 1241 6
1184 1188 1324 1243 κατά
1351 1190 1442 1243 τοῦ
1476 1189 1782 1262 Ῥωμαϊκοῦ

195 1272 266 1345 δή
275 1290 380 1344 μου
406 1273 830 1349 πλημμελήσας,
851 1278 947 1333 καὶ
970 1279 1275 1346 σπουδάσας
1302 1283 1442 1337 κατὰ
1467 1284 1615 1338 δόλον
1635 1284 1785 1358 παρά

199 1366 748 1439 κέλευσιν-βασιλέως
773 1369 1127 1443 ἀναιρεθῆναι
1154 1375 1280 1438 τοὺς
1318 1362 1591 1447 ὁμήρους·
1633 1377 1785 1449 ἢ-ῐνα

196 1459 421 1515 ἔνοπλοι
445 1461 720 1534 ἄνθρωποι
750 1464 808 1517 ἐν
836 1464 987 1517 πόλει
1015 1464 1155 1519 κατά
1179 1465 1279 1537 τῆς
1324 1466 1598 1533 πολιτείας
1629 1463 1782 1537 ὦσιν,

195 1551 231 1624 ἢ
264 1552 361 1608 ινα
390 1552 553 1619 τόπος
582 1554 617 1626 ἢ
653 1554 774 1627 ἰερά
798 1556 1227 1628 κατασχεθῶσιν,
1267 1560 1301 1631 ἢ
1353 1558 1651 1632 στασιώδης
1690 1562 1786 1631 γέ-

194 1659 366 1716 νηται
399 1643 637 1711 σύνοδος,
665 1647 700 1717 ἢ
732 1646 820 1700 ἵνα
851 1647 1080 1720 φονευθῇ
1122 1650 1150 1701 ὁ
1189 1649 1403 1721 ἄρχων
1447 1652 1540 1705 καὶ
1577 1652 1607 1704 ό
1650 1652 1785 1724 πρὸς

193 1738 335 1802 τοὺς
365 1737 656 1810 πολεμίους
682 1738 966 1811 γράμμαῆ
989 1739 1217 1809 ἄγγελον
1244 1741 1465 1813 πέμψας
1492 1744 1526 1815 ἦ
1562 1746 1785 1817 σημεῖον

192 1829 398 1893 αὐτοῖς
427 1804 752 1902 δεδωκὼς,γῆ
781 1804 966 1897 άλλως.
991 1804 1264 1905 sederim;
1290 1804 1494 1898 αὐτοῖς,
1514 1804 1786 1890 ’καίύπο-
1819 1804 1858 1858 Β

193 1919 467 1985 νοθεύσας
510 1919 845 1993 στρατιώτας
891 1923 1028 1995 πρὸς
1070 1924 1256 1979 στάσιν
1294 1926 1327 1997 ἢ
1391 1925 1616 1999 θόρυϐον
1647 1929 1788 1983 κατά

192 2009 304 2080 τῆς
337 2009 629 2075 πολιτείας.
667 2010 778 2065 Καὶ
804 2011 999 2081 κεφάλ.
1034 2020 1104 2081 γ’,
1149 2013 1244 2068 τοῦ
1277 2014 1441 2069 αὑτοῦ
1484 2017 1661 2071 τίτλου
1695 2020 1789 2072 καὶ

194 2100 418 2173 βιϐλίου
436 2118 449 2131 ο
491 2101 548 2156 '0
574 2102 700 2167 τοὺς
727 2103 1017 2176 πολεμίους
1038 2106 1309 2177 ἐρεθίσας,
1333 2107 1366 2177 ἢ
1393 2109 1663 2180 παραδοὺς
1688 2110 1787 2165 αύ-

190 2196 319 2259 τοτς
346 2193 608 2266 πολίτην,
653 2196 732 2260 εἰς
773 2196 1013 2269 κεφαλὴν
1064 2201 1404 2269 τιμωρεῖται.
1439 2201 1551 2254 Καὶ
1593 2203 1788 2275 ἐφεξῆς

191 2286 513 2357 διαλέγεται
546 2288 607 2341 τὸ
641 2289 932 2358 κεφάλαιον
977 2291 1106 2363 περὶ
1150 2291 1326 2346 ἀλλων
1360 2295 1520 2349 τινῶν
1568 2297 1785 2368 ὁμοίων.

195 2376 322 2431 Καὶ
344 2374 518 2431 ταῦτα
546 2378 645 2450 μέν
674 2379 803 2451 περὶ
830 2379 936 2433 τῶν
971 2380 1509 2451 αἰχμαλωτισθέντων
1537 2384 1631 2437 καὶ
1658 2388 1789 2456 ὁμο-

194 2468 575 2539 φωνησάντων
605 2472 715 2535 τοῖς
750 2469 1051 2541 πολεμίοις,
1081 2472 1176 2526 καὶ
1204 2474 1335 2544 περὶ
1364 2474 1473 2527 τῶν
1499 2476 1571 2547 μὴ
1598 2478 1793 2549 αἰχμα-

191 2560 600 2627 λωτισθέντων,
633 2561 784 2633 ὅμως
819 2563 999 2633 μέντοι
1027 2565 1137 2627 τοῖς
1171 2564 1446 2635 πολεμίοις
1473 2567 1792 2639 ὁμογνωμο-

194 2652 491 2723 νησάντων
514 2694 529 2719 ,
571 2653 666 2709 καὶ
714 2653 1097 2726 φρονησάντων
1140 2656 1281 2710 κατά
1327 2657 1425 2727 τῆς
1479 2658 1792 2731 Ῥωμαῖκῆς

197 2745 481 2812 ἐξουσίας.
515 2749 575 2801 Ui
615 2748 672 2801 δὲ
702 2751 813 2812 τοῖς
843 2748 982 2802 κατὰ
1022 2747 1213 2820 χέρσον
1256 2749 1349 2803 καὶ
1392 2749 1657 2805 θάλατταν
1699 2752 1794 2825 λῃ-

200 2838 462 2892 στεύουσι
487 2838 999 2911 συλλῃστεύσαντες,
1039 2839 1325 2907 πλειόνως,
1349 2843 1425 2906 ὡς
1464 2844 1587 2915 ἐμοὶ
1625 2843 1790 2910 δοκεῖ,

199 2927 662 2999 κολασθήσονται·
688 2928 771 2981 ὅτι
800 2928 894 2981 καὶ
920 2928 1118 2998 μείζων
1150 2929 1267 2982 ἐστὶ
1303 2931 1507 2983 τούτων
1539 2932 1572 3001 ἡ
1604 2929 1789 2983 κακία.

198 3021 266 3076 Οί
301 3019 407 3091 μὲν
432 3018 541 3091 γὰρ
572 3018 817 3090 πολέμιοι
859 3017 999 3073 κατὰ
1030 3019 1318 3092 πρόσωπον
1360 3022 1450 3075 καὶ
1476 3024 1654 3093 γυμνῇ
1698 3038 1792 3075 κε’

1880 546 2097 617 iunxit,
2138 545 2461 611 ostendens,
2513 543 2661 615 quod
2697 556 3037 613 quaecunque
3080 541 3135 594 in
3183 538 3460 596 communi

1883 636 2322 692 consideratione
2348 634 2417 689 ab
2440 632 2710 703 episcopis
2727 632 3113 702 dispensantur
3138 640 3198 688 et
3218 639 3462 687 statuun-

1885 736 2009 795 tur,
2043 727 2283 799 Spiritus
2328 736 2551 782 sanch
2595 740 2659 781 ea
2705 726 2961 796 suggerit.
3014 723 3080 780 Et
3122 724 3207 780 lex
3239 724 3459 795 quidem

1884 822 2256 880 ecclesiastica
2298 823 2447 892 ipsos
2488 820 2569 876 sic
2613 821 2789 889 punit.
2830 818 2943 874 Lex
2987 833 3119 874 vero
3158 817 3332 873 civilis
3366 832 3460 872 eos

1885 917 2189 988 maiestatis
2226 915 2444 971 crimini
2474 913 2714 986 subiicit.
2748 912 2891 967 Dicit
2919 911 3063 966 enim
3101 911 3334 981 primum
3366 926 3461 965 ca-

1886 1018 2003 1081 put,
2045 1010 2114 1067 36
2142 1010 2249 1075 tit.,
2283 1024 2352 1063 ιιι
2383 1006 2478 1063 lib.
2517 1027 2530 1062 :
2567 1005 2678 1062 Lex
2705 1002 3005 1075 maiestatis
3028 1002 3222 1059 similis
3250 1010 3332 1057 est
3359 1001 3466 1081 ριξςὶ

1884 1076 1953 1157 de
1977 1101 2284 1172 sacrilegio.
2313 1097 2381 1154 Et
2415 1107 2630 1154 tenetur
2653 1113 2737 1163 ea,
2762 1096 2855 1166 qui
2887 1095 3150 1151 adversus
3200 1076 3464 1165 populum
3494 1090 3495 1093 “

1886 1189 2195 1247 Romanum
2240 1189 2554 1252 commisit,
2615 1196 2668 1243 et
2707 1188 2802 1257 qui
2866 1185 2994 1242 dolo
3055 1183 3201 1240 malo
3256 1183 3467 1239 curavit

1884 1283 2096 1354 iniussu
2134 1280 2395 1353 principis
2444 1279 2660 1335 obsides
2702 1277 2977 1342 interimi;
3032 1276 3115 1331 vel
3165 1283 3226 1330 ut
3269 1276 3463 1331 armati

1885 1375 2138 1430 homines
2167 1375 2220 1427 in
2250 1374 2386 1428 urbe
2412 1373 2522 1427 sint
2544 1370 2807 1426 adversus
2839 1366 3264 1437 rempublicam,
3296 1366 3383 1421 vel
3406 1375 3468 1422 ut

1884 1468 2005 1523 loca
2040 1476 2134 1521 aut
2158 1466 2352 1535 templa
2383 1471 2738 1534 occupentur,
2771 1460 2854 1516 vel
2887 1458 3180 1516 seditiosus
3212 1457 3304 1512 iiat
3336 1466 3469 1512 coné

1886 1569 2102 1624 ventus,
2137 1558 2219 1613 vel
2262 1566 2319 1615 ut
2359 1556 2638 1613 occidatur
2669 1555 3019 1625 magistratus
3039 1593 3055 1618 ,
3086 1561 3141 1607 et
3172 1552 3239 1606 ad
3279 1550 3468 1605 hostes

1888 1653 2137 1706 nuntium
2163 1652 2244 1707 vel
2270 1651 2480 1706 litteras
2502 1649 2670 1711 misit,
2700 1647 2782 1702 vel
2812 1647 2963 1717 signa
2993 1646 3073 1702 eis
3096 1645 3262 1710 dedit,
3292 1643 3469 1699 aliove

1889 1743 2054 1798 modo
2086 1743 2165 1798 eis
2192 1742 2316 1797 tulit
2340 1741 2601 1795 auxilium
2626 1781 2641 1806 ,
2676 1749 2729 1795 et
2756 1738 2852 1809 qui
2881 1737 3191 1793 sollicitavit
3222 1736 3306 1792 vel
3336 1750 3469 1791 con-

1888 1834 2075 1891 citavit
2127 1835 2327 1890 milites
2374 1834 2441 1888 ad
2485 1832 2812 1889 seditionem
2860 1831 2946 1887 vel
3009 1832 3223 1886 turbam
3272 1838 3467 1885 contra

1890 1926 2297 1996 rempublicam.
2351 1925 2417 1979 Et
2460 1942 2579 1997 cap.
2628 1926 2662 1981 5
2704 1925 2946 1995 ejusdem
2978 1924 3058 1978 tit.
3105 1931 3157 1977 et
3192 1922 3287 1978 lib.
3316 1939 3330 1975 :
3361 1919 3467 1987 Qui

1889 2014 2076 2069 hostes
2100 2014 2440 2080 sollicitavit,
2465 2020 2529 2068 et“
2544 2014 2624 2069 eis
2658 2012 3042 2084 rempublicam
3073 2011 3329 2077 tradidit,
3370 2025 3468 2065 ca-

1889 2104 1999 2175 pite
2046 2104 2289 2175 punitur.
2345 2101 2411 2156 Et
2451 2102 2706 2172 deinceps
2754 2100 2975 2156 disserit
3016 2106 3181 2176 caput
3227 2098 3296 2153 de
3346 2097 3469 2152 aliis

1889 2192 2220 2264 quibusdam
2254 2191 2544 2248 similibus.
2594 2192 2660 2246 Et
2690 2192 2804 2246 haec
2833 2190 3050 2261 quidem
3089 2190 3157 2246 de
3192 2190 3258 2245 iis
3285 2189 3381 2260 qui
3410 2189 3469 2244 in

1889 2286 2255 2358 captivitatem
2286 2285 2503 2341 abducti
2532 2295 2680 2347 sunt.
2708 2293 2763 2340 et
2782 2284 3027 2341 hostibus
3052 2290 3467 2349 consenserunt,

1889 2379 2036 2435 etde
2085 2379 2151 2435 iis
2196 2380 2380 2434 itidem
2436 2381 2530 2450 qui
2570 2394 2678 2433 non
2720 2379 2774 2433 in
2825 2377 3191 2447 captivitatem
3247 2375 3468 2431 abducti

1891 2480 2042 2536 sunt,
2071 2488 2198 2527 cum
2232 2474 2476 2528 hostibus
2510 2481 2689 2526 tamen
2716 2479 3134 2533 consenserunt,
3175 2475 3231 2522 et
3278 2465 3471 2526 adver-

1893 2581 1989 2621 sus
2031 2565 2337 2621 Romanum
2384 2564 2672 2636 imperium
2706 2562 3107 2632 conspirarunt.
3152 2557 3257 2625 Qui
3287 2566 3469 2613 autem

1892 2671 2017 2711 cum
2061 2655 2131 2711 iis
2179 2656 2273 2726 qui
2328 2665 2528 2711 terram
2578 2668 2833 2723 mareque
2883 2651 3315 2722 depopulantur,
3362 2664 3470 2711 una

1892 2747 2182 2817 depraadati
2213 2756 2375 2813 sunt,
2404 2744 2608 2817 magis,
2642 2753 2702 2799 ut
2731 2743 2864 2799 mihi
2890 2743 3117 2809 videtur,
3144 2741 3469 2812 punientur,

1893 2840 2023 2910 quia
2065 2838 2241 2908 maior
2271 2848 2355 2893 est
2396 2852 2585 2893 eorum
2621 2837 2962 2907 improbitas.
2997 2834 3190 2891 Hostes
3226 2834 3370 2890 enim
3412 2850 3473 2888 a-

1893 2939 2046 3002 perta
2080 2930 2279 2993 fronte,
2312 2939 2365 2986 et
2394 2930 2566 2998 nudo,
2596 2939 2655 2985 ut
2689 2929 2859 2995 aiunt,
2896 2929 3069 2999 capite
3088 2926 3287 2981 bellum
3315 2934 3470 2981 com--

1894 3031 2123 3092 parant;
2154 3023 2392 3076 latrones
2419 3030 2597 3076 autem
2636 3020 2775 3076 clam
2804 3030 2857 3073 et
2891 3019 3101 3075 occulte
3134 3016 3472 3087 inopinatam

198 3112 379 3183 φαλῇ,
415 3110 477 3165 τὺ
502 3111 813 3182 λεγόμενον,
839 3110 929 3164 τὸν
958 3110 1191 3183 πόλεμον
1244 3112 1561 3166 συνιστῶσιν
1584 3130 1598 3143 ·
1645 3116 1693 3167 οἰ
1737 3115 1790 3169 δέ

1897 3116 2096 3171 caadem
2146 3114 2465 3169 moliuntur.
2524 3111 2739 3179 Quanto
2788 3126 2918 3182 ergo
2984 3109 3199 3181 pratvisi
3243 3108 3472 3180 periculi

199 3200 410 3275 λῃσταὶ
441 3200 687 3271 ἀοράτως
719 3201 813 3254 καὶ
845 3199 1065 3270 ἀφανῶς
1095 3201 1499 3274 ἀπροσδόκητον
1530 3204 1790 3275 μελετῶσι

1900 3223 2078 3280 pugna
2110 3206 2280 3261 levior
2311 3214 2397 3259 est
2425 3204 2704 3274 inopinato
2731 3203 2894 3268 malo,
2930 3208 3082 3256 tanto
3112 3199 3352 3259 hostium
3386 3200 3474 3257 in-

199 3292 394 3361 φὸνον.
426 3291 587 3346 Ὅσον
611 3287 705 3347 οὖν
728 3290 822 3345 τού
857 3291 1215 3365 προκειμένου
1244 3293 1365 3346 κατ’
1398 3292 1523 3363 bow
1547 3296 1791 3351 κινδύνου

1900 3299 2075 3355 sultus
2102 3306 2185 3352 est
2202 3295 2544 3351 tolerabilior
2572 3295 2841 3350 latronum
2875 3292 3107 3349 insidiis.

200 3387 237 3459 ἠ
294 3385 452 3459 μάχη
498 3387 802 3459 κουφοτέρα
838 3389 955 3441 ἐστὶ
990 3386 1083 3442 τοῦ
1136 3388 1544 3461 ἀπροσδοκήτου
1591 3394 1793 3460 κακοῦ,
1846 3394 2096 3450 τοσοῦτον
2125 3395 2214 3448 καὶ
2246 3393 2413 3466 ἡτῶν
2448 3392 2716 3463 πολεμίων
2760 3391 2945 3461 ἔφοδος
3001 3389 3329 3463 ἀνεκτοτέρα
3357 3388 3474 3443 ἐστὶ

199 3480 314 3551 τῆς
336 3480 446 3534 τῶν
471 3480 840 3553 λῃστευόντων
874 3480 1184 3553 ἐπιϐουλῆς.

277 3574 529 3628 ΖΩΝΔΡ.
567 3574 721 3629 Ὅσοι
757 3576 855 3647 μὲν
886 3572 1001 3640 οὖν,
1030 3579 1194 3650 φησὶν
1214 3621 1228 3643 ,
1272 3579 1797 3653 αἰχμαλωτισθέντες

202 3668 369 3731 ποτὶ,
403 3668 887 3737 συγκατετάγησαν
917 3672 1027 3733 τοῖς
1072 3669 1398 3745 βαρϐάροις,
1435 3674 1527 3725 καὶ
1558 3673 1674 3744 μετ’
1702 3676 1800 3729 αὑ..

201 3762 325 3818 τῶν
356 3760 591 3832 ἐπῆλθον
621 3760 1064 3832 βαρϐαρωθςῦιτες
1091 3763 1158 3816 τὰ
1186 3763 1279 3835 ἔθη
1302 3781 1315 3793 ·
1348 3766 1440 3818 καὶ
1467 3764 1654 3838 ὥσπερ
1683 3768 1800 3820 ἐπι-

202 3850 524 3923 λαθόμενοι,
554 3854 636 3907 ὅτι
665 3854 728 3906 ἐκ
750 3853 844 3907 τοῦ
876 3854 1081 3908 Πόντου
1113 3851 1255 3926 ἦσαν
1282 3858 1595 3929 Χριστιανοὶ
1614 3898 1630 3914 .
1667 3860 1799 3930 ὀμο-

202 3943 418 4015 φύλους
433 3944 746 4014 ἐφόνευσαν,
765 3944 797 4017 ἥ
824 3946 975 4009 ὀδοὺς
997 3946 1343 4001 ὑπεδείκνυον
1372 3951 1483 4013 τοῖς
1504 3948 1797 4023 βαρϐάροις

201 4036 587 4107 ἀγνοουμὲνας
606 4036 851 4107 αύτοῖς,ἢ
881 4039 1056 4103 οἰκίας
1080 4038 1442 4105 λανθανούσας
1460 4041 1674 4106 αὐτούς’
1709 4036 1800 4097 ού-

203 4143 293 4183 τοι
329 4128 465 4200 μηδὲ
492 4131 571 4193 εἰς
586 4130 846 4202 ἀκρόασιν
863 4131 1358 4204 παραδεχθήτωσαν
1381 4133 1789 4207 μετανοοῦντες·

204 4220 497 4274 τουτέστιν
535 4219 639 4283 ἐξω
688 4220 963 4286 παντελῶς
1010 4223 1112 4294 τῆς
1148 4224 1444 4297 ἐκκλησίας
1496 4226 1798 4298 ἐπηκέτω·

208 4329 339 4376 σαν,
375 4313 436 4366 ἐν
466 4312 618 4383 τόπῳ
646 4312 842 4383 δηλαδὴ
872 4314 1325 4385 προσκλαιόντων,
1355 4315 1460 4381 ἕως
1486 4316 1551 4372 ἂν
1587 4319 1797 4391 σκοπή-

209 4420 385 4458 σωσιν
415 4405 466 4457 οἰ
489 4402 632 4473 ἅγιοι
660 4404 785 4475 περὶ
812 4405 991 4458 αὐτῶν
1007 4408 1160 4477 κοινῇ
1185 4407 1546 4473 συνελθόντες.
1582 4410 1794 4479 Ἀγίους

1973 3584 2176 3640 Zona.
2215 3582 2538 3654 Quicunque
2582 3582 2839 3653 quidem,
2889 3580 3007 3645 ait,
3069 3579 3367 3650 aliquando
3418 3579 3474 3632 in

1901 3678 2214 3733 servitutem
2244 3674 2464 3732 abducti
2502 3690 2561 3730 se
2591 3674 2837 3730 barbaris
2869 3671 3252 3742 adiunxerunt,
3287 3676 3341 3726 et
3365 3683 3477 3725 una

1900 3782 2026 3821 cum
2062 3766 2129 3821 iis
2173 3764 2408 3836 grassati
2456 3773 2584 3819 sunt
2631 3778 2842 3819 morum
2891 3761 3197 3817 barbariem
3245 3760 3477 3815 induen-

1901 3868 1980 3912 tes
2004 3899 2018 3924 ,
2060 3870 2124 3912 ac
2152 3856 2300 3910 velut
2332 3854 2485 3911 obliti
2525 3870 2582 3911 se
2623 3870 2692 3910 ex
2738 3852 2910 3910 Ponto
2934 3851 3278 3908 Christianos
3317 3864 3473 3918 esse,

1899 3965 1995 4005 eos
2032 3949 2124 4019 qui
2152 3947 2397 4018 eiusdem
2428 3954 2556 4002 sunt
2588 3945 2803 4016 generis
2831 3941 3148 3999 interfecere
3167 3983 3183 4008 ,
3232 3942 3319 3999 vel
3350 3942 3476 3997 har-

1899 4040 2049 4096 haris
2083 4041 2294 4111 ignotas
2338 4047 2711 4093 monstravere
2753 4037 2888 4102 vias,
2923 4035 3183 4090 domosve
3221 4032 3359 4107 ipsis
3390 4047 3479 4088 oc-

1900 4131 2110 4195 cultas;
2156 4130 2211 4185 hi
2249 4145 2317 4184 nc
2355 4128 2423 4184 ad
2454 4129 2788 4199 auditionem
2820 4125 3041 4197 quidem
3074 4123 3434 4181 admittantur
3457 4163 3475 4188 ,

1900 4222 2272 4293 paenitentiam
2316 4231 2572 4292 agentes;
2624 4221 2730 4276 hoc
2792 4227 2914 4284 est,
2972 4226 3127 4272 extra
3187 4214 3477 4271 ecclesiam

1902 4317 2128 4372 omnino
2156 4315 2492 4381 consistant,
2543 4313 2599 4367 in
2630 4313 2750 4368 loco
2773 4311 3024 4367 videlicet
3062 4307 3305 4363 ﬂentium
3325 4348 3341 4373 ,
3379 4306 3479 4360 do-

1900 4422 2002 4463 nec
2024 4409 2078 4461 in
2107 4408 2385 4462 communi
2427 4413 2696 4462 conventu
2743 4403 2915 4460 sancti
2949 4401 3017 4457 de
3061 4400 3234 4473 ipsius
3271 4396 3479 4455 delibe-

206 4496 269 4550 δὲ
302 4495 336 4567 ἦ
371 4494 499 4559 τοὺς
528 4496 856 4561 ἐπισκόπους
887 4497 1079 4565 καλεῖ,
1111 4498 1144 4569 ἢ
1182 4498 1311 4563 τοὺς
1347 4500 1571 4564 πιστοὺς
1613 4500 1790 4566 άπλῶς

1902 4508 2041 4554 rent.
2093 4498 2326 4555 Sanctus
2359 4514 2523 4569 porro
2551 4508 2644 4553 aut
2676 4498 2963 4569 episcopos
2995 4502 3188 4557 vocat,
3220 4499 3314 4547 aut
3345 4490 3481 4547 sim-

209 4589 361 4646 κατά
393 4589 483 4643 τὸν
517 4589 687 4661 μέγαν
721 4590 1018 4645 ἀπόστολον
1048 4590 1280 4648 Παῦλον.
1320 4591 1393 4644 Τὸ
1419 4592 1496 4658 δέ,
1529 4592 1643 4660 πρὸ
1691 4595 1794 4648 αύ-

209 4683 336 4740 τῶν
356 4680 437 4749 τῷ
467 4683 612 4753 ἁγίῳ
638 4685 975 4754 Πνεύματι,.
1007 4686 1277 4758 ἐπήγαγε,
1312 4686 1525 4751 δεικνὺς
1543 4726 1558 4750 ,
1586 4688 1668 4741 ὅτι
1696 4688 1797 4742 ὅσα

212 4777 275 4829 ἐν
307 4778 464 4849 κοινῇ
502 4776 783 4848 διασκέψει
821 4777 1227 4849 οἰκονομοῦνται
1276 4778 1427 4850 παρὰ
1462 4779 1793 4843 ἐπισκόπων,

209 4870 249 4940 ἢ
286 4871 383 4924 καὶ
412 4869 596 4933 ἀπλῶς
621 4870 730 4924 τῶν
753 4870 980 4933 πιστῶν,
1013 4870 1075 4923 τὸ
1095 4869 1246 4941 ἅγιον
1276 4870 1502 4941 Πνεῦμα
1545 4871 1797 4942 ὑποτίθη-

213 4978 304 5017 σιν
332 4962 478 5018 αὐτὰ
507 4965 618 5028 τοῖς
648 4964 774 5035 περὶ
806 4963 983 5018 αὐτῶν
1014 4962 1513 5034 διασκεπτομένοις.

837 5147 1077 5203 ΚΛΝΩΝ
1110 5149 1192 5201 Π’.

292 5257 316 5293 α
356 5239 498 5312 Περί
525 5238 632 5293 τῶν
661 5239 828 5303 οίκοις
865 5239 1163 5311 ἀλλοτρίοις
1207 5239 1452 5295 ἐπελθεῖν
1496 5240 1797 5312 τολμησάν-

217 5352 239 5385 ι
277 5350 392 5387 των
429 5334 487 5386 ἐν
518 5334 582 5403 τῇ
611 5332 718 5386 τῶν
750 5332 1038 5405 βαρϐάρων
1058 5332 1344 5405 ἐπιδρομῇ.
1374 5334 1514 5398 Τοὺς
1544 5333 1600 5386 δὲ
1632 5333 1799 5396 οἴκοις

218 5444 243 5480 ι
282 5424 585 5498 ἀλλοτρίοις
616 5425 859 5479 ἐπελθεῖν
887 5424 1263 5497 τολμήσαντας
1286 5466 1300 5491 ,
1351 5426 1445 5480 ἐὰν
1490 5426 1588 5497 μὲν
1632 5443 1799 5497 κατη-

219 5537 243 5572 ι
287 5514 614 5591 γορηθέιτες
634 5499 962 5589 ⁸ἐλεγχθῶσι,
991 5517 1125 5589 μηδέ
1150 5517 1251 5589 τῆς
1278 5518 1593 5590 ἀκροάσεως
1634 5516 1799 5584 ἀξιῶ-

218 5629 244 5662 ‹
289 5626 409 5663 σαιο
440 5608 534 5663 ἐὰν
578 5608 636 5663 δὲ
660 5609 859 5672 αὐτοὺς
892 5607 1145 5674 ἐξείπωσι
1180 5608 1274 5663 καὶ
1308 5608 1576 5665 ἀποδῶσιν
1596 5648 1610 5675 ,
1642 5610 1701 5664 ἐν
1732 5610 1803 5682 τῇ

223 5722 248 5755 ς
286 5701 397 5759 τῶν
422 5703 865 5777 ὑποστρεψάντων
892 5701 1042 5770 τάξει
1073 5703 1418 5759 ὑποπίπτειν.
1459 5722 1479 5756 ι

1896 4592 2109 4664 pliciter
2170 4591 2395 4656 lideles,
2464 4591 2647 4661 magni
2707 4588 2862 4644 Pauli
2913 4587 3144 4658 apostoli
3204 4584 3474 4654 exemplo.

1898 4684 1991 4739 llla
2036 4695 2219 4739 autem
2262 4683 2461 4748 verba,
2509 4694 2632 4737 ante
2676 4682 2819 4753 ipso:
2848 4681 3075 4751 Spiritui
3099 4693 3318 4745 sancto,
3352 4678 3477 4735 ideo

1899 4774 2180 4844 adiunxit,
2225 4783 2286 4829 ut
2328 4787 2665 4843 qumcunque
2712 4773 2768 4827 in
2822 4770 3100 4827 communi
3139 4770 3367 4826 consilio
3408 4768 3478 4823 ab

1898 4870 2190 4942 episcopis,
2222 4869 2303 4924 vel
2325 4868 2485 4924 etiam
2514 4882 2544 4921 a
2573 4866 2991 4936 quibuscunque
3013 4863 3263 4921 ﬁdelibus
3285 4863 3478 4919 decer-

1902 4976 2125 5027 nuntur,
2158 4962 2418 5031 Spiritum
2443 4967 2691 5015 sanctum
2736 4972 2800 5011 ea
2822 4954 3246 5012 deliberantibus
3283 4970 3478 5025 sugge-

1902 5066 2024 5106 rere
2050 5050 2404 5106 demonstret.

2482 5135 2712 5195 CANON
2746 5135 2879 5191 VIII.

1979 5253 1999 5287 ι
2045 5234 2121 5292 De
2160 5235 2229 5290 iis
2260 5234 2354 5305 qui
2383 5233 2587 5289 alienas
2616 5232 2807 5288 domos
2829 5231 3097 5286 hostiliter
3124 5227 3329 5300 ingredi
3356 5226 3476 5281 ausi

1910 5343 1929 5376 ι
1976 5337 2106 5380 sunt
2152 5325 2207 5378 in
2256 5323 2614 5379 barbarorum
2648 5322 2978 5376 incursione.
3022 5318 3131 5376 Eos
3175 5327 3352 5372 autem
3383 5315 3479 5385 qui

1911 5437 1929 5469 ι
1976 5417 2184 5472 alienas
2217 5414 2410 5471 domos
2450 5413 2706 5467 invadere
2735 5411 2854 5467 ausi
2884 5410 3121 5475 fuerint,
3161 5407 3215 5462 si‘
3238 5405 3478 5461 accusati

1910 5528 1928 5560 ι
1976 5506 2471 5578 quidemconvicti
2522 5504 2762 5571 fuerint,
2828 5518 2928 5559 nec
2968 5500 3245 5557 auditione
3283 5498 3479 5570 dignos

1908 5621 1929 5654 ι
1975 5601 2305 5656 existimare.
2335 5597 2429 5654 Sin
2458 5607 2639 5654 autem
2677 5596 2967 5652 iudicarint
2996 5608 3055 5649 se
3087 5593 3235 5663 ipsos
3266 5605 3331 5647 ae
3358 5591 3480 5646 red-

1909 5714 1927 5748 ι
1974 5694 2249 5758 diderint,
2319 5693 2372 5748 in
2420 5708 2607 5749 eorum
2656 5692 2747 5763 qui
2797 5697 3183 5745 convertuntur
3234 5683 3480 5742 ordinem

1913 5809 1931 5843 ι
1978 5789 2269 5848 substerni.
2300 5808 2320 5841 ι
